  <div class='ocr_page' id='page_1' title='image "/cluster/home/n/w/nwhite01/storage/ocr_20150623/76/njp.32101007590019/180.png"; bbox 0 0 1886 3056; ppageno 0'>
   <div class='ocr_carea' id='block_1_1' title="bbox 82 140 133 169">
    <p class='ocr_par' dir='ltr' id='par_1_1' title="bbox 82 140 133 169">
     <span class='ocr_line' id='line_1_1' title="bbox 82 140 133 169; baseline -0.02 0"><span class='ocrx_word' id='word_1_1' title='bbox 82 140 133 169; x_wconf 68' lang='grc'><strong>325</strong></span> 
     </span>
    </p>
   </div>
   <div class='ocr_carea' id='block_1_2' title="bbox 389 122 1419 165">
    <p class='ocr_par' dir='ltr' id='par_1_2' title="bbox 389 122 1419 165">
     <span class='ocr_line' id='line_1_2' title="bbox 389 122 1419 165; baseline -0.009 1"><span class='ocrx_word' id='word_1_2' title='bbox 389 135 657 165; x_wconf 78' lang='lat' dir='ltr'><strong>APOLUGETICL‘S</strong></span> <span class='ocrx_word' id='word_1_3' title='bbox 675 122 743 162; x_wconf 57' lang='lat' dir='ltr'><strong>PRO</strong></span> <span class='ocrx_word' id='word_1_4' title='bbox 760 132 807 161; x_wconf 77' lang='lat' dir='ltr'><strong>XII</strong></span> <span class='ocrx_word' id='word_1_5' title='bbox 828 131 1013 160; x_wconf 78' lang='lat' dir='ltr'><strong>CAPlTlBUS</strong></span> <span class='ocrx_word' id='word_1_6' title='bbox 1029 130 1170 160; x_wconf 75' lang='lat' dir='ltr'><strong>CONTRA</strong></span> <span class='ocrx_word' id='word_1_7' title='bbox 1188 129 1419 158; x_wconf 75' lang='lat' dir='ltr'><strong>OlilENTALES.</strong></span> 
     </span>
    </p>
   </div>
   <div class='ocr_carea' id='block_1_3' title="bbox 1670 132 1723 161">
    <p class='ocr_par' dir='ltr' id='par_1_3' title="bbox 1670 132 1723 161">
     <span class='ocr_line' id='line_1_3' title="bbox 1670 132 1723 161; baseline 0.019 -1"><span class='ocrx_word' id='word_1_8' title='bbox 1670 132 1723 161; x_wconf 71' lang='lat'><strong>326</strong></span> 
     </span>
    </p>
   </div>
   <div class='ocr_carea' id='block_1_4' title="bbox 81 187 878 237">
    <p class='ocr_par' dir='ltr' id='par_1_4' title="bbox 81 191 878 237">
     <span class='ocr_line' id='line_1_4' title="bbox 81 191 878 237; baseline -0.013 -10"><span class='ocrx_word' id='word_1_9' title='bbox 81 199 257 237; x_wconf 74' lang='grc' dir='ltr'>Χριστιανοὶ,</span> <span class='ocrx_word' id='word_1_10' title='bbox 274 198 300 224; x_wconf 76' lang='grc' dir='ltr'>εἰ</span> <span class='ocrx_word' id='word_1_11' title='bbox 320 198 335 224; x_wconf 85' lang='grc' dir='ltr'><strong>ὸ</strong></span> <span class='ocrx_word' id='word_1_12' title='bbox 348 197 380 224; x_wconf 72' lang='grc' dir='ltr'><strong>ἐκ</strong></span> <span class='ocrx_word' id='word_1_13' title='bbox 396 196 505 232; x_wconf 83' lang='grc' dir='ltr'>Μαρίας</span> <span class='ocrx_word' id='word_1_14' title='bbox 520 193 660 230; x_wconf 79' lang='grc' dir='ltr'>προελθὼν</span> <span class='ocrx_word' id='word_1_15' title='bbox 681 192 794 226; x_wconf 78' lang='grc' dir='ltr'>Κύριος,</span> <span class='ocrx_word' id='word_1_16' title='bbox 814 191 878 223; x_wconf 80' lang='grc' dir='ltr'>Υἱὸς</span> 
     </span>
    </p>
   </div>
   <div class='ocr_carea' id='block_1_5' title="bbox 957 187 1722 237">
    <p class='ocr_par' dir='ltr' id='par_1_5' title="bbox 957 187 1722 224">
     <span class='ocr_line' id='line_1_5' title="bbox 957 187 1722 224; baseline 0.001 -7"><span class='ocrx_word' id='word_1_17' title='bbox 957 195 1080 222; x_wconf 71' lang='grc' dir='ltr'>ιοιιιιιιιιο,</span> <span class='ocrx_word' id='word_1_18' title='bbox 1112 197 1175 216; x_wconf 90' lang='lat' dir='ltr'><strong>num</strong></span> <span class='ocrx_word' id='word_1_19' title='bbox 1205 189 1351 222; x_wconf 86' lang='lat' dir='ltr'><strong>Dominus.</strong></span> <span class='ocrx_word' id='word_1_20' title='bbox 1377 187 1550 223; x_wconf 81' lang='lat' dir='ltr'><strong>quieMaria</strong></span> <span class='ocrx_word' id='word_1_21' title='bbox 1579 191 1722 224; x_wconf 76' lang='lat' dir='ltr'><strong>processit.</strong></span> 
     </span>
    </p>
   </div>
   <div class='ocr_carea' id='block_1_6' title="bbox 84 238 878 283">
    <p class='ocr_par' dir='ltr' id='par_1_6' title="bbox 84 238 878 283">
     <span class='ocr_line' id='line_1_6' title="bbox 84 238 878 283; baseline -0.01 -11"><span class='ocrx_word' id='word_1_22' title='bbox 84 248 130 283; x_wconf 81' lang='grc' dir='ltr'>μὲν</span> <span class='ocrx_word' id='word_1_23' title='bbox 142 246 176 281; x_wconf 83' lang='grc' dir='ltr'><strong>τῇ</strong></span> <span class='ocrx_word' id='word_1_24' title='bbox 188 244 281 280; x_wconf 77' lang='grc' dir='ltr'>οὐσίᾳ,</span> <span class='ocrx_word' id='word_1_25' title='bbox 297 244 346 271; x_wconf 77' lang='grc' dir='ltr'><strong>καὶ</strong></span> <span class='ocrx_word' id='word_1_26' title='bbox 360 245 393 280; x_wconf 84' lang='grc' dir='ltr'>τῇ</span> <span class='ocrx_word' id='word_1_27' title='bbox 406 243 486 278; x_wconf 84' lang='grc' dir='ltr'>φύσει</span> <span class='ocrx_word' id='word_1_28' title='bbox 497 242 544 269; x_wconf 79' lang='grc' dir='ltr'>τοῦ</span> <span class='ocrx_word' id='word_1_29' title='bbox 555 241 622 268; x_wconf 84' lang='grc' dir='ltr'><strong>Θεοῦ</strong></span> <span class='ocrx_word' id='word_1_30' title='bbox 635 242 706 267; x_wconf 73' lang='grc' dir='ltr'>ἐστι·</span> <span class='ocrx_word' id='word_1_31' title='bbox 719 239 750 266; x_wconf 82' lang='grc' dir='ltr'>τὸ</span> <span class='ocrx_word' id='word_1_32' title='bbox 764 239 791 265; x_wconf 83' lang='grc' dir='ltr'>δὲ</span> <span class='ocrx_word' id='word_1_33' title='bbox 807 238 878 265; x_wconf 76' lang='grc' dir='ltr'>κατὰ</span> 
     </span>
    </p>
   </div>
   <div class='ocr_carea' id='block_1_7' title="bbox 83 285 877 328">
    <p class='ocr_par' dir='ltr' id='par_1_7' title="bbox 83 285 877 328">
     <span class='ocr_line' id='line_1_7' title="bbox 83 285 877 328; baseline -0.011 -9"><span class='ocrx_word' id='word_1_34' title='bbox 83 293 182 328; x_wconf 76' lang='grc' dir='ltr'>σάρκα,</span> <span class='ocrx_word' id='word_1_35' title='bbox 203 291 236 317; x_wconf 83' lang='grc' dir='ltr'><strong>ὲκ</strong></span> <span class='ocrx_word' id='word_1_36' title='bbox 264 290 428 325; x_wconf 85' lang='grc' dir='ltr'>σπέρματός</span> <span class='ocrx_word' id='word_1_37' title='bbox 450 289 507 315; x_wconf 73' lang='grc' dir='ltr'>ἐστι</span> <span class='ocrx_word' id='word_1_38' title='bbox 533 287 624 318; x_wconf 77' lang='grc' dir='ltr'>Δαυῖδ,</span> <span class='ocrx_word' id='word_1_39' title='bbox 644 285 744 321; x_wconf 75' lang='grc' dir='ltr'>σαρκὸς</span> <span class='ocrx_word' id='word_1_40' title='bbox 771 285 800 312; x_wconf 81' lang='grc' dir='ltr'>δὲ</span> <span class='ocrx_word' id='word_1_41' title='bbox 827 285 877 319; x_wconf 85' lang='grc' dir='ltr'><strong>τῆς</strong></span> 
     </span>
    </p>
   </div>
   <div class='ocr_carea' id='block_1_8' title="bbox 82 331 878 373">
    <p class='ocr_par' dir='ltr' id='par_1_8' title="bbox 82 331 878 373">
     <span class='ocr_line' id='line_1_8' title="bbox 82 331 878 373; baseline -0.01 -8"><span class='ocrx_word' id='word_1_42' title='bbox 82 340 161 373; x_wconf 81' lang='grc' dir='ltr'>ἀγὶας</span> <span class='ocrx_word' id='word_1_43' title='bbox 175 337 308 373; x_wconf 82' lang='grc' dir='ltr'>Μαρίας;</span> <span class='ocrx_word' id='word_1_44' title='bbox 325 337 404 368; x_wconf 80' lang='grc' dir='ltr'>Τίνες</span> <span class='ocrx_word' id='word_1_45' title='bbox 420 336 449 362; x_wconf 83' lang='grc' dir='ltr'>δὲ</span> <span class='ocrx_word' id='word_1_46' title='bbox 462 335 516 370; x_wconf 76' lang='grc' dir='ltr'>ἄρα</span> <span class='ocrx_word' id='word_1_47' title='bbox 531 334 601 361; x_wconf 83' lang='grc' dir='ltr'>οὕτω</span> <span class='ocrx_word' id='word_1_48' title='bbox 616 332 748 368; x_wconf 75' lang='grc' dir='ltr'>τολμηροὶ</span> <span class='ocrx_word' id='word_1_49' title='bbox 764 331 878 366; x_wconf 85' lang='grc' dir='ltr'>γεγόνα-</span> 
     </span>
    </p>
   </div>
   <div class='ocr_carea' id='block_1_9' title="bbox 83 376 878 415">
    <p class='ocr_par' dir='ltr' id='par_1_9' title="bbox 83 376 878 415">
     <span class='ocr_line' id='line_1_9' title="bbox 83 376 878 415; baseline -0.01 -5"><span class='ocrx_word' id='word_1_50' title='bbox 83 392 133 415; x_wconf 83' lang='grc' dir='ltr'>σιν,</span> <span class='ocrx_word' id='word_1_51' title='bbox 148 382 219 409; x_wconf 77' lang='grc' dir='ltr'>ὥστε</span> <span class='ocrx_word' id='word_1_52' title='bbox 235 383 324 408; x_wconf 80' lang='grc' dir='ltr'>εἰπεῖν</span> <span class='ocrx_word' id='word_1_53' title='bbox 339 381 385 408; x_wconf 77' lang='grc' dir='ltr'>τὸν</span> <span class='ocrx_word' id='word_1_54' title='bbox 401 380 518 414; x_wconf 82' lang='grc' dir='ltr'>Χριστὸν</span> <span class='ocrx_word' id='word_1_55' title='bbox 537 379 584 406; x_wconf 83' lang='grc' dir='ltr'><strong>τὸν</strong></span> <span class='ocrx_word' id='word_1_56' title='bbox 596 378 679 413; x_wconf 76' lang='grc' dir='ltr'>σαρκὶ</span> <span class='ocrx_word' id='word_1_57' title='bbox 696 377 817 404; x_wconf 86' lang='grc' dir='ltr'>παθόντα</span> <span class='ocrx_word' id='word_1_58' title='bbox 830 376 878 403; x_wconf 82' lang='grc' dir='ltr'>καὶ</span> 
     </span>
    </p>
   </div>
   <div class='ocr_carea' id='block_1_10' title="bbox 81 422 878 465">
    <p class='ocr_par' dir='ltr' id='par_1_10' title="bbox 81 422 878 465">
     <span class='ocr_line' id='line_1_10' title="bbox 81 422 878 465; baseline -0.01 -10"><span class='ocrx_word' id='word_1_59' title='bbox 81 428 293 465; x_wconf 76' lang='grc' dir='ltr'><strong>ἐσταυρωμένον</strong></span> <span class='ocrx_word' id='word_1_60' title='bbox 311 427 349 463; x_wconf 83' lang='grc' dir='ltr'>μὴ</span> <span class='ocrx_word' id='word_1_61' title='bbox 375 425 446 453; x_wconf 79' lang='grc' dir='ltr'>εἶναι</span> <span class='ocrx_word' id='word_1_62' title='bbox 470 426 586 460; x_wconf 82' lang='grc' dir='ltr'>Κύριον.</span> <span class='ocrx_word' id='word_1_63' title='bbox 608 424 655 450; x_wconf 80' lang='grc' dir='ltr'><strong>καὶ</strong></span> <span class='ocrx_word' id='word_1_64' title='bbox 679 423 810 458; x_wconf 83' lang='grc' dir='ltr'><strong>Σωτῆρα,</strong></span> <span class='ocrx_word' id='word_1_65' title='bbox 830 422 878 448; x_wconf 75' lang='grc' dir='ltr'><strong>καὶ</strong></span> 
     </span>
    </p>
   </div>
   <div class='ocr_carea' id='block_1_11' title="bbox 81 468 878 507">
    <p class='ocr_par' dir='ltr' id='par_1_11' title="bbox 81 468 878 507">
     <span class='ocr_line' id='line_1_11' title="bbox 81 468 878 507; baseline -0.009 -6"><span class='ocrx_word' id='word_1_66' title='bbox 81 475 157 507; x_wconf 81' lang='grc' dir='ltr'>Θεὸν,</span> <span class='ocrx_word' id='word_1_67' title='bbox 176 474 226 501; x_wconf 77' lang='grc' dir='ltr'><strong>καὶ</strong></span> <span class='ocrx_word' id='word_1_68' title='bbox 240 474 305 500; x_wconf 82' lang='grc' dir='ltr'>Υἱὸν</span> <span class='ocrx_word' id='word_1_69' title='bbox 323 473 371 500; x_wconf 77' lang='grc' dir='ltr'>τοῦ</span> <span class='ocrx_word' id='word_1_70' title='bbox 396 472 519 507; x_wconf 82' lang='grc' dir='ltr'>Πατρός;</span> <span class='ocrx_word' id='word_1_71' title='bbox 538 471 554 505; x_wconf 82' lang='grc' dir='ltr'>ἦ</span> <span class='ocrx_word' id='word_1_72' title='bbox 573 470 631 502; x_wconf 82' lang='grc' dir='ltr'><strong>πῶς</strong></span> <span class='ocrx_word' id='word_1_73' title='bbox 651 469 813 506; x_wconf 76' lang='grc' dir='ltr'><strong>Χριστιανοὶ</strong></span> <span class='ocrx_word' id='word_1_74' title='bbox 833 468 878 495; x_wconf 83' lang='grc' dir='ltr'><strong>θέ-</strong></span> 
     </span>
    </p>
   </div>
   <div class='ocr_carea' id='block_1_12' title="bbox 81 515 875 555">
    <p class='ocr_par' dir='ltr' id='par_1_12' title="bbox 81 515 875 555">
     <span class='ocr_line' id='line_1_12' title="bbox 81 515 875 555; baseline -0.009 -7"><span class='ocrx_word' id='word_1_75' title='bbox 81 522 173 548; x_wconf 76' lang='grc' dir='ltr'>λουσιν</span> <span class='ocrx_word' id='word_1_76' title='bbox 193 519 378 555; x_wconf 77' lang='grc' dir='ltr'>ὀνομάζεσθαι</span> <span class='ocrx_word' id='word_1_77' title='bbox 393 519 418 545; x_wconf 80' lang='grc' dir='ltr'>οἱ</span> <span class='ocrx_word' id='word_1_78' title='bbox 437 518 563 552; x_wconf 82' lang='grc' dir='ltr'>λέγοντες</span> <span class='ocrx_word' id='word_1_79' title='bbox 582 517 620 548; x_wconf 80' lang='grc' dir='ltr'><strong>εἰς</strong></span> <span class='ocrx_word' id='word_1_80' title='bbox 632 516 775 550; x_wconf 82' lang='grc' dir='ltr'>ἄνθρωπον</span> <span class='ocrx_word' id='word_1_81' title='bbox 787 515 875 549; x_wconf 80' lang='grc' dir='ltr'>ἅγιον,</span> 
     </span>
    </p>
   </div>
   <div class='ocr_carea' id='block_1_13' title="bbox 81 560 878 600">
    <p class='ocr_par' dir='ltr' id='par_1_13' title="bbox 81 560 878 600">
     <span class='ocr_line' id='line_1_13' title="bbox 81 560 878 600; baseline -0.01 -6"><span class='ocrx_word' id='word_1_82' title='bbox 81 567 117 599; x_wconf 79' lang='grc' dir='ltr'><strong>ὡς</strong></span> <span class='ocrx_word' id='word_1_83' title='bbox 130 568 177 594; x_wconf 72' lang='grc' dir='ltr'><strong>ἐπὶ</strong></span> <span class='ocrx_word' id='word_1_84' title='bbox 193 567 244 594; x_wconf 74' lang='grc' dir='ltr'>ἕνα</span> <span class='ocrx_word' id='word_1_85' title='bbox 260 566 314 593; x_wconf 80' lang='grc' dir='ltr'><strong>τῶν</strong></span> <span class='ocrx_word' id='word_1_86' title='bbox 331 565 478 600; x_wconf 68' lang='grc' dir='ltr'>προφητῶν</span> <span class='ocrx_word' id='word_1_87' title='bbox 491 563 648 598; x_wconf 77' lang='grc' dir='ltr'><strong>ἐληλυθέναι</strong></span> <span class='ocrx_word' id='word_1_88' title='bbox 659 562 704 588; x_wconf 79' lang='grc' dir='ltr'>τὸν</span> <span class='ocrx_word' id='word_1_89' title='bbox 721 561 816 595; x_wconf 86' lang='grc' dir='ltr'>Λόγον,</span> <span class='ocrx_word' id='word_1_90' title='bbox 829 560 878 586; x_wconf 73' lang='grc' dir='ltr'>καὶ</span> 
     </span>
    </p>
   </div>
   <div class='ocr_carea' id='block_1_14' title="bbox 83 606 877 649">
    <p class='ocr_par' dir='ltr' id='par_1_14' title="bbox 83 606 877 649">
     <span class='ocr_line' id='line_1_14' title="bbox 83 606 877 649; baseline -0.01 -9"><span class='ocrx_word' id='word_1_91' title='bbox 83 614 119 649; x_wconf 69' lang='grc' dir='ltr'>μὴ</span> <span class='ocrx_word' id='word_1_92' title='bbox 127 613 210 640; x_wconf 61' lang='grc' dir='ltr'>αὐτὴν</span> <span class='ocrx_word' id='word_1_93' title='bbox 225 613 372 648; x_wconf 78' lang='grc' dir='ltr'>ἄνθρωπον</span> <span class='ocrx_word' id='word_1_94' title='bbox 386 611 540 645; x_wconf 83' lang='grc' dir='ltr'>γεγονέναι,</span> <span class='ocrx_word' id='word_1_95' title='bbox 553 609 670 635; x_wconf 69' lang='grc' dir='ltr'>λαϐόντα</span> <span class='ocrx_word' id='word_1_96' title='bbox 685 609 716 634; x_wconf 77' lang='grc' dir='ltr'><strong>ὲκ</strong></span> <span class='ocrx_word' id='word_1_97' title='bbox 727 606 834 642; x_wconf 78' lang='grc' dir='ltr'>Μαρίας</span> <span class='ocrx_word' id='word_1_98' title='bbox 845 606 877 632; x_wconf 85' lang='grc' dir='ltr'>τὸ</span> 
     </span>
    </p>
   </div>
   <div class='ocr_carea' id='block_1_15' title="bbox 81 651 877 694">
    <p class='ocr_par' dir='ltr' id='par_1_15' title="bbox 81 651 877 694">
     <span class='ocr_line' id='line_1_15' title="bbox 81 651 877 694; baseline -0.011 -7"><span class='ocrx_word' id='word_1_99' title='bbox 81 661 173 694; x_wconf 82' lang='grc' dir='ltr'>σῶμα,</span> <span class='ocrx_word' id='word_1_100' title='bbox 181 659 240 686; x_wconf 83' lang='grc' dir='ltr'>ἀλλ’</span> <span class='ocrx_word' id='word_1_101' title='bbox 249 659 343 693; x_wconf 74' lang='grc' dir='ltr'>ἕτερον</span> <span class='ocrx_word' id='word_1_102' title='bbox 353 656 422 684; x_wconf 79' lang='grc' dir='ltr'>εῖναι</span> <span class='ocrx_word' id='word_1_103' title='bbox 429 656 474 682; x_wconf 81' lang='grc' dir='ltr'>τὸν</span> <span class='ocrx_word' id='word_1_104' title='bbox 483 656 504 682; x_wconf 84' lang='grc' dir='ltr'>Χ</span> <span class='ocrx_word' id='word_1_105' title='bbox 510 655 611 690; x_wconf 78' lang='grc' dir='ltr'>ριστὸν,</span> <span class='ocrx_word' id='word_1_106' title='bbox 618 655 665 681; x_wconf 79' lang='grc' dir='ltr'><strong>καὶ</strong></span> <span class='ocrx_word' id='word_1_107' title='bbox 673 654 766 689; x_wconf 77' lang='grc' dir='ltr'>ἕτερον</span> <span class='ocrx_word' id='word_1_108' title='bbox 776 652 821 678; x_wconf 71' lang='grc' dir='ltr'>τὸν</span> <span class='ocrx_word' id='word_1_109' title='bbox 830 651 877 678; x_wconf 79' lang='grc' dir='ltr'><strong>τοῦ</strong></span> 
     </span>
    </p>
   </div>
   <div class='ocr_carea' id='block_1_16' title="bbox 81 699 878 740">
    <p class='ocr_par' dir='ltr' id='par_1_16' title="bbox 81 699 878 740">
     <span class='ocr_line' id='line_1_16' title="bbox 81 699 878 740; baseline -0.011 -6"><span class='ocrx_word' id='word_1_110' title='bbox 81 707 147 734; x_wconf 72' lang='grc' dir='ltr'>Θεοῦ</span> <span class='ocrx_word' id='word_1_111' title='bbox 154 707 256 740; x_wconf 79' lang='grc' dir='ltr'>Λόγον,</span> <span class='ocrx_word' id='word_1_112' title='bbox 265 706 311 731; x_wconf 78' lang='grc' dir='ltr'>τὸν</span> <span class='ocrx_word' id='word_1_113' title='bbox 322 705 375 740; x_wconf 68' lang='grc' dir='ltr'><strong>πρὸ</strong></span> <span class='ocrx_word' id='word_1_114' title='bbox 382 703 501 739; x_wconf 83' lang='grc' dir='ltr'>Μαρίας,</span> <span class='ocrx_word' id='word_1_115' title='bbox 508 703 555 729; x_wconf 78' lang='grc' dir='ltr'>καὶ</span> <span class='ocrx_word' id='word_1_116' title='bbox 563 702 616 737; x_wconf 83' lang='grc' dir='ltr'><strong>πρὸ</strong></span> <span class='ocrx_word' id='word_1_117' title='bbox 627 700 732 727; x_wconf 77' lang='grc' dir='ltr'>αἰώνων</span> <span class='ocrx_word' id='word_1_118' title='bbox 741 700 804 726; x_wconf 75' lang='grc' dir='ltr'>Υίὸν</span> <span class='ocrx_word' id='word_1_119' title='bbox 812 699 878 725; x_wconf 73' lang='grc' dir='ltr'>ὄντα</span> 
     </span>
    </p>
   </div>
   <div class='ocr_carea' id='block_1_17' title="bbox 81 746 878 788">
    <p class='ocr_par' dir='ltr' id='par_1_17' title="bbox 81 746 878 788">
     <span class='ocr_line' id='line_1_17' title="bbox 81 746 878 788; baseline -0.011 -8"><span class='ocrx_word' id='word_1_120' title='bbox 81 753 126 780; x_wconf 71' lang='grc' dir='ltr'><strong>τοῦ</strong></span> <span class='ocrx_word' id='word_1_121' title='bbox 135 753 244 788; x_wconf 82' lang='grc' dir='ltr'>Πατρός</span> <span class='ocrx_word' id='word_1_122' title='bbox 252 752 287 787; x_wconf 83' lang='grc' dir='ltr'><strong>;ἢ</strong></span> <span class='ocrx_word' id='word_1_123' title='bbox 298 751 356 782; x_wconf 85' lang='grc' dir='ltr'>πῶς</span> <span class='ocrx_word' id='word_1_124' title='bbox 363 749 433 777; x_wconf 79' lang='grc' dir='ltr'>εἶναι</span> <span class='ocrx_word' id='word_1_125' title='bbox 440 748 601 784; x_wconf 77' lang='grc' dir='ltr'>Χριστιανοὶ</span> <span class='ocrx_word' id='word_1_126' title='bbox 613 747 740 774; x_wconf 85' lang='grc' dir='ltr'>δύνανται</span> <span class='ocrx_word' id='word_1_127' title='bbox 754 747 778 773; x_wconf 82' lang='grc' dir='ltr'>οἰ</span> <span class='ocrx_word' id='word_1_128' title='bbox 787 746 878 780; x_wconf 77' lang='grc' dir='ltr'>λέγον-</span> 
     </span>
    </p>
   </div>
   <div class='ocr_carea' id='block_1_18' title="bbox 81 791 875 830">
    <p class='ocr_par' dir='ltr' id='par_1_18' title="bbox 81 791 875 830">
     <span class='ocr_line' id='line_1_18' title="bbox 81 791 875 830; baseline -0.01 -5"><span class='ocrx_word' id='word_1_129' title='bbox 81 807 125 830; x_wconf 83' lang='grc' dir='ltr'><strong>τες</strong></span> <span class='ocrx_word' id='word_1_130' title='bbox 133 798 215 824; x_wconf 67' lang='grc' dir='ltr'>ἄλλον</span> <span class='ocrx_word' id='word_1_131' title='bbox 223 795 294 824; x_wconf 79' lang='grc' dir='ltr'>εἶναι</span> <span class='ocrx_word' id='word_1_132' title='bbox 302 796 348 823; x_wconf 73' lang='grc' dir='ltr'>τὸν</span> <span class='ocrx_word' id='word_1_133' title='bbox 356 795 431 826; x_wconf 73' lang='grc' dir='ltr'>Υἰὸν,</span> <span class='ocrx_word' id='word_1_134' title='bbox 438 795 485 821; x_wconf 77' lang='grc' dir='ltr'><strong>καὶ</strong></span> <span class='ocrx_word' id='word_1_135' title='bbox 495 793 575 821; x_wconf 77' lang='grc' dir='ltr'>ἄλλον</span> <span class='ocrx_word' id='word_1_136' title='bbox 585 793 630 819; x_wconf 81' lang='grc' dir='ltr'>τὸν</span> <span class='ocrx_word' id='word_1_137' title='bbox 639 792 686 819; x_wconf 82' lang='grc' dir='ltr'>τοῦ</span> <span class='ocrx_word' id='word_1_138' title='bbox 697 791 764 818; x_wconf 83' lang='grc' dir='ltr'><strong>Θεοῦ</strong></span> <span class='ocrx_word' id='word_1_139' title='bbox 771 791 858 826; x_wconf 88' lang='grc' dir='ltr'>Λόγον</span> <span class='ocrx_word' id='word_1_140' title='bbox 868 800 875 824; x_wconf 87' lang='lat'><strong>;</strong></span> 
     </span>
    </p>
   </div>
   <div class='ocr_carea' id='block_1_19' title="bbox 115 837 877 878">
    <p class='ocr_par' dir='ltr' id='par_1_19' title="bbox 115 837 877 878">
     <span class='ocr_line' id='line_1_19' title="bbox 115 837 877 878; baseline -0.012 -7"><span class='ocrx_word' id='word_1_141' title='bbox 115 844 239 875; x_wconf 80' lang='grc' dir='ltr'>Ταύταις</span> <span class='ocrx_word' id='word_1_142' title='bbox 255 844 338 878; x_wconf 80' lang='grc' dir='ltr'><strong>ἡμεῖς</strong></span> <span class='ocrx_word' id='word_1_143' title='bbox 351 843 411 873; x_wconf 88' lang='grc' dir='ltr'>ταῖς</span> <span class='ocrx_word' id='word_1_144' title='bbox 423 841 477 867; x_wconf 82' lang='grc' dir='ltr'><strong>τῶν</strong></span> <span class='ocrx_word' id='word_1_145' title='bbox 498 839 584 874; x_wconf 82' lang='grc' dir='ltr'><strong>ἁγίων</strong></span> <span class='ocrx_word' id='word_1_146' title='bbox 606 838 737 873; x_wconf 78' lang='grc' dir='ltr'>Πατέρων</span> <span class='ocrx_word' id='word_1_147' title='bbox 754 837 877 872; x_wconf 76' lang='grc' dir='ltr'>ἑψόμεθα</span> 
     </span>
    </p>
   </div>
   <div class='ocr_carea' id='block_1_20' title="bbox 81 883 877 923">
    <p class='ocr_par' dir='ltr' id='par_1_20' title="bbox 81 883 877 923">
     <span class='ocr_line' id='line_1_20' title="bbox 81 883 877 923; baseline -0.01 -7"><span class='ocrx_word' id='word_1_148' title='bbox 81 889 180 923; x_wconf 81' lang='grc' dir='ltr'>δόξαις.</span> <span class='ocrx_word' id='word_1_149' title='bbox 200 889 232 915; x_wconf 81' lang='grc' dir='ltr'><strong>Εἰ</strong></span> <span class='ocrx_word' id='word_1_150' title='bbox 255 889 284 915; x_wconf 77' lang='grc' dir='ltr'><em>δέ</em></span> <span class='ocrx_word' id='word_1_151' title='bbox 306 896 349 919; x_wconf 85' lang='grc' dir='ltr'><strong>τις</strong></span> <span class='ocrx_word' id='word_1_152' title='bbox 373 885 627 921; x_wconf 77' lang='grc' dir='ltr'>ἑτεροδιδασκαλεῖ,</span> <span class='ocrx_word' id='word_1_153' title='bbox 646 884 694 910; x_wconf 71' lang='grc' dir='ltr'>καὶ</span> <span class='ocrx_word' id='word_1_154' title='bbox 721 883 877 920; x_wconf 75' lang='grc' dir='ltr'>ἑτερόφρων</span> 
     </span>
    </p>
   </div>
   <div class='ocr_carea' id='block_1_21' title="bbox 82 929 879 969">
    <p class='ocr_par' dir='ltr' id='par_1_21' title="bbox 82 929 879 969">
     <span class='ocr_line' id='line_1_21' title="bbox 82 929 879 969; baseline -0.009 -7"><span class='ocrx_word' id='word_1_155' title='bbox 82 936 166 967; x_wconf 75' lang='grc' dir='ltr'>ἐστὶν,</span> <span class='ocrx_word' id='word_1_156' title='bbox 187 935 242 967; x_wconf 76' lang='grc' dir='ltr'><strong>ἔξω</strong></span> <span class='ocrx_word' id='word_1_157' title='bbox 255 935 306 969; x_wconf 87' lang='grc' dir='ltr'><strong>τῆς</strong></span> <span class='ocrx_word' id='word_1_158' title='bbox 323 935 364 966; x_wconf 81' lang='grc' dir='ltr'>εἱς</span> <span class='ocrx_word' id='word_1_159' title='bbox 383 933 458 964; x_wconf 78' lang='grc' dir='ltr'>εὐθὺ.</span> <span class='ocrx_word' id='word_1_160' title='bbox 477 932 525 959; x_wconf 76' lang='grc' dir='ltr'><strong>καὶ</strong></span> <span class='ocrx_word' id='word_1_161' title='bbox 543 930 686 967; x_wconf 76' lang='grc' dir='ltr'>βασιλικῆς</span> <span class='ocrx_word' id='word_1_162' title='bbox 698 929 811 965; x_wconf 80' lang='grc' dir='ltr'>φέρεται</span> <span class='ocrx_word' id='word_1_163' title='bbox 823 929 879 964; x_wconf 86' lang='grc' dir='ltr'>τρί-</span> 
     </span>
    </p>
   </div>
   <div class='ocr_carea' id='block_1_22' title="bbox 83 974 878 1014">
    <p class='ocr_par' dir='ltr' id='par_1_22' title="bbox 83 974 878 1014">
     <span class='ocr_line' id='line_1_22' title="bbox 83 974 878 1014; baseline -0.01 -6"><span class='ocrx_word' id='word_1_164' title='bbox 83 982 139 1008; x_wconf 73' lang='grc' dir='ltr'>ϐου.</span> <span class='ocrx_word' id='word_1_165' title='bbox 155 982 220 1008; x_wconf 82' lang='grc' dir='ltr'>ὀτι</span> <span class='ocrx_word' id='word_1_166' title='bbox 240 981 270 1007; x_wconf 82' lang='grc' dir='ltr'>δὲ</span> <span class='ocrx_word' id='word_1_167' title='bbox 285 981 334 1007; x_wconf 76' lang='grc' dir='ltr'>καὶ</span> <span class='ocrx_word' id='word_1_168' title='bbox 351 980 381 1007; x_wconf 74' lang='grc' dir='ltr'>τὸ</span> <span class='ocrx_word' id='word_1_169' title='bbox 397 978 536 1014; x_wconf 82' lang='grc' dir='ltr'>σαρκικῶς</span> <span class='ocrx_word' id='word_1_170' title='bbox 558 975 686 1011; x_wconf 80' lang='grc' dir='ltr'>λέγεσθαι</span> <span class='ocrx_word' id='word_1_171' title='bbox 713 974 878 1010; x_wconf 81' lang='grc' dir='ltr'>γεννηθῆναι</span> 
     </span>
    </p>
   </div>
   <div class='ocr_carea' id='block_1_23' title="bbox 83 1020 878 1064">
    <p class='ocr_par' dir='ltr' id='par_1_23' title="bbox 83 1020 878 1064">
     <span class='ocr_line' id='line_1_23' title="bbox 83 1020 878 1064; baseline -0.013 -9"><span class='ocrx_word' id='word_1_172' title='bbox 83 1028 212 1064; x_wconf 64' lang='grc' dir='ltr'>Χριστὸν,</span> <span class='ocrx_word' id='word_1_173' title='bbox 244 1028 294 1053; x_wconf 74' lang='grc' dir='ltr'>οὐκ</span> <span class='ocrx_word' id='word_1_174' title='bbox 309 1025 444 1060; x_wconf 78' lang='grc' dir='ltr'><strong>ἀσύνηθες</strong></span> <span class='ocrx_word' id='word_1_175' title='bbox 461 1025 518 1055; x_wconf 85' lang='grc' dir='ltr'>τοῖς</span> <span class='ocrx_word' id='word_1_176' title='bbox 533 1023 621 1057; x_wconf 81' lang='grc' dir='ltr'>ἁγίοις</span> <span class='ocrx_word' id='word_1_177' title='bbox 650 1021 801 1056; x_wconf 78' lang='grc' dir='ltr'>Πατράσιν,</span> <span class='ocrx_word' id='word_1_178' title='bbox 820 1020 878 1046; x_wconf 79' lang='grc' dir='ltr'>ἐστι</span> 
     </span>
    </p>
   </div>
   <div class='ocr_carea' id='block_1_24' title="bbox 82 1066 878 1109">
    <p class='ocr_par' dir='ltr' id='par_1_24' title="bbox 82 1066 878 1109">
     <span class='ocr_line' id='line_1_24' title="bbox 82 1066 878 1109; baseline -0.01 -9"><span class='ocrx_word' id='word_1_179' title='bbox 82 1074 108 1100; x_wconf 77' lang='grc' dir='ltr'>δὲ</span> <span class='ocrx_word' id='word_1_180' title='bbox 124 1074 157 1109; x_wconf 86' lang='grc' dir='ltr'>δὴ</span> <span class='ocrx_word' id='word_1_181' title='bbox 173 1072 277 1108; x_wconf 81' lang='grc' dir='ltr'>μᾶλλον</span> <span class='ocrx_word' id='word_1_182' title='bbox 299 1072 348 1098; x_wconf 75' lang='grc' dir='ltr'><strong>καὶ</strong></span> <span class='ocrx_word' id='word_1_183' title='bbox 372 1072 477 1106; x_wconf 77' lang='grc' dir='ltr'>ἑτέροις</span> <span class='ocrx_word' id='word_1_184' title='bbox 505 1067 633 1104; x_wconf 73' lang='grc' dir='ltr'>ἐντριϐὴς</span> <span class='ocrx_word' id='word_1_185' title='bbox 656 1068 673 1102; x_wconf 87' lang='grc' dir='ltr'>ὴ</span> <span class='ocrx_word' id='word_1_186' title='bbox 692 1067 775 1100; x_wconf 81' lang='grc' dir='ltr'><strong>λέξις,</strong></span> <span class='ocrx_word' id='word_1_187' title='bbox 801 1066 878 1093; x_wconf 78' lang='grc' dir='ltr'>οὐδὲν</span> 
     </span>
    </p>
   </div>
   <div class='ocr_carea' id='block_1_25' title="bbox 81 1112 876 1155">
    <p class='ocr_par' dir='ltr' id='par_1_25' title="bbox 81 1112 876 1155">
     <span class='ocr_line' id='line_1_25' title="bbox 81 1112 876 1155; baseline -0.01 -10"><span class='ocrx_word' id='word_1_188' title='bbox 81 1117 161 1155; x_wconf 81' lang='grc' dir='ltr'>ἦττον</span> <span class='ocrx_word' id='word_1_189' title='bbox 178 1119 245 1153; x_wconf 82' lang='grc' dir='ltr'>ἡμῖν</span> <span class='ocrx_word' id='word_1_190' title='bbox 267 1116 368 1152; x_wconf 81' lang='grc' dir='ltr'>ἀληθὲς</span> <span class='ocrx_word' id='word_1_191' title='bbox 390 1116 514 1152; x_wconf 78' lang='grc' dir='ltr'>ὑπάρχον</span> <span class='ocrx_word' id='word_1_192' title='bbox 536 1112 681 1140; x_wconf 67' lang='grc' dir='ltr'>ἀποφαίνει</span> <span class='ocrx_word' id='word_1_193' title='bbox 697 1112 727 1138; x_wconf 72' lang='grc' dir='ltr'><strong>τὸ</strong></span> <span class='ocrx_word' id='word_1_194' title='bbox 745 1112 876 1138; x_wconf 77' lang='grc' dir='ltr'>ὑποτετα-</span> 
     </span>
    </p>
   </div>
   <div class='ocr_carea' id='block_1_26' title="bbox 81 1162 522 1200">
    <p class='ocr_par' dir='ltr' id='par_1_26' title="bbox 81 1162 522 1200">
     <span class='ocr_line' id='line_1_26' title="bbox 81 1162 522 1200; baseline -0.007 -10"><span class='ocrx_word' id='word_1_195' title='bbox 81 1165 181 1200; x_wconf 79' lang='grc' dir='ltr'>γμένον</span> <span class='ocrx_word' id='word_1_196' title='bbox 198 1163 283 1198; x_wconf 77' lang='grc' dir='ltr'>ῥητόν</span> <span class='ocrx_word' id='word_1_197' title='bbox 293 1171 300 1178; x_wconf 73' lang='grc' dir='ltr'><strong>ο</strong></span> <span class='ocrx_word' id='word_1_198' title='bbox 317 1162 373 1198; x_wconf 76' lang='grc' dir='ltr'>ἔχει</span> <span class='ocrx_word' id='word_1_199' title='bbox 384 1162 413 1188; x_wconf 85' lang='grc' dir='ltr'>δὲ</span> <span class='ocrx_word' id='word_1_200' title='bbox 425 1162 522 1193; x_wconf 75' lang='grc' dir='ltr'>οὕτως·</span> 
     </span>
    </p>
   </div>
   <div class='ocr_carea' id='block_1_27' title="bbox 211 1216 749 1254">
    <p class='ocr_par' dir='ltr' id='par_1_27' title="bbox 211 1216 749 1254">
     <span class='ocr_line' id='line_1_27' title="bbox 211 1216 749 1254; baseline -0.009 -8"><span class='ocrx_word' id='word_1_201' title='bbox 211 1219 405 1254; x_wconf 56' lang='grc' dir='ltr'><strong>Ἀμφιλοχίαν</strong></span> <span class='ocrx_word' id='word_1_202' title='bbox 423 1218 595 1245; x_wconf 73' lang='grc' dir='ltr'><strong>ἐπισκόπου</strong></span> <span class='ocrx_word' id='word_1_203' title='bbox 613 1216 749 1243; x_wconf 80' lang='grc' dir='ltr'>Ἰκονίου.</span> 
     </span>
    </p>
   </div>
   <div class='ocr_carea' id='block_1_28' title="bbox 114 1258 877 1299">
    <p class='ocr_par' dir='ltr' id='par_1_28' title="bbox 114 1258 877 1299">
     <span class='ocr_line' id='line_1_28' title="bbox 114 1258 877 1299; baseline -0.007 -9"><span class='ocrx_word' id='word_1_204' title='bbox 114 1264 146 1290; x_wconf 83' lang='grc' dir='ltr'>Εἰ</span> <span class='ocrx_word' id='word_1_205' title='bbox 164 1264 203 1299; x_wconf 78' lang='grc' dir='ltr'>μὴ</span> <span class='ocrx_word' id='word_1_206' title='bbox 220 1265 277 1298; x_wconf 78' lang='grc' dir='ltr'>γὰρ</span> <span class='ocrx_word' id='word_1_207' title='bbox 296 1264 400 1294; x_wconf 76' lang='grc' dir='ltr'>ἐκεῖνος</span> <span class='ocrx_word' id='word_1_208' title='bbox 416 1262 548 1297; x_wconf 77' lang='grc' dir='ltr'><strong>ἐγεννήθη</strong></span> <span class='ocrx_word' id='word_1_209' title='bbox 564 1261 715 1296; x_wconf 85' lang='grc' dir='ltr'>σαρκικῶς,</span> <span class='ocrx_word' id='word_1_210' title='bbox 729 1259 779 1286; x_wconf 80' lang='grc' dir='ltr'>οὐκ</span> <span class='ocrx_word' id='word_1_211' title='bbox 795 1258 827 1285; x_wconf 82' lang='grc' dir='ltr'>ἂν</span> <span class='ocrx_word' id='word_1_212' title='bbox 844 1258 877 1285; x_wconf 82' lang='grc' dir='ltr'>σὺ</span> 
     </span>
    </p>
   </div>
   <div class='ocr_carea' id='block_1_29' title="bbox 81 1305 878 1346">
    <p class='ocr_par' dir='ltr' id='par_1_29' title="bbox 81 1305 878 1346">
     <span class='ocr_line' id='line_1_29' title="bbox 81 1305 878 1346; baseline -0.006 -10"><span class='ocrx_word' id='word_1_213' title='bbox 81 1310 231 1346; x_wconf 78' lang='grc' dir='ltr'>ἐγεννήθης</span> <span class='ocrx_word' id='word_1_214' title='bbox 245 1310 442 1344; x_wconf 80' lang='grc' dir='ltr'>πνευματικῶς</span> <span class='ocrx_word' id='word_1_215' title='bbox 453 1317 460 1324; x_wconf 92' lang='grc'><strong>·</strong></span> <span class='ocrx_word' id='word_1_216' title='bbox 475 1310 500 1335; x_wconf 74' lang='grc' dir='ltr'><strong>εἰ</strong></span> <span class='ocrx_word' id='word_1_217' title='bbox 516 1309 553 1344; x_wconf 80' lang='grc' dir='ltr'>μὴ</span> <span class='ocrx_word' id='word_1_218' title='bbox 567 1309 671 1339; x_wconf 78' lang='grc' dir='ltr'>ἐκεῖνος</span> <span class='ocrx_word' id='word_1_219' title='bbox 685 1307 813 1342; x_wconf 77' lang='grc' dir='ltr'>ἠνέσχετο</span> <span class='ocrx_word' id='word_1_220' title='bbox 827 1305 878 1340; x_wconf 84' lang='grc' dir='ltr'><strong>τῆς</strong></span> 
     </span>
    </p>
   </div>
   <div class='ocr_carea' id='block_1_30' title="bbox 80 1350 875 1391">
    <p class='ocr_par' dir='ltr' id='par_1_30' title="bbox 80 1350 875 1391">
     <span class='ocr_line' id='line_1_30' title="bbox 80 1350 875 1391; baseline -0.008 -9"><span class='ocrx_word' id='word_1_221' title='bbox 80 1356 126 1382; x_wconf 78' lang='grc' dir='ltr'>τοῦ</span> <span class='ocrx_word' id='word_1_222' title='bbox 140 1356 239 1382; x_wconf 79' lang='grc' dir='ltr'>δούλου</span> <span class='ocrx_word' id='word_1_223' title='bbox 261 1356 380 1391; x_wconf 69' lang='grc' dir='ltr'>μορφῆς,</span> <span class='ocrx_word' id='word_1_224' title='bbox 400 1356 451 1381; x_wconf 77' lang='grc' dir='ltr'>οὐκ</span> <span class='ocrx_word' id='word_1_225' title='bbox 465 1355 498 1382; x_wconf 82' lang='grc' dir='ltr'>ἂν</span> <span class='ocrx_word' id='word_1_226' title='bbox 514 1356 546 1381; x_wconf 83' lang='grc' dir='ltr'>σὺ</span> <span class='ocrx_word' id='word_1_227' title='bbox 561 1354 609 1390; x_wconf 83' lang='grc' dir='ltr'>τὴν</span> <span class='ocrx_word' id='word_1_228' title='bbox 625 1354 704 1385; x_wconf 78' lang='grc' dir='ltr'>δόξαν</span> <span class='ocrx_word' id='word_1_229' title='bbox 719 1353 768 1388; x_wconf 80' lang='grc' dir='ltr'><strong>τῆς</strong></span> <span class='ocrx_word' id='word_1_230' title='bbox 787 1350 875 1378; x_wconf 70' lang='grc' dir='ltr'>υἱοθε-</span> 
     </span>
    </p>
   </div>
   <div class='ocr_carea' id='block_1_31' title="bbox 82 1396 875 1437">
    <p class='ocr_par' dir='ltr' id='par_1_31' title="bbox 82 1396 875 1437">
     <span class='ocr_line' id='line_1_31' title="bbox 82 1396 875 1437; baseline -0.008 -8"><span class='ocrx_word' id='word_1_231' title='bbox 82 1403 141 1434; x_wconf 76' lang='grc' dir='ltr'>σίας</span> <span class='ocrx_word' id='word_1_232' title='bbox 155 1403 321 1437; x_wconf 77' lang='grc' dir='ltr'>ἐκέρδανας.</span> <span class='ocrx_word' id='word_1_233' title='bbox 347 1402 429 1437; x_wconf 87' lang='grc' dir='ltr'>Δηλοί</span> <span class='ocrx_word' id='word_1_234' title='bbox 447 1401 477 1428; x_wconf 82' lang='grc' dir='ltr'>δὲ</span> <span class='ocrx_word' id='word_1_235' title='bbox 501 1400 641 1427; x_wconf 78' lang='grc' dir='ltr'>κάνταῦθα</span> <span class='ocrx_word' id='word_1_236' title='bbox 659 1399 701 1432; x_wconf 75' lang='grc' dir='ltr'><strong>τὸ,</strong></span> <span class='ocrx_word' id='word_1_237' title='bbox 724 1396 875 1433; x_wconf 83' lang='grc' dir='ltr'>σαρκικῶς,</span> 
     </span>
    </p>
   </div>
   <div class='ocr_carea' id='block_1_32' title="bbox 80 1443 875 1484">
    <p class='ocr_par' dir='ltr' id='par_1_32' title="bbox 80 1443 875 1484">
     <span class='ocr_line' id='line_1_32' title="bbox 80 1443 875 1484; baseline -0.008 -9"><span class='ocrx_word' id='word_1_238' title='bbox 80 1449 121 1480; x_wconf 77' lang='grc' dir='ltr'>τὸ,</span> <span class='ocrx_word' id='word_1_239' title='bbox 136 1449 210 1475; x_wconf 79' lang='grc' dir='ltr'>κατὰ</span> <span class='ocrx_word' id='word_1_240' title='bbox 237 1449 344 1484; x_wconf 79' lang='grc' dir='ltr'>σάρκα·</span> <span class='ocrx_word' id='word_1_241' title='bbox 368 1447 496 1475; x_wconf 78' lang='grc' dir='ltr'>καθάπεο</span> <span class='ocrx_word' id='word_1_242' title='bbox 519 1447 616 1474; x_wconf 73' lang='grc' dir='ltr'>ὰιιέλει</span> <span class='ocrx_word' id='word_1_243' title='bbox 646 1445 678 1472; x_wconf 88' lang='grc' dir='ltr'><strong>τὺ</strong></span> <span class='ocrx_word' id='word_1_244' title='bbox 710 1443 819 1475; x_wconf 82' lang='grc' dir='ltr'>θεῖκῶς,</span> <span class='ocrx_word' id='word_1_245' title='bbox 835 1443 875 1476; x_wconf 84' lang='grc' dir='ltr'>τὸ,</span> 
     </span>
    </p>
   </div>
   <div class='ocr_carea' id='block_1_33' title="bbox 83 1494 298 1529">
    <p class='ocr_par' dir='ltr' id='par_1_33' title="bbox 83 1494 298 1529">
     <span class='ocr_line' id='line_1_33' title="bbox 83 1494 298 1529; baseline 0.009 -9"><span class='ocrx_word' id='word_1_246' title='bbox 83 1494 155 1521; x_wconf 76' lang='grc' dir='ltr'>χατὰ</span> <span class='ocrx_word' id='word_1_247' title='bbox 165 1494 298 1529; x_wconf 82' lang='grc' dir='ltr'>θεότητα.</span> 
     </span>
    </p>
   </div>
   <div class='ocr_carea' id='block_1_34' title="bbox 303 1549 651 1578">
    <p class='ocr_par' dir='ltr' id='par_1_34' title="bbox 303 1549 651 1578">
     <span class='ocr_line' id='line_1_34' title="bbox 303 1549 651 1578; baseline -0.011 1"><span class='ocrx_word' id='word_1_248' title='bbox 303 1550 596 1578; x_wconf 75' lang='grc' dir='ltr'><strong>ΔΝΑΘΕΜΑΤΙΣΜΟΣ</strong></span> <span class='ocrx_word' id='word_1_249' title='bbox 615 1549 651 1576; x_wconf 79' lang='grc' dir='ltr'><strong>Γ.</strong></span> 
     </span>
    </p>
   </div>
   <div class='ocr_carea' id='block_1_35' title="bbox 117 1604 877 1643">
    <p class='ocr_par' dir='ltr' id='par_1_35' title="bbox 117 1604 877 1643">
     <span class='ocr_line' id='line_1_35' title="bbox 117 1604 877 1643; baseline -0.009 -6"><span class='ocrx_word' id='word_1_250' title='bbox 117 1610 152 1637; x_wconf 78' lang='grc' dir='ltr'>Εἰ</span> <span class='ocrx_word' id='word_1_251' title='bbox 169 1619 211 1643; x_wconf 85' lang='grc' dir='ltr'><strong>τις</strong></span> <span class='ocrx_word' id='word_1_252' title='bbox 228 1610 276 1637; x_wconf 73' lang='grc' dir='ltr'><strong>ἐπὶ</strong></span> <span class='ocrx_word' id='word_1_253' title='bbox 289 1609 337 1636; x_wconf 83' lang='grc' dir='ltr'>τοῦ</span> <span class='ocrx_word' id='word_1_254' title='bbox 358 1609 418 1640; x_wconf 76' lang='grc' dir='ltr'>ἐνὸς</span> <span class='ocrx_word' id='word_1_255' title='bbox 437 1607 556 1643; x_wconf 75' lang='grc' dir='ltr'>Χριστοῦ</span> <span class='ocrx_word' id='word_1_256' title='bbox 577 1607 677 1642; x_wconf 85' lang='grc' dir='ltr'>διαιρεῖ</span> <span class='ocrx_word' id='word_1_257' title='bbox 696 1605 745 1637; x_wconf 72' lang='grc' dir='ltr'><strong>τὰς</strong></span> <span class='ocrx_word' id='word_1_258' title='bbox 757 1604 877 1631; x_wconf 77' lang='grc' dir='ltr'>ὑποστά-</span> 
     </span>
    </p>
   </div>
   <div class='ocr_carea' id='block_1_36' title="bbox 83 1650 878 1691">
    <p class='ocr_par' dir='ltr' id='par_1_36' title="bbox 83 1650 878 1691">
     <span class='ocr_line' id='line_1_36' title="bbox 83 1650 878 1691; baseline -0.006 -11"><span class='ocrx_word' id='word_1_259' title='bbox 83 1664 140 1687; x_wconf 84' lang='grc' dir='ltr'>σεις</span> <span class='ocrx_word' id='word_1_260' title='bbox 154 1655 226 1691; x_wconf 81' lang='grc' dir='ltr'>μετὰ</span> <span class='ocrx_word' id='word_1_261' title='bbox 254 1655 304 1690; x_wconf 81' lang='grc' dir='ltr'>τὴν</span> <span class='ocrx_word' id='word_1_262' title='bbox 318 1654 425 1686; x_wconf 70' lang='grc' dir='ltr'>ἕνωσιν,</span> <span class='ocrx_word' id='word_1_263' title='bbox 456 1652 525 1687; x_wconf 86' lang='grc' dir='ltr'>μόνῃ</span> <span class='ocrx_word' id='word_1_264' title='bbox 543 1651 687 1678; x_wconf 75' lang='grc' dir='ltr'>συνάπτων</span> <span class='ocrx_word' id='word_1_265' title='bbox 712 1650 797 1682; x_wconf 82' lang='grc' dir='ltr'>αὑτὰς</span> <span class='ocrx_word' id='word_1_266' title='bbox 816 1658 878 1676; x_wconf 82' lang='grc' dir='ltr'>συν-</span> 
     </span>
    </p>
   </div>
   <div class='ocr_carea' id='block_1_37' title="bbox 82 1695 880 1737">
    <p class='ocr_par' dir='ltr' id='par_1_37' title="bbox 82 1695 880 1737">
     <span class='ocr_line' id='line_1_37' title="bbox 82 1695 880 1737; baseline -0.01 -8"><span class='ocrx_word' id='word_1_267' title='bbox 82 1702 167 1737; x_wconf 76' lang='grc' dir='ltr'>αφείᾳ</span> <span class='ocrx_word' id='word_1_268' title='bbox 180 1703 214 1737; x_wconf 78' lang='grc' dir='ltr'><strong>τῇ</strong></span> <span class='ocrx_word' id='word_1_269' title='bbox 232 1702 303 1728; x_wconf 82' lang='grc' dir='ltr'><strong>κατά</strong></span> <span class='ocrx_word' id='word_1_270' title='bbox 319 1700 368 1735; x_wconf 83' lang='grc' dir='ltr'>τὴν</span> <span class='ocrx_word' id='word_1_271' title='bbox 380 1699 458 1732; x_wconf 77' lang='grc' dir='ltr'>ἀξίαν</span> <span class='ocrx_word' id='word_1_272' title='bbox 473 1718 481 1730; x_wconf 90' lang='grc'><strong>,</strong></span> <span class='ocrx_word' id='word_1_273' title='bbox 497 1698 580 1733; x_wconf 72' lang='grc' dir='ltr'>ἤγουν</span> <span class='ocrx_word' id='word_1_274' title='bbox 597 1697 750 1728; x_wconf 80' lang='grc' dir='ltr'>αὑθεντίαν,</span> <span class='ocrx_word' id='word_1_275' title='bbox 766 1696 782 1731; x_wconf 81' lang='grc' dir='ltr'>ἢ</span> <span class='ocrx_word' id='word_1_276' title='bbox 800 1695 880 1722; x_wconf 86' lang='grc' dir='ltr'>δυνα-</span> 
     </span>
    </p>
   </div>
   <div class='ocr_carea' id='block_1_38' title="bbox 83 1741 878 1782">
    <p class='ocr_par' dir='ltr' id='par_1_38' title="bbox 83 1741 878 1782">
     <span class='ocr_line' id='line_1_38' title="bbox 83 1741 878 1782; baseline -0.009 -8"><span class='ocrx_word' id='word_1_277' title='bbox 83 1748 177 1774; x_wconf 73' lang='grc' dir='ltr'>στείαν</span> <span class='ocrx_word' id='word_1_278' title='bbox 189 1768 197 1780; x_wconf 83' lang='grc'><strong>,</strong></span> <span class='ocrx_word' id='word_1_279' title='bbox 217 1747 265 1774; x_wconf 75' lang='grc' dir='ltr'><strong>καὶ</strong></span> <span class='ocrx_word' id='word_1_280' title='bbox 281 1746 342 1782; x_wconf 80' lang='grc' dir='ltr'>οὐχὶ</span> <span class='ocrx_word' id='word_1_281' title='bbox 357 1745 390 1780; x_wconf 88' lang='grc' dir='ltr'>δὴ</span> <span class='ocrx_word' id='word_1_282' title='bbox 415 1744 516 1780; x_wconf 79' lang='grc' dir='ltr'>μᾶλλον</span> <span class='ocrx_word' id='word_1_283' title='bbox 532 1743 633 1779; x_wconf 83' lang='grc' dir='ltr'>συνόδῳ</span> <span class='ocrx_word' id='word_1_284' title='bbox 649 1744 681 1769; x_wconf 59' lang='lat' dir='ltr'><strong>si</strong></span> <span class='ocrx_word' id='word_1_285' title='bbox 701 1742 762 1768; x_wconf 74' lang='grc' dir='ltr'>καθ’</span> <span class='ocrx_word' id='word_1_286' title='bbox 782 1741 878 1768; x_wconf 72' lang='grc' dir='ltr'>ἕνωσιν</span> 
     </span>
    </p>
   </div>
   <div class='ocr_carea' id='block_1_39' title="bbox 83 1791 458 1828">
    <p class='ocr_par' dir='ltr' id='par_1_39' title="bbox 83 1791 458 1828">
     <span class='ocr_line' id='line_1_39' title="bbox 83 1791 458 1828; baseline -0.005 -8"><span class='ocrx_word' id='word_1_287' title='bbox 83 1794 205 1828; x_wconf 62' lang='grc' dir='ltr'>φυσικήν</span> <span class='ocrx_word' id='word_1_288' title='bbox 217 1801 224 1808; x_wconf 87' lang='grc'>·</span> <span class='ocrx_word' id='word_1_289' title='bbox 237 1792 364 1827; x_wconf 81' lang='grc' dir='ltr'>ἀνάθεμα</span> <span class='ocrx_word' id='word_1_290' title='bbox 378 1791 458 1818; x_wconf 80' lang='grc' dir='ltr'>ἐστω.</span> 
     </span>
    </p>
   </div>
   <div class='ocr_carea' id='block_1_40' title="bbox 244 1844 729 1882">
    <p class='ocr_par' dir='ltr' id='par_1_40' title="bbox 244 1844 729 1882">
     <span class='ocr_line' id='line_1_40' title="bbox 244 1844 729 1882; baseline -0.012 -6"><span class='ocrx_word' id='word_1_291' title='bbox 244 1847 437 1882; x_wconf 73' lang='grc' dir='ltr'>Ἀντίρῤησις</span> <span class='ocrx_word' id='word_1_292' title='bbox 449 1845 508 1872; x_wconf 80' lang='grc' dir='ltr'>τῶν</span> <span class='ocrx_word' id='word_1_293' title='bbox 523 1844 729 1872; x_wconf 78' lang='grc' dir='ltr'>Ἀνατολικῶν.</span> 
     </span>
    </p>
   </div>
   <div class='ocr_carea' id='block_1_41' title="bbox 119 1889 881 1926">
    <p class='ocr_par' dir='ltr' id='par_1_41' title="bbox 119 1889 881 1926">
     <span class='ocr_line' id='line_1_41' title="bbox 119 1889 881 1926; baseline -0.009 -4"><span class='ocrx_word' id='word_1_294' title='bbox 119 1895 208 1922; x_wconf 79' lang='grc' dir='ltr'>Πάλιν</span> <span class='ocrx_word' id='word_1_295' title='bbox 224 1894 307 1921; x_wconf 76' lang='grc' dir='ltr'>αὑτὸν</span> <span class='ocrx_word' id='word_1_296' title='bbox 317 1893 372 1920; x_wconf 78' lang='grc' dir='ltr'><strong>τῶν</strong></span> <span class='ocrx_word' id='word_1_297' title='bbox 387 1892 470 1920; x_wconf 79' lang='grc' dir='ltr'>αὑτοῦ</span> <span class='ocrx_word' id='word_1_298' title='bbox 486 1891 680 1926; x_wconf 81' lang='grc' dir='ltr'>ὑπομνήσομεν</span> <span class='ocrx_word' id='word_1_299' title='bbox 692 1895 706 1914; x_wconf 71' lang='grc' dir='ltr'><strong>εὶ</strong></span> <span class='ocrx_word' id='word_1_300' title='bbox 719 1889 816 1924; x_wconf 72' lang='grc' dir='ltr'>λόγων,</span> <span class='ocrx_word' id='word_1_301' title='bbox 829 1889 881 1916; x_wconf 86' lang='grc' dir='ltr'>δει-</span> 
     </span>
    </p>
   </div>
   <div class='ocr_carea' id='block_1_42' title="bbox 85 1932 879 1972">
    <p class='ocr_par' dir='ltr' id='par_1_42' title="bbox 85 1932 879 1972">
     <span class='ocr_line' id='line_1_42' title="bbox 85 1932 879 1972; baseline -0.009 -4"><span class='ocrx_word' id='word_1_302' title='bbox 85 1942 199 1972; x_wconf 78' lang='grc' dir='ltr'>κνύντες</span> <span class='ocrx_word' id='word_1_303' title='bbox 212 1940 294 1967; x_wconf 73' lang='grc' dir='ltr'>αὐτὸν</span> <span class='ocrx_word' id='word_1_304' title='bbox 313 1939 360 1966; x_wconf 89' lang='grc' dir='ltr'>δύο</span> <span class='ocrx_word' id='word_1_305' title='bbox 374 1938 538 1970; x_wconf 82' lang='grc' dir='ltr'>ὑποστάσεις</span> <span class='ocrx_word' id='word_1_306' title='bbox 551 1937 675 1972; x_wconf 80' lang='grc' dir='ltr'>λέγοντα,</span> <span class='ocrx_word' id='word_1_307' title='bbox 694 1937 722 1962; x_wconf 83' lang='grc' dir='ltr'>ὲν</span> <span class='ocrx_word' id='word_1_308' title='bbox 740 1932 782 1967; x_wconf 75' lang='grc' dir='ltr'>οἷς</span> <span class='ocrx_word' id='word_1_309' title='bbox 797 1943 879 1970; x_wconf 78' lang='grc' dir='ltr'>φησιν</span> 
     </span>
    </p>
   </div>
   <div class='ocr_carea' id='block_1_43' title="bbox 85 1981 879 2024">
    <p class='ocr_par' dir='ltr' id='par_1_43' title="bbox 85 1981 879 2024">
     <span class='ocr_line' id='line_1_43' title="bbox 85 1981 879 2024; baseline -0.014 -7"><span class='ocrx_word' id='word_1_310' title='bbox 85 1991 113 2017; x_wconf 74' lang='grc' dir='ltr'>ὲν</span> <span class='ocrx_word' id='word_1_311' title='bbox 124 1988 164 2024; x_wconf 88' lang='grc' dir='ltr'>τῷ</span> <span class='ocrx_word' id='word_1_312' title='bbox 175 1989 277 2024; x_wconf 78' lang='grc' dir='ltr'>πρώτῳ</span> <span class='ocrx_word' id='word_1_313' title='bbox 290 1988 377 2022; x_wconf 82' lang='grc' dir='ltr'>τόμῳ’</span> <span class='ocrx_word' id='word_1_314' title='bbox 395 1985 498 2012; x_wconf 76' lang='grc' dir='ltr'>Οὐκοῦν</span> <span class='ocrx_word' id='word_1_315' title='bbox 511 1985 572 2011; x_wconf 76' lang='grc' dir='ltr'>ὅσον</span> <span class='ocrx_word' id='word_1_316' title='bbox 584 1985 622 2014; x_wconf 86' lang='grc' dir='ltr'><strong>εἰς</strong></span> <span class='ocrx_word' id='word_1_317' title='bbox 644 1982 712 2009; x_wconf 83' lang='grc' dir='ltr'>ἰδίαν</span> <span class='ocrx_word' id='word_1_318' title='bbox 724 1982 816 2016; x_wconf 78' lang='grc' dir='ltr'>φύσιν,</span> <span class='ocrx_word' id='word_1_319' title='bbox 830 1981 879 2016; x_wconf 70' lang='grc' dir='ltr'><strong>οὐχ</strong></span> 
     </span>
    </p>
   </div>
   <div class='ocr_carea' id='block_1_44' title="bbox 83 2027 878 2071">
    <p class='ocr_par' dir='ltr' id='par_1_44' title="bbox 83 2027 878 2071">
     <span class='ocr_line' id='line_1_44' title="bbox 83 2027 878 2071; baseline -0.011 -9"><span class='ocrx_word' id='word_1_320' title='bbox 83 2036 217 2071; x_wconf 67' lang='grc' dir='ltr'>ηγίασται</span> <span class='ocrx_word' id='word_1_321' title='bbox 234 2034 314 2069; x_wconf 86' lang='grc' dir='ltr'>μόνος</span> <span class='ocrx_word' id='word_1_322' title='bbox 331 2034 345 2059; x_wconf 86' lang='grc' dir='ltr'>ὁ</span> <span class='ocrx_word' id='word_1_323' title='bbox 365 2034 398 2059; x_wconf 86' lang='grc' dir='ltr'><strong>ὲκ</strong></span> <span class='ocrx_word' id='word_1_324' title='bbox 423 2031 491 2058; x_wconf 86' lang='grc' dir='ltr'>Θεοῦ</span> <span class='ocrx_word' id='word_1_325' title='bbox 509 2031 617 2066; x_wconf 77' lang='grc' dir='ltr'>ιιατρὸς</span> <span class='ocrx_word' id='word_1_326' title='bbox 637 2029 723 2062; x_wconf 77' lang='grc' dir='ltr'>Λόγος</span> <span class='ocrx_word' id='word_1_327' title='bbox 735 2036 741 2043; x_wconf 87' lang='grc'><strong>·</strong></span> <span class='ocrx_word' id='word_1_328' title='bbox 763 2029 786 2054; x_wconf 86' lang='grc' dir='ltr'><strong>εί</strong></span> <span class='ocrx_word' id='word_1_329' title='bbox 803 2027 832 2054; x_wconf 77' lang='grc' dir='ltr'>δὲ</span> <span class='ocrx_word' id='word_1_330' title='bbox 846 2027 878 2062; x_wconf 81' lang='grc' dir='ltr'>δὴ</span> 
     </span>
    </p>
   </div>
   <div class='ocr_carea' id='block_1_45' title="bbox 84 2073 879 2113">
    <p class='ocr_par' dir='ltr' id='par_1_45' title="bbox 84 2073 879 2113">
     <span class='ocr_line' id='line_1_45' title="bbox 84 2073 879 2113; baseline -0.01 -6"><span class='ocrx_word' id='word_1_331' title='bbox 84 2090 124 2113; x_wconf 83' lang='grc' dir='ltr'><strong>τις</strong></span> <span class='ocrx_word' id='word_1_332' title='bbox 139 2081 225 2107; x_wconf 79' lang='grc' dir='ltr'>οἴοιτο</span> <span class='ocrx_word' id='word_1_333' title='bbox 239 2080 286 2106; x_wconf 78' lang='grc' dir='ltr'>τὸν</span> <span class='ocrx_word' id='word_1_334' title='bbox 307 2080 340 2105; x_wconf 82' lang='grc' dir='ltr'>ὲκ</span> <span class='ocrx_word' id='word_1_335' title='bbox 356 2079 404 2113; x_wconf 84' lang='grc' dir='ltr'><strong>τῆς</strong></span> <span class='ocrx_word' id='word_1_336' title='bbox 427 2077 508 2112; x_wconf 78' lang='grc' dir='ltr'>ἁγίας</span> <span class='ocrx_word' id='word_1_337' title='bbox 531 2076 668 2112; x_wconf 77' lang='grc' dir='ltr'>Παρθένου</span> <span class='ocrx_word' id='word_1_338' title='bbox 680 2073 879 2109; x_wconf 71' lang='grc' dir='ltr'>γεγεννημένον</span> 
     </span>
    </p>
   </div>
   <div class='ocr_carea' id='block_1_46' title="bbox 85 2118 880 2162">
    <p class='ocr_par' dir='ltr' id='par_1_46' title="bbox 85 2118 880 2162">
     <span class='ocr_line' id='line_1_46' title="bbox 85 2118 880 2162; baseline -0.011 -9"><span class='ocrx_word' id='word_1_339' title='bbox 85 2125 232 2162; x_wconf 75' lang='grc' dir='ltr'>κεχρῖσθαί</span> <span class='ocrx_word' id='word_1_340' title='bbox 259 2133 289 2151; x_wconf 85' lang='grc' dir='ltr'><strong>τε</strong></span> <span class='ocrx_word' id='word_1_341' title='bbox 320 2124 367 2150; x_wconf 81' lang='grc' dir='ltr'><strong>καὶ</strong></span> <span class='ocrx_word' id='word_1_342' title='bbox 391 2122 520 2158; x_wconf 78' lang='grc' dir='ltr'>ἠγιάσθαι</span> <span class='ocrx_word' id='word_1_343' title='bbox 561 2121 650 2156; x_wconf 85' lang='grc' dir='ltr'>μόνον,</span> <span class='ocrx_word' id='word_1_344' title='bbox 679 2119 807 2155; x_wconf 67' lang='grc' dir='ltr'>ταύτῃτοι</span> <span class='ocrx_word' id='word_1_345' title='bbox 832 2118 880 2145; x_wconf 76' lang='grc' dir='ltr'><strong>καὶ</strong></span> 
     </span>
    </p>
   </div>
   <div class='ocr_carea' id='block_1_47' title="bbox 84 2164 879 2207">
    <p class='ocr_par' dir='ltr' id='par_1_47' title="bbox 84 2164 879 2207">
     <span class='ocr_line' id='line_1_47' title="bbox 84 2164 879 2207; baseline -0.011 -8"><span class='ocrx_word' id='word_1_346' title='bbox 84 2171 246 2207; x_wconf 76' lang='grc' dir='ltr'>ὠνομάσθαι</span> <span class='ocrx_word' id='word_1_347' title='bbox 272 2170 339 2196; x_wconf 84' lang='grc' dir='ltr'>Θεόν</span> <span class='ocrx_word' id='word_1_348' title='bbox 351 2175 362 2188; x_wconf 86' lang='grc' dir='ltr'>ι’</span> <span class='ocrx_word' id='word_1_349' title='bbox 378 2177 384 2183; x_wconf 92' lang='grc'><strong>·</strong></span> <span class='ocrx_word' id='word_1_350' title='bbox 402 2169 462 2200; x_wconf 84' lang='grc' dir='ltr'><strong>πῶς</strong></span> <span class='ocrx_word' id='word_1_351' title='bbox 483 2165 529 2194; x_wconf 85' lang='grc' dir='ltr'>οὖν</span> <span class='ocrx_word' id='word_1_352' title='bbox 540 2167 578 2198; x_wconf 83' lang='grc' dir='ltr'>ὡς</span> <span class='ocrx_word' id='word_1_353' title='bbox 606 2165 800 2200; x_wconf 78' lang='grc' dir='ltr'>ἐπιλαθόμενος</span> <span class='ocrx_word' id='word_1_354' title='bbox 825 2164 879 2190; x_wconf 88' lang='grc' dir='ltr'>τῶν</span> 
     </span>
    </p>
   </div>
   <div class='ocr_carea' id='block_1_48' title="bbox 86 2216 467 2252">
    <p class='ocr_par' dir='ltr' id='par_1_48' title="bbox 86 2216 467 2252">
     <span class='ocr_line' id='line_1_48' title="bbox 86 2216 467 2252; baseline -0.01 -7"><span class='ocrx_word' id='word_1_355' title='bbox 86 2218 196 2251; x_wconf 77' lang='grc' dir='ltr'>ἑαυτοῦ,</span> <span class='ocrx_word' id='word_1_356' title='bbox 209 2219 249 2249; x_wconf 89' lang='grc' dir='ltr'><strong>εἰς</strong></span> <span class='ocrx_word' id='word_1_357' title='bbox 265 2216 329 2252; x_wconf 84' lang='grc' dir='ltr'>μίαν</span> <span class='ocrx_word' id='word_1_358' title='bbox 345 2216 467 2242; x_wconf 80' lang='grc' dir='ltr'>ὑπόστασ</span> 
     </span>
    </p>
   </div>
   <div class='ocr_carea' id='block_1_49' title="bbox 86 2257 878 2298">
    <p class='ocr_par' dir='ltr' id='par_1_49' title="bbox 86 2257 878 2298">
     <span class='ocr_line' id='line_1_49' title="bbox 86 2257 878 2298; baseline -0.014 -6"><span class='ocrx_word' id='word_1_359' title='bbox 86 2273 156 2296; x_wconf 81' lang='grc' dir='ltr'>σεις,</span> <span class='ocrx_word' id='word_1_360' title='bbox 173 2263 294 2298; x_wconf 74' lang='grc' dir='ltr'>φυσικὴν</span> <span class='ocrx_word' id='word_1_361' title='bbox 309 2262 359 2297; x_wconf 81' lang='grc' dir='ltr'>τὴν</span> <span class='ocrx_word' id='word_1_362' title='bbox 376 2261 452 2288; x_wconf 84' lang='grc' dir='ltr'>θείαν</span> <span class='ocrx_word' id='word_1_363' title='bbox 466 2261 562 2287; x_wconf 72' lang='grc' dir='ltr'>ἕνωσιν</span> <span class='ocrx_word' id='word_1_364' title='bbox 581 2259 743 2290; x_wconf 81' lang='grc' dir='ltr'>ἀποκαλῶν;</span> <span class='ocrx_word' id='word_1_365' title='bbox 767 2257 822 2284; x_wconf 76' lang='grc' dir='ltr'><strong>Καὶ</strong></span> <span class='ocrx_word' id='word_1_366' title='bbox 836 2257 878 2288; x_wconf 87' lang='grc' dir='ltr'><strong>τίς</strong></span> 
     </span>
    </p>
   </div>
   <div class='ocr_carea' id='block_1_50' title="bbox 86 2303 880 2345">
    <p class='ocr_par' dir='ltr' id='par_1_50' title="bbox 86 2303 880 2345">
     <span class='ocr_line' id='line_1_50' title="bbox 86 2303 880 2345; baseline -0.011 -8"><span class='ocrx_word' id='word_1_367' title='bbox 86 2319 152 2337; x_wconf 76' lang='grc' dir='ltr'>ποτε</span> <span class='ocrx_word' id='word_1_368' title='bbox 168 2309 352 2345; x_wconf 80' lang='grc' dir='ltr'>παραδέξεται</span> <span class='ocrx_word' id='word_1_369' title='bbox 368 2307 486 2342; x_wconf 76' lang='grc' dir='ltr'>φυσικὴν</span> <span class='ocrx_word' id='word_1_370' title='bbox 500 2306 549 2342; x_wconf 85' lang='grc' dir='ltr'>τὴν</span> <span class='ocrx_word' id='word_1_371' title='bbox 566 2305 641 2332; x_wconf 80' lang='grc' dir='ltr'>θείαν</span> <span class='ocrx_word' id='word_1_372' title='bbox 652 2305 749 2331; x_wconf 72' lang='grc' dir='ltr'>ἕνωσιν</span> <span class='ocrx_word' id='word_1_373' title='bbox 762 2303 810 2330; x_wconf 81' lang='grc' dir='ltr'>τοῦ</span> <span class='ocrx_word' id='word_1_374' title='bbox 829 2312 880 2338; x_wconf 76' lang='grc' dir='ltr'>μυ-</span> 
     </span>
    </p>
   </div>
   <div class='ocr_carea' id='block_1_51' title="bbox 87 2350 877 2392">
    <p class='ocr_par' dir='ltr' id='par_1_51' title="bbox 87 2350 877 2392">
     <span class='ocr_line' id='line_1_51' title="bbox 87 2350 877 2392; baseline -0.01 -9"><span class='ocrx_word' id='word_1_375' title='bbox 87 2357 201 2392; x_wconf 74' lang='grc' dir='ltr'>στηρίου</span> <span class='ocrx_word' id='word_1_376' title='bbox 220 2356 272 2390; x_wconf 87' lang='grc' dir='ltr'><strong>τῆς</strong></span> <span class='ocrx_word' id='word_1_377' title='bbox 294 2354 471 2388; x_wconf 82' lang='grc' dir='ltr'>οίκονομίας;</span> <span class='ocrx_word' id='word_1_378' title='bbox 487 2353 518 2379; x_wconf 83' lang='grc' dir='ltr'><strong>Εἰ</strong></span> <span class='ocrx_word' id='word_1_379' title='bbox 541 2351 596 2387; x_wconf 86' lang='grc' dir='ltr'>γὰρ</span> <span class='ocrx_word' id='word_1_380' title='bbox 615 2350 717 2386; x_wconf 83' lang='grc' dir='ltr'>φυσικὴ</span> <span class='ocrx_word' id='word_1_381' title='bbox 738 2351 755 2385; x_wconf 81' lang='grc' dir='ltr'><strong>ἡ</strong></span> <span class='ocrx_word' id='word_1_382' title='bbox 771 2350 877 2381; x_wconf 69' lang='grc' dir='ltr'>ἐνωσις,</span> 
     </span>
    </p>
   </div>
   <div class='ocr_carea' id='block_1_52' title="bbox 87 2395 878 2438">
    <p class='ocr_par' dir='ltr' id='par_1_52' title="bbox 87 2395 878 2438">
     <span class='ocr_line' id='line_1_52' title="bbox 87 2395 878 2438; baseline -0.011 -8"><span class='ocrx_word' id='word_1_383' title='bbox 87 2403 138 2430; x_wconf 79' lang='grc' dir='ltr'>ποῦ</span> <span class='ocrx_word' id='word_1_384' title='bbox 151 2404 168 2437; x_wconf 85' lang='grc' dir='ltr'>ἡ</span> <span class='ocrx_word' id='word_1_385' title='bbox 188 2402 287 2438; x_wconf 76' lang='grc' dir='ltr'>χάριςς</span> <span class='ocrx_word' id='word_1_386' title='bbox 303 2400 356 2427; x_wconf 81' lang='grc' dir='ltr'>ποῦ</span> <span class='ocrx_word' id='word_1_387' title='bbox 373 2400 405 2427; x_wconf 75' lang='grc' dir='ltr'>τὸ</span> <span class='ocrx_word' id='word_1_388' title='bbox 431 2399 502 2426; x_wconf 86' lang='grc' dir='ltr'>θεῖον</span> <span class='ocrx_word' id='word_1_389' title='bbox 522 2398 687 2434; x_wconf 71' lang='grc' dir='ltr'>μυστήριονς</span> <span class='ocrx_word' id='word_1_390' title='bbox 701 2397 735 2423; x_wconf 83' lang='lat' dir='ltr'><strong>Ai</strong></span> <span class='ocrx_word' id='word_1_391' title='bbox 754 2396 809 2431; x_wconf 79' lang='grc' dir='ltr'><strong>γὰρ</strong></span> <span class='ocrx_word' id='word_1_392' title='bbox 825 2395 878 2430; x_wconf 78' lang='grc' dir='ltr'><strong>φύ-</strong></span> 
     </span>
    </p>
   </div>
   <div class='ocr_carea' id='block_1_53' title="bbox 87 2441 878 2482">
    <p class='ocr_par' dir='ltr' id='par_1_53' title="bbox 87 2441 878 2482">
     <span class='ocr_line' id='line_1_53' title="bbox 87 2441 878 2482; baseline -0.011 -6"><span class='ocrx_word' id='word_1_393' title='bbox 87 2458 155 2481; x_wconf 84' lang='grc' dir='ltr'>σεις,</span> <span class='ocrx_word' id='word_1_394' title='bbox 171 2449 209 2480; x_wconf 83' lang='grc' dir='ltr'><strong>ὡς</strong></span> <span class='ocrx_word' id='word_1_395' title='bbox 225 2446 418 2482; x_wconf 68' lang='grc' dir='ltr'>δεδιδὼίμεθα,</span> <span class='ocrx_word' id='word_1_396' title='bbox 433 2444 505 2477; x_wconf 74' lang='grc' dir='ltr'>ἅπαξ</span> <span class='ocrx_word' id='word_1_397' title='bbox 519 2443 594 2479; x_wconf 82' lang='grc' dir='ltr'>παρὰ</span> <span class='ocrx_word' id='word_1_398' title='bbox 612 2442 659 2470; x_wconf 84' lang='grc' dir='ltr'>τοῦ</span> <span class='ocrx_word' id='word_1_399' title='bbox 667 2442 796 2475; x_wconf 82' lang='grc' dir='ltr'>τάξαντος</span> <span class='ocrx_word' id='word_1_400' title='bbox 810 2441 878 2468; x_wconf 80' lang='grc' dir='ltr'>Θεοῦ</span> 
     </span>
    </p>
   </div>
   <div class='ocr_carea' id='block_1_54' title="bbox 87 2487 880 2527">
    <p class='ocr_par' dir='ltr' id='par_1_54' title="bbox 87 2487 880 2527">
     <span class='ocr_line' id='line_1_54' title="bbox 87 2487 880 2527; baseline -0.01 -6"><span class='ocrx_word' id='word_1_401' title='bbox 87 2496 228 2527; x_wconf 78' lang='grc' dir='ltr'>παγείσαι,</span> <span class='ocrx_word' id='word_1_402' title='bbox 246 2493 372 2527; x_wconf 78' lang='grc' dir='ltr'>ἀνάγκης</span> <span class='ocrx_word' id='word_1_403' title='bbox 395 2490 542 2526; x_wconf 77' lang='grc' dir='ltr'>ἀκολουθίᾳ</span> <span class='ocrx_word' id='word_1_404' title='bbox 554 2494 565 2507; x_wconf 89' lang='grc'><strong>¹</strong></span> <span class='ocrx_word' id='word_1_405' title='bbox 586 2488 772 2516; x_wconf 85' lang='grc' dir='ltr'>δουλεύουσιν·</span> <span class='ocrx_word' id='word_1_406' title='bbox 797 2487 814 2522; x_wconf 83' lang='grc' dir='ltr'>ἢ</span> <span class='ocrx_word' id='word_1_407' title='bbox 830 2487 880 2513; x_wconf 74' lang='grc' dir='ltr'>καὶ</span> 
     </span>
    </p>
   </div>
   <div class='ocr_carea' id='block_1_55' title="bbox 85 2533 878 2571">
    <p class='ocr_par' dir='ltr' id='par_1_55' title="bbox 85 2533 878 2571">
     <span class='ocr_line' id='line_1_55' title="bbox 85 2533 878 2571; baseline -0.011 -3"><span class='ocrx_word' id='word_1_408' title='bbox 85 2541 162 2568; x_wconf 73' lang='grc' dir='ltr'>ἔσται</span> <span class='ocrx_word' id='word_1_409' title='bbox 179 2540 263 2567; x_wconf 79' lang='grc' dir='ltr'>πάλιν</span> <span class='ocrx_word' id='word_1_410' title='bbox 279 2538 353 2566; x_wconf 80' lang='grc' dir='ltr'>κατά</span> <span class='ocrx_word' id='word_1_411' title='bbox 368 2536 565 2571; x_wconf 79' lang='grc' dir='ltr'>ἀνακύκλησιν,</span> <span class='ocrx_word' id='word_1_412' title='bbox 582 2534 629 2562; x_wconf 72' lang='grc' dir='ltr'>καὶ</span> <span class='ocrx_word' id='word_1_413' title='bbox 648 2534 754 2569; x_wconf 78' lang='grc' dir='ltr'>φύσεως</span> <span class='ocrx_word' id='word_1_414' title='bbox 767 2533 878 2560; x_wconf 81' lang='grc' dir='ltr'>ἀκολου-</span> 
     </span>
    </p>
   </div>
   <div class='ocr_carea' id='block_1_56' title="bbox 86 2578 878 2620">
    <p class='ocr_par' dir='ltr' id='par_1_56' title="bbox 86 2578 878 2620">
     <span class='ocr_line' id='line_1_56' title="bbox 86 2578 878 2620; baseline -0.01 -8"><span class='ocrx_word' id='word_1_415' title='bbox 86 2586 145 2612; x_wconf 79' lang='grc' dir='ltr'>θίαν</span> <span class='ocrx_word' id='word_1_416' title='bbox 161 2586 194 2612; x_wconf 72' lang='grc' dir='ltr'><strong>τὸ</strong></span> <span class='ocrx_word' id='word_1_417' title='bbox 207 2586 258 2620; x_wconf 91' lang='grc' dir='ltr'><strong>τῆς</strong></span> <span class='ocrx_word' id='word_1_418' title='bbox 278 2583 439 2618; x_wconf 83' lang='grc' dir='ltr'>οίκονομίας</span> <span class='ocrx_word' id='word_1_419' title='bbox 459 2583 552 2619; x_wconf 80' lang='grc' dir='ltr'>χρῆμα</span> <span class='ocrx_word' id='word_1_420' title='bbox 571 2580 641 2608; x_wconf 88' lang='grc' dir='ltr'><strong>κατὰ</strong></span> <span class='ocrx_word' id='word_1_421' title='bbox 655 2580 700 2606; x_wconf 87' lang='grc' dir='ltr'>τὸν</span> <span class='ocrx_word' id='word_1_422' title='bbox 715 2579 807 2615; x_wconf 77' lang='grc' dir='ltr'>λῆρον,</span> <span class='ocrx_word' id='word_1_423' title='bbox 831 2578 878 2605; x_wconf 79' lang='grc' dir='ltr'><strong>καὶ</strong></span> 
     </span>
    </p>
   </div>
   <div class='ocr_carea' id='block_1_57' title="bbox 87 2623 877 2666">
    <p class='ocr_par' dir='ltr' id='par_1_57' title="bbox 87 2623 877 2666">
     <span class='ocr_line' id='line_1_57' title="bbox 87 2623 877 2666; baseline -0.011 -8"><span class='ocrx_word' id='word_1_424' title='bbox 87 2631 195 2666; x_wconf 81' lang='grc' dir='ltr'>μυθώδη</span> <span class='ocrx_word' id='word_1_425' title='bbox 218 2630 270 2666; x_wconf 81' lang='grc' dir='ltr'><strong>τῆς</strong></span> <span class='ocrx_word' id='word_1_426' title='bbox 290 2627 538 2665; x_wconf 84' lang='grc' dir='ltr'>χιλιονταετηρίδος</span> <span class='ocrx_word' id='word_1_427' title='bbox 551 2625 599 2653; x_wconf 82' lang='grc' dir='ltr'>τοῦ</span> <span class='ocrx_word' id='word_1_428' title='bbox 616 2625 775 2659; x_wconf 81' lang='grc' dir='ltr'>δυσωνύμου</span> <span class='ocrx_word' id='word_1_429' title='bbox 797 2623 877 2650; x_wconf 74' lang='grc' dir='ltr'>Ἀπο-</span> 
     </span>
    </p>
   </div>
   <div class='ocr_carea' id='block_1_58' title="bbox 86 2676 367 2714">
    <p class='ocr_par' dir='ltr' id='par_1_58' title="bbox 86 2676 367 2714">
     <span class='ocr_line' id='line_1_58' title="bbox 86 2676 367 2714; baseline -0.007 -10"><span class='ocrx_word' id='word_1_430' title='bbox 86 2677 207 2714; x_wconf 77' lang='grc' dir='ltr'>λιναρίου</span> <span class='ocrx_word' id='word_1_431' title='bbox 222 2676 367 2711; x_wconf 53' lang='lat' dir='ltr'><strong>“nam;</strong></span> 
     </span>
    </p>
   </div>
   <div class='ocr_carea' id='block_1_59' title="bbox 928 233 1723 269">
    <p class='ocr_par' dir='ltr' id='par_1_59' title="bbox 928 233 1723 269">
     <span class='ocr_line' id='line_1_59' title="bbox 928 233 1723 269; baseline -0.001 -6"><span class='ocrx_word' id='word_1_432' title='bbox 928 235 1016 263; x_wconf 83' lang='lat' dir='ltr'><strong>Filius</strong></span> <span class='ocrx_word' id='word_1_433' title='bbox 1038 235 1146 269; x_wconf 82' lang='lat' dir='ltr'><strong>quidem</strong></span> <span class='ocrx_word' id='word_1_434' title='bbox 1174 234 1325 262; x_wconf 84' lang='lat' dir='ltr'><strong>substantia</strong></span> <span class='ocrx_word' id='word_1_435' title='bbox 1342 238 1370 260; x_wconf 81' lang='lat' dir='ltr'><strong>ct</strong></span> <span class='ocrx_word' id='word_1_436' title='bbox 1391 238 1487 260; x_wconf 84' lang='lat' dir='ltr'><strong>natura</strong></span> <span class='ocrx_word' id='word_1_437' title='bbox 1509 233 1555 261; x_wconf 82' lang='lat' dir='ltr'><strong>Dei</strong></span> <span class='ocrx_word' id='word_1_438' title='bbox 1573 234 1623 265; x_wconf 84' lang='lat' dir='ltr'><strong>sit,</strong></span> <span class='ocrx_word' id='word_1_439' title='bbox 1651 236 1723 269; x_wconf 89' lang='lat' dir='ltr'><strong>quod</strong></span> 
     </span>
    </p>
   </div>
   <div class='ocr_carea' id='block_1_60' title="bbox 928 279 1721 312">
    <p class='ocr_par' dir='ltr' id='par_1_60' title="bbox 928 279 1721 312">
     <span class='ocr_line' id='line_1_60' title="bbox 928 279 1721 312; baseline -0.003 -4"><span class='ocrx_word' id='word_1_440' title='bbox 928 289 991 308; x_wconf 85' lang='lat' dir='ltr'><strong>vero</strong></span> <span class='ocrx_word' id='word_1_441' title='bbox 1008 281 1157 308; x_wconf 82' lang='lat' dir='ltr'><strong>secundum</strong></span> <span class='ocrx_word' id='word_1_442' title='bbox 1172 287 1294 312; x_wconf 80' lang='lat' dir='ltr'><strong>carnem,</strong></span> <span class='ocrx_word' id='word_1_443' title='bbox 1309 287 1341 306; x_wconf 76' lang='lat' dir='ltr'><strong>ex</strong></span> <span class='ocrx_word' id='word_1_444' title='bbox 1358 281 1460 307; x_wconf 83' lang='lat' dir='ltr'><strong>semine</strong></span> <span class='ocrx_word' id='word_1_445' title='bbox 1476 279 1512 306; x_wconf 82' lang='lat' dir='ltr'><strong>sit</strong></span> <span class='ocrx_word' id='word_1_446' title='bbox 1529 279 1625 312; x_wconf 80' lang='lat' dir='ltr'><strong>David,</strong></span> <span class='ocrx_word' id='word_1_447' title='bbox 1638 285 1721 306; x_wconf 80' lang='lat' dir='ltr'><strong>came</strong></span> 
     </span>
    </p>
   </div>
   <div class='ocr_carea' id='block_1_61' title="bbox 928 326 1724 358">
    <p class='ocr_par' dir='ltr' id='par_1_61' title="bbox 928 326 1724 358">
     <span class='ocr_line' id='line_1_61' title="bbox 928 326 1724 358; baseline -0.001 -5"><span class='ocrx_word' id='word_1_448' title='bbox 928 332 1016 353; x_wconf 78' lang='lat' dir='ltr'><strong>autent</strong></span> <span class='ocrx_word' id='word_1_449' title='bbox 1045 331 1147 354; x_wconf 64' lang='lat' dir='ltr'><strong>sanctis</strong></span> <span class='ocrx_word' id='word_1_450' title='bbox 1176 326 1299 353; x_wconf 56' lang='lat' dir='ltr'><strong>Marias?</strong></span> <span class='ocrx_word' id='word_1_451' title='bbox 1326 326 1379 358; x_wconf 80' lang='lat' dir='ltr'><strong>Qui</strong></span> <span class='ocrx_word' id='word_1_452' title='bbox 1410 329 1500 353; x_wconf 79' lang='lat' dir='ltr'><strong>autem</strong></span> <span class='ocrx_word' id='word_1_453' title='bbox 1522 331 1576 352; x_wconf 91' lang='lat' dir='ltr'><strong>lam</strong></span> <span class='ocrx_word' id='word_1_454' title='bbox 1608 326 1724 352; x_wconf 71' lang='lat' dir='ltr'><strong>audaces</strong></span> 
     </span>
    </p>
   </div>
   <div class='ocr_carea' id='block_1_62' title="bbox 929 371 1724 407">
    <p class='ocr_par' dir='ltr' id='par_1_62' title="bbox 929 371 1724 407">
     <span class='ocr_line' id='line_1_62' title="bbox 929 371 1724 407; baseline -0.001 -8"><span class='ocrx_word' id='word_1_455' title='bbox 929 373 1022 405; x_wconf 79' lang='lat' dir='ltr'><strong>fuere,</strong></span> <span class='ocrx_word' id='word_1_456' title='bbox 1037 377 1067 400; x_wconf 86' lang='grc' dir='ltr'><strong>ιιι</strong></span> <span class='ocrx_word' id='word_1_457' title='bbox 1081 372 1215 404; x_wconf 84' lang='lat' dir='ltr'><strong>dicerent,</strong></span> <span class='ocrx_word' id='word_1_458' title='bbox 1231 371 1387 404; x_wconf 87' lang='lat' dir='ltr'><strong>Christum,</strong></span> <span class='ocrx_word' id='word_1_459' title='bbox 1405 372 1450 407; x_wconf 89' lang='lat' dir='ltr'><strong>qui</strong></span> <span class='ocrx_word' id='word_1_460' title='bbox 1473 379 1554 399; x_wconf 82' lang='lat' dir='ltr'><strong>carne</strong></span> <span class='ocrx_word' id='word_1_461' title='bbox 1574 379 1669 406; x_wconf 83' lang='lat' dir='ltr'><strong>passus</strong></span> <span class='ocrx_word' id='word_1_462' title='bbox 1683 377 1724 398; x_wconf 88' lang='lat' dir='ltr'><strong>est</strong></span> 
     </span>
    </p>
   </div>
   <div class='ocr_carea' id='block_1_63' title="bbox 928 417 1724 450">
    <p class='ocr_par' dir='ltr' id='par_1_63' title="bbox 928 417 1724 450">
     <span class='ocr_line' id='line_1_63' title="bbox 928 417 1724 450; baseline 0 -5"><span class='ocrx_word' id='word_1_463' title='bbox 928 423 954 445; x_wconf 90' lang='lat' dir='ltr'><strong>et</strong></span> <span class='ocrx_word' id='word_1_464' title='bbox 970 419 1119 446; x_wconf 75' lang='lat' dir='ltr'><strong>cruciﬁxus</strong></span> <span class='ocrx_word' id='word_1_465' title='bbox 1129 438 1136 450; x_wconf 88' lang='lat'><strong>,</strong></span> <span class='ocrx_word' id='word_1_466' title='bbox 1152 426 1204 445; x_wconf 90' lang='lat' dir='ltr'><strong>non</strong></span> <span class='ocrx_word' id='word_1_467' title='bbox 1227 425 1287 445; x_wconf 87' lang='lat' dir='ltr'><strong>esse</strong></span> <span class='ocrx_word' id='word_1_468' title='bbox 1301 418 1442 445; x_wconf 87' lang='lat' dir='ltr'><strong>Dominum</strong></span> <span class='ocrx_word' id='word_1_469' title='bbox 1458 424 1484 445; x_wconf 85' lang='lat' dir='ltr'><strong>et</strong></span> <span class='ocrx_word' id='word_1_470' title='bbox 1496 417 1663 445; x_wconf 84' lang='lat' dir='ltr'><strong>Salvatnrem</strong></span> <span class='ocrx_word' id='word_1_471' title='bbox 1675 437 1683 450; x_wconf 95' lang='lat'><strong>,</strong></span> <span class='ocrx_word' id='word_1_472' title='bbox 1697 423 1724 445; x_wconf 87' lang='lat' dir='ltr'><strong>et</strong></span> 
     </span>
    </p>
   </div>
   <div class='ocr_carea' id='block_1_64' title="bbox 927 463 1721 499">
    <p class='ocr_par' dir='ltr' id='par_1_64' title="bbox 927 463 1721 499">
     <span class='ocr_line' id='line_1_64' title="bbox 927 463 1721 499; baseline 0.003 -9"><span class='ocrx_word' id='word_1_473' title='bbox 927 464 1011 491; x_wconf 91' lang='lat' dir='ltr'><strong>Deum</strong></span> <span class='ocrx_word' id='word_1_474' title='bbox 1027 469 1053 491; x_wconf 88' lang='lat' dir='ltr'><strong>et</strong></span> <span class='ocrx_word' id='word_1_475' title='bbox 1066 463 1162 491; x_wconf 84' lang='lat' dir='ltr'><strong>Filium</strong></span> <span class='ocrx_word' id='word_1_476' title='bbox 1175 463 1264 491; x_wconf 80' lang='lat' dir='ltr'><strong>Patris</strong></span> <span class='ocrx_word' id='word_1_477' title='bbox 1283 472 1289 496; x_wconf 86' lang='lat'><strong>;</strong></span> <span class='ocrx_word' id='word_1_478' title='bbox 1309 464 1349 490; x_wconf 85' lang='lat' dir='ltr'><strong>vel</strong></span> <span class='ocrx_word' id='word_1_479' title='bbox 1364 472 1418 498; x_wconf 88' lang='lat' dir='ltr'><strong>quo</strong></span> <span class='ocrx_word' id='word_1_480' title='bbox 1434 469 1515 499; x_wconf 87' lang='lat' dir='ltr'><strong>pacto</strong></span> <span class='ocrx_word' id='word_1_481' title='bbox 1531 464 1622 491; x_wconf 83' lang='lat' dir='ltr'><strong>volunt</strong></span> <span class='ocrx_word' id='word_1_482' title='bbox 1635 465 1721 492; x_wconf 87' lang='lat' dir='ltr'><strong>nomi-</strong></span> 
     </span>
    </p>
   </div>
   <div class='ocr_carea' id='block_1_65' title="bbox 928 509 1722 545">
    <p class='ocr_par' dir='ltr' id='par_1_65' title="bbox 928 509 1722 545">
     <span class='ocr_line' id='line_1_65' title="bbox 928 509 1722 545; baseline 0.003 -9"><span class='ocrx_word' id='word_1_483' title='bbox 928 510 987 536; x_wconf 84' lang='lat' dir='ltr'><strong>nari</strong></span> <span class='ocrx_word' id='word_1_484' title='bbox 1011 510 1174 543; x_wconf 72' lang='lat' dir='ltr'><strong>Christiani,</strong></span> <span class='ocrx_word' id='word_1_485' title='bbox 1195 510 1240 544; x_wconf 85' lang='lat' dir='ltr'><strong>qui</strong></span> <span class='ocrx_word' id='word_1_486' title='bbox 1265 510 1358 536; x_wconf 88' lang='lat' dir='ltr'><strong>dicunt</strong></span> <span class='ocrx_word' id='word_1_487' title='bbox 1385 509 1411 536; x_wconf 91' lang='lat' dir='ltr'><strong>iu</strong></span> <span class='ocrx_word' id='word_1_488' title='bbox 1429 511 1564 537; x_wconf 81' lang='lat' dir='ltr'><strong>lmmincm</strong></span> <span class='ocrx_word' id='word_1_489' title='bbox 1588 516 1722 545; x_wconf 85' lang='lat' dir='ltr'><strong>sanctum,</strong></span> 
     </span>
    </p>
   </div>
   <div class='ocr_carea' id='block_1_66' title="bbox 927 554 1724 589">
    <p class='ocr_par' dir='ltr' id='par_1_66' title="bbox 927 554 1724 589">
     <span class='ocr_line' id='line_1_66' title="bbox 927 554 1724 589; baseline 0.001 -8"><span class='ocrx_word' id='word_1_490' title='bbox 927 555 997 581; x_wconf 89' lang='lat' dir='ltr'><strong>sicut</strong></span> <span class='ocrx_word' id='word_1_491' title='bbox 1017 554 1043 581; x_wconf 90' lang='lat' dir='ltr'><strong>in</strong></span> <span class='ocrx_word' id='word_1_492' title='bbox 1060 562 1142 581; x_wconf 88' lang='lat' dir='ltr'><strong>unum</strong></span> <span class='ocrx_word' id='word_1_493' title='bbox 1169 554 1379 589; x_wconf 89' lang='lat' dir='ltr'><strong>prophetarum,</strong></span> <span class='ocrx_word' id='word_1_494' title='bbox 1408 555 1514 582; x_wconf 79' lang='lat' dir='ltr'><strong>venisse</strong></span> <span class='ocrx_word' id='word_1_495' title='bbox 1542 554 1658 582; x_wconf 85' lang='lat' dir='ltr'><strong>Verbum</strong></span> <span class='ocrx_word' id='word_1_496' title='bbox 1671 576 1678 588; x_wconf 88' lang='lat'><strong>,</strong></span> <span class='ocrx_word' id='word_1_497' title='bbox 1695 561 1724 583; x_wconf 87' lang='lat' dir='ltr'><strong>et</strong></span> 
     </span>
    </p>
   </div>
   <div class='ocr_carea' id='block_1_67' title="bbox 928 599 1720 636">
    <p class='ocr_par' dir='ltr' id='par_1_67' title="bbox 928 599 1720 636">
     <span class='ocr_line' id='line_1_67' title="bbox 928 599 1720 636; baseline 0.003 -9"><span class='ocrx_word' id='word_1_498' title='bbox 928 608 980 627; x_wconf 91' lang='lat' dir='ltr'><strong>nou</strong></span> <span class='ocrx_word' id='word_1_499' title='bbox 997 600 1083 635; x_wconf 87' lang='lat' dir='ltr'><strong>ipstnn</strong></span> <span class='ocrx_word' id='word_1_500' title='bbox 1100 600 1235 627; x_wconf 85' lang='lat' dir='ltr'><strong>hominem</strong></span> <span class='ocrx_word' id='word_1_501' title='bbox 1255 599 1366 632; x_wconf 82' lang='lat' dir='ltr'><strong>factum,</strong></span> <span class='ocrx_word' id='word_1_502' title='bbox 1381 608 1441 627; x_wconf 88' lang='lat' dir='ltr'><strong>cum</strong></span> <span class='ocrx_word' id='word_1_503' title='bbox 1458 601 1572 636; x_wconf 88' lang='lat' dir='ltr'><strong>sumpsit</strong></span> <span class='ocrx_word' id='word_1_504' title='bbox 1588 609 1620 627; x_wconf 74' lang='lat' dir='ltr'><strong>ex</strong></span> <span class='ocrx_word' id='word_1_505' title='bbox 1635 601 1720 629; x_wconf 82' lang='lat' dir='ltr'><strong>Maria</strong></span> 
     </span>
    </p>
   </div>
   <div class='ocr_carea' id='block_1_68' title="bbox 927 646 1721 681">
    <p class='ocr_par' dir='ltr' id='par_1_68' title="bbox 927 646 1721 681">
     <span class='ocr_line' id='line_1_68' title="bbox 927 646 1721 681; baseline 0.004 -9"><span class='ocrx_word' id='word_1_506' title='bbox 927 653 1026 681; x_wconf 86' lang='lat' dir='ltr'><strong>corpus</strong></span> <span class='ocrx_word' id='word_1_507' title='bbox 1041 654 1048 672; x_wconf 90' lang='lat'><strong>:</strong></span> <span class='ocrx_word' id='word_1_508' title='bbox 1063 646 1110 673; x_wconf 85' lang='lat' dir='ltr'><strong>sed</strong></span> <span class='ocrx_word' id='word_1_509' title='bbox 1139 646 1220 672; x_wconf 89' lang='lat' dir='ltr'><strong>alium</strong></span> <span class='ocrx_word' id='word_1_510' title='bbox 1245 654 1305 673; x_wconf 83' lang='lat' dir='ltr'><strong>esse</strong></span> <span class='ocrx_word' id='word_1_511' title='bbox 1330 646 1488 678; x_wconf 82' lang='lat' dir='ltr'><strong>Christum,</strong></span> <span class='ocrx_word' id='word_1_512' title='bbox 1508 653 1535 673; x_wconf 84' lang='lat' dir='ltr'><strong>et</strong></span> <span class='ocrx_word' id='word_1_513' title='bbox 1557 647 1641 674; x_wconf 89' lang='lat' dir='ltr'><strong>alium</strong></span> <span class='ocrx_word' id='word_1_514' title='bbox 1675 648 1721 675; x_wconf 84' lang='lat' dir='ltr'><strong>Dei</strong></span> 
     </span>
    </p>
   </div>
   <div class='ocr_carea' id='block_1_69' title="bbox 928 690 1722 725">
    <p class='ocr_par' dir='ltr' id='par_1_69' title="bbox 928 690 1722 725">
     <span class='ocr_line' id='line_1_69' title="bbox 928 690 1722 725; baseline 0.004 -8"><span class='ocrx_word' id='word_1_515' title='bbox 928 690 1046 718; x_wconf 80' lang='lat' dir='ltr'><strong>Verbum</strong></span> <span class='ocrx_word' id='word_1_516' title='bbox 1069 691 1140 725; x_wconf 91' lang='lat' dir='ltr'><strong>quod</strong></span> <span class='ocrx_word' id='word_1_517' title='bbox 1166 696 1229 718; x_wconf 87' lang='lat' dir='ltr'><strong>ante</strong></span> <span class='ocrx_word' id='word_1_518' title='bbox 1248 691 1359 718; x_wconf 79' lang='lat' dir='ltr'><strong>Mariam</strong></span> <span class='ocrx_word' id='word_1_519' title='bbox 1394 697 1420 718; x_wconf 91' lang='lat' dir='ltr'><strong>et</strong></span> <span class='ocrx_word' id='word_1_520' title='bbox 1434 697 1497 719; x_wconf 85' lang='lat' dir='ltr'><strong>ante</strong></span> <span class='ocrx_word' id='word_1_521' title='bbox 1515 693 1611 722; x_wconf 60' lang='lat' dir='ltr'><strong>saecula</strong></span> <span class='ocrx_word' id='word_1_522' title='bbox 1637 693 1722 721; x_wconf 85' lang='lat' dir='ltr'><strong>Filius</strong></span> 
     </span>
    </p>
   </div>
   <div class='ocr_carea' id='block_1_70' title="bbox 927 736 1721 773">
    <p class='ocr_par' dir='ltr' id='par_1_70' title="bbox 927 736 1721 773">
     <span class='ocr_line' id='line_1_70' title="bbox 927 736 1721 773; baseline 0.004 -10"><span class='ocrx_word' id='word_1_523' title='bbox 927 741 987 764; x_wconf 83' lang='lat' dir='ltr'><strong>erat</strong></span> <span class='ocrx_word' id='word_1_524' title='bbox 1003 736 1090 763; x_wconf 80' lang='lat' dir='ltr'><strong>Patris</strong></span> <span class='ocrx_word' id='word_1_525' title='bbox 1105 737 1115 763; x_wconf 77' lang='grc'><strong><em>2</em></strong></span> <span class='ocrx_word' id='word_1_526' title='bbox 1128 737 1169 764; x_wconf 91' lang='lat' dir='ltr'><strong>vel</strong></span> <span class='ocrx_word' id='word_1_527' title='bbox 1185 737 1320 771; x_wconf 89' lang='lat' dir='ltr'><strong>quomodo</strong></span> <span class='ocrx_word' id='word_1_528' title='bbox 1342 736 1491 764; x_wconf 82' lang='lat' dir='ltr'><strong>Christiani</strong></span> <span class='ocrx_word' id='word_1_529' title='bbox 1509 746 1569 765; x_wconf 84' lang='lat' dir='ltr'><strong>esse</strong></span> <span class='ocrx_word' id='word_1_530' title='bbox 1595 744 1721 773; x_wconf 89' lang='lat' dir='ltr'><strong>possunt.</strong></span> 
     </span>
    </p>
   </div>
   <div class='ocr_carea' id='block_1_71' title="bbox 928 782 1722 814">
    <p class='ocr_par' dir='ltr' id='par_1_71' title="bbox 928 782 1722 814">
     <span class='ocr_line' id='line_1_71' title="bbox 928 782 1722 814; baseline 0.003 -4"><span class='ocrx_word' id='word_1_531' title='bbox 928 783 1050 810; x_wconf 83' lang='lat' dir='ltr'><strong>dicentes</strong></span> <span class='ocrx_word' id='word_1_532' title='bbox 1068 782 1149 809; x_wconf 85' lang='lat' dir='ltr'><strong>alium</strong></span> <span class='ocrx_word' id='word_1_533' title='bbox 1161 790 1221 809; x_wconf 82' lang='lat' dir='ltr'><strong>esse</strong></span> <span class='ocrx_word' id='word_1_534' title='bbox 1232 782 1330 809; x_wconf 88' lang='lat' dir='ltr'><strong>Filium</strong></span> <span class='ocrx_word' id='word_1_535' title='bbox 1343 801 1351 814; x_wconf 85' lang='lat'><strong>,</strong></span> <span class='ocrx_word' id='word_1_536' title='bbox 1368 787 1395 809; x_wconf 90' lang='lat' dir='ltr'><strong>et</strong></span> <span class='ocrx_word' id='word_1_537' title='bbox 1408 783 1490 809; x_wconf 85' lang='lat' dir='ltr'><strong>alium</strong></span> <span class='ocrx_word' id='word_1_538' title='bbox 1510 783 1553 810; x_wconf 86' lang='lat' dir='ltr'><strong>Dei</strong></span> <span class='ocrx_word' id='word_1_539' title='bbox 1580 783 1722 812; x_wconf 79' lang='lat' dir='ltr'><strong>Verbum?</strong></span> 
     </span>
    </p>
   </div>
   <div class='ocr_carea' id='block_1_72' title="bbox 964 828 1720 863">
    <p class='ocr_par' dir='ltr' id='par_1_72' title="bbox 964 828 1720 863">
     <span class='ocr_line' id='line_1_72' title="bbox 964 828 1720 863; baseline 0.004 -8"><span class='ocrx_word' id='word_1_540' title='bbox 964 828 1019 855; x_wconf 87' lang='lat' dir='ltr'><strong>llas</strong></span> <span class='ocrx_word' id='word_1_541' title='bbox 1036 836 1086 855; x_wconf 90' lang='lat' dir='ltr'><strong>nos</strong></span> <span class='ocrx_word' id='word_1_542' title='bbox 1102 833 1258 856; x_wconf 88' lang='lat' dir='ltr'><strong>sanctorum</strong></span> <span class='ocrx_word' id='word_1_543' title='bbox 1271 828 1383 856; x_wconf 77' lang='lat' dir='ltr'><strong>Patrum</strong></span> <span class='ocrx_word' id='word_1_544' title='bbox 1400 837 1547 863; x_wconf 87' lang='lat' dir='ltr'><strong>sequemur</strong></span> <span class='ocrx_word' id='word_1_545' title='bbox 1561 831 1720 859; x_wconf 79' lang='lat' dir='ltr'><strong>sententias.</strong></span> 
     </span>
    </p>
   </div>
   <div class='ocr_carea' id='block_1_73' title="bbox 931 874 1719 911">
    <p class='ocr_par' dir='ltr' id='par_1_73' title="bbox 931 874 1719 911">
     <span class='ocr_line' id='line_1_73' title="bbox 931 874 1719 911; baseline 0.003 -10"><span class='ocrx_word' id='word_1_546' title='bbox 931 874 959 902; x_wconf 92' lang='lat' dir='ltr'><strong>Si</strong></span> <span class='ocrx_word' id='word_1_547' title='bbox 975 880 1065 901; x_wconf 85' lang='lat' dir='ltr'><strong>autem</strong></span> <span class='ocrx_word' id='word_1_548' title='bbox 1096 875 1157 909; x_wconf 88' lang='lat' dir='ltr'><strong>quis</strong></span> <span class='ocrx_word' id='word_1_549' title='bbox 1172 874 1310 902; x_wconf 86' lang='lat' dir='ltr'><strong>diversum</strong></span> <span class='ocrx_word' id='word_1_550' title='bbox 1331 875 1428 907; x_wconf 84' lang='lat' dir='ltr'><strong>docet,</strong></span> <span class='ocrx_word' id='word_1_551' title='bbox 1445 880 1472 902; x_wconf 89' lang='lat' dir='ltr'><strong>et</strong></span> <span class='ocrx_word' id='word_1_552' title='bbox 1484 876 1620 902; x_wconf 84' lang='lat' dir='ltr'><strong>diversum</strong></span> <span class='ocrx_word' id='word_1_553' title='bbox 1637 877 1719 911; x_wconf 86' lang='lat' dir='ltr'><strong>sapit,</strong></span> 
     </span>
    </p>
   </div>
   <div class='ocr_carea' id='block_1_74' title="bbox 929 920 1721 956">
    <p class='ocr_par' dir='ltr' id='par_1_74' title="bbox 929 920 1721 956">
     <span class='ocr_line' id='line_1_74' title="bbox 929 920 1721 956; baseline 0.001 -8"><span class='ocrx_word' id='word_1_554' title='bbox 929 925 1005 948; x_wconf 83' lang='lat' dir='ltr'><strong>extra</strong></span> <span class='ocrx_word' id='word_1_555' title='bbox 1020 925 1120 948; x_wconf 89' lang='lat' dir='ltr'><strong>rectam</strong></span> <span class='ocrx_word' id='word_1_556' title='bbox 1130 924 1156 947; x_wconf 86' lang='lat' dir='ltr'><strong>et</strong></span> <span class='ocrx_word' id='word_1_557' title='bbox 1169 920 1269 956; x_wconf 72' lang='lat' dir='ltr'><strong>regiam</strong></span> <span class='ocrx_word' id='word_1_558' title='bbox 1288 921 1357 947; x_wconf 87' lang='lat' dir='ltr'><strong>viam</strong></span> <span class='ocrx_word' id='word_1_559' title='bbox 1372 920 1469 948; x_wconf 80' lang='lat' dir='ltr'><strong>fertur.</strong></span> <span class='ocrx_word' id='word_1_560' title='bbox 1499 921 1574 954; x_wconf 84' lang='lat' dir='ltr'><strong>Quod</strong></span> <span class='ocrx_word' id='word_1_561' title='bbox 1592 927 1682 948; x_wconf 87' lang='lat' dir='ltr'><strong>autem</strong></span> <span class='ocrx_word' id='word_1_562' title='bbox 1693 929 1721 949; x_wconf 86' lang='lat' dir='ltr'><strong>et</strong></span> 
     </span>
    </p>
   </div>
   <div class='ocr_carea' id='block_1_75' title="bbox 929 966 1719 1000">
    <p class='ocr_par' dir='ltr' id='par_1_75' title="bbox 929 966 1719 1000">
     <span class='ocr_line' id='line_1_75' title="bbox 929 966 1719 1000; baseline 0 -6"><span class='ocrx_word' id='word_1_563' title='bbox 929 967 1076 994; x_wconf 79' lang='lat' dir='ltr'><strong>carnaliter</strong></span> <span class='ocrx_word' id='word_1_564' title='bbox 1090 966 1142 993; x_wconf 88' lang='lat' dir='ltr'><strong>dici</strong></span> <span class='ocrx_word' id='word_1_565' title='bbox 1158 972 1250 993; x_wconf 84' lang='lat' dir='ltr'><strong>natum</strong></span> <span class='ocrx_word' id='word_1_566' title='bbox 1273 973 1335 994; x_wconf 85' lang='lat' dir='ltr'><strong>esse</strong></span> <span class='ocrx_word' id='word_1_567' title='bbox 1351 966 1501 1000; x_wconf 86' lang='lat' dir='ltr'><strong>Christum,</strong></span> <span class='ocrx_word' id='word_1_568' title='bbox 1514 975 1565 993; x_wconf 85' lang='lat' dir='ltr'><strong>mm</strong></span> <span class='ocrx_word' id='word_1_569' title='bbox 1583 968 1719 994; x_wconf 80' lang='lat' dir='ltr'><strong>insolitum</strong></span> 
     </span>
    </p>
   </div>
   <div class='ocr_carea' id='block_1_76' title="bbox 931 1012 1720 1046">
    <p class='ocr_par' dir='ltr' id='par_1_76' title="bbox 931 1012 1720 1046">
     <span class='ocr_line' id='line_1_76' title="bbox 931 1012 1720 1046; baseline 0.001 -7"><span class='ocrx_word' id='word_1_570' title='bbox 931 1012 967 1040; x_wconf 85' lang='lat' dir='ltr'><strong>sit</strong></span> <span class='ocrx_word' id='word_1_571' title='bbox 988 1013 1091 1040; x_wconf 84' lang='lat' dir='ltr'><strong>sanctis</strong></span> <span class='ocrx_word' id='word_1_572' title='bbox 1116 1012 1260 1046; x_wconf 84' lang='lat' dir='ltr'><strong>Patribus,</strong></span> <span class='ocrx_word' id='word_1_573' title='bbox 1276 1013 1331 1040; x_wconf 93' lang='lat' dir='ltr'><strong>imo</strong></span> <span class='ocrx_word' id='word_1_574' title='bbox 1352 1021 1417 1040; x_wconf 83' lang='lat' dir='ltr'><strong>vero</strong></span> <span class='ocrx_word' id='word_1_575' title='bbox 1434 1014 1515 1040; x_wconf 86' lang='lat' dir='ltr'><strong>etiam</strong></span> <span class='ocrx_word' id='word_1_576' title='bbox 1536 1013 1598 1040; x_wconf 90' lang='lat' dir='ltr'><strong>aliis</strong></span> <span class='ocrx_word' id='word_1_577' title='bbox 1626 1014 1720 1041; x_wconf 90' lang='lat' dir='ltr'><strong>tritum</strong></span> 
     </span>
    </p>
   </div>
   <div class='ocr_carea' id='block_1_77' title="bbox 930 1059 1721 1095">
    <p class='ocr_par' dir='ltr' id='par_1_77' title="bbox 930 1059 1721 1095">
     <span class='ocr_line' id='line_1_77' title="bbox 930 1059 1721 1095; baseline 0.003 -10"><span class='ocrx_word' id='word_1_578' title='bbox 930 1059 1058 1091; x_wconf 77' lang='lat' dir='ltr'><strong>verbum.</strong></span> <span class='ocrx_word' id='word_1_579' title='bbox 1082 1067 1134 1086; x_wconf 92' lang='lat' dir='ltr'><strong>non</strong></span> <span class='ocrx_word' id='word_1_580' title='bbox 1154 1059 1243 1087; x_wconf 90' lang='lat' dir='ltr'><strong>minus</strong></span> <span class='ocrx_word' id='word_1_581' title='bbox 1264 1067 1360 1087; x_wconf 81' lang='lat' dir='ltr'><strong>verum</strong></span> <span class='ocrx_word' id='word_1_582' title='bbox 1386 1060 1464 1087; x_wconf 84' lang='lat' dir='ltr'><strong>nobis</strong></span> <span class='ocrx_word' id='word_1_583' title='bbox 1487 1068 1549 1087; x_wconf 81' lang='lat' dir='ltr'><strong>esse</strong></span> <span class='ocrx_word' id='word_1_584' title='bbox 1577 1059 1721 1095; x_wconf 87' lang='lat' dir='ltr'><strong>subjuncta</strong></span> 
     </span>
    </p>
   </div>
   <div class='ocr_carea' id='block_1_78' title="bbox 930 1105 1457 1133">
    <p class='ocr_par' dir='ltr' id='par_1_78' title="bbox 930 1105 1457 1133">
     <span class='ocr_line' id='line_1_78' title="bbox 930 1105 1457 1133; baseline 0.004 -2"><span class='ocrx_word' id='word_1_585' title='bbox 930 1105 1010 1132; x_wconf 81' lang='lat' dir='ltr'><strong>verba</strong></span> <span class='ocrx_word' id='word_1_586' title='bbox 1032 1106 1228 1132; x_wconf 85' lang='lat' dir='ltr'><strong>demonstrant.</strong></span> <span class='ocrx_word' id='word_1_587' title='bbox 1250 1105 1286 1133; x_wconf 87' lang='lat' dir='ltr'><strong>Ea</strong></span> <span class='ocrx_word' id='word_1_588' title='bbox 1301 1105 1340 1133; x_wconf 81' lang='lat' dir='ltr'><strong>sic</strong></span> <span class='ocrx_word' id='word_1_589' title='bbox 1352 1105 1457 1133; x_wconf 79' lang='lat' dir='ltr'><strong>habent</strong></span> 
     </span>
    </p>
   </div>
   <div class='ocr_carea' id='block_1_79' title="bbox 1114 1205 1541 1240">
    <p class='ocr_par' dir='ltr' id='par_1_79' title="bbox 1114 1205 1541 1240">
     <span class='ocr_line' id='line_1_79' title="bbox 1114 1205 1541 1240; baseline 0.002 -9"><span class='ocrx_word' id='word_1_590' title='bbox 1114 1205 1291 1240; x_wconf 81' lang='lat' dir='ltr'><strong>Amphilocltii</strong></span> <span class='ocrx_word' id='word_1_591' title='bbox 1307 1205 1425 1240; x_wconf 74' lang='lat' dir='ltr'><strong>episcopi</strong></span> <span class='ocrx_word' id='word_1_592' title='bbox 1446 1205 1541 1232; x_wconf 82' lang='lat' dir='ltr'><strong>lconii.</strong></span> 
     </span>
    </p>
   </div>
   <div class='ocr_carea' id='block_1_80' title="bbox 963 1251 1720 1286">
    <p class='ocr_par' dir='ltr' id='par_1_80' title="bbox 963 1251 1720 1286">
     <span class='ocr_line' id='line_1_80' title="bbox 963 1251 1720 1286; baseline 0 -8"><span class='ocrx_word' id='word_1_593' title='bbox 963 1251 1020 1278; x_wconf 84' lang='lat' dir='ltr'><strong>Nisi</strong></span> <span class='ocrx_word' id='word_1_594' title='bbox 1037 1251 1109 1278; x_wconf 87' lang='lat' dir='ltr'><strong>enim</strong></span> <span class='ocrx_word' id='word_1_595' title='bbox 1126 1251 1169 1278; x_wconf 87' lang='lat' dir='ltr'><strong>ille</strong></span> <span class='ocrx_word' id='word_1_596' title='bbox 1197 1255 1278 1278; x_wconf 85' lang='lat' dir='ltr'><strong>natus</strong></span> <span class='ocrx_word' id='word_1_597' title='bbox 1296 1256 1370 1278; x_wconf 85' lang='lat' dir='ltr'><strong>esset</strong></span> <span class='ocrx_word' id='word_1_598' title='bbox 1390 1251 1554 1283; x_wconf 68' lang='lat' dir='ltr'><strong>carnaliter,</strong></span> <span class='ocrx_word' id='word_1_599' title='bbox 1580 1259 1666 1286; x_wconf 82' lang='lat' dir='ltr'><strong>neque</strong></span> <span class='ocrx_word' id='word_1_600' title='bbox 1691 1256 1720 1278; x_wconf 90' lang='lat' dir='ltr'><strong>tu</strong></span> 
     </span>
    </p>
   </div>
   <div class='ocr_carea' id='block_1_81' title="bbox 929 1296 1720 1332">
    <p class='ocr_par' dir='ltr' id='par_1_81' title="bbox 929 1296 1720 1332">
     <span class='ocr_line' id='line_1_81' title="bbox 929 1296 1720 1332; baseline 0 -8"><span class='ocrx_word' id='word_1_601' title='bbox 929 1302 1007 1325; x_wconf 83' lang='lat' dir='ltr'><strong>natus</strong></span> <span class='ocrx_word' id='word_1_602' title='bbox 1025 1305 1099 1325; x_wconf 88' lang='lat' dir='ltr'><strong>esses</strong></span> <span class='ocrx_word' id='word_1_603' title='bbox 1117 1297 1274 1332; x_wconf 84' lang='lat' dir='ltr'><strong>spiritaliter</strong></span> <span class='ocrx_word' id='word_1_604' title='bbox 1291 1305 1298 1323; x_wconf 91' lang='lat'>:</span> <span class='ocrx_word' id='word_1_605' title='bbox 1318 1297 1368 1324; x_wconf 88' lang='lat' dir='ltr'><strong>nisi</strong></span> <span class='ocrx_word' id='word_1_606' title='bbox 1384 1296 1427 1324; x_wconf 86' lang='lat' dir='ltr'><strong>ille</strong></span> <span class='ocrx_word' id='word_1_607' title='bbox 1441 1297 1547 1324; x_wconf 86' lang='lat' dir='ltr'><strong>tulisset</strong></span> <span class='ocrx_word' id='word_1_608' title='bbox 1567 1298 1638 1325; x_wconf 81' lang='lat' dir='ltr'><strong>servi</strong></span> <span class='ocrx_word' id='word_1_609' title='bbox 1662 1297 1720 1324; x_wconf 79' lang='lat' dir='ltr'><strong>for-</strong></span> 
     </span>
    </p>
   </div>
   <div class='ocr_carea' id='block_1_82' title="bbox 928 1343 1722 1379">
    <p class='ocr_par' dir='ltr' id='par_1_82' title="bbox 928 1343 1722 1379">
     <span class='ocr_line' id='line_1_82' title="bbox 928 1343 1722 1379; baseline -0.001 -8"><span class='ocrx_word' id='word_1_610' title='bbox 928 1352 1015 1377; x_wconf 87' lang='lat' dir='ltr'><strong>mam,</strong></span> <span class='ocrx_word' id='word_1_611' title='bbox 1032 1351 1121 1379; x_wconf 86' lang='lat' dir='ltr'><strong>neque</strong></span> <span class='ocrx_word' id='word_1_612' title='bbox 1141 1348 1168 1371; x_wconf 94' lang='lat' dir='ltr'><strong>tu</strong></span> <span class='ocrx_word' id='word_1_613' title='bbox 1188 1343 1301 1379; x_wconf 74' lang='lat' dir='ltr'><strong>gloriam</strong></span> <span class='ocrx_word' id='word_1_614' title='bbox 1319 1343 1472 1378; x_wconf 85' lang='lat' dir='ltr'><strong>adoptionis</strong></span> <span class='ocrx_word' id='word_1_615' title='bbox 1493 1343 1607 1370; x_wconf 89' lang='lat' dir='ltr'><strong>ﬁliorum</strong></span> <span class='ocrx_word' id='word_1_616' title='bbox 1627 1349 1722 1371; x_wconf 86' lang='lat' dir='ltr'><strong>nactus</strong></span> 
     </span>
    </p>
   </div>
   <div class='ocr_carea' id='block_1_83' title="bbox 927 1389 1720 1425">
    <p class='ocr_par' dir='ltr' id='par_1_83' title="bbox 927 1389 1720 1425">
     <span class='ocr_line' id='line_1_83' title="bbox 927 1389 1720 1425; baseline -0.001 -8"><span class='ocrx_word' id='word_1_617' title='bbox 927 1397 1015 1417; x_wconf 86' lang='lat' dir='ltr'><strong>esses.</strong></span> <span class='ocrx_word' id='word_1_618' title='bbox 1048 1389 1191 1425; x_wconf 81' lang='lat' dir='ltr'><strong>Signiﬁcat</strong></span> <span class='ocrx_word' id='word_1_619' title='bbox 1220 1394 1311 1416; x_wconf 88' lang='lat' dir='ltr'><strong>autem</strong></span> <span class='ocrx_word' id='word_1_620' title='bbox 1336 1395 1364 1416; x_wconf 85' lang='lat' dir='ltr'><strong>et</strong></span> <span class='ocrx_word' id='word_1_621' title='bbox 1390 1389 1441 1416; x_wconf 86' lang='lat' dir='ltr'><strong>hoc</strong></span> <span class='ocrx_word' id='word_1_622' title='bbox 1469 1389 1529 1416; x_wconf 88' lang='lat' dir='ltr'><strong>loco</strong></span> <span class='ocrx_word' id='word_1_623' title='bbox 1555 1390 1720 1422; x_wconf 82' lang='lat' dir='ltr'><strong>carnaliter,</strong></span> 
     </span>
    </p>
   </div>
   <div class='ocr_carea' id='block_1_84' title="bbox 927 1435 1722 1470">
    <p class='ocr_par' dir='ltr' id='par_1_84' title="bbox 927 1435 1722 1470">
     <span class='ocr_line' id='line_1_84' title="bbox 927 1435 1722 1470; baseline 0 -7"><span class='ocrx_word' id='word_1_624' title='bbox 927 1435 999 1464; x_wconf 89' lang='lat' dir='ltr'><strong>idem</strong></span> <span class='ocrx_word' id='word_1_625' title='bbox 1015 1435 1086 1470; x_wconf 88' lang='lat' dir='ltr'><strong>quod</strong></span> <span class='ocrx_word' id='word_1_626' title='bbox 1101 1435 1250 1463; x_wconf 89' lang='lat' dir='ltr'><strong>secundum</strong></span> <span class='ocrx_word' id='word_1_627' title='bbox 1265 1442 1387 1469; x_wconf 87' lang='lat' dir='ltr'><strong>carnem,</strong></span> <span class='ocrx_word' id='word_1_628' title='bbox 1400 1435 1472 1462; x_wconf 85' lang='lat' dir='ltr'><strong>sicut</strong></span> <span class='ocrx_word' id='word_1_629' title='bbox 1488 1435 1594 1463; x_wconf 88' lang='lat' dir='ltr'><strong>scilicet</strong></span> <span class='ocrx_word' id='word_1_630' title='bbox 1619 1435 1722 1469; x_wconf 80' lang='lat' dir='ltr'><strong>divine.</strong></span> 
     </span>
    </p>
   </div>
   <div class='ocr_carea' id='block_1_85' title="bbox 928 1481 1278 1509">
    <p class='ocr_par' dir='ltr' id='par_1_85' title="bbox 928 1481 1278 1509">
     <span class='ocr_line' id='line_1_85' title="bbox 928 1481 1278 1509; baseline 0.003 -2"><span class='ocrx_word' id='word_1_631' title='bbox 928 1481 1079 1509; x_wconf 86' lang='lat' dir='ltr'><strong>secundum</strong></span> <span class='ocrx_word' id='word_1_632' title='bbox 1096 1481 1278 1509; x_wconf 85' lang='lat' dir='ltr'><strong>divinitatem.</strong></span> 
     </span>
    </p>
   </div>
   <div class='ocr_carea' id='block_1_86' title="bbox 1135 1535 1521 1565">
    <p class='ocr_par' dir='ltr' id='par_1_86' title="bbox 1135 1535 1521 1565">
     <span class='ocr_line' id='line_1_86' title="bbox 1135 1535 1521 1565; baseline 0 -2"><span class='ocrx_word' id='word_1_633' title='bbox 1135 1535 1456 1565; x_wconf 78' lang='lat' dir='ltr'><strong>ANATHEMATISMUS</strong></span> <span class='ocrx_word' id='word_1_634' title='bbox 1476 1536 1521 1564; x_wconf 87' lang='grc' dir='ltr'><strong>ΙΙΙ.</strong></span> 
     </span>
    </p>
   </div>
   <div class='ocr_carea' id='block_1_87' title="bbox 965 1592 1723 1628">
    <p class='ocr_par' dir='ltr' id='par_1_87' title="bbox 965 1592 1723 1628">
     <span class='ocr_line' id='line_1_87' title="bbox 965 1592 1723 1628; baseline 0 -8"><span class='ocrx_word' id='word_1_635' title='bbox 965 1592 994 1620; x_wconf 87' lang='lat' dir='ltr'><strong>Si</strong></span> <span class='ocrx_word' id='word_1_636' title='bbox 1012 1593 1073 1627; x_wconf 90' lang='lat' dir='ltr'><strong>quis</strong></span> <span class='ocrx_word' id='word_1_637' title='bbox 1088 1593 1114 1619; x_wconf 91' lang='lat' dir='ltr'><strong>in</strong></span> <span class='ocrx_word' id='word_1_638' title='bbox 1135 1600 1188 1619; x_wconf 93' lang='lat' dir='ltr'><strong>uno</strong></span> <span class='ocrx_word' id='word_1_639' title='bbox 1206 1593 1315 1621; x_wconf 87' lang='lat' dir='ltr'><strong>Christo</strong></span> <span class='ocrx_word' id='word_1_640' title='bbox 1330 1597 1392 1627; x_wconf 87' lang='lat' dir='ltr'><strong>post</strong></span> <span class='ocrx_word' id='word_1_641' title='bbox 1413 1594 1543 1620; x_wconf 85' lang='lat' dir='ltr'><strong>unionem</strong></span> <span class='ocrx_word' id='word_1_642' title='bbox 1559 1593 1652 1620; x_wconf 89' lang='lat' dir='ltr'><strong>dividit</strong></span> <span class='ocrx_word' id='word_1_643' title='bbox 1672 1593 1723 1628; x_wconf 85' lang='lat' dir='ltr'><strong>by-</strong></span> 
     </span>
    </p>
   </div>
   <div class='ocr_carea' id='block_1_88' title="bbox 929 1639 1724 1673">
    <p class='ocr_par' dir='ltr' id='par_1_88' title="bbox 929 1639 1724 1673">
     <span class='ocr_line' id='line_1_88' title="bbox 929 1639 1724 1673; baseline 0.001 -8"><span class='ocrx_word' id='word_1_644' title='bbox 929 1643 1069 1673; x_wconf 85' lang='lat' dir='ltr'><strong>postases.</strong></span> <span class='ocrx_word' id='word_1_645' title='bbox 1096 1639 1224 1673; x_wconf 87' lang='lat' dir='ltr'><strong>ipsasque</strong></span> <span class='ocrx_word' id='word_1_646' title='bbox 1244 1643 1350 1666; x_wconf 88' lang='lat' dir='ltr'><strong>tantum</strong></span> <span class='ocrx_word' id='word_1_647' title='bbox 1375 1639 1569 1673; x_wconf 81' lang='lat' dir='ltr'><strong>conjunctione</strong></span> <span class='ocrx_word' id='word_1_648' title='bbox 1596 1639 1666 1666; x_wconf 83' lang='lat' dir='ltr'><strong>inter</strong></span> <span class='ocrx_word' id='word_1_649' title='bbox 1693 1646 1724 1666; x_wconf 83' lang='lat' dir='ltr'><strong>se</strong></span> 
     </span>
    </p>
   </div>
   <div class='ocr_carea' id='block_1_89' title="bbox 930 1684 1724 1720">
    <p class='ocr_par' dir='ltr' id='par_1_89' title="bbox 930 1684 1724 1720">
     <span class='ocr_line' id='line_1_89' title="bbox 930 1684 1724 1720; baseline -0.001 -8"><span class='ocrx_word' id='word_1_650' title='bbox 930 1684 1078 1717; x_wconf 81' lang='lat' dir='ltr'><strong>connectit,</strong></span> <span class='ocrx_word' id='word_1_651' title='bbox 1095 1692 1155 1719; x_wconf 74' lang='lat' dir='ltr'><strong>qua:</strong></span> <span class='ocrx_word' id='word_1_652' title='bbox 1172 1685 1321 1712; x_wconf 87' lang='lat' dir='ltr'><strong>secundmu</strong></span> <span class='ocrx_word' id='word_1_653' title='bbox 1338 1685 1509 1720; x_wconf 80' lang='lat' dir='ltr'><strong>dignitatem,</strong></span> <span class='ocrx_word' id='word_1_654' title='bbox 1525 1684 1583 1712; x_wconf 78' lang='lat' dir='ltr'><strong>sire</strong></span> <span class='ocrx_word' id='word_1_655' title='bbox 1602 1684 1724 1711; x_wconf 83' lang='lat' dir='ltr'><strong>auctori-</strong></span> 
     </span>
    </p>
   </div>
   <div class='ocr_carea' id='block_1_90' title="bbox 931 1730 1723 1766">
    <p class='ocr_par' dir='ltr' id='par_1_90' title="bbox 931 1730 1723 1766">
     <span class='ocr_line' id='line_1_90' title="bbox 931 1730 1723 1766; baseline 0.001 -9"><span class='ocrx_word' id='word_1_656' title='bbox 931 1735 1025 1763; x_wconf 83' lang='lat' dir='ltr'><strong>tatem,</strong></span> <span class='ocrx_word' id='word_1_657' title='bbox 1042 1730 1083 1757; x_wconf 87' lang='lat' dir='ltr'><strong>vel</strong></span> <span class='ocrx_word' id='word_1_658' title='bbox 1101 1734 1275 1764; x_wconf 88' lang='lat' dir='ltr'><strong>potestatem,</strong></span> <span class='ocrx_word' id='word_1_659' title='bbox 1289 1734 1315 1757; x_wconf 84' lang='lat' dir='ltr'><strong>et</strong></span> <span class='ocrx_word' id='word_1_660' title='bbox 1334 1737 1386 1756; x_wconf 92' lang='lat' dir='ltr'><strong>non</strong></span> <span class='ocrx_word' id='word_1_661' title='bbox 1403 1731 1492 1764; x_wconf 85' lang='lat' dir='ltr'><strong>potius</strong></span> <span class='ocrx_word' id='word_1_662' title='bbox 1511 1738 1658 1763; x_wconf 88' lang='lat' dir='ltr'><strong>concursu,</strong></span> <span class='ocrx_word' id='word_1_663' title='bbox 1677 1731 1723 1766; x_wconf 90' lang='lat' dir='ltr'><strong>qui</strong></span> 
     </span>
    </p>
   </div>
   <div class='ocr_carea' id='block_1_91' title="bbox 929 1775 1686 1805">
    <p class='ocr_par' dir='ltr' id='par_1_91' title="bbox 929 1775 1686 1805">
     <span class='ocr_line' id='line_1_91' title="bbox 929 1775 1686 1805; baseline 0.001 -2"><span class='ocrx_word' id='word_1_664' title='bbox 929 1781 972 1804; x_wconf 89' lang='lat' dir='ltr'><strong>est</strong></span> <span class='ocrx_word' id='word_1_665' title='bbox 989 1775 1138 1803; x_wconf 88' lang='lat' dir='ltr'><strong>secundum</strong></span> <span class='ocrx_word' id='word_1_666' title='bbox 1154 1775 1306 1802; x_wconf 86' lang='lat' dir='ltr'><strong>naturalem</strong></span> <span class='ocrx_word' id='word_1_667' title='bbox 1322 1775 1466 1802; x_wconf 88' lang='lat' dir='ltr'><strong>unionem:</strong></span> <span class='ocrx_word' id='word_1_668' title='bbox 1480 1777 1625 1803; x_wconf 84' lang='lat' dir='ltr'><strong>anathema</strong></span> <span class='ocrx_word' id='word_1_669' title='bbox 1639 1776 1686 1805; x_wconf 90' lang='lat' dir='ltr'><strong>sit.</strong></span> 
     </span>
    </p>
   </div>
   <div class='ocr_carea' id='block_1_92' title="bbox 1119 1830 1542 1867">
    <p class='ocr_par' dir='ltr' id='par_1_92' title="bbox 1119 1830 1542 1867">
     <span class='ocr_line' id='line_1_92' title="bbox 1119 1830 1542 1867; baseline 0 -9"><span class='ocrx_word' id='word_1_670' title='bbox 1119 1830 1199 1867; x_wconf 61' lang='lat'><strong>164</strong></span> <span class='ocrx_word' id='word_1_671' title='bbox 1221 1830 1398 1858; x_wconf 81' lang='lat' dir='ltr'><strong>Orientalium</strong></span> <span class='ocrx_word' id='word_1_672' title='bbox 1420 1831 1542 1866; x_wconf 70' lang='lat' dir='ltr'><strong>objectio.</strong></span> 
     </span>
    </p>
   </div>
   <div class='ocr_carea' id='block_1_93' title="bbox 966 1878 1722 1910">
    <p class='ocr_par' dir='ltr' id='par_1_93' title="bbox 966 1878 1722 1910">
     <span class='ocr_line' id='line_1_93' title="bbox 966 1878 1722 1910; baseline -0.001 -4"><span class='ocrx_word' id='word_1_673' title='bbox 966 1879 1065 1906; x_wconf 87' lang='lat' dir='ltr'><strong>lterum</strong></span> <span class='ocrx_word' id='word_1_674' title='bbox 1076 1878 1150 1906; x_wconf 91' lang='lat' dir='ltr'><strong>illum</strong></span> <span class='ocrx_word' id='word_1_675' title='bbox 1163 1886 1273 1905; x_wconf 89' lang='lat' dir='ltr'><strong>suorum</strong></span> <span class='ocrx_word' id='word_1_676' title='bbox 1282 1878 1559 1906; x_wconf 88' lang='lat' dir='ltr'><strong>commonel&#39;aciemus</strong></span> <span class='ocrx_word' id='word_1_677' title='bbox 1566 1886 1722 1910; x_wconf 87' lang='lat' dir='ltr'><strong>vernorum,</strong></span> 
     </span>
    </p>
   </div>
   <div class='ocr_carea' id='block_1_94' title="bbox 930 1924 1723 1959">
    <p class='ocr_par' dir='ltr' id='par_1_94' title="bbox 930 1924 1723 1959">
     <span class='ocr_line' id='line_1_94' title="bbox 930 1924 1723 1959; baseline -0.001 -7"><span class='ocrx_word' id='word_1_678' title='bbox 930 1926 1105 1953; x_wconf 80' lang='lat' dir='ltr'><strong>ostendentes</strong></span> <span class='ocrx_word' id='word_1_679' title='bbox 1128 1925 1216 1959; x_wconf 90' lang='lat' dir='ltr'><strong>ipsum</strong></span> <span class='ocrx_word' id='word_1_680' title='bbox 1230 1925 1298 1952; x_wconf 86' lang='lat' dir='ltr'><strong>duas</strong></span> <span class='ocrx_word' id='word_1_681' title='bbox 1311 1924 1502 1952; x_wconf 89' lang='lat' dir='ltr'><strong>subsistentias</strong></span> <span class='ocrx_word' id='word_1_682' title='bbox 1519 1925 1630 1952; x_wconf 82' lang='lat' dir='ltr'><strong>dixisse.</strong></span> <span class='ocrx_word' id='word_1_683' title='bbox 1654 1924 1723 1952; x_wconf 86' lang='lat' dir='ltr'><strong>Dicit</strong></span> 
     </span>
    </p>
   </div>
   <div class='ocr_carea' id='block_1_95' title="bbox 930 1970 1721 2005">
    <p class='ocr_par' dir='ltr' id='par_1_95' title="bbox 930 1970 1721 2005">
     <span class='ocr_line' id='line_1_95' title="bbox 930 1970 1721 2005; baseline -0.003 -6"><span class='ocrx_word' id='word_1_684' title='bbox 930 1972 1002 1999; x_wconf 86' lang='lat' dir='ltr'><strong>enim</strong></span> <span class='ocrx_word' id='word_1_685' title='bbox 1017 1971 1043 1998; x_wconf 90' lang='lat' dir='ltr'><strong>in</strong></span> <span class='ocrx_word' id='word_1_686' title='bbox 1055 1971 1141 2005; x_wconf 81' lang='lat' dir='ltr'><strong>prium</strong></span> <span class='ocrx_word' id='word_1_687' title='bbox 1157 1976 1230 1997; x_wconf 90' lang='lat' dir='ltr'><strong>tomo</strong></span> <span class='ocrx_word' id='word_1_688' title='bbox 1249 1980 1255 1997; x_wconf 89' lang='lat'><strong>:</strong></span> <span class='ocrx_word' id='word_1_689' title='bbox 1275 1970 1366 2005; x_wconf 86' lang='lat' dir='ltr'><strong>Itaque</strong></span> <span class='ocrx_word' id='word_1_690' title='bbox 1380 1976 1511 2004; x_wconf 85' lang='lat' dir='ltr'><strong>quantum</strong></span> <span class='ocrx_word' id='word_1_691' title='bbox 1524 1971 1556 1997; x_wconf 87' lang='lat' dir='ltr'><strong>ad</strong></span> <span class='ocrx_word' id='word_1_692' title='bbox 1578 1978 1653 1998; x_wconf 86' lang='lat' dir='ltr'><strong>suam</strong></span> <span class='ocrx_word' id='word_1_693' title='bbox 1672 1979 1721 1997; x_wconf 88' lang='lat' dir='ltr'><strong>na-</strong></span> 
     </span>
    </p>
   </div>
   <div class='ocr_carea' id='block_1_96' title="bbox 932 2015 1723 2048">
    <p class='ocr_par' dir='ltr' id='par_1_96' title="bbox 932 2015 1723 2048">
     <span class='ocr_line' id='line_1_96' title="bbox 932 2015 1723 2048; baseline -0.003 -4"><span class='ocrx_word' id='word_1_694' title='bbox 932 2021 1032 2048; x_wconf 82' lang='lat' dir='ltr'><strong>turam,</strong></span> <span class='ocrx_word' id='word_1_695' title='bbox 1047 2024 1100 2043; x_wconf 92' lang='lat' dir='ltr'><strong>non</strong></span> <span class='ocrx_word' id='word_1_696' title='bbox 1118 2016 1320 2044; x_wconf 75' lang='lat' dir='ltr'><strong>sanctificatum</strong></span> <span class='ocrx_word' id='word_1_697' title='bbox 1336 2020 1378 2043; x_wconf 92' lang='lat' dir='ltr'><strong>est</strong></span> <span class='ocrx_word' id='word_1_698' title='bbox 1389 2016 1476 2043; x_wconf 90' lang='lat' dir='ltr'><strong>solum</strong></span> <span class='ocrx_word' id='word_1_699' title='bbox 1490 2015 1536 2043; x_wconf 91' lang='lat' dir='ltr'><strong>Dei</strong></span> <span class='ocrx_word' id='word_1_700' title='bbox 1553 2015 1642 2043; x_wconf 82' lang='lat' dir='ltr'><strong>Patris</strong></span> <span class='ocrx_word' id='word_1_701' title='bbox 1656 2016 1723 2043; x_wconf 82' lang='lat' dir='ltr'><strong>Ver-</strong></span> 
     </span>
    </p>
   </div>
   <div class='ocr_carea' id='block_1_97' title="bbox 931 2062 1720 2097">
    <p class='ocr_par' dir='ltr' id='par_1_97' title="bbox 931 2062 1720 2097">
     <span class='ocr_line' id='line_1_97' title="bbox 931 2062 1720 2097; baseline -0.003 -7"><span class='ocrx_word' id='word_1_702' title='bbox 931 2064 1006 2091; x_wconf 89' lang='lat' dir='ltr'><strong>bum.</strong></span> <span class='ocrx_word' id='word_1_703' title='bbox 1021 2062 1048 2090; x_wconf 90' lang='lat' dir='ltr'><strong>Si</strong></span> <span class='ocrx_word' id='word_1_704' title='bbox 1064 2066 1154 2089; x_wconf 86' lang='lat' dir='ltr'><strong>autem</strong></span> <span class='ocrx_word' id='word_1_705' title='bbox 1171 2062 1233 2097; x_wconf 91' lang='lat' dir='ltr'><strong>quis</strong></span> <span class='ocrx_word' id='word_1_706' title='bbox 1250 2062 1398 2097; x_wconf 88' lang='lat' dir='ltr'><strong>putaverit,</strong></span> <span class='ocrx_word' id='word_1_707' title='bbox 1420 2069 1493 2094; x_wconf 89' lang='lat' dir='ltr'><strong>eum,</strong></span> <span class='ocrx_word' id='word_1_708' title='bbox 1511 2063 1555 2096; x_wconf 89' lang='lat' dir='ltr'><strong>qui</strong></span> <span class='ocrx_word' id='word_1_709' title='bbox 1573 2070 1606 2089; x_wconf 77' lang='lat' dir='ltr'><strong>ex</strong></span> <span class='ocrx_word' id='word_1_710' title='bbox 1628 2067 1720 2089; x_wconf 88' lang='lat' dir='ltr'><strong>sancta</strong></span> 
     </span>
    </p>
   </div>
   <div class='ocr_carea' id='block_1_98' title="bbox 930 2107 1721 2144">
    <p class='ocr_par' dir='ltr' id='par_1_98' title="bbox 930 2107 1721 2144">
     <span class='ocr_line' id='line_1_98' title="bbox 930 2107 1721 2144; baseline -0.003 -9"><span class='ocrx_word' id='word_1_711' title='bbox 930 2109 1042 2144; x_wconf 81' lang='lat' dir='ltr'><strong>Virgine</strong></span> <span class='ocrx_word' id='word_1_712' title='bbox 1065 2108 1172 2143; x_wconf 74' lang='lat' dir='ltr'><strong>genitus</strong></span> <span class='ocrx_word' id='word_1_713' title='bbox 1194 2112 1247 2140; x_wconf 81' lang='lat' dir='ltr'><strong>est,</strong></span> <span class='ocrx_word' id='word_1_714' title='bbox 1264 2111 1374 2134; x_wconf 91' lang='lat' dir='ltr'><strong>unctum</strong></span> <span class='ocrx_word' id='word_1_715' title='bbox 1392 2114 1452 2134; x_wconf 83' lang='lat' dir='ltr'><strong>esse</strong></span> <span class='ocrx_word' id='word_1_716' title='bbox 1475 2112 1501 2134; x_wconf 80' lang='lat' dir='ltr'><strong>et</strong></span> <span class='ocrx_word' id='word_1_717' title='bbox 1524 2107 1721 2134; x_wconf 85' lang='lat' dir='ltr'><strong>sanctiﬁcatum</strong></span> 
     </span>
    </p>
   </div>
   <div class='ocr_carea' id='block_1_99' title="bbox 931 2153 1722 2187">
    <p class='ocr_par' dir='ltr' id='par_1_99' title="bbox 931 2153 1722 2187">
     <span class='ocr_line' id='line_1_99' title="bbox 931 2153 1722 2187; baseline -0.004 -6"><span class='ocrx_word' id='word_1_718' title='bbox 931 2154 1028 2187; x_wconf 90' lang='lat' dir='ltr'><strong>solum,</strong></span> <span class='ocrx_word' id='word_1_719' title='bbox 1038 2154 1088 2181; x_wconf 80' lang='lat' dir='ltr'><strong>hac</strong></span> <span class='ocrx_word' id='word_1_720' title='bbox 1099 2153 1204 2180; x_wconf 86' lang='lat' dir='ltr'><strong>ratione</strong></span> <span class='ocrx_word' id='word_1_721' title='bbox 1215 2153 1296 2180; x_wconf 88' lang='lat' dir='ltr'><strong>etiam</strong></span> <span class='ocrx_word' id='word_1_722' title='bbox 1311 2153 1477 2180; x_wconf 88' lang='lat' dir='ltr'><strong>nominatum</strong></span> <span class='ocrx_word' id='word_1_723' title='bbox 1486 2153 1633 2181; x_wconf 85' lang='lat' dir='ltr'><strong>Christum.</strong></span> <span class='ocrx_word' id='word_1_724' title='bbox 1651 2153 1722 2186; x_wconf 87' lang='lat' dir='ltr'><strong>Quo-</strong></span> 
     </span>
    </p>
   </div>
   <div class='ocr_carea' id='block_1_100' title="bbox 470 2200 878 2248">
    <p class='ocr_par' dir='ltr' id='par_1_100' title="bbox 470 2210 877 2248">
     <span class='ocr_line' id='line_1_100' title="bbox 470 2210 877 2248; baseline -0.012 -7"><span class='ocrx_word' id='word_1_725' title='bbox 470 2223 493 2241; x_wconf 89' lang='grc' dir='ltr'><strong>ιν</strong></span> <span class='ocrx_word' id='word_1_726' title='bbox 506 2213 614 2248; x_wconf 86' lang='grc' dir='ltr'>συνάγει</span> <span class='ocrx_word' id='word_1_727' title='bbox 628 2212 749 2247; x_wconf 84' lang='grc' dir='ltr'>συγχέων</span> <span class='ocrx_word' id='word_1_728' title='bbox 762 2211 811 2243; x_wconf 77' lang='grc' dir='ltr'><strong>τὰς</strong></span> <span class='ocrx_word' id='word_1_729' title='bbox 826 2210 877 2245; x_wconf 79' lang='grc' dir='ltr'><strong>φύ-</strong></span> 
     </span>
    </p>
   </div>
   <div class='ocr_carea' id='block_1_101' title="bbox 957 2200 1721 2248">
    <p class='ocr_par' dir='ltr' id='par_1_101' title="bbox 960 2200 1721 2235">
     <span class='ocr_line' id='line_1_101' title="bbox 960 2200 1721 2235; baseline -0.003 -7"><span class='ocrx_word' id='word_1_730' title='bbox 960 2201 1012 2228; x_wconf 91' lang='lat' dir='ltr'><strong>odo</strong></span> <span class='ocrx_word' id='word_1_731' title='bbox 1035 2201 1129 2235; x_wconf 73' lang='lat' dir='ltr'><strong>igitur,</strong></span> <span class='ocrx_word' id='word_1_732' title='bbox 1153 2200 1231 2235; x_wconf 85' lang='lat' dir='ltr'><strong>quasi</strong></span> <span class='ocrx_word' id='word_1_733' title='bbox 1249 2200 1350 2227; x_wconf 90' lang='lat' dir='ltr'><strong>oblitus</strong></span> <span class='ocrx_word' id='word_1_734' title='bbox 1373 2207 1485 2227; x_wconf 89' lang='lat' dir='ltr'><strong>suorum</strong></span> <span class='ocrx_word' id='word_1_735' title='bbox 1511 2200 1664 2232; x_wconf 88' lang='lat' dir='ltr'><strong>verborum,</strong></span> <span class='ocrx_word' id='word_1_736' title='bbox 1687 2200 1721 2226; x_wconf 88' lang='lat' dir='ltr'><strong>ad</strong></span> 
     </span>
    </p>
   </div>
   <div class='ocr_carea' id='block_1_102' title="bbox 933 2244 1722 2283">
    <p class='ocr_par' dir='ltr' id='par_1_102' title="bbox 933 2244 1722 2283">
     <span class='ocr_line' id='line_1_102' title="bbox 933 2244 1722 2283; baseline -0.004 -9"><span class='ocrx_word' id='word_1_737' title='bbox 933 2256 1013 2275; x_wconf 83' lang='lat' dir='ltr'><strong>unam</strong></span> <span class='ocrx_word' id='word_1_738' title='bbox 1036 2247 1192 2283; x_wconf 74' lang='lat' dir='ltr'><strong>hypostasin</strong></span> <span class='ocrx_word' id='word_1_739' title='bbox 1216 2246 1299 2280; x_wconf 78' lang='lat' dir='ltr'><strong>cogit,</strong></span> <span class='ocrx_word' id='word_1_740' title='bbox 1316 2250 1426 2273; x_wconf 90' lang='lat' dir='ltr'><strong>naturas</strong></span> <span class='ocrx_word' id='word_1_741' title='bbox 1442 2244 1620 2277; x_wconf 81' lang='lat' dir='ltr'><strong>confundens,</strong></span> <span class='ocrx_word' id='word_1_742' title='bbox 1643 2251 1722 2272; x_wconf 84' lang='lat' dir='ltr'><strong>natu-</strong></span> 
     </span>
    </p>
   </div>
   <div class='ocr_carea' id='block_1_103' title="bbox 930 2291 1722 2326">
    <p class='ocr_par' dir='ltr' id='par_1_103' title="bbox 930 2291 1722 2326">
     <span class='ocr_line' id='line_1_103' title="bbox 930 2291 1722 2326; baseline -0.005 -4"><span class='ocrx_word' id='word_1_743' title='bbox 930 2295 1014 2323; x_wconf 86' lang='lat' dir='ltr'><strong>ralem</strong></span> <span class='ocrx_word' id='word_1_744' title='bbox 1032 2295 1150 2322; x_wconf 88' lang='lat' dir='ltr'><strong>divinam</strong></span> <span class='ocrx_word' id='word_1_745' title='bbox 1177 2294 1325 2320; x_wconf 90' lang='lat' dir='ltr'><strong>nnitiouem</strong></span> <span class='ocrx_word' id='word_1_746' title='bbox 1348 2292 1512 2320; x_wconf 86' lang='lat' dir='ltr'><strong>nominans?</strong></span> <span class='ocrx_word' id='word_1_747' title='bbox 1533 2292 1565 2319; x_wconf 88' lang='lat' dir='ltr'><strong>Et</strong></span> <span class='ocrx_word' id='word_1_748' title='bbox 1590 2291 1650 2326; x_wconf 85' lang='lat' dir='ltr'><strong>quis</strong></span> <span class='ocrx_word' id='word_1_749' title='bbox 1673 2300 1722 2319; x_wconf 91' lang='lat' dir='ltr'><strong>nn-</strong></span> 
     </span>
    </p>
   </div>
   <div class='ocr_carea' id='block_1_104' title="bbox 930 2337 1722 2376">
    <p class='ocr_par' dir='ltr' id='par_1_104' title="bbox 930 2337 1722 2376">
     <span class='ocr_line' id='line_1_104' title="bbox 930 2337 1722 2376; baseline -0.004 -10"><span class='ocrx_word' id='word_1_750' title='bbox 930 2348 1010 2376; x_wconf 90' lang='lat' dir='ltr'><strong>qnam</strong></span> <span class='ocrx_word' id='word_1_751' title='bbox 1029 2340 1154 2368; x_wconf 86' lang='lat' dir='ltr'><strong>admittet</strong></span> <span class='ocrx_word' id='word_1_752' title='bbox 1170 2338 1321 2366; x_wconf 85' lang='lat' dir='ltr'><strong>naturalem</strong></span> <span class='ocrx_word' id='word_1_753' title='bbox 1334 2338 1453 2365; x_wconf 87' lang='lat' dir='ltr'><strong>divinam</strong></span> <span class='ocrx_word' id='word_1_754' title='bbox 1470 2337 1619 2364; x_wconf 87' lang='lat' dir='ltr'><strong>nnitiouem</strong></span> <span class='ocrx_word' id='word_1_755' title='bbox 1638 2337 1663 2364; x_wconf 89' lang='lat' dir='ltr'><strong>in</strong></span> <span class='ocrx_word' id='word_1_756' title='bbox 1679 2345 1722 2364; x_wconf 85' lang='lat' dir='ltr'><strong>sa-</strong></span> 
     </span>
    </p>
   </div>
   <div class='ocr_carea' id='block_1_105' title="bbox 931 2383 1721 2420">
    <p class='ocr_par' dir='ltr' id='par_1_105' title="bbox 931 2383 1721 2420">
     <span class='ocr_line' id='line_1_105' title="bbox 931 2383 1721 2420; baseline -0.006 -5"><span class='ocrx_word' id='word_1_757' title='bbox 931 2391 1071 2415; x_wconf 88' lang='lat' dir='ltr'><strong>cramento</strong></span> <span class='ocrx_word' id='word_1_758' title='bbox 1085 2385 1316 2420; x_wconf 85' lang='lat' dir='ltr'><strong>dispensationis?</strong></span> <span class='ocrx_word' id='word_1_759' title='bbox 1339 2384 1368 2412; x_wconf 92' lang='lat' dir='ltr'><strong>Si</strong></span> <span class='ocrx_word' id='word_1_760' title='bbox 1386 2383 1458 2411; x_wconf 88' lang='lat' dir='ltr'><strong>enim</strong></span> <span class='ocrx_word' id='word_1_761' title='bbox 1479 2383 1610 2410; x_wconf 79' lang='lat' dir='ltr'><strong>naturalis</strong></span> <span class='ocrx_word' id='word_1_762' title='bbox 1625 2383 1721 2414; x_wconf 84' lang='lat' dir='ltr'><strong>unitio.</strong></span> 
     </span>
    </p>
   </div>
   <div class='ocr_carea' id='block_1_106' title="bbox 933 2427 1723 2468">
    <p class='ocr_par' dir='ltr' id='par_1_106' title="bbox 933 2427 1723 2468">
     <span class='ocr_line' id='line_1_106' title="bbox 933 2427 1723 2468; baseline -0.005 -8"><span class='ocrx_word' id='word_1_763' title='bbox 933 2433 976 2460; x_wconf 91' lang='lat' dir='ltr'><strong>uhi</strong></span> <span class='ocrx_word' id='word_1_764' title='bbox 1005 2432 1111 2468; x_wconf 79' lang='lat' dir='ltr'><strong>gratia?</strong></span> <span class='ocrx_word' id='word_1_765' title='bbox 1143 2431 1188 2459; x_wconf 91' lang='lat' dir='ltr'><strong>ubi</strong></span> <span class='ocrx_word' id='word_1_766' title='bbox 1214 2430 1335 2458; x_wconf 90' lang='lat' dir='ltr'><strong>divinum</strong></span> <span class='ocrx_word' id='word_1_767' title='bbox 1361 2429 1583 2456; x_wconf 83' lang='lat' dir='ltr'><strong>sacramentum?</strong></span> <span class='ocrx_word' id='word_1_768' title='bbox 1614 2427 1723 2456; x_wconf 59' lang='lat' dir='ltr'><strong>Natura:</strong></span> 
     </span>
    </p>
   </div>
   <div class='ocr_carea' id='block_1_107' title="bbox 932 2474 1721 2511">
    <p class='ocr_par' dir='ltr' id='par_1_107' title="bbox 932 2474 1721 2511">
     <span class='ocr_line' id='line_1_107' title="bbox 932 2474 1721 2511; baseline -0.005 -6"><span class='ocrx_word' id='word_1_769' title='bbox 932 2479 1016 2511; x_wconf 84' lang='lat' dir='ltr'><strong>enim,</strong></span> <span class='ocrx_word' id='word_1_770' title='bbox 1034 2483 1063 2505; x_wconf 92' lang='lat' dir='ltr'><strong>ut</strong></span> <span class='ocrx_word' id='word_1_771' title='bbox 1077 2478 1166 2506; x_wconf 86' lang='lat' dir='ltr'><strong>edocti</strong></span> <span class='ocrx_word' id='word_1_772' title='bbox 1183 2483 1287 2508; x_wconf 83' lang='lat' dir='ltr'><strong>sumus,</strong></span> <span class='ocrx_word' id='word_1_773' title='bbox 1299 2475 1383 2503; x_wconf 90' lang='lat' dir='ltr'><strong>semel</strong></span> <span class='ocrx_word' id='word_1_774' title='bbox 1398 2474 1433 2502; x_wconf 87' lang='lat' dir='ltr'><strong>ab</strong></span> <span class='ocrx_word' id='word_1_775' title='bbox 1444 2474 1588 2502; x_wconf 86' lang='lat' dir='ltr'><strong>ordinante</strong></span> <span class='ocrx_word' id='word_1_776' title='bbox 1605 2474 1659 2502; x_wconf 78' lang='lat' dir='ltr'><strong>Deo</strong></span> <span class='ocrx_word' id='word_1_777' title='bbox 1674 2482 1721 2502; x_wconf 84' lang='lat' dir='ltr'><strong>or-</strong></span> 
     </span>
    </p>
   </div>
   <div class='ocr_carea' id='block_1_108' title="bbox 932 2519 1721 2556">
    <p class='ocr_par' dir='ltr' id='par_1_108' title="bbox 932 2519 1721 2556">
     <span class='ocr_line' id='line_1_108' title="bbox 932 2519 1721 2556; baseline -0.008 -4"><span class='ocrx_word' id='word_1_778' title='bbox 932 2526 1049 2556; x_wconf 58' lang='lat' dir='ltr'><strong>dinata),</strong></span> <span class='ocrx_word' id='word_1_779' title='bbox 1082 2523 1244 2551; x_wconf 82' lang='lat' dir='ltr'><strong>necessariis</strong></span> <span class='ocrx_word' id='word_1_780' title='bbox 1268 2521 1470 2556; x_wconf 88' lang='lat' dir='ltr'><strong>consequentiis</strong></span> <span class='ocrx_word' id='word_1_781' title='bbox 1493 2519 1628 2548; x_wconf 81' lang='lat' dir='ltr'><strong>serviunt.</strong></span> <span class='ocrx_word' id='word_1_782' title='bbox 1652 2519 1721 2547; x_wconf 84' lang='lat' dir='ltr'><strong>Num</strong></span> 
     </span>
    </p>
   </div>
   <div class='ocr_carea' id='block_1_109' title="bbox 931 2567 1723 2598">
    <p class='ocr_par' dir='ltr' id='par_1_109' title="bbox 931 2567 1723 2598">
     <span class='ocr_line' id='line_1_109' title="bbox 931 2567 1723 2598; baseline -0.005 0"><span class='ocrx_word' id='word_1_783' title='bbox 931 2572 1013 2598; x_wconf 87' lang='lat' dir='ltr'><strong>etiam</strong></span> <span class='ocrx_word' id='word_1_784' title='bbox 1031 2570 1130 2597; x_wconf 87' lang='lat' dir='ltr'><strong>iterum</strong></span> <span class='ocrx_word' id='word_1_785' title='bbox 1144 2569 1197 2597; x_wconf 82' lang='lat' dir='ltr'><strong>erit</strong></span> <span class='ocrx_word' id='word_1_786' title='bbox 1214 2569 1361 2596; x_wconf 86' lang='lat' dir='ltr'><strong>secundum</strong></span> <span class='ocrx_word' id='word_1_787' title='bbox 1375 2567 1570 2594; x_wconf 88' lang='lat' dir='ltr'><strong>revolutiouem</strong></span> <span class='ocrx_word' id='word_1_788' title='bbox 1582 2572 1608 2594; x_wconf 88' lang='lat' dir='ltr'><strong>et</strong></span> <span class='ocrx_word' id='word_1_789' title='bbox 1619 2571 1723 2594; x_wconf 76' lang='lat' dir='ltr'><strong>natura:</strong></span> 
     </span>
    </p>
   </div>
   <div class='ocr_carea' id='block_1_110' title="bbox 931 2612 1721 2651">
    <p class='ocr_par' dir='ltr' id='par_1_110' title="bbox 931 2612 1721 2651">
     <span class='ocr_line' id='line_1_110' title="bbox 931 2612 1721 2651; baseline -0.008 -6"><span class='ocrx_word' id='word_1_790' title='bbox 931 2615 1154 2651; x_wconf 82' lang='lat' dir='ltr'><strong>consequentiam</strong></span> <span class='ocrx_word' id='word_1_791' title='bbox 1181 2615 1391 2650; x_wconf 78' lang='lat' dir='ltr'><strong>dispensationis</strong></span> <span class='ocrx_word' id='word_1_792' title='bbox 1421 2621 1488 2648; x_wconf 90' lang='lat' dir='ltr'><strong>opus</strong></span> <span class='ocrx_word' id='word_1_793' title='bbox 1516 2612 1592 2648; x_wconf 78' lang='lat' dir='ltr'><strong>juxta</strong></span> <span class='ocrx_word' id='word_1_794' title='bbox 1622 2613 1721 2640; x_wconf 80' lang='lat' dir='ltr'><strong>delira-</strong></span> 
     </span>
    </p>
   </div>
   <div class='ocr_carea' id='block_1_111' title="bbox 931 2658 1722 2696">
    <p class='ocr_par' dir='ltr' id='par_1_111' title="bbox 931 2658 1722 2696">
     <span class='ocr_line' id='line_1_111' title="bbox 931 2658 1722 2696; baseline -0.009 -4"><span class='ocrx_word' id='word_1_795' title='bbox 931 2666 1036 2696; x_wconf 87' lang='lat' dir='ltr'><strong>menta,</strong></span> <span class='ocrx_word' id='word_1_796' title='bbox 1052 2661 1228 2696; x_wconf 81' lang='lat' dir='ltr'><strong>fabuIOsaque</strong></span> <span class='ocrx_word' id='word_1_797' title='bbox 1248 2659 1321 2687; x_wconf 85' lang='lat' dir='ltr'><strong>mille</strong></span> <span class='ocrx_word' id='word_1_798' title='bbox 1336 2667 1468 2688; x_wconf 89' lang='lat' dir='ltr'><strong>annorum</strong></span> <span class='ocrx_word' id='word_1_799' title='bbox 1491 2658 1602 2686; x_wconf 82' lang='lat' dir='ltr'><strong>infausti</strong></span> <span class='ocrx_word' id='word_1_800' title='bbox 1618 2658 1722 2694; x_wconf 78' lang='lat' dir='ltr'><strong>Apolli-</strong></span> 
     </span>
    </p>
   </div>
   <div class='ocr_carea' id='block_1_112' title="bbox 934 2706 1162 2743">
    <p class='ocr_par' dir='ltr' id='par_1_112' title="bbox 934 2706 1162 2743">
     <span class='ocr_line' id='line_1_112' title="bbox 934 2706 1162 2743; baseline -0.022 -6"><span class='ocrx_word' id='word_1_801' title='bbox 934 2709 1002 2737; x_wconf 88' lang='lat' dir='ltr'><strong>narii</strong></span> <span class='ocrx_word' id='word_1_802' title='bbox 1018 2706 1162 2743; x_wconf 78' lang='lat' dir='ltr'><strong>dogmata?</strong></span> 
     </span>
    </p>
   </div>
   <div class='ocr_carea' id='block_1_113' title="bbox 613 2775 1197 2811">
    <p class='ocr_par' dir='ltr' id='par_1_113' title="bbox 613 2775 1197 2811">
     <span class='ocr_line' id='line_1_113' title="bbox 613 2775 1197 2811; baseline -0.012 -1"><span class='ocrx_word' id='word_1_803' title='bbox 613 2781 702 2810; x_wconf 79' lang='lat' dir='ltr'><strong>Variae</strong></span> <span class='ocrx_word' id='word_1_804' title='bbox 713 2781 842 2808; x_wconf 84' lang='lat' dir='ltr'><strong>lectiones</strong></span> <span class='ocrx_word' id='word_1_805' title='bbox 858 2787 889 2806; x_wconf 81' lang='lat' dir='ltr'><strong>ex</strong></span> <span class='ocrx_word' id='word_1_806' title='bbox 903 2777 997 2806; x_wconf 84' lang='lat' dir='ltr'><strong>codice</strong></span> <span class='ocrx_word' id='word_1_807' title='bbox 1010 2775 1197 2811; x_wconf 75' lang='lat' dir='ltr'><strong>Seguieriauo.</strong></span> 
     </span>
    </p>
   </div>
   <div class='ocr_carea' id='block_1_114' title="bbox 117 2852 1620 2901">
    <p class='ocr_par' dir='ltr' id='par_1_114' title="bbox 117 2852 1620 2901">
     <span class='ocr_line' id='line_1_114' title="bbox 117 2852 1620 2901; baseline -0.008 -10"><span class='ocrx_word' id='word_1_808' title='bbox 117 2871 130 2891; x_wconf 76' lang='lat' dir='ltr'><strong>It</strong></span> <span class='ocrx_word' id='word_1_809' title='bbox 145 2865 367 2901; x_wconf 81' lang='grc' dir='ltr'>ὑπομνήσωμεν.</span> <span class='ocrx_word' id='word_1_810' title='bbox 411 2867 421 2881; x_wconf 72' lang='grc' dir='ltr'><strong>τ</strong></span> <span class='ocrx_word' id='word_1_811' title='bbox 437 2861 562 2898; x_wconf 77' lang='grc' dir='ltr'>Χριστόν.</span> <span class='ocrx_word' id='word_1_812' title='bbox 602 2866 613 2880; x_wconf 83' lang='grc' dir='ltr'>ι</span> <span class='ocrx_word' id='word_1_813' title='bbox 630 2859 766 2894; x_wconf 78' lang='grc' dir='ltr'>ταγεῖσαι,</span> <span class='ocrx_word' id='word_1_814' title='bbox 783 2856 916 2891; x_wconf 78' lang='grc' dir='ltr'>ἀνάγκαις</span> <span class='ocrx_word' id='word_1_815' title='bbox 932 2854 1105 2890; x_wconf 78' lang='grc' dir='ltr'>ἀκολουθίας,</span> <span class='ocrx_word' id='word_1_816' title='bbox 1117 2854 1137 2890; x_wconf 83' lang='grc' dir='ltr'>ἢ</span> <span class='ocrx_word' id='word_1_817' title='bbox 1153 2854 1236 2888; x_wconf 74' lang='grc' dir='ltr'>ἴσως,</span> <span class='ocrx_word' id='word_1_818' title='bbox 1258 2853 1428 2889; x_wconf 71' lang='grc' dir='ltr'>ἀναγκαίαις</span> <span class='ocrx_word' id='word_1_819' title='bbox 1439 2852 1620 2884; x_wconf 78' lang='grc' dir='ltr'>ἀκολουθίαις.</span> 
     </span>
    </p>
   </div>
  </div>
