1886 3056
143 124 194 151 5‘3"!

419 178 514 214 Cyrilli
535 177 662 212 defensio.

183 235 296 264 Diviuus
313 234 421 266 Paulus,
434 233 569 268 quomodo
583 232 684 260 factum
699 234 733 260 sit
747 233 828 259 homo
846 233 938 268 unige-

145 283 232 310 nitum
251 282 297 310 Dei
317 281 446 312 Verbum,
458 286 485 306 ut
500 280 586 306 tldelis
597 280 768 314 dispensatur
786 287 939 306 sacramen-

146 333 233 355 torum
249 327 294 354 Dei
307 327 376 359 ",et
391 326 476 360 ipsum
488 325 591 352 habens
606 325 631 351 in
649 333 678 352 se
692 325 845 358 loquentem
859 324 938 352 Citri-

145 379 216 401 stunt
230 373 263 406 ⁵⁸,
281 372 424 399 manifeste
439 372 567 399 omnibus
580 371 730 398 ostendens
746 381 752 398 ι
770 381 779 396 ι
794 370 851 398 Non
866 371 937 398 enim

145 419 255 454 angelos
270 417 460 453 apprehendit,
472 418 572 452 inquit.
587 417 633 444 sed
650 424 742 444 semen
760 416 876 443 Abrahae
891 425 938 451 ap—

145 465 330 500 prehendit".
347 474 356 490 ι
370 463 446 491 Unde
454 464 583 497 oportuit.
595 471 658 490 eum
675 471 724 498 per
741 464 830 490 omnia
846 463 939 490 fratri-

144 512 194 539 bus
209 510 324 538 similem
341 509 415 542 ﬂeri,
431 514 459 535 ut
477 509 632 536 misericors
642 513 669 535 et
686 508 771 535 ﬁdelis
781 508 856 535 ﬁeret
874 516 939 542 pon-

146 556 211 584 tifex
227 556 252 583 in
270 555 323 587 itis,
341 562 400 590 qua:
416 555 449 581 ad
467 554 551 581 Detnn
567 554 601 580 “.
621 553 675 580 Nos
688 561 753 580 vero
769 559 797 579 ιιι
816 553 938 580 rectissi-

146 611 189 631 me
213 603 348 638 prolatum
365 602 415 628 hoc
433 601 542 627 dictutn'
559 605 651 626 nostra
678 600 812 626 sententia
839 599 935 633 proba-

144 656 215 681 mus,
229 650 375 681 sequentes
391 645 491 679 nhiqne
509 644 640 671 divinitus
654 644 800 678 iuspiratas
812 643 938 677 Scriptu-

145 702 200 726 ras,
219 698 246 720 ct
267 693 344 719 valde
365 691 532 718 admirantes
557 690 745 724 theologorum
771 696 862 720 vaces,
885 688 939 714 imo

144 747 191 766 eas
209 747 257 773 pro
278 737 379 764 divinis
403 736 506 771 legibus
525 735 668 767 habentes,
688 734 804 762 dicimus
820 733 867 761 Del
885 733 938 760 Pa-

145 784 193 810 tris
208 783 325 810 Verbum
351 789 404 808 non
429 780 645 815 apprehendisse
667 787 756 814 neque
780 784 936 806 sanctorum

145 831 313 864 :mgt'lurltltt,
332 836 419 864 neque
430 836 507 855 suam
522 833 647 854 naturam
664 836 671 854 ι
685 827 822 854 crediums
836 831 936 858 autem,

144 877 292 903 secundum
305 875 376 909 quod
389 874 476 901 sacris
492 873 603 900 Litteris
622 873 740 904 videtur,
755 872 826 906 quod
841 871 937 898 obum-

144 924 226 950 bruus
243 928 343 949 sanctae
360 921 478 956 Virgini,
500 925 593 955 utpote
609 919 696 946 virtus
708 919 843 946 exsistens
860 919 937 945 altis-

144 968 204 994 simi
225 967 323 999 Patris,
342 965 470 993 formavit
487 965 537 991 sibi
557 971 656 998 corpus
672 971 705 990 ex
725 963 780 995 illa,
801 968 936 990 verumta-

145 1022 204 1040 tnen
219 1021 267 1047 per
282 1013 468 1046 operationem
483 1011 570 1038 sancti
587 1010 720 1045 Spiritus;
738 1015 764 1036 et
778 1009 876 1037 factum
895 1015 936 1036 est

145 1061 234 1093 honzo,
252 1058 471 1094 appellatumque
492 1061 534 1084 est
551 1056 622 1083 illius
638 1056 752 1083 Abrahze
770 1061 796 1082 et
812 1056 934 1088 Davidis;

144 1113 196 1133 non
216 1105 344 1132 amittens
364 1109 473 1138 propter
488 1103 698 1135 humanitatem,
711 1102 782 1137 quod
803 1102 839 1129 sit
853 1101 936 1129 Filius

144 1152 190 1178 Dei
204 1156 231 1178 et
251 1150 339 1177 Patris
360 1149 508 1176 secundum
533 1148 693 1179 veritatem;
718 1155 830 1175 mancus
845 1153 935 1175 autem

144 1197 245 1230 potius,
262 1195 386 1231 quamvis
400 1194 502 1222 factum
518 1194 554 1221 sit
570 1201 645 1224 caro.
664 1193 742 1229 165
760 1193 785 1220 in
802 1199 896 1221 natura
910 1199 937 1221 et

142 1242 287 1269 eminentia
297 1245 324 1267 et
336 1240 420 1275 gloria
430 1239 549 1266 deitatis.
567 1237 744 1264 immutabilis
759 1238 830 1264 enim
847 1243 899 1270 est,
909 1243 937 1265 et

142 1288 318 1315 conversione
326 1285 472 1321 potentior,
481 1289 510 1311 ut
520 1283 600 1311 Deus.
610 1284 655 1310 Est
663 1284 744 1318 igitur
753 1292 822 1311 unus
830 1289 857 1310 ct
864 1283 935 1310 idem

141 1338 169 1360 et
180 1331 264 1359 Filius
274 1335 301 1358 et
314 1331 443 1357 Dominus
456 1334 483 1356 et
504 1335 567 1356 alite
585 1334 612 1356 et
631 1335 692 1363 post
709 1329 933 1356 incarnationem.

144 1379 267 1405 Dividere
278 1382 368 1404 autem
384 1384 466 1402 unum
485 1376 511 1402 in
525 1375 593 1402 tinos
608 1375 687 1408 iiiios,
701 1380 729 1402 et
742 1375 848 1402 solvere
865 1383 936 1403 vera:

142 1424 271 1452 nnitionis
293 1430 374 1458 opus,
390 1422 582 1456 distinguendo
602 1429 736 1454 seorsmn,
761 1427 788 1449 et
811 1422 936 1457 ponemlo

141 1470 266 1505 privatim
277 1469 426 1500 hominem,
436 1473 463 1494 et
477 1467 604 1502 priVatim
617 1467 711 1500 Deum,
724 1468 809 1495 crime
821 1476 837 1494 ιι
852 1473 894 1495 est
907 1467 933 1495 in

642 120 673 148 S.
692 119 830 146 CYiliLlJ
850 118 1085 147 ALEXANDIHNI
1105 120 1264 149 ARCIIIEP.

1729 120 1783 152 5.28

1227 179 1381 213 Ἀπολογία
1396 178 1556 212 Κιζριζιιίυ.

1031 234 1059 260 'O
1075 234 1217 266 θεσπέσιος
1241 234 1345 266 Παῦλος
1360 235 1400 266 τὺ,
1423 235 1484 261 τίνα
1500 235 1531 270 δὴ
1550 243 1653 270 τρο-πον
1669 235 1784 270 γίγονεν

990 279 1133 315 ἅνθρωπος
1160 280 1175 306 ὸ
1200 280 1350 315 μονογενὴς
1371 279 1419 306 τοῦ
1447 280 1514 306 Θεοῦ
1538 280 1640 314 Λόγος,
1667 281 1784 317 ἐναργὲς

989 325 1075 351 ἅπασι
1090 325 1231 357 καθιστὰς,
1250 325 1288 357 ὠς
1305 325 1446 360 οἰκονόμος
1462 326 1621 361 μυστηρίων
1637 326 1718 359 Θεοῦ,
1734 326 1784 354 καὶ

990 371 1070 397 αὐτὸν
1094 371 1163 406 ἔχων
1180 372 1209 397 ὲν
1237 371 1327 405 ἐαυτῷ
1344 371 1476 398 λαλοῦντα
1491 372 1608 407 Χριστόν
1619 380 1626 387 ·
1645 382 1654 395 σ
1667 373 1706 399 Οὐ
1727 373 1784 408 γὰρ

988 416 1021 450 δή
1040 424 1090 441 που
1106 416 1230 450 ἀγγέλων
1255 416 1480 450 ὲπιλαμὸἁνεται,
1501 417 1594 451 φησιν,
1608 417 1676 445 ἀλλὰ
1695 417 1783 452 σπέρ-

991 470 1075 496 ματος
1093 462 1218 497 Ἀϐραὰμ
1238 461 1470 497 ἐπιλαμῦάνεται’
1492 472 1501 488 ι
1523 463 1583 489 ὃθεν
1596 462 1696 497 ὤφειλε
1710 463 1783 492 κατὰ

989 509 1078 535 πάντα
1095 509 1150 539 τοῖς
1164 508 1288 543 ἀδελφοῖς
1301 509 1482 544 ὁμοιωθῆναι,
1499 509 1541 536 ἵνα
1557 510 1682 545 ἐλεήμων
1698 510 1782 545 γένη-

988 563 1042 584 ται,
1053 555 1099 580 καὶ
1113 554 1208 586 πιστὺς
1224 555 1369 590 ἀρχιερεὺς
1383 555 1417 581 τὰ
1434 554 1502 589 πρὸς
1509 555 1554 581 τὸν
1565 555 1640 582 Θεὸν.
1650 556 1783 591 Ἢμεῖςδὲ

988 600 1048 630 ταῖς
1069 600 1108 630 si;
1125 599 1260 635 ὀρθότητα
1284 599 1384 634 ψήφοις
1411 600 1605 635 στεφανοῦντες
1621 601 1651 627 τὸ
1666 602 1783 637 εἰρημέ-

988 653 1043 675 νον,
1055 645 1184 680 ἐπόμενοί
1198 654 1228 671 τε
1240 646 1364 680 πανταχῆ
1374 647 1433 677 ταῖς
1445 645 1631 678 θεοπνεύστοις
1647 647 1782 682 Γραφαϊς.

988 692 1035 717 καὶ
1050 691 1100 722 τὰς
1124 691 1178 717 τῶν
1195 691 1334 727 θεηγόρων
1351 692 1444 726 φωνὰς
1461 692 1507 720 τοῦ
1526 693 1626 724 παντὸς
1641 693 1782 726 ἀξιοῦντες

988 737 1137 772 θαύματος,
1155 737 1254 772 μᾶλλον
1273 738 1301 764 δὲ
1325 738 1372 765 καὶ
1398 738 1486 770 θείους
1506 739 1652 774 ἡγούμενοι
1669 740 1779 775 νόμους.

987 784 1019 809 οῦ
1034 783 1085 817 τῆς
1106 783 1162 809 τῶν
1189 783 1274 817 ἁγίων
1301 784 1436 818 ἀγγέλων,
1451 784 1513 812 οὔτε
1534 786 1587 820 μὴν
1607 787 1656 821 τῆς
1679 786 1780 813 ἑαυτοῦ

989 828 1095 862 φύσεως
1113 829 1290 856 ἐπιλαῦἐσθαι
1308 831 1398 864 φαμὲν
1413 831 1460 857 τὸν
1476 832 1508 857 ἐκ
1523 831 1590 857 Θεοῦ
1606 832 1714 867 Πατρὸς
1729 833 1780 861 A6-

989 883 1053 908 γον’
1078 875 1301 911 πεπιστεύκαμεν
1330 876 1370 908 δὲ,
1397 876 1439 903 ὅτι
1463 877 1533 904 κατὰ
1559 876 1588 903 τὸ
1611 879 1666 908 τοῖς
1696 878 1780 913 ἱεροῖς

989 922 1136 956 Γράμμασι
1151 921 1256 952 δοκοῦν.
1270 923 1435 954 ὲπισκιὰσας
1446 924 1479 958 τῇ
1497 923 1562 958 ἁγίᾳ
1577 923 1717 959 Παρθένῳ.
1729 925 1778 950 ἅτε

987 969 1018 1004 δὴ
1040 968 1086 995 καὶ
1112 968 1227 1003 δύναμις
1249 967 1287 995 ὢν
1303 968 1351 995 τοῦ
1380 969 1492 1004 ὑψίστου
1520 969 1637 1005 Πατρὸς,
1662 970 1780 997 ἔπλασεν

989 1014 1077 1049 ἑαυτῷ
1094 1014 1125 1040 τὸ
1145 1014 1225 1049 σῶμα
1238 1014 1269 1041 τὸ
1286 1014 1316 1046 ἐξ
1331 1015 1427 1050 αὐτῆς,
1446 1015 1515 1051 πλὴν
1529 1015 1562 1042 δι’
1576 1016 1715 1051 ἐνεργείας
1730 1016 1778 1042 τοῦ

988 1061 1066 1094 ἁγίου
1088 1059 1245 1094 Πνεύματος
1257 1069 1264 1076 ·
1285 1061 1332 1087 καὶ
1349 1061 1461 1094 γέγονεν
1469 1061 1622 1096 ἄνθρωπος,
1637 1062 1780 1097 κεχρημά-

987 1107 1045 1134 τικέ
1060 1115 1087 1133 τε
1118 1106 1165 1133 καὶ
1184 1107 1240 1137 υίὸς
1262 1106 1396 1142 Ἀϐραὰμ,
1413 1107 1460 1133 καὶ
1471 1107 1567 1133 Δαυΐδ·
1586 1107 1637 1134 οὐκ
1655 1108 1781 1141 ἀπεμπο-

988 1154 1072 1187 λήσας
1088 1153 1132 1180 διὰ
1166 1153 1195 1179 τὸ
1218 1152 1387 1188 ἀνθρώπινον
1409 1154 1440 1180 τὺ
1467 1152 1536 1180 εἶναι
1554 1155 1624 1180 κατὰ
1649 1154 1779 1188 ἀλήθειαν

988 1199 1052 1230 Υἱὸς
1068 1199 1114 1225 τοῦ
1132 1198 1212 1230 Θεοῦ,
1236 1199 1282 1225 καὶ
1307 1199 1423 1234 Πατρὺς,
1442 1199 1604 1235 μεμενηκὼς
1621 1201 1649 1227 δὲ
1664 1201 1777 1235 μᾶλλον.

987 1246 1034 1271 καὶ
1055 1246 1080 1271 εἰ
1105 1245 1201 1279 γέγονε
1221 1245 1299 1281 σὰρξ,
1314 1247 1342 1271 ὲν
1369 1246 1450 1280 φύσει
1463 1255 1492 1274 τε
1515 1247 1562 1274 καὶ
1579 1247 1710 1282 ὑπεροχῇ,
1729 1248 1779 1274 καὶ

986 1291 1049 1327 δόξῃ
1075 1290 1214 1326 θεότητος·
1233 1291 1410 1323 ἀναλλοίωτος
1424 1292 1477 1327 γάρ
1503 1293 1572 1325 ἐστι,
1599 1294 1645 1319 καὶ
1673 1293 1778 1328 τροπῆς

986 1337 1117 1372 ἀμείνων,
1130 1337 1168 1368 ὼς
1179 1337 1254 1368 Θεός.
1270 1337 1349 1364 Ἐστι
1368 1339 1376 1355 ι
1393 1337 1483 1364 τοίνυν
1497 1336 1537 1369 εἷς
1549 1347 1578 1365 τε
1604 1339 1651 1366 καὶ
1667 1339 1681 1364 ὁ
1694 1339 1777 1370 αὐτὸς

987 1384 1061 1416 Υἱὸς,
1076 1385 1121 1410 καὶ¹
1136 1384 1239 1419 Κύριος
1254 1384 1301 1411 καὶ
1314 1383 1382 1418 πρὸς
1392 1384 1442 1418 τῆς
1457 1385 1632 1420 σαρκώσεως,
1643 1385 1691 1412 καὶ
1706 1384 1778 1421 μετὰ

986 1430 1035 1466 τὴν
1048 1430 1196 1466 σάρκωσιν.
1209 1430 1264 1457 Καὶ
1276 1430 1307 1456 τὸ
1321 1430 1435 1465 διαιρεῖν
1451 1431 1490 1463 εἰς
1508 1431 1581 1462 υἱοὺς
1596 1431 1642 1458 δύο
1657 1431 1701 1458 τὸν
1715 1431 1776 1464 ἕνα,

986 1477 1078 1503 καὶτὸ
1096 1476 1146 1511 τῆς
1162 1475 1278 1510 ἀληθοῦς
1294 1475 1417 1508 ὲνώσεως
1439 1475 1591 1511 παραλύειν
1612 1477 1718 1512 χρῆμα,
1736 1477 1777 1503 δι-

141 1518 236 1552 primis
251 1517 373 1550 itnpimn.
388 1514 473 1542 Porro
484 1513 624 1542 Nestorius
639 1514 690 1541 ista
707 1522 800 1548 parum
819 1523 932 1549 curans,

1033 1522 1116 1552 ἀντας
1132 1521 1183 1548 ἀνὰ
1203 1520 1297 1556 μέρος,
1317 1521 1364 1547 καὶ
1379 1520 1502 1552 τιθέντας
1517 1521 1607 1553 ίδικῶς
1621 1521 1776 1556 ἄνθρωπον,

141 1563 221 1591 audet
238 1562 303 1597 ipsis
317 1561 451 1588 verbissic
463 1561 554 1587 dicere
572 1569 578 1587 :
596 1570 605 1585 ι
620 1560 675 1587 lloc
690 1560 826 1587 sentitein
843 1561 933 1593 vobis,

140 1610 212 1644 qttod
229 1608 290 1635 etin
305 1607 415 1634 Christo
427 1605 501 1637 Jesu,
519 1605 603 1640 quiin
620 1604 706 1632 forma
723 1605 769 1632 Dei
785 1606 932 1638 exsistens,

140 1655 259 1690 seipsqu
273 1652 432 1684 exiuanivit,
447 1651 561 1678 formam
573 1651 644 1679 servi
657 1652 794 1686 accipiens
804 1652 854 1678 ἰ.»
876 1651 932 1679 Non

140 1701 209 1727 dixit
229 1708 238 1728 :
261 1699 316 1726 Hoc.
333 1699 433 1726 sentite
451 1697 476 1724 iu
493 1696 578 1729 vobis,
591 1697 662 1730 qttod
677 1703 704 1724 et
721 1697 746 1724 in
765 1698 818 1724 Deo
832 1697 931 1730 Verbo,

139 1745 211 1780 qunti
225 1746 249 1773 iu
259 1745 345 1772 forma
359 1743 404 1772 Dei
415 1742 561 1774 cxsistens,
578 1743 648 1769 servi
663 1742 778 1770 formam
795 1743 930 1778 suscepit:

140 1793 187 1820 sed
199 1799 260 1818 cum
275 1791 428 1824 accepisset
443 1789 494 1816 hoc
505 1796 616 1819 nomen.
632 1788 766 1820 Christus.
781 1790 931 1816 utduartnn

139 1843 295 1865 naturarum
303 1835 510 1871 appellationem
523 1835 740 1869 signiticativam.
749 1826 932 1869 sinepericulo

139 1887 226 1920 ipsum
253 1889 280 1910 et
301 1871 371 1911 senii
395 1883 509 1910 formam
529 1883 596 1909 dicit
620 1883 783 1916 suscepisse.
803 1888 828 1910 et
847 1883 929 1910 Deum

140 1930 272 1961 nominat,
297 1930 362 1956 dum
383 1937 427 1960 ea,
447 1937 505 1964 qum
521 1930 659 1960 dicuntur,
687 1929 713 1955 in
731 1931 797 1956 duas
821 1935 931 1957 naturas

138 1977 197 2003 sine
209 1975 417 2010 reprehensione
428 1974 597 2002 dividuntur.
614 1975 640 2001 In
653 1975 736 2002 altera
749 1980 838 2002 autem
852 1983 930 2002 enar-

138 2022 242 2049 ratione
265 2022 362 2048 iterum
386 2021 451 2048 dicit
480 2029 487 2047 :
515 2031 524 2046 ι
542 2021 577 2048 Ut
592 2022 619 2048 in
638 2022 746 2048 nomine
767 2020 829 2048 Jesu
851 2029 930 2049 ontne

137 2077 205 2106 genu
217 2068 339 2096 ﬂectatur
346 2067 688 2100 caelestium,terrestrium
700 2075 727 2095 et
741 2067 907 2094 infernarum
921 2077 927 2095 :

135 2121 164 2141 et
180 2114 268 2141 omnis
281 2114 370 2148 lingua
383 2113 556 2146 confiteatur,
570 2114 641 2148 quod
655 2113 786 2141 Dominus
800 2118 840 2141 est
852 2113 929 2141 Iesus

136 2161 261 2188 Christus
272 2161 306 2186 θ’.
327 2169 336 2185 ι
353 2159 467 2194 Propter
485 2164 649 2194 gestantem,
668 2167 729 2186 eum
746 2159 791 2194 qui
808 2165 929 2194 gestatur

136 2214 250 2233 Veneror
271 2215 276 2232 :
304 2209 413 2240 propter
435 2205 577 2236 latentem,
597 2205 668 2240 quod
693 2211 806 2239 apparet
829 2205 925 2232 adoro.

138 2251 329 2286 lnseparahilis
350 2255 392 2277 est
414 2251 450 2277 ab
468 2258 500 2277 eo
514 2250 560 2285 qui
577 2251 684 2278 videtttr
700 2250 791 2283 Deus;
818 2255 928 2285 propter

136 2299 188 2325 hoc
203 2298 272 2334 ejus.
289 2298 334 2331 qui
352 2305 405 2325 non
424 2303 578 2333 separatur,
595 2298 726 2324 honorent
743 2304 796 2324 non
816 2305 926 2332 separo;

135 2351 233 2379 separo
251 2349 372 2376 naturas,
388 2344 435 2371 sed
452 2344 516 2371 ttrtio
538 2344 733 2371 adorationem.
751 2343 802 2377 (Et
828 2343 926 2370 itertun

136 2390 164 2417 in
181 2389 234 2416 alia
249 2389 429 2424 explicatione
444 2398 451 2416 :
470 2388 518 2416 Dic
541 2390 574 2416 de
588 2397 620 2416 eo
639 2390 685 2424 qui
702 2389 831 2424 suscepit,
855 2389 926 2423 quod

135 2437 171 2463 sit
185 2435 275 2468 Deus;
290 2443 394 2470 appone
407 2435 482 2462 illurn
494 2435 540 2470 qui
556 2441 697 2469 suSceptus
712 2441 763 2467 est,
777 2435 840 2469 quia
852 2435 923 2462 servi

136 2483 237 2514 forma;
254 2481 340 2516 adiice
352 2483 471 2516 posthaec
483 2481 666 2508 conuexionis
677 2481 848 2516 dignitatem,
861 2481 922 2516 quia

135 2526 250 2552 duorum
270 2526 418 2552 auctoritas
432 2527 596 2558 communis,
612 2527 674 2560 quia
693 2526 807 2553 duormn
829 2527 923 2553 eadem

135 2572 267 2607 dignitas;
283 2572 389 2599 naturis
404 2571 588 2603 manentibus,
605 2572 691 2598 latere
705 2572 844 2606 dignitatis
862 2572 926 2598 ιιιιίε

986 1567 1032 1594 καὶ
1047 1565 1139 1598 ἰδικῶς
1149 1566 1226 1597 Θεὸν,
1241 1565 1401 1597 δυσσεϐείας
1416 1565 1472 1601 ἔχει
1488 1565 1539 1600 τῆς
1559 1566 1690 1593 ἀνωτάτω
1706 1574 1775 1601 γρα-

985 1615 1048 1649 φήν.
1072 1612 1164 1646 Ὀλιγα
1177 1617 1191 1631 ιι
1207 1611 1235 1638 δὲ
1257 1612 1353 1638 τούτου
1380 1612 1570 1647 πεφροντικὼς
1581 1613 1596 1638 ὀ
1614 1612 1775 1648 Νεστόριος,

984 1658 1151 1694 τετόλμηκεν
1161 1657 1249 1683 εἰπεῖν
1265 1658 1361 1691 αὑταῖς
1370 1657 1477 1689 λέξεσιν
1489 1657 1586 1689 οὕτως·
1598 1657 1699 1684 «Τοῦτο
1709 1666 1774 1693 φρο-

984 1704 1082 1732 νείσθω
1096 1705 1125 1730 ὲν
1143 1704 1218 1740 ὑμῖν,
1231 1703 1246 1730 ὃ
1263 1704 1308 1730 καὶ
1321 1704 1350 1730 ἐν
1366 1703 1478 1739 Χριστῷ
1499 1703 1586 1737 Ἰησοῦ
1598 1712 1606 1719 ·
1624 1704 1653 1735 ὃς
1667 1704 1697 1730 ὲν
1711 1712 1777 1739 μορ-

984 1752 1021 1787 φῇ
1047 1751 1114 1777 Θεοῦ
1129 1750 1272 1786 ὑπάρχων,
1296 1749 1393 1776 ἑαυτὸν
1407 1750 1534 1781 ὲκένωσε,
1554 1750 1662 1785 μορφὴν
1679 1750 1775 1777 δούλου

983 1797 1083 1825 λαὸὡν.
1099 1807 1108 1823 ι
1126 1797 1183 1824 Οὐκ
1198 1794 1269 1828 εἶπε,
1284 1795 1371 1823 Τοῦτο
1388 1796 1539 1831 φρονείσϐω
1559 1798 1588 1822 ὲν
1606 1797 1681 1831 ὑμῖν,
1696 1796 1711 1823 ὃ
1726 1796 1775 1824 καὶ

984 1844 1012 1869 ἐν
1029 1842 1068 1878 τῷ
1082 1842 1141 1877 Θεῷ
1157 1842 1251 1876 Λόγῳ,
1269 1841 1297 1872 ὃς
1316 1841 1345 1866 ὲν
1366 1842 1456 1876 μορφῇ
1474 1840 1541 1868 Θεοῦ
1558 1841 1700 1877 ὑπάρχων,
1717 1841 1774 1867 δού-

983 1886 1028 1912 λου
1045 1886 1153 1921 μορφὴν
1168 1885 1264 1912 ἐλαῦεν
1274 1885 1362 1911 ἰἀλλὰ
1376 1885 1467 1912 λαδὼν
1475 1885 1516 1914 τὸ.
1532 1886 1658 1921 Χριστὸς,
1669 1887 1707 1917 ὡς
1718 1886 1774 1914 τῶν

982 1933 1028 1959 δύο
1044 1933 1151 1966 φύσεων
1171 1932 1357 1968 προσηγορίαν
1371 1932 1553 1967 σημαντικὴν.
1563 1932 1713 1963 ἀκινδύνως
1727 1933 1775 1958 αὺ-

981 1979 1026 2004 τὸν
1043 1979 1090 2004 καὶ
1110 1977 1205 2004 δούλου
1232 1977 1339 2013 μορφὴν
1355 1977 1458 2008 λαῦεἰν,
1474 1978 1521 2004 καὶ
1545 1978 1610 2004 Θεὸν
1624 1977 1754 2012 ὀνομάζει
1765 1986 1772 1992 ·

981 2023 1034 2050 τῶν
1049 2023 1077 2050 δὲ
1093 2023 1253 2058 λεγομένων
1270 2029 1282 2042 ν
1296 2025 1336 2055 εὶς
1351 2024 1381 2049 τὸ
1392 2023 1446 2050 τῶν
1462 2023 1570 2058 φύσεων
1582 2023 1712 2058 ἀλήπτως
1727 2031 1774 2058 με·

982 2069 1132 2104 ριζομένων
1143 2069 1263 2096 διπλοῦν.
1288 2069 1332 2096 Ἐν
1348 2069 1430 2104 ἑτέρᾳ
1443 2068 1471 2095 δὲ
1482 2069 1562 2095 πάλιν
1576 2068 1706 2103 ἐξηγήσει
1721 2076 1773 2102 φη-

982 2115 1040 2141 σίν·
1059 2125 1068 2140 ι
1083 2115 1143 2142 Ἵνα
1161 2116 1190 2141 ὲν
1215 2115 1253 2150 τῷ
1272 2115 1385 2150 ὀνόματι
1405 2114 1491 2150 Ἰησοῦ
1509 2115 1564 2141 πᾶν
1585 2115 1650 2147 γόνυ
1672 2114 1772 2150 κάμψῃ

981 2160 1163 2196 ἐπουρανίων,
1196 2160 1243 2185 καὶ
1270 2160 1409 2193 ἐπιγείων,
1432 2159 1478 2186 καὶ
1501 2158 1701 2193 καταχθονίων,
1724 2158 1772 2185 καὶ

983 2207 1055 2233 πᾶσα
1077 2207 1189 2240 γλῶσσα
1211 2206 1461 2241 ἐξομολογήσηται,
1484 2205 1525 2232 ὅτι
1543 2204 1645 2240 Κύριος
1665 2203 1772 2238 Ἰησοῦς

979 2252 1104 2288 Χριστός.
1125 2261 1134 2277 ι
1149 2251 1198 2277 Διὰ
1215 2251 1260 2277 τὸν
1275 2251 1420 2286 φοροῦντα,
1443 2251 1474 2277 τὸ
1489 2249 1658 2285 φορούμενον
1677 2249 1752 2275 σέϐω
1762 2257 1768 2264 ·

977 2299 1021 2325 διὰ
1033 2298 1078 2325 τὸν
1092 2298 1284 2333 κεκρυμμένον
1302 2297 1448 2333 προσκυνῶ
1462 2297 1493 2325 τὸ
1508 2297 1686 2331 φαινόιιενον⁸
1702 2296 1773 2331 ἀχώ-

978 2351 1067 2377 ριστος
1084 2342 1131 2369 τοῦ
1145 2342 1308 2377 φαινομένου
1321 2342 1401 2374 Θεός·
1419 2342 1462 2369 διὰ
1473 2342 1553 2370 τοῦτο
1565 2341 1613 2368 τοῦ
1633 2342 1671 2377 μὴ
1687 2350 1772 2376 χωρι-

977 2389 1092 2423 ζομένου
1111 2388 1161 2424 τὴν
1176 2388 1259 2424 τιμὴν
1274 2389 1304 2415 οὺ
1322 2388 1440 2424 χωρίζω.
1460 2388 1578 2422 Χωρίζω
1591 2387 1642 2419 τὰς
1661 2387 1770 2421 φύσεις.

980 2434 1037 2459 ἀλλ’
1056 2433 1108 2459 ὲνῶ
1131 2433 1180 2468 τὴν
1197 2433 1394 2469 προσκύνησιν.
1409 2433 1464 2461 Καὶ
1488 2434 1517 2460 ὲν
1542 2432 1673 2468 ἐξηγήσει
1689 2432 1770 2458 πάλιν

979 2479 1072 2514 ἑτέρῳ
1092 2479 1158 2505 Εἰπὲ
1174 2479 1220 2505 τὸν
1234 2479 1415 2506 ἀναλαϐόντιι
1431 2480 1472 2506 ὄτι
1488 2479 1564 2511 Θεός.
1583 2477 1706 2514 Πρόσθες
1724 2477 1770 2504 τὸν

978 2525 1181 2559 ἀναληφθέντα,
1197 2527 1238 2553 ὅτι
1253 2525 1347 2552 δούλου
1362 2525 1452 2561 μορφή
1463 2533 1469 2540 ·
1488 2525 1613 2558 ὲπάγαγε
1626 2525 1696 2559 μετὰ
1709 2523 1772 2550 ταῦ-

978 2580 1012 2597 τα
1029 2571 1059 2597 τὸ
1072 2571 1122 2605 τῆς
1137 2571 1284 2605 συναφείας
1294 2570 1414 2605 ἀξίωμα,
1425 2570 1466 2598 ὅτι
1482 2570 1538 2598 τῶν
1547 2569 1593 2596 δύο
1608 2571 1624 2606 ἡ
1640 2569 1770 2596 assem:

171 2660 193 2676 "
211 2662 217 2686 i
233 2660 295 2687 (Zur.
314 2668 338 2687 IV
366 2661 391 2687 i.
430 2661 453 2676 "
470 2661 489 2688 ll
503 2662 565 2689 Cor.
582 2669 640 2693 IIII,
655 2661 672 2688 5
720 2660 742 2675 “
758 2659 839 2686 llebr.
855 2667 884 2691 ιι,
903 2659 934 2686 Ιϋ

1031 2658 1100 2686 lebr.
1115 2667 1145 2692 ιι,
1164 2659 1207 2686 l7.
1246 2659 1267 2675 “
1282 2658 1398 2694 Philipp.
1412 2667 1440 2691 ιι,
1463 2659 1491 2688 5.
1502 2658 1528 2686 6.
1567 2658 1589 2674 ⁸⁸
1604 2657 1671 2687 ibid.
1687 2657 1716 2686 8.

659 2747 746 2776 Varia:
758 2748 887 2774 let-lienes
899 2755 930 2775 ex
948 2747 1040 2774 codico
1053 2747 1239 2782 chnieriano.

173 2829 183 2846 ⁸
199 2827 286 2860 ἔσται.
323 2830 338 2845 ι
353 2825 451 2861 ὀλίγον.
484 2830 494 2845 ν
508 2826 562 2853 τῶν
575 2826 740 2860 λεγομένων,
757 2826 775 2860 ἣ
792 2825 878 2859 Ισως,
893 2825 947 2852 τῶν
960 2824 991 2861 δὴ
1010 2825 1173 2861 λεγομένων,
