1886 3056
61 158 110 186 5'29

61 217 147 252 κοινὴ,
164 217 207 244 ὅτι
219 217 278 244 τῶν
295 217 345 245 δύο
358 218 458 246 ταυτὸν
474 218 506 245 τδ
528 217 655 254 ἀξίωμα,
672 219 726 247 τῶν
744 220 855 255 φύσεων

63 263 203 299 μενουσῶν
232 264 365 300 ὁμολόγει
389 265 439 301 τὴν
458 264 507 300 τῆς
526 264 605 298 ἀξίας
630 266 754 302 ἑνότητα.
779 267 862 302 Ὁρᾷς

63 311 189 346 πανταχῆ
199 311 358 347 διορίζοντα
371 312 420 347 μὲν
435 313 560 349 ἀλλήλων
572 312 621 345 τὰς
631 312 736 348 φύσεις,
749 313 862 340 ὲνοῢντα

63 357 101 389 δὲ,
117 357 155 388 ὦς
169 366 251 392 φησι,
270 357 320 394 τὴν
334 358 531 394 προσκύνησιν,
544 360 590 386 καὶ
605 359 698 395 κοινὴν
718 359 861 386 αὑθεντίαν

63 404 244 439 ὀνομάζοντα,
262 405 311 432 καὶ
322 405 371 440 τὴν
386 405 435 440 τῆς
452 406 531 438 ἀξίας
550 406 664 442 ἑνότητα
677 406 769 441 μόνης.
781 405 818 432 Τὸ
833 405 862 432 δὲ

65 450 153 476 κοινὸν
167 450 220 485 οὐχ
237 450 278 482 ἓν,
297 451 321 477 εί
347 450 437 478 κοινὸν
461 458 485 484 ι,
511 452 553 486 εῐη
571 453 603 478 ἂν
617 457 641 485 Υ,
662 452 730 478 ἀλλὰ
745 452 791 478 δύο
809 460 860 478 που

65 496 186 528 πάντως,
202 497 220 532 ἦ
236 496 360 524 πλείοσιν
378 496 470 529 ίδικῶς
482 506 511 524 τε
527 498 575 525 καὶ
589 498 640 525 ἀνὰ
651 498 732 534 μέρος
742 499 861 535 θεωρου-

67 542 168 577 μένοις.
190 541 265 569 ’Δνθ“
283 543 345 569 ὅτου
362 543 395 578 δὴ
411 541 457 571 οὖν
469 543 605 579 τοσαύτην
630 544 768 571 ποιοῦνται
786 549 797 562 ι
812 545 861 579 τὴν

65 589 239 624 κατάρῤησιν
260 588 309 616 τοῦ
332 589 366 616 τὰ
390 589 480 617 τοιάδε
500 590 591 621 καλῶς
615 590 861 624 ἀναθεματίσαντος

65 634 163 669 λόγου;
183 636 216 662 ΤΞ
234 635 266 662 τὸ
279 635 390 668 ἄτοπον,
409 638 434 664 εί
452 638 509 669 τοῖς
535 636 671 672 βδελυροῖς
686 637 733 663 καὶ
761 637 862 672 ἀπηχε-

66 682 174 714 στατοις
196 682 347 718 Νεστορίου
363 683 451 718 λόγοις
469 683 503 709 τὰ
524 684 573 718 τῆς
588 682 730 714 εὐσεϐείας
741 683 863 717 ἀντεγεί-

68 737 161 764 ροντες
175 728 313 764 δόγματα,
325 729 376 764 τῆς
396 729 451 756 τῶν
476 729 598 763 ἀδελφῶν
614 729 764 763 ἀσφαλείας
785 737 863 764 φρον-

67 775 125 801 τίδι
139 775 191 810 τὴν
203 775 318 802 δέουσαν
332 775 526 811 πεποιήμεθα;
550 775 658 810 Ἐπειδὴ
675 775 703 801 δέ
718 783 799 810 φασιν
811 771 863 810 ὲμὲ

67 822 122 852 soi;
135 820 219 848 αὑτοῦ
244 820 381 856 μάχεσθαι
401 821 501 855 λόγοις,
514 820 735 856 παρακομίζουσι
751 820 779 846 δὲ
794 820 862 856 πρὸς

67 865 205 898 ἀπόδειξιν
217 867 300 902 μέρος
313 866 362 900 τῆς
374 865 528 901 ἐπιστολῆς,
539 863 573 902 ἦς
583 865 709 900 γέγραφα
722 865 790 901 πρὸς
800 866 863 897 τοὺς

69 913 163 946 ἁγίους
178 911 329 947 μοναστάς,
345 913 399 939 δεῖν
417 911 508 947 ᾠήθην
522 912 555 938 τὰ
571 911 664 938 εἰκότα
683 912 730 938 καὶ
745 911 813 946 πρός
827 919 860 945 γε

66 958 144 985 τοῦτο
163 959 254 984 εἰπεῖν
264 966 271 973 ”
289 958 357 993 φασὶ
368 958 423 993 γὰρ
440 958 479 984 ὅτι
494 957 539 984 δύο
560 958 606 984 καὶ
616 957 696 989 αὐτὸς
709 957 837 993 ὡνόμασα
846 963 858 978 α

67 1005 246 1037 ὑτυοστάσεις·
262 1005 311 1032 καὶ
325 1005 492 1040 ἀποχρήσειν
502 1004 514 1024 b
527 1004 619 1036 αὐτοῖς
634 1004 674 1035 εἰς
688 1003 798 1040 ἔλεγχον
812 1005 859 1032 τοῦ

66 1052 112 1079 καὶ
128 1052 204 1086 ἡμᾶς
217 1051 328 1078 ἑλέσθαι
342 1051 424 1078 ταυτὺ
446 1051 533 1077 εἰπεῖν
555 1051 610 1082 τοῖς
622 1055 633 1069 ε
653 1049 719 1077 αύτδ
739 1050 771 1086 δὴ
783 1050 861 1077 τούτο

66 1097 218 1132 νομίζουσι.
230 1096 368 1132 Παραθεὶς
383 1094 429 1124 οὖν
440 1096 598 1130 ἀναγκαίως
611 1095 642 1122 τὸ
658 1096 707 1131 τῆς
717 1096 860 1132 ἐπιστολῆς

69 1141 162 1178 μέρος,
177 1141 354 1177 προσεποίσω
370 1142 441 1177 μετὰ
459 1140 540 1167 τοῦτο
554 1140 587 1167 τὰ
601 1140 634 1167 δι’
656 1137 693 1168 ὧν
707 1141 740 1168 ἂν
755 1141 861 1175 γένοιτο

66 1188 250 1224 ψευδομυθεῖν
267 1188 423 1224 ᾑρημένους
449 1188 587 1223 ἀποφῆναι
615 1186 764 1222 πανταχοῦ.
783 1187 860 1223 Ἔχει

67 1234 94 1261 δὲ
117 1234 223 1266 οὓτως·
243 1234 349 1261 Οὐκοῦν
372 1234 433 1260 ὅσον
453 1230 521 1269 ἦκεν
546 1233 585 1264 εἰς
615 1232 684 1260 ίδίαν
701 1232 795 1267 φύσιν,
812 1233 861 1269 οὐχ

69 1280 198 1315 ἡγίασται
214 1280 374 1314 καταμόνας
388 1281 401 1306 ὸ
415 1280 447 1306 ἐκ
469 1279 537 1306 Θεοῦ
552 1279 659 1315 Πατρὸς
675 1279 777 1314 Λόγοςο
792 1281 816 1306 εί
833 1279 862 1307 δὲ

68 1327 98 1363 δή
115 1336 158 1359 τις
172 1328 257 1354 οἴοιτο
274 1326 319 1353 τὸν
335 1327 367 1354 ὲκ
385 1327 435 1362 τῆς
449 1327 530 1360 ἁγίας
543 1326 683 1363 Παρθένου
697 1327 862 1362 γεγεννημέ-

68 1383 110 1400 νον
124 1373 271 1409 κεχρίσθαι
286 1381 314 1399 τε
333 1373 379 1400 καὶ
394 1372 525 1408 ἡγιάσθαι
542 1372 634 1407 μόνον,
654 1373 740 1409 ταύτῃ
756 1381 797 1399 τοι
814 1373 862 1399 καὶ

68 1419 227 1454 ὠνομάσθαι
243 1418 372 1454 Χριστὸν,
383 1418 486 1452 λεγέτω
502 1418 656 1454 παρελθὼν,
670 1419 695 1444 εί
708 1419 817 1455 ἀπόχρη
832 1419 862 1446 τὸ

68 1466 174 1502 χρίσμα
188 1465 257 1501 πρὸς
271 1465 302 1492 τὸ
314 1465 452 1500 ἀποφῆναι
466 1465 511 1491 τὸν
522 1465 666 1501 χριόμενον
684 1465 793 1491 ίσοκ).εᾶ
815 1465 862 1492 καὶ

69 1511 215 1547 ὀμὸθρονον
239 1510 279 1546 τῷ
296 1511 405 1538 πάντων
433 1510 561 1537 ἐπέκεινα
587 1509 655 1545 Θεῷ.
685 1510 793 1545 Ἐπειδὴ
807 1509 862 1546 γὰρ

70 1558 113 1584 τὸν
126 1559 160 1584 ὲκ
176 1557 245 1584 Θεοῦ
262 1558 348 1592 Λόγον
365 1557 455 1589 ίδικῶς
468 1555 625 1592 ὠνομάσθαι
640 1556 766 1592 Χριστὸν,
781 1558 796 1583 ὸ
808 1556 863 1582 τῶν

69 1603 136 1631 νέων
166 1605 234 1639 ἡμῖν
263 1602 443 1639 βλασφημιῶν
473 1603 586 1639 εὑρετὴς
608 1603 755 1638 Νεστόριος
770 1603 862 1629 διαδε-

70 1649 196 1677 6αιοῦται
209 1649 330 1686 συχνῶς¹
351 1649 442 1680 ίδικῶς
466 1649 506 1682 δὲ,
521 1650 569 1675 καὶ
582 1649 634 1676 ἀνὰ
648 1650 730 1685 μέρος
746 1649 862 1684 Χριστὸν

70 1697 165 1732 ἕτερον
186 1696 234 1723 τδν
259 1697 292 1723 ὲκ
314 1696 364 1731 τῆς
382 1695 464 1730 ἁγίας
488 1694 628 1731 Παρθένου
649 1695 861 1731 γεγεννημένον·

70 1741 352 1777 κατακιὸδηλεύοντες
363 1741 413 1776 τὴν
423 1741 512 1774 δόξαν,
529 1740 567 1773 ὠς
581 1740 686 1776 ἀκαλλῆ
711 1742 758 1768 καὶ
775 1740 863 1775 ἀσύμ-

69 1786 152 1821 φυλον
163 1785 176 1806 ἀ
188 1787 237 1813 καὶ
249 1786 300 1822 τῆς
315 1785 446 1821 ἀληθείας
468 1785 666 1821 ὲξῳκισμένην,
676 1785 738 1812 οὗτε
748 1786 775 1813 δὲ
790 1791 801 1806 θ
817 1786 863 1813 τὸν

70 1832 102 1857 ἐκ
116 1831 186 1858 Θεοῦ
203 1831 311 1867 Πατρδς
326 1831 413 1866 Λόγον
426 1831 498 1858 κατά
511 1832 596 1866 μόνας
613 1831 756 1867 νοούμενον
773 1831 863 1867 κεχρι-

71 1876 134 1903 σθαι
161 1877 203 1912 τῷ
229 1877 314 1912 ἐλαίῳ
337 1878 386 1913 τῆς
409 1878 596 1912 ἀγαλλιάσεως
622 1878 862 1914 διαϐεϐαιούμεθα,

70 1922 131 1950 οὔτε
148 1923 203 1959 μὴν
222 1924 276 1960 ίδίᾳ
294 1932 325 1950 τε
341 1924 388 1950 καὶ
403 1924 476 1951 κατὰ
493 1924 576 1959 μόνας
592 1923 630 1956 ὡς
647 1925 800 1960 ἄνθρωπον,
816 1926 863 1952 καὶ

71 1969 164 2004 ἕτερον
179 1969 245 1996 ὄντα
273 1969 338 1996 Υίὸν
354 1970 430 2005 παρά
454 1970 499 1996 τὸν
514 1971 546 1997 ὲκ
572 1970 639 1997 Θεοῦ
659 1971 755 2005 Λόγον,
773 1971 818 1998 τὸν
831 1973 863 1998 ὲκ

70 2015 120 2050 τῆς
143 2015 226 2050 ἁγίας
243 2015 396 2052 Παρθένου.
413 2015 483 2043 Ἕνα
508 2016 536 2043 δὲ
553 2017 652 2052 μᾶλλον
670 2017 768 2052 χρῆναι
794 2018 863 2054 πρὸς

71 2061 201 2088 ἁπάντων
212 2061 437 2098 διισχυριζόμεθα
449 2063 640 2098 ὁμολογεῖσθαι
651 2064 780 2099 Χριστὸν,
794 2073 863 2100 σαρο

73 2106 197 2134 ωθέντα
214 2107 262 2134 καὶ
285 2108 554 2144 ὲνανθρωπήσαντα,
579 2109 626 2136 τὸν
656 2110 787 2146 μονογενῆ
815 2110 862 2137 τοῦ

72 2153 140 2180 Θεοῦ
157 2153 261 2188 Λόγον·
284 2163 294 2179 ί
308 2151 354 2186 Εἷς
370 2154 426 2190 γὰρ
445 2154 559 2190 Κύριος,
583 2155 632 2190 μία
652 2156 753 2189 πίστις,
769 2156 798 2182 ἓν
815 2156 863 2191 βά-

74 2207 189 2234 πτισμα.
206 2209 216 2225 1
231 2199 411 2227 Ἐστιτοίνυν
424 2200 512 2227 οὐδενὶ
529 2200 583 2228 τῶν
600 2201 669 2237 ὀρθὰ.
677 2204 785 2238 φρονεῖν
803 2204 864 2229 είω-

73 2246 159 2273 θότων
184 2246 356 2282 ἀσυμφανὲς,
384 2247 424 2274 δτι
455 2248 697 2283 παραχαράττουσι
716 2250 771 2275 τῶν
796 2249 863 2285 παρ’

74 2291 140 2327 ἐμοῦ
155 2291 361 2328 γεγραμμένων
377 2293 428 2329 τὴν
444 2292 575 2325 διάνοιαν,
595 2295 642 2321 καὶ
663 2296 862 2330 συκοφαντοῦσι

73 2338 123 2366 κάν
139 2338 229 2374 τούτῳ
242 2339 291 2374 τὴν
310 2338 450 2374 ἀλήθειαν.
467 2339 523 2366 Καὶ
537 2340 597 2366 καθ’
613 2340 707 2375 ἕτερον
721 2341 749 2368 δὲ
763 2341 863 2376 τρόπον

73 2383 252 2419 ἁπλημμελες
275 2383 320 2418 εῐη
336 2383 380 2417 ἂν,
401 2384 450 2412 καὶ
466 2385 539 2419 μάλα
561 2385 683 2419 εἰκότως,
703 2387 864 2422 ἀμοιρήσειε

73 2428 94 2454 δ’
111 2427 144 2454 ἂν
158 2428 206 2455 καὶ
228 2427 326 2463 μώμου
338 2429 441 2461 παντὸς
457 2429 488 2456 ἰδ
506 2429 606 2458 ειδέναι
618 2431 711 2466 τυχὸν,
729 2432 767 2464 ὡς
781 2432 863 2469 ἑτέρα

76 2477 123 2511 μὶν
138 2476 197 2504 ἔστι
213 2476 285 2503 κατά
303 2476 386 2511 φύσιν
409 2477 479 2504 ἰδίαν
495 2478 512 2513 ἡ
534 2477 603 2513 σὰρξ
626 2478 703 2515 παρά
721 2487 753 2513 γε
768 2479 814 2506 τὸν
831 2481 864 2506 ἐκ

74 2521 140 2548 θεοῦ
157 2521 265 2557 Πατρὸς
286 2521 376 2556 φύντα
389 2522 398 2541 ί
411 2522 509 2557 Λόγον,
525 2523 618 2559 ἔτερος
635 2523 665 2550 δὲ
686 2522 720 2551 αὖ
741 2525 811 2551 κατά
833 2534 865 2560 γε

74 2569 117 2595 τὸν
130 2568 183 2602 τῆς
206 2568 275 2600 ιδίας
292 2568 402 2603 φύσεως
426 2569 505 2604 λόγον
526 2570 541 2596 ὸ
560 2571 726 2607 Μονογενής.
744 2571 813 2598 Ἀλλ’
833 2572 864 2598 οὐ

74 2614 102 2641 τὸ
117 2614 323 2648 εἰδέναιταῦτα,
340 2614 462 2651 μερίζειν
476 2616 536 2643 ἐστὶ
555 2615 605 2649 τάς
620 2617 717 2652 φύσεις
730 2618 801 2654 μετά
816 2618 866 2654 τὴν

106 2691 128 2708 ⁸⁸
143 2691 242 2727 Ephes.
261 2700 299 2723 tv,
315 2692 341 2719 ὄλ

374 157 637 187 APOLOGETICUS
656 158 725 188 ΡΙὶΟ
748 160 792 188 Xll
812 150 996 189 CAPITIBUS
1016 160 1156 189 CONTRA
1176 160 1409 189 ORIENTALES.

1649 163 1700 191 330

874 225 896 252 Α
914 221 1026 256 latent.)
1042 220 1126 248 Vides
1139 220 1239 255 ubique
1260 225 1435 255 separantem
1453 220 1561 255 quidem
1585 221 1657 248 inter
1672 231 1701 248 se

913 272 1035 299 naturas,
1054 266 1190 294 unienlem
1208 270 1309 298 autem,
1334 271 1363 292 ιιι
1381 265 1457 297 dicit,
1475 267 1659 293 adorationem
1676 272 1703 293 et

913 321 1085 340 teri-mnunem
1100 312 1290 339 auctoritatem
1307 312 1502 344 nominantem,
1521 316 1548 340 et
1565 313 1646 339 solius
1661 313 1702 339 di-

912 359 1025 394 gnitatis
1039 359 1183 386 unitatem.
1199 358 1275 391 Quod
1298 364 1563 394 autemcommune,
1583 366 1634 385 non
1650 359 1703 384 nti—

912 412 966 439 qne
986 404 1031 431 uni
1045 411 1190 431 commune
1208 409 1261 437 est,
1274 403 1320 431 sed
1335 392 1438 431 duobus
1455 411 1575 438 prorsus,
1592 404 1631 430 vel
1645 404 1703 438 plu-

914 451 997 481 ribus,
1014 449 1059 484 qni
1077 456 1200 477 seorsum
1213 454 1240 476 et
1256 449 1400 484 separatim
1418 449 1634 476 considerantur.
1649 449 1703 475 Cur

914 496 997 530 igitur
1009 499 1084 522 tanta
1096 495 1165 523 facta
1179 500 1221 522 est
1232 494 1394 522 declamatio
1406 496 1535 523 adversus
1548 503 1701 523 sermonem

914 547 987 569 recte
1005 543 1062 569 luet:
1084 541 1383 569 anathematizantem?
1405 541 1473 575 Quid
1491 542 1649 574 absurdum,
1665 543 1700 574 si,

913 588 1125 616 exsecrabilibns
1138 594 1166 615 et
1181 588 1385 615 absurdissimis
1399 587 1516 615 Nestorii
1531 588 1702 615 sermonibus

914 635 955 669 pia
971 634 1098 668 dogmata
1112 639 1290 669 opponentes,
1308 635 1340 661 de
1361 634 1475 661 fratrum
1499 634 1586 662 salute
1601 633 1701 669 justam

913 688 1005 708 curam
1017 680 1170 715 gessimus?
1181 680 1314 714 Quoniam
1329 681 1421 708 dicunt
1444 688 1504 708 mea
1516 681 1597 708 verba
1610 688 1701 708 secum

914 734 1044 761 pugnare,
1056 731 1083 754 et
1097 725 1214 753 aﬂ'erunt
1226 727 1259 754 ad
1274 716 1534 754 demonstrationem
1550 727 1630 762 166
1640 735 1703 761 par-

914 776 967 800 tem
992 772 1113 807 epistolte
1133 780 1214 807 quam
1237 773 1333 807 scripsi
1357 774 1391 800 ad
1413 778 1525 801 sanctos
1544 774 1702 805 monachos,

913 826 1002 854 operae
1018 821 1133 853 pretium
1152 819 1272 846 arbitror
1293 825 1320 847 et
1334 820 1366 846 ad
1384 819 1435 847 hoc
1456 821 1645 847 convenientia
1662 820 1704 847 di-

913 873 986 892 cere.
1004 864 1103 892 Dicunt
1116 865 1190 892 enim
1207 865 1278 899 quod
1303 866 1373 892 duas
1387 866 1468 893 etiam
1488 866 1546 900 ipse
1566 866 1702 893 nominavi

913 911 1115 944 subsistentias,
1140 915 1167 938 et
1195 910 1319 938 sufﬁcere
1346 911 1386 938 eis
1413 911 1447 938 ad
1476 912 1702 946 redarguendum,

911 958 983 992 quod
1005 965 1053 985 nos
1077 958 1148 986 idem
1172 963 1255 993 atque
1273 958 1322 992 ipsi
1340 958 1430 985 dicere
1451 965 1504 984 non
1522 958 1702 991 renuerimus,

912 1004 956 1039 qui
985 1005 1057 1032 istud
1092 1005 1179 1040 ipsum
1210 1005 1315 1032 scilicet
1349 1009 1457 1040 putant.
1495 1005 1623 1040 Apposita
1654 1005 1704 1040 igi-

913 1057 955 1078 tur
969 1051 1124 1079 necessario
1144 1059 1177 1078 ea
1200 1057 1278 1086 parte
1302 1051 1436 1086 epistolae,
1462 1051 1629 1079 subinferam
1645 1057 1705 1086 post

913 1099 969 1126 haec
985 1105 1028 1132 ea,
1051 1098 1150 1133 quibus
1167 1098 1267 1133 ubique
1286 1098 1355 1125 falso
1378 1098 1473 1133 nugari
1497 1098 1566 1125 velle
1590 1099 1704 1125 demon—

912 1150 1042 1172 strentur.
1058 1144 1144 1172 liabet
1154 1150 1242 1172 autem
1255 1145 1294 1172 sic
1308 1154 1314 1171 ε
1330 1143 1424 1178 itaque
1435 1148 1566 1179 quantum
1580 1143 1613 1170 ad
1627 1151 1703 1171 suam

913 1196 1049 1223 naturam,
1068 1199 1119 1218 non
1139 1191 1340 1218 sanctificatum
1356 1195 1398 1218 est
1413 1190 1560 1224 separatim
1585 1190 1631 1217 Dei
1655 1189 1704 1217 Pa-

914 1237 962 1264 tris
976 1236 1107 1265 Verbum.
1123 1235 1151 1263 Si
1164 1241 1254 1263 autem
1270 1236 1332 1271 quis
1348 1236 1491 1263 existimet
1515 1243 1588 1269 eum,
1602 1235 1648 1270 qui
1664 1240 1705 1262 est

912 1290 945 1310 ex
962 1286 1055 1309 sancta
1073 1280 1184 1317 Virgine
1199 1286 1291 1313 natus,
1309 1287 1421 1309 unctum
1434 1288 1494 1309 esse
1509 1284 1537 1308 et
1550 1281 1705 1308 sanctiﬁca-

913 1333 968 1356 tum
990 1328 1087 1361 solum,
1112 1332 1139 1355 et
1167 1328 1217 1355 hac
1245 1327 1350 1355 ratione
1366 1328 1535 1355 nominatum
1554 1328 1703 1360 Christum,

913 1375 1026 1409 prodeat
1044 1379 1072 1400 et
1095 1373 1178 1406 dicat,
1205 1381 1268 1400 num
1287 1373 1401 1401 sulIiciat
1422 1374 1514 1401 unctio
1531 1374 1565 1401 ad
1587 1373 1649 1406 hoc,
1675 1379 1704 1401 ut

913 1420 1020 1454 elIiciat,
1039 1420 1110 1455 quod
1135 1424 1232 1447 unctus
1254 1419 1367 1454 a‘qnalis
1390 1420 1483 1455 gloria:
1505 1424 1532 1446 et
1554 1419 1704 1453 majestatis

914 1468 949 1495 sit
969 1474 1029 1493 cum
1054 1473 1096 1497 eo.
1114 1466 1158 1500 qui
1183 1470 1225 1492 est
1246 1472 1328 1500 super
1342 1466 1445 1497 omnia,
1470 1465 1551 1492 Deus.
1571 1465 1702 1498 Quoniam

914 1514 985 1540 enim
1005 1512 1052 1539 Dei
1067 1511 1185 1539 Verbum
1202 1512 1314 1539 seorsim
1327 1510 1463 1538 nominari
1481 1510 1630 1541 Christum,
1648 1509 1703 1536 Ne-

877 1569 898 1598 c
914 1559 1026 1589 slorius,
1051 1557 1220 1584 novellarum
1237 1556 1314 1584 nobis
1327 1556 1558 1590 blasphemiarum
1581 1556 1704 1583 inventor

915 1604 1024 1632 assidue
1035 1603 1165 1635 allirmat;
1182 1609 1209 1631 et
1224 1603 1338 1630 seorsim
1355 1602 1493 1629 Christum
1511 1601 1638 1634 alterum,
1656 1601 1702 1636 qui

914 1657 947 1677 ex
965 1654 1058 1677 sancta
1073 1648 1184 1683 Virgine
1205 1649 1313 1684 genitus
1333 1652 1374 1674 est
1396 1656 1403 1674 ς
1421 1651 1450 1674 ut
1467 1647 1536 1674 hanc
1549 1647 1702 1681 opinionem

915 1700 1074 1722 notaremus
1095 1699 1227 1729 tanquam
1249 1693 1454 1729 ilnprobandam
1467 1700 1500 1720 ac
1518 1693 1702 1726 temerariam,

914 1746 942 1769 et.
963 1750 978 1769 a
1004 1742 1119 1769 veritate
1135 1741 1267 1772 alienant,
1291 1747 1377 1774 neque
1403 1739 1522 1766 Verbum
1550 1740 1595 1766 Dei
1616 1739 1705 1767 Patris

914 1795 1036 1816 seorsum
1059 1788 1273 1820 cansideratum,
1293 1792 1405 1813 unctum
1427 1794 1487 1814 esse
1510 1786 1570 1813 oleo
1586 1786 1704 1813 exsulta-

915 1834 997 1861 tionis
1020 1833 1205 1866 aliirmamus,
1224 1839 1312 1867 neque
1335 1839 1458 1859 seorsum
1479 1836 1506 1858 et
1525 1831 1650 1866 privatim
1677 1837 1705 1857 11ι

914 1880 1062 1912 hominem,
1075 1884 1102 1906 ει
1113 1879 1195 1906 alium
1211 1877 1308 1905 Filium
1324 1878 1358 1905 ab
1368 1886 1412 1910 eo,
1423 1878 1468 1912 qui
1484 1883 1527 1905 est
1539 1877 1658 1904 Verbum
1670 1885 1703 1904 ex

914 1925 981 1958 Deo,
1002 1933 1064 1953 eum
1087 1925 1133 1960 qui
1155 1932 1171 1952 e
1187 1929 1282 1952 sancta
1305 1924 1430 1958 Virgine;
1450 1924 1598 1951 asserimus
1615 1928 1702 1951 autem

914 1971 1099 1999 necessarium
1126 1978 1198 2004 esse,
1224 1975 1256 1998 ut
1284 1977 1381 1997 omnes
1412 1970 1593 1998 conﬁteantur
1620 1978 1703 1997 unum

914 2017 1065 2049 Christum,
1083 2017 1254 2045 incarnatum
1275 2021 1304 2044 et
1326 2016 1464 2043 hominem
1491 2016 1590 2044 factum
1610 2017 1705 2050 unige-

915 2055 1224 2089 nitumDei'Verbum:
1254 2071 1263 2087 ε
1281 2061 1356 2089 Unus
1381 2061 1454 2089 enim
1480 2060 1621 2094 Dominus,
1650 2070 1703 2088 una

914 2107 990 2139 ﬁdes,
1022 2115 1104 2135 unutn
1126 2108 1258 2143 baptisma
1282 2108 1314 2134 ".
1331 2117 1341 2133 1
1363 2106 1446 2143 igitur
1473 2107 1549 2140 nulli,
1567 2108 1611 2142 qui
1631 2113 1704 2135 recte

916 2155 1017 2181 sentire
1037 2154 1114 2187 solet,
1141 2154 1287 2182 obscurum
1308 2158 1359 2186 est,
1389 2153 1461 2188 quod
1481 2154 1578 2181 vitiant
1595 2162 1703 2181 sensum

914 2208 1009 2228 eurum
1035 2208 1096 2235 qua:
1119 2209 1134 2228 a
1159 2208 1203 2228 me
1237 2202 1337 2234 scripta
1363 2204 1435 2232 sunt,
1458 2206 1486 2228 et
1503 2201 1705 2229 calumniantur

879 2248 902 2275 D
917 2247 999 2274 etiam
1017 2247 1043 2274 in
1062 2247 1113 2274 hoc
1129 2247 1284 2274 veritatem.
1296 2247 1349 2274 Sed
1365 2247 1456 2274 etalio
1472 2248 1552 2275 modo
1565 2247 1643 2282 culpa
1658 2255 1704 2272 va-

915 2298 991 2320 caret
1013 2297 1041 2319 et
1068 2293 1141 2320 omni
1167 2293 1390 2327 reprehensione,
1407 2292 1487 2327 idque
1505 2293 1614 2325 merito,
1633 2292 1704 2320 scire

915 2339 1040 2371 forsitan,
1056 2340 1128 2374 quod
1152 2339 1204 2366 alia
1222 2339 1331 2373 quidem
1352 2341 1395 2365 est
1414 2338 1560 2366 secundum
1579 2343 1703 2365 naturam

915 2386 1054 2422 propriam
1066 2392 1131 2412 caro
1148 2393 1163 2412 a
1182 2384 1272 2412 Verbo
1296 2383 1352 2411 Deo
1378 2384 1458 2411 Patre
1482 2388 1558 2415 nato,
1584 2388 1610 2411 et
1636 2384 1705 2411 alius

913 2440 1012 2460 rursus
1028 2431 1193 2466 Unigenitus
1210 2432 1359 2459 secundum
1376 2435 1479 2457 natura),
1495 2430 1609 2464 propriae
1620 2430 1704 2456 ratio-

914 2487 985 2506 nem.
1002 2478 1055 2506 Sed
1072 2478 1144 2505 scire
1159 2478 1228 2510 haec,
1245 2485 1297 2505 non
1315 2481 1357 2505 est
1375 2477 1495 2504 dividere
1512 2482 1625 2503 naturas
1643 2480 1704 2511 post

915 2527 1076 2554 unitionem.
1100 2524 1159 2552 Jam
1177 2527 1199 2552 si
1223 2525 1285 2560 quis
1300 2525 1416 2552 voluerit
1439 2526 1601 2552 sacramenti
1619 2525 1705 2552 virtu-

917 2578 972 2601 tem
987 2577 1085 2601 exacto
1096 2573 1196 2600 mentis
1210 2571 1290 2599 oculo
1301 2572 1485 2603 considerare,
1499 2571 1601 2598 vtdebit
1612 2571 1705 2606 utique

920 2618 992 2654 quod
1007 2617 1096 2654 (sicut
1121 2617 1176 2645 dixi
1193 2617 1220 2645 in
1238 2616 1390 2652 principio)
1412 2624 1468 2644 non
1484 2624 1560 2644 suam
1579 2622 1703 2644 naturam

605 2769 692 2797 Vat-ite
708 2770 838 2799 lectiones
850 2778 884 2798 ex
897 2771 990 2799 codice
1006 2770 1198 2807 Seguieriano.

159 2890 170 2903 ι
188 2881 295 2913 αὖτοῖςζ
333 2881 345 2901 ἀ
361 2881 508 2916 ἀσύφηλον.

235 2930 293 2958 l'n
302 2937 373 2958 unL.
391 2927 448 2956 Gn.
463 2927 595 2958 LXXV].

76 2891 122 2911 σιν.

104 2854 118 2869 ι
133 2848 162 2874 τὺ
173 2848 202 2874 δὲ
218 2847 325 2890 κοινὴν,
343 2846 417 2887 ίσως
435 2846 484 2887 et}:
500 2846 599 2872 ἐννοεῖν
622 2849 723 2883 κοινήν.
763 2851 777 2872 Υ
795 2868 803 2878 ,
816 2848 865 2884 οὐχ
879 2848 919 2875 ἑνὶ
935 2849 1026 2876 κοινὸν
1036 2849 1090 2884 εἴη.
1129 2853 1140 2868 ι
1155 2850 1328 2885 πεποίηνται.
1367 2857 1380 2871 ιι
1394 2852 1562 2887 ὠνόμασενρ
1577 2853 1698 2892 ἀπόχρη-

104 2893 122 2910 1.
159 2890 170 2903 ι
188 2883 293 2910 αὐτοις.
333 2881 345 2901 ἀ
361 2883 508 2910 ἀσύφηλον.
550 2887 561 2900 ε
578 2881 659 2910 ἴσως.
676 2884 718 2910 δη.
762 2883 771 2903 ί
790 2884 939 2910 mem/61a.

611 2892 659 2916 ως,
676 2892 718 2918 οη.
762 2892 768 2903 ι
790 2892 939 2919 πεψηνοτα.

1466 2932 1497 2964 11
