1886 3056
175 139 223 176 331

688 136 717 162 S.
737 133 873 162 CYRILLl
892 131 1125 160 ALEXANDRINI
1147 131 1305 158 ARClIlEP.

1752 133 1807 160 532

176 197 353 231 apprehendit
376 195 445 222 Deus
469 194 603 221 cxsistens
633 191 769 224 Verbum,
795 191 842 217 sed
868 197 959 216 semen

1054 196 1119 214 act-tv.
1135 187 1165 214 Εἰ
1182 187 1211 214 δὲ
1224 187 1255 223 δή
1271 196 1314 219 τις
1329 187 1450 223 βούλοιτο
1461 188 1511 223 τὴν
1526 188 1574 215 τοῦ
1589 189 1743 224 μυστηρίου
1757 191 1806 217 δύο

176 244 302 270 Abrubaa.
317 241 374 268 Non
392 245 432 268 est
453 245 541 266 autem
561 237 790 266 consubstantiate
817 236 906 263 Verbo
928 243 962 262 ex

178 289 231 315 Deo
247 292 319 317 nato,
335 286 405 320 quod
422 293 453 312 ex
467 285 569 311 semine
582 284 697 310 Abrahae
712 287 835 310 sanctum
853 289 961 315 corpus,

176 334 245 368 quod
262 332 339 366 167
355 340 369 358 e
382 332 459 359 beata
479 330 589 365 Virgine
605 330 730 363 sumpsit,
749 328 897 363 procedens
913 327 962 354 ho-

178 387 231 410 mo,
250 383 277 404 nt
297 377 426 404 lratribus
447 377 542 404 similis
561 381 643 407 esset,
660 381 687 401 et
707 374 891 409 appellaretur
907 374 962 407 pri-

177 424 328 458 mogenilns
346 423 392 457 qui
406 429 462 449 erat
476 422 639 457 unigenitus.
653 421 780 454 Quamvis
794 425 883 446 autent
898 420 964 446 alte—

177 470 232 496 rius
249 474 351 495 naturze
366 469 400 494 sil
414 475 512 502 corpus
524 475 538 493 τι
554 466 642 493 Verbo
660 466 704 493 Dei
721 465 822 497 Patris;
840 473 908 491 unus
921 469 964 491 ta-

176 522 236 540 men
250 519 291 541 est
308 513 443 545 Christus,
461 517 488 540 et
505 513 600 544 Filius,
618 517 646 540 et
665 512 747 545 Deus,
772 516 796 538 et
823 511 962 543 Dominus,

177 559 281 586 tametsi
306 558 394 586 tactus
419 559 456 585 sit
477 565 553 584 caro.
574 557 632 583 Non
656 561 731 584 caret
748 562 837 583 autem
853 557 962 587 damno,

176 605 322 632 dissolvere
341 611 411 631 vera:
429 604 558 630 unitionis
581 603 701 634 modum,
719 609 747 630 et
765 603 884 629 dividere
900 605 963 628 sub-

175 650 315 676 sistentias
339 656 353 676 a
378 657 408 676 se
425 654 518 675 mutuo
543 648 680 683 sejunctas
697 648 723 674 in
745 648 813 674 duos
831 648 910 679 titius,
937 651 965 673 ut

175 696 300 730 privatim
317 700 344 722 et
369 702 490 722 seorsum
520 694 586 726 sint,
613 694 745 721 habentes
767 699 855 720 autem
878 694 963 720 solum

174 746 315 767 externam
328 740 537 771 connexionem,
557 744 583 766 et
610 744 639 766 ut
658 740 684 765 in
706 739 802 766 ordine
813 739 963 774 dignitatis.

176 786 251 818 Quod
268 785 289 812 si
311 785 462 811 naturalem
480 785 607 810 unionem
629 785 791 816 dixerimus,
813 791 904 811 veram
923 785 964 810 in-

177 832 332 867 telligimus.
349 831 435 858 Habet
447 831 520 858 enim
537 830 677 866 Scriptura
690 831 817 857 divinitus
835 831 965 865 inspirata

1014 243 1096 269 ναμιν
1113 233 1222 269 ἀκριϐεῖ
1238 233 1358 266 διανοίας
1374 233 1477 269 ὄμματι
1489 235 1739 267 κατασκέπτεσθαι,
1754 245 1807 263 κα-

1014 279 1176 314 ταθρήσειεν
1191 279 1234 310 ἂν,
1248 278 1300 309 ὅτι,
1313 278 1439 313 καθάπερ
1456 278 1524 313 ἔῳην
1539 279 1568 304 ὲν
1584 279 1694 314 ἀρχαῖς,
1712 280 1743 306 οὺ
1755 280 1808 315 τῆς

1014 325 1094 353 αὑτοῦ
1102 325 1208 360 φύσεως
1220 325 1366 351 ὲπελάῆετο
1377 325 1442 356 Θεὸς
1459 325 1496 351 ὢν
1507 327 1521 352 ὁ
1534 325 1630 359 Λόγος,
1640 325 1710 352 ἀλλὰ
1723 327 1808 363 σπέρ-

1017 380 1099 406 ματος
1115 371 1242 406 Ἀδραάμ
1254 378 1261 385 ⁸
1277 371 1325 405 οὐχ
1338 370 1480 405 ὁμοούσιον
1493 370 1522 397 δὲ
1537 372 1576 406 τῷ
1591 373 1622 398 ὲκ
1639 371 1707 398 Θεοῦ
1724 372 1809 406 φύντι

1014 417 1102 452 Λόγῳ,
1115 417 1144 443 τὸ
1159 418 1190 443 ἐκ
1205 417 1362 452 σπέρματος
1379 416 1506 452 Ἀϐραάμ
1526 417 1603 452 ἅγιον
1619 418 1699 454 σῶμα
1735 419 1808 454 ὅπερ

1015 463 1046 488 ἐκ
1058 463 1107 497 τῆς
1125 463 1263 497 μακαρίας
1276 461 1416 497 Παρθένου
1435 461 1535 494 λαϐὼν,
1544 461 1680 496 προῆλθεν
1696 462 1807 497 ἄνθρω-

1015 517 1074 539 πος,
1088 508 1132 534 ἴνα
1146 509 1201 538 τοῖς
1211 507 1335 541 ἀδελφοῖς
1349 507 1479 542 ὀμοιωθῇ,
1493 507 1539 534 καὶ
1557 509 1713 544 χρηματίσῃ
1730 517 1810 543 πρω-

1014 555 1123 586 τότοκος
1133 555 1147 580 ὁ
1163 556 1320 590 μονογενής.
1340 555 1410 582 Ἀλλ’
1426 556 1450 581 εί
1467 555 1513 582 καὶ
1526 555 1599 581 ἔστιν
1611 555 1759 590 ἑτεροφυὲς
1775 555 1810 581 τὸ

1016 600 1095 636 σῶμα
1113 600 1189 636 παρὰ
1202 609 1234 635 γε
1253 601 1297 627 τὸν
1318 601 1350 627 ὲκ
1366 600 1435 627 Θεοῦ
1452 601 1559 636 Πατρὺς
1572 601 1667 635 Λόγον,
1684 601 1744 627 ἀλλ’
1758 598 1810 627 οὖν

1016 644 1056 678 εἷς
1070 646 1197 682 Χριστὸς,
1215 646 1262 674 καὶ
1275 646 1348 678 Υίὺς,
1366 647 1414 673 καὶ
1428 647 1504 678 Θεὸς,
1520 648 1567 673 καὶ
1583 647 1702 682 Κύριος,
1719 647 1767 673 καὶ
1783 647 1810 672 εἰ

1016 693 1111 726 γέγονε
1132 692 1209 728 σάρξ.
1228 693 1283 719 Καὶ
1299 693 1345 719 τὸν
1364 693 1414 727 τῆς
1429 692 1547 728 ἀληθοῦς
1561 692 1683 724 ἐνὼσεως
1704 693 1811 727 τρόπον

1015 738 1169 774 παραλύειν
1183 739 1233 765 οὐκ
1247 739 1374 774 ἀζήμιον,
1386 739 1540 771 διιστάντας
1554 740 1593 770 εις
1606 739 1681 771 υἱοὺς
1695 739 1742 766 δύο
1755 739 1810 770 τὰς

1017 785 1191 817 ὑποστάσεις,
1213 785 1406 820 ἀποφοιτώσας
1435 785 1484 821 μὲν
1499 785 1622 821 ἀλλήλων
1643 786 1682 816 είς
1700 785 1730 812 τὸ
1753 786 1811 822 ἰδίᾳ

1017 840 1046 857 τε
1061 829 1131 858 εἶναι
1155 831 1203 858 καὶ
1214 831 1266 858 ἀνὰ
1279 831 1495 867 μέρος,ὲχούσας
1508 831 1537 858 δὲ
1552 831 1637 866 μόνην
1658 832 1810 866 συνάφειαν

174 878 247 905 hunc
262 885 375 910 morem,
390 877 440 904 hac
452 877 569 904 dictione
581 878 605 904 in
621 877 693 904 hunc
707 885 814 904 sensum
826 878 874 904 uti.
888 877 960 904 Scri-

1054 886 1063 902 ν
1081 876 1179 908 ἔξωθέν
1194 886 1224 903 τε
1240 877 1286 904 καὶ
1302 878 1340 909 ὡς
1359 878 1388 904 ὲν
1413 877 1490 910 τάξει
1509 878 1604 912 τιμῆς.
1626 877 1658 903 Εἰ
1672 876 1701 903 δὲ
1717 877 1750 912 δὴ
1764 877 1811 903 λέ-

176 925 214 951 bit
231 925 302 951 enitn
329 923 427 951 alicubi
445 924 609 958 quibusdam
632 924 739 950 divinus
756 923 858 950 Paulus
875 931 882 950 :
904 933 913 949 α
934 924 965 950 Ει

174 977 284 997 eramus
303 974 398 996 natura
412 969 458 996 lilii
477 970 533 1001 irae,
550 969 621 996 sicut
633 973 658 996 et
673 969 764 996 caeleri
776 968 815 1002 “;
830 978 840 994 ι
859 973 887 996 et
900 977 965 995 neu-

175 1018 277 1050 tiquam
298 1015 401 1042 dixerit
415 1016 548 1050 quispiam
567 1015 715 1043 subsistere
731 1020 854 1042 naturam
868 1016 965 1042 divina:

176 1062 232 1093 irae.
258 1062 292 1088 ita
319 1066 348 1088 ut
373 1067 531 1095 peccatores
549 1061 620 1088 illius
635 1062 688 1088 sint
711 1062 818 1088 suboles
843 1062 964 1096 :alioqui

174 1115 286 1141 prorsus
299 1113 328 1134 et
341 1108 467 1134 omnibus
484 1108 572 1135 modis
597 1108 797 1134 consentiemus
815 1107 966 1134 laboranti-

175 1154 225 1180 lms
253 1153 356 1180 insania
382 1153 604 1180 Maniclneornm.
627 1153 679 1180 Sed
696 1153 743 1185 ibi,
765 1159 870 1184 natura.
894 1154 964 1179 idem

171 1203 215 1225 est
230 1198 313 1232 quod,
340 1205 414 1226 vere.
437 1198 494 1225 Non
522 1200 604 1233 igitur
618 1199 816 1226 confundentes
842 1204 963 1230 naturus,

176 1252 264 1279 Itaque
279 1245 352 1278 ipsas
368 1246 439 1271 inter
454 1252 483 1272 se
502 1245 657 1277 miscentes,
675 1246 747 1272 sit-ut
759 1245 851 1272 dicunt
867 1247 964 1271 advor-

172 1291 250 1322 sarii,
260 1290 408 1317 naturalem
422 1291 536 1317 dicimus
551 1290 648 1317 factam
659 1298 719 1318 esse
733 1292 899 1323 unitionem;
918 1291 964 1318 sed

174 1343 208 1362 es
226 1335 331 1363 duabus
355 1336 435 1362 rebus
451 1335 637 1368 dissimilibus,
664 1337 774 1368 tleilalc,
794 1336 914 1370 inquam,
939 1341 966 1363 et

174 1382 359 1412 humanitate,
377 1388 458 1406 unmn
478 1380 579 1407 fat-tum
597 1389 657 1408 esse
667 1380 845 1413 Cbristum,et
855 1381 964 1413 Filium,

174 1431 203 1453 et
216 1426 368 1458 Dominum,
382 1427 481 1460 ubique
492 1426 668 1454 altirmamus.
685 1427 795 1454 Dcmum
808 1435 868 1454 cum
884 1428 965 1461 Apul-

175 1473 264 1500 linarii
287 1474 420 1508 dogmatis
443 1473 523 1508 plane
547 1474 612 1500 nihil
642 1475 718 1501 nobis
745 1482 888 1501 commune
913 1481 962 1501 est.

175 1520 264 1546 Senn-l
278 1521 350 1547 enim
367 1521 574 1548 condemnatos.
592 1526 719 1554 tauquam
735 1521 875 1548 veritatem
890 1521 964 1547 adut-

175 1571 292 1592 terantes
308 1566 426 1592 aversari
440 1571 559 1600 oportet.

1016 930 1113 958 γοιμεν
1129 923 1247 958 φυσικὴν
1262 923 1312 957 τὴν
1333 923 1441 955 ἕνωσιν,
1455 924 1504 958 τὴν
1520 923 1609 959 ἀληθῆ
1629 932 1731 958 φαμεν,
1747 924 1812 956 ἐθος

1016 968 1132 1004 ἐχούσης
1146 969 1196 1004 τῆς
1223 969 1404 996 θεοπνεύστου
1426 970 1539 1005 Γραφῆς
1564 970 1636 997 οὕτω
1654 970 1812 1006 κεχρῆσθαι

1014 1017 1047 1050 τῇ
1067 1015 1149 1048 λέξει.
1168 1016 1270 1051 Γράφει
1282 1016 1337 1052 γάρ
1349 1016 1399 1043 πού
1414 1024 1485 1043 τισιν
1496 1017 1511 1042 ὁ
1523 1016 1666 1047 θεσπέσιος
1682 1017 1791 1048 Παῦλος
1800 1024 1809 1031 ·

1019 1070 1028 1086 t
1049 1061 1103 1088 Καὶ
1124 1059 1196 1096 ἦμεν
1210 1061 1293 1088 τέκνα
1307 1062 1387 1096 φύσει
1408 1062 1504 1097 ὀργῆς,
1520 1063 1558 1094 ὡς
1574 1063 1621 1089 καὶ
1633 1063 1657 1089 οἱ
1673 1063 1778 1089 λοιποί·
1797 1072 1806 1089 ι

1015 1107 1063 1133 καὶ
1084 1107 1114 1133 οὐ
1129 1107 1215 1143 δήπου
1229 1108 1297 1143 φαίη
1313 1116 1354 1140 τις
1367 1107 1400 1134 ἂν
1411 1108 1561 1142 ὑφεστάναι
1581 1110 1652 1135 κατά
1666 1109 1748 1143 φύσιν
1759 1109 1808 1145 τὴν

1016 1151 1091 1178 Θείαν
1108 1152 1205 1187 ὀργὴν,
1234 1152 1305 1179 ὥστε
1333 1153 1381 1180 καὶ
1399 1153 1483 1188 αὐτῆς
1510 1154 1670 1189 γεννήματα
1683 1154 1807 1180 νοεῖσθαι

1015 1199 1078 1230 τοὺς
1090 1199 1300 1234 ἁμαρτάνοντας
1311 1207 1318 1214 ·
1331 1200 1347 1234 ἢ
1361 1200 1450 1235 πάντη
1461 1209 1490 1226 τε
1505 1200 1551 1226 καὶ
1566 1200 1674 1232 πάντως
1688 1201 1810 1236 ἐσόμεθα

1017 1244 1175 1280 σύμφρονες
1190 1246 1202 1265 3
1219 1247 1275 1277 τοῖς
1300 1245 1348 1280 τὴν
1374 1246 1533 1281 Μανιχαίων
1564 1246 1672 1273 νοσοῦσι
1697 1248 1807 1282 μανίαν.

1022 1291 1102 1318 Ἀλλὰ
1116 1291 1156 1324 τὸ,
1173 1292 1264 1326 φύσει,
1277 1291 1354 1327 δηλοῖ
1369 1293 1400 1318 τὸ
1414 1292 1484 1319 κατὰ
1498 1293 1638 1328 ἀλήθειαν.
1656 1293 1762 1320 Οὐκοῦν
1777 1295 1809 1320 οὐ

1016 1338 1178 1372 συγχέοντες
1201 1338 1250 1370 τὰς
1273 1338 1387 1373 φύσεις,
1407 1339 1469 1365 οὔτε
1494 1340 1547 1375 μὴν
1570 1339 1699 1375 ἀλλήλαις
1723 1340 1810 1372 αὑτὰς

1016 1384 1201 1418 ἀναφύροντες
1213 1404 1220 1416 ,
1239 1384 1311 1411 καθά
1327 1393 1408 1419 φασιν
1424 1387 1448 1412 οἱ
1469 1386 1502 1412 δι’
1528 1386 1663 1418 ἐναντίας,
1689 1387 1810 1421 φυσικήν

1016 1439 1106 1466 φαμεν
1122 1431 1248 1464 γενέσθαι
1260 1432 1309 1466 τὴν
1325 1431 1435 1458 ἕνωσιν·
1452 1432 1509 1458 ἀλλ’
1526 1433 1557 1458 ὲκ
1571 1432 1617 1459 δύο
1634 1434 1810 1469 πραγμάτιον

1016 1476 1161 1510 ἀνομοίων,
1183 1476 1309 1511 θεότητός
1323 1485 1353 1503 τε
1381 1478 1428 1504 καὶ
1444 1477 1662 1513 άνθρωπότητος,
1687 1478 1735 1505 τὸν
1761 1479 1810 1506 ἕνα

1015 1522 1143 1556 γενέσθαι
1158 1523 1284 1558 Χριστὸν,
1301 1523 1347 1549 καὶ
1363 1523 1438 1554 Υἱὸν,
1453 1525 1499 1550 καὶ
1516 1524 1618 1559 Κύριον
1633 1525 1810 1551 διαϐεϐαιού-

979 1558 998 1585 C
1018 1567 1089 1601 μεθα
1103 1568 1251 1603 πανταχοῦ.
1273 1569 1334 1595 Τῶν
1347 1569 1374 1595 δὲ
1399 1558 1586 1606 Ἀπολιναρίου
1605 1571 1751 1607 δογμάτων
1765 1572 1810 1598 οὐ·

171 1614 229 1645 δεὶς
246 1614 386 1645 παντελῶς
421 1615 486 1649 ἡμῖν
501 1615 515 1641 ὁ
532 1615 629 1650 λόγος·
659 1616 722 1647 τοὺς
744 1616 798 1651 γὰρ
831 1615 904 1648 ama
940 1617 1206 1651 κατακεκριμένους,
1231 1617 1269 1649 ὡς
1301 1619 1564 1653 παραχαράττοντας
1588 1619 1638 1655 τὴν
1664 1620 1808 1655 ἀλήθειαν,

175 1660 405 1696 ἀποστρέφεσθαι
416 1661 481 1696 χρή.

377 1706 695 1735 ANATIIEMATlSMUS
715 1708 760 1735 IV.

211 1763 240 1790 Si
258 1764 317 1797 quis
340 1762 447 1789 duabus
464 1764 597 1796 penonis.
610 1764 666 1791 sive
683 1765 887 1800 liypostasibus,
915 1774 961 1793 cas

176 1818 254 1836 voces
277 1809 411 1840 attribuit,
437 1817 496 1843 qua:
519 1810 544 1836 in
571 1811 734 1845 evangelicis
756 1817 783 1839 et
805 1813 960 1846 apostoli~-is

176 1856 326 1890 Scripturis
348 1855 447 1888 passim
473 1861 631 1888 occurrunt,
654 1865 750 1891 qnmve
770 1865 784 1884 a
803 1859 906 1884 sanctis
928 1860 961 1884 «te

174 1902 294 1933 Christo,
310 1900 349 1927 vel
366 1901 398 1926 ab
410 1900 468 1934 ipso
481 1908 589 1934 quoque
608 1901 718 1929 Christo
733 1903 765 1928 de
781 1903 869 1936 seipse
883 1904 961 1928 diuta-

176 1955 255 1980 sunt;
279 1953 305 1975 et
324 1948 392 1974 alias
408 1947 515 1980 quidem
532 1946 632 1973 liomini
657 1951 784 1981 tanquam
800 1955 921 1973 seorsum
945 1943 960 1974 ιι

174 1995 229 2021 Deo
242 1994 328 2022 Verbo
339 1993 509 2020 considerato
524 1993 651 2024 ascribit;
668 1993 735 2020 alias
752 2001 815 2020 vero
831 1998 959 2027 tanquam

175 2042 228 2067 Deo
247 2040 449 2071 convenientes,
475 2038 524 2066 soli
553 2039 598 2066 Dei
624 2039 711 2066 Patris
737 2039 958 2073 Verboadaptat;

171 2087 315 2113 anathema
335 2085 381 2113 sit.

400 2141 577 2168 Oricnlalium
594 2142 730 2175 oppositiu.

207 2198 393 2231 Cengruenter
423 2197 502 2224 etiam
529 2199 579 2225 hoc
606 2197 666 2225 loco
690 2198 726 2224 illi
747 2205 794 2224 sua
811 2199 895 2233 ipsius
915 2199 960 2224 rte-

170 2248 244 2269 creta
272 2242 437 2275 suggerenda
463 2247 536 2269 sunt.
555 2242 626 2268 Dixit
644 2243 715 2269 enim
741 2252 747 2270 :
763 2243 891 2276 Quamvis
909 2252 958 2269 an-

171 2288 228 2314 dias
252 2287 321 2321 quod
347 2286 491 2320 profecerit
505 2292 583 2314 aetate
599 2292 624 2313 et
638 2287 769 2320 sapientia
781 2293 808 2314 et
824 2288 908 2320 gratia
923 2288 955 2318 ⁸⁵,

171 2341 203 2359 nc
219 2338 296 2367 putes
314 2333 422 2366 Sapiens
444 2339 476 2359 ex
501 2333 666 2360 incremento
684 2333 783 2360 factum
803 2333 883 2368 168
899 2341 958 2360 es~e

170 2377 286 2405 Verbum
306 2377 354 2404 Ι)ρί
373 2386 380 2404 :
406 2385 492 2411 neque
516 2386 609 2404 rursus
631 2379 694 2405 illud
723 2381 862 2414 nugaciter
884 2382 958 2406 ansis

171 2425 269 2455 dicere,
287 2425 368 2458 quod,
384 2424 515 2458 prolicere
530 2424 555 2450 in
572 2429 650 2451 attate
663 2430 690 2451 et
706 2426 835 2460 sapientia
854 2430 881 2452 et
896 2434 958 2459 gra-

171 2470 219 2501 tia.
242 2470 344 2496 homini
365 2470 529 2503 aptabimus.
553 2470 668 2503 (Verum
685 2471 790 2498 tametsi
810 2477 888 2506 neget
907 2472 956 2498 huc

173 2515 231 2542 loco
252 2516 400 2549 Scriptura:
423 2515 620 2546 testimonium,
638 2524 691 2550 quo
709 2517 847 2549 docemur,
868 2518 957 2551 prorn-

171 2567 244 2587 ctum
260 2561 332 2588 illutn
351 2561 427 2595 juxta
443 2565 567 2587 naturam
586 2562 678 2587 carnis
693 2562 811 2595 Domitii,
834 2570 894 2596 quae
915 2563 954 2588 vi-

170 2607 294 2639 debatur,
309 2607 408 2638 fuisse;
423 2615 495 2634 nunc
512 2611 600 2634 tamen
615 2615 667 2634 non
684 2613 725 2635 est
742 2613 845 2643 tempus
861 2609 954 2636 redar-

206 2685 336 2720 “pres.
353 2692 383 2716 ιι,
397 2685 424 2711 5.
461 2685 484 2700 ⁸⁵
505 2684 568 2712 an.
591 2694 619 2718 ιι,
640 2686 683 2713 5'2.

1227 1707 1524 1736 ΛΝΑΘΕΜΛΤΙΣΜΟΣ
1555 1711 1591 1736 Δ’.

1053 1762 1086 1789 Εἴ
1103 1772 1142 1795 τις
1156 1764 1313 1799 προσώποις
1326 1764 1411 1795 δυσὶν,
1427 1767 1510 1801 ἤγουν
1525 1768 1703 1802 ὑποστάσεσι,
1716 1771 1768 1804 τάς
1779 1780 1809 1798 τε

1015 1810 1044 1835 ὲν
1056 1811 1110 1841 τοῖς
1130 1810 1318 1844 εὐαγγελικοῖς
1340 1812 1386 1837 καὶ
1400 1813 1587 1846 ἀποστολικοῐς
1607 1817 1810 1852 συγγράμμασι

1014 1856 1136 1890 διανέμει
1164 1857 1265 1891 φωνὰς,
1294 1858 1310 1893 ἦ
1340 1859 1386 1884 ἐπὶ
1412 1859 1522 1896 Χριστῷ
1547 1862 1623 1897 παρὰ
1641 1863 1697 1890 τῶν
1724 1865 1809 1898 ἁγίων

1015 1901 1175 1936 λεγομένας,
1193 1902 1208 1936 ἢ
1224 1903 1288 1938 παρ’
1304 1904 1387 1930 αὐτοῦ
1409 1906 1472 1939 περὶ
1493 1907 1588 1933 ἑαυτοῦ
1602 1915 1609 1922 ”
1629 1909 1741 1942 καὶτὰς
1761 1911 1810 1945 μὲν

1014 1946 1052 1978 ὡς
1066 1947 1200 1982 ἀνθρώπῳ
1218 1949 1293 1983 παρὰ
1309 1949 1354 1976 τὸν
1368 1951 1400 1976 ἐκ
1415 1950 1482 1977 Θεοῦ
1498 1952 1604 1988 Πατρδς
1618 1954 1705 1988 Λόγον
1716 1955 1809 1987 ἰδιχῶς

1014 1994 1150 2029 νοουμένῳ
1170 1997 1331 2029 προσάπτει,
1345 1998 1394 2029 τὰς
1411 1998 1439 2024 δὲ
1452 1998 1489 2030 ὡς
1504 1999 1666 2035 θεοπρεπείς
1678 2004 1755 2039 μόνῳ
1769 2004 1808 2040 τῷ

1013 2040 1046 2066 ἐκ
1065 2040 1130 2066 Θεοῦ
1147 2041 1252 2076 [Ιατρὺς
1264 2043 1359 2078 Λόγῳ·
1373 2044 1495 2079 ἀνάθεμα
1510 2046 1589 2073 ἔστω.

1149 2141 1337 2177 Ἀντίρῤησις
1364 2144 1424 2171 τῶν
1456 2146 1659 2176 Ἀνατολικῶν.

1055 2197 1213 2224 Ἀκόλουθον
1251 2201 1390 2228 κάνταῦθα
1414 2202 1467 2228 τῶν
1495 2203 1577 2230 αὑτοῦ
1607 2205 1808 2242 θεσπισμάτων

1012 2243 1092 2269 αὑτὸν
1115 2244 1281 2279 ὑπομνῆσαι,
1308 2247 1335 2272 ἐν
1359 2245 1401 2279 οἷς
1419 2257 1498 2283 φησι⁸
1523 2250 1581 2276 Κᾶν
1605 2252 1740 2289 ἀκούσῃς.
1766 2255 1805 2281 ὅτι

1014 2289 1166 2323 προέκοπτε
1186 2291 1276 2326 cogit},
1293 2292 1340 2318 καὶ
1355 2293 1459 2329 ἡλικίᾳ,
1477 2295 1522 2320 καὶ
1538 2295 1639 2330 χάριτι,
1658 2298 1696 2333 μὴ
1723 2301 1805 2332 σοφὸν

1009 2335 1039 2367 ἐξ
1051 2336 1195 2367 ἐπιδόσεως
1213 2337 1338 2370 γενέσθαι
1354 2340 1467 2376 νομίσῃς
1484 2341 1529 2367 τὸν
1551 2342 1598 2368 τοῦ
1613 2343 1684 2370 Θεοῦ
1700 2346 1801 2380 Λόγοιν

1010 2381 1071 2415 μηδ’
1087 2379 1120 2408 αὖ
1140 2382 1229 2408 ἐκεῖνο
1255 2383 1402 2419 φληνάφως
1426 2386 1566 2422 τολμήσῃς
1587 2389 1686 2420 εἰπεῖν,
1708 2391 1750 2417 ὅτι
1773 2392 1803 2418 τὸ

1009 2428 1174 2462 προκόπτειν
1201 2429 1230 2454 ὲν
1258 2430 1361 2465 ἡλικία,
1387 2432 1433 2458 καὶ
1458 2433 1547 2468 σοφίᾳ,
1576 2435 1623 2460 καὶ
1652 2436 1745 2471 χάριτι
1765 2438 1802 2472 τῷ

1008 2471 1143 2507 ἀνθρώπῳ
1152 2474 1328 2509 προσάῲομεν
1340 2483 1346 2490 ·
1358 2476 1367 2507 (
1375 2475 1475 2503 Ἄ).ϊεί
1485 2478 1531 2504 καὶ
1546 2479 1669 2513 ἀρνεῖται
1685 2471 1802 2508 ἐνταῦθα

1006 2518 1056 2552 τὴν
1067 2519 1115 2553 τῆς
1130 2519 1240 2554 Γραρῆς
1253 2521 1407 2556 μαρτυρίαν
1418 2521 1598 2551 διδάσκουσαν
1613 2526 1654 2551 ὅτι
1672 2528 1743 2554 κατὰ
1754 2527 1802 2563 τὴν

1006 2565 1055 2598 τῆς
1072 2564 1238 2599 φαινομένης
1262 2567 1362 2602 σαρκὸς
1383 2567 1462 2602 φύσιν
1487 2569 1536 2596 τοῦ
1565 2571 1671 2607 Κυρίου
1697 2573 1731 2599 τὰ
1752 2573 1801 2608 τῆς

1007 2610 1148 2645 προκοπῆς
1173 2611 1278 2645 ἐγίνετο
1309 2614 1333 2644 ιι,
1360 2613 1419 2640 ἀλλ’
1433 2615 1462 2641 οὐ
1480 2616 1579 2652 καιρὸς
1597 2617 1645 2645 νῦν
1660 2618 1741 2646 τοῦτο
1764 2619 1802 2646 δι-

695 2763 781 2792 Variae
798 2764 925 2794 lectiones
941 2773 971 2794 cx
986 2766 1282 2803 codichcguieriano.

202 2840 218 2860 λλ
231 2839 377 2875 ἰσόνερονες.
416 2839 427 2857 ¹¹
443 2840 550 2874 ἐγένετο
