1886 3056
51 163 98 181 ου.)

354 152 619 183 AI’OLOGETICUS
638 155 707 183 PRO
724 154 772 182 XII
791 153 973 184 CAPITIBUS
990 157 1129 186 CONTRA
1149 158 1380 186 ()liiENTALES.

1630 162 1682 190 534

52 213 177 247 ελέγςιειν,
188 211 386 248 ἐπειγομένοις
399 215 445 240 ἐπὶ
454 215 484 241 τὸ
491 215 672 251 προκείμενον
683 215 796 250 κεφάλαι

933 217 992 244 endi
1006 217 1068 251 hoc,
1086 218 1278 247 festinantibus
1300 220 1333 246 ad
1344 219 1510 254 propositum
1523 221 1677 255 capitulum.

51 258 92 284 τοῦ
108 258 163 292 γὰρ
180 258 272 291 δεῖξαι
292 259 342 285 δύο
362 259 526 292 ὑποστάσεις
548 260 629 287 αὑτὸν
649 260 773 294 λέγοντα,
797 260 846 287 καὶ

52 303 134 339 ἐαυτῷ
148 304 375 339 ἐναντιούμενον,
394 306 593 342 παρεθήκαμεν
617 306 651 333 τὰ
671 307 756 334 πάλαι
771 306 846 342 αὐτῷ

52 350 191 385 εἰρημένα.
213 350 260 381 Ὡς
273 350 303 377 δὲ
323 352 331 371 ί
350 354 506 387 προσώποις
519 352 607 384 δυσὶν,
621 353 637 387 ἢ
654 352 845 385 ὑποστάσεσιν,

53 399 67 433 ἢ
82 399 147 429 υἱοῖς
161 398 225 424 δυσὶ
248 398 424 434 διαιροῦντας
439 400 487 435 τὴν
501 400 609 433 ἕνωσιν,
625 401 709 436 ῆγουν
729 401 774 428 τὸν
799 401 846 427 ἕνα

55 446 123 477 Υἱὺν,
138 445 191 477 τὰς
206 446 304 480 φωνὰς
319 447 485 481 ἐφαρμόζειν
495 447 525 474 οὐ
538 447 591 474 δείἓ
610 456 617 463 ·
632 448 784 483 ἀδιαίρετος
793 448 847 484 γὰρ

54 493 95 518 uti.
117 491 278 526 ἀχὼριστος
303 492 320 527 ἡ
344 492 416 527 ἄκρα
437 493 548 524 ἓνωσις·
576 493 624 520 καὶ
647 494 661 520 ό
686 491 725 525 εἷς
749 494 814 525 Υἱὸς
833 494 846 514 ¹ί

53 538 116 564 κατὰ
130 539 225 564 πάντα
242 539 291 564 καὶ
304 538 394 573 λόγον,
415 539 461 565 καὶ
475 539 584 574 τρόπον,
596 540 642 566 καὶ
659 539 763 567 ἔννοιάν
777 541 845 568 ἐστι.

53 585 102 616 τῆς
115 584 143 610 δὲ
158 585 252 619 ἄκρας
272 584 396 616 ὲνὼσεως
418 585 632 622 φυλαττομένης,
657 587 703 613 καὶ
727 587 772 613 τοῦ
789 587 849 619 ἑνὸς

54 629 113 656 Υἱοῦ
136 629 160 662 ι,
188 630 239 656 καὶ
260 630 391 665 Χριστοῦ,
420 631 467 657 καὶ
493 632 595 667 Κυρίου
620 632 847 668 ὁμολογουμένου,

53 677 113 711 περὶ
127 676 174 703 τὸν
189 676 242 703 Eva
273 678 319 703 καὶ
336 677 381 703 τὸν
395 677 475 703 αὑτὸν
490 677 553 704 Υίὸν
565 678 784 713 ἐκλαμϐάνεσθαι
796 679 848 715 χρὴ

53 724 83 748 τὰ
109 722 263 758 λεγόμενα.
303 723 382 750 Κατά
412 723 503 758 μέντοι
532 723 581 759 τὴν
615 724 670 751 τῶν
697 725 848 753 ἑνωθεισῶν

54 768 159 802 φύσεων
180 768 301 803 δύναμιν
316 769 520 804 ἐφαρμόζεσθαι
541 769 641 805 πρέπει
665 769 704 805 τῷ
727 770 767 796 ἐνὶ
792 770 849 805 Υἱῷ

53 815 84 840 τὰ
97 815 262 849 λεγόμενα.)
275 815 312 841 Τὸ
328 815 356 841 δὲ
377 815 413 850 μὴ
429 817 502 850 ἐρεῖν
517 820 536 834 π’
551 817 601 847 τὰς
615 817 644 842 ὲν
658 818 713 848 τοῖς
724 817 849 851 Εὑαγγε-

55 861 118 892 ὶὲοις
133 860 243 894 φωνὰς,
259 860 276 895 ἣ
291 862 340 892 τὰς
356 861 421 896 παρ’
436 861 517 887 αὐτοῦ
532 861 578 887 τοῦ
595 862 697 896 Κυρίου
712 862 776 897 περὶ
788 863 851 889 ἐαυ-

53 906 97 932 τοῦ
111 906 276 942 εἰρημένας,
290 907 306 941 ἣ
321 906 371 938 τὰς
392 909 420 933 ἐν
435 908 490 937 τοῖς
504 907 692 939 ἁποστολικοῖς
707 908 848 943 συγγράμ-

57 961 119 987 μασι
148 953 296 987 κειμένας,
320 953 401 979 ποίαν
424 952 576 989 ὑπερϐολὴν
601 954 776 989 βλασφημίας
799 955 849 990 οὐχ

56 999 218 1034 ὑπεραίρεις
245 999 277 1025 Εί
291 999 345 1034 γὰρ
365 999 402 1034 μὴ
422 999 580 1035 διαιροῦμεν
598 1000 647 1031 τὰς
671 1000 772 1035 φωνὰς,
790 1001 849 1033 πῶς

57 1046 87 1072 ἂν
101 1045 318 1080 ἁντιὸλέψαιμεν
332 1047 388 1077 τοῖς
403 1046 535 1081 Εὑνομίου
560 1048 607 1074 καὶ
623 1047 741 1082 Ἀρείου,
760 1048 850 1075 πάντα

56 1091 92 1123 ὡς
118 1091 159 1122 εἰς
184 1091 250 1125 μίαν
275 1091 355 1125 φύσιν
378 1092 513 1126 εἰρημένα
533 1092 717 1128 συμφύρουσι,
743 1093 790 1119 καὶ
815 1093 850 1120 τὰ

56 1137 173 1164 ταπεινά
194 1138 246 1172 τῆς
266 1137 477 1173 ἀνθρωπότητος
499 1139 538 1170 εἰς
552 1138 601 1174 τὴν
617 1138 787 1174 ὑψηλοτάτην
801 1140 850 1174 τῆς

57 1184 198 1219 ἀκηράτου
231 1183 366 1219 Θεότητος
384 1184 464 1218 φύσιν
489 1184 656 1220 βλασφήμως
684 1185 849 1219 ἁνάγουσιν;

59 1232 93 1258 Ἦ
105 1231 165 1262 πῶς
178 1231 313 1266 νοήσομεν
327 1231 375 1262 τὰς
390 1230 436 1257 τοῦ
454 1231 556 1266 Κυρίου
572 1231 673 1265 φωνὰς,
686 1231 728 1257 διὰ
740 1231 788 1267 τὴν
802 1232 851 1266 τῆς

59 1275 226 1310 φαινομένης
249 1275 350 1310 σαρκὸς
367 1275 447 1310 φύσιν
470 1276 607 1307 εἰπόντος’
628 1285 637 1301 ι
651 1277 708 1302 Οὐκ
727 1274 807 1312 ἦλθον
821 1277 852 1304 τὸ

59 1322 123 1357 ἐμὸν
140 1322 249 1357 θέλημα
259 1322 372 1356 ποιῆσαι
386 1330 393 1353 ;
407 1331 415 1347 ι
431 1322 478 1348 καὶ
494 1322 525 1348 τὸ
535 1343 542 1354 ,
559 1332 567 1347 ι
580 1322 706 1358 Ἑντολὴν
718 1323 815 1349 ἐλαῦον
826 1323 852 1350 τί

59 1369 136 1400 εἴπω,
152 1368 200 1394 καὶ
221 1367 248 1394 τί
264 1368 394 1403 λαλήσω;
413 1378 422 1393 ι
441 1369 487 1394 καὶ
501 1368 531 1394 τὸ
545 1389 551 1400 ,
571 1378 581 1394 ι
603 1368 674 1402 Ἐγὼ
695 1369 742 1395 ἀπ’
765 1371 852 1405 ἐμαυ-

59 1415 104 1441 τοῦ
129 1415 208 1441 οὐδὲν
232 1414 318 1447 ποιῶ;
335 1425 344 1440 ι
371 1415 417 1441 καὶ
434 1415 482 1446 τὸ,
512 1415 691 1450 «Πορεὺομαι
716 1416 785 1451 πρὸς
808 1417 854 1443 τὸν

61 1460 170 1494 Πατέρα
184 1469 246 1495 μου,
263 1461 310 1487 καὶ
332 1460 442 1496 Πατέρα
461 1460 548 1495 ὑμῶν,
566 1461 614 1488 καὶ
638 1457 704 1488 Θεόν
722 1470 783 1497 μου,
805 1463 854 1489 καὶ

61 1506 124 1533 Θεὸν
138 1506 233 1540 ὑμῶν’
249 1516 259 1532 ι
275 1506 323 1533 καὶ
338 1505 372 1532 τὰ
382 1506 463 1532 λοιπὰ
474 1506 524 1533 ὅσα
531 1506 643 1533 τοιαῦτα
655 1515 662 1539 ;
683 1507 855 1544 Ἀδιαιρέτων

60 1552 112 1579 τῶν
129 1552 239 1587 φωνῶν,
255 1552 349 1588 ὥσπερ
360 1552 407 1579 καὶ
419 1552 470 1579 τῶν
484 1552 602 1587 φύσεων,
618 1554 766 1588 μενουσῶν,
779 1554 854 1581 ἔσται

63 1599 121 1624 κατ’
140 1599 223 1625 αὑτὸν
257 1598 305 1624 τοῦ
338 1599 498 1633 μονογενοῦς
516 1599 583 1625 Θεοῦ
603 1599 681 1632 Θεὸς,
702 1599 716 1626 ὁ
741 1600 855 1635 Πατήρ·

62 1643 219 1679 λειτουργὸς
242 1643 270 1670 δὲ
299 1645 347 1670 καὶ
375 1644 497 1676 διάκονος
518 1644 572 1671 τῶν
601 1644 743 1681 πατρικῶν
771 1654 857 1681 προσ-

61 1690 222 1724 ταγμάτων,
231 1690 245 1716 ό
257 1690 320 1720 Υἱὸς
329 1690 398 1716 κατὰ
405 1690 454 1725 τὴν
462 1689 577 1725 θεότητα
586 1698 592 1706 ·
605 1690 654 1717 καὶ
664 1692 688 1717 εἰ
699 1690 733 1718 τὰ
743 1693 859 1720 ταπεινὰ

61 1736 100 1766 εἰς
112 1735 163 1770 τὴν
177 1736 230 1770 τῆς
241 1735 367 1770 θεότητος
381 1735 460 1769 φύσιν
479 1735 654 1770 ἐκλάὁοιμεν,
668 1736 720 1763 τίνι
740 1737 786 1763 καὶ
805 1737 835 1763 τὸ
849 1758 856 1770 ,

67 1791 75 1806 ι
86 1780 157 1816 Ἐγὼ
177 1781 226 1808 καὶ
241 1781 256 1807 ὁ
270 1781 364 1817 Πατὴρ
379 1781 408 1808 ’ἐν
424 1783 518 1817 ἐσμεν,
534 1791 543 1807 t
560 1782 734 1818 ἁρμόσομεν;
755 1783 803 1810 καὶ
817 1784 857 1816 τὺ,

64 1828 165 1862 ὁμοίως
193 1827 274 1854 αὑτὸν
303 1829 389 1854 ’ποιεῖν
407 1828 445 1863 τῷ
461 1828 564 1863 Πατρὶς
583 1829 631 1856 καὶ
654 1829 703 1863 τὸ,
732 1839 741 1856 ι
753 1831 858 1866 Ὥσπερ

63 1873 115 1909 γὰρ
134 1873 149 1899 ὁ
170 1874 268 1909 Πατὴρ
280 1874 382 1908 ἐγείρει
398 1875 460 1905 τοὺς
470 1876 595 1910 νεκροὺς,
614 1875 686 1904 οὕτω
701 1877 748 1904 καὶ
762 1878 776 1904 ό
795 1877 858 1909 Υἱὸς

63 1917 108 1949 οὓς
132 1918 217 1950 θέλει,
248 1919 296 1945 καὶ
323 1919 371 1954 οὺχ
394 1919 440 1951 οὓς
455 1920 666 1955 προστάσσεται,
693 1921 856 1956 ζωοποιεῖν

70 1965 139 1992 Ἀλλ’
156 1965 230 1992 ἔστιν
243 1965 330 2000 ὀρθῶς
345 1966 416 1993 κατὰ
429 1966 478 2002 τὴν
492 1967 575 1994 αὑτοῦ
588 1967 635 1995 τοῦ
648 1968 752 2004 Κυρίου
767 1969 859 2005 φωνὴν

65 2011 171 2047 Πατὴρ,
187 2011 236 2038 καὶ
250 2011 327 2044 Θεὸς,
345 2012 360 2038 ό
376 2012 484 2048 Πατήρ·
502 2013 568 2046 Θεὸς
585 2014 634 2049 μὲν
647 2014 694 2041 τοῦ
710 2020 722 2033 υ
739 2016 767 2041 ὲν
783 2015 860 2042 ὑστέ-

66 2065 123 2092 ροις
144 2058 252 2092 καιροῖς
274 2057 307 2083 ὲκ
329 2057 485 2093 σπέρματος
502 2058 585 2085 Δαυῒδ
611 2059 680 2094 μετὰ
702 2060 803 2095 σαρκὸς
828 2064 857 2094 ο,

66 2104 163 2139 Πατὴρ
179 2103 208 2130 δὲ
220 2103 268 2129 τοῦ
282 2103 311 2136 ὲξ
324 2103 404 2129 αὐτοῦ
417 2103 530 2136 ἀπαθῶς
543 2113 573 2131 τε
589 2105 636 2132 καὶ
649 2105 742 2137 ἀῖδίως
763 2115 860 2141 γεννη-

66 2150 160 2182 θέντος
183 2149 251 2176 Θεοῦ
274 2150 373 2184 Λόγου,
393 2150 442 2185 τῆς
466 2151 590 2186 υίότητος
608 2151 637 2177 ἐν
660 2151 698 2187 τῷ
723 2153 859 2187 μοναδικῷ

65 2197 145 2232 τύπῳ
167 2196 373 2231 φυλαττομένης
394 2205 423 2223 τε
439 2197 486 2224 καὶ
499 2197 729 2233 ὁμολογουμένης.
751 2198 812 2230 Πῶς
836 2199 858 2224 δ’

895 260 975 295 Nam,
991 267 1019 289 ut
1029 265 1235 292 ostenderemus
1251 272 1312 292 cum
1327 266 1418 292 dicere
1435 266 1500 292 duas
1512 266 1683 301 hypostases,

896 308 989 335 eL-sibi
1008 309 1058 344 ipsi
1074 317 1134 338 esse
1156 311 1335 343 contrarium,
1361 311 1534 345 apposuimus
1556 319 1599 344 ea,
1625 319 1685 346 qua:

898 354 961 381 olim
978 355 1011 383 ab
1028 356 1086 390 ipso
1100 357 1171 384 dicta
1188 363 1264 384 sunt.
1280 357 1422 392 Tanquam
1435 366 1498 385 vero
1510 358 1613 386 duabus
1624 366 1684 393 per-

898 400 981 433 sonis,
1000 401 1042 428 vel
1060 401 1165 429 duabus
1180 402 1351 435 substantiis,
1369 403 1411 430 vel
1434 403 1537 430 duobus
1557 403 1630 437 ﬁliis,
1645 405 1685 430 di-

897 446 1012 473 videndo
1038 447 1200 480 unilionem,
1217 449 1268 476 hoc
1298 453 1339 475 est
1368 456 1451 475 unum
1466 448 1575 481 Filium,
1605 457 1686 477 voces

899 495 990 524 aptare
1005 500 1057 518 non
1076 497 1184 527 oportet
1204 501 1211 520 :
1230 494 1402 520 indivisibilis
1417 493 1488 520 enim
1506 498 1533 520 et
1547 494 1687 529 insepara-

898 537 960 564 bilis
976 543 1017 565 est
1032 546 1135 565 summa
1150 539 1253 571 unitio;
1268 545 1294 566 et
1307 547 1377 566 unus
1391 539 1476 567 Filius
1493 540 1618 568 omnibus
1631 549 1687 567 mo-

899 583 940 610 dis
954 590 982 610 et
994 583 1143 612 rationibus
1156 590 1183 612 et
1201 586 1410 621 cogitationibus
1424 590 1464 613 est
1489 595 1496 613 :
1512 587 1559 614 sed
1581 594 1686 614 summa

900 630 1020 657 unitione
1035 635 1151 664 servata,
1161 636 1186 658 et
1197 632 1351 659 conﬁtendo
1363 640 1444 658 unum
1453 632 1549 659 Filium
1569 637 1593 660 el
1609 633 1688 660 Chri-

899 680 970 702 stum
981 680 1007 703 et
1019 676 1220 708 Dominutn,'de
1233 685 1286 705 uno
1299 682 1326 705 et
1337 679 1431 704 eodetn
1450 677 1519 704 Filio
1532 679 1687 713 accipienda

900 727 963 749 sunt
983 729 1042 757 quae
1060 723 1186 750 tlicnntur
1202 732 1209 750 :
1227 728 1348 750 attamen
1364 724 1440 758 juxta
1459 724 1587 751 virtutem
1611 730 1689 751 natu-

900 775 991 795 rarum
1012 768 1148 795 uuitarnm
1172 769 1302 803 adaptare
1320 770 1447 796 convenit
1469 769 1514 797 uni
1539 770 1607 797 Filio
1630 778 1689 804 qua:

900 814 1057 850 dicuntur.)
1073 814 1209 842 Caeterum
1226 823 1278 842 non
1295 823 1424 849 separare
1454 824 1534 843 voces
1552 824 1611 850 quae
1627 822 1690 843 sunt

902 859 928 885 iu
946 859 1111 894 Evangeliis,
1127 867 1193 893 quas
1211 860 1252 886 vel
1272 860 1330 894 ipse
1342 860 1472 887 Dominus
1488 862 1521 888 de
1535 868 1565 887 se
1584 861 1689 888 locutus

901 908 954 936 est,
978 904 1019 931 vel
1036 905 1184 939 apostolica
1200 905 1300 939 scripta
1323 906 1435 938 habent,
1455 913 1535 940 quam
1556 907 1691 942 hyperbo-

902 950 945 977 len
959 950 1133 985 blasphemiae
1149 958 1201 978 non
1217 951 1406 979 transcendit?
1422 951 1486 979 Nam
1502 953 1524 980 si
1537 960 1619 980 voces
1637 961 1689 980 non

903 996 1103 1029 distinguimus,
1116 998 1251 1032 quomodo
1264 999 1501 1026 obsislemusArio
1513 1003 1540 1026 et
1549 999 1691 1033 Ennomio,

903 1043 993 1069 omnia
1010 1048 1136 1078 tanquam
1161 1044 1188 1071 in
1203 1052 1284 1072 unam
1299 1049 1422 1072 naturam
1436 1046 1507 1073 dicta
1520 1046 1692 1074 confunden-

904 1089 987 1122 tibus,
1004 1093 1031 1116 et
1047 1089 1158 1117 humilia
1173 1089 1353 1118 humanitatis
1367 1090 1397 1118 in
1413 1098 1547 1119 summam
1567 1091 1692 1119 incorru-

905 1134 1007 1169 ptibilis
1024 1135 1133 1163 deitatis
1158 1141 1284 1163 naturam
1310 1136 1393 1171 impie.
1417 1136 1618 1165 referentibus?
1646 1138 1694 1166 Vel

905 1180 1040 1215 quomodo
1057 1181 1240 1217 intelligemus
1262 1183 1368 1210 Domini
1384 1191 1476 1216 voces,
1489 1189 1600 1220 propter
1615 1190 1696 1213 natu-

905 1234 963 1254 ram
988 1228 1090 1262 carnis,
1121 1236 1182 1263 qum
1205 1229 1324 1263 videtur,
1350 1230 1464 1259 dicentis
1484 1241 1492 1259 :
1518 1241 1528 1258 ι
1549 1231 1608 1260 Non
1633 1233 1694 1260 veni

905 1280 993 1301 meam
1006 1275 1174 1302 voluntatem
1193 1275 1287 1304 facere
1302 1277 1341 1309 “;
1359 1286 1369 1303 ι
1386 1282 1413 1304 et
1429 1285 1436 1304 :
1455 1287 1464 1303 ι
1481 1277 1635 1306 Mandatum
1649 1286 1696 1305 ac-

906 1320 964 1354 cepi
979 1320 1042 1352 quid
1063 1321 1161 1353 dicam,
1176 1325 1204 1349 et
1228 1322 1294 1357 quid
1314 1322 1411 1357 loquar
1429 1323 1469 1357 '7;
1490 1334 1500 1350 ι
1514 1329 1561 1352 et:
1583 1335 1592 1352 ι
1610 1325 1666 1359 Εκο
1679 1334 1696 1353 a

906 1366 1009 1400 meipso
1035 1367 1103 1394 nihil
1120 1367 1190 1395 [acio
1201 1368 1240 1402 ⁶⁸;
1256 1378 1265 1394 ι
1279 1373 1305 1395 et
1317 1377 1324 1396 :
1339 1369 1429 1397 «Vado
1441 1371 1474 1398 ad
1486 1370 1593 1398 Patrem
1606 1379 1696 1399 meum

907 1416 935 1439 et
949 1411 1058 1440 Patrem
1074 1418 1208 1446 vestrum,
1230 1419 1258 1442 et
1275 1415 1360 1442 Deum
1381 1423 1471 1443 meum
1493 1421 1521 1443 et
1544 1416 1629 1444 Deum
1650 1425 1698 1445 ve-

908 1461 992 1484 strum
1010 1458 1049 1492 ";
1066 1468 1075 1484 )
1094 1463 1122 1486 et
1143 1464 1242 1487 caetera
1263 1467 1431 1496 quaecunque
1444 1462 1507 1489 talia
1528 1463 1612 1490 sunt?
1625 1462 1697 1491 Indi-

908 1502 973 1530 visis
990 1503 1063 1530 enim
1086 1505 1209 1537 vocibus,
1231 1505 1302 1533 sicut
1325 1510 1352 1533 et
1379 1507 1486 1534 naturis
1513 1508 1697 1542 manentibus,

908 1549 962 1575 erit
976 1550 1122 1577 secundum
1139 1550 1213 1577 illum
1228 1552 1360 1587 unigeniti
1379 1553 1426 1580 Dei
1445 1552 1517 1580 Deus
1537 1553 1629 1586 Pater,
1645 1555 1698 1581 mi-

909 1595 996 1622 nister
1007 1601 1095 1623 autem
1115 1601 1142 1624 et
1158 1602 1303 1625 CXSCCUlOI'
1316 1603 1490 1632 paternorum
1509 1600 1697 1628 mandatorum

908 1641 993 1669 Filius
1008 1642 1155 1670 secundum
1171 1642 1350 1672 divinitatem.
1368 1644 1402 1672 Et
1420 1645 1442 1673 si
1464 1645 1574 1672 humilia
1594 1647 1619 1673 in
1638 1647 1698 1673 dei-

910 1688 974 1715 tatis
998 1694 1121 1715 naturam
1146 1689 1342 1724 acceperimus,
1368 1690 1411 1717 cui
1434 1691 1585 1724 aptabimus
1607 1691 1696 1719 illud:

913 1743 922 1759 ι
936 1734 992 1769 Ego
1007 1740 1033 1761 et
1045 1734 1126 1762 Pater
1142 1744 1224 1763 unum
1242 1743 1336 1763 sumus
1350 1736 1393 1762 '“’?
1408 1745 1417 1762 ι
1432 1743 1460 1763 et
1476 1736 1550 1770 illud,
1573 1737 1700 1764 similiter

909 1787 940 1807 ac
962 1780 1080 1814 Patrem,
1098 1782 1183 1816 ipsum
1205 1783 1334 1816 operari?
1350 1787 1377 1809 et
1396 1782 1461 1809 illud
1479 1791 1486 1809 :
1506 1792 1515 1809 ‹
1531 1782 1608 1810 Sicut
1627 1783 1699 1810 enitn

909 1825 989 1853 Pater
1008 1828 1109 1854 excilat
1125 1833 1255 1862 mortuos,
1273 1829 1308 1855 ita
1329 1833 1356 1855 et
1380 1828 1464 1855 Filius
1479 1836 1547 1864 quos
1571 1829 1637 1862 vult,
1653 1834 1701 1857 tet

910 1880 962 1900 non
971 1880 1038 1907 quos
1050 1873 1086 1900 illi
1100 1874 1265 1908 praecipitur,
1278 1884 1287 1900 ‹
1298 1875 1444 1902 vivilicat“
1456 1875 1468 1901 ?
1482 1884 1491 1901 ι
1508 1875 1560 1902 Sed
1573 1881 1615 1902 est
1628 1880 1701 1902 recte

910 1919 1056 1946 secundum
1074 1920 1158 1954 ipsius
1175 1920 1284 1948 Domini
1298 1928 1405 1951 vocem.
1422 1920 1501 1948 Pater
1518 1926 1545 1948 et
1559 1920 1630 1948 Deus
1644 1921 1702 1955 ipse

909 1965 999 1993 Pater.
1018 1965 1090 1993 Deus
1106 1967 1212 2000 quidem
1231 1966 1313 1998 illius.
1332 1966 1412 2002 169
1435 1967 1480 2001 qui
1499 1967 1525 1993 in
1545 1966 1701 1994 novissimis

911 2013 1077 2047 temporibus
1092 2020 1124 2040 ex
1140 2013 1244 2040 semine
1257 2013 1341 2040 David
1355 2013 1459 2041 exstitit
1480 2015 1628 2041 secundum
1639 2020 1701 2041 car-

910 2066 971 2086 nem
994 2058 1096 2085 :Pater
1116 2063 1206 2085 autem
1228 2059 1296 2093 ejus,
1319 2059 1364 2093 qui
1380 2067 1414 2086 ex
1438 2059 1498 2094 ipso
1519 2059 1622 2094 absque
1638 2066 1702 2094 pas-

910 2105 987 2131 sione
1002 2109 1029 2130 et
1044 2109 1146 2131 aeterne
1161 2109 1240 2131 natus
1250 2110 1302 2137 est,
1317 2104 1361 2131 Dei
1378 2104 1458 2131 Verbi
1474 2113 1480 2131 :
1498 2110 1527 2131 ut
1543 2105 1699 2132 [iliationem

910 2149 980 2176 intra
994 2150 1103 2176 unitatis
1115 2150 1300 2184 prtescriptnm
1313 2157 1451 2177 servemus
1471 2155 1499 2177 et
1510 2150 1700 2179 conliteamur.

910 2196 1051 2229 Quomodo
1072 2201 1162 2222 autem
1180 2196 1363 2229 intelligemus
1376 2195 1440 2222 illud
1456 2204 1463 2221 :
1481 2204 1491 2221 ‹
1506 2196 1605 2228 Amen,
1620 2203 1699 2223 amen

66 2243 100 2269 ἂν
124 2247 138 2267 Ρ
155 2243 290 2278 νοήσομεν
308 2242 357 2274 τὸ,
386 2252 395 2268 ι
407 2242 492 2278 Ἀμὴν
509 2242 583 2278 ἀμὴν
606 2242 677 2277 λέγω
696 2244 771 2278 ὑμῖν.
794 2252 810 2269 τι

951 2248 972 2267 :o
982 2241 1070 2272 vobis.
1085 2241 1239 2275 priusquam
1256 2239 1394 2267 Abraham
1410 2240 1486 2268 fieret
1503 2247 1553 2274 ego
1563 2248 1622 2267 sum
1634 2241 1676 2268 "2
1686 2250 1695 2266 ι

66 2287 329 2324 Ἀδραᾶιμγενὲσθαι
339 2287 393 2321 ἐγώ
404 2288 475 2323 είμι;
490 2297 499 2314 ι
511 2287 559 2314 καὶ
569 2288 609 2320 τὸ,
620 2297 630 2313 ι
642 2287 860 2316 Πάνταδιάὺτοῦ

67 2334 176 2368 ἐγένετο
188 2342 196 2367 ;
209 2343 219 2360 )
244 2333 417 2369 Ἀδιαιρὲτων
439 2333 493 2360 τῶν
513 2333 610 2369 φωνῶν
629 2334 783 2369 μενουσῶν,
806 2333 862 2370 ἆρα

67 2379 241 2414 περιάψομεν
255 2384 270 2403 *ι
286 2378 336 2413 τὴν
351 2379 443 2414 φωνὴν
455 2380 488 2414 τῇ
501 2379 591 2414 φύσει,
608 2380 640 2414 τῇ
657 2380 689 2406 ἐκ
703 2380 861 2415 σπέρματος

68 2425 151 2451 Δαυῖδ
180 2426 210 2451 ὲν
237 2424 362 2460 ὑστέροις
390 2426 494 2460 καιροῖς
518 2425 665 2462 γενομένῃ,
681 2425 712 2452 τὸ
738 2426 790 2461 πρὸ
813 2425 861 2452 τοῦ

75 2471 202 2508 Ἀδραὰμ
227 2472 275 2499 καὶ
309 2471 390 2498 Δαυῒδ
414 2469 495 2504 εἶναι,
521 2472 567 2498 καὶ
587 2473 676 2499 πάντα
695 2472 728 2499 δι’
748 2472 832 2507 αὐτῆς
852 2477 863 2491 ι’

70 2519 196 2551 γενέσθαι
209 2527 216 2551 ;
230 2520 247 2554 ἦ
262 2519 388 2554 φήσομεν
403 2518 534 2552 εὖσεόῶς,
548 2518 602 2545 τῶν
618 2518 726 2553 φύσεων
741 2518 861 2553 ἀσυγχύ-

69 2573 122 2590 των
137 2571 148 2584 ε
166 2564 319 2600 μενουσῶν,
332 2565 379 2591 καὶ
392 2564 443 2599 τῆς
456 2564 580 2597 ὲνώσεως
595 2565 748 2600 ἀδιαιρέτου
767 2564 863 2599 ὁμολο-

106 2655 128 2668 ⁶⁶
140 2653 220 2680 Joan.
242 2661 278 2685 γι,
299 2653 344 2679 58.

71 2689 92 2705 ⁷⁵
106 2693 182 2715 Juan.
203 2697 265 2721 VIII,
281 2689 326 2714 58.
365 2687 389 2702 ⁷³
403 2686 481 2714 Joau.
495 2695 514 2720 I,
527 2688 555 2715 ὖ.

913 2291 939 2314 et
957 2287 1008 2313 huc
1023 2295 1029 2312 :
1051 2295 1060 2311 ε
1080 2286 1177 2313 Omnia
1195 2294 1243 2321 per
1257 2286 1344 2321 ipsum
1367 2286 1436 2314 facta
1452 2293 1515 2313 sunt
1532 2287 1570 2319 ⁷³;
1588 2297 1596 2312 ι
1615 2286 1638 2313 si
1656 2287 1698 2313 in-

913 2333 1038 2360 discretae
1052 2338 1179 2360 maneant
1193 2333 1293 2360 voces?
1305 2332 1373 2360 Num
1387 2333 1539 2368 aptabimus
1554 2340 1635 2360 voces
1648 2332 1698 2359 has

914 2382 1030 2410 natum.
1042 2386 1101 2413 qua
1112 2386 1144 2405 ex
1157 2379 1259 2406 sentite
1273 2378 1356 2405 David
1370 2378 1523 2406 novissimis
1534 2378 1701 2413 temporibus

915 2423 984 2451 facta
996 2429 1047 2457 est,
1064 2431 1159 2458 nempe
1172 2425 1243 2458 quod
1259 2425 1365 2452 sitante
1377 2424 1512 2451 Abraham
1528 2428 1555 2451 et
1568 2424 1662 2456 David,
1674 2429 1702 2450 et

914 2469 1004 2496 omnia
1018 2477 1066 2504 per
1077 2470 1161 2503 ipsam
1178 2469 1247 2496 facta
1260 2469 1336 2497 sint?
1348 2477 1381 2496 an
1398 2468 1517 2496 dicemus
1531 2468 1584 2504 pie,
1597 2468 1702 2495 naturis

916 2515 1066 2544 inconfusis
1080 2516 1260 2547 manentibus,
1274 2520 1302 2542 et.
1318 2514 1438 2542 unilione
1458 2513 1633 2549 inseparabili
1655 2521 1703 2548 po—

916 2562 1080 2596 sita,aptari
1093 2562 1202 2597 quidem
1224 2561 1273 2588 has
1296 2568 1376 2588 voces
1399 2561 1547 2588 secundum
1565 2560 1701 2587 unitarum

383 2652 405 2668 “7
428 2652 566 2685 Joan.xn,
581 2653 625 2680 49.
664 2653 686 2668 ⁸⁸
699 2652 779 2680 Joan.
796 2660 855 2684 vni,
872 2652 918 2679 28.
957 2651 979 2666 δ’
993 2650 1070 2678 Joan.
1088 2659 1133 2683 xx,
1148 2650 1191 2678 17.
1229 2650 1252 2666 ⁷⁰
1264 2648 1342 2677 Joan.
1356 2657 1384 2682 Χ,
1399 2649 1447 2677 50.
1485 2649 1505 2664 ⁷¹
1523 2648 1637 2678 Joan.v.
1655 2649 1699 2676 2|.

614 2764 700 2791 Varia:
717 2764 847 2790 lectiones
864 2770 897 2790 ex
911 2763 1004 2791 codice
1019 2762 1209 2797 Seguieriano.

111 2847 118 2868 Ι
137 2846 209 2873 οὐδὲ..

109 2887 122 2906 ν
138 2882 222 2916 ισως,
239 2879 285 2908 αὖ.

250 2852 257 2871 ι
276 2845 327 2872 δεῖ,
351 2845 364 2864 k
384 2843 467 2876 ἴσως,
481 2844 527 2870 καὶ
542 2840 582 2874 εἷς
595 2844 609 2869 ὁ
624 2842 697 2879 Υἱός,
724 2840 734 2861 ι
751 2842 798 2869 καὶ
813 2841 961 2879 ἑνὸς-Υἱοῦ.
983 2850 999 2861 ι’·
1014 2841 1136 2876 διαιρεῖν.
1174 2845 1187 2859 ιι
1202 2841 1251 2876 τῆς
1263 2840 1343 2868 Δαυῖδ
1358 2843 1468 2878 σαρκός.
1491 2847 1504 2861 ο
1519 2842 1589 2870 κατὰ
1605 2843 1664 2879 σάρξ
1677 2852 1705 2872 α.

325 2885 340 2905 ει
353 2879 546 2914 περιάψωμεν.
587 2882 597 2896 ι’
617 2878 710 2905 αὐτοῦ.
747 2886 759 2905 .I
776 2876 944 2911 ἀσυγχύτως.
