1886 3056
159 185 213 214 535

655 174 685 203 S.
705 169 845 201 CYRILLI
863 162 1101 196 ALEXANDRINI
1120 159 1282 190 ARCHIEP.

1743 150 1796 178 356

160 249 322 272 naturarum
345 240 397 267 vint
421 238 510 275 (sicut
534 235 693 271 prmdictum
717 231 786 266 est).
811 231 839 257 in
864 237 904 256 unt

1052 224 1147 259 μένης)
1170 220 1220 252 τὰς
1235 218 1328 254 φωνὰς
1357 213 1561 252 ὲφαρμόζεσθαι
1582 210 1655 239 κατὰ
1676 209 1726 245 τὴν
1743 209 1796 235 τῶν

1059 269 1071 275 ι.
1123 268 1134 274 -
1204 266 1211 274 ι
1238 274 1242 275 ,
1272 273 1284 275 η
1302 264 1414 275 ,ιη-...η
1445 261 1482 275 ,ια
1498 258 1659 275 ρηλείιιῇτηι
1690 256 1731 275 κιρ
1750 254 1796 275 ἕνα

161 291 272 323 Filium,
287 293 314 316 et
331 286 486 317 Dominum,
497 288 524 311 ct
537 282 687 313 Christum,
703 279 750 307 sed
762 285 816 305 non
829 277 855 303 in
868 282 949 302 unam

163 343 286 365 naturam
295 333 386 362 omnia
403 331 615 362 contrahentes;
631 328 667 354 ita
683 330 712 354 ιιι
723 333 756 352 ex
772 330 826 351 uno
837 326 950 350 natura-

164 392 223 411 rum
239 381 348 409 nomine
362 384 476 413 utraque
490 375 656 410 intelligatur
671 377 781 408 propter
799 371 953 403 incompre-

165 427 326 457 hensibilem
351 423 483 452 unitionis
505 419 704 451 summitatem,
727 413 952 452 quemadmodum

165 476 255 502 ethoc
271 482 278 500 :
300 482 308 498 ι
322 470 408 498 Nemo
422 467 545 497 ascendit
558 467 584 493 in
596 465 706 497 malum,
716 463 768 490 nisi
783 461 827 497 qui
842 461 954 486 descen-

165 522 204 548 dit
217 520 250 547 de
263 518 333 546 caelo
351 515 436 543 Filius
455 512 574 541 hominis
584 511 630 546 qui
649 514 690 537 est
705 510 731 535 in
747 508 815 536 caelo
827 507 865 538 ";
882 515 890 531 t
907 508 952 530 et:

169 575 178 592 I
193 565 222 592 Si
248 563 330 598 igitur
355 560 477 588 videritis
499 557 599 586 Filium
622 554 741 584 hominis
764 552 954 580 ascendentem

166 611 212 639 ubi
228 597 303 645 prius
320 606 432 641 erat";
449 615 458 632 t
477 610 567 632 nonne
586 610 620 630 ex
636 600 815 636 appellatione
832 597 891 625 Filii
908 597 957 624 ho~

169 657 248 686 minis
260 657 343 683 etiam
356 654 442 685 illum,
455 652 501 687 qui
518 651 544 678 ei
559 649 703 676 inconfuse
722 651 748 673 et
766 643 958 679 inseparabili-

168 709 209 732 ter
222 703 313 731 unitus
324 705 366 728 est
383 695 580 733 intelligimus?
598 694 664 722 Nam
679 692 803 729 quamvis
815 696 842 718 et
860 689 957 717 Filium

170 747 287 776 hominis
311 744 461 772 nominarit
484 745 594 776 propter
616 744 764 772 assumpta:
792 741 819 764 et
844 734 959 762 visibilis

170 794 262 821 carnis
275 797 397 819 naturam
408 798 416 823 ;
429 792 518 816 tamen
535 795 583 822 per
594 793 637 818 ea,
652 791 713 820 quae
728 784 762 810 ab
775 782 833 817 ipso
848 781 958 812 ﬁebant,

171 841 256 867 Deum
281 838 398 873 seipsum
424 833 638 863 demonstrabat.
672 830 704 858 Et
719 830 839 857 iterum:
860 826 961 854 «Iesus

169 886 296 914 Christus
313 891 361 919 per
382 890 463 918 quem
485 879 577 908 omnia
592 879 635 911 '°;
652 887 660 904 ι
676 882 703 904 et
720 877 816 904 iterum
830 883 838 901 :
856 883 865 899 ε
882 873 961 900 Jesus

167 932 298 961 Christus
313 930 371 958 heri
382 933 410 956 et
423 927 512 958 hodie.
532 926 588 961 ipse
601 930 628 953 et
646 924 672 951 in
685 921 825 951 sawula'”.
839 930 847 947 ι
864 919 892 948 Si
906 920 911 947 1

565 933 588 953 se
601 930 628 953 et
646 924 672 951 in
685 921 825 951 stet-illa".
839 930 847 947 ι
864 919 892 948 Si
906 919 964 947 heri
982 910 1002 937 Β
1018 915 1112 944 ἑαυτὸν
1135 913 1309 949 παρεδείκνυ.

172 984 200 1006 et
212 977 304 1010 hodie,
318 974 454 1011 quomodo
472 979 521 1007 per
536 972 622 1006 ipsum
638 967 749 996 omnia?
762 967 790 995 Si
812 970 902 994 autem
920 972 968 1000 per

171 1025 261 1059 ipsum
277 1021 380 1053 ontnia,
393 1018 529 1055 quomodo
553 1016 608 1045 heri
633 1021 660 1044 et
683 1013 783 1042 hodie?
797 1013 850 1041 Sed
862 1017 967 1039 certum

169 1077 217 1100 est
230 1075 258 1098 et
271 1069 342 1104 quod
355 1078 362 1096 :
377 1067 492 1095 tOmnia
506 1073 554 1101 per
568 1066 655 1100 ipsum
669 1063 704 1097 ⁷⁸,
720 1073 729 1088 ι
741 1067 768 1090 et
783 1061 866 1097 quod,
881 1070 890 1087 ι
904 1060 967 1087 lleri

174 1124 203 1145 et
219 1117 310 1150 hodie,
326 1125 334 1141 ι
350 1115 401 1142 lide
422 1113 619 1148 recipiendum,
634 1115 660 1137 et
680 1110 731 1137 hoc
751 1118 758 1136 :
776 1118 785 1135 ι
801 1107 860 1143 Ipse
875 1108 900 1135 in
917 1115 969 1134 sae-

176 1163 252 1196 cula,
272 1172 281 1188 t
296 1169 399 1193 verum,
413 1161 435 1187 si
452 1159 600 1187 secundum
613 1155 793 1183 differentiam
811 1161 968 1182 naturarum

174 1208 319 1236 iuconl‘use
333 1212 361 1235 et
385 1204 603 1240 inseparabiliter
632 1202 768 1228 unitarum
790 1207 869 1228 voces
893 1206 970 1234 apte-

180 1263 250 1288 mus,
288 1253 480 1288 intelligentes,
504 1249 652 1278 secundum
677 1247 783 1274 visiliile
818 1247 929 1282 quidem
962 1255 969 1274 :

177 1309 192 1326 ι
211 1300 273 1328 lleri
287 1304 316 1327 et
329 1299 423 1332 hodie;
439 1307 448 1323 ι
467 1297 618 1324 secundant
634 1301 698 1320 vero
713 1293 901 1328 intelligibile:
917 1301 926 1317 ι
944 1292 970 1318 In

179 1346 297 1379 saecula;
323 1355 333 1371 ι
358 1343 505 1373 secundum
537 1347 628 1370 autent
657 1340 796 1369 liliatlonis
828 1339 970 1371 unitatem,

178 1401 195 1418 4
215 1398 298 1419 unum
311 1394 339 1418 et
351 1389 489 1418 eumdem.
505 1397 515 1414 ι

461 1541 558 1577 Cyrilli
570 1540 700 1575 defensio.

1004 254 1156 297 ένωθεισῶν
1179 266 1285 302 φύσεων
1299 264 1425 299 δύναμιν,
1445 261 1482 292 ὡς
1498 258 1673 295 προείρηται,
1690 256 1731 287 εἰς
1750 254 1800 281 ἕνα

1007 317 1056 353 μὲν
1071 315 1117 342 τδν
1131 300 1206 344 Υἰὺν,
1221 312 1268 339 καὶ
1284 310 1398 346 Κύριον,
1413 307 1462 334 καὶ
1476 304 1605 341 Χριστὸν,
1620 302 1677 330 ἀλλ’
1695 300 1746 327 οὐκ
1760 300 1801 330 εἰς

1008 346 1071 399 μίαν
1087 361 1167 396 φύσιν
1183 359 1218 386 τὰ
1234 357 1323 385 πάντα
1339 353 1530 389 συναιροῦντες
1542 358 1549 366 ·
1576 349 1614 381 ὡς
1629 347 1678 374 καὶ
1696 346 1727 379 ἐξ
1741 346 1803 376 ἑνὸς

1006 391 1062 436 τῶν
1078 391 1186 443 φύσεων
1206 405 1340 440 ὀνόματος
1362 400 1495 434 ἑκατέρας
1512 396 1631 424 νοεῖσθαι
1644 393 1689 421 διὰ
1705 392 1736 419 τὺ
1751 391 1804 425 τῆς

1007 437 1131 485 ἑνώσεως
1147 453 1245 488 ἀκρον,
1255 437 1308 477 ’καὶ
1320 450 1387 484 ἡμῖν
1401 445 1596 479 ἀκατάληπτον
1606 450 1613 457 ⁸
1630 441 1668 473 ὥς
1689 448 1743 466 που
1755 437 1806 465 καὶ

1007 503 1038 529 τὸ
1050 522 1057 534 ,
1075 510 1083 526 t
1099 486 1194 530 οὐδεὶς
1209 496 1380 531 ἀναϐέϐηκεν
1397 495 1437 525 εἰς
1453 492 1499 520 τδν
1515 490 1639 526 οὐρανὸν,
1656 489 1681 514 ει
1699 486 1739 522 μὴ
1749 486 1806 511 ὸέκ

1009 530 1057 574 τού
1073 545 1189 581 οὐρανοῦ
1207 530 1343 574 καταϐὰς,
1359 541 1375 567 ὁ
1391 539 1456 571 Υἱὸς
1477 537 1525 564 τοῦ
1547 534 1705 570 ἀνθρώπου,
1731 533 1746 558 ό
1767 530 1809 556 ὢν

1010 596 1038 621 ὲν
1050 593 1088 628 τῷ
1101 577 1209 628 οὐρανῷ
1219 598 1226 605 ·
1244 599 1254 616 ι
1278 588 1326 615 καὶ
1339 587 1386 619 τὸ,
1413 595 1423 612 ι
1435 585 1498 612 Ἐὰν
1517 581 1564 610 οὖν
1579 582 1653 616 ῐδητε
1675 580 1721 606 τδν
1743 577 1811 604 Υίδν

1010 639 1058 667 τοῦ
1076 627 1220 674 ανθρώπου
1237 634 1428 665 ἀναϐαίνοντα,
1446 633 1515 659 ὅπου
1528 628 1563 665 ἦν
1582 628 1614 655 τὺ
1628 627 1763 662 πρότερον
1773 632 1782 640 ³
1797 632 1807 648 ι

1011 687 1073 722 οὐχὶ
1088 687 1120 712 ὲκ
1131 673 1184 720 τῆς
1198 681 1384 719 προσηγορίας
1398 679 1445 707 τοῦ
1461 677 1527 705 Υίοῦ
1540 676 1587 704 τοῦ
1602 674 1748 711 ἀνθρώπου
1762 673 1813 699 καὶ

1011 733 1058 760 τὸν
1075 731 1150 767 αὐτῷ
1167 729 1332 764 ἁσυγχύτως
1346 736 1377 754 τε
1394 727 1453 762 ἆμα
1467 725 1514 752 καὶ
1528 722 1687 758 ἀχωρίστως
1705 727 1812 754 συνημ-

1015 779 1096 816 μένον
1115 764 1249 812 νοοῦμενς
1275 775 1306 802 Et
1322 774 1377 810 γὰρ
1388 772 1436 800 καὶ
1449 771 1514 798 Υίὺν
1525 768 1669 804 ἀνθρώπου
1684 764 1813 800 ὠνόμαζε

1013 809 1058 852 ista:
1069 824 1119 860 τὴν
1131 809 1187 857 τῆς.
1198 819 1425 856 προσληφθείσης
1459 816 1507 844 καὶ
1522 813 1691 850 φαινομένης
1710 809 1815 845 σαρκὸς

1016 855 1108 905 φύσιν·1
1120 855 1188 896 ἀλλὰ
1195 855 1240 894 διὰ
1249 864 1325 902 [τῶν]
1334 864 1382 891 καὶ
1393 862 1459 898 παρ’
1470 861 1553 889 αὑτοῦ
1563 858 1736 893 τελουμένων
1747 855 1816 882 Θεὸν

1332 909 1387 938 Καὶ
1408 909 1505 936 πάλιν·
1531 916 1540 933 ι
1555 904 1660 941 Ἰησοῦς
1681 901 1815 939 Χριστὸς,

1017 962 1051 990 δι’
1064 958 1094 989 οὗ
1104 960 1139 988 τὰ
1154 959 1254 986 πάντα.
1268 967 1277 984 t
1289 957 1346 984 Καὶ
1362 955 1455 983 πιῑιλιν⁸
1472 964 1481 981 t
1503 952 1606 989 Ἰησοῦς
1618 949 1737 987 Χριστὸς
1751 948 1818 984 χθὲς

1018 1009 1066 1037 καὶ
1082 1009 1203 1043 σήμερον
1220 1006 1234 1032 ὁ
1248 1004 1330 1035 αὐτὸς
1343 1003 1392 1030 καὶ
1409 1003 1449 1034 είς
1465 1001 1529 1032 τοὺς
1551 998 1663 1029 αἰῶνας.
1677 1005 1687 1022 ι
1707 996 1739 1022 Et
1751 993 1818 1030 χθὲς

1019 1055 1066 1082 καὶ
1081 1037 1214 1089 σήμερον,
1230 1050 1290 1082 πῶς
1301 1049 1334 1075 δι’
1344 1047 1427 1075 αὐτοῦ
1439 1046 1474 1073 τὰ
1484 1045 1588 1077 πάντα;
1602 1043 1634 1069 El.
1645 1041 1673 1069 δὲ
1686 1040 1720 1067 δι’
1731 1037 1818 1066 αὑτοῦ

1019 1102 1053 1128 τὰ
1079 1086 1180 1129 πάντα,
1207 1096 1267 1128 πῶς
1290 1095 1354 1131 χθὲς
1376 1093 1425 1121 καὶ
1448 1093 1586 1128 σήμερον;
1607 1088 1688 1115 Ἀλλὰ
1704 1086 1752 1114 καὶ
1767 1086 1818 1117 τὸ,

1024 1156 1033 1172 ι
1048 1146 1141 1173 Πάντα
1163 1144 1197 1170 δι’
1224 1140 1343 1173 αὑτοῦ,ι
1365 1138 1484 1174 ἀληθές·
1510 1137 1557 1164 καὶ
1581 1136 1623 1168 τὸ,
1643 1145 1652 1160 ι
1667 1133 1750 1165 Χθὲς,
1769 1132 1821 1158 καὶ

1022 1193 1152 1228 σήμερον,
1164 1200 1172 1216 ι
1187 1188 1293 1216 πιστόν·
1306 1187 1354 1213 καὶ
1362 1185 1402 1218 τὸ,
1417 1195 1427 1210 ι
1438 1185 1467 1210 '0
1476 1184 1556 1215 αὐτὸς
1567 1183 1606 1214 είς
1615 1181 1677 1212 τοὺς
1687 1180 1800 1210 αἰῶνας,
1808 1186 1818 1203 ι

1022 1226 1167 1273 ἀληθινόν·
1183 1235 1232 1261 ἑὰν
1248 1233 1319 1260 κατὰ
1332 1231 1364 1258 τὸ
1380 1230 1434 1257 τῶν
1450 1228 1601 1256 ένωθεισῶν
1616 1226 1779 1261 ἀσυγχύτως
1789 1232 1822 1250 τε

1022 1269 1073 1309 καὶ,
1085 1280 1246 1316 ἀχωρίστως
1261 1277 1370 1313 φύσεων
1385 1275 1513 1310 διάφορον
1526 1274 1576 1305 τὰς
1589 1271 1681 1308 φωνὰς
1696 1269 1823 1306 ἐφαρμό-

1023 1315 1125 1363 ξωμεν,
1147 1315 1271 1356 νοοῦντες
1289 1323 1362 1350 κατὰ
1392 1321 1441 1357 μὲν
1457 1321 1488 1347 τὸ
1520 1319 1695 1355 φαινόμενον,
1714 1326 1722 1342 t
1749 1315 1823 1347 Χθὲς

1024 1362 1070 1400 καί
1093 1373 1230 1407 σήμερον”
1245 1380 1254 1395 t
1278 1368 1349 1396 κατὰ
1377 1367 1406 1394 δὲ
1434 1366 1465 1393 τὸ
1486 1365 1642 1400 νοούμενον,
1667 1373 1676 1389 ι
1697 1362 1744 1394 Είς
1757 1362 1825 1392 τοὺς

1024 1404 1125 1448 αἰῶνας
1131 1404 1142 1430 1·
1158 1404 1174 1442 ι⁷
1183 1414 1255 1442 κατὰ
1267 1413 1334 1440 δὲτὸ
1356 1411 1406 1447 τῆς
1419 1411 1543 1446 νὶὀτητος
1561 1407 1715 1444 μοναδικδν,
1733 1415 1742 1431 ι
1754 1404 1825 1432 Ἕνα

1024 1464 1073 1491 καὶ
1087 1464 1131 1490 τὶν
1146 1461 1236 1490 αὐτόν.
1244 1470 1252 1486 t

1257 1526 1421 1561 Ἀπολογία
1442 1524 1604 1558 Κυρίλλου.

219 1601 257 1629 Ut
269 1604 391 1636 apparet,
406 1599 448 1626 his
459 1599 507 1634 qui
524 1597 768 1625 anathematismos
792 1603 807 1623 a
828 1595 908 1631 17o
924 1603 963 1622 no-

1085 1591 1168 1622 κοπὺς
1193 1586 1248 1620 οὖν,
1270 1588 1307 1619 ὡς
1331 1587 1340 1604 ι
1367 1585 1449 1616 ἔοικε,
1480 1583 1537 1614 τοῖς
1559 1580 1701 1608 ἐθέλουσιν
1727 1578 1827 1612 ἀπερι-

1177 1635 1181 1636 ν
1277 1633 1289 1636 -
1354 1631 1365 1636 -
1460 1628 1467 1636 ν
1488 1629 1494 1636 ι
1528 1626 1540 1632 ··
1599 1624 1778 1636 ,_...r1____;
1797 1632 1827 1636 __

181 1649 229 1676 liis
245 1647 388 1675 utilissime
407 1650 434 1673 et
449 1645 604 1672 necessario
626 1643 712 1670 factos
733 1643 920 1677 imprudenter
935 1650 977 1668 re-

184 1694 357 1730 prehendere
373 1691 584 1725 volunt,unicus
601 1689 646 1716 ille
660 1696 757 1722 scopus
780 1693 833 1721 est,
858 1692 887 1715 ιιι
911 1687 977 1714 nihil

184 1747 282 1768 ‘Vel'um
302 1738 343 1766 vel
356 1738 463 1772 sapiant
476 1736 518 1764 vel
532 1736 640 1768 dicant,
657 1735 853 1770 declarenlque
878 1741 907 1761 se
920 1734 978 1761 solo

185 1784 371 1814 calumniandi
387 1783 474 1810 studio
483 1786 641 1817 occupatos.
653 1780 720 1808 Nam
732 1781 754 1808 si
765 1785 881 1808 mentem
901 1787 978 1807 suam

184 1829 311 1858 studiose
326 1835 358 1856 ac
371 1827 516 1862 diligenter
533 1826 645 1861 scriptis
660 1825 791 1853 adhibere
805 1829 975 1859 paterentur,

187 1884 244 1904 non
259 1876 440 1912 ignorassent,
459 1873 531 1909 quod
547 1873 604 1900 suis
630 1871 774 1900 sententiis
795 1875 823 1899 et
844 1870 979 1898 sermoni-

192 1924 254 1956 bus,
268 1930 335 1957 quos
351 1921 464 1953 faciunt,
487 1919 626 1947 stabiliant
647 1917 920 1949 anathemalismum,
953 1921 980 1944 et

191 1974 364 2003 nequaquam
382 1965 528 1993 ostendant
542 1964 617 1991 illum
630 1963 765 1990 inerudite
784 1962 934 1989 conditum.
949 1962 981 1989 Et

190 2013 340 2050 quomodo,
355 2012 454 2039 dlcam.
465 2010 555 2038 Bonus
571 2009 711 2038 Nestorius
722 2009 829 2036 dicebat
841 2008 895 2036 tale
902 2009 982 2043 quid-

195 2062 267 2092 dam,
282 2060 308 2086 in
326 2058 441 2086 ecclesia
465 2062 610 2084 enarratis.
629 2053 665 2082 Ut
679 2057 770 2081 autem
785 2053 872 2088 ipsum
895 2053 982 2080 niani—

194 2106 290 2134 festius
314 2106 417 2136 dicam,
446 2107 472 2130 et
500 2102 536 2128 ita
566 2105 595 2127 ut
621 2107 714 2126 omnes
732 2098 837 2126 facilius
852 2099 981 2133 capiant:

194 2153 284 2185 Arius,
301 2155 329 2178 et
345 2147 505 2178 Eunomius,
521 2151 548 2173 et
560 2144 754 2180 Apollinarins,
769 2148 797 2170 et
825 2151 920 2171 omnes
935 2151 981 2170 so—

194 2198 302 2225 cietatis
320 2195 424 2223 illorum
437 2193 526 2225 chori,
558 2191 704 2219 studebant
730 2189 860 2216 inducere
885 2195 982 2216 nomen

194 2244 257 2276 hoc,
272 2243 318 2270 Dei
336 2241 464 2277 genitrix,
479 2244 508 2266 ut
519 2238 541 2266 si
553 2236 706 2265 commistio
733 2235 820 2267 lleret,
835 2239 863 2262 et
876 2240 980 2262 natura:

199 2298 249 2318 nou
269 2292 471 2324 separarentur,
500 2283 568 2311 nihil
591 2281 731 2310 humiliter
755 2281 855 2308 dictum
875 2280 908 2308 de
931 2281 982 2307 Ιιιι-

200 2335 329 2362 manitate
341 2331 527 2367 accipiendum
543 2333 626 2361 esset,
654 2327 797 2361 locumqtte
820 2327 877 2362 jam
903 2327 985 2353 hahe-

200 2387 258 2409 rent
274 2379 324 2416 ipsi
341 2384 435 2407 contra
453 2378 600 2408 deitatem;
623 2374 700 2416 quasi
715 2373 887 2407 munia,quaa
908 2372 986 2399 diee-

198 2410 307 2458 bantur,
319 2426 352 2452 de
365 2431 418 2452 uno
433 2424 599 2450 dicerentur.
613 2410 679 2446 Ηίεε
688 2427 748 2446 cum
759 2419 800 2446 sie
826 2418 897 2446 dicta
921 2418 985 2448 sint,

202 2471 346 2499 utilissime
361 2467 616 2496 anathetuatisntum
639 2464 762 2495 fecimus,
795 2471 847 2490 non
876 2463 987 2497 perluit-

205 2523 291 2545 tentes
313 2517 339 2543 iu
368 2516 436 2542 duas
469 2513 550 2540 dividi
583 2518 713 2546 personas
732 2515 759 2537 et
788 2509 979 2536 subsistentias

204 2572 285 2591 unnnt
301 2562 444 2589 Dominum
462 2559 552 2587 Iesum
569 2559 718 2585 Christum.
734 2555 810 2589 Quod
841 2560 931 2581 autent
957 2559 984 2580 et

203 2609 253 2645 ipsi
269 2616 329 2636 cum
342 2607 441 2635 nostris
448 2606 618 2633 sermonibus
630 2603 802 2634 conveniant,
814 2600 985 2636 perspicuum

237 2698 261 2715 ’δ
273 2697 349 2725 Joan.
363 2704 406 2730 ut,
424 2695 470 2723 l5.
506 2694 529 2711 "'
546 2693 624 2722 Joan.
640 2700 680 2725 vt,
699 2692 743 2720 63.
778 2691 799 2707 ⁷⁸
816 2690 899 2718 llehr.
915 2698 945 2723 ιι,
962 2690 1005 2717 l0.

1029 1637 1155 1666 σκέπτως
1174 1633 1307 1668 ἐπιτιμᾷν
1322 1631 1378 1662 τοῖς
1402 1628 1467 1664 παρ’
1482 1626 1561 1663 ἡμῶν
1575 1624 1780 1662 χρειωδέστατά
1796 1632 1828 1649 τε

1028 1684 1076 1710 καὶ
1098 1680 1256 1715 ἀναγκαίως
1277 1676 1420 1712 γεγονόσιν
1441 1672 1688 1708 ὰναθεματισμοῖς,
1716 1670 1828 1705 φρονεῖν

1032 1730 1082 1765 μὲν
1105 1728 1122 1764 ἢ
1151 1727 1243 1760 λέγειν
1264 1724 1318 1751 τῶν
1343 1721 1478 1757 ἀληθινῶν
1505 1719 1591 1751 οὐδὲν,
1613 1716 1775 1752 φιλοψογῐας
1800 1715 1829 1742 δὲ

1032 1762 1121 1812 μόνης
1133 1771 1271 1804 ἀπόδειξιν
1288 1769 1392 1805 ἐναργῆ
1409 1766 1547 1794 ποιεῖσθαι
1560 1765 1590 1792 τὸ
1602 1765 1698 1800 χρῆμα.
1709 1770 1716 1777 ·
1739 1764 1763 1789 εί
1774 1762 1830 1798 γὰρ

1029 1809 1176 1856 ἆνίσγοντα
1186 1823 1210 1851 υ,
1221 1817 1270 1844 καὶ
1279 1815 1382 1851 ἀκριϐῆ
1393 1815 1448 1845 τοῖς
1459 1811 1662 1847 γεγραμμένοις
1672 1809 1719 1836 τὸν
1730 1809 1830 1835 οἰκεῖον

1031 1865 1219 1901 ὲνερείσαντες
1241 1861 1314 1894 νοῦν,
1338 1860 1388 1887 οὐκ
1408 1859 1562 1894 ¹ίλγνόησαν,
1593 1857 1635 1882 ὅτι
1663 1854 1830 1891 κρατύνουσι

1031 1911 1092 1942 ταῖς
1120 1908 1186 1944 παρ’
1209 1906 1314 1934 ἑαυτῶν
1330 1909 1343 1924 ν
1356 1905 1469 1940 ψήφοις,
1488 1903 1534 1930 καὶ
1556 1902 1590 1929 δι’
1612 1899 1650 1929 ὧν
1663 1900 1832 1935 πεποίηνται

1032 1957 1130 1991 λόγων,
1163 1954 1209 1981 τὸν
1236 1950 1469 1987 ἀναθεματισμὺν,
1505 1949 1554 1976 καὶ
1579 1948 1639 1984 οὐχὶ
1664 1947 1698 1982 δὴ
1730 1946 1833 1982 μᾶλλον

1033 2000 1260 2037 ἀνεπιστημόνως
1274 1998 1356 2026 αὑτὸν
1373 1996 1508 2031 γεγονότα
1520 1992 1759 2022 καταδεικνύουσι.
1776 1992 1834 2018 Καὶ

1032 2051 1094 2078 τίνα
1107 2048 1218 2085 τρόπον,
1233 2046 1299 2082 ὲρῶ⁶
1323 2043 1353 2071 '0
1368 2042 1488 2079 χρηστὸς
1500 2042 1566 2078 ἡμῖν
1582 2040 1729 2075 Νεστόριος
1741 2039 1793 2074 ἔφη
1807 2048 1833 2064 τι

1033 2096 1154 2124 τοιοῦτον
1176 2095 1220 2121 ἐπ’
1241 2092 1390 2128 ἐκκλησίας
1407 2095 1420 2109 ι
1441 2089 1633 2125 ἐξηγούμενος.
1648 2087 1709 2113 Ἵνα
1722 2085 1752 2112 δὲ
1766 2085 1834 2112 αὐτὸ

1035 2143 1202 2177 σαφέστερον
1229 2139 1276 2167 καὶ
1306 2139 1389 2166 πᾶσιν
1418 2136 1616 2172 εὐληπτότερον
1661 2133 1744 2165 εῐπω,
1776 2132 1835 2163 τοῖς

1041 2187 1157 2222 Ἀρείου,
1175 2185 1223 2212 καὶ
1240 2183 1386 2219 Εὑνομίου,
1404 2182 1451 2209 καὶ
1471 2179 1672 2215 Ἀπολιναρίου,
1693 2179 1742 2204 καὶ
1766 2178 1836 2204 πᾶν·

1001 2251 1020 2278 D
1034 2242 1087 2261 των
1100 2233 1154 2263 τοῖ;
1166 2232 1255 2267 χοροῖς
1267 2229 1322 2257 τῶν
1336 2228 1386 2264 τῆς
1403 2227 1530 2262 τοιαύτης
1547 2225 1662 2261 φατρίας
1672 2228 1699 2257 θ’,
1717 2223 1834 2258 σπονδὴ,

1035 2280 1076 2311 τὸ,
1094 2278 1238 2310 Θεοτόκος,
1254 2276 1385 2310 εἰσάγειν,
1408 2274 1446 2305 ὼς
1465 2273 1590 2309 κράσεως
1611 2270 1770 2306 γινομένης,
1789 2271 1836 2296 καὶ

1037 2325 1093 2352 τῶν
1114 2324 1222 2360 φύσεων
1242 2322 1280 2358 μὴ
1300 2319 1508 2356 διαιρουμένων,
1537 2317 1619 2353 μηδὲν
1641 2316 1697 2343 τῶν
1718 2315 1836 2342 εὐτελῶν

1038 2372 1078 2402 εἰς
1091 2370 1139 2406 τὴν
1154 2367 1352 2404 ἀνθρωπότητα
1363 2364 1560 2401 λαμϐάνεσθαι,
1573 2363 1621 2390 καὶ
1634 2362 1727 2398 χώραν
1736 2362 1836 2392 αὐτοὺς

1039 2417 1132 2443 λοιπὸν
1157 2414 1227 2442 κατὰ
1254 2414 1303 2450 τῆς
1334 2413 1461 2447 θεότητος
1483 2411 1554 2446 ἔχειν
1568 2418 1574 2424 ’
1589 2409 1627 2441 ὡς
1650 2409 1760 2436 πάντων
1782 2407 1836 2434 τῶν

1040 2461 1195 2497 λεγομένων
1217 2460 1283 2495 παρ’
1298 2459 1357 2490 ἐνὸς
1375 2458 1538 2493 λεγομένων.
1563 2455 1673 2482 Τούτων
1685 2453 1735 2480 ὡδὶ
1757 2453 1837 2487 λεγο-

1043 2508 1141 2544 μένων,
1159 2506 1371 2543 χρειωόέστατος
1386 2509 1396 2522 ι
1412 2504 1476 2539 παρ’
1492 2508 1501 2518 ⁸
1522 2501 1599 2538 ἡμῶν
1615 2500 1727 2535 γέγονεν
1740 2500 1755 2526 ό
1771 2500 1836 2526 ἀνα⁴

1042 2553 1221 2589 Θεματισμὸς,
1247 2553 1297 2579 οὐκ
1316 2551 1404 2586 ἐφιεὶς
1430 2550 1470 2582 είς
1500 2548 1547 2575 δύο
1566 2546 1730 2583 μερίζεσθαι
1752 2546 1837 2581 πρόσ-

1042 2600 1106 2627 ωπά.
1117 2608 1146 2626 τε
1164 2600 1211 2626 καὶ
1224 2598 1391 2629 ὑποστάσεις
1406 2597 1452 2623 τὸν
1468 2596 1516 2622 ἕνα
1530 2594 1634 2630 Κύριον
1649 2592 1757 2628 Ἰησοῦν
1770 2593 1836 2628 Χρι-

1041 2690 1064 2705 ⁷⁷
1081 2689 1163 2716 llebr.
1183 2697 1241 2722 xm,
1258 2688 1286 2715 8.
1324 2688 1347 2703 ‘"‘
1361 2686 1438 2715 Joau.
1457 2694 1477 2719 I.
1500 2685 1527 2712 5.

733 2768 821 2796 Variae
839 2768 968 2796 lectiones
986 2776 1019 2795 ex
1031 2767 1125 2795 codice
1143 2765 1330 2801 Seguieriano.

243 2857 254 2876 ι
268 2854 381 2887 Σκοπὸς,
396 2853 443 2885 ὡς.

205 2898 219 2914 ιι
234 2883 400 2926 λελεγμένων
415 2883 624 2924 ᾑρειωδέστατα.
663 2883 677 2904 ά
694 2883 738 2910 τσ.
756 2883 831 2918 περί.

499 2856 512 2870 ιι
531 2851 574 2877 ῐσ.
589 2850 613 2876 εί
629 2848 683 2884 γὰρ
696 2847 835 2884 ηνείχοντο
858 2845 996 2875 ἀκριϐοῦν.
1035 2850 1048 2865 ν
1064 2845 1128 2879 παρ’
1144 2843 1245 2871 αὐτῶν.

1304 2846 1316 2861 ⁸
1337 2841 1482 2877 ἐκκλησίᾳ..
1542 2844 1555 2863 Υ
1577 2839 1662 2871 αὖτῖς
1681 2837 1834 2874 φρατρίας·
