1886 3056
78 155 137 184 δότ

390 156 658 187 APOLOGETICUS
678 158 751 187 PRO
768 159 816 187 XII
835 158 1019 188 CAPITIBUS
1039 159 1182 188 CONTRA
1199 159 1429 189 ORIENTALES.

1660 160 1714 192 538

79 214 150 240 στόν,
164 213 225 240 ὀτι
235 212 265 240 δὲ
277 213 327 241 καὶ
341 215 437 248 αὐτοῖς
449 217 508 248 τοῖς
522 218 586 252 παρ’
602 218 681 253 ἡμῶν
693 219 823 255 συμφέροι

971 224 1023 248 tex
1039 220 1082 248 his
1102 228 1162 256 quae
1176 221 1346 256 scripserunt
1378 226 1406 250 et
1440 222 1572 251 sentiunt.
1607 223 1713 254 Habent

77 259 177 293 λόγοις,
190 259 271 294 δῆλον
285 259 320 287 ἂν
336 261 381 296 εἴη
395 261 530 297 δήπουθεν
547 263 577 296 ἐξ
595 261 633 292 ὧν
646 266 813 300 γεγράφασι.
828 267 875 293 καὶ

77 306 185 340 φρονεῖν
204 305 361 340 ἐγνώκασιν
374 316 381 323 “
405 308 463 344 ἔχει
482 309 511 337 δὲ
533 310 621 343 οὕτως
633 319 641 328 ⁸
676 311 721 344 Ὦς
735 312 764 339 δὲ
789 321 873 349 προσ-

76 351 172 384 ώποις,
183 352 201 387 ἢ
213 352 228 372 δ
240 353 410 381 ὑποστάσεσι
419 355 507 390 δυσὶν,
521 356 538 392 ἢ
554 357 623 389 υἱοῖς
632 357 693 385 δυσὶ
705 359 875 395 διαιροῦντας

75 398 125 433 τὴν
137 399 248 432 ἕνωσιν,
264 400 352 435 ἤγουν
366 401 412 428 τὸν
426 401 474 429 ἕνα
487 402 561 435 Υίὸν,
575 403 625 436 τὰς
642 405 736 439 φωνὰς
749 406 873 441 ἐφαρμό-

76 444 134 476 ζειν
149 444 179 471 οὒ
192 444 250 471 δεῖ·
277 445 434 482 ἀδιαίρετος
451 448 506 484 γὰρ
521 449 570 476 καὶ
585 449 739 486 ἁχώριστος
763 453 779 487 ἡ
800 453 874 489 ἄκρα

79 491 177 523 ἔνωσις
188 498 197 506 ⁵
222 491 271 518 καὶ
285 493 300 519 ὁ
314 490 356 525 εἷς
374 493 439 526 Υἱὸς
451 494 523 522 κατὰ
544 495 634 523 πάντα
648 498 696 524 καὶ
715 497 803 532 λόγον,
827 499 874 526 καὶ

74 537 188 572 τρόπον,
210 538 260 565 καὶ
279 538 385 566 ἔννοιάν
404 540 474 568 ἐστι.
495 541 551 576 Τῆς
578 541 607 568 δὲ
637 542 727 578 ἄκρας
751 543 874 576 ἐνώσεως

75 581 299 618 φυλαττομένης,
319 584 368 611 καὶ
383 584 430 611 τοῦ
444 585 503 617 ἑνὸς
519 586 597 620 Υίοῦ,
613 587 661 614 καὶ
674 589 807 624 Χριστοῦ,
827 590 875 617 καὶ

74 628 180 663 Κυρίου
195 630 430 666 ὁμολογουμένου,
445 632 510 668 περὶ
530 633 575 660 τὸν
591 633 639 661 ἕνα
665 635 714 662 καὶ
731 635 778 663 τὸν
792 636 874 663 αὑτὸν

76 673 140 700 Υιὸν
152 675 324 703 ἐκλαὸἑσθαι
345 682 356 696 ο
386 677 439 713 χρὴ
459 677 494 704 τὰ
509 678 661 715 λεγόμενα·
686 681 756 708 κατὰ
782 681 873 717 μέντοι

72 719 122 755 τὴν
145 720 204 747 τῶν
227 721 382 749 ὲνωθεισῶν
404 723 513 758 φύσεων
533 725 648 761 δύναμιν
669 727 875 762 ὲφαρμόζεσθαι

73 766 178 801 πρέπει
210 767 254 803 τῷ
270 769 312 795 ἐνὶ
340 769 397 805 Υίῷ
414 770 449 797 τὰ
469 770 615 806 λεγόμενα.
638 773 742 800 Οὐκοῦν
758 773 810 808 τῆς
834 775 874 806 εἰς

73 813 159 847 ἄκρον
189 814 320 847 ἑνώσεως
364 816 533 852 σωζομένης,
561 818 626 846 ποία.
654 819 830 854 παρείσδυσις
856 821 874 857 ἢ

71 859 139 893 γοῦν
165 861 310 894 φαντασία
335 863 424 897 τομῆς
441 864 662 899 παρεισκρίνοιτο
679 865 713 892 ἂν
727 865 784 898 Eu;
799 867 845 893 καὶ
859 867 874 894 ὁ

73 905 198 940 μερίζειν
211 907 377 942 ἁποτολμῶν
388 908 445 940 πῶς
455 909 504 936 οὐκ
516 909 568 942 ἔξω
582 911 695 945 φέρεται
706 912 756 947 τῆς
766 912 874 944 εὐθείας

71 952 143 985 ὁδοῦ,
169 953 220 979 καὶ
246 953 303 980 τῶν
324 956 375 989 τῆς
400 955 542 988 εὐσεὸείας
566 957 710 992 δογμάτων
735 960 775 990 εἰς
801 959 874 986 ἅπαν

71 999 256 1033 ἁποφοιτῶν;
275 999 308 1026 Τί
328 999 376 1026 οὖν
391 1009 474 1036 φησιν
491 1003 505 1029 ὁ
525 1002 770 1040 ἁναθεματισμόςς
787 1005 821 1031 Εῑ
833 1013 874 1036 τις

73 1044 182 1079 μερίζει
198 1045 252 1077 τὰς
273 1045 366 1079 φωνὰς
381 1047 452 1074 κατά
466 1055 498 1081 γε
511 1049 616 1075 τουτονὶ
634 1048 680 1075 τὸν
698 1049 811 1085 τρόπον,
826 1051 875 1078 καὶ

70 1087 120 1118 τὰς
133 1087 147 1106 d
161 1088 213 1123 μὲν
224 1088 264 1119 ὡς
278 1089 414 1125 ἀνθρώπῳ
423 1091 498 1127 παρὰ
510 1091 555 1118 τὸν
564 1093 596 1119 ὲκ
607 1093 675 1120 Θεοῦ
686 1094 772 1129 Λόγον
783 1095 875 1128 ἰδικῶς

72 1134 215 1169 νοουμένῳ
236 1136 417 1171 προσάπτειν,
445 1137 493 1170 τὰς
515 1138 545 1165 δὲ
566 1139 604 1171 ὡς
623 1139 785 1176 θεοπρεπεῖς
801 1141 875 1177 μόνῳ

70 1179 111 1214 τῷ
129 1181 163 1206 ὲκ
178 1180 250 1208 Θεοῦ
270 1182 368 1218 Λόγῳ·
383 1183 509 1220 ἀνάθεμα
539 1185 620 1213 ἔστω.
645 1187 677 1213 El
703 1187 753 1222 μὲν
776 1185 823 1214 οὖν
848 1189 875 1215 οἱ

70 1226 230 1259 διιστάντες
245 1234 257 1248 ε
276 1229 324 1255 καὶ
336 1229 501 1265 διορίζοντες
514 1232 554 1264 είς
569 1232 713 1267 ἄνθρωπον
727 1233 819 1266 ίδικῶς
842 1243 874 1262 τε

72 1271 121 1298 καὶ
139 1272 193 1300 ἀνὰ
216 1273 312 1308 μέρος,
330 1275 378 1301 καὶ
400 1275 440 1307 είς
460 1275 527 1303 Θεὸν
553 1277 640 1311 Λόγον
658 1278 750 1310 ίδικῶς
772 1287 802 1305 τε
825 1278 874 1306 καὶ

71 1316 126 1343 ἀνὰ
149 1316 248 1352 μέρος,
264 1319 295 1344 οὐ
313 1319 455 1354 μερίζουσι
470 1321 516 1347 τὸν
531 1321 580 1349 ἕνα
596 1323 724 1357 Χριστὸν,
740 1324 786 1350 καὶ
801 1323 848 1351 δύο
861 1324 871 1344 ι

72 1362 204 1396 λέγουσιν
223 1364 310 1396 υίοὺς,
334 1365 576 1399 ἀγανακτείτωσαν
590 1367 650 1394 καθ’
663 1369 743 1404 ἡμῶν
756 1369 781 1396 οἱ
810 1370 873 1404 φιλ-

72 1408 249 1444 εγκλήμονες
262 1418 268 1424 ·
285 1411 309 1437 εί
318 1410 347 1437 δὲ
356 1412 427 1448 τομὴ
437 1413 485 1440 καὶ
497 1413 627 1448 διαίρεσις
636 1415 667 1441 τὸ
679 1415 750 1442 οὕτω
763 1418 873 1452 φρονεῖν

74 1455 146 1487 ἐστι,
159 1455 234 1483 κατὰ
250 1456 312 1484 τίνα
326 1458 427 1493 τρόπον
438 1461 494 1492 τοῖς
509 1462 573 1493 παρ’
590 1462 668 1496 ἡμῶν
683 1463 772 1497 λόγοις
785 1465 873 1491 ἐπιτι-

75 1502 131 1536 μᾷν
147 1501 298 1536 ἐγνώκασι,
319 1504 410 1531 καίτοι
423 1505 471 1532 καὶ
486 1506 574 1539 αὐτοὶ,
592 1508 665 1535 καθὰ
674 1517 766 1542 φασιν,
783 1510 872 1537 ἀδιαί-

926 271 1015 293 autem
1034 266 1074 293 sic
1089 274 1096 293 :
1109 266 1251 302 Tanquam
1265 275 1330 295 vero
1341 268 1465 303 personis
1479 268 1637 300 duabus,vel
1647 272 1713 298 sub-

925 311 1057 340 sistentiis
1074 313 1188 346 duabus,
1208 313 1250 340 vel
1277 313 1341 340 liliis
1357 313 1472 346 duobus,
1498 314 1643 343 dividendo
1653 316 1714 343 uni-

926 358 1037 390 tionem.
1052 358 1102 386 hoc
1113 363 1156 386 est
1167 367 1250 386 unum
1266 359 1460 393 Filium,voces
1475 366 1570 395 aptare
1581 369 1634 388 non
1649 369 1710 389 con.

925 403 1007 430 venit.
1023 404 1200 432 lndivisibilis
1212 405 1283 432 enim
1303 409 1331 433 et
1346 405 1534 441 inseparabilis
1549 410 1590 434 est
1608 414 1711 434 summa

925 448 1022 480 unitio,
1042 452 1069 476 ct
1080 457 1149 477 unus
1167 449 1253 477 Filius
1267 454 1309 477 est
1327 451 1475 478 secundum
1502 459 1610 479 omnem
1631 453 1714 479 ratio-

925 501 986 521 nem
1000 499 1028 521 et
1043 494 1152 522 modum
1172 500 1199 523 et
1211 496 1415 530 cogitationem.
1438 496 1466 524 Si
1493 501 1585 524 autem
1607 505 1712 525 summa

925 540 1012 567 unitio
1029 546 1164 572 servetur,
1182 546 1209 568 et
1229 550 1297 569 unus
1313 542 1397 569 Filius
1407 548 1434 569 et
1448 542 1571 570 Christus
1582 548 1608 571 et
1621 544 1711 571 Domi-

925 593 976 613 nus
993 590 1120 621 ponatur,
1136 587 1169 614 de
1185 595 1238 615 uno
1253 592 1281 615 ct
1293 589 1389 616 eodem
1406 588 1474 616 Filio
1489 590 1615 624 acoipere
1630 597 1712 625 opor-

926 636 975 664 tet,
994 639 1054 666 quae
1068 632 1197 659 dicuntur
1212 641 1218 659 :
1235 633 1283 660 sed
1299 638 1389 660 tamen
1405 635 1553 662 secundum
1575 636 1711 662 unitarum

925 682 1082 705 naturarum
1105 679 1232 706 virtutem
1249 680 1456 707 accommodare
1471 681 1549 708 decet
1574 681 1619 708 uni
1632 681 1711 713 Filio,

924 730 986 758 quae
999 722 1138 750 dicuntur.
1152 724 1237 758 Igitur
1254 725 1317 751 dum
1330 730 1455 752 servatur
1480 733 1587 754 sunnna
1611 727 1711 759 unitas,

925 768 1012 803 qualis
1029 768 1150 803 irreptio,
1167 769 1209 796 vel
1223 769 1317 796 saltem
1333 770 1489 805 imaginatio
1499 772 1712 800 sectionisindu-

925 814 1051 842 ceretur?
1067 814 1100 841 Et
1114 815 1160 850 qui
1178 815 1259 843 audet
1273 816 1406 849 dividere,
1419 816 1554 851 quomodo
1567 825 1618 845 non
1637 822 1713 845 extra

926 862 1030 887 rectam
1064 860 1135 887 viam
1164 859 1314 893 incedit,et
1343 868 1358 887 ιι
1378 860 1485 895 pietatis
1501 862 1670 896 dogmatibus
1685 862 1712 889 in

927 905 1081 933 universum
1103 905 1303 939 receditiQuid
1335 906 1416 942 igitur
1441 907 1508 934 dicit
1533 907 1713 934 anathemati-

926 951 1061 979 smus?Si
1077 952 1137 987 quis
1159 951 1256 979 dividit
1284 959 1374 984 voces,
1389 953 1537 979 secundum
1562 953 1634 980 hunc
1657 960 1717 980 mo-

926 997 1001 1029 dum,
1016 1002 1045 1025 ut
1060 998 1127 1025 alias
1145 998 1254 1033 quidem
1270 1003 1396 1033 tanquam
1412 999 1514 1025 homini
1533 1006 1547 1025 ιι
1570 997 1625 1026 Deo
1637 1006 1714 1027 seor-

925 1044 976 1071 sim
991 1044 1127 1071 intellecto
1138 1044 1256 1079 adaptet,
1271 1044 1339 1070 alias
1350 1052 1424 1077 vero,
1437 1047 1466 1070 ut
1477 1044 1531 1071 Deo
1541 1044 1646 1077 dignas,
1661 1045 1723 1072 soli--

927 1089 1015 1117 Verbo
1032 1089 1088 1123 Dei,
1108 1089 1253 1117 anathema
1272 1089 1317 1116 sit.
1346 1089 1374 1116 Si
1405 1090 1485 1124 igitur
1509 1094 1667 1124 separantes
1687 1093 1718 1117 et

925 1134 1124 1170 distinguentcs
1139 1135 1164 1161 in
1182 1135 1319 1162 hominem
1336 1135 1443 1170 proprie
1462 1139 1489 1161 et
1503 1135 1631 1166 seorsim,
1645 1140 1673 1162 et
1685 1135 1715 1162 in

925 1181 1043 1209 Verbum
1059 1181 1105 1209 Dei
1124 1181 1232 1217 proprie
1246 1186 1274 1208 et
1285 1181 1411 1214 seorsim,
1427 1181 1505 1216 17],
1518 1188 1570 1208 non
1588 1180 1720 1215 partiuns

924 1231 969 1254 tur
981 1235 1064 1254 unum
1080 1227 1229 1259 Christum,
1241 1235 1295 1254 non
1309 1227 1377 1254 duos
1388 1227 1484 1255 dicunt
1503 1226 1591 1260 ﬁlios;
1604 1233 1720 1254 succen-

924 1279 1004 1303 seant
1021 1274 1098 1302 nobis
1112 1274 1312 1302 criminatores.
1332 1273 1361 1301 Si
1375 1279 1466 1302 autem
1482 1273 1569 1301 sectio
1586 1277 1613 1301 et
1638 1280 1724 1308 σερε*

924 1321 994 1349 ratio
1004 1326 1046 1348 est
1059 1321 1095 1348 ita
1111 1320 1231 1348 sentire:
1247 1320 1396 1348 secundum
1425 1326 1505 1355 quem
1526 1319 1636 1348 modum
1664 1327 1717 1346 no-

924 1372 998 1395 stros
1013 1374 1154 1394 sermones
1169 1366 1369 1401 reprehendere
1382 1370 1550 1398 statuerunt,
1566 1365 1675 1400 quando
1687 1369 1717 1392 et

924 1412 988 1448 ipsi.
1003 1413 1073 1440 sicut
1086 1413 1189 1445 dicunt,
1203 1411 1394 1440 indivisibilem
1409 1416 1437 1439 et
1462 1419 1545 1439 unum
1561 1411 1723 1440 secundum

924 1466 1056 1487 summanr
1070 1459 1220 1486 unitionem
1231 1458 1415 1486 conﬁteantur
1422 1465 1483 1486 esse
1500 1457 1726 1486 Emmanuelem‘?

924 1504 1018 1540 Itaque
1032 1506 1183 1539 prudenter
1204 1511 1425 1539 unamquamque
1436 1511 1541 1536 vocem,
1560 1505 1601 1530 vel
1632 1504 1723 1530 etiam

76 1547 156 1598 ρετόν
176 1557 208 1575 τε
235 1550 282 1577 καὶ
301 1550 349 1577 ἕνα
363 1550 434 1578 κατὰ
457 1553 544 1588 ἄκραν
563 1554 660 1582 ἕνωσιν
675 1555 820 1590 ὁμολογοῦν

991 1550 1049 1584 ipso
1066 1549 1136 1577 forte
1160 1549 1272 1581 dictam,
1300 1549 1485 1584 accipiendam
1515 1555 1596 1580 esse,
1620 1548 1715 1576 lauda-

73 1594 213 1629 ὑπάρχειν
232 1595 281 1622 τὸν
298 1596 488 1632 Ἐμμανουήλ;
519 1598 556 1625 Τὺ
580 1600 629 1634 μὲν
658 1598 704 1628 οὖν
729 1602 871 1637 ἐμφρόνως

74 1640 200 1676 ἑκάστην
215 1642 320 1678 φωνὴν,
333 1644 358 1670 ει
369 1643 417 1670 καὶ
434 1644 499 1680 παρ’
515 1645 597 1672 αὑτοῦ
612 1646 693 1681 τυχὸν
709 1647 870 1682 εἰρημένην,

74 1686 303 1722 ὲκλαμϐάνεσθαι
319 1689 384 1722 δεῖν,
405 1690 579 1726 ἐπαινέσαιμ’
594 1691 628 1718 ἂν
643 1693 689 1719 καὶ
706 1693 786 1725 αὐτὸς
804 1693 870 1727 ἐγὼ,

75 1733 125 1759 καὶ
138 1732 418 1770 ἁπαστισοῦν,οῐμαι,
432 1735 486 1762 τῶν
503 1737 571 1772 ὀρθὰ
586 1739 695 1772 φρονεῖν
718 1739 852 1766 είωθότων
864 1748 872 1755 ’

76 1779 106 1806 αι
127 1780 179 1814 μὲν
192 1780 249 1815 γάρ
268 1781 322 1807 εισι
342 1781 515 1818 θεοπρεπεῖς,
532 1783 560 1809 αι
579 1783 608 1810 δὲ
633 1786 666 1819 τῇ
684 1784 754 1819 μετὰ
772 1786 873 1820 σαρκὸς

76 1827 222 1862 οἰκονομίᾳ
235 1827 336 1862 μᾶλλον
351 1829 562 1866 ἁρμοδιώτεραι.
579 1831 689 1867 Ἐπειδὴ
703 1831 731 1858 δέ
745 1832 819 1858 ἐστιν
833 1830 874 1864 εἷς

77 1874 127 1901 καὶ
141 1875 156 1901 ὁ
172 1874 265 1907 αὐτὸς,
280 1875 347 1907 Θεός
362 1884 392 1902 τε
406 1876 474 1911 ὁμοῦ
493 1877 539 1904 καὶ
556 1877 710 1911 ἄνθρωπος,
730 1878 817 1914 ταύτῃ
834 1887 874 1906 τοι

78 1920 126 1946 καὶ
136 1920 198 1947 λίαν
208 1920 308 1956 ὀρθῶς,
317 1921 383 1948 ποτὲ
395 1922 444 1957 μὲν
457 1922 566 1954 θεῖκῶς,
580 1923 644 1950 ποτὲ
655 1923 684 1949 δὲ
695 1923 875 1959 ἀνθρωπίνως

78 1967 199 1993 ποιεῖται
217 1967 281 1998 τοὺς
295 1967 392 2002 λόγους
404 1976 411 1983 ’
426 1968 496 2004 πλὴν
508 1968 555 1996 τοῦ
569 1968 626 2002 ἐνδς
654 1970 741 2004 Ἰησοῦ
753 1971 873 2006 Χριστοῦ

78 2011 182 2044 ταύτας
207 2021 238 2040 τε
265 2013 396 2046 κάκείνας
418 2012 488 2041 εἶναι
518 2015 611 2049 φωνὰς
635 2015 875 2052 διισχυριζόμεθαν

79 2057 144 2085 οὔτε
160 2058 304 2093 ψιλοῦντες
320 2059 447 2096 θεότητος
466 2061 512 2087 τὸν
532 2061 565 2087 ὲκ
579 2060 630 2095 τῆς
643 2061 781 2096 παναγὶας
798 2062 875 2097 Παρ-

81 2104 160 2130 θένου
184 2105 261 2136 ναὸν,
278 2104 341 2132 οὔτε
365 2105 417 2142 μὴν
436 2106 556 2142 ἄσαρκον
571 2107 672 2138 εἰδότες
691 2107 738 2134 τὸν
757 2108 790 2134 ἐκ
807 2107 875 2134 Θεοῦ

81 2149 191 2184 Πατρὺς
210 2150 297 2183 Λόγον
318 2151 387 2186 μετὰ
407 2151 456 2187 τὴν
474 2152 594 2188 ἄρρητον
613 2152 719 2180 ἕνωσιν,
738 2152 877 2188 Θαυμάξω

82 2195 110 2221 δὲ
131 2196 185 2227 ὅτι,
201 2196 291 2223 καίτοι
304 2197 597 2232 πολυπραγμονοῦντες
612 2198 691 2232 ἄγαν,
715 2199 761 2227 καὶ
784 2199 821 2231 ὥς
843 2209 874 2234 γε

924 1595 975 1622 rim
987 1595 1070 1622 etiam
1086 1602 1146 1629 ego,
1159 1599 1196 1627 et,
1208 1599 1238 1622 ut
1250 1593 1358 1628 opinor,
1367 1593 1483 1629 quisque
1499 1598 1572 1621 recte
1583 1593 1723 1621 sentiens-

923 1640 991 1668 Nam
1007 1640 1068 1668 aliae
1081 1640 1189 1675 quidem
1205 1639 1333 1668 suntDeo
1347 1640 1445 1674 dignae,
1461 1640 1520 1667 aliae
1537 1647 1601 1666 vero
1609 1640 1726 1674 dispen-»

925 1686 1026 1714 sationi
1040 1693 1100 1713 cum
1124 1693 1208 1714 carne
1230 1686 1464 1720 congruentiores.
1477 1685 1609 1718 Quoniam
1625 1692 1717 1714 autem

924 1738 965 1761 est
974 1740 1042 1760 unus
1050 1737 1078 1760 et
1086 1732 1155 1760 idem
1163 1732 1233 1760 Deus
1241 1731 1353 1760 simulet
1370 1732 1460 1764 homo,
1471 1732 1522 1759 hac
1531 1732 1635 1759 ratione
1642 1736 1726 1760 recte

924 1779 1069 1814 aliquando
1090 1779 1188 1812 divine,
1205 1779 1350 1813 aliquando
1376 1778 1493 1805 humane
1516 1777 1635 1812 loquitur
1653 1785 1725 1805 ενο-

926 1831 1079 1854 rumtamen
1091 1825 1169 1853 unius
1182 1824 1245 1852 Jesu
1260 1824 1359 1852 Christi
1368 1828 1395 1851 et
1409 1823 1459 1851 has
1467 1828 1493 1850 et
1502 1823 1560 1851 illas
1569 1830 1648 1851 voces
1657 1831 1726 1850 esse

925 1872 1085 1904 asserimus,
1096 1879 1145 1899 nec
1160 1871 1304 1898 divinitate
1321 1869 1472 1905 spoliantes
1486 1869 1628 1904 templum,
1642 1869 1715 1904 quod

926 1924 960 1944 ex
976 1921 1069 1943 sancta
1085 1915 1198 1952 Virgine
1212 1919 1265 1947 est,
1280 1923 1331 1942 nec
1345 1915 1403 1941 sine
1412 1921 1497 1941 carne
1526 1918 1654 1948 putantes
1668 1913 1720 1940 Dci-

927 1961 1016 1989 Patris
1031 1961 1147 1989 Verbutn
1169 1966 1230 1995 post.
1246 1960 1408 1987 inelfahilem
1436 1959 1597 1987 unitionem.
1621 1959 1715 1987 Admi-

927 2015 973 2035 ror
983 2012 1072 2035 autem
1085 2007 1168 2042 quod,
1185 2006 1309 2042 quamvis
1320 2006 1396 2033 valde
1407 2007 1514 2033 curiose
1532 2005 1719 2040 inquirentcs,

927 2058 965 2086 et,
980 2058 1009 2081 ut
1033 2053 1213 2085 arbitrantur,
1239 2052 1376 2080 subtiliter
1410 2052 1597 2079 examinantes
1638 2059 1715 2078 meas

928 2099 1068 2134 epistolas,
1086 2107 1256 2134 quaecunque
1266 2099 1292 2125 in
1302 2098 1343 2126 eis
1357 2103 1421 2126 sunt
1431 2098 1506 2125 utilia
1521 2102 1549 2124 et
1562 2097 1719 2124 necessaria.

928 2143 962 2171 ad
975 2142 1212 2171 demonstrandam
1227 2143 1382 2176 dogmatum
1395 2142 1582 2168 rectitudinem
1607 2145 1634 2167 et
1657 2140 1724 2168 dili—

929 2190 1057 2225 gentiam,
1098 2189 1220 2216 volentes
1257 2192 1434 2222 praetereunt;
1471 2187 1595 2214 insiliunt
1623 2191 1714 2214 autem

83 2240 236 2275 νομίζουσι,
255 2241 361 2274 λεπτῶς
387 2231 576 2277 βασανίζοντες
584 2231 709 2279 regem;
719 2244 827 2272 ὲπιστολ

970 2235 1139 2270 imptissime,
1155 2233 1176 2261 si
1189 2241 1241 2268 qua
1266 2233 1332 2267 ipsis
1347 2232 1389 2259 vel
1408 2232 1549 2259 minimam
1576 2231 1714 2266 conjectu-

83 2286 118 2312 τὰ
136 2286 187 2321 μὲν
203 2287 254 2313 ὃσα
265 2286 339 2313 ἐστὶν
352 2287 381 2314 ἐν
389 2287 484 2319 αὑταῖς
495 2288 619 2324 χρήσιμά
632 2296 661 2314 τε
676 2288 723 2315 καὶ
737 2289 874 2322 ἀναγκαῖα

85 2332 154 2368 πρὸς
169 2332 307 2365 ἀπόδειξιν
325 2333 375 2368 τῆς
385 2333 439 2360 τῶν
458 2333 602 2369 δογμάτων
618 2333 764 2369 ὀρθότητός
780 2343 810 2361 τε
827 2334 875 2361 καὶ

85 2377 240 2412 ἀκριϐείας,
260 2378 399 2410 ἐθέλοντες
418 2377 649 2414 παρατρέχουσιν,
675 2379 829 2415 ἐπιπηδῶσι
846 2380 875 2407 δὲ

86 2424 132 2450 καὶ
141 2423 214 2458 μάλα
222 2423 332 2459 γοργῶς
350 2425 407 2456 τοῖς
419 2424 473 2451 κᾶν
493 2424 557 2459 γοῦν
572 2425 664 2460 ἰσχνὴν
692 2425 799 2461 ἔχουσιν
822 2426 875 2452 ὺπ-

87 2469 175 2503 οψίαν,
196 2470 268 2497 κατά
285 2478 318 2504 γε
329 2469 360 2497 τὺ
378 2470 469 2502 αὐτοῖς
482 2469 587 2502 δοκοῦν,
601 2470 640 2502 εἰς
655 2471 686 2497 τὸ
699 2470 828 2498 δύνασθαι
844 2471 877 2497 δι’

87 2514 175 2540 αὐτῶν
218 2514 268 2546 τὰς
301 2514 363 2541 καθ’
400 2514 478 2549 ἡμῶν
518 2515 654 2541 ποιεῖσθαι
684 2514 876 2549 συκοφαντίας,

88 2561 269 2596 Μεμνήσομαι
282 2559 312 2586 δὲ
324 2559 380 2586 τῶν
391 2559 510 2595 ἐμαυτοῦ
530 2560 619 2596 ῥητῶν
635 2565 658 2586 κ.
682 2560 810 2596 Γέγραφα
823 2560 878 2595 γὰρ

88 2606 171 2637 οὕτως
189 2606 220 2632 ὲν
234 2607 268 2641 τῇ
284 2605 355 2641 πρὸς
365 2605 513 2640 Νεστόριον
531 2606 658 2641 ἐπιστολῇ
668 2613 675 2620 ⁸
685 2605 741 2638 Τὰς
756 2606 785 2632 δέ
801 2615 833 2640 γε
847 2607 875 2632 ὲν

88 2654 138 2684 τοῖς
170 2652 351 2687 Εὑαγγελὶοις
378 2651 425 2678 τοῦ
448 2651 573 2687 Σωτῆρος
601 2651 678 2687 ἡμῶν
701 2651 793 2686 φωνὰς
813 2651 876 2678 οὔτε

930 2289 985 2308 ram
998 2280 1119 2316 praebere
1135 2280 1291 2311 videantur,
1306 2286 1339 2305 ex
1358 2277 1422 2312 ipsis
1431 2283 1527 2305 contra
1544 2285 1595 2305 nos
1611 2278 1715 2304 calum-

931 2327 990 2354 nias
1012 2326 1119 2354 contexi
1135 2333 1224 2361 posse.
1238 2324 1464 2352 Commemorabo
1477 2329 1566 2351 autem
1600 2329 1628 2351 et
1655 2331 1722 2350 mea.

930 2373 1023 2405 verba,
1038 2380 1098 2407 quae
1109 2373 1148 2399 sic
1162 2372 1189 2399 in
1202 2371 1315 2406 epistola
1344 2371 1378 2398 ad
1406 2370 1561 2397 Nestorium
1590 2370 1684 2404 scripsi
1704 2377 1712 2395 :

931 2419 1016 2447 Voces
1025 2424 1113 2446 autem
1125 2418 1274 2446 Salvatoris
1289 2418 1373 2446 nostri
1387 2418 1413 2446 in
1440 2417 1602 2452 Evangeliis,
1629 2424 1724 2451 neque-

932 2465 1092 2493 substantiis
1108 2465 1222 2496 duabus,
1240 2471 1326 2498 neque
1358 2469 1433 2491 certe
1458 2464 1562 2491 duabus
1594 2462 1719 2498 personis

931 2511 1118 2539 distribuimus
1149 2511 1214 2546 (non
1228 2511 1300 2538 enim
1317 2510 1416 2545 duplex
1427 2515 1470 2538 est
1497 2517 1566 2537 unus
1592 2514 1620 2537 et
1642 2509 1716 2537 solus

929 2557 1066 2589 Christus,
1080 2557 1186 2585 etiamsi
1200 2565 1233 2584 ex
1249 2557 1353 2584 duabus
1366 2561 1393 2584 et
1406 2556 1521 2584 diversis
1540 2556 1618 2583 rebus
1637 2554 1723 2582 intel»

930 2603 1027 2637 ligatur
1044 2603 1070 2630 iu
1083 2603 1210 2631 unitatem
1221 2603 1410 2630 ludivisibilem
1425 2602 1611 2635 coadunatus;
1624 2608 1716 2636 quem-

928 2650 1071 2676 admodum
1101 2650 1205 2677 scilicet
1228 2655 1255 2677 et
1269 2650 1349 2678 homo
1368 2657 1403 2677 ex
1414 2650 1504 2677 anima
1518 2648 1676 2683 intelligitur
1688 2652 1717 2674 ct

625 2759 711 2787 Variae
723 2758 854 2787 lectiones
866 2765 899 2785 ex
914 2758 1007 2786 codice
1023 2758 1207 2794 Seguieriauo.

125 2864 140 2884 δ
160 2862 326 2899 προσώποις
345 2861 432 2894 δυσὶν,
450 2860 476 2896 ἡ.
512 2865 522 2879 ε
537 2859 660 2896 Υιδνριαὶ
678 2857 906 2893 ἐπιλαμϐάνεσθαι.
938 2856 951 2876 ἀ
969 2857 1006 2888 ὼς
1018 2865 1072 2888 τις.

1107 2862 1118 2876 ε
1135 2857 1166 2883 οὐ
1181 2856 1338 2888 διιστάντες.
1361 2856 1371 2876 ¹
1385 2857 1414 2884 οὐ
1434 2856 1489 2883 δύο.
1530 2857 1543 2876 ε
1561 2856 1702 2892 ῥημάτων.
