1894 3056
81 140 145 168 935

664 147 804 176 CONTRA
821 149 996 179 JULIANUM
1018 152 1081 179 LIB.
1104 153 1172 181 VIII.

1681 162 1734 190 ξ,πᾶ

81 202 185 228 πᾶῖαν
203 211 251 236 την
267 203 330 237 γῆν.
347 213 356 229 ι
367 203 450 239 Ὁρᾷς
464 204 538 235 ὅπως
553 204 619 231 Θεδν
639 205 688 232 καὶ
705 207 808 242 Κύριον
832 207 893 242 ὖψι-
909 214 930 240 Α
945 214 1019 236 ster:
1035 218 1086 237 non
1100 212 1158 238 testi

945 214 1019 236 ster:
1035 218 1086 237 non
1100 211 1284 239 aestimabitur
1303 213 1374 240 alius
1389 214 1422 241 ad
1433 222 1506 243 eum.
1517 216 1662 245 Adinvenit
1675 227 1735 246 om-

81 247 157 273 στόν
179 256 209 274 τε
225 248 272 274 καὶ
287 248 399 283 βασιλέα
416 249 462 276 τὸν
477 251 506 276 ἐν
523 251 606 286 σαρκὶ
631 253 772 287 πεφηνότα
789 254 887 287 καλεί;

81 291 126 319 ’Ὀ
141 300 174 326 γε
192 294 245 328 μὴν
259 293 289 326 ἐξ
300 294 382 320 αὑτοῦ
399 295 519 329 γεγονὼς
535 296 593 327 υἱὸς
606 296 743 332 Σολομῶν,
754 298 804 333 τὴν
814 299 889 333 παρὰ

80 336 159 363 Θεοῦ
177 338 302 364 δοθεῖσαν
321 339 467 374 ὑπόσχεσιν
493 341 543 367 οὐκ
568 341 722 376 ἡγνοηκὼς,
740 342 812 370 οὕτω
837 344 888 371 πού

81 391 159 418 φησι
171 384 221 415 τὰς
237 384 305 419 πρὸς
316 384 382 411 Θεὸν
399 385 541 420 ἱκετηρίας
555 387 702 414 ἀνατείνων
713 397 719 402 ·
736 400 745 414 1
762 389 816 415 Καὶ
829 390 887 421 νῦν,

81 428 179 464 Κύριε
206 431 220 456 ὀ
244 430 310 462 Θεὸς
332 431 450 467 Ἰσραὴλ,
470 432 635 467 πιστωϐήτω
647 434 678 469 δὴ
698 435 728 461 τὸ
752 436 828 470 ῥῆμά
841 445 887 462 σου

80 474 129 509 τῷ
151 476 235 502 Δαϐὶδ
259 477 344 512 πατρῖ
360 486 422 512 μου,
440 479 463 504 εἰ
479 478 587 513 ἀληθῶς
610 481 769 514 κατοικήσει
791 482 805 506 ὀ
822 481 888 513 Θεὸς

85 521 162 555 μετὰ
179 521 332 558 ἀνθρώπων
347 524 395 550 ἐπὶ
411 523 462 558 τῆς
474 524 535 559 γῆς.
554 534 563 549 ι
580 525 666 551 Τοῦτο
685 526 731 551 καὶ
745 527 758 552 ὀ
780 526 888 562 Βαροὺχ

83 569 279 604 κατεσήμηνε,
294 569 380 604 λέγων
391 578 397 584 ·
417 579 425 594 ι
440 566 526 601 Οὗτος
542 571 556 596 ὁ
578 570 643 602 Θεὸς
660 571 738 606 ἡμῶν
748 580 755 587 ο
772 572 801 597 οὐ
816 573 889 606 λογι-

84 613 222 648 σθήσεται
249 615 342 649 ἕτερος
369 615 437 650 πρὸς
463 616 554 642 αὐτόν.
580 616 689 652 Ἐξεῦρε
716 617 807 644 πᾶσαν
830 618 888 644 ὁδὸν

85 659 260 695 ἐπιστήμης,
272 661 319 687 καὶ
331 660 430 687 ἔδωκεν
444 662 528 697 αὐτὴν
543 661 642 688 Ἰακὼϐ
655 663 694 698 τῷ
706 663 781 689 παιδὶ
793 663 887 696 αὑτοῦ,

82 705 136 731 καὶ
176 706 284 741 Ἰσραὴλ
310 706 348 741 τῷ
366 707 537 742 ἠγαπημένῳ
563 708 609 733 ὑπ’
625 708 718 735 αὑτοῦ.
744 709 798 735 Καὶ
820 709 888 744 μετά

81 749 176 777 ταῦτα
205 752 252 778 ἐπὶ
290 752 339 786 τῆς
363 752 413 786 γῆς
436 752 515 787 ὤφθη
532 772 539 784 ,
573 754 620 780 καὶ
643 756 700 786 τοῖς
725 754 880 790 ἀνθρώποις

84 796 309 831 συνανεστράφη.
327 806 335 822 ι
346 796 412 823 Ἰδοὺ
429 797 460 833 δὴ
482 800 529 823 καὶ
544 795 622 830 οὗτος
637 797 666 826 εὖ
683 799 755 834 μάλα
775 800 823 826 καὶ
838 808 886 826 σα-

84 840 148 874 φῶς
172 841 238 867 Θεὺν
259 842 305 868 ἐπὶ
319 843 372 877 γῆς
386 840 476 877 ὦφθαι
492 852 569 878 φησι,
585 846 841 880 συναναστραφῆναι
857 855 886 872 τε

941 264 1002 283 nem
1017 257 1086 283 viam
1099 258 1232 291 soientim,
1248 263 1274 286 et
1288 260 1361 287 dedit
1376 268 1436 288 eam
1448 261 1532 290 .Iacob
1558 271 1644 298 puero
1667 273 1729 297 suo,

942 308 969 329 et
992 302 1074 330 Israel
1103 304 1203 332 dilecto
1229 313 1279 333 suo
1291 306 1325 333 ".
1346 306 1378 333 Et
1406 313 1497 342 postea
1520 318 1603 344 super
1630 318 1730 340 terram

940 349 1013 376 visus
1029 355 1080 382 est,
1099 355 1125 378 et
1140 359 1199 378 cum
1213 352 1370 380 lt0minibns
1399 361 1577 384 conversatus
1601 363 1643 385 est
1657 359 1690 386 ⁸⁸.
1716 369 1725 384 ι

941 395 979 421 En
996 397 1046 423 iste
1061 404 1168 432 quoque
1182 398 1255 425 clare
1269 399 1416 426 admodum
1439 401 1523 427 Deum
1540 403 1566 429 in
1594 408 1665 430 terra
1691 405 1732 430 vi-

940 446 999 465 sum
1018 448 1077 466 esse
1092 436 1272 474 praulioat,'ct
1288 449 1480 472 convursatnm
1494 454 1556 473 esse
1570 455 1629 474 Clllll
1642 449 1730 476 homi-

941 485 1030 511 nibus.
1049 486 1083 512 At
1099 487 1183 513 Isaias
1201 489 1360 521 stupendum
1379 489 1436 522 ejus
1458 491 1483 517 in
1500 499 1582 519 carne
1596 494 1732 521 nativita-

940 533 992 555 tem
1010 532 1190 564 annnntiavit,
1215 533 1307 561 dicens
1322 542 1329 561 :
1350 543 1359 560 ι
1379 535 1446 562 ECce
1458 537 1534 571 virgo
1550 538 1575 565 in
1592 545 1668 567 utero
1682 540 1730 567 ha-

940 575 1024 608 bebit,
1049 581 1076 603 et
1107 578 1194 611 pariet
1226 578 1321 610 ﬁlium,
1353 585 1381 607 et
1397 582 1530 609 vocabunt
1547 592 1643 611 nomen
1671 586 1730 620 ejus

943 620 1113 654 Emmanuel,
1137 622 1189 650 hoc
1214 629 1267 655 est,
1287 625 1431 653 Nobiscum
1461 627 1532 655 Deus
1548 629 1580 657 ".
1609 640 1619 657 ι
1641 629 1726 660 Item:

942 676 952 692 ι
966 667 1177 701 Confortamiui,
1198 678 1293 698 manus
1309 673 1429 700 remissa:
1445 678 1471 701 et
1482 682 1567 710 genua
1584 677 1726 709 dissoluta.

939 713 1129 746 consolamiui,
1147 715 1334 750 pusillanimes
1358 723 1457 753 metite,
1476 720 1678 754 confortatnini,
1696 732 1728 750 ne

941 757 1073 791 linteatis;
1098 766 1161 786 ecce
1193 760 1262 788 Deus
1287 767 1395 791 noster:
1427 771 1492 791 ecce
1507 764 1637 793 Domintts
1665 775 1726 794 cum

941 802 1101 831 fortitudine
1118 805 1218 837 reniet,
1230 811 1258 833 et
1281 807 1423 835 brachium
1442 817 1502 837 cum
1522 812 1641 845 potentia
1656 813 1692 839 "'.
1714 823 1726 839 ι

939 847 971 876 Et
989 857 1100 877 rursus:
1116 859 1125 876 ι
1143 851 1219 878 Tunc
1233 853 1391 886 aperientur
1420 856 1490 882 octtli
1519 864 1663 890 cmcorum,
1693 866 1721 886 et

82 889 145 919 τοῖς
170 889 199 915 ἐν
224 889 429 924 αὑτῇ.Ὴσαΐας
445 898 477 924 γε
495 889 548 925 μὴν
562 891 612 926 τὴν
631 891 786 927 παράδοξον
803 892 886 918 αὑτοῦ
903 893 924 920 Β
938 901 1019 921 aures
1033 895 1159 922 surdorur

938 901 1019 921 aures
1033 895 1176 922 surdorum
1189 896 1300 924 audient
1317 906 1324 924 :
1342 903 1405 925 tunc.
1421 899 1510 930 saliet.
1529 902 1597 928 sicut
1616 910 1726 936 cervus.

82 933 161 959 κατὰ
177 933 265 968 σάρκα
284 934 412 969 γέννησιν
424 936 632 971 εὐηγγελίσατο.
644 938 731 972 λέγων
741 945 749 954 ·
767 948 776 964 ι
788 938 854 965 Ἰδοὺ
868 940 885 974 ἡ

83 979 225 1013 παρθένος
243 980 272 1006 ἐν
286 981 386 1016 γαστρὶ
403 980 459 1014 ἕξει
469 1001 476 1012 ,
495 982 543 1008 καὶ
556 982 664 1014 τέξεται
678 984 735 1010 υἱόν
747 992 755 999 ·
770 984 816 1011 καὶ
833 993 885 1010 κα-

82 1025 197 1051 λέσουσι
211 1026 240 1052 τὸ
253 1026 338 1061 ὄνομα
351 1027 434 1053 αὑτοῦ
457 1027 642 1064 Ἐμμανουήλ,
659 1030 792 1062 τουτέστι,
809 1031 881 1057 Μεθ’

83 1071 290 1106 ήμῶνόΘεός.
307 1082 316 1098 ι
337 1073 391 1099 Καὶ
404 1074 499 1100 πάλιν’
516 1083 524 1099 ι
537 1074 687 1109 Ίσχύσατε,
706 1078 795 1111 χεῖρες
810 1076 884 1103 ἀνει-

84 1117 180 1151 μέναι.
194 1118 241 1144 καὶ
263 1118 364 1152 γόνατα
383 1120 606 1155 παραλελυμένα,
624 1122 844 1158 παρακαλέσατε,
857 1123 882 1150 οἱ

82 1163 244 1198 ὸλιγόψυχοι
257 1165 289 1200 τῇ
304 1164 419 1200 διανοίᾳ,
437 1166 576 1200 ἰσχύσατε,
593 1166 631 1201 μὴ
644 1167 780 1201 φοϐεῖσθε.
791 1168 856 1195 Ἰδοὺ
869 1170 883 1195 ὁ

83 1208 154 1240 Θεὸς
167 1208 247 1244 ἡμῶν
257 1217 264 1224 ⁸
285 1209 340 1236 ιδοὺ
363 1210 466 1245 Κύριος
484 1211 553 1246 μετὰ
568 1212 660 1247 ἰσχύος
674 1212 795 1248 ἔρχεται,
809 1214 855 1240 καὶ
868 1214 882 1240 ὁ

84 1254 209 1290 βραχίων
225 1255 295 1290 μετὰ
310 1257 418 1292 κυρίας.
435 1265 444 1282 ›
464 1257 518 1284 Καὶ
533 1258 614 1284 πάλιν
626 1267 634 1274 ο
655 1268 664 1284 ι
676 1259 742 1285 Τότε
757 1260 882 1295 ἀνοιχϐή-

84 1309 180 1327 σονται
197 1301 332 1336 ὀφθαλμοὶ
348 1303 466 1337 τυφλῶν,
485 1304 532 1330 καὶ
555 1303 613 1331 ὦτα
636 1305 736 1339 κωφῶν
750 1306 881 1332 ἀκούσον-

82 1355 150 1373 ται”
175 1347 235 1374 τότε
260 1348 365 1375 ἁλεϊται
388 1349 426 1380 ὡς
450 1349 550 1384 ἔλαφος
575 1352 589 1377 ὁ
614 1350 710 1386 χωλὸς,
729 1352 775 1378 καὶ
796 1351 881 1388 τρανῆ

83 1393 163 1420 ἔσται
191 1393 301 1428 γλῶσσα
331 1395 494 1429 μογιλάλων.
518 1407 526 1422 ι
557 1397 611 1424 Καὶ
642 1397 741 1424 πάλιν
777 1398 880 1436 «Φωνὴ

83 1438 205 1473 βοῶντος
222 1441 251 1466 ὲν
267 1442 298 1476 τῇ
311 1441 416 1476 ἐρήμῳ·
439 1442 675 1479 Ἑτοιμάσατετὴν
697 1444 756 1471 ὁδὸν
765 1445 878 1481 Κυρίου,

82 1485 194 1517 εὐθείας
211 1488 313 1512 ποιεῖτε
337 1487 385 1518 τὰς
408 1487 517 1521 τρίϐους
532 1488 578 1514 τοῦ
591 1489 658 1515 Θεοῦ
671 1489 760 1525 ἡμῶν.
777 1500 786 1515 ι
807 1491 836 1517 ’0
849 1491 879 1527 δὴ

82 1532 133 1558 καὶ
167 1532 308 1567 πέπραχεν
339 1534 353 1559 ὀ
380 1533 524 1566 θεσπέσιος
554 1534 710 1570 Βαπτιστὴς
739 1536 877 1572 Ἰωάννης.

938 938 1074 967 claudus:
1106 945 1133 968 et
1158 941 1284 976 expedita
1309 943 1359 970 erit
1387 944 1477 979 lingua
1513 946 1696 976 halbornm'l‘.
1714 960 1723 976 ι

936 983 1021 1012 Item:
1046 994 1056 1011 ι
1078 985 1134 1013 Vox
1150 986 1293 1015 clamantis
1318 989 1344 1015 in
1373 989 1502 1019 deserto:
1527 992 1625 1021 Parate
1654 995 1724 1022 viam

936 1029 1053 1063 Domini,
1075 1037 1164 1058 rectas
1178 1031 1259 1059 facile
1269 1034 1379 1061 semitas
1395 1035 1441 1062 Dei
1466 1038 1549 1065 nostri
1564 1038 1600 1065 τ’.
1616 1048 1626 1065 ι
1646 1039 1729 1073 ριιιιιΐ

936 1075 1056 1109 profecto
1077 1077 1141 1104 fecit
1156 1078 1239 1105 etiam
1259 1079 1372 1107 divinus
1392 1081 1435 1107 ille
1450 1082 1568 1111 Joannes
1593 1083 1723 1120 Baptista.

937 1121 1043 1157 Quippe
1057 1131 1118 1150 cum
1135 1124 1334 1159 interrogarent
1352 1126 1426 1153 illtnn
1451 1128 1546 1160 Iudici,
1564 1131 1624 1164 quis
1640 1138 1723 1164 esset.

933 1172 961 1194 et
975 1176 1042 1203 quas
1061 1168 1095 1196 ob
1110 1177 1152 1197 res
1168 1171 1266 1198 missus
1277 1177 1360 1205 esset,
1390 1174 1541 1203 declaravit
1567 1182 1670 1212 aperte,
1685 1180 1723 1205 di-

934 1221 1048 1241 censzt
1086 1216 1142 1251 I‘igo
1167 1224 1217 1244 vox
1244 1217 1387 1246 clamantis
1413 1221 1438 1247 in
1470 1222 1589 1255 deserto,
1629 1229 1723 1259 parate

934 1261 1004 1286 viam
1023 1261 1128 1289 Domini
1147 1262 1180 1289 ⁷³.
1205 1273 1213 1289 ι
1234 1263 1319 1292 Porro
1333 1265 1478 1294 incarnalo
1507 1268 1651 1303 Unigenito
1674 1279 1723 1298 vo-

934 1302 1068 1329 cationem
1081 1311 1188 1339 quoque
1214 1306 1333 1340 gentium
1357 1308 1506 1342 perfectum
1523 1302 1571 1344 iri,
1596 1315 1723 1346 probavit

934 1347 1025 1375 dicens
1040 1357 1047 1375 :
1070 1358 1078 1374 ι
1090 1349 1190 1377 Gentes
1202 1370 1209 1382 .
1226 1359 1286 1386 quae
1308 1355 1475 1387 nesciebant,
1498 1357 1659 1386 invocabant
1674 1366 1699 1387 le
1713 1371 1720 1389 ε

933 1397 959 1419 et
991 1394 1093 1429 populi,
1127 1397 1172 1431 qui
1210 1397 1369 1431 ignorabant
1400 1401 1481 1436 283
1509 1403 1541 1429 ad
1573 1408 1598 1431 te
1624 1406 1720 1432 confu-

932 1441 1003 1475 gieut
1019 1442 1053 1469 ⁷⁸.
1074 1451 1083 1468 ι
1101 1443 1176 1470 Alius
1207 1451 1337 1479 praeterea
1364 1454 1396 1473 ex
1427 1450 1529 1477 sanctis
1555 1453 1718 1487 prophetis:

934 1495 943 1511 ι
964 1485 1078 1520 Lretare,
1095 1489 1193 1524 inquit,
1209 1497 1235 1518 et
1247 1492 1361 1524 cxsnlta,
1381 1494 1433 1520 lilia
1462 1494 1538 1529 Sion,
1566 1485 1627 1530 quia
1656 1507 1720 1527 ecce

934 1533 1022 1566 venio,
1040 1538 1067 1561 et
1085 1534 1212 1563 habitabo
1232 1538 1258 1564 in
1280 1540 1369 1565 lltt'tllt)
1399 1541 1447 1572 tui,
1474 1543 1539 1568 dicit
1569 1543 1718 1578 Dominus;

89 1577 245 1613 Ἐρομένων
266 1576 311 1604 οὖν
326 1577 380 1604 τῶν
396 1579 531 1605 Ἰουδαίων
545 1580 637 1612 αὑτὸν,
656 1581 698 1612 τίς
714 1581 747 1607 ἂν
763 1582 816 1617 εἴη,
832 1584 878 1609 καὶ
893 1573 913 1602 C
931 1584 957 1605 et
972 1579 1073 1614 fugient
1088 1587 1159 1616 genu

934 1584 957 1605 et
972 1579 1073 1614 fugient
1088 1587 1183 1616 gentes
1198 1583 1288 1610 multa:
1308 1585 1339 1611 ad
1356 1585 1497 1614 Dominum
1515 1589 1540 1615 in
1559 1590 1602 1617 die
1618 1591 1674 1624 illo,
1693 1599 1720 1619 et

82 1623 132 1649 ἐπὶ
158 1622 228 1649 τίσιν
253 1624 404 1659 ἀπεστάλη,
420 1625 624 1661 διαμεμήνυκεν
649 1627 782 1662 ἐναργῶς,
808 1628 880 1656 οὓτω

87 1668 193 1702 λέγων·
213 1679 221 1694 ι
234 1668 304 1703 Ἐγὼ
324 1671 399 1705 φωνὴ
419 1670 535 1705 βοῶντος
550 1673 578 1698 ὲν
595 1674 628 1708 τῇ
644 1673 755 1708 ὲρήμῳ¹
773 1683 782 1700 ι
795 1675 879 1702 Ἑτοι-

85 1716 192 1749 μάσατε
218 1716 268 1750 τὴν
294 1715 352 1743 όόὸν
378 1717 492 1752 Κυρίου.
509 1719 586 1744 »Ὅτι
603 1719 631 1745 δὲ
653 1719 776 1753 ἔμελλεν,
801 1721 879 1748 ἐναν-

83 1761 281 1797 θρωπήσαντος
300 1762 348 1789 τοῦ
364 1763 544 1797 Μονογενοῦς,
557 1765 604 1791 καὶ
618 1766 634 1800 ἡ
650 1765 704 1792 τῶν
719 1766 806 1793 ἐθνῶν
817 1776 878 1794 κατ·

82 1807 231 1842 ορθοῦσθαι
256 1808 363 1843 κλῆσις,
379 1809 638 1845 πεπληροφόρηκεν,
654 1810 756 1838 εἰπὼν·
776 1813 877 1848 (Ἔϐνη

83 1853 102 1880 ἂ
132 1854 183 1880 οὒκ
210 1854 313 1880 οἴδασιν
339 1855 546 1881 ἐπικαλέσονταί
573 1864 619 1882 σε·
642 1857 688 1883 καὶ
702 1857 771 1889 λαοὶ,
787 1858 811 1884 οἳ
828 1859 877 1885 οὐκ

83 1899 246 1927 ἐπίστανται
259 1901 305 1926 ἐπὶ
317 1900 346 1926 σὲ
365 1901 592 1935 καταφεὺξονται.
616 1911 625 1928 ι
644 1902 758 1938 Ἕτερός
779 1912 810 1938 γε
823 1904 877 1939 μὴν

82 1945 138 1973 τῶν
151 1946 237 1980 ἁγίων
253 1947 409 1982 προφητῶν·
425 1957 434 1973 ι
450 1948 622 1983 Τέρπου,καὶ
632 1949 873 1985 εὐφραίνου,φησὶ,

83 1992 204 2028 θύγατερ
227 1993 305 2023 Σιὼν,
320 1993 360 2019 ὃτι
383 1993 436 2020 ἰδοὺ
454 1993 581 2029 ἔρχομαι,
595 1995 642 2021 καὶ
671 1996 876 2031 κατασκηνώσω

81 2039 113 2065 l9
129 2037 205 2074 μέσῳ
219 2047 277 2070 σου,
291 2038 365 2072 λέγει
379 2038 496 2074 Κύριος·
513 2039 559 2065 καὶ
577 2040 792 2074 καταφεύξονται
806 2041 871 2076 ἔθνη

82 2083 170 2110 πολλὰ
187 2084 232 2110 ἐπὶ
249 2084 294 2110 τὸν
311 2083 412 2120 Κύριον
429 2084 457 2110 ὲν
473 2085 506 2119 τῇ
523 2085 614 2120 ἡμέρᾳ
626 2086 728 2122 ἐκείνῃ,
745 2086 793 2112 καὶ
806 2086 876 2112 ἔσον-

81 2137 126 2156 ιται
136 2128 210 2164 αὑτῷ
218 2130 257 2160 εἰς
267 2129 337 2156 λαόν.
345 2139 354 2155 ι
364 2130 418 2156 Καὶ
433 2130 514 2161 αὐτὸς
529 2130 557 2156 δέ
568 2130 619 2157 πού
631 2139 713 2165 φησιν
721 2131 735 2157 ὁ
743 2131 796 2158 τῶν
807 2131 875 2158 ὅλων

81 2175 148 2206 Θεὸς
166 2175 254 2209 ἁγίοις
268 2177 422 2211 προφήταις
436 2185 442 2190 ·
462 2185 471 2200 ι
490 2175 590 2202 Εἴπατε
607 2178 640 2212 τῇ
657 2177 772 2212 θυγατρὶ
784 2177 853 2205 Σιών
866 2185 872 2193 ·

87 2219 154 2246 Ἰδοὺ
170 2221 184 2246 ὀ
199 2219 328 2254 βασιλεύς
342 2228 391 2246 σου
405 2220 515 2255 ἔρχεταί
529 2229 570 2247 σοι
583 2220 687 2252 δίκαιος
704 2222 750 2248 καὶ
763 2221 855 2254 σώζων
866 2231 872 2237 -

81 2266 162 2297 αὐτὸς
179 2265 266 2301 πραῢς
282 2265 329 2292 καὶ
344 2265 517 2300 ἐπιϐεϐηκὼς
539 2266 585 2292 ἐπὶ
608 2266 700 2299 ζύγιον
714 2267 762 2293 καὶ
782 2268 872 2295 πῶλον

81 2311 151 2338 νέον.
168 2312 284 2346 »Ἀνέϐη
313 2312 368 2347 γὰρ
392 2312 479 2343 οὕτως
501 2313 540 2343 εἰς
559 2313 730 2348 Ἰεροσόλυμα
743 2313 871 2348 Χριστὸς,

81 2357 214 2392 ἑφιζήσας
234 2357 272 2392 τῷ
293 2357 386 2393 πώλῳ.
401 2358 498 2392 Δανιήλ
527 2366 557 2391 γε
581 2358 634 2393 μὴν
658 2359 672 2385 ὁ
697 2358 850 2393 σοφώτατος
863 2368 871 2375 ο

931 1629 1011 1651 erunt
1038 1626 1061 1652 ei
1096 1626 1120 1652 in
1145 1629 1271 1662 pepulum
1289 1630 1320 1656 ".
1341 1640 1350 1655 ι
1382 1631 1440 1664 Ipse
1466 1641 1575 1668 quoque
1600 1636 1719 1664 universi

933 1671 1000 1698 Deus
1013 1672 1115 1699 sanctis
1134 1674 1274 1708 prophetis
1306 1676 1343 1702 ait
1370 1677 1489 1705 alicubi:
1508 1688 1517 1704 ι
1542 1679 1626 1707 Dicite
1659 1682 1720 1709 tiliae

931 1716 1012 1744 Sion:
1031 1717 1099 1744 Ecce
1114 1726 1157 1745 rex
1174 1725 1235 1747 tnns
1255 1722 1327 1747 venit
1343 1721 1389 1749 tibi
1403 1723 1504 1757 justus,
1530 1731 1556 1751 et
1583 1727 1693 1754 salvaus
1709 1738 1716 1756 :

930 1761 987 1795 ipse
1004 1769 1169 1794 mansuetus.
1184 1770 1210 1791 et
1226 1767 1377 1795 ascendens
1402 1777 1484 1804 super
1502 1771 1671 1806 suhjngalem
1691 1780 1719 1801 et

930 1807 1030 1841 pullunt
1064 1817 1160 1837 novum
1179 1811 1213 1837 ”.
1231 1820 1241 1836 ι
1275 1812 1321 1839 Sic
1346 1814 1417 1840 enim
1445 1815 1571 1844 Christus
1595 1820 1719 1846 ascendit

930 1853 1114 1890 Hierosolyma
1131 1856 1203 1890 pullo
1228 1858 1360 1887 insidens.
1393 1859 1485 1888 Daniel
1515 1870 1578 1890 vero
1609 1865 1652 1892 ille
1672 1874 1717 1892 sa-

929 1900 1114 1935 pientissimus
1130 1911 1136 1929 :
1152 1911 1160 1927 ι
1180 1903 1212 1930 Ει
1229 1903 1405 1938 aspiciebat",
1426 1907 1524 1942 inquit.
1552 1910 1577 1936 in
1611 1912 1717 1939 visione

929 1947 1026 1979 noctis,
1043 1951 1143 1975 etccce
1157 1956 1217 1975 cum
1234 1950 1350 1978 nubibus
1373 1952 1445 1985 cteli,
1462 1955 1539 1987 quasi
1556 1955 1644 1983 Filius
1669 1958 1717 1984 ho-

929 1990 1009 2017 minis
1023 1991 1142 2025 veniens,
1157 1997 1183 2020 et
1197 2002 1283 2029 usque
1298 1996 1330 2022 ad
1347 1995 1494 2032 Antiquam
1520 2001 1625 2028 dierum
1648 2011 1711 2036 per-

928 2037 1003 2063 venit
1020 2046 1026 2064 :
1043 2041 1069 2064 et
1083 2046 1174 2066 coram
1191 2040 1248 2075 ipso
1262 2041 1395 2069 adductus
1409 2049 1460 2076 est,
1478 2050 1504 2071 et
1530 2047 1608 2074 datus
1620 2054 1661 2075 est
1689 2050 1713 2076 ei

928 2082 1106 2116 principatus,
1119 2090 1146 2112 et
1158 2085 1254 2118 honor,
1271 2091 1298 2113 et
1310 2095 1441 2121 regnum:
1460 2095 1487 2117 et
1514 2099 1610 2119 onmes
1625 2095 1714 2121 tribus

927 2132 953 2155 et
970 2128 1067 2161 lingua:
1079 2130 1128 2163 ipsi
1140 2131 1304 2159 servient".
1327 2142 1336 2158 ι
1354 2133 1472 2162 Plurima
1493 2137 1545 2170 his,
1570 2140 1712 2173 qumdixi.

927 2173 977 2200 alia
989 2174 1059 2201 dicta
1079 2180 1235 2203 sanctorum
1251 2177 1370 2205 virorum
1394 2182 1610 2211 accumulassem
1640 2186 1714 2220 (tali-

927 2219 977 2247 ltus
991 2220 1063 2247 enim
1079 2221 1178 2248 referta
1193 2227 1234 2249 est
1248 2223 1337 2249 divina
1352 2224 1518 2262 Scriptura),
1538 2229 1590 2256 nisi
1606 2230 1631 2257 in
1646 2219 1712 2257 rani-

928 2274 1000 2293 mum
1014 2267 1178 2295 induxissem
1196 2269 1294 2296 nemini
1309 2269 1448 2299 fastidium
1460 2281 1511 2299 non
1524 2282 1620 2308 parcre
1630 2275 1712 2310 quod-

926 2321 1033 2347 cunque
1045 2318 1087 2341 est
1095 2314 1164 2340 ultra
1183 2316 1301 2343 modum.
1322 2316 1465 2345 Sulliciunt
1479 2325 1569 2348 autem
1594 2327 1622 2349 et
1636 2322 1712 2354 hate,

927 2359 1035 2393 opinor.
1047 2359 1102 2386 veri
1113 2359 1252 2388 studiosis.

84 2413 92 2427 ι
109 2404 164 2430 Καὶ
181 2402 261 2435 εἶδον,
278 2404 371 2438 φησὶν,
391 2403 421 2429 ἐν
435 2404 552 2438 ὁράματι
565 2404 614 2439 τῆς
628 2404 735 2437 νυκτὸς,
753 2405 800 2431 καὶ
811 2404 866 2431 ἰδοὺ
889 2405 957 2440 μετὰ
991 2404 1047 2431 τῶν
1081 2404 1201 2440 νεφελῶν
1222 2405 1270 2433 τοῦ
1285 2407 1412 2442 οὐρανοῦ,
1428 2408 1465 2440 ὠς
1485 2408 1548 2441 Υἱὸς
1568 2410 1711 2446 ἀνθρώπου

81 2449 239 2484 ἐρχόμενος,
251 2449 299 2475 καὶ
313 2449 365 2480 ἕως
375 2448 421 2475 τοῦ
435 2449 553 2475 Παλαιοῦ
566 2450 619 2476 τῶν
631 2450 743 2485 ἡμερῶν
756 2450 869 2484 ἔφθασε,
889 2451 937 2477 καὶ
949 2450 1064 2477 ἐνώπιον
1076 2451 1159 2477 αὑτοῦ
1170 2452 1355 2488 προσηνέχθη,
1382 2454 1430 2480 καὶ
1457 2455 1531 2490 αὐτῷ
1541 2456 1619 2490 ἐδόθη
1629 2456 1710 2492 ἁρχὴ,

82 2496 127 2521 καὶ
145 2496 161 2530 ἡ
181 2495 258 2531 τιμὴ,
277 2496 325 2522 καὶ
338 2496 354 2529 ἠ
373 2495 511 2530 βασιλεία“
531 2497 578 2522 καὶ
603 2498 690 2523 πᾶσαι
717 2498 798 2531 φυλαὶ
820 2498 868 2524 καὶ
887 2498 1008 2532 γλῶσσαι
1020 2498 1095 2533 αὐτῷ
1125 2499 1331 2527 δουλεύσουσι.»
1364 2501 1498 2533 Πλείστας
1510 2502 1532 2528 δ’
1547 2503 1580 2529 ἂν
1593 2504 1639 2530 καὶ
1654 2504 1712 2530 ἐτέ-

83 2550 141 2576 ρας,
159 2541 197 2572 ὡς
221 2542 299 2576 ἔφην,
315 2543 489 2578 ἐπεσώρευσα
514 2543 605 2578 φωνὰς
631 2544 736 2580 ἀνδρῶν
761 2545 867 2579 ἁγίων·
889 2545 1063 2580 μεμέστωται
1091 2545 1145 2581 γὰρ
1156 2546 1210 2572 τῶν
1224 2547 1352 2574 τοιούτων
1382 2547 1587 2582 ήθεόπνευστος
1599 2550 1691 2586 Γραφή
1703 2560 1709 2566 ·

81 2590 104 2615 ει
121 2589 158 2624 μὴ
171 2590 305 2618 ἐνενόουν,
322 2590 362 2616 ὅτι
376 2590 457 2616 παντί
472 2599 510 2626 τῳ
526 2591 626 2625 γένοιτ’
644 2591 676 2619 ἂν
691 2592 721 2618 τὸ
736 2592 806 2628 πέρα
824 2592 926 2628 μέτρου
945 2593 1237 2629 προσκορές.“Απὸχρη
1264 2594 1304 2626 δὲ,
1322 2592 1408 2629 οἶμαι,
1430 2595 1477 2621 καὶ
1497 2595 1582 2623 ταῦτα
1594 2598 1649 2628 τοῖς
1662 2597 1711 2632 τῆς

82 2637 208 2672 ἀληθείας
222 2637 424 2671 φιλοθεάμοσιν.

118 2684 179 2709 ’Ὁτι
193 2683 221 2710 δὲ
236 2684 282 2710 καὶ
297 2683 352 2710 τῶν
364 2686 427 2720 παρ’
439 2685 550 2722 Ἕλλησι
562 2686 714 2720 φιλοσόφων
731 2686 803 2718 τινὲς
816 2686 865 2713 οὐκ
955 2686 1032 2719 Quod
1050 2692 1140 2713 autcm
1157 2694 1159 2707 ι

955 2686 1032 2719 Quod
1050 2692 1140 2713 autem
1157 2686 1314 2714 Graecorum
1336 2688 1456 2714 mnmulli
1480 2690 1613 2722 sapientes
1639 2689 1708 2716 haud

108 2783 126 2798 "
145 2783 249 2809 Baruch
274 2790 315 2810 ttt.
335 2783 379 2813 56.
397 2784 441 2811 57.
481 2784 577 2811 ⁶⁸ἰΙιῙ(Ι.
598 2786 643 2812 58.

82 2817 160 2843 "Ita.
180 2826 224 2848 XL.
240 2818 266 2844 3.
319 2819 341 2834 ’³
361 2818 437 2846 Joan.
454 2827 473 2852 t,
489 2819 534 2847 ‘23.

81 2852 104 2869 ⁷¹’
118 2853 183 2881 Dan.
199 2860 247 2887 vn,
265 2853 308 2887 I5,
328 2853 368 2882 Η.

1486 2788 1507 2804 ⁷¹
1547 2789 1611 2816 ibid.
1627 2789 1655 2819 5.
1679 2788 1706 2817 6.

1220 2823 1244 2838 ⁷⁸
1263 2821 1376 2850 lat-har.
1397 2832 1433 2856 ix,
1451 2823 1489 2852 9:
1509 2824 1558 2853 isa.
1580 2832 1647 2858 un,
1664 2825 1706 2853 tt.

682 2786 704 2801 "
718 2785 769 2812 Isa.
788 2793 836 2814 vn.
861 2786 910 2818 II;
933 2785 1027 2812 Matth.
1044 2793 1063 2816 ι,
1084 2786 1127 2813 25.
1167 2788 1190 2802 ⁷⁸
1211 2787 1251 2814 Ιςιι
1285 2795 1365 2817 xx".
1380 2787 1446 2820 3,4.

586 2820 672 2848 “la-.1.
689 2828 731 2854 LV,
746 2820 772 2849 δ.
828 2820 974 2850 "Zuchar.
1004 2829 1032 2854 ιι,
1056 2821 1097 2855 10,
1122 2821 1162 2851 II.
