1894 3056
99 152 156 182 95¹1

682 145 822 174 CONTRA
840 143 1012 174 JULIANUM
1029 143 1096 172 LIB.
1115 143 1182 173 VIII.

1662 146 1714 173 938

99 210 156 245 γῆς
176 207 345 244 μεταστῆσαι
355 205 468 242 καρδίας
483 205 524 238 είς
537 213 569 240 γε
585 204 617 232 τδ
630 204 736 232 ἑλέσθαι
751 204 827 241 δρᾷν,
839 204 888 231 καὶ

940 202 1079 230 sentienda
1090 210 1151 238 quae
1164 202 1254 236 vellet,
1267 209 1298 230 ac
1311 202 1355 238 pie
1369 209 1402 230 ac
1419 201 1543 238 religiose
1555 201 1667 229 vireudu
1681 205 1716 230 u?

103 255 160 290 μὴν
173 254 220 282 καὶ
235 254 343 289 φρονεῖν
356 252 387 279 τδ
401 252 512 279 ἁνδάνον
527 251 613 286 αὐτῷ,
629 251 676 278 καὶ
692 250 722 277 τό
735 259 767 285 γε
781 251 813 286 δὴ
833 250 887 277 δεῖν

98 299 245 326 διαϐιῶναι
262 296 412 332 θεοφιλῶς;
434 295 504 330 Ἐγὼ
519 296 548 322 δὲ
562 295 630 332 πρὸς
650 295 720 323 αὑτά
735 295 817 331 φαίην
833 295 866 322 ἄν
878 303 885 310 ·

99 344 296 380 Διημάρτηκεν
305 339 351 368 οὖν
358 341 412 377 ἄρα
423 340 535 370 σκοποῦ.
543 341 591 368 καὶ
600 339 653 372 ἐξω
662 348 714 367 που
722 340 833 376 φέρεται
839 339 887 366 τοῦ

99 390 207 421 εἰκότος
223 389 238 415 ὁ
254 387 324 419 θεῖός
347 395 377 414 τε
387 387 433 414 καὶ
450 387 587 421 ἀκήρατος
598 385 669 419 νοῦς,
685 386 732 412 καὶ
746 385 795 412 οὐκ
808 385 888 412 εὐθὺν

100 435 151 462 τοῦ
175 434 326 470 πρέποντος
347 432 530 467 ἀπεηνέχθαι
548 432 638 467 φαμὲν
660 429 887 467 αὑτόν;⁷Αρ“οὖν

102 481 188 516 ἐσμεν
198 479 323 515 ἀμείνους
331 478 410 513 ἡμεῖς
418 478 459 509 είς
467 477 573 504 σύνεσιν
583 477 632 512 τῆς
641 477 705 512 ὅλης
714 476 808 512 σοφίας
817 486 824 510 ;
834 477 888 504 Καὶ

101 525 284 561 ἁμιλλήσεται
308 523 357 559 μὲν
376 523 443 558 ἡλίῳ
464 522 576 558 λύχνος;
593 523 774 558 Ἰσοστατήσει
791 523 819 549 δὲ
838 522 887 558 μία

101 570 214 606 σταγὼν
225 570 292 605 πρὸς
308 569 373 605 ὅλην
390 569 505 603 ταυτηνὶ
519 569 563 604 τὴν
580 568 688 603 εὐρεῖαν
702 569 749 596 καὶ
768 568 888 605 ἀμέτρη-

99 625 149 644 τον
167 617 316 648 θάλασσανς
331 615 426 643 Καί-οι
441 614 498 646 πῶς
527 615 577 641 οὐκ
588 615 621 641 ἂν
635 614 765 649 ἀγάσαιτό
781 623 823 647 τις
843 615 888 642 τὸν

101 661 247 688 θεσπέσιον
267 661 409 696 προφήτην
427 659 552 691 Ἡσαΐαν,
570 659 776 695 ἀνακεκραγότα
795 660 888 694 σαφῶς

100 707 151 733 καὶ
164 707 235 742 μάλα
257 706 419 741 ἐμφρόνως·
448 715 458 731 t
475 705 524 737 Τίς
552 705 686 740 ἐμέτρησε
715 707 748 741 τῇ
775 707 846 741 χειρὶ
858 706 888 733 τὸ

101 753 186 789 ὓδωρ,
204 754 250 779 καὶ
269 753 315 779 τὸν
330 752 445 788 οὐρανὸν
460 751 596 787 σπιθαμῇ,
611 752 659 778 καὶ
670 752 760 779 πᾶσαν
775 752 824 788 τὴν
837 753 889 789 γῆν

99 799 184 836 δρακὶ
194 808 202 834 ;
219 799 267 831 Τίς
283 799 379 834 ἔστησε
394 798 428 825 τὰ
449 798 500 834 δρη
524 797 647 833 σταθμῷ,
664 798 712 824 καὶ
733 798 783 830 τὰς
801 799 889 832 νάπας

101 845 199 881 ζυγῷ;
216 845 264 877 Τίς
282 845 352 879 ἔγνω
377 843 439 871 νοῦν
461 844 583 877 Κυρίους
603 854 612 870 ι
628 845 734 881 ’Ὠσπερ
758 845 813 881 γάρ
829 845 887 872 ἐστι

937 249 978 275 Ad
992 249 1049 276 haec
1058 255 1108 283 ego
1124 249 1237 276 dixerim
1256 257 1262 275 :
1287 249 1437 275 Aberratue
1451 254 1466 274 a
1481 254 1561 282 scopo
1583 246 1666 282 igitur
1677 248 1717 273 di—

937 292 999 319 vina
1024 297 1051 320 et
1076 292 1289 328 ineorruptibilis
1327 299 1412 326 mens,
1439 299 1552 326 eamque
1579 291 1717 319 deﬂectere

937 338 1137 373 quodammodo
1147 346 1161 365 a
1171 344 1245 366 recto
1251 339 1379 366 dicimus?
1390 338 1431 364 An
1440 345 1504 372 ergo
1513 338 1627 364 solidam
1642 338 1715 364 illaut

937 384 1096 419 sapientiam
1116 384 1256 418 prudentia
1263 383 1405 412 vincimus?
1419 382 1452 410 Et
1467 391 1528 411 cum
1542 383 1598 411 sole
1607 389 1718 410 conten-

938 431 984 457 dat
1002 430 1125 458 lucerna?
1153 430 1264 465 Etgutta
1284 430 1362 458 unica
1383 437 1444 457 cum
1465 434 1523 457 toto
1539 430 1588 457 hoc
1598 435 1674 457 vasto
1691 434 1718 456 et

938 475 1070 503 itnmenso
1091 475 1172 511 285
1192 475 1259 503 mari
1268 475 1482 510 comparabitur?
1492 476 1716 510 Atquisdivinutu

941 520 1017 548 illum
1037 522 1194 556 prophetam
1214 520 1312 549 Isaiam
1320 528 1372 549 non
1384 522 1535 555 mirabitur,
1547 523 1619 550 clare
1635 528 1662 550 et
1675 531 1719 550 sa-

941 566 1113 600 pientissime
1124 567 1334 601 proclamantem
1349 576 1356 595 :
1371 576 1380 592 ι
1390 567 1455 600 Quis
1465 575 1573 595 mensus
1583 573 1625 595 est
1637 575 1715 595 manu

938 619 1045 645 aquam.
1067 617 1095 639 et
1110 612 1207 640 caelum
1224 612 1323 647 palmo,
1342 617 1369 640 et
1383 613 1536 640 universam
1553 617 1652 641 terram
1670 622 1718 648 pu-

938 658 1018 693 gillo?
1031 658 1097 692 Quis
1109 658 1248 686 constituit
1261 664 1368 687 montes
1380 660 1507 694 pondere,
1528 664 1555 686 et
1568 659 1649 687 valles
1662 664 1718 686 sta-

939 705 1017 732 tera?
1030 705 1096 739 Quis
1109 706 1235 742 cognovit
1254 711 1370 734 mentem
1390 706 1496 734 Domini
1510 706 1556 733 7'?
1575 716 1584 732 ι
1604 707 1670 737 Nam
1690 711 1718 734 ut

939 751 1027 785 palmo
1045 751 1142 779 coelum
1160 752 1249 779 metiri
1276 759 1327 780 non
1345 760 1498 787 possumus.
1519 757 1546 780 et
1563 754 1717 780 universam

940 801 1040 823 terram
1059 796 1169 831 pugillo,
1185 804 1233 824 nec
1247 801 1352 824 montes
1364 801 1391 824 et
1409 796 1493 824 valles
1507 798 1645 831 imponere
1662 802 1718 824 tru-

939 842 1003 869 tina
1018 850 1025 868 :
1042 842 1078 869 ita
1093 841 1214 876 cujusvis
1228 842 1354 874 hominis,
1380 843 1434 870 ituo
1459 843 1628 870 rationaliqu
1640 851 1717 870 crea-

100 877 320 926 stbv'ap-qxdvuiv
337 889 460 925 σπιθαμῇ
481 888 616 925 μετρῆσαι
630 889 675 916 τὸν
695 877 820 926 οὖρανδν,
839 890 887 918 καὶ

940 891 1063 915 turarum
1091 888 1211 915 omnium
1225 887 1297 915 vires
1313 888 1429 921 excedit,
1444 889 1672 923 supernaturalem
1691 895 1719 916 et

101 936 195 963 πᾶσαν
205 935 255 972 τὴν
277 935 330 970 γῆν
343 935 433 971 δρακὶ,
454 935 504 972 δρη
524 938 553 962 τε
578 935 625 962 καὶ
648 935 736 968 νάπας
755 935 887 963 ὶπιθεῖναι

102 981 212 1016 ζυγοῖς·
237 979 324 1012 οὕτως
341 981 485 1016 ἀνέφικτον
507 979 644 1016 ἀνθρώπῳ
669 980 761 1013 παντὶ,
787 980 887 1016 μᾶλλον

101 1026 132 1054 δὲ
148 1025 242 1061 ἁπάσῃ
254 1025 341 1052 κτίσει
353 1024 462 1060 λογικῇ,
477 1024 522 1051 τδν
535 1024 661 1060 ὑπερφυᾶ
676 1024 722 1051 καὶ
738 1024 887 1059 ὑπέρτατον

101 1073 229 1100 διειδέναι
244 1080 275 1098 τε
292 1071 338 1098 καὶ
360 1070 547 1106 ἀναμετρῆσαι
561 1069 634 1097 νοῦν.
657 1070 690 1096 Et
702 1070 752 1105 μὲν
767 1067 812 1097 οὖν
829 1069 887 1097 ἐστι

102 1127 148 1150 τις
161 1120 175 1145 ὁ
187 1118 269 1153 φάναι
285 1117 392 1153 τολμῶν
410 1117 444 1144 τὰ
459 1115 564 1152 ἀμείνω
573 1116 702 1144 δύνασθαι
712 1117 823 1143 σκοπεῖν
837 1115 887 1150 τῆς

103 1164 170 1200 ὅλης
181 1164 286 1198 σοφεας,
306 1163 477 1199 ἐπιτιμάσθω
492 1163 573 1195 Θεός·
593 1162 663 1197 πλὴν
686 1161 752 1189 ἴστω
770 1162 887 1198 λεληρη-

104 1210 172 1242 κώς.
180 1209 270 1237 Μανία
283 1209 337 1245 γὰρ
351 1208 430 1236 τοῦτό
438 1217 479 1242 γε,
490 1208 537 1235 καὶ
543 1208 638 1243 ἀνδρὸς
651 1207 827 1243 ἐξεστηκότος
840 1209 887 1234 καὶ

104 1256 308 1292 παραπαίοντος
325 1255 410 1289 λόγοι.
427 1255 459 1280 El
480 1254 509 1280 δὲ
539 1253 704 1281 ἀπαστισοῦν
721 1254 888 1288 συμφήσειεν

105 1302 150 1334 ἂν,
165 1301 292 1328 τοσοῦτον
315 1299 449 1336 ἡττῆσθαι
466 1300 513 1335 τῆς
532 1299 596 1334 ὅλης
616 1299 710 1334 σοφίας
726 1298 772 1325 τὸν
783 1299 888 1335 ἀνθρώ-

104 1356 184 1375 πινον
196 1347 268 1380 νοῦν,
280 1347 396 1382 ὅσονπερ
410 1346 443 1373 ἃν
462 1346 547 1381 αὐτῆς
567 1346 613 1372 καὶ⁵
629 1345 699 1372 κατὰ
709 1345 790 1380 φύσιν
803 1345 888 1381 ὁρῷτο

106 1393 360 1429 μειονεκτούμενος·
381 1392 439 1424 πῶς
454 1392 504 1419 οὐκ
514 1392 546 1419 ἂν
563 1391 606 1427 εἴη
626 1391 706 1425 σοφὸν
728 1391 758 1418 τὸ
773 1392 841 1427 αὐτῇ
855 1391 887 1426 δὴ

104 1440 153 1467 καὶ
176 1439 244 1476 μόνῃ
257 1440 432 1474 παραχωρεῖν
449 1438 547 1464 εἰδέναι
574 1437 604 1464 τδ
621 1437 661 1464 ὅτι
682 1437 800 1472 μάλιστα
818 1437 887 1473 πρέ-

105 1492 157 1512 ¹ιιον
171 1484 241 1520 αὐτῇ
254 1492 261 1517 ;
278 1484 314 1510 Οὐ
331 1483 386 1518 γὰρ
398 1483 430 1510 ἀν
444 1491 469 1509 τι
483 1482 617 1517 δράσειεν,
631 1481 645 1508 ὂ
660 1482 697 1516 μὴ
711 1482 780 1516 χρῆν
790 1481 821 1516 δή
836 1489 887 1507 που

106 1531 196 1565 μόνως
212 1538 242 1556 τε
260 1529 306 1556 καὶ
319 1529 404 1560 οὕτως
426 1528 498 1563 ἔχειν
519 1527 558 1559 ὡς
570 1527 675 1562 γέγονε.
692 1527 746 1553 Καὶ
760 1525 820 1553 καθ’
831 1526 890 1553 ἓτε-

106 1585 154 1612 ρον
168 1576 197 1602 δὲ
215 1575 316 1611 τρόπον
328 1582 334 1590 ·
350 1575 448 1610 χρῆναι
464 1573 518 1609 γὰρ
535 1571 611 1609 οἶμαι
627 1573 736 1599 κάκεῖνο
750 1572 823 1605 ἰδεῖν,
841 1571 888 1598 καὶ

106 1622 161 1658 μὴν
178 1621 225 1649 καὶ
240 1621 354 1657 φράσαι.
375 1621 454 1647 Πᾶσα
469 1620 521 1655 μὲν
534 1619 589 1654 γὰρ
601 1620 618 1655 ἠ
644 1619 673 1645 ὲν
693 1619 749 1651 τοῖς
764 1618 888 1654 οὐρανοῖς

103 1666 203 1702 λογικὴ
212 1666 259 1693 καὶ
268 1665 349 1701 νοερά
362 1665 461 1698 κτίσις,
475 1664 634 1700 αὐθαίρετον
641 1663 697 1699 ἔχει
707 1663 757 1698 τὴν
768 1664 809 1698 ὶφ¹
820 1663 888 1700 ὅπερ

105 1714 140 1740 ἂν
167 1712 254 1740 ἕλοιτο
267 1711 321 1739 τῶν
338 1711 482 1747 πρακτέων
500 1710 598 1746 ὁρμὴν,
611 1710 659 1737 καὶ
672 1710 794 1746 ἀνάγκης
815 1710 888 1736 ἐλευ-

105 1759 190 1794 θέραν
204 1757 254 1794 τὴν
263 1757 306 1792 ἐφ’
319 1757 427 1792 ἑκάστῳ
444 1756 539 1792 ῥοπήν.
552 1753 608 1782 Ἦν
623 1755 677 1790 γὰρ
689 1755 760 1782 οὕτω
778 1755 825 1782 καὶ
839 1755 888 1791 οὐχ

105 1804 219 1839 ὲτέρως,
245 1802 382 1838 εὐφημίας
404 1801 452 1837 μὲν
483 1801 529 1828 καὶ
553 1801 641 1836 γερῶν
665 1800 805 1832 ἀξιοῦσθαι
826 1801 888 1832 τοὺς

105 1848 227 1884 ἀγαθοὺς
253 1848 283 1874 ἒν
306 1847 386 1884 δίκῃ’
406 1845 600 1883 καθορίζεσθαι
621 1846 650 1873 δὲ
664 1846 717 1873 τῶν
731 1845 840 1881 φαύλων
858 1845 889 1872 ca

106 1893 274 1929 κατεψέχθαι
292 1894 359 1920 δεῖν.
371 1893 431 1919 Ἵνα
454 1892 543 1919 τοίνυν
567 1891 614 1919 καὶ
634 1892 714 1927 ἡμεῖς
733 1891 809 1918 αὐτοὶ
820 1891 889 1927 πρὸς

105 1942 164 1967 πᾶν
195 1939 284 1967 ὁτιοῦν
312 1939 366 1966 τῶν
401 1938 512 1973 ἀγαθῶν
540 1938 659 1965 ἐθελοντὶ
683 1937 887 1974 διαστείχωμεν,

105 1986 304 2022 ἀκατασιάστῳ
318 1985 414 2021 γνώμῃ
433 1984 552 2013 διαῦιοῦν
568 1985 614 2012 ἰπὶ
622 1985 673 2020 γῆς
686 1985 731 2012 τὸν
747 1984 888 2020 ἄνθρωπον

106 2033 195 2068 ἐφῆκε
210 2032 285 2063 Θεός.
301 2032 356 2059 Καὶ
371 2031 442 2059 οὓτω
458 2030 570 2066 γέγονεν
582 2031 610 2057 ἐν
630 2031 737 2066 ἀρχαῖς.
758 2029 889 2066 Ἀνῆπται

106 2079 164 2115 γὰρ
181 2078 262 2110 αὐτὸς
277 2078 326 2109 τὰς
350 2077 404 2104 τῶν
432 2076 529 2104 ἑαυτοῦ
556 2077 714 2112 θελημάτων
736 2076 824 2112 ἡνίας,
842 2076 889 2103 καὶ

106 2123 330 2155 αὑτοκελεύστοις
344 2123 388 2150 ἐπ’
404 2123 487 2158 ἀμφω
502 2122 614 2159 φέρεται
632 2123 739 2158 ῥοπαῖς,
757 2122 798 2154 εῖς
813 2130 845 2157 γε
858 2122 889 2149 τὺ

106 2170 210 2204 ἀγαθόν
229 2178 319 2205 φημι,
344 2169 391 2196 καὶ
416 2169 447 2196 τὸ
467 2169 506 2205 μὴ
533 2168 619 2200 οὕτως
642 2168 713 2204 ἔχον.
741 2168 845 2195 Οὐκοῦν
864 2168 888 2194 ει

106 2215 219 2251 ἀρρήτῳ
240 2215 294 2241 τινὶ
320 2214 367 2241 καὶ
392 2214 581 2249 θεοπρεστάτῳ
599 2213 711 2248 δυνάμει
739 2214 786 2240 καὶ
812 2214 888 2249 ὲνερ-

106 2260 172 2297 γείᾳ
207 2259 364 2296 χρώμενος,
399 2260 560 2295 μετεκόμισε
596 2259 642 2285 τὸν
677 2258 791 2285 ἑκάστου
826 2257 888 2285 νοῦν

107 2309 149 2339 εἰς
175 2305 371 2342 άγαῦουργίας,
398 2305 444 2332 καὶ
470 2304 641 2339 δυσεξίτητον
670 2303 743 2339 αὑτῷ
768 2304 815 2330 καὶ
840 2303 892 2338 οὐχ’

108 2353 200 2380 ἑκοντὶ
211 2353 304 2380 λοιπὸν
317 2351 401 2379 ἐτίθει
410 2352 440 2379 τὸ
450 2352 562 2386 ἀγαθὸν,
574 2351 686 2387 γνώμης
701 2352 749 2386 μὲν
765 2348 811 2378 οὖν
827 2351 890 2377 οὒκ-

107 2399 149 2426 έτι
165 2398 196 2425 τδ
213 2398 307 2434 χρῆμα
315 2396 499 2432 καρπὸς,οὗτε
507 2396 560 2433 μὴν
573 2397 692 2424 ἐπαίνων
704 2396 787 2429 ἀξιον,
803 2396 891 2430 ἀνάγ-

108 2453 161 2479 κης
186 2444 214 2471 δὲ
235 2443 333 2479 μᾶλλον
348 2444 396 2470 καὶ
409 2442 558 2478 ἀδουλήτου
572 2441 737 2479 πλεονεξίας.
751 2439 818 2469 Είτα
830 2441 891 2468 τίνα

107 2491 209 2527 τρόπον
227 2489 324 2526 μώμου
350 2490 398 2516 καὶ¹
420 2489 529 2525 γραφῆς
547 2488 737 2524 ἀπαλλάξομεν
764 2488 810 2516 τὸν
834 2489 887 2522 Δη-

109 2535 250 2572 μιουργδν.
264 2536 364 2571 ὲφέντα
382 2535 432 2570 μὲν
447 2536 476 2562 έν
493 2535 591 2570 ἀρχαῖς
604 2535 664 2566 ταῖς
676 2534 731 2560 τῶν
754 2533 826 2561 ἰδίων
847 2534 890 2561 θε-

107 2581 237 2617 λημάτων
261 2581 360 2616 ὁρμαῖς
386 2580 551 2616 ἡνιοχεῖσθαι
570 2579 615 2607 τὸν
641 2579 793 2614 ἄνθρωπον,
817 2579 887 2606 ὕπο-

106 2625 242 2659 ζεύξαντα
264 2626 293 2652 δὲ
321 2625 389 2660 μετά
413 2625 491 2652 τοῦτο
508 2627 690 2661 περιτροπαῖς
715 2625 888 2660 ἀναγκαίαις,

107 2671 154 2699 καὶ
182 2668 239 2698 οἷόν
259 2679 314 2698 τισι
340 2671 506 2703 πλεονεξίαις
535 2671 666 2706 ἀφύκτοις
693 2672 890 2706 ὲγκαταδέοντα

106 2717 176 2754 πρός
188 2725 222 2752 τε
248 2716 280 2744 τὸ
297 2717 352 2744 δεῖν
377 2717 571 2752 ἀποπεραινειν
593 2714 623 2744 εὖ
640 2716 712 2752 μάλα
728 2717 758 2743 τὺ
774 2716 890 2752 ἀρέσκον

106 2763 199 2798 αὒτῷς
220 2763 252 2790 Ei
268 2762 297 2789 δὲ
316 2760 349 2798 ἦν
372 2763 482 2797 ἄμεινον
502 2763 581 2798 εἴπερ
600 2762 686 2795 οὕτως
711 2763 778 2798 ἔχοι,
802 2763 830 2790 τί
856 2762 893 2798 μὴ

140 2850 163 2866 ⁷⁵
178 2849 230 2878 lsa.
245 2858 291 2884 χι,
305 2850 348 2884 η,
364 2851 408 2878 15.

285 2897 421 2927 ΡΑτιιοι..
438 2897 496 2927 Gn.
515 2897 640 2927 LXXVI.

940 939 1094 967 supremam
1116 939 1233 960 mentem
1258 933 1398 968 pervidere
1429 941 1461 961 ac
1483 935 1583 964 metiri.
1611 935 1638 962 Si
1659 936 1719 970 quis

940 985 1004 1013 ergo
1018 985 1123 1005 summa
1137 978 1183 1006 illa
1196 979 1326 1013 sapientia
1344 986 1374 1006 se
1388 979 1614 1014 perspicaciorem
1630 981 1720 1008 dicere

940 1026 1030 1065 audet,
1050 1024 1134 1051 Deum
1152 1029 1269 1060 arguat:
1289 1029 1419 1052 caeterum
1437 1025 1552 1054 delirare
1574 1034 1603 1053 se
1619 1026 1718 1053 intelli-

939 1074 995 1105 gat.
1015 1069 1103 1097 Furor
1117 1070 1189 1098 enim
1202 1070 1273 1098 istud
1297 1074 1349 1103 est,
1362 1074 1390 1098 et
1405 1071 1523 1098 hominis
1540 1072 1636 1099 mentis
1648 1080 1721 1099 etno-

940 1120 974 1143 tte
987 1116 1086 1144 oratio.
1105 1115 1153 1144 Sin
1166 1121 1256 1144 autem
1271 1123 1349 1154 nemo
1360 1123 1414 1144 non
1430 1117 1558 1149 fateatur.
1574 1123 1676 1145 tantum
1691 1126 1721 1146 se

940 1169 1044 1190 summa
1059 1163 1192 1198 sapientia
1215 1162 1384 1195 inferiorem,
1401 1167 1531 1197 quantum
1547 1163 1604 1198 ipsa
1631 1164 1721 1191 mittor

940 1208 1089 1235 secundum
1104 1212 1230 1235 naturam
1249 1215 1308 1235 esse
1326 1208 1467 1236 videatur:
1489 1217 1577 1237 annon
1591 1211 1734 1245 sapientis'

939 1253 1003 1286 erit.
1017 1253 1042 1281 ei
1056 1259 1132 1282 certe
1144 1254 1191 1281 uni
1210 1254 1360 1282 concedere
1374 1255 1554 1290 cognitionem
1578 1255 1636 1290 ejus
1648 1257 1719 1291 quod

941 1299 991 1328 sibi
1008 1300 1126 1327 maxime
1147 1300 1295 1328 convenit?
1311 1299 1366 1327 Nec
1383 1300 1456 1328 enim
1480 1301 1626 1336 quidquam
1647 1303 1720 1330 fece-

941 1346 986 1378 rit,
1004 1345 1075 1380 quod
1091 1345 1185 1380 utique
1209 1353 1263 1373 tton
1289 1350 1411 1380 oporteat
1437 1354 1469 1374 eo
1496 1354 1604 1381 unoque
1630 1349 1719 1380 modo,

940 1399 995 1427 quo
1015 1391 1113 1419 factum
1129 1396 1182 1424 est,
1200 1399 1230 1419 se
1246 1392 1355 1422 habere.
1375 1392 1422 1419 Est
1439 1397 1465 1419 et
1477 1393 1529 1419 alia
1546 1393 1624 1425 ratio,
1640 1401 1719 1429 quant

941 1438 1102 1465 necessario
1130 1437 1352 1465 considerandam
1384 1443 1411 1465 et
1437 1439 1608 1467 asserendam
1645 1445 1720 1474 puto.

941 1483 1114 1519 Qumcunque
1131 1483 1204 1511 enim
1219 1489 1260 1512 est
1285 1484 1311 1511 itt
1331 1485 1409 1511 cmlis
1424 1484 1563 1512 rationalis
1588 1490 1614 1512 et
1642 1486 1721 1513 intel-

942 1528 1066 1556 lectualis
1091 1535 1214 1556 creatura
1232 1548 1240 1561 ,
1265 1528 1360 1556 liberis
1383 1529 1416 1556 ad
1438 1530 1568 1565 quidlibet
1588 1531 1720 1565 agendum

941 1574 1059 1602 motibus
1073 1573 1232 1609 impellitur.
1243 1579 1271 1602 et
1285 1578 1366 1602 nutus
1377 1575 1457 1602 habet
1470 1576 1541 1602 omni
1558 1575 1720 1603 necessitate

941 1620 1054 1649 solutos.
1069 1619 1107 1647 Ita
1121 1619 1194 1648 enim
1210 1619 1310 1647 factum
1335 1624 1378 1648 est
1393 1627 1514 1655 prorsus.
1531 1625 1560 1648 ut
1578 1622 1639 1649 boni
1657 1622 1719 1656 iure

940 1665 1084 1694 laudentur
1100 1673 1132 1693 ac
1148 1666 1282 1693 donentur
1299 1665 1426 1700 praemiis,
1443 1666 1610 1700 vituperandi
1629 1673 1718 1695 autem

941 1716 1107 1740 censeantur
1132 1711 1258 1746 improbi.
1281 1710 1317 1738 Ut
1331 1718 1395 1746 ergo
1417 1718 1466 1739 nos
1492 1712 1541 1746 ipsi
1558 1719 1665 1748 quoque
1687 1714 1721 1740 ad

941 1758 1048 1793 quidvis
1075 1758 1217 1785 honestum
1247 1761 1343 1792 sponte
1364 1756 1503 1790 feramur,
1525 1758 1606 1785 libera
1630 1764 1719 1787 tuente

942 1804 1076 1832 hominem
1091 1803 1118 1831 in
1133 1807 1203 1830 terra
1221 1803 1319 1837 degere
1336 1803 1459 1837 permisit
1472 1803 1552 1832 Deus.
1576 1803 1664 1839 Atque
1680 1804 1718 1832 its

943 1849 1075 1885 principio
1096 1848 1219 1884 contigit.
1236 1848 1297 1883 ipse
1311 1849 1383 1876 enim
1406 1857 1463 1877 sua:
1478 1850 1622 1878 voluntatis
1642 1851 1723 1878 liabe-

943 1904 993 1924 nas
1006 1900 1090 1928 tenet.
1106 1903 1138 1923 ac
1163 1895 1256 1922 liberis
1276 1895 1395 1922 motihtts
1412 1896 1438 1922 in
1459 1900 1603 1930 utrumque
1619 1896 1714 1929 fertur.

941 1942 1041 1970 bonum
1057 1940 1161 1969 scilicet
1182 1947 1215 1967 ac
1230 1940 1341 1967 malum.
1365 1939 1533 1975 Quapropter
1550 1942 1571 1968 si
1592 1941 1718 1968 inetfahili

941 1987 1056 2022 quadam
1067 1990 1093 2013 et
1105 1985 1194 2013 divina
1210 1985 1310 2013 virtute
1325 1989 1353 2012 et
1365 1985 1483 2012 eilicacia
1499 1986 1610 2017 utendo,
1626 1986 1718 2014 unius-

940 2032 1070 2067 cujusque
1086 2036 1204 2059 mentem
1220 2031 1253 2059 ad
1280 2031 1349 2059 bene
1372 2032 1503 2067 agendum
1528 2032 1719 2065 transtulisset.

941 2083 969 2107 et
982 2078 1143 2112 impervium
1165 2077 1216 2112 ipsi
1231 2077 1332 2105 bonum
1349 2078 1430 2105 etiam
1453 2077 1553 2104 nolenti
1572 2078 1719 2110 statuisset,

942 2133 994 2153 non
1014 2124 1070 2159 jam
1087 2123 1158 2151 istud
1185 2123 1284 2151 mentis
1303 2123 1407 2151 fructus
1423 2128 1511 2157 esset,
1531 2124 1650 2159 adeoque
1671 2131 1722 2151 nec

942 2170 1021 2205 digna
1039 2169 1118 2197 laude
1133 2176 1188 2201 res,
1206 2169 1252 2196 sed
1268 2168 1440 2196 necessitatis
1455 2169 1555 2204 potius,
1569 2173 1596 2196 et
1610 2176 1661 2196 non
1674 2177 1722 2194 vn-

943 2215 1066 2243 luntaria‘.
1077 2214 1243 2250 cupiditatis.
1259 2213 1292 2241 At
1312 2215 1449 2249 quomodo
1464 2206 1511 2241 nos
1529 2213 1659 2249 Opificem
1677 2222 1722 2242 re-

941 2260 1122 2295 prehensione
1146 2264 1172 2286 et
1191 2261 1289 2293 probro
1307 2259 1498 2292 liberabimus,
1518 2259 1565 2294 qui
1587 2260 1720 2294 principio

939 2305 1047 2340 quidem
1063 2304 1216 2340 permiserit
1228 2305 1364 2332 hominem
1381 2312 1435 2332 suae
1453 2305 1597 2332 voluntatis
1616 2305 1714 2340 impul-

940 2352 1016 2379 sione
1030 2351 1188 2387 gubernari,
1203 2355 1297 2386 postea
1322 2357 1387 2377 vero
1406 2350 1567 2378 necessariis
1584 2351 1721 2378 vicissitu-

940 2397 1048 2425 dinibus
1070 2396 1226 2431 subiecerit,
1243 2404 1275 2424 ac
1290 2396 1371 2424 veluti
1393 2396 1553 2431 quibusdam
1579 2397 1720 2425 inevitabi-

941 2443 1014 2470 libus
1025 2443 1219 2479 cupiditatibus
1236 2442 1356 2478 illigarit,
1378 2442 1412 2469 ad
1436 2442 1464 2469 id
1478 2442 1561 2478 286
1581 2442 1651 2477 quod
1669 2441 1720 2469 sibi

942 2490 1031 2518 visum
1058 2491 1138 2518 fuerit
1162 2490 1364 2525 peragendum?
1385 2489 1460 2522 Quod
1477 2489 1499 2516 si
1522 2489 1666 2522 praestabat
1686 2489 1722 2516 ita

943 2543 972 2564 se
987 2536 1096 2568 habere,
1114 2536 1207 2571 quidni
1219 2544 1234 2564 a
1244 2535 1376 2571 principio
1388 2535 1486 2562 factum
1500 2534 1560 2566 fuit,
1575 2534 1621 2561 sed
1637 2535 1725 2561 serius

937 2585 1040 2609 mutato
1051 2582 1131 2609 veluti
1146 2581 1259 2609 consilio
1272 2582 1304 2608 ad
1316 2581 1410 2609 salutis
1424 2585 1522 2608 statum
1538 2580 1580 2607 vix
1595 2580 1725 2614 quodam-

938 2627 1017 2654 modo
1051 2626 1161 2659 retulit,
1189 2625 1372 2662 transfertque
1408 2634 1459 2653 non
1485 2625 1577 2656 libere,
1597 2625 1644 2653 sed
1676 2633 1724 2652 ne-

940 2671 1061 2700 cessario
1078 2671 1169 2708 potius
1186 2673 1221 2700 ad
1245 2672 1325 2700 iidem
1342 2671 1542 2708 proﬁtendam?
1565 2669 1634 2697 Num
1657 2678 1722 2703 ergo

940 2719 995 2754 jam
1009 2718 1118 2746 dubium
1140 2723 1192 2752 est,
1213 2719 1267 2747 imo
1287 2719 1407 2753 nunquid
1436 2723 1510 2754 patet
1524 2718 1650 2746 omnibus
1676 2726 1725 2745 nos

944 2764 1062 2793 divinum
1090 2764 1263 2793 et-ineﬂ'abile
1273 2765 1415 2793 consilium
1432 2765 1525 2800 utique
1541 2764 1725 2798 sugillaturos.

1531 2897 1569 2928 30
