1894 3056
218 136 272 164 939

723 133 751 160 S.
762 132 898 162 CYRILLI
912 131 1143 160 ALEXANDle
1162 130 1322 160 ARCIHEP.

1787 131 1832 158 950

220 195 298 229 quasi
316 199 361 220 res
375 192 510 219 humanas
523 191 612 218 minus
632 193 705 216 recte
719 189 855 221 statuerit,
869 189 915 216 sed
930 188 999 216 ultra

1052 189 1161 223 γέγονεν
1187 188 1216 214 ὲν
1241 188 1349 222 ἀρχαῖς,
1365 185 1598 222 ὐσηροὸουλήσας
1623 186 1653 213 δὲ
1668 185 1769 222 ὥσπερ
1793 188 1832 213 ἁν-

219 241 350 266 decorum
373 237 571 272 quodammodo
594 235 730 267 extulerit,
758 242 845 270 neque
867 234 999 268 perfectas

221 292 310 312 rerum
338 284 457 310 rationes
473 281 609 317 principio
626 280 741 308 viderit?
754 280 846 315 Apage
866 287 926 307 cum
950 280 999 307 ista

213 330 336 357 insania.
349 328 428 355 Pium
446 328 519 355 enim
532 331 577 355 est
593 326 685 353 timide
697 330 727 353 et
742 329 902 353 cunctanter
912 324 945 352 de
959 324 1001 352 his

202 375 299 402 ~'rebus
314 375 459 402 disserere.
482 373 600 401 Decebat
613 379 678 407 ergo
699 379 752 399 non
770 372 806 404 vi,
827 372 875 399 sed
890 378 1001 406 persua-

206 421 294 448 -sione
312 419 421 454 vpotius,
446 419 479 446 ad
503 418 685 446 ohediendum
716 425 764 445 eos
794 416 938 450 adducere,
953 417 999 451 qui

220 464 293 498 pium
309 463 417 490 vivendi
444 470 529 498 genus
546 462 765 495 contemnebant,
788 462 887 497 quique
905 462 1000 489 duram

216 514 247 536 et
267 513 371 535 tantum
387 515 442 535 non
465 506 664 535 intractabilem
686 507 783 534 mentis
800 513 855 533 suae
868 506 999 533 cervicem

208 555 274 582 ~Deo
285 554 467 589 opponebant.
477 553 616 585 Quocirca
634 553 716 579 homo
732 551 833 587 prodiit
848 551 999 578 admirabili

219 600 333 631 ratione,
352 603 379 626 et
396 605 477 633 supra
491 603 599 633 captum
616 597 726 625 humani
746 597 856 632 ingenii,
876 597 920 624 Dei
935 597 1001 624 Ver-

219 646 281 672 bum
305 644 368 671 illud
385 644 579 677 unigenitum,
602 647 630 670 et
661 647 850 670 conversatum
878 648 919 670 est
939 650 999 669 cum

210 690 396 722 hominibus;
417 689 636 724 partim~quidem
653 688 739 723 signis
761 693 788 715 et
802 689 930 723 prodigiis
951 696 999 715 na-

211 741 309 762 .turam
326 739 359 762 et
375 735 505 761 virtutem
527 734 643 761 hominis
663 733 869 768 superantibus,
891 741 1001 768 persua-

212 781 286 808 -dcns
304 787 333 808 se
349 779 432 807 Deum
447 786 521 811 esse,
543 778 643 806 factum
662 778 694 805 in
712 778 796 805 l‘orma
815 778 931 805 hominis
948 779 1001 804 uti-

214 825 332 857 lissime,
351 826 386 852 uti
404 824 477 858 dixi;
501 825 597 859 partim
613 831 677 851 vero
691 823 925 851 adhortationibus
942 823 1000 858 lege

220 871 369 904 majoribus
384 878 454 898 vera:
467 869 610 905 probitatis
623 870 742 897 rationes
756 877 902 904 exponens,
919 873 946 897 et
966 870 1000 896 ab
1015 864 1037 891 Β

217 916 329 944 Judaica
346 917 406 944 illos
419 916 611 944 observatione
626 915 703 950 longe
718 922 869 947 removens,
885 922 916 942 ac
931 915 1001 942 reli—

220 963 307 998 gionis
332 970 403 990 verae
429 962 524 989 notitia
545 962 627 989 corda
652 961 821 989 credentium
854 961 999 988 irradians.

219 1009 269 1036 Est
285 1008 356 1036 enim
373 1009 431 1043 ipse
446 1009 559 1040 veritas,
578 1014 735 1042 germanum
757 1005 821 1034 illud
838 1006 884 1034 Dei
905 1011 932 1033 et
956 1006 1001 1033 l‘a-

220 1055 267 1082 tris
276 1054 410 1090 genimen.
421 1054 448 1081 Si
460 1061 525 1089 ergo
533 1053 679 1085 hominem,
686 1052 837 1080 communis
846 1060 906 1079 cum
915 1056 1000 1085 esset,

218 1101 373 1128 deiﬁcatum
389 1107 448 1127 esse
463 1100 589 1131 dicimus,
603 1104 630 1126 et
645 1104 747 1126 sancta:
769 1106 803 1126 ac
825 1099 1001 1125 consubstan-

215 1146 278 1174 tiali
290 1146 417 1174 Trinitati
430 1146 512 1172 alium
530 1145 612 1172 Deum
622 1145 731 1179 insuper
740 1144 902 1175 inducimus,
913 1143 1002 1170 homi-

185 1207 190 1212 -
209 1193 261 1220 mis
275 1192 396 1219 adoratio
410 1191 480 1219 istud
493 1191 558 1223 erit,
568 1198 599 1218 ac
614 1190 680 1217 nihil
694 1189 832 1217 aliud.Sin
845 1194 936 1216 autem
953 1196 1002 1216 na~

219 1238 332 1266 turalem
344 1243 371 1266 et
389 1245 483 1264 verum
500 1236 608 1269 Filium,
624 1241 652 1263 et
667 1235 783 1263 Vcrhum
799 1243 832 1262 ex
850 1235 1000 1262 substantia

209 1283 267 1311 Dei
275 1282 396 1311 etPatris
407 1282 547 1315 etfulgens,
559 1283 744 1309 universorum
754 1286 892 1308 auc10rem
902 1286 928 1308 et
936 1289 1000 1308 con-

219 1330 346 1361 ditorem,
357 1332 412 1356 tum
421 1337 480 1363 qua:
489 1328 546 1355 visu
557 1333 707 1354 cernuntur
717 1331 763 1354 aut
779 1334 831 1354 non
841 1332 1000 1358 cernuntur,

204 1380 275 1402 .tum
285 1383 344 1409 quae
354 1382 434 1401 sensu
449 1380 496 1400 aut
512 1378 601 1400 mente
612 1373 807 1408 percipiuntur,
828 1378 948 1400 nostram
963 1374 1002 1399 si-

220 1420 396 1447 militudinem
411 1419 526 1446 subiisse
541 1418 669 1446 incflahili
683 1419 787 1446 ratione
795 1423 822 1446 et
834 1427 915 1454 supra
925 1427 1002 1446 men-

215 1467 255 1493 tis
273 1466 397 1492 humana!
423 1470 530 1499 captum
557 1464 654 1491 divina:
673 1464 820 1498 Scriptura:
844 1464 1001 1499 pradicant,

218 1513 338 1546 adeoque
353 1512 388 1538 ita
404 1510 486 1537 Deum
498 1510 630 1538 mansisse
645 1510 697 1544 (est
711 1510 784 1537 enim
792 1511 939 1537 secundum
954 1519 1002 1537 ua-

210 1563 307 1584 .turam
320 1556 523 1591 immutabilis);
539 1556 602 1590 quid
613 1555 779 1587 incredibile,
789 1561 835 1582 aut
846 1556 1001 1589 vituperan-

219 1603 432 1634 dum,autetiam
445 1598 718 1635 iucomprelt'ensihile
731 1609 842 1636 prorsus
854 1602 961 1628 videtur
974 1602 1001 1629 in

207 1649 319 1675 .noslris
332 1647 478 1682 dogmatis?
496 1646 548 1674 Sed
563 1647 635 1674 enim
646 1651 789 1681 augustum
804 1652 857 1679 est,
867 1647 1001 1682 inquiunt,

219 1701 316 1728 corpus
327 1694 486 1725 humanum,
495 1697 521 1719 et
531 1692 656 1719 sordibus
668 1692 788 1726 plenum.
798 1692 895 1719 Verqu
911 1693 982 1721 istud
993 1713 1000 1724 .

220 1746 307 1774 neque
326 1739 430 1765 inﬁcias
454 1738 508 1765 ibo.
540 1736 727 1764 Verumtamen
756 1737 821 1765 illud
847 1739 999 1766 considera.

219 1783 317 1811 Factus
330 1788 372 1810 est
389 1784 472 1815 enim,
482 1782 521 1809 uti
535 1782 602 1812 dixi,
615 1782 642 1809 in
660 1782 834 1810 similitudine
851 1784 1002 1817 hominum,

217 1830 295 1864 iuxta
328 1828 486 1863 Scripturas
498 1828 539 1859 ⁷⁸,
573 1827 654 1862 287
692 1832 719 1854 et
744 1835 837 1855 revera
862 1828 888 1856 in
913 1830 1002 1864 specie

219 1880 323 1903 nostra.
340 1875 397 1902 Non
412 1879 502 1901 tamen
514 1873 628 1900 dicimus
639 1878 807 1901 contractura:
821 1874 902 1902 fuisse
917 1875 999 1907 illum,

220 1921 266 1955 qui
286 1920 344 1955 capi
375 1914 487 1954 nequit,
515 1926 602 1953 neque
625 1925 699 1946 certe
727 1920 849 1954 corporis
875 1928 1000 1948 mensura

220 1966 456 2000 comprehensum.
473 1963 556 1991 Valde
570 1964 642 1991 enim
668 1964 780 1992 stultum
802 1970 830 1992 et
849 1967 999 1993 ahsurdum

221 2011 303 2045 plane
318 2015 370 2040 est,
395 2009 526 2043 ejusmodi
542 2008 681 2043 quidpiam
699 2009 732 2036 de
756 2010 872 2036 naturali
889 2017 920 2037 ac
937 2018 1001 2038 vero

220 2057 276 2083 Deo
291 2056 392 2082 dicere.
405 2053 473 2080 Nam
488 2061 548 2080 cum
567 2054 603 2080 sit
626 2061 695 2081 unus
716 2061 747 2081 ac
770 2054 844 2082 solus
864 2053 960 2088 Filius,
973 2061 1001 2083 et

218 2109 326 2130 omnem
339 2101 418 2135 plane
436 2099 659 2134 imaginationem
683 2106 844 2134 corpoream
870 2102 999 2134 excedat,

208 2152 291 2174 dotus
306 2151 348 2173 est
364 2153 412 2180 per
423 2144 697 2172 cmumuuicationcm
715 2145 740 2171 in
757 2145 892 2177 omnibus,
904 2150 931 2172 ct
942 2146 1001 2173 ubi-

215 2200 281 2227 que,
304 2196 331 2218 et
355 2191 381 2218 in
407 2189 520 2223 singulis
542 2197 589 2224 per
613 2188 751 2222 allectum,
776 2198 829 2217 non
860 2191 886 2218 in
910 2200 999 2226 partes

217 2243 318 2269 sectus,
335 2244 388 2263 non
406 2236 521 2268 divisus,
537 2235 584 2262 sed
602 2240 679 2262 extra
694 2235 785 2263 omnia
808 2241 913 2270 natura,
930 2243 957 2264 et
972 2238 997 2264 in

216 2283 343 2310 omnibus
359 2281 440 2309 Deus.
466 2281 494 2307 lu
512 2281 557 2308 illo
576 2286 666 2308 autem
687 2282 835 2316 purissimo
855 2287 882 2310 et
906 2289 999 2310 sancto

216 2335 330 2363 corpore
347 2327 510 2354 inhabitavit
525 2326 636 2361 quidem
661 2327 799 2360 plenitudo
815 2327 924 2355 deitatis
936 2336 999 2355 cor-

215 2374 357 2408 poraliter,
375 2373 447 2400 sicut
460 2372 591 2412 scriptum
607 2376 649 2400 est
663 2372 697 2405 ",
713 2377 740 2400 et
754 2378 813 2400 erat
833 2378 957 2409 tanquam
971 2375 997 2401 in

215 2420 324 2455 propria
347 2427 430 2447 carne
453 2419 552 2454 :.quin
568 2413 603 2446 'et
626 2419 665 2447 sic
688 2420 817 2454 implebat
838 2421 940 2448 omnia.
966 2421 1000 2449 Et

216 2465 441 2501 quemadmodum
456 2465 523 2492 solis
538 2465 640 2496 radius.
657 2465 679 2492 si
706 2465 731 2492 in
750 2473 856 2493 caenum
874 2471 919 2493 aut
931 2467 998 2494 alias

215 2509 309 2537 sordes
322 2509 460 2544 inciderit,
482 2509 549 2535 nihil
564 2513 653 2536 tamen
670 2510 731 2536 inde
746 2509 815 2537 labis
831 2511 919 2545 capiet
934 2519 941 2537 :
956 2513 996 2539 sic

215 2556 294 2583 etiam
318 2555 531 2582 incontaminata
547 2554 590 2581 illa
611 2559 639 2582 et
664 2555 821 2590 incorrupta
839 2561 946 2589 natura,
965 2557 996 2584 li-

215 2606 257 2628 cet
270 2608 331 2628 cutu
357 2599 472 2627 terrenis
493 2599 562 2627 forte
581 2600 741 2634 corporibus
769 2605 909 2635 versetur,
919 2601 996 2636 juvat

214 2645 257 2672 illa
272 2645 360 2680 potius
382 2653 462 2679 quam
482 2645 627 2680 quidquam
654 2651 795 2679 propterea
824 2646 893 2674 labis
912 2648 938 2674 in
965 2656 996 2675 se

214 2692 357 2725 exprimat.
380 2690 427 2718 llis
439 2691 520 2717 etiam
544 2690 607 2718 illud
624 2691 774 2718 addendum
798 2697 872 2726 puto.
895 2693 995 2721 Nostra

214 2743 325 2770 corpora
357 2741 384 2763 et
403 2735 543 2764 affectibus
566 2736 709 2764 vincuntur
722 2757 730 2769 ,
751 2743 783 2765 et
799 2738 825 2765 in
852 2739 996 2774 voluptatis

249 2821 272 2837 "
300 2821 417 2856 Philipp.
432 2829 459 2854 ιι,
475 2822 501 2848 7.
537 2822 559 2838 ”
573 2823 675 2850 Coloss.
695 2831 724 2856 ll,
739 2823 755 2850 9
767 2841 775 2849 ι

1035 234 1162 270 ,εκόμιζε
1181 234 1256 269 μόλις
1273 233 1320 260 ἐπὶ
1340 233 1371 260 τὺ
1390 233 1487 265 σώζειν
1508 233 1587 266 εἱδὸς,
1604 232 1653 260 καὶ
1675 232 1833 268 μεθίστησιν

1050 281 1100 307 οὐκ
1114 279 1273 315 ἐλευθέρως,
1285 279 1502 314 ὴναγκασμένως
1516 279 1544 305 δὲ
1561 278 1660 313 μᾶλλον
1678 278 1727 304 ἐπὶ
1740 278 1772 304 τδ
1786 278 1834 304 δεῖν

1049 325 1165 362 ὁρᾶσθαι
1179 325 1307 358 πιστοὺς;
1321 323 1385 360 Ἆρ’
1399 323 1446 352 οὖν
1460 324 1612 352 ἐνδοιαστὸν
1627 324 1678 358 ἔτι,
1698 324 1801 360 μᾶλλον
1810 324 1834 350 δὲ

1050 372 1099 407 οὐχ
1111 372 1213 399 ἅπασιν
1226 371 1350 407 ἐναργὲς,
1369 369 1407 402 ὡς
1420 370 1470 405 τῆς
1485 369 1561 402 θείας
1573 378 1603 396 τε
1617 369 1665 396 καὶ
1678 369 1834 405 ἀπορρήτου

1051 416 1148 452 βουλῆς
1169 416 1258 452 πάντη
1278 424 1309 442 τε
1325 416 1372 443 καὶ
1396 415 1506 447 πάντως
1522 415 1781 450 καταγορεύσομεν,
1801 415 1834 445 ὡς

1049 462 1101 488 οὐκ
1115 460 1145 489 εὖ
1157 462 1280 496 τιθείσης
1289 461 1324 488 τὰ
1343 460 1404 488 καθ’
1426 461 1510 497 ἡμᾶς,
1523 460 1581 487 ἀλλ’
1596 460 1649 493 ἔξω
1663 468 1717 487 που
1732 460 1835 491 εἰκότος

1050 508 1131 535 οἱονεί
1144 516 1205 539 πως
1218 507 1469 543 ,ἐκκεκομισμένηῃ
1487 506 1534 534 καὶ
1553 506 1582 534 τὸ
1593 507 1757 542 ἀμωμήτως
1779 506 1836 541 ἔχον

1051 554 1100 588 οὑχ
1125 553 1233 589 ὁρώσης
1256 553 1286 579 ἐν
1311 553 1427 588 ἀρχαῖς;
1452 553 1561 586 ’Ἄπαγε
1589 552 1640 587 τῆς
1664 551 1835 583 δυσϐουλίας.

1057 600 1159 626 ὀκνείν
1176 598 1230 634 γὰρ
1243 599 1283 630 είς
1301 598 1398 632 λόγους
1409 598 1473 629 τοὺς
1487 597 1533 624 ἐπί
1546 605 1579 631 γε
1595 598 1702 629 τούτοις
1714 597 1835 627 εὐσεϐές.

1053 645 1126 672 Ἔδει
1143 645 1175 679 δὴ
1190 642 1236 672 οὖν
1252 645 1303 672 οὐκ
1323 644 1549 680 ὴναγκασμένως,
1571 644 1661 671 πειθοῖ
1680 645 1710 671 δὲ
1725 643 1835 679 μᾶλλον.

1053 689 1232 723 μεταϐιϐάσαι
1258 689 1326 725 πρὸς
1344 689 1374 715 τὸ
1389 689 1494 724 εὐήνιον
1507 689 1571 720 τοὺς
1585 689 1639 715 τῶν
1652 688 1734 723 ιερῶν
1756 696 1834 714 σπου-

1049 734 1195 769 δασμάτων
1220 732 1450 768 ὀλιγωρήσαντας,
1480 732 1527 759 καὶ
1554 733 1696 767 μονονουχὶ
1717 731 1836 767 σκληρὸν

1051 779 1097 806 καὶ
1121 778 1262 814 ἀγέρωχον
1276 778 1489 810 ἀντανιστάντας
1509 777 1569 813 Θεῷ
1595 777 1640 804 τὸν
1664 778 1715 813 τῆς
1731 778 1837 804 ἑαυτῶν

1050 824 1169 855 διανοίας
1180 823 1290 859 αὐχένα.
1311 822 1403 859 Ταύτῃ
1418 823 1604 858 τοιπροῆλθεν
1619 822 1765 858 ἄνθρωπος
1787 832 1838 849 πα-

1052 865 1180 906 ραδόξως,
1196 870 1243 896 καὶ
1268 869 1338 905 ὑπὲρ
1354 868 1417 896 νοῦν
1441 869 1621 905 ἀνθρώπινον,
1643 870 1658 896 ὁ
1688 868 1838 904 μονογενὴς

1050 916 1095 943 τοῦ
1113 915 1180 942 Θεοῦ
1196 916 1293 950 Λόγος,
1308 915 1356 942 καὶ
1368 916 1539 951 συνεστράφη
1554 916 1610 947 τοῖς
1622 916 1668 942 ἐπὶ
1679 915 1744 950 γῆς,
1759 915 1837 942 τοῦτο

1053 962 1103 997 μὲν
1122 962 1246 997 σημείοις
1268 969 1298 987 τε
1327 960 1375 988 καὶ
1404 961 1500 997 τέρασι
1524 962 1579 992 τοῖς
1595 961 1665 997 ὑπὲρ
1690 960 1837 997 ἀνθρώπου

1050 1007 1132 1042 φύσιν
1155 1016 1185 1034 τε
1212 1007 1258 1034 καὶ
1270 1007 1396 1042 δύναμιν,
1411 1007 1566 1035 ἀναπείθων
1592 1009 1694 1034 ἐννοεῖν
1712 1008 1755 1034 ὅτι
1771 1007 1836 1039 Θεὸς

1049 1050 1094 1089 ἦν,
1110 1054 1139 1080 ὲν
1161 1053 1226 1080 εῐδει
1240 1053 1279 1089 τῷ
1304 1053 1366 1081 καθ’
1393 1055 1466 1089 ἡμᾶς
1483 1053 1682 1090 χρειωδέστατα
1703 1053 1836 1088 γεγονὼς,

1048 1099 1087 1130 ὡς
1102 1099 1169 1134 ἔφην
1179 1108 1185 1114 ·
1200 1099 1280 1126 τοῦτο
1295 1099 1324 1126 δὲ
1341 1101 1400 1131 ταῖς
1416 1099 1486 1135 ὑπὲρ
1504 1099 1586 1134 νόμον
1607 1100 1773 1135 είσηγήσεσι
1787 1100 1837 1134 τῆς

1050 1145 1168 1180 ἀληθοῦς
1182 1145 1298 1177 εὐζωῖας
1311 1145 1468 1180 ὑποφαίνων
1483 1146 1612 1181 τρόπους,
1629 1146 1676 1172 καὶ
1690 1145 1838 1182 τερθρείας

1057 1191 1206 1225 Ἰουδαϊκῆς
1222 1192 1350 1219 ἐπέκεινα
1364 1192 1462 1224 τιθεὶς,
1474 1192 1579 1226 καὶτῆς
1592 1191 1710 1227 ἀληθοῦς
1724 1191 1840 1226 θεογνω-

1052 1237 1113 1268 σίας
1126 1239 1186 1269 ταῖς
1196 1237 1251 1264 τῶν
1266 1238 1448 1264 πιστευόντων
1464 1237 1589 1274 καρδίαις
1602 1238 1839 1273 ὲπαναστράπτων

1050 1282 1099 1318 τὴν
1116 1282 1227 1316 γνῶσιν.
1247 1283 1326 1310 Ἔστι
1338 1283 1392 1318 γὰρ
1403 1283 1485 1315 αὐτὸς
1498 1285 1514 1319 ή
1531 1284 1654 1319 ἀλήθεια,
1667 1285 1699 1311 τὸ
1708 1284 1758 1311 τοῦ
1771 1286 1839 1311 Θεοῦ

1051 1329 1098 1354 καὶ
1113 1328 1218 1364 Πατρὸς
1233 1330 1343 1365 γνήσιον
1362 1330 1494 1365 γέννημα.
1513 1330 1544 1356 Εί
1567 1330 1619 1365 μὲν
1632 1329 1678 1358 οὖν
1693 1331 1840 1367 ἄνθρωπον

1050 1372 1116 1399 ὅντα
1135 1373 1223 1400 κοινὸν
1245 1374 1454 1409 τεθεοποιῆσθαί
1471 1383 1570 1409 φαμεν,
1598 1375 1644 1401 καὶ
1667 1377 1700 1411 τῇ
1724 1376 1794 1412 ἁγίᾳ
1809 1385 1839 1402 τε

1051 1419 1098 1444 καὶ
1110 1419 1243 1454 ὁμοουσίῳ
1258 1420 1353 1456 Τριὰδι
1364 1420 1458 1455 ἕτερον
1471 1420 1538 1447 Θεὸν
1552 1421 1775 1457 ὲπεισκρίνομεν,
1792 1423 1841 1449 ἁν-

1052 1463 1259 1500 θρωπολατρεία
1275 1466 1306 1492 τὸ
1333 1466 1437 1501 χρῆμα,
1455 1466 1505 1492 καὶ
1531 1465 1625 1501 ἕτερον
1652 1467 1741 1494 οὐδέν.
1759 1467 1793 1493 Εἰ
1813 1467 1841 1493 δὲ

1053 1509 1133 1545 φύσει
1156 1519 1184 1537 τε
1202 1511 1248 1537 καὶ¹
1271 1510 1378 1546 ἀληθῶς
1397 1511 1471 1543 Υίὺν,
1502 1511 1549 1538 καὶ
1565 1512 1597 1538 ἐκ
1613 1513 1663 1547 τῆς
1680 1512 1777 1544 οὐσίας
1792 1513 1841 1539 τοῦ

1053 1555 1121 1582 Θεοῦ
1133 1556 1180 1582 καὶ
1193 1556 1300 1593 Πατρὸς
1314 1556 1512 1591 ἀναλάμψαντα
1526 1557 1623 1591 Λόγον,
1639 1557 1685 1584 τὸν
1703 1558 1760 1584 τῶν
1772 1558 1841 1585 ὅλων

1052 1601 1240 1637 γενεςιουργὺν
1257 1601 1304 1628 καὶ
1327 1601 1463 1637 τεχνίτην,
1479 1601 1586 1638 ὁρατῶν
1601 1610 1631 1628 τε
1642 1602 1689 1628 καὶ
1700 1603 1840 1638 ἀοράτων,

1052 1646 1188 1683 αἰσθητῶν
1207 1655 1236 1674 τε
1252 1648 1299 1674 καὶ
1313 1647 1480 1683 ἐπιστητῶν,
1495 1648 1544 1684 τὴν
1561 1648 1629 1683 πρὸς
1649 1649 1724 1684 ἡμᾶς
1739 1650 1842 1685 ὁμοίω-

1052 1701 1094 1719 σιν
1108 1693 1232 1720 ὑπελθεῖν
1247 1693 1375 1729 ἀρρήτως
1389 1702 1419 1720 τε
1431 1695 1478 1721 καὶ
1495 1694 1565 1730 ὑπὲρ
1582 1694 1645 1722 νοῦν
1659 1697 1688 1722 αἱ
1709 1695 1841 1723 θεόπνευ-

1052 1746 1109 1764 aeut
1121 1739 1314 1773 χρησμῳδοῦσι
1335 1739 1452 1773 Γραφαὶ,
1470 1740 1654 1774 μεμενηκέναι
1670 1749 1702 1774 γε
1721 1740 1776 1776 μὴν
1794 1742 1841 1768 καὶ

1051 1782 1121 1808 οὕτω
1133 1783 1197 1808 Θεὸν
1225 1784 1375 1817 (ἄτρεπτος
1392 1785 1446 1819 γὰρ
1475 1785 1543 1811 κατὰ
1568 1786 1647 1818 φύσιν
1664 1787 1749 1821 ἐστὶ),
1766 1787 1794 1812 τί
1810 1787 1840 1813 τὸ

1051 1828 1220 1863 ἀπίθανον,ἢ
1239 1829 1442 1864 κατεψεγμένον
1463 1830 1478 1865 ἦ
1495 1831 1540 1856 καὶ
1554 1831 1699 1864 ἀνέφικτον
1715 1831 1786 1863 ὅλως
1811 1833 1840 1857 ἐν

1050 1876 1106 1903 τοῖς
1124 1874 1187 1908 παρ’
1207 1875 1271 1908 ἡμῖν
1289 1876 1385 1909 ὁρᾶται
1404 1875 1551 1909 δόγμασινς
1575 1876 1655 1902 Ἀλλὰ
1679 1876 1733 1913 γὰρ
1751 1876 1838 1912 βραχύ

1051 1928 1116 1952 φατι
1142 1920 1170 1945 τὸ
1189 1921 1267 1955 σῶμα
1290 1921 1320 1946 τὸ
1342 1921 1520 1956 ἀνθρώπινον,
1550 1923 1597 1949 καὶ
1621 1923 1708 1958 ῥύπου
1726 1926 1837 1959 μεστόν.

1057 1967 1167 2001 ’Λληθὲς
1194 1968 1281 2000 τοῦτο,
1302 1969 1348 1994 καὶ
1373 1969 1422 1995 οὐκ
1451 1970 1616 2005 ἀρνήσομαι.
1649 1971 1723 2006 Πλὴν
1748 1972 1838 1998 ἐκεῖνο

1049 2012 1136 2047 ἄθρει.
1152 2014 1247 2046 Γέγονε
1267 2014 1315 2048 μὲν
1341 2015 1403 2050 γὰρ,
1421 2015 1457 2047 ὡς
1469 2016 1548 2051 ἔφην,
1567 2018 1595 2043 ἐν
1619 2018 1774 2053 ὁμοιώματι
1792 2019 1839 2045 ἁν-

1051 2058 1177 2092 ῢρῶπων,
1191 2060 1260 2085 κατὰ
1278 2060 1308 2085 τὺ
1320 2062 1524 2096 γεγραμμένον,
1543 2063 1589 2088 καὶ
1602 2063 1630 2089 ὲν
1646 2064 1711 2089 εῖδει
1726 2064 1765 2099 τῷ
1776 2065 1837 2091 καθ’

1049 2104 1123 2137 ἡμᾶς
1133 2104 1248 2139 ἀληθῶς.
1267 2105 1339 2141 Πλὴν
1358 2107 1387 2132 οὑ
1406 2107 1582 2134 συνεστάλθαι
1600 2109 1691 2143 φαμὲν
1706 2109 1752 2135 τὸν
1765 2110 1837 2144 ἀχώ-

1050 2158 1142 2183 ρητον,
1157 2150 1218 2175 οὒτε
1240 2151 1292 2186 μὴν
1311 2151 1349 2186 τῷ
1374 2151 1421 2177 τοῦ
1452 2152 1576 2187 σώματος
1604 2155 1837 2189 ὲμπεριειλῆφοαι

1015 2215 1035 2242 D
1052 2195 1152 2229 μέτρῳ.
1167 2196 1269 2230 Κομιδῇ
1286 2196 1338 2230 γὰρ
1352 2197 1448 2231 εὔηθες
1469 2199 1514 2224 καὶ
1532 2198 1660 2225 ἀσύνετον
1682 2200 1838 2236 ὸλοτρόπως

1055 2243 1168 2266 τοιοῦτον
1194 2250 1217 2266 τι
1238 2243 1319 2275 φάναι
1347 2243 1410 2278 περὶ
1434 2243 1501 2269 Θεοῦ
1526 2244 1572 2270 τοῦ
1598 2245 1669 2271 κατὰ
1692 2245 1774 2279 φύσιν
1793 2248 1838 2272 καὶ

1050 2286 1164 2320 ἀληθῶς,
1188 2285 1232 2318 Εἷς
1255 2288 1303 2321 μὲν
1319 2288 1372 2323 γὰρ
1390 2288 1426 2314 ὢν
1442 2289 1487 2315 καὶ
1506 2290 1585 2323 μόνος
1600 2290 1663 2321 Υἱὸς
1678 2291 1726 2317 καὶ
1741 2300 1836 2326 σωμα-

1049 2333 1127 2366 τικῆς
1139 2333 1287 2365 φαντασίας
1304 2334 1432 2360 ἐπέκεινα
1449 2335 1597 2366 παντελῶς,
1614 2335 1674 2366 ὅλος
1691 2336 1750 2362 ἐστὶ
1768 2338 1837 2362 κατα

1052 2378 1158 2411 μέθεξιν
1175 2379 1202 2404 ἐν
1222 2380 1302 2405 παντί
1315 2388 1344 2405 τε
1373 2380 1420 2405 καὶ
1434 2380 1569 2415 πανταχῆ,
1587 2381 1634 2406 καὶ
1656 2382 1686 2407 ἐν
1705 2383 1761 2412 τοῖς
1775 2383 1837 2408 καθ’

1048 2422 1095 2447 ἕνα
1121 2423 1272 2457 σχετικὼς,
1297 2424 1333 2458 μὴ
1361 2424 1556 2459 μεριζόμενος,
1584 2425 1622 2460 μὴ
1649 2426 1835 2460 τεμνόμενος.

1049 2467 1106 2493 ἀλλ’
1122 2468 1173 2500 ἔξω
1186 2470 1293 2495 πάντων
1307 2472 1338 2505 τῇ
1358 2470 1447 2503 φύπει,
1465 2471 1511 2497 καὶ
1530 2471 1559 2497 ἐν
1574 2473 1657 2498 πᾶσιν
1671 2473 1684 2498 ὁ
1695 2472 1772 2503 Θεός.
1793 2472 1836 2498 Ἑν

1046 2514 1143 2548 ἐκείνῳ
1157 2515 1184 2540 δὲ
1208 2515 1245 2549 τῷ
1267 2516 1396 2550 πανάγνῳ
1418 2516 1463 2541 καὶ
1478 2517 1546 2550 ἁγίῳ
1564 2515 1671 2550 σώματι
1690 2517 1835 2552 κατῴκηχε

1051 2559 1099 2594 μὲν
1120 2560 1149 2586 τὸ
1175 2560 1309 2595 πλήρωμα
1336 2562 1385 2595 τῆς
1414 2561 1539 2595 θεότητος
1563 2562 1738 2596 σωματικῶς,
1767 2563 1836 2589 καθὰ

1049 2603 1214 2638 γέγραπται,
1234 2606 1280 2630 καὶ
1293 2604 1326 2639 ἧν
1343 2605 1379 2636 ὡς
1402 2605 1430 2630 ἐν
1449 2605 1501 2640 ἰδίᾳ
1519 2606 1611 2640 σαρκὶ,
1631 2605 1701 2640 πλὴν
1715 2606 1835 2641 ἐπλήρου

1049 2650 1095 2675 καὶ
1109 2649 1179 2675 οὕτω
1195 2651 1228 2676 τὰ
1246 2650 1343 2676 πάντα.
1356 2651 1462 2685 Ὥσπερ
1476 2651 1503 2677 δὲ
1520 2651 1569 2685 τῆς
1587 2651 1703 2687 ἡλιακῆς
1716 2653 1834 2683 ἀκτῖνα,

1049 2696 1064 2730 ἣ
1082 2697 1211 2731 τέλματιν
1229 2698 1399 2732 ἐμϐαλούσης
1421 2698 1503 2732 ἤγουν
1519 2698 1626 2733 ἑτέραις
1641 2698 1835 2734 ἁκαθαρσίαις,

1050 2742 1112 2776 περὶ
1142 2743 1226 2777 αὐτὴν
1254 2744 1327 2769 ἔσται
1352 2743 1382 2768 τὸ
1411 2743 1508 2777 βλάϐος
1539 2743 1632 2769 οὐδέν·
1655 2742 1726 2770 οὕτω
1750 2744 1796 2770 καὶ
1820 2744 1835 2778 ἡ
