1894 3056
97 163 152 191 9M

664 155 803 185 CONTRA
822 154 996 184 JULIANUM
1017 154 1082 182 LIB.
1103 153 1172 182 VIII.
1194 150 1206 157 ”

1671 153 1724 180 9ίῖ

99 223 239 258 ἄχραντος
251 229 298 247 κα.
315 219 332 255 ἡ
346 219 483 254 ἀκήρατος
494 216 585 252 φύσις,
598 211 687 242 κᾶνεί
703 214 828 250 ὡμίλησε
842 222 888 240 τυ-

950 213 1060 240 ίιιιιιίιιιιι
1085 211 1164 238 facile
1181 210 1290 242 cadunt,
1304 213 1332 236 et
1356 209 1383 236 in
1401 209 1497 244 scipsis
1521 207 1644 236 laborant
1667 209 1724 242 lege

99 268 151 303 χὺν
169 268 225 298 τοῖς
240 265 295 292 ἀπὸ
306 264 356 300 γῆς
371 264 506 299 σώμασιν,
517 261 621 297 ὀνίνησι
642 260 741 296 μᾶλλον
756 259 826 287 αὐτὰ
843 260 890 286 καὶ

100 314 159 341 τῶν
171 313 274 340 ἀδικεῖν
284 310 447 345 πεφυκότων
461 309 537 336 οὐδὲν
549 309 589 340 εἰς
599 308 698 343 ἑαυτὴν
711 306 889 342 ἀναμάξεται.

101 358 306 394 Προσεπειπεῖν
323 357 361 389 δὲ,
377 354 464 391 οἶμαι,
480 355 591 382 κάκεῖνο
602 353 712 391 πρέπει.
720 353 760 380 Τὰ
778 353 827 388 μὲν
836 353 890 388 γὰρ

102 405 228 441 ἡμέτερα
253 403 368 438 σώματα
393 402 440 429 καὶ
458 400 553 428 παθῶν
574 401 690 436 ἡττᾶται
717 400 764 426 καὶ
791 399 888 426 πίπτει

104 450 207 486 ῥᾳδίως
223 450 262 482 εἰς
279 448 310 475 τὸ
327 447 480 483 φιλήδονον,
496 447 544 473 καὶ
559 445 605 472 τόν
619 453 651 479 γε
673 444 724 479 τῆς
751 443 888 479 ἁμαρτίας

104 496 136 523 ἐν
153 495 245 530 σφίσιν
270 494 361 525 αὐτοῖς
376 492 572 528 ἠρῤωστήκασι
592 491 682 526 νόμον.
706 489 775 517 Ἀλλ’
790 490 840 515 οὐκ
860 488 889 515 ἕν

102 548 136 567 τε
147 540 186 575 τῷ
200 539 264 574 θείῳ
279 539 327 565 καὶ
350 537 418 573 ἁγίῳ
433 536 480 564 τοῦ
502 536 620 571 Χριστοῦ
646 535 751 571 σώματι
769 534 888 561 τοιοῦτόν

943 259 1058 294 peccati.
1077 257 1130 285 Sed
1158 257 1184 284 in
1210 257 1301 283 divino
1322 260 1350 282 et
1370 261 1465 282 sancto
1490 254 1588 281 Christi
1610 261 1724 288 corpore

944 303 1031 331 nullas
1052 302 1185 336 ejusmodi
1205 301 1423 336 perturbationes
1438 300 1521 327 fuisse
1536 299 1661 331 dicimus,
1677 302 1724 326 sed

943 352 1112 376 evanuerunt
1136 355 1229 375 Omnes
1244 347 1356 374 affectus
1377 347 1459 373 etiam
1482 345 1723 376 vehementissimi,

942 400 969 422 et
981 394 1207 423 sanctificatione.
1229 399 1355 427 tanquam
1371 393 1476 426 propria
1494 399 1537 418 res
1550 396 1622 418 esset
1643 390 1722 418 Verbi

943 441 992 475 ipsi
1016 440 1083 467 uniti
1107 445 1135 467 et
1159 438 1346 471 inhabitantis,
1368 437 1557 472 locupletatum
1579 441 1630 464 est.
1656 436 1725 463 San-

943 493 1016 515 ctum
1033 488 1104 515 enim
1123 487 1253 522 templum
1273 491 1332 514 erat
1353 485 1421 520 ejus,
1438 485 1483 520 qui
1504 492 1612 512 omnetn
1642 485 1722 511 aliam

944 541 1050 568 quoque
1063 538 1214 561 creaturam
1231 533 1391 560 sanctificat.

103 595 132 612 τι
147 584 306 620 κεκινῆσθαί
321 592 422 619 φαμεν,
448 582 506 610 ἀλλ’
525 580 559 618 ἦν
588 582 696 608 ἅπαντα
718 581 821 616 φροῦδα
841 580 888 607 καὶ
908 578 1087 606 ἐκτοπώτατα
1109 580 1164 607 τῶν
1190 579 1295 611 παθῶν,
1316 578 1364 605 καὶ
1396 578 1434 610 ὡς
1466 578 1531 604 ἴδιον
1550 578 1663 612 γεγονὸς.
1677 578 1724 604 τοῦ

104 632 253 664 ὲ-ιωθέντος
268 631 396 667 αὐτῷκαὶ
408 630 574 662 ἐνοικοῦντος
590 629 688 664 Λόγου,
706 627 886 656 κατεπλούτει
906 627 953 656 τὸν
965 627 1109 663 ἁγιασμόν.
1127 628 1200 660 Nam;
1231 627 1285 662 γὰρ
1295 625 1329 663 ἦν
1346 627 1423 661 ἅγιος
1451 625 1497 653 τοῦ
1510 626 1556 652 καὶ
1573 626 1621 661 τὴν
1643 626 1724 661 ἀλλην

105 681 217 708 ἃπασαν
236 680 393 714 ἀγιάζοντος
406 680 503 706 κτίσιν.

143 726 330 761 Κατατέθηπα
351 725 390 757 δὲ,
408 725 448 751 ὅτι
471 724 525 751 τῶν
543 724 593 760 μὲν
619 723 774 759 Πορφυρίου
796 731 826 750 τε
842 723 891 750 καὶ

114 771 259 799 Ἰουλιανοῦ
283 770 426 805 δογμάτων
442 778 473 796 τε
497 769 544 796 καὶ
560 769 647 803 λόγων
663 768 730 795 πολὺ
750 767 780 794 τὸ
799 767 893 803 θαῦμά

107 818 169 843 ἔστι
183 816 256 852 παρά
271 816 327 846 τοῖς
344 815 478 850 Ἑλλήνων
501 815 590 844 παισὶ,
605 813 704 847 γελῶσι
725 812 753 838 δὲ
769 812 802 838 τὰ
820 812 891 847 Χρι-

976 723 1060 750 Miror
1081 730 1162 757 porro
1177 722 1246 757 apud
1263 722 1418 749 Graecorum
1446 720 1515 748 filios
1536 719 1677 754 Porphyrii
1696 724 1724 746 ct

939 768 1037 796 Juliani
1054 769 1151 802 placita
1180 773 1322 801 tantopere
1341 767 1456 802 suspici,
1482 766 1634 793 Christiana
1660 772 1724 792 vero

941 814 1084 846 derideri,
1117 814 1240 848 quamvis
1268 820 1356 839 rerum
1380 812 1499 839 omnium
1523 811 1665 838 veritatem
1692 811 1718 836 iu

108 861 239 893 πιανῶν,
266 859 356 886 καίτοι
370 859 400 885 τὸ
414 859 456 893 ἐφ’
471 858 572 885 ἅπασιν
585 857 685 893 ἀληθὲς
695 857 723 883 ἐν
741 865 773 891 γε
788 857 819 892 δὴ
832 856 894 891 σφί-

950 860 1042 894 seipsis
1066 860 1160 894 utique
1180 859 1297 894 pariant.
1318 856 1373 884 Nos
1396 857 1479 889 enim,
1504 862 1533 883 ut
1554 861 1633 883 antea
1655 855 1726 882 dixi-

110 915 154 933 σιν
169 907 260 937 αὐτοῖς
274 905 412 932 ὠδίνοντα.
431 904 526 940 Ἡμεῖς
548 904 597 939 μὲν
609 903 674 939 γὰρ,
687 903 757 929 καθὰ
775 902 894 937 φθάσαν-

108 960 157 983 τες
171 952 293 987 εἴπομεν,
311 950 356 978 τδν
371 949 505 986 μονογενῆ
522 949 567 976 τοῦ
582 949 650 975 Θεοῦ
663 948 748 983 Λόγον
761 947 895 983 ὲνανθρω-

110 998 200 1033 πῆσαι
214 997 389 1032 πιστεύομεν,
413 996 484 1031 ὑπέρ
499 1004 531 1030 γε
550 995 597 1022 τοῦ
619 994 705 1021 σῶσαι
719 994 767 1030 τὴν
782 994 826 1021 ὑπ’
847 994 895 1020 οὑ-

112 1043 205 1080 ρανόν.
217 1041 372 1078 Πορφύριος
381 1041 410 1068 δὲ
421 1041 498 1076 γένος
512 1039 581 1068 slva!
593 1049 621 1066 τι
640 1039 708 1066 θεῶν
722 1039 894 1072 διατείνεται,

109 1089 159 1122 οὒς
170 1090 202 1126 δὴ
217 1090 265 1116 καὶ
273 1088 424 1125 τρέπεσθαι
448 1087 521 1115 κατά
536 1087 649 1123 καιροὺς
672 1087 712 1118 εις
735 1086 895 1122 ἀνθρώπους

111 1137 205 1172 φησὶν,
224 1136 306 1163 οἱονεὶ
322 1135 368 1162 τὸν
391 1135 454 1162 καθ’
479 1134 554 1170 ἡμᾶς
569 1132 720 1168 ἀθύροντας
741 1132 808 1168 βίον.
831 1132 896 1158 Ἰου-

110 1181 203 1214 λιανός
216 1190 248 1216 γε
273 1181 327 1217 μὴν
344 1180 409 1216 περὶ
427 1179 592 1213 Ἀσκληπιοῦ
607 1187 690 1214 φησιν
704 1178 754 1204 οὐκ
776 1176 824 1204 οἷδ’
838 1178 852 1204 ὃ
870 1186 895 1204 τι

111 1226 355 1263 διενθυμούμενοςν
382 1225 490 1253 Ἐλαθέ
515 1233 553 1261 με
574 1224 682 1259 μικροῦ
699 1223 732 1250 τὸ
753 1224 897 1258 μέγιστον

111 1272 172 1300 τῶν
193 1273 292 1301 Ἡλίου
318 1272 367 1299 καὶ
390 1272 457 1304 Διὸς
484 1271 596 1305 δώρων.
618 1271 748 1302 Εἰκότως
771 1269 803 1296 δὲ
823 1269 897 1296 αὐτὸ

111 1318 250 1352 ἐφύλαξα
262 1318 297 1345 ἐν
310 1317 350 1350 τῷ
362 1317 451 1344 τέλει.
471 1316 528 1344 Kal
551 1317 605 1351 γὰρ
625 1317 680 1342 οὐκ
709 1315 787 1342 ῑδιόν
813 1315 898 1342 ἐστιν

111 1363 199 1398 ἡμῶν
209 1365 315 1398 μόνον,
330 1364 410 1395 ἀλλ’,
424 1361 515 1398 cluat.
528 1362 634 1390 κοινὸν
647 1362 723 1396 πρὸς
735 1362 896 1393 Ἕλληνας,

112 1410 186 1442 τοὺς
205 1408 367 1444 ἡμετέρους
384 1409 550 1444 συγγενεῖς.
579 1409 609 1435 ’0
634 1407 690 1442 γάρ
703 1415 748 1434 τοι
772 1406 846 1439 Ζεὺς
864 1406 899 1432 ἐν

112 1455 170 1489 μὲν
181 1454 243 1487 τοῖς
253 1454 371 1488 νοητοῖς
384 1453 418 1486 ἐξ
438 1453 531 1481 αὐτοῦ
547 1453 601 1480 τὸν
618 1451 800 1485 Ἀσκληπιὸν
819 1450 898 1484 ἐγέν-

112 1507 212 1533 νησεν
223 1508 231 1515 ·
244 1501 287 1533 εἰς
310 1500 344 1526 δὲ
358 1499 415 1534 τὴν
439 1499 488 1526 διὰ
502 1498 556 1533 τῆς
578 1498 668 1532 ἡλίου
688 1498 812 1533 γονίμου
825 1496 898 1531 ζωῆς

946 914 1017 939 mus,
1032 905 1199 940 unigenitum
1213 904 1259 931 Dei
1275 903 1390 931 Verbum
1409 903 1577 929 incarnatum
1589 908 1649 928 esse
1663 908 1725 928 cre-

945 952 1044 983 dimus,
1069 956 1097 978 ut
1119 958 1205 985 genus
1229 949 1366 976 hominum
1393 947 1511 974 salvaret
1532 955 1539 973 :
1559 947 1725 982 Porphyrius

945 1003 1035 1024 autern
1050 997 1185 1032 quoddam
1198 1003 1281 1031 genus
1293 1002 1354 1022 esse
1370 994 1480 1021 deorum
1497 993 1648 1024 contendit,
1659 1000 1727 1026 quos

945 1043 1025 1071 etiam
1053 1044 1080 1070 in
1105 1042 1229 1070 homines
1258 1041 1355 1068 tutttari
1378 1039 1461 1067 certis
1486 1038 1651 1073 temporibus
1671 1040 1721 1069 ait,

945 1097 994 1117 ceu
1020 1093 1142 1117 nostram
1159 1088 1242 1114 vitam
1268 1087 1294 1114 in
1320 1085 1423 1113 deliciis
1444 1085 1584 1112 habentes.
1604 1083 1728 1111 Julianus

945 1143 1027 1170 porro
1040 1135 1073 1162 de
1087 1133 1257 1167 IEsculapio,
1271 1132 1363 1160 nescio
1377 1131 1442 1166 quid
1457 1131 1590 1165 cogitans,
1607 1131 1644 1157 ita
1659 1129 1727 1157 scri-

945 1181 1008 1208 bit:
1037 1181 1107 1208 Pene
1127 1189 1167 1208 me
1190 1181 1257 1215 fugit
1281 1181 1344 1207 solis
1359 1188 1389 1206 at:
1403 1179 1475 1206 lovis
1491 1180 1619 1206 donorum
1643 1180 1728 1206 maxi-

946 1235 1027 1255 mum.
1043 1227 1115 1254 Illud
1135 1235 1193 1254 vero
1209 1235 1259 1254 non
1279 1228 1325 1254 ab:
1342 1235 1369 1253 re
1392 1227 1425 1253 ad
1440 1227 1517 1261 ﬁnem
1539 1226 1648 1253 servavi.
1667 1225 1728 1253 Non

947 1272 1014 1300 enim
1030 1273 1113 1299 nostri
1131 1273 1258 1299 duntaxat
1278 1273 1413 1305 proprium
1432 1276 1482 1302 est,
1501 1272 1545 1298 sed
1566 1270 1676 1304 erois,
1699 1275 1727 1297 ut

947 1319 1074 1351 arbitror,
1090 1327 1238 1352 commune,
1257 1320 1353 1345 nostris
1366 1318 1518 1353 gentilibus.
1539 1317 1643 1351 Jupiter
1660 1318 1727 1344 enim

947 1366 1014 1392 inter
1025 1373 1056 1391 ea
1072 1373 1129 1399 qua:
1144 1370 1227 1392 mente
1242 1370 1429 1391 cernuntur-e1:
1448 1372 1474 1390 se
1495 1363 1583 1398 genuit
1600 1363 1728 1389 jEscula-

947 1409 1018 1444 pium
1031 1417 1040 1435 :
1057 1410 1083 1436 in
1097 1415 1167 1436 terra
1185 1418 1244 1436 vero
1257 1417 1302 1443 per
1317 1410 1455 1443 fecundam
1473 1409 1556 1444 288
1570 1409 1632 1435 solis
1650 1410 1728 1435 vitam

948 1456 1032 1483 editus
1045 1461 1093 1483 est.
1108 1455 1160 1482 Ilio
1171 1464 1184 1483 e
1195 1456 1258 1482 (:on
1274 1457 1301 1482 in
1312 1461 1408 1482 terram
1426 1464 1588 1491 progressus,
1604 1464 1657 1482 una
1670 1457 1730 1490 qui-

949 1501 1006 1527 dem
1026 1501 1053 1528 in
1073 1501 1186 1528 hominis
1206 1502 1293 1536 forma
1315 1502 1385 1528 circa
1411 1501 1577 1534 Epidaurum
1595 1502 1728 1536 apparuit.

113 1545 273 1579 ἐξέφηνεν.
290 1543 383 1578 Οὗτος
396 1545 446 1572 ἐπὶ
465 1545 521 1580 τῆς
533 1545 567 1577 ἐξ
586 1543 715 1579 οὐρανοῦ
737 1543 899 1577 ποιησάμε-

952 1545 1018 1572 Inde
1029 1546 1130 1580 longius
1150 1547 1293 1581 profectus,
1317 1547 1345 1573 in
1368 1554 1469 1574 onmem
1488 1551 1619 1573 terrarum
1643 1547 1730 1573 orbem

113 1599 169 1624 νος
191 1590 248 1625 τὴν
270 1591 408 1625 πρόοδον,
435 1590 572 1624 ἐνοειδῶς
596 1590 654 1625 μὲν·
682 1589 717 1616 ἐν
741 1588 897 1622 ἀνθρώπου

112 1636 216 1672 μορφῇ
235 1637 301 1671 περὶ
316 1637 372 1671 τὴν
389 1637 566 1671 Ἐπίδαυρον
585 1635 726 1670 ἐνεφάνη.
742 1636 896 1669 Πληθυνό-

114 1692 208 1719 μενος
223 1683 257 1709 δὲ
267 1683 354 1711 ἐνθεν
376 1682 440 1716 ταῖς
457 1682 604 1717 περιόδοις
621 1682 669 1709 ἐπὶ
690 1679 793 1709 πᾶσαν
807 1679 899 1713 ὤρεξε

114 1730 175 1764 τὴν
189 1729 246 1765 γῆν
258 1729 315 1763 τὴν
326 1730 474 1767 σωτήριον
483 1728 591 1756 ἑαυτοῦ
605 1727 720 1760 δεξιάν.
745 1727 841 1754 Καίτοι
857 1726 899 1757 τίς

114 1775 261 1810 ἠγνόηκεν,
271 1775 312 1801 ὅτι
328 1775 377 1810 τὴν
394 1774 516 1809 ἰατρικὴν
527 1774 682 1809 ἐπιστήμην
699 1770 728 1799 εὖ
749 1773 821 1807 μάλα
835 1779 899 1798 κατ-

116 1816 266 1854 ωρθωκὼς,
276 1821 323 1847 καὶ
334 1820 416 1847 ταὺτὸ
425 1820 456 1855 δὴ
469 1820 547 1846 τοῦτο
560 1820 607 1846 καὶ
618 1819 708 1854 μόνον,
718 1819 792 1853 παρά
801 1827 833 1852 γε
843 1819 899 1850 τοῖς

117 1867 215 1893 εἰδόσιν
227 1866 308 1892 αὑτὸν
327 1864 506 1900 ἐθαυμάζετο,
522 1865 647 1899 πέπραχε
670 1864 699 1891 δὲ
719 1864 772 1890 τῶν
787 1864 900 1897 ἀξιαγά-

118 1919 190 1938 στων
206 1911 301 1944 οὒδέν;
317 1911 349 1936 Τί
369 1910 423 1945 γὰρ
443 1910 496 1936 τῶν
518 1909 682 1945 Ἀσκληπιοῦ
711 1909 821 1943 γέγονεν
840 1909 899 1941 ἀξι-

117 1958 271 1988 ἀκουστον;
297 1955 397 1991 μᾶλλον
418 1955 446 1981 δὲ
469 1955 511 1986 τίς
524 1955 596 1982 οὓτω
617 1955 741 1982 διόλωλεν
766 1954 899 1990 οἰκτρῶς;

117 2002 297 2038 κατεπρήσθη
322 2002 376 2037 γὰρ
395 2001 531 2037 κεραυνῷ,
555 2002 603 2028 καὶ
630 2001 682 2037 μὴν
699 2001 746 2028 καὶ.
761 2002 800 2033 εις
823 2000 901 2036 δεῦρο

118 2050 210 2075 κεῖται
226 2048 331 2083 νεκρὸς,
346 2047 406 2073 οὐδὲ
417 2047 479 2073 ὅποι
492 2047 557 2073 ποτὲ
570 2047 622 2081 γῆς
638 2048 711 2073 ἐστιν
728 2046 835 2073 εἰδότων
847 2046 901 2072 τῶν

118 2093 344 2129 προσκυνούντων
361 2092 443 2127 αὐτῷ.
458 2093 518 2119 Ὅτι
532 2092 560 2119 δὲ
584 2091 738 2127 ψευδοεπεῖ,
760 2091 901 2127 προελθεῖν

120 2140 172 2175 μὲν
189 2139 218 2172 ἐξ
239 2139 353 2175 οὐρανοῦ
377 2139 476 2173 λέγων,
489 2138 580 2174 ὀρέξαι
592 2139 620 2165 δὲ
640 2139 687 2165 καὶ
713 2139 786 2174 πάσῃ
806 2139 838 2174 τῇ
865 2139 900 2174 γῇ

118 2185 171 2220 τὴν
182 2184 278 2212 ἑαυτοῦ
293 2186 370 2220 χεῖρα
385 2185 527 2220 σωτήριον,
540 2185 592 2212 κᾶν
608 2185 632 2211 ει
645 2185 682 2220 μή
696 2193 737 2216 τις
752 2184 826 2218 λέγοι
847 2185 902 2210 τῶν

951 1591 1093 1618 salutarem
1105 1601 1179 1619 suam
1197 1593 1329 1619 dexteram
1351 1593 1477 1620 extendit.
1498 1593 1656 1627 Qttanquatn
1671 1594 1731 1628 quis

951 1638 1037 1665 nescit
1051 1638 1137 1670 illum,
1150 1638 1185 1666 ob
1201 1639 1364 1673 singularem
1383 1639 1493 1666 medica:
1504 1639 1570 1666 artis
1593 1639 1730 1673 peritiam,

950 1691 1038 1718 eoque
1050 1684 1107 1712 solo
1121 1685 1242 1716 nomine,
1259 1684 1284 1711 in
1301 1685 1479 1712 admiratione
1490 1684 1574 1712 fuisse
1586 1685 1656 1719 apud
1673 1692 1731 1716 eos.

951 1729 1048 1763 quibus
1066 1734 1145 1757 notus
1158 1735 1228 1764 erat,
1255 1735 1384 1758 cteterum
1407 1730 1477 1758 nihil
1501 1731 1661 1759 admirabile
1681 1739 1728 1766 pa-

952 1776 1062 1803 trasse?
1081 1775 1150 1809 Quid
1171 1777 1243 1803 enim
1274 1776 1360 1803 fertur
1385 1781 1533 1804 memoratu
1560 1776 1670 1811 dignum
1698 1778 1732 1804 de

953 1820 1131 1854 Ailsculapio?
1150 1820 1203 1847 imo
1227 1827 1292 1848 vero
1318 1820 1380 1855 quis
1405 1826 1458 1847 tam
1482 1821 1628 1848 miserabili
1653 1823 1733 1849 modo

953 1865 1054 1901 periit?
1069 1865 1192 1893 Fuhniue
1213 1866 1285 1893 enim
1308 1865 1497 1901 conflagravit,
1513 1866 1646 1901 hodieque
1659 1875 1732 1894 mor-

953 1916 1014 1938 tuus
1025 1911 1109 1945 jacet,
1125 1918 1185 1938 cum
1205 1911 1312 1938 ubinam
1337 1917 1468 1939 terrarum
1484 1912 1530 1944 sit,
1549 1921 1582 1940 ne
1598 1913 1656 1948 ejus
1673 1913 1734 1948 qui—

954 1957 1014 1984 dem
1031 1957 1148 1984 cultores
1162 1958 1260 1984 sciant.
1275 1957 1381 1984 Mentiri
1398 1965 1479 1992 porro
1501 1958 1648 1992 lulianum,
1669 1968 1731 1992 cum

953 2004 991 2030 ait
1011 2003 1085 2031 illum
1106 2011 1122 2031 e
1141 2004 1211 2031 ccelo
1232 2004 1340 2038 quidem
1366 2005 1507 2038 prodiisse,
1531 2011 1559 2032 ct
1583 2006 1732 2034 salutarem

954 2057 1030 2077 suatn
1053 2057 1162 2076 manum
1189 2049 1317 2077 universo
1339 2054 1474 2077 terrarum
1490 2051 1550 2078 orbi
1571 2053 1734 2085 porrexisse,

954 2096 1005 2123 etsi
1019 2096 1107 2123 nullus
1123 2103 1138 2123 e
1155 2096 1257 2123 nostris
1276 2096 1358 2129 dicat,
1371 2098 1435 2131 ipsa:
1452 2105 1496 2124 res
1507 2097 1670 2125 clamabunt.
1683 2098 1735 2126 Ubi

954 2142 1026 2169 enim
1038 2141 1110 2169 facta
1124 2146 1188 2169 sunt
1201 2141 1284 2174 illius,
1298 2146 1325 2169 et
1335 2142 1409 2176 quali
1425 2147 1598 2170 monuntento
1610 2143 1736 2171 honesta-

956 2191 1000 2215 tus
1012 2187 1074 2214 est?
1094 2186 1198 2222 Quippe
1221 2186 1376 2222 genealogia
1394 2187 1453 2221 ejus
1474 2188 1544 2222 apud
1569 2188 1735 2216 medicorum

120 2230 184 2258 καθ’
201 2231 285 2266 ἡμᾶς,
299 2230 367 2257 αὐτὰ
382 2230 474 2266 βοήσει
488 2231 522 2257 τὰ
534 2230 694 2266 πράγματα.
709 2230 763 2256 Ποῦ
777 2231 830 2266 γάρ
844 2231 899 2256 ὲστι

956 2232 1024 2260 ﬁlios
1036 2232 1197 2264 celebratur,
1215 2233 1330 2259 maxime
1341 2233 1412 2266 quod
1423 2233 1448 2260 in
1461 2234 1505 2260 illa
1518 2238 1576 2261 arte
1587 2234 1734 2263 claruerit:

119 2276 157 2303 τὰ
178 2276 294 2309 ἐκείνου,
313 2276 359 2303 καὶ
383 2276 462 2308 ποίας
485 2276 600 2311 ἠξίωται
627 2276 755 2311 μνήμης;
773 2276 792 2301 Γ
794 2276 902 2302 ενεαλοη

120 2323 210 2356 γείται
225 2321 273 2357 μὲν
290 2321 345 2358 γὰρ
367 2321 443 2357 παρὰ
466 2322 522 2353 τοῖς
543 2320 642 2357 ἰατρῶν
672 2320 777 2353 παισὶν,
805 2320 852 2347 ἅτε
869 2320 902 2355 δὴ

120 2364 273 2404 διαπρέψας
298 2370 327 2396 ὲν
353 2369 438 2405 ταύτῃ
454 2370 488 2405 τῇ
503 2368 602 2405 τέχνῃ’
626 2367 777 2404 Κορωνῖδός
796 2376 828 2402 γε
850 2367 904 2403 μὴν

120 2414 308 2448 ἐκπεφυκέναι
328 2414 409 2449 φασὶν
425 2413 517 2445 αὑτὸν,
539 2413 634 2445 ἀθλίας
652 2421 704 2439 που
733 2412 780 2439 καὶ
795 2412 902 2447 ἀσήμου

91 2496 94 2497 ν
120 2458 261 2493 γυναικός.
277 2456 339 2494 Ἆρ’
358 2456 404 2486 οὖν
421 2458 530 2491 ἐξέσται
548 2458 598 2493 μὲν
614 2457 749 2493 Ἰουλιανῷ
765 2457 904 2492 μυθοπλα-

123 2505 197 2530 στείν
222 2503 241 2530 ἀ
272 2503 407 2538 βούλεται,
427 2505 473 2531 καὶ
498 2503 577 2530 τοῦτο
597 2503 824 2539 ἀνεπιπλήκτως,
858 2502 905 2529 καὶ

122 2549 222 2581 ὕθλους
233 2550 298 2585 ἡμῖν
318 2550 484 2585 ἀναγράφειν
495 2550 563 2577 πολὺ
575 2548 719 2580 νοσοῦντας
736 2548 766 2575 τὸ
778 2547 904 2579 ἀκαλλὲς,

121 2595 171 2621 καὶ
181 2595 320 2627 ἀπιθάνως
333 2596 563 2631 ἐσκευασμένους,
590 2595 638 2623 καὶ
661 2595 780 2630 γυμνοὺς
799 2593 906 2620 ἀποδεί-

122 2639 191 2672 ξεων
210 2639 264 2667 τῶν
279 2640 309 2672 ὲξ
324 2639 452 2676 ἀληθείας
470 2641 517 2667 καὶ
533 2640 705 2676 πραγμάτων
727 2638 906 2675 ὡμολογημέ-

121 2695 188 2717 νων,
203 2686 402 2723 ἀθυροστομίας
414 2687 443 2714 δὲ
463 2688 596 2714 ποιεῖσθαι
612 2688 747 2722 πρόφασιν
767 2687 798 2713 τὸ
819 2686 906 2717 οὕτως

122 2731 262 2768 ἰξαίρετον
289 2733 335 2759 καὶ
360 2734 456 2760 σεπτὸν
474 2733 582 2768 ἀληθῶς
602 2734 759 2768 μυστήριον,
779 2732 794 2758 ὃ
816 2731 907 2767 προεί-

123 2787 204 2814 ρηται
220 2778 271 2814 μὲν
290 2778 334 2805 διά
354 2787 385 2806 τε
410 2779 457 2806 τοῦ
472 2780 555 2814 νόμου
577 2779 625 2805 καὶ
639 2778 787 2814 προφητῶν
810 2777 905 2811 ἁγίων.

121 2823 193 2859 ἢχθη
209 2832 242 2857 γε
256 2823 310 2860 μὴν
322 2825 363 2856 εις
377 2824 475 2860 πέρας,
492 2824 749 2860 ὲνανθρωπήσαντος
761 2822 807 2849 τοῦ
819 2823 906 2849 Μονο-

125 2867 240 2901 γενοῦς;
255 2867 286 2895 El
303 2868 353 2903 μὲν
381 2866 427 2895 οὖν
442 2869 499 2901 τοῖς
523 2868 755 2904 προηγγελμένοις
777 2867 806 2893 οὐ
822 2873 907 2901 προσο

953 2282 1138 2305 verumtamen
1157 2283 1320 2313 prognatum
1338 2279 1424 2312 ipsum
1440 2279 1516 2306 aiunt
1532 2287 1566 2306 ex
1589 2279 1733 2313 Coronide,

953 2322 1052 2350 misera
1067 2330 1163 2357 nempe
1178 2328 1206 2350 et
1221 2323 1330 2358 ignobili
1348 2324 1470 2351 tnuliere.
1485 2325 1524 2351 An
1549 2332 1614 2360 ergo
1628 2324 1735 2353 Iuliano

953 2367 1045 2395 licebit
1057 2367 1164 2401 impune
1179 2368 1279 2402 lingere
1295 2376 1356 2402 qua:
1375 2368 1450 2402 velit,
1472 2374 1499 2396 et
1516 2369 1630 2397 infames
1651 2377 1736 2405 nugas

955 2413 1084 2445 scribere,
1100 2412 1259 2447 fabulasque
1274 2409 1461 2447 incredibiles,
1480 2415 1552 2442 veris
1568 2416 1736 2450 argumentis

955 2464 986 2484 ac
1004 2457 1083 2484 rebus
1103 2458 1186 2485 certis
1199 2458 1360 2491 destitutas,
1382 2459 1553 2487 occasionem
1575 2467 1641 2487 vero
1657 2465 1735 2494 petu-

955 2501 1045 2529 lantia:
1064 2509 1097 2529 ex
1115 2502 1160 2529 illo
1177 2507 1229 2529 tam
1245 2503 1343 2531 eximio
1359 2507 1467 2539 tamque
1479 2509 1593 2540 augusto
1607 2506 1737 2540 mysterio

956 2554 1063 2582 capere,
1079 2548 1150 2582 quod
1170 2549 1327 2582 praedictum
1346 2550 1453 2584 quidem
1475 2555 1518 2577 est
1543 2558 1592 2585 per
1611 2540 1699 2585 legem
1707 2556 1738 2577 et

955 2599 1064 2621 sanctos
1082 2594 1239 2628 prophetas,
1256 2600 1441 2624 verumtamen
1462 2597 1495 2623 ad
1517 2597 1618 2624 exitum
1638 2598 1736 2632 perdu-

956 2643 1038 2669 ctum.
1062 2644 1206 2674 postquam
1230 2640 1310 2667 homo
1331 2640 1418 2668 factus
1440 2646 1482 2669 est
1507 2641 1688 2677 Unigenitus?
1708 2642 1736 2669 Si

956 2692 1021 2720 ergo
1036 2685 1094 2719 ipse
1108 2692 1198 2712 rerum
1210 2686 1300 2713 exitus
1315 2694 1344 2713 ea
1359 2694 1420 2722 qua:
1436 2687 1510 2721 prius
1524 2687 1595 2714 dicta
1607 2692 1670 2714 sunt
1685 2695 1737 2714 non

956 2730 1152 2765 comprobavit,
1179 2731 1352 2759 incredulitas
1379 2732 1431 2760 illis
1449 2734 1640 2768 percommode
1665 2733 1738 2760 crci-

957 2775 1048 2803 derit:
1067 2775 1108 2802 sin
1127 2780 1216 2802 autem
1236 2784 1269 2803 ex
1288 2777 1355 2811 ipsis
1372 2778 1453 2805 rebus
1467 2779 1604 2813 conjicere
1616 2778 1690 2809 licet.
1705 2780 1738 2811 ad
1777 2779 1779 2781 ’

957 2821 1058 2847 exitum
1070 2821 1226 2855 pervenisse
1237 2822 1326 2848 omnia
1342 2829 1402 2856 qua:
1425 2823 1488 2850 olim
1512 2823 1647 2858 praedicta.
1665 2828 1739 2856 sunt,

958 2871 985 2894 et
1001 2866 1034 2893 ab
1055 2865 1174 2894 amicitia
1199 2866 1245 2895 Dei
1261 2867 1401 2900 Israelem,
1421 2868 1518 2904 quippe
1534 2869 1579 2904 qui
1597 2863 1739 2897 Dominum
