1894 3056
215 143 233 171 9
240 142 269 171 ιδ

717 138 746 166 S.
765 136 900 166 CYRILLI
920 133 1152 164 ALEXANDRINI
1170 134 1331 164 ARCHIEP.

1791 137 1839 164 ιλιι

218 199 374 232 necaverit.
395 197 549 231 excidisse,
571 196 770 224 multitudinem
793 202 860 221 vero
883 193 1000 229 gentium

1056 191 1269 228 μεμαρτύρηκεν
1284 190 1351 218 αὐτό
1367 190 1422 218 τῶν
1445 192 1616 228 πραγμάτων
1629 201 1660 220 το
1680 201 1783 228 rapes,
1798 194 1840 220 ai.-

217 253 266 281 per
293 244 374 272 ﬁdem
387 247 551 277 assumptam
573 251 580 269 :
600 242 665 277 quid
681 241 714 269 ad
726 239 941 268 incredulitatem
955 246 1002 266 eos

218 289 368 321 induxerit,
381 288 531 323 intelligere
542 296 595 316 non
611 294 731 322 possum.
749 286 806 313 lino
824 292 899 318 vero,
917 289 946 313 ut
959 284 1002 312 di-

218 337 296 364 vinus
306 335 403 364 scribit
419 334 529 368 Paulus,
542 343 553 360 ι
568 333 640 362 Deus
656 332 747 361 saeculi
769 332 849 367 hujus
870 331 934 366 (hoc
950 335 1002 363 est,

218 382 264 410 ille
278 382 323 416 qui
340 385 452 417 putatur
464 387 525 408 esse
542 380 614 408 Deus
628 380 654 406 in
675 379 728 406 hoc
758 376 867 412 saeculo)
883 383 1004 404 exeam:-

216 428 257 455 vit
271 432 376 455 mentes
390 426 551 457 inﬁdelium.
573 431 669 453 utnon
689 424 792 460 fulgeat
805 423 845 451 eis
864 422 1003 450 illumina-

220 475 258 502 tio
271 474 412 508 Evangelii
428 473 520 508 gloria
530 472 642 504 Christi.
658 478 719 506 qua:
732 470 822 498 illuxit
835 470 862 496 in
876 468 1005 496 cordibus

217 518 320 546 nostris
342 519 376 546 ad
393 518 616 546 illuminationem
640 516 761 544 scientia:
786 515 844 548 ejus
860 514 905 548 ";
924 523 933 540 ι
958 521 1006 549 per

218 572 312 599 quem,
324 569 352 591 et
369 572 430 591 cum
443 571 508 599 quo,
526 563 580 591 Deo
594 567 621 591 et
637 562 710 590 Patri
724 561 814 597 gloria
833 567 896 588 cum
911 564 1005 588 saneto

221 610 323 646 Spiritu
336 611 362 638 in
377 610 486 638 saecula.
505 610 601 637 Amen.

1054 239 1179 274 ἁφορμον
1195 238 1287 270 αὐτοῖς
1312 238 1363 273 τῆς
1378 238 1509 271 ἀπιστίας
1535 239 1566 266 τὸ
1585 239 1699 275 χρῆμα·
1715 240 1740 266 εί
1762 240 1791 267 δέ
1815 240 1842 273 ἐξ

1055 284 1144 312 αὐτῶν
1157 284 1261 312 ἔνεστιν
1275 284 1331 311 τῶν
1354 284 1466 311 είκὸτων
1493 284 1568 317 ιδείν,
1591 285 1629 317 ὡς
1654 285 1776 321 βεϐηκεν
1806 286 1841 318 είς

1056 330 1142 366 πέρας
1152 329 1260 357 ἅπαντα
1270 329 1304 357 τὰ
1314 329 1399 357 πάλαι
1411 330 1632 366 προηγγελμένα,
1642 332 1691 358 καὶ
1703 331 1843 358 ἀπώλισθε

1058 376 1106 412 μὲν
1118 378 1169 412 τῆς
1184 377 1252 412 πρὸς
1275 376 1342 403 Θεὸν
1367 377 1542 411 οίκειὸτητος,
1567 377 1605 408 ὡς
1630 378 1812 414 κυριοκτόνος
1826 380 1846 406 ,ὁ

1062 421 1179 458 Ἰσραὴλ,
1197 422 1371 458 προσελήφθη
1392 422 1423 449 δὲ
1442 422 1487 449 διὰ
1511 422 1630 454 πίστεως
1642 423 1699 451 τῶν
1725 423 1813 450 ἐθνῶν
1830 425 1845 457 ἡ

1054 468 1169 503 πληθὺς,
1185 468 1212 494 τί
1226 468 1256 494 τὸ
1274 469 1400 496 ἀπιστεῖν
1420 468 1567 496 ἀναπεῖθον
1590 469 1700 501 αὐτοὺς,
1721 469 1774 495 οὐκ
1793 469 1846 504 ἔχω

1053 515 1124 540 νοεῖν
1142 513 1250 540 Μᾶλλον
1259 513 1296 545 δὲ,
1308 513 1346 546 ὡς
1360 513 1524 546 ὀθεσπέσιος
1539 514 1639 550 γράφει
1659 515 1782 547 Παῦλος,
1802 524 1811 540 ι
1832 516 1846 541 ὁ

1053 559 1119 592 Θεὸς
1136 559 1183 586 τοῦ
1205 559 1304 591 αἰῶνος
1332 560 1439 593 τούτου,
1462 560 1536 587 τοῦτ’
1562 560 1646 593 ἐστιν,
1673 561 1688 587 ὁ
1704 560 1845 596 νομισθεὶς

1051 603 1122 632 εἶναι
1133 605 1199 637 Θεὸς
1215 605 1242 632 ἐν
1257 605 1296 640 τῷ
1304 605 1384 632 αίῶνι
1397 605 1494 641 τούτῳ,
1508 605 1646 641 ἐτύφλωσε
1664 606 1701 633 τὰ
1717 608 1845 642 νοήματα

211 658 273 692 ¹τῶν
287 657 418 689 ἀπίστων,
435 658 475 689 εἰς
489 658 519 684 τὸ
535 656 572 693 μὴ
591 657 711 691 αὐγάσαι
733 656 780 682 τὸν
800 654 940 690 φωτισμὸν
973 653 1021 680 τοῦ
1040 653 1208 688 Εὐαγγελίου
1222 653 1272 689 τῆς
1289 653 1368 689 δόξης
1401 653 1448 680 τοῦ
1472 653 1600 689 Χριστοῦ,
1617 654 1647 686 ὃς
1670 654 1797 688 ἔλαμψεν
1819 655 1846 682 ἐν

218 705 278 735 ταῖς
301 703 427 738 καρδίαις
443 702 534 739 ἡμῶν,
548 702 615 738 πρδς
637 702 775 737 φωτισμὸν
793 701 844 736 τῆς
860 700 985 734 γνώσεως
1004 698 1103 725 αὐτοῦ’
1122 708 1131 725 ι
1158 699 1191 725 δι’
1202 695 1233 725 οὗ
1247 699 1293 726 καὶ
1308 698 1368 735 μεθ’
1379 695 1410 726 οὗ
1428 699 1467 735 τῷ
1487 698 1547 735 Θεῷ
1580 700 1629 727 καὶ
1647 700 1739 735 Πατρὶ
1755 701 1772 734 ἡ
1786 699 1847 733 δόξα

221 753 271 779 σὺν
281 751 348 786 ἁγίῳ
368 751 503 787 Πνεύματι
518 751 556 782 είς
570 750 633 781 τοὺς
652 749 762 781 αἰῶνας.
780 749 876 784 Ἀμήν.

491 862 586 869 -.__—

582 905 696 948 ΤΟΥ
731 905 804 948 ΕΝ
840 904 1023 948 ΑΓΙΟΙΣ
1058 904 1276 948 ΠΑΤΡΟΣ
1313 905 1476 949 ΗΜΩΝ

742 1000 1324 1088 ΚΥΡΙΛΛΟΥ

306 1151 460 1196 ΥΠΕΡ
494 1153 603 1197 ΤΗΣ
639 1153 753 1197 ΤΩΝ
788 1150 1120 1197 ΧΡΙΣΤΙΑΝΩΝ
1155 1150 1409 1197 ΕΥΑΓΟΥΣ
1443 1151 1759 1197 ΘΡΗΣΚΕΙΛΣ

686 1243 781 1269 ΠΡΟΣ
801 1241 841 1269 TA
864 1242 933 1269 ΊῸΥ
949 1241 1001 1268 ΕΝ
1013 1242 1145 1269 ΔΘΕΟῘΣ
1159 1240 1367 1270 ῘΟΥΔΙΑΝΟΥ

687 1322 952 1384 ΛΟΓΟΣ
994 1325 1368 1384 ΕΝΝΑΤΟΣ.

617 1520 697 1598 S.
756 1523 842 1597 P.
894 1522 987 1598 N.

1048 1521 1433 1600 CYBILLI

380 1663 498 1710 PRO
534 1664 750 1709 SANCTA
786 1663 1284 1710 CHRISTIANOBUM
1324 1656 1684 1728 BELIGIONE',

691 1759 892 1791 ADVERSUS
915 1759 1052 1790 LIBROS
1075 1760 1191 1791 ΛΤΗΕΙ
1209 1760 1368 1792 JULIANI.

808 1848 982 1893 LIBER
1022 1848 1241 1895 NONUS.

1004 1957 1043 1969 η.

255 2020 344 2057 πεθ
361 2019 473 2047 Abunde
487 2019 607 2053 quidem,
617 2023 645 2046 ut
660 2026 732 2052 reor,
743 2019 867 2047 veritatis
881 2020 1000 2056 dogmata

1090 2019 1276 2055 Διαρκέστατα
1293 2017 1353 2054 μὲν.
1374 2018 1412 2050 ὥς
1428 2019 1460 2054 γέ
1483 2028 1528 2056 μοι
1552 2021 1692 2056 φαίνεται,
1712 2025 1770 2055 τοῖς
1790 2023 1842 2059 τῆς

222 2066 398 2095 defemleates
410 2065 623 2093 obtrectatorum
640 2069 794 2092 nostrorum
810 2065 888 2101 nugis
902 2066 1004 2093 restiti-

222 2120 292 2141 mus.
310 2111 376 2139 Cum
390 2117 480 2138 autem
496 2110 572 2143 totis,
589 2116 618 2137 ut
631 2111 715 2143 aiunt,
729 2110 795 2138 velis
812 2115 906 2137 contra
935 2110 1004 2138 ine!-

223 2158 329 2185 fabilem
345 2156 458 2192 gloriam
474 2157 597 2190 insurgat
615 2156 786 2183 adversarius
800 2175 808 2188 ,
834 2164 865 2183 ac
888 2164 940 2183 non
961 2156 1001 2183 fe-

222 2203 313 2231 rendis
341 2201 423 2228 veluti
453 2201 616 2236 quibusdam
642 2200 784 2235 impiarum
807 2201 1001 2235 cogitationum

220 2250 320 2277 ictibus
334 2248 432 2275 audeat
452 2247 594 2276 obsistere,
618 2253 798 2280 magnumque
820 2253 910 2279 operae
939 2253 1002 2279 pre-

221 2296 287 2322 tium
306 2297 379 2329 pulet
395 2299 529 2325 asserere,
547 2291 720 2319 infecundam
736 2291 815 2325 plane
831 2291 876 2317 Dei
899 2299 929 2317 ac
953 2291 1002 2317 Pa-

220 2341 271 2368 tris
288 2343 413 2367 naturam
428 2346 500 2370 esse,
517 2344 545 2366 et
560 2337 657 2365 Filium
680 2337 725 2371 qui
739 2345 770 2363 ex
785 2337 842 2372 ipso
859 2344 920 2364 vere
937 2344 1001 2371 pro-

220 2387 452 2420 diitnoquaqualn
476 2385 625 2412 subsistere
644 2382 712 2418 (ejus
739 2384 810 2409 enim
838 2383 908 2410 tollit
930 2383 1001 2410 exsi-

219 2432 363 2463 stentiam,
384 2434 411 2456 et
440 2429 590 2462 huiusmodi
619 2428 862 2463 perniciosissimos
893 2436 1000 2456 errores

219 2476 355 2510 suscipit),
374 2476 490 2510 agedum
507 2482 601 2501 rursus
614 2473 699 2501 induti
728 2473 811 2500 lorica
825 2473 945 2508 justiti-.8,
972 2479 999 2501 et

217 2526 294 2550 scuto
313 2521 374 2548 ﬁdei
397 2521 521 2555 opposito
535 2521 569 2552 ³³,
584 2520 725 2555 gladioque
738 2519 865 2554 Spiritus,
880 2519 948 2554 quod
959 2525 999 2547 est

217 2557 265 2594 Dei
283 2567 394 2594 verbum
408 2586 415 2598 ,
436 2566 517 2601 290
529 2566 659 2592 adversus
677 2574 737 2592 eum
751 2565 875 2592 districto
888 2586 895 2597 ,
920 2573 998 2592 men-

217 2612 262 2640 tiri
280 2612 354 2639 illum
375 2613 560 2644 ostendamus,
577 2614 604 2638 et
617 2618 670 2645 pra:
690 2611 774 2637 nimio
799 2610 868 2638 fastu
893 2615 995 2638 tantum

1054 2066 1181 2102 ἀληθείας
1194 2065 1403 2097 συνασπίζοντες
1416 2065 1544 2102 δόγμασι,
1557 2069 1618 2100 ταῖς
1631 2068 1686 2095 τῶν
1697 2068 1840 2106 διασύρειν

1058 2112 1166 2140 εἰδότων
1188 2111 1258 2139 αὐτὰ
1275 2112 1418 2149 φλυαρίαις
1430 2114 1657 2150 ἁντενηνέγμεθα.
1678 2116 1788 2151 Ἐπειδὴ
1811 2116 1838 2143 δὲ

1053 2157 1125 2190 ὅλοις
1140 2157 1233 2194 ὥσπερ
1250 2157 1344 2190 ἱστίοις
1357 2159 1428 2186 κατὰ
1440 2160 1489 2195 τῆς
1501 2160 1620 2196 ἀρρήτου
1633 2161 1745 2195 φέρεται
1758 2161 1837 2196 δόξης

1052 2202 1066 2228 ὁ
1084 2201 1117 2229 δι’
1139 2203 1280 2235 ἐναντίας,
1297 2204 1344 2230 καὶ
1368 2200 1424 2231 οἷον
1443 2204 1590 2240 ἀφορήτοις
1616 2205 1687 2232 τισὶν
1710 2206 1835 2239 ὲκὸολαῖς

1051 2247 1166 2275 ἀνοσίων
1179 2248 1289 2275 ἐννοιῶν
1304 2249 1462 2284 ἀντεξάγειν
1484 2250 1635 2287 ἀποτολμᾷ.
1649 2251 1697 2278 καὶ
1717 2252 1834 2288 σπουδῆς

1052 2293 1123 2325 ἀξιοῖ
1147 2294 1196 2329 τῆς
1215 2295 1447 2330 προυργιαιτάτης
1467 2295 1498 2322 τὸ
1525 2296 1623 2331 χρῆναι
1649 2296 1682 2332 δὴ
1707 2297 1832 2330 πάντως,

1051 2339 1146 2373 ἄγονον
1165 2340 1214 2375 μὲν
1231 2340 1280 2376 τὴν
1293 2340 1340 2368 τοῦ
1356 2340 1423 2368 Θεοῦ
1439 2341 1485 2368 καὶ
1508 2342 1612 2378 Πατρὸς
1625 2344 1763 2378 ἀποφῆναι
1781 2344 1830 2379 φύ-

1052 2393 1105 2417 σιν,
1126 2385 1309 2412 ἀνυπόστατον
1328 2386 1356 2412 δὲ
1373 2386 1420 2413 τὸν
1442 2387 1471 2420 ἐξ
1492 2387 1574 2414 αὐτοῦ
1598 2389 1739 2425 πεφηνότα
1764 2390 1835 2417 κατὰ

1051 2430 1180 2465 ἀλήθειαν
1195 2430 1259 2457 Υίδν
1278 2432 1397 2467 (ἀναιρεῖ
1412 2433 1466 2468 γὰρ
1480 2433 1562 2460 αὑτοῦ
1577 2434 1626 2470 τὴν
1643 2434 1770 2475 ὕπαρξιν,
1786 2437 1833 2463 καὶ

1050 2475 1104 2501 τῶν
1128 2474 1200 2501 οὕτω
1223 2476 1438 2511 σφαλερωτάτων
1450 2478 1657 2514 ἐγχειρημάτων
1684 2474 1831 2516 ἅπτεται)-

1050 2519 1116 2554 φέρε
1137 2519 1169 2555 δὴ
1185 2520 1265 2547 πάλιν
1284 2521 1457 2556 ἐνδυσάμενοι
1477 2523 1523 2549 τὴν
1537 2523 1649 2558 Θώρακα
1665 2525 1716 2559 τῆς
1729 2525 1832 2553 δικαιοο

1051 2564 1342 2600 σύνης,.ἁνατείνοντες
1358 2567 1386 2593 δὲ
1401 2567 1446 2593 τὸν
1461 2568 1556 2601 Θυρεδν
1576 2570 1625 2603 τῆς
1640 2569 1767 2602 πίστεως,
1783 2571 1830 2597 καὶ

1047 2611 1096 2646 τὴν
1112 2612 1248 2647 μάχαιραν
1264 2611 1310 2638 τοῦ
1335 2612 1489 2648 πνεύματος
1509 2615 1552 2640 ἐπ’
1567 2614 1641 2650 αὺτῴ
1660 2615 1828 2652 καταθήγον-

217 2666 268 2684 non
287 2658 418 2686 adversus
435 2656 559 2683 stimulos
574 2656 728 2688 calcitrare,
746 2664 777 2683 ac
796 2655 822 2682 in
835 2656 994 2694 profundum

1051 2665 1102 2689 τες,
1121 2658 1134 2683 ὅ
1149 2658 1206 2683 ἐστι
1222 2657 1297 2693 ῥῆμα
1317 2657 1395 2690 Θεοῦ,
1416 2659 1635 2695 ψευδηγοροῦντα
1648 2661 1828 2697 δεικνύωμεν,

216 2702 375 2736 perditionis
391 2702 550 2729 barathrum
571 2709 599 2729 se
611 2702 676 2729 dare
700 2692 874 2736 praecipitem.
903 2701 994 2736 Itaque

1051 2703 1094 2728 καὶ
1108 2703 1140 2729 ἐκ
1159 2692 1258 2738 πολλῆς
1273 2703 1342 2738 ἄγαν
1357 2692 1512 2740 ἀγερωχίας
1525 2692 1665 2743 μονονουχὶ
1684 2708 1753 2744 πρὸς
1767 2692 1829 2735 Iuv;

215 2747 372 2780 jamantea,
389 2748 426 2773 uti
441 2747 507 2779 dixi,
532 2755 584 2774 non
606 2747 680 2781 segni
699 2747 828 2774 adversus
850 2754 911 2774 eum
933 2747 991 2774 dis-

252 2835 272 2850 "
293 2835 312 2862 ll
332 2835 393 2862 Cor.
413 2842 448 2867 Iv,
465 2835 490 2862 4.
528 2836 550 2851 ⁸¹
570 2835 668 2870 Ephes.
685 2843 721 2868 vn,
743 2835 837 2862 ili-i7.

1045 2756 1097 2787 τρα
1113 2748 1208 2775 λακτίῖ
1209 2757 1282 2782 οντα,
1297 2749 1345 2777 καὶ
1362 2751 1401 2782 εἰς
1416 2750 1446 2777 τὸ
1460 2751 1528 2787 βαθὺ
1549 2752 1600 2788 τῆς
1622 2753 1761 2786 ἀπωλείας
1779 2762 1827 2781 κα-
