  <div class='ocr_page' id='page_1' title='image "/cluster/home/n/w/nwhite01/storage/ocr_20150623/76/njp.32101007590019/532.png"; bbox 0 0 1894 3056; ppageno 0'>
   <div class='ocr_carea' id='block_1_1' title="bbox 70 184 125 212">
    <p class='ocr_par' dir='ltr' id='par_1_1' title="bbox 70 184 125 212">
     <span class='ocr_line' id='line_1_1' title="bbox 70 184 125 212; baseline -0.018 0"><span class='ocrx_word' id='word_1_1' title='bbox 70 184 125 212; x_wconf 65' lang='grc'><strong>943</strong></span> 
     </span>
    </p>
   </div>
   <div class='ocr_carea' id='block_1_2' title="bbox 654 186 1141 219">
    <p class='ocr_par' dir='ltr' id='par_1_2' title="bbox 654 186 1141 219">
     <span class='ocr_line' id='line_1_2' title="bbox 654 186 1141 219; baseline 0.006 -5"><span class='ocrx_word' id='word_1_2' title='bbox 654 186 798 219; x_wconf 67' lang='grc' dir='ltr'><strong>βῠΝΤΒΑ</strong></span> <span class='ocrx_word' id='word_1_3' title='bbox 818 186 991 218; x_wconf 77' lang='lat' dir='ltr'><strong>JULIANUM</strong></span> <span class='ocrx_word' id='word_1_4' title='bbox 1010 189 1074 217; x_wconf 89' lang='lat' dir='ltr'><strong>LIB.</strong></span> <span class='ocrx_word' id='word_1_5' title='bbox 1094 189 1141 217; x_wconf 86' lang='lat' dir='ltr'><strong>lX.</strong></span> 
     </span>
    </p>
   </div>
   <div class='ocr_carea' id='block_1_3' title="bbox 71 240 855 282">
    <p class='ocr_par' dir='ltr' id='par_1_3' title="bbox 71 240 855 281">
     <span class='ocr_line' id='line_1_3' title="bbox 71 240 855 281; baseline 0.006 -13"><span class='ocrx_word' id='word_1_6' title='bbox 71 242 239 278; x_wconf 71' lang='grc' dir='ltr'>’τα-πηδῶντα</span> <span class='ocrx_word' id='word_1_7' title='bbox 261 242 409 279; x_wconf 81' lang='grc' dir='ltr'>βάραθρον.</span> <span class='ocrx_word' id='word_1_8' title='bbox 424 244 495 279; x_wconf 82' lang='grc' dir='ltr'><strong>Ἤδη</strong></span> <span class='ocrx_word' id='word_1_9' title='bbox 519 244 570 280; x_wconf 77' lang='grc' dir='ltr'><strong>μέν</strong></span> <span class='ocrx_word' id='word_1_10' title='bbox 584 240 641 278; x_wconf 84' lang='grc' dir='ltr'>οῦν,</span> <span class='ocrx_word' id='word_1_11' title='bbox 665 245 703 278; x_wconf 79' lang='grc' dir='ltr'>ὥς</span> <span class='ocrx_word' id='word_1_12' title='bbox 717 245 796 281; x_wconf 75' lang='grc' dir='ltr'>ἔφην,</span> <span class='ocrx_word' id='word_1_13' title='bbox 817 246 855 273; x_wconf 64' lang='grc' dir='ltr'><strong>οὺς</strong></span> 
     </span>
    </p>
   </div>
   <div class='ocr_carea' id='block_1_4' title="bbox 913 240 1701 282">
    <p class='ocr_par' dir='ltr' id='par_1_4' title="bbox 918 244 1701 282">
     <span class='ocr_line' id='line_1_4' title="bbox 918 244 1701 282; baseline -0.004 -7"><span class='ocrx_word' id='word_1_14' title='bbox 918 248 1058 282; x_wconf 77' lang='lat' dir='ltr'><strong>putatiOne</strong></span> <span class='ocrx_word' id='word_1_15' title='bbox 1085 250 1211 276; x_wconf 89' lang='lat' dir='ltr'><strong>contexta</strong></span> <span class='ocrx_word' id='word_1_16' title='bbox 1237 245 1510 275; x_wconf 81' lang='lat' dir='ltr'><strong>demonstravimus:</strong></span> <span class='ocrx_word' id='word_1_17' title='bbox 1538 244 1619 273; x_wconf 83' lang='lat' dir='ltr'><strong>simul</strong></span> <span class='ocrx_word' id='word_1_18' title='bbox 1639 252 1701 273; x_wconf 87' lang='lat' dir='ltr'><strong>cum</strong></span> 
     </span>
    </p>
   </div>
   <div class='ocr_carea' id='block_1_5' title="bbox 71 288 867 326">
    <p class='ocr_par' dir='ltr' id='par_1_5' title="bbox 71 288 867 326">
     <span class='ocr_line' id='line_1_5' title="bbox 71 288 867 326; baseline 0.006 -12"><span class='ocrx_word' id='word_1_19' title='bbox 71 288 177 324; x_wconf 82' lang='grc' dir='ltr'><strong>ἀγεννῆ</strong></span> <span class='ocrx_word' id='word_1_20' title='bbox 191 288 260 324; x_wconf 82' lang='grc' dir='ltr'>πρὸς</span> <span class='ocrx_word' id='word_1_21' title='bbox 271 288 353 316; x_wconf 76' lang='grc' dir='ltr'>αὑτὸν</span> <span class='ocrx_word' id='word_1_22' title='bbox 366 289 548 325; x_wconf 69' lang='grc' dir='ltr'><strong>ἐξυφήναντες</strong></span> <span class='ocrx_word' id='word_1_23' title='bbox 564 289 655 325; x_wconf 82' lang='grc' dir='ltr'>λόγον,</span> <span class='ocrx_word' id='word_1_24' title='bbox 671 291 867 326; x_wconf 82' lang='grc' dir='ltr'>συνυφεστῶτά</span> 
     </span>
    </p>
   </div>
   <div class='ocr_carea' id='block_1_6' title="bbox 70 334 867 372">
    <p class='ocr_par' dir='ltr' id='par_1_6' title="bbox 70 334 867 372">
     <span class='ocr_line' id='line_1_6' title="bbox 70 334 867 372; baseline 0.006 -12"><span class='ocrx_word' id='word_1_25' title='bbox 70 341 104 359; x_wconf 78' lang='grc' dir='ltr'><strong>τε</strong></span> <span class='ocrx_word' id='word_1_26' title='bbox 117 334 166 361; x_wconf 76' lang='grc' dir='ltr'>καὶ</span> <span class='ocrx_word' id='word_1_27' title='bbox 177 334 222 361; x_wconf 73' lang='grc' dir='ltr'>ἀεὶ</span> <span class='ocrx_word' id='word_1_28' title='bbox 232 334 438 370; x_wconf 75' lang='grc' dir='ltr'>συνυπάρχοντα</span> <span class='ocrx_word' id='word_1_29' title='bbox 449 335 488 372; x_wconf 86' lang='grc' dir='ltr'>τῷ</span> <span class='ocrx_word' id='word_1_30' title='bbox 501 336 588 372; x_wconf 78' lang='grc' dir='ltr'>Πατρὶ</span> <span class='ocrx_word' id='word_1_31' title='bbox 599 337 645 364; x_wconf 77' lang='grc' dir='ltr'><strong>τὸν</strong></span> <span class='ocrx_word' id='word_1_32' title='bbox 655 337 685 370; x_wconf 70' lang='grc' dir='ltr'><strong>ἐξ</strong></span> <span class='ocrx_word' id='word_1_33' title='bbox 697 337 782 364; x_wconf 76' lang='grc' dir='ltr'>αὐτοῦ</span> <span class='ocrx_word' id='word_1_34' title='bbox 794 337 867 365; x_wconf 84' lang='grc' dir='ltr'>κατὰ</span> 
     </span>
    </p>
   </div>
   <div class='ocr_carea' id='block_1_7' title="bbox 72 379 865 419">
    <p class='ocr_par' dir='ltr' id='par_1_7' title="bbox 72 379 865 419">
     <span class='ocr_line' id='line_1_7' title="bbox 72 379 865 419; baseline 0.006 -14"><span class='ocrx_word' id='word_1_35' title='bbox 72 379 170 413; x_wconf 84' lang='grc' dir='ltr'>φύσιν,</span> <span class='ocrx_word' id='word_1_36' title='bbox 190 380 237 407; x_wconf 81' lang='grc' dir='ltr'>καὶ</span> <span class='ocrx_word' id='word_1_37' title='bbox 253 379 283 408; x_wconf 70' lang='grc' dir='ltr'>ἑν</span> <span class='ocrx_word' id='word_1_38' title='bbox 305 380 389 416; x_wconf 79' lang='grc' dir='ltr'>αὐτῷ,</span> <span class='ocrx_word' id='word_1_39' title='bbox 405 381 467 408; x_wconf 79' lang='grc' dir='ltr'>καθ’</span> <span class='ocrx_word' id='word_1_40' title='bbox 490 382 588 409; x_wconf 79' lang='grc' dir='ltr'>ἕνωσιν</span> <span class='ocrx_word' id='word_1_41' title='bbox 603 383 651 409; x_wconf 78' lang='grc' dir='ltr'>καὶ</span> <span class='ocrx_word' id='word_1_42' title='bbox 667 382 783 419; x_wconf 83' lang='grc' dir='ltr'>ούσιώδη</span> <span class='ocrx_word' id='word_1_43' title='bbox 798 392 865 410; x_wconf 86' lang='grc' dir='ltr'>ταυ-</span> 
     </span>
    </p>
   </div>
   <div class='ocr_carea' id='block_1_8' title="bbox 71 424 866 465">
    <p class='ocr_par' dir='ltr' id='par_1_8' title="bbox 71 424 866 465">
     <span class='ocr_line' id='line_1_8' title="bbox 71 424 866 465; baseline 0.008 -15"><span class='ocrx_word' id='word_1_44' title='bbox 71 424 178 460; x_wconf 82' lang='grc' dir='ltr'>τότητα</span> <span class='ocrx_word' id='word_1_45' title='bbox 189 424 356 460; x_wconf 81' lang='grc' dir='ltr'>διεδείξαμεν</span> <span class='ocrx_word' id='word_1_46' title='bbox 370 426 465 461; x_wconf 85' lang='grc' dir='ltr'>Λόγον.</span> <span class='ocrx_word' id='word_1_47' title='bbox 480 426 526 455; x_wconf 71' lang='grc' dir='ltr'>τὸν</span> <span class='ocrx_word' id='word_1_48' title='bbox 541 427 575 454; x_wconf 85' lang='grc' dir='ltr'>δι’</span> <span class='ocrx_word' id='word_1_49' title='bbox 586 424 618 455; x_wconf 81' lang='grc' dir='ltr'><strong>οὗ</strong></span> <span class='ocrx_word' id='word_1_50' title='bbox 630 426 664 455; x_wconf 76' lang='grc' dir='ltr'>τὰ</span> <span class='ocrx_word' id='word_1_51' title='bbox 687 428 776 456; x_wconf 85' lang='grc' dir='ltr'>πάντα</span> <span class='ocrx_word' id='word_1_52' title='bbox 792 437 866 465; x_wconf 85' lang='grc' dir='ltr'>παρ-</span> 
     </span>
    </p>
   </div>
   <div class='ocr_carea' id='block_1_9' title="bbox 73 470 865 510">
    <p class='ocr_par' dir='ltr' id='par_1_9' title="bbox 73 470 865 510">
     <span class='ocr_line' id='line_1_9' title="bbox 73 470 865 510; baseline 0.008 -14"><span class='ocrx_word' id='word_1_53' title='bbox 73 470 150 505; x_wconf 77' lang='grc' dir='ltr'>ήχθη</span> <span class='ocrx_word' id='word_1_54' title='bbox 165 470 235 506; x_wconf 77' lang='grc' dir='ltr'>πρὸς</span> <span class='ocrx_word' id='word_1_55' title='bbox 262 471 379 506; x_wconf 77' lang='grc' dir='ltr'>γένεσιν.</span> <span class='ocrx_word' id='word_1_56' title='bbox 396 471 505 508; x_wconf 79' lang='grc' dir='ltr'><strong>Ἐπειδὴ</strong></span> <span class='ocrx_word' id='word_1_57' title='bbox 518 473 546 500; x_wconf 80' lang='grc' dir='ltr'>δὲ</span> <span class='ocrx_word' id='word_1_58' title='bbox 559 473 607 500; x_wconf 83' lang='grc' dir='ltr'>καὶ</span> <span class='ocrx_word' id='word_1_59' title='bbox 619 473 712 510; x_wconf 73' lang='grc' dir='ltr'>ἕτερος</span> <span class='ocrx_word' id='word_1_60' title='bbox 729 474 865 510; x_wconf 83' lang='grc' dir='ltr'>Ἰουλιανῷ</span> 
     </span>
    </p>
   </div>
   <div class='ocr_carea' id='block_1_10' title="bbox 71 516 862 557">
    <p class='ocr_par' dir='ltr' id='par_1_10' title="bbox 71 516 862 557">
     <span class='ocr_line' id='line_1_10' title="bbox 71 516 862 557; baseline 0.006 -14"><span class='ocrx_word' id='word_1_61' title='bbox 71 516 180 552; x_wconf 79' lang='grc' dir='ltr'>ψυχρός</span> <span class='ocrx_word' id='word_1_62' title='bbox 198 525 227 544; x_wconf 80' lang='grc' dir='ltr'><strong>τε</strong></span> <span class='ocrx_word' id='word_1_63' title='bbox 240 518 287 544; x_wconf 77' lang='grc' dir='ltr'>καὶ</span> <span class='ocrx_word' id='word_1_64' title='bbox 300 517 412 551; x_wconf 76' lang='grc' dir='ltr'>ἄναλκις</span> <span class='ocrx_word' id='word_1_65' title='bbox 431 518 658 555; x_wconf 74' lang='grc' dir='ltr'>ἐκμεμηχάνηται</span> <span class='ocrx_word' id='word_1_66' title='bbox 672 519 764 554; x_wconf 82' lang='grc' dir='ltr'>λόγος,</span> <span class='ocrx_word' id='word_1_67' title='bbox 781 520 862 557; x_wconf 82' lang='grc' dir='ltr'>πλὴν,</span> 
     </span>
    </p>
   </div>
   <div class='ocr_carea' id='block_1_11' title="bbox 71 561 862 603">
    <p class='ocr_par' dir='ltr' id='par_1_11' title="bbox 71 561 862 603">
     <span class='ocr_line' id='line_1_11' title="bbox 71 561 862 603; baseline 0.008 -16"><span class='ocrx_word' id='word_1_68' title='bbox 71 561 114 593; x_wconf 83' lang='grc' dir='ltr'><strong>ὡς</strong></span> <span class='ocrx_word' id='word_1_69' title='bbox 128 562 230 596; x_wconf 75' lang='grc' dir='ltr'>οἴεται,</span> <span class='ocrx_word' id='word_1_70' title='bbox 250 563 335 595; x_wconf 81' lang='grc' dir='ltr'>δεινὸς</span> <span class='ocrx_word' id='word_1_71' title='bbox 350 564 390 596; x_wconf 79' lang='grc' dir='ltr'>εἰς</span> <span class='ocrx_word' id='word_1_72' title='bbox 407 564 587 601; x_wconf 80' lang='grc' dir='ltr'>κατάρρησιν,</span> <span class='ocrx_word' id='word_1_73' title='bbox 608 565 658 601; x_wconf 80' lang='grc' dir='ltr'><strong>τὴν</strong></span> <span class='ocrx_word' id='word_1_74' title='bbox 673 565 718 592; x_wconf 71' lang='grc' dir='ltr'>ἐπί</span> <span class='ocrx_word' id='word_1_75' title='bbox 734 565 767 601; x_wconf 81' lang='grc' dir='ltr'><strong>γέ</strong></span> <span class='ocrx_word' id='word_1_76' title='bbox 789 575 862 603; x_wconf 85' lang='grc' dir='ltr'>φημι</span> 
     </span>
    </p>
   </div>
   <div class='ocr_carea' id='block_1_12' title="bbox 71 608 864 648">
    <p class='ocr_par' dir='ltr' id='par_1_12' title="bbox 71 608 864 648">
     <span class='ocr_line' id='line_1_12' title="bbox 71 608 864 648; baseline 0.009 -14"><span class='ocrx_word' id='word_1_77' title='bbox 71 608 116 643; x_wconf 84' lang='grc' dir='ltr'><strong>τῷ</strong></span> <span class='ocrx_word' id='word_1_78' title='bbox 137 608 293 642; x_wconf 76' lang='grc' dir='ltr'>Μονογινετ,</span> <span class='ocrx_word' id='word_1_79' title='bbox 311 610 388 638; x_wconf 81' lang='grc' dir='ltr'>πᾶσά</span> <span class='ocrx_word' id='word_1_80' title='bbox 403 619 464 643; x_wconf 86' lang='grc' dir='ltr'><strong>πως</strong></span> <span class='ocrx_word' id='word_1_81' title='bbox 486 611 594 647; x_wconf 79' lang='grc' dir='ltr'>ἀνάγκη</span> <span class='ocrx_word' id='word_1_82' title='bbox 609 612 656 639; x_wconf 77' lang='grc' dir='ltr'>καὶ</span> <span class='ocrx_word' id='word_1_83' title='bbox 672 613 747 648; x_wconf 78' lang='grc' dir='ltr'>ἡμᾶς</span> <span class='ocrx_word' id='word_1_84' title='bbox 765 613 864 646; x_wconf 78' lang='grc' dir='ltr'>αὐτοὺς</span> 
     </span>
    </p>
   </div>
   <div class='ocr_carea' id='block_1_13' title="bbox 71 650 863 695">
    <p class='ocr_par' dir='ltr' id='par_1_13' title="bbox 71 650 863 695">
     <span class='ocr_line' id='line_1_13' title="bbox 71 650 863 695; baseline 0.009 -15"><span class='ocrx_word' id='word_1_85' title='bbox 71 650 117 685; x_wconf 74' lang='grc' dir='ltr'>οἷς</span> <span class='ocrx_word' id='word_1_86' title='bbox 131 655 164 681; x_wconf 81' lang='grc' dir='ltr'><strong>ἀν</strong></span> <span class='ocrx_word' id='word_1_87' title='bbox 180 654 301 690; x_wconf 80' lang='grc' dir='ltr'>βούλοιτο</span> <span class='ocrx_word' id='word_1_88' title='bbox 316 656 406 691; x_wconf 76' lang='grc' dir='ltr'>λέγειν</span> <span class='ocrx_word' id='word_1_89' title='bbox 427 657 622 694; x_wconf 74' lang='grc' dir='ltr'><strong>ἀντιφέρεσθαι</strong></span> <span class='ocrx_word' id='word_1_90' title='bbox 636 659 779 692; x_wconf 82' lang='grc' dir='ltr'>νεανικῶς,</span> <span class='ocrx_word' id='word_1_91' title='bbox 798 668 863 695; x_wconf 84' lang='grc' dir='ltr'>μαι-</span> 
     </span>
    </p>
   </div>
   <div class='ocr_carea' id='block_1_14' title="bbox 73 699 865 742">
    <p class='ocr_par' dir='ltr' id='par_1_14' title="bbox 73 699 865 742">
     <span class='ocr_line' id='line_1_14' title="bbox 73 699 865 742; baseline 0.01 -16"><span class='ocrx_word' id='word_1_92' title='bbox 73 699 194 736; x_wconf 76' lang='grc' dir='ltr'>νομένην</span> <span class='ocrx_word' id='word_1_93' title='bbox 210 700 304 738; x_wconf 81' lang='grc' dir='ltr'>ὥσπερ</span> <span class='ocrx_word' id='word_1_94' title='bbox 326 702 557 739; x_wconf 83' lang='grc' dir='ltr'>ἀνασειράζοντας</span> <span class='ocrx_word' id='word_1_95' title='bbox 578 704 628 740; x_wconf 87' lang='grc' dir='ltr'><strong>τῆς</strong></span> <span class='ocrx_word' id='word_1_96' title='bbox 649 705 722 732; x_wconf 82' lang='grc' dir='ltr'><strong>κατά</strong></span> <span class='ocrx_word' id='word_1_97' title='bbox 744 706 865 742; x_wconf 83' lang='grc' dir='ltr'>Χριστοῦ</span> 
     </span>
    </p>
   </div>
   <div class='ocr_carea' id='block_1_15' title="bbox 72 743 779 784">
    <p class='ocr_par' dir='ltr' id='par_1_15' title="bbox 72 743 779 784">
     <span class='ocr_line' id='line_1_15' title="bbox 72 743 779 784; baseline 0.01 -13"><span class='ocrx_word' id='word_1_98' title='bbox 72 743 264 781; x_wconf 73' lang='grc' dir='ltr'><strong>γλωσσαλγίας</strong></span> <span class='ocrx_word' id='word_1_99' title='bbox 278 747 328 782; x_wconf 85' lang='grc' dir='ltr'>τὴν</span> <span class='ocrx_word' id='word_1_100' title='bbox 342 747 446 783; x_wconf 69' lang='grc' dir='ltr'>ἔφοδον.</span> <span class='ocrx_word' id='word_1_101' title='bbox 462 748 566 784; x_wconf 81' lang='grc' dir='ltr'>Γράφει</span> <span class='ocrx_word' id='word_1_102' title='bbox 581 749 610 777; x_wconf 80' lang='grc' dir='ltr'>δὲ</span> <span class='ocrx_word' id='word_1_103' title='bbox 624 750 708 778; x_wconf 83' lang='grc' dir='ltr'>πάλιν</span> <span class='ocrx_word' id='word_1_104' title='bbox 721 750 779 779; x_wconf 81' lang='grc' dir='ltr'>ὡδί.</span> 
     </span>
    </p>
   </div>
   <div class='ocr_carea' id='block_1_16' title="bbox 367 805 564 833">
    <p class='ocr_par' dir='ltr' id='par_1_16' title="bbox 367 805 564 833">
     <span class='ocr_line' id='line_1_16' title="bbox 367 805 564 833; baseline 0.005 -1"><span class='ocrx_word' id='word_1_105' title='bbox 367 805 564 833; x_wconf 77' lang='grc' dir='ltr'><strong>ΙΟΥΛΙΑΝΟΣ.</strong></span> 
     </span>
    </p>
   </div>
   <div class='ocr_carea' id='block_1_17' title="bbox 111 858 863 900">
    <p class='ocr_par' dir='ltr' id='par_1_17' title="bbox 111 858 863 900">
     <span class='ocr_line' id='line_1_17' title="bbox 111 858 863 900; baseline 0.011 -15"><span class='ocrx_word' id='word_1_106' title='bbox 111 858 174 886; x_wconf 86' lang='grc' dir='ltr'><strong>Ὀτι</strong></span> <span class='ocrx_word' id='word_1_107' title='bbox 188 858 217 886; x_wconf 74' lang='grc' dir='ltr'>δὲ</span> <span class='ocrx_word' id='word_1_108' title='bbox 230 860 332 896; x_wconf 82' lang='grc' dir='ltr'>Μωσῆς</span> <span class='ocrx_word' id='word_1_109' title='bbox 346 861 472 897; x_wconf 76' lang='grc' dir='ltr'><strong>ὀνομάζει</strong></span> <span class='ocrx_word' id='word_1_110' title='bbox 491 863 575 896; x_wconf 76' lang='grc' dir='ltr'>Θιοὺς</span> <span class='ocrx_word' id='word_1_111' title='bbox 589 863 653 896; x_wconf 79' lang='grc' dir='ltr'>τοὺς</span> <span class='ocrx_word' id='word_1_112' title='bbox 666 864 810 900; x_wconf 79' lang='grc' dir='ltr'><strong>ἀγγέλους,</strong></span> <span class='ocrx_word' id='word_1_113' title='bbox 831 866 863 893; x_wconf 76' lang='grc' dir='ltr'>ἐκ</span> 
     </span>
    </p>
   </div>
   <div class='ocr_carea' id='block_1_18' title="bbox 71 902 863 941">
    <p class='ocr_par' dir='ltr' id='par_1_18' title="bbox 71 902 863 941">
     <span class='ocr_line' id='line_1_18' title="bbox 71 902 863 941; baseline 0.011 -12"><span class='ocrx_word' id='word_1_114' title='bbox 71 902 130 930; x_wconf 82' lang='grc' dir='ltr'><strong>τῶν</strong></span> <span class='ocrx_word' id='word_1_115' title='bbox 145 903 249 932; x_wconf 73' lang='grc' dir='ltr'>ἐκείνου</span> <span class='ocrx_word' id='word_1_116' title='bbox 264 905 351 940; x_wconf 90' lang='grc' dir='ltr'>λόγων</span> <span class='ocrx_word' id='word_1_117' title='bbox 367 906 502 934; x_wconf 82' lang='grc' dir='ltr'>ἀκούσατε</span> <span class='ocrx_word' id='word_1_118' title='bbox 512 916 519 923; x_wconf 91' lang='grc'><strong>·</strong></span> <span class='ocrx_word' id='word_1_119' title='bbox 548 917 558 934; x_wconf 76' lang='grc' dir='ltr'><strong>ι</strong></span> <span class='ocrx_word' id='word_1_120' title='bbox 589 908 701 941; x_wconf 77' lang='grc' dir='ltr'><strong>’ἰδόντες</strong></span> <span class='ocrx_word' id='word_1_121' title='bbox 715 910 744 937; x_wconf 80' lang='grc' dir='ltr'>δὲ</span> <span class='ocrx_word' id='word_1_122' title='bbox 764 910 790 937; x_wconf 79' lang='grc' dir='ltr'><strong>οί</strong></span> <span class='ocrx_word' id='word_1_123' title='bbox 809 911 863 937; x_wconf 79' lang='grc' dir='ltr'>υίοὶ</span> 
     </span>
    </p>
   </div>
   <div class='ocr_carea' id='block_1_19' title="bbox 73 948 862 991">
    <p class='ocr_par' dir='ltr' id='par_1_19' title="bbox 73 948 862 991">
     <span class='ocr_line' id='line_1_19' title="bbox 73 948 862 991; baseline 0.011 -16"><span class='ocrx_word' id='word_1_124' title='bbox 73 948 123 976; x_wconf 83' lang='grc' dir='ltr'><strong>τοῦ</strong></span> <span class='ocrx_word' id='word_1_125' title='bbox 147 949 214 977; x_wconf 84' lang='grc' dir='ltr'>Θεοῦ</span> <span class='ocrx_word' id='word_1_126' title='bbox 234 951 284 984; x_wconf 81' lang='grc' dir='ltr'><strong>τὰς</strong></span> <span class='ocrx_word' id='word_1_127' title='bbox 298 951 451 989; x_wconf 80' lang='grc' dir='ltr'><strong>θυγατέρας</strong></span> <span class='ocrx_word' id='word_1_128' title='bbox 471 953 526 981; x_wconf 86' lang='grc' dir='ltr'><strong>τῶν</strong></span> <span class='ocrx_word' id='word_1_129' title='bbox 548 954 709 991; x_wconf 83' lang='grc' dir='ltr'>ἀνθρώπων,</span> <span class='ocrx_word' id='word_1_130' title='bbox 724 956 765 983; x_wconf 84' lang='grc' dir='ltr'>ὅτι</span> <span class='ocrx_word' id='word_1_131' title='bbox 779 956 862 984; x_wconf 79' lang='grc' dir='ltr'>καλαί</span> 
     </span>
    </p>
   </div>
   <div class='ocr_carea' id='block_1_20' title="bbox 72 993 860 1034">
    <p class='ocr_par' dir='ltr' id='par_1_20' title="bbox 72 993 860 1034">
     <span class='ocr_line' id='line_1_20' title="bbox 72 993 860 1034; baseline 0.013 -15"><span class='ocrx_word' id='word_1_132' title='bbox 72 993 155 1027; x_wconf 74' lang='grc' dir='ltr'>εἰσιν,</span> <span class='ocrx_word' id='word_1_133' title='bbox 168 993 263 1023; x_wconf 76' lang='grc' dir='ltr'>ἔλαϐον</span> <span class='ocrx_word' id='word_1_134' title='bbox 276 996 384 1029; x_wconf 77' lang='grc' dir='ltr'>ἑαυτοῑς</span> <span class='ocrx_word' id='word_1_135' title='bbox 397 998 531 1032; x_wconf 80' lang='grc' dir='ltr'>γυναῖκας</span> <span class='ocrx_word' id='word_1_136' title='bbox 544 999 600 1027; x_wconf 71' lang='grc' dir='ltr'><strong>ἀπὸ</strong></span> <span class='ocrx_word' id='word_1_137' title='bbox 612 1000 708 1027; x_wconf 82' lang='grc' dir='ltr'>πασῶν</span> <span class='ocrx_word' id='word_1_138' title='bbox 719 997 757 1028; x_wconf 84' lang='grc' dir='ltr'>ὧν</span> <span class='ocrx_word' id='word_1_139' title='bbox 769 1001 860 1034; x_wconf 78' lang='grc' dir='ltr'>ἐξελέ-</span> 
     </span>
    </p>
   </div>
   <div class='ocr_carea' id='block_1_21' title="bbox 74 1038 862 1081">
    <p class='ocr_par' dir='ltr' id='par_1_21' title="bbox 74 1038 862 1081">
     <span class='ocr_line' id='line_1_21' title="bbox 74 1038 862 1081; baseline 0.011 -15"><span class='ocrx_word' id='word_1_140' title='bbox 74 1038 167 1071; x_wconf 79' lang='grc' dir='ltr'>ξαντο.</span> <span class='ocrx_word' id='word_1_141' title='bbox 182 1050 192 1067; x_wconf 80' lang='grc' dir='ltr'><strong>ι</strong></span> <span class='ocrx_word' id='word_1_142' title='bbox 211 1041 267 1068; x_wconf 77' lang='grc' dir='ltr'><strong>Καὶ</strong></span> <span class='ocrx_word' id='word_1_143' title='bbox 288 1042 386 1078; x_wconf 80' lang='grc' dir='ltr'>μικρὸν</span> <span class='ocrx_word' id='word_1_144' title='bbox 403 1042 507 1076; x_wconf 80' lang='grc' dir='ltr'>ὖποὸἀς</span> <span class='ocrx_word' id='word_1_145' title='bbox 518 1052 527 1060; x_wconf 71' lang='grc' dir='ltr'><strong><em>ο</em></strong></span> <span class='ocrx_word' id='word_1_146' title='bbox 544 1053 554 1071; x_wconf 86' lang='grc'><strong><em>‹</em></strong></span> <span class='ocrx_word' id='word_1_147' title='bbox 568 1045 624 1072; x_wconf 79' lang='grc' dir='ltr'><strong>Καὶ</strong></span> <span class='ocrx_word' id='word_1_148' title='bbox 641 1047 700 1081; x_wconf 85' lang='grc' dir='ltr'>μετ’</span> <span class='ocrx_word' id='word_1_149' title='bbox 713 1047 809 1080; x_wconf 72' lang='grc' dir='ltr'>έκεῖνο,</span> <span class='ocrx_word' id='word_1_150' title='bbox 823 1047 862 1079; x_wconf 83' lang='grc' dir='ltr'>ὡς</span> 
     </span>
    </p>
   </div>
   <div class='ocr_carea' id='block_1_22' title="bbox 74 1083 859 1128">
    <p class='ocr_par' dir='ltr' id='par_1_22' title="bbox 74 1083 859 1128">
     <span class='ocr_line' id='line_1_22' title="bbox 74 1083 859 1128; baseline 0.011 -17"><span class='ocrx_word' id='word_1_151' title='bbox 74 1083 111 1111; x_wconf 77' lang='grc' dir='ltr'><strong>ἂν</strong></span> <span class='ocrx_word' id='word_1_152' title='bbox 131 1086 334 1122; x_wconf 73' lang='grc' dir='ltr'>εἰσεπορεύοντο</span> <span class='ocrx_word' id='word_1_153' title='bbox 354 1088 379 1115; x_wconf 88' lang='grc' dir='ltr'><strong>οί</strong></span> <span class='ocrx_word' id='word_1_154' title='bbox 396 1088 450 1116; x_wconf 78' lang='grc' dir='ltr'>υἱοὶ</span> <span class='ocrx_word' id='word_1_155' title='bbox 463 1088 510 1117; x_wconf 86' lang='grc' dir='ltr'><strong>τοῦ</strong></span> <span class='ocrx_word' id='word_1_156' title='bbox 524 1090 593 1118; x_wconf 85' lang='grc' dir='ltr'>Θεοῦ</span> <span class='ocrx_word' id='word_1_157' title='bbox 612 1091 681 1128; x_wconf 78' lang='grc' dir='ltr'>πρὸς</span> <span class='ocrx_word' id='word_1_158' title='bbox 701 1091 752 1124; x_wconf 85' lang='grc' dir='ltr'><strong>τὰς</strong></span> <span class='ocrx_word' id='word_1_159' title='bbox 775 1091 859 1126; x_wconf 85' lang='grc' dir='ltr'>θυγα-</span> 
     </span>
    </p>
   </div>
   <div class='ocr_carea' id='block_1_23' title="bbox 73 1129 862 1169">
    <p class='ocr_par' dir='ltr' id='par_1_23' title="bbox 73 1129 862 1169">
     <span class='ocr_line' id='line_1_23' title="bbox 73 1129 862 1169; baseline 0.011 -13"><span class='ocrx_word' id='word_1_160' title='bbox 73 1129 158 1165; x_wconf 83' lang='grc' dir='ltr'>τέρας</span> <span class='ocrx_word' id='word_1_161' title='bbox 175 1130 229 1158; x_wconf 81' lang='grc' dir='ltr'><strong>τῶν</strong></span> <span class='ocrx_word' id='word_1_162' title='bbox 244 1131 406 1169; x_wconf 83' lang='grc' dir='ltr'>ἀνθρώπων,</span> <span class='ocrx_word' id='word_1_163' title='bbox 419 1133 466 1160; x_wconf 78' lang='grc' dir='ltr'>καὶ</span> <span class='ocrx_word' id='word_1_164' title='bbox 479 1134 633 1169; x_wconf 75' lang='grc' dir='ltr'>ἐγεννῶσαν</span> <span class='ocrx_word' id='word_1_165' title='bbox 649 1136 752 1169; x_wconf 79' lang='grc' dir='ltr'>αὐτοῖς.</span> <span class='ocrx_word' id='word_1_166' title='bbox 775 1137 862 1164; x_wconf 88' lang='grc' dir='ltr'>Ἐκεῖ-</span> 
     </span>
    </p>
   </div>
   <div class='ocr_carea' id='block_1_24' title="bbox 73 1173 858 1218">
    <p class='ocr_par' dir='ltr' id='par_1_24' title="bbox 73 1173 858 1218">
     <span class='ocr_line' id='line_1_24' title="bbox 73 1173 858 1218; baseline 0.009 -16"><span class='ocrx_word' id='word_1_167' title='bbox 73 1184 117 1202; x_wconf 87' lang='grc' dir='ltr'><strong>νοι</strong></span> <span class='ocrx_word' id='word_1_168' title='bbox 130 1173 200 1212; x_wconf 78' lang='grc' dir='ltr'>ἦσαν</span> <span class='ocrx_word' id='word_1_169' title='bbox 222 1178 246 1204; x_wconf 78' lang='grc' dir='ltr'><strong>οι</strong></span> <span class='ocrx_word' id='word_1_170' title='bbox 261 1177 387 1212; x_wconf 81' lang='grc' dir='ltr'><strong>γίγαντες</strong></span> <span class='ocrx_word' id='word_1_171' title='bbox 401 1179 426 1206; x_wconf 85' lang='grc' dir='ltr'><strong>οί</strong></span> <span class='ocrx_word' id='word_1_172' title='bbox 447 1179 495 1207; x_wconf 81' lang='grc' dir='ltr'>ἀπ’</span> <span class='ocrx_word' id='word_1_173' title='bbox 509 1180 617 1214; x_wconf 84' lang='grc' dir='ltr'>αίῶνος,</span> <span class='ocrx_word' id='word_1_174' title='bbox 634 1183 659 1209; x_wconf 80' lang='grc' dir='ltr'>οἱ</span> <span class='ocrx_word' id='word_1_175' title='bbox 678 1181 831 1218; x_wconf 81' lang='grc' dir='ltr'>ὀνομαστοί.</span> <span class='ocrx_word' id='word_1_176' title='bbox 848 1192 858 1209; x_wconf 74' lang='grc' dir='ltr'><strong>ι</strong></span> 
     </span>
    </p>
   </div>
   <div class='ocr_carea' id='block_1_25' title="bbox 73 1221 861 1263">
    <p class='ocr_par' dir='ltr' id='par_1_25' title="bbox 73 1221 861 1263">
     <span class='ocr_line' id='line_1_25' title="bbox 73 1221 861 1263; baseline 0.01 -15"><span class='ocrx_word' id='word_1_177' title='bbox 73 1221 138 1249; x_wconf 85' lang='grc' dir='ltr'>ὀτι</span> <span class='ocrx_word' id='word_1_178' title='bbox 151 1222 241 1250; x_wconf 77' lang='grc' dir='ltr'>τοίνυν</span> <span class='ocrx_word' id='word_1_179' title='bbox 255 1224 318 1256; x_wconf 81' lang='grc' dir='ltr'>τοὺς</span> <span class='ocrx_word' id='word_1_180' title='bbox 330 1224 462 1259; x_wconf 81' lang='grc' dir='ltr'>ἀγγέλους</span> <span class='ocrx_word' id='word_1_181' title='bbox 476 1227 570 1262; x_wconf 70' lang='grc' dir='ltr'>φησιν,</span> <span class='ocrx_word' id='word_1_182' title='bbox 589 1227 700 1263; x_wconf 70' lang='grc' dir='ltr'>εὔδηλόν</span> <span class='ocrx_word' id='word_1_183' title='bbox 715 1229 773 1255; x_wconf 72' lang='grc' dir='ltr'>ἐστι</span> <span class='ocrx_word' id='word_1_184' title='bbox 785 1237 793 1245; x_wconf 76' lang='grc' dir='ltr'><strong>ο</strong></span> <span class='ocrx_word' id='word_1_185' title='bbox 816 1229 861 1256; x_wconf 73' lang='grc' dir='ltr'>καὶ</span> 
     </span>
    </p>
   </div>
   <div class='ocr_carea' id='block_1_26' title="bbox 73 1266 860 1310">
    <p class='ocr_par' dir='ltr' id='par_1_26' title="bbox 73 1266 860 1310">
     <span class='ocr_line' id='line_1_26' title="bbox 73 1266 860 1310; baseline 0.009 -16"><span class='ocrx_word' id='word_1_186' title='bbox 73 1266 175 1301; x_wconf 70' lang='grc' dir='ltr'>ιξωθεν</span> <span class='ocrx_word' id='word_1_187' title='bbox 187 1268 217 1295; x_wconf 84' lang='grc' dir='ltr'>οὐ</span> <span class='ocrx_word' id='word_1_188' title='bbox 233 1271 516 1306; x_wconf 82' lang='grc' dir='ltr'>προσπαρακείμενον,</span> <span class='ocrx_word' id='word_1_189' title='bbox 526 1272 594 1300; x_wconf 86' lang='grc' dir='ltr'><strong>ἀλλά</strong></span> <span class='ocrx_word' id='word_1_190' title='bbox 608 1273 656 1300; x_wconf 82' lang='grc' dir='ltr'><strong>καὶ</strong></span> <span class='ocrx_word' id='word_1_191' title='bbox 669 1273 748 1310; x_wconf 90' lang='grc' dir='ltr'>δῆλον</span> <span class='ocrx_word' id='word_1_192' title='bbox 767 1275 800 1301; x_wconf 76' lang='grc' dir='ltr'>ὲκ</span> <span class='ocrx_word' id='word_1_193' title='bbox 812 1275 860 1301; x_wconf 83' lang='grc' dir='ltr'><strong>τοῦ</strong></span> 
     </span>
    </p>
   </div>
   <div class='ocr_carea' id='block_1_27' title="bbox 74 1313 861 1356">
    <p class='ocr_par' dir='ltr' id='par_1_27' title="bbox 74 1313 861 1356">
     <span class='ocr_line' id='line_1_27' title="bbox 74 1313 861 1356; baseline 0.009 -16"><span class='ocrx_word' id='word_1_194' title='bbox 74 1313 160 1348; x_wconf 79' lang='grc' dir='ltr'>φάναι</span> <span class='ocrx_word' id='word_1_195' title='bbox 171 1314 222 1342; x_wconf 73' lang='grc' dir='ltr'>οὐκ</span> <span class='ocrx_word' id='word_1_196' title='bbox 234 1315 405 1352; x_wconf 83' lang='grc' dir='ltr'>ἀνθρώπους,</span> <span class='ocrx_word' id='word_1_197' title='bbox 416 1317 484 1345; x_wconf 86' lang='grc' dir='ltr'>ἀλλὰ</span> <span class='ocrx_word' id='word_1_198' title='bbox 495 1317 628 1352; x_wconf 84' lang='grc' dir='ltr'>γίγαντας</span> <span class='ocrx_word' id='word_1_199' title='bbox 639 1319 782 1354; x_wconf 86' lang='grc' dir='ltr'>γεγονέναι</span> <span class='ocrx_word' id='word_1_200' title='bbox 794 1320 861 1356; x_wconf 79' lang='grc' dir='ltr'>παρ’</span> 
     </span>
    </p>
   </div>
   <div class='ocr_carea' id='block_1_28' title="bbox 72 1359 861 1401">
    <p class='ocr_par' dir='ltr' id='par_1_28' title="bbox 72 1359 861 1401">
     <span class='ocr_line' id='line_1_28' title="bbox 72 1359 861 1401; baseline 0.01 -15"><span class='ocrx_word' id='word_1_201' title='bbox 72 1359 197 1389; x_wconf 66' lang='grc' dir='ltr'>ὲκείνων.</span> <span class='ocrx_word' id='word_1_202' title='bbox 215 1360 299 1396; x_wconf 88' lang='grc' dir='ltr'>Δῆλον</span> <span class='ocrx_word' id='word_1_203' title='bbox 324 1362 379 1398; x_wconf 81' lang='grc' dir='ltr'><strong>γὰρ</strong></span> <span class='ocrx_word' id='word_1_204' title='bbox 401 1362 439 1395; x_wconf 85' lang='grc' dir='ltr'>ὡς</span> <span class='ocrx_word' id='word_1_205' title='bbox 460 1364 538 1399; x_wconf 76' lang='grc' dir='ltr'>εἰπερ</span> <span class='ocrx_word' id='word_1_206' title='bbox 555 1364 715 1400; x_wconf 79' lang='grc' dir='ltr'>ἀνθρώπους</span> <span class='ocrx_word' id='word_1_207' title='bbox 737 1366 861 1401; x_wconf 75' lang='grc' dir='ltr'>ἐνόμιζεν</span> 
     </span>
    </p>
   </div>
   <div class='ocr_carea' id='block_1_29' title="bbox 72 1403 862 1446">
    <p class='ocr_par' dir='ltr' id='par_1_29' title="bbox 72 1403 862 1446">
     <span class='ocr_line' id='line_1_29' title="bbox 72 1403 862 1446; baseline 0.009 -14"><span class='ocrx_word' id='word_1_208' title='bbox 72 1405 163 1433; x_wconf 81' lang='grc' dir='ltr'>αὐτῶν</span> <span class='ocrx_word' id='word_1_209' title='bbox 182 1403 252 1434; x_wconf 77' lang='grc' dir='ltr'>εἴναι</span> <span class='ocrx_word' id='word_1_210' title='bbox 267 1407 331 1440; x_wconf 79' lang='grc' dir='ltr'>τοὺς</span> <span class='ocrx_word' id='word_1_211' title='bbox 345 1409 477 1445; x_wconf 81' lang='grc' dir='ltr'>πατέρας,</span> <span class='ocrx_word' id='word_1_212' title='bbox 492 1409 561 1437; x_wconf 83' lang='grc' dir='ltr'>ἀλλὰ</span> <span class='ocrx_word' id='word_1_213' title='bbox 585 1410 624 1446; x_wconf 80' lang='grc' dir='ltr'>μὴ</span> <span class='ocrx_word' id='word_1_214' title='bbox 641 1411 795 1446; x_wconf 83' lang='grc' dir='ltr'>κρείττονος</span> <span class='ocrx_word' id='word_1_215' title='bbox 813 1412 862 1439; x_wconf 79' lang='grc' dir='ltr'>καὶ</span> 
     </span>
    </p>
   </div>
   <div class='ocr_carea' id='block_1_30' title="bbox 74 1453 860 1489">
    <p class='ocr_par' dir='ltr' id='par_1_30' title="bbox 74 1453 860 1489">
     <span class='ocr_line' id='line_1_30' title="bbox 74 1453 860 1489; baseline 0.009 -10"><span class='ocrx_word' id='word_1_216' title='bbox 74 1453 260 1489; x_wconf 83' lang='grc' dir='ltr'>ίσχυρωτέρας</span> <span class='ocrx_word' id='word_1_217' title='bbox 275 1454 347 1487; x_wconf 79' lang='grc' dir='ltr'>τινὸς</span> <span class='ocrx_word' id='word_1_218' title='bbox 363 1455 480 1489; x_wconf 86' lang='grc' dir='ltr'>φύσεως,</span> <span class='ocrx_word' id='word_1_219' title='bbox 503 1455 553 1483; x_wconf 80' lang='grc' dir='ltr'>οὐκ</span> <span class='ocrx_word' id='word_1_220' title='bbox 574 1456 608 1484; x_wconf 82' lang='grc' dir='ltr'><strong>ἀν</strong></span> <span class='ocrx_word' id='word_1_221' title='bbox 624 1457 672 1484; x_wconf 80' lang='grc' dir='ltr'>ἀπ’</span> <span class='ocrx_word' id='word_1_222' title='bbox 695 1457 785 1485; x_wconf 71' lang='grc' dir='ltr'>αὐτῶν</span> <span class='ocrx_word' id='word_1_223' title='bbox 801 1457 860 1486; x_wconf 79' lang='grc' dir='ltr'>εἷπε</span> 
     </span>
    </p>
   </div>
   <div class='ocr_carea' id='block_1_31' title="bbox 72 1499 860 1538">
    <p class='ocr_par' dir='ltr' id='par_1_31' title="bbox 72 1499 860 1538">
     <span class='ocr_line' id='line_1_31' title="bbox 72 1499 860 1538; baseline 0.009 -13"><span class='ocrx_word' id='word_1_224' title='bbox 72 1499 237 1535; x_wconf 83' lang='grc' dir='ltr'>γεννηθῆναι</span> <span class='ocrx_word' id='word_1_225' title='bbox 253 1499 316 1532; x_wconf 85' lang='grc' dir='ltr'>τοὺς</span> <span class='ocrx_word' id='word_1_226' title='bbox 334 1500 481 1535; x_wconf 85' lang='grc' dir='ltr'>γίγαντας·</span> <span class='ocrx_word' id='word_1_227' title='bbox 496 1501 529 1529; x_wconf 76' lang='grc' dir='ltr'>ἐκ</span> <span class='ocrx_word' id='word_1_228' title='bbox 547 1502 602 1538; x_wconf 88' lang='grc' dir='ltr'><strong>γάρ</strong></span> <span class='ocrx_word' id='word_1_229' title='bbox 617 1502 716 1538; x_wconf 81' lang='grc' dir='ltr'>θνητοῦ</span> <span class='ocrx_word' id='word_1_230' title='bbox 733 1504 781 1531; x_wconf 81' lang='grc' dir='ltr'>καὶ</span> <span class='ocrx_word' id='word_1_231' title='bbox 795 1504 860 1532; x_wconf 86' lang='grc' dir='ltr'>ἀθα-</span> 
     </span>
    </p>
   </div>
   <div class='ocr_carea' id='block_1_32' title="bbox 73 1546 860 1586">
    <p class='ocr_par' dir='ltr' id='par_1_32' title="bbox 73 1546 860 1586">
     <span class='ocr_line' id='line_1_32' title="bbox 73 1546 860 1586; baseline 0.008 -14"><span class='ocrx_word' id='word_1_232' title='bbox 73 1546 155 1573; x_wconf 78' lang='grc' dir='ltr'>νάτου</span> <span class='ocrx_word' id='word_1_233' title='bbox 175 1546 275 1582; x_wconf 80' lang='grc' dir='ltr'>μίξεως</span> <span class='ocrx_word' id='word_1_234' title='bbox 289 1547 480 1584; x_wconf 79' lang='grc' dir='ltr'>ἀποφήνασθαι</span> <span class='ocrx_word' id='word_1_235' title='bbox 496 1557 541 1584; x_wconf 89' lang='grc' dir='ltr'><strong>μοι</strong></span> <span class='ocrx_word' id='word_1_236' title='bbox 555 1549 630 1577; x_wconf 85' lang='grc' dir='ltr'><strong>δοκεῖ</strong></span> <span class='ocrx_word' id='word_1_237' title='bbox 643 1550 674 1577; x_wconf 81' lang='grc' dir='ltr'><strong>τὺ</strong></span> <span class='ocrx_word' id='word_1_238' title='bbox 687 1550 743 1577; x_wconf 86' lang='grc' dir='ltr'><strong>τῶν</strong></span> <span class='ocrx_word' id='word_1_239' title='bbox 763 1551 860 1586; x_wconf 82' lang='grc' dir='ltr'>γιγάν-</span> 
     </span>
    </p>
   </div>
   <div class='ocr_carea' id='block_1_33' title="bbox 71 1592 896 1636">
    <p class='ocr_par' dir='ltr' id='par_1_33' title="bbox 71 1592 896 1636">
     <span class='ocr_line' id='line_1_33' title="bbox 71 1592 896 1636; baseline 0.006 -17"><span class='ocrx_word' id='word_1_240' title='bbox 71 1601 128 1620; x_wconf 86' lang='grc' dir='ltr'><strong>των</strong></span> <span class='ocrx_word' id='word_1_241' title='bbox 139 1592 289 1629; x_wconf 82' lang='grc' dir='ltr'>ὑποστῆναι</span> <span class='ocrx_word' id='word_1_242' title='bbox 304 1593 393 1628; x_wconf 85' lang='grc' dir='ltr'>γένος.</span> <span class='ocrx_word' id='word_1_243' title='bbox 414 1594 443 1621; x_wconf 85' lang='lat'><strong>&#39;0</strong></span> <span class='ocrx_word' id='word_1_244' title='bbox 456 1594 488 1631; x_wconf 83' lang='grc' dir='ltr'>δὴ</span> <span class='ocrx_word' id='word_1_245' title='bbox 503 1595 616 1628; x_wconf 76' lang='grc' dir='ltr'>πολλοὺς</span> <span class='ocrx_word' id='word_1_246' title='bbox 628 1596 703 1628; x_wconf 79' lang='grc' dir='ltr'>υἱοὺς</span> <span class='ocrx_word' id='word_1_247' title='bbox 720 1596 861 1632; x_wconf 78' lang='grc' dir='ltr'><strong>ὀνομάζων</strong></span> <span class='ocrx_word' id='word_1_248' title='bbox 874 1606 896 1636; x_wconf 77' lang='lat' dir='ltr'><strong>c</strong></span> 
     </span>
    </p>
   </div>
   <div class='ocr_carea' id='block_1_34' title="bbox 72 1638 862 1677">
    <p class='ocr_par' dir='ltr' id='par_1_34' title="bbox 72 1638 862 1677">
     <span class='ocr_line' id='line_1_34' title="bbox 72 1638 862 1677; baseline 0.006 -12"><span class='ocrx_word' id='word_1_249' title='bbox 72 1638 154 1671; x_wconf 87' lang='grc' dir='ltr'>Θεοῦ,</span> <span class='ocrx_word' id='word_1_250' title='bbox 169 1640 217 1666; x_wconf 80' lang='grc' dir='ltr'>καὶ</span> <span class='ocrx_word' id='word_1_251' title='bbox 229 1639 341 1672; x_wconf 83' lang='grc' dir='ltr'>τούτους</span> <span class='ocrx_word' id='word_1_252' title='bbox 354 1640 404 1667; x_wconf 83' lang='grc' dir='ltr'>οὐκ</span> <span class='ocrx_word' id='word_1_253' title='bbox 420 1640 592 1677; x_wconf 81' lang='grc' dir='ltr'>ἀνθρώπους,</span> <span class='ocrx_word' id='word_1_254' title='bbox 611 1641 745 1676; x_wconf 84' lang='grc' dir='ltr'>ἀγγέλους</span> <span class='ocrx_word' id='word_1_255' title='bbox 760 1642 799 1676; x_wconf 82' lang='grc' dir='ltr'>δὲ,</span> <span class='ocrx_word' id='word_1_256' title='bbox 816 1643 862 1670; x_wconf 80' lang='grc' dir='ltr'>τὸν</span> 
     </span>
    </p>
   </div>
   <div class='ocr_carea' id='block_1_35' title="bbox 74 1684 863 1722">
    <p class='ocr_par' dir='ltr' id='par_1_35' title="bbox 74 1684 863 1722">
     <span class='ocr_line' id='line_1_35' title="bbox 74 1684 863 1722; baseline 0.004 -10"><span class='ocrx_word' id='word_1_257' title='bbox 74 1684 209 1720; x_wconf 83' lang='grc' dir='ltr'>μονογενῆ</span> <span class='ocrx_word' id='word_1_258' title='bbox 224 1685 320 1720; x_wconf 84' lang='grc' dir='ltr'>Λόγον,</span> <span class='ocrx_word' id='word_1_259' title='bbox 333 1685 350 1721; x_wconf 85' lang='grc' dir='ltr'>ἤ</span> <span class='ocrx_word' id='word_1_260' title='bbox 364 1685 428 1713; x_wconf 83' lang='grc' dir='ltr'>Υίδν</span> <span class='ocrx_word' id='word_1_261' title='bbox 445 1686 524 1719; x_wconf 82' lang='grc' dir='ltr'>Θεοῦ,</span> <span class='ocrx_word' id='word_1_262' title='bbox 536 1686 552 1722; x_wconf 81' lang='grc' dir='ltr'>ἢ</span> <span class='ocrx_word' id='word_1_263' title='bbox 572 1687 646 1719; x_wconf 82' lang='grc' dir='ltr'>ὅπως</span> <span class='ocrx_word' id='word_1_264' title='bbox 660 1687 693 1714; x_wconf 85' lang='grc' dir='ltr'><strong>ἂν</strong></span> <span class='ocrx_word' id='word_1_265' title='bbox 714 1687 795 1715; x_wconf 79' lang='grc' dir='ltr'>αὐτὸν</span> <span class='ocrx_word' id='word_1_266' title='bbox 813 1697 863 1716; x_wconf 72' lang='grc' dir='ltr'>και-</span> 
     </span>
    </p>
   </div>
   <div class='ocr_carea' id='block_1_36' title="bbox 72 1729 861 1769">
    <p class='ocr_par' dir='ltr' id='par_1_36' title="bbox 72 1729 861 1769">
     <span class='ocr_line' id='line_1_36' title="bbox 72 1729 861 1769; baseline 0.005 -13"><span class='ocrx_word' id='word_1_267' title='bbox 72 1729 157 1762; x_wconf 83' lang='grc' dir='ltr'>λεῖτε,</span> <span class='ocrx_word' id='word_1_268' title='bbox 181 1730 259 1765; x_wconf 70' lang='grc' dir='ltr'>ειπερ</span> <span class='ocrx_word' id='word_1_269' title='bbox 274 1729 433 1765; x_wconf 75' lang='grc' dir='ltr'>ἐγίνωσκεν,</span> <span class='ocrx_word' id='word_1_270' title='bbox 446 1730 496 1758; x_wconf 79' lang='grc' dir='ltr'>οὐκ</span> <span class='ocrx_word' id='word_1_271' title='bbox 509 1730 542 1758; x_wconf 81' lang='grc' dir='ltr'>ἂν</span> <span class='ocrx_word' id='word_1_272' title='bbox 556 1732 596 1763; x_wconf 86' lang='grc' dir='ltr'><strong>είς</strong></span> <span class='ocrx_word' id='word_1_273' title='bbox 612 1732 771 1768; x_wconf 80' lang='grc' dir='ltr'>ἀνθρώπους</span> <span class='ocrx_word' id='word_1_274' title='bbox 791 1734 861 1769; x_wconf 81' lang='grc' dir='ltr'><strong>ἐμή-</strong></span> 
     </span>
    </p>
   </div>
   <div class='ocr_carea' id='block_1_37' title="bbox 73 1774 861 1813">
    <p class='ocr_par' dir='ltr' id='par_1_37' title="bbox 73 1774 861 1813">
     <span class='ocr_line' id='line_1_37' title="bbox 73 1774 861 1813; baseline 0.006 -12"><span class='ocrx_word' id='word_1_275' title='bbox 73 1783 172 1807; x_wconf 85' lang='grc' dir='ltr'>νυσεν;</span> <span class='ocrx_word' id='word_1_276' title='bbox 185 1775 245 1801; x_wconf 86' lang='grc' dir='ltr'>’Ὁτι</span> <span class='ocrx_word' id='word_1_277' title='bbox 262 1774 292 1802; x_wconf 76' lang='grc' dir='ltr'>δὲ</span> <span class='ocrx_word' id='word_1_278' title='bbox 310 1775 382 1810; x_wconf 78' lang='grc' dir='ltr'>μέγα</span> <span class='ocrx_word' id='word_1_279' title='bbox 401 1774 479 1802; x_wconf 87' lang='grc' dir='ltr'>τοῦτο</span> <span class='ocrx_word' id='word_1_280' title='bbox 502 1775 638 1812; x_wconf 79' lang='grc' dir='ltr'>ἐνόμιζεν,</span> <span class='ocrx_word' id='word_1_281' title='bbox 660 1777 732 1813; x_wconf 73' lang='grc' dir='ltr'>ὑπὲρ</span> <span class='ocrx_word' id='word_1_282' title='bbox 746 1778 794 1805; x_wconf 81' lang='grc' dir='ltr'><strong>τοῦ</strong></span> <span class='ocrx_word' id='word_1_283' title='bbox 811 1778 861 1806; x_wconf 89' lang='grc' dir='ltr'><strong>Ἰσ-</strong></span> 
     </span>
    </p>
   </div>
   <div class='ocr_carea' id='block_1_38' title="bbox 74 1820 860 1859">
    <p class='ocr_par' dir='ltr' id='par_1_38' title="bbox 74 1820 860 1859">
     <span class='ocr_line' id='line_1_38' title="bbox 74 1820 860 1859; baseline 0.006 -13"><span class='ocrx_word' id='word_1_284' title='bbox 74 1820 147 1856; x_wconf 81' lang='grc' dir='ltr'>ραήλ</span> <span class='ocrx_word' id='word_1_285' title='bbox 170 1829 252 1856; x_wconf 82' lang='grc' dir='ltr'>φησιν</span> <span class='ocrx_word' id='word_1_286' title='bbox 265 1828 274 1837; x_wconf 75' lang='grc'><em>⁸</em></span> <span class='ocrx_word' id='word_1_287' title='bbox 293 1830 303 1847; x_wconf 79' lang='grc' dir='ltr'><strong>ι</strong></span> <span class='ocrx_word' id='word_1_288' title='bbox 316 1821 381 1853; x_wconf 75' lang='grc' dir='ltr'>Υἱὸς</span> <span class='ocrx_word' id='word_1_289' title='bbox 402 1821 575 1857; x_wconf 80' lang='grc' dir='ltr'>πρωτότοκ6ς</span> <span class='ocrx_word' id='word_1_290' title='bbox 591 1831 642 1857; x_wconf 88' lang='grc' dir='ltr'><strong>μου</strong></span> <span class='ocrx_word' id='word_1_291' title='bbox 664 1823 786 1859; x_wconf 77' lang='grc' dir='ltr'>Ἰσραήλ·</span> <span class='ocrx_word' id='word_1_292' title='bbox 800 1833 809 1850; x_wconf 76' lang='grc' dir='ltr'><strong>ι</strong></span> <span class='ocrx_word' id='word_1_293' title='bbox 834 1823 860 1851; x_wconf 83' lang='grc' dir='ltr'>τε</span> 
     </span>
    </p>
   </div>
   <div class='ocr_carea' id='block_1_39' title="bbox 70 1865 861 1904">
    <p class='ocr_par' dir='ltr' id='par_1_39' title="bbox 70 1865 861 1904">
     <span class='ocr_line' id='line_1_39' title="bbox 70 1865 861 1904; baseline 0.006 -12"><span class='ocrx_word' id='word_1_294' title='bbox 70 1866 134 1901; x_wconf 73' lang='grc' dir='ltr'><strong>οὐχ).</strong></span> <span class='ocrx_word' id='word_1_295' title='bbox 157 1866 204 1893; x_wconf 75' lang='grc' dir='ltr'>καὶ</span> <span class='ocrx_word' id='word_1_296' title='bbox 229 1865 294 1902; x_wconf 73' lang='grc' dir='ltr'>περὶ</span> <span class='ocrx_word' id='word_1_297' title='bbox 315 1865 362 1893; x_wconf 83' lang='grc' dir='ltr'><strong>τοῦ</strong></span> <span class='ocrx_word' id='word_1_298' title='bbox 383 1866 471 1902; x_wconf 84' lang='grc' dir='ltr'>Ἰησοῦ</span> <span class='ocrx_word' id='word_1_299' title='bbox 494 1867 570 1894; x_wconf 83' lang='grc' dir='ltr'>ταῦτ’</span> <span class='ocrx_word' id='word_1_300' title='bbox 585 1867 636 1903; x_wconf 73' lang='grc' dir='ltr'>ἔφη</span> <span class='ocrx_word' id='word_1_301' title='bbox 657 1868 775 1904; x_wconf 81' lang='grc' dir='ltr'>Μωσῆς;</span> <span class='ocrx_word' id='word_1_302' title='bbox 791 1867 861 1897; x_wconf 82' lang='grc' dir='ltr'>Ἕνα</span> 
     </span>
    </p>
   </div>
   <div class='ocr_carea' id='block_1_40' title="bbox 70 1912 860 1948">
    <p class='ocr_par' dir='ltr' id='par_1_40' title="bbox 70 1912 860 1948">
     <span class='ocr_line' id='line_1_40' title="bbox 70 1912 860 1948; baseline 0.004 -9"><span class='ocrx_word' id='word_1_303' title='bbox 70 1913 120 1939; x_wconf 81' lang='grc' dir='ltr'>καὶ</span> <span class='ocrx_word' id='word_1_304' title='bbox 132 1912 212 1948; x_wconf 88' lang='grc' dir='ltr'>μόνον</span> <span class='ocrx_word' id='word_1_305' title='bbox 226 1912 349 1940; x_wconf 72' lang='grc' dir='ltr'>ἐδίδασκε</span> <span class='ocrx_word' id='word_1_306' title='bbox 359 1912 436 1946; x_wconf 76' lang='grc' dir='ltr'>Θεὸν,</span> <span class='ocrx_word' id='word_1_307' title='bbox 449 1913 524 1945; x_wconf 72' lang='grc' dir='ltr'>υἱοὺς</span> <span class='ocrx_word' id='word_1_308' title='bbox 536 1913 564 1940; x_wconf 81' lang='grc' dir='ltr'>δὲ</span> <span class='ocrx_word' id='word_1_309' title='bbox 575 1913 658 1940; x_wconf 84' lang='grc' dir='ltr'>αὑτοῦ</span> <span class='ocrx_word' id='word_1_310' title='bbox 671 1914 785 1947; x_wconf 81' lang='grc' dir='ltr'>πολλοὺς</span> <span class='ocrx_word' id='word_1_311' title='bbox 796 1915 860 1948; x_wconf 80' lang='grc' dir='ltr'>τοὺς</span> 
     </span>
    </p>
   </div>
   <div class='ocr_carea' id='block_1_41' title="bbox 69 1958 861 1997">
    <p class='ocr_par' dir='ltr' id='par_1_41' title="bbox 69 1958 861 1997">
     <span class='ocr_line' id='line_1_41' title="bbox 69 1958 861 1997; baseline 0.003 -12"><span class='ocrx_word' id='word_1_312' title='bbox 69 1958 326 1994; x_wconf 79' lang='grc' dir='ltr'>κατανειμαμένους</span> <span class='ocrx_word' id='word_1_313' title='bbox 349 1959 384 1986; x_wconf 88' lang='grc' dir='ltr'><strong>τὰ</strong></span> <span class='ocrx_word' id='word_1_314' title='bbox 404 1958 469 1994; x_wconf 80' lang='grc' dir='ltr'>έθνη</span> <span class='ocrx_word' id='word_1_315' title='bbox 481 1967 489 1974; x_wconf 87' lang='grc'>·</span> <span class='ocrx_word' id='word_1_316' title='bbox 510 1959 681 1995; x_wconf 81' lang='grc' dir='ltr'>πρωτότοκον</span> <span class='ocrx_word' id='word_1_317' title='bbox 699 1960 727 1987; x_wconf 82' lang='grc' dir='ltr'>δὲ</span> <span class='ocrx_word' id='word_1_318' title='bbox 750 1961 827 1993; x_wconf 80' lang='grc' dir='ltr'>Υίδν,</span> <span class='ocrx_word' id='word_1_319' title='bbox 841 1961 861 1997; x_wconf 74' lang='grc' dir='ltr'><strong>ἦ</strong></span> 
     </span>
    </p>
   </div>
   <div class='ocr_carea' id='block_1_42' title="bbox 69 2004 860 2042">
    <p class='ocr_par' dir='ltr' id='par_1_42' title="bbox 69 2004 860 2042">
     <span class='ocr_line' id='line_1_42' title="bbox 69 2004 860 2042; baseline 0.003 -11"><span class='ocrx_word' id='word_1_320' title='bbox 69 2005 138 2032; x_wconf 74' lang='grc' dir='ltr'>Θεὸν</span> <span class='ocrx_word' id='word_1_321' title='bbox 152 2005 248 2040; x_wconf 78' lang='grc' dir='ltr'>Λόγον,</span> <span class='ocrx_word' id='word_1_322' title='bbox 258 2004 276 2041; x_wconf 77' lang='grc' dir='ltr'><strong>ῆ</strong></span> <span class='ocrx_word' id='word_1_323' title='bbox 293 2013 319 2032; x_wconf 90' lang='grc' dir='ltr'><strong>τι</strong></span> <span class='ocrx_word' id='word_1_324' title='bbox 333 2004 387 2032; x_wconf 86' lang='grc' dir='ltr'>τῶν</span> <span class='ocrx_word' id='word_1_325' title='bbox 402 2005 450 2040; x_wconf 83' lang='grc' dir='ltr'>ἀφ’</span> <span class='ocrx_word' id='word_1_326' title='bbox 462 2005 539 2041; x_wconf 78' lang='grc' dir='ltr'>ὑμῶν</span> <span class='ocrx_word' id='word_1_327' title='bbox 554 2005 666 2041; x_wconf 82' lang='grc' dir='ltr'>ὕστερον</span> <span class='ocrx_word' id='word_1_328' title='bbox 677 2006 781 2042; x_wconf 75' lang='grc' dir='ltr'>ψευδῶς</span> <span class='ocrx_word' id='word_1_329' title='bbox 795 2016 860 2033; x_wconf 85' lang='grc' dir='ltr'>συν-</span> 
     </span>
    </p>
   </div>
   <div class='ocr_carea' id='block_1_43' title="bbox 69 2049 859 2086">
    <p class='ocr_par' dir='ltr' id='par_1_43' title="bbox 69 2049 859 2086">
     <span class='ocr_line' id='line_1_43' title="bbox 69 2049 859 2086; baseline 0.003 -10"><span class='ocrx_word' id='word_1_330' title='bbox 69 2049 204 2076; x_wconf 79' lang='grc' dir='ltr'>τεθέντων</span> <span class='ocrx_word' id='word_1_331' title='bbox 226 2050 269 2083; x_wconf 78' lang='grc' dir='ltr'>δὲ,</span> <span class='ocrx_word' id='word_1_332' title='bbox 291 2049 354 2077; x_wconf 68' lang='grc' dir='ltr'>οῦτε</span> <span class='ocrx_word' id='word_1_333' title='bbox 378 2050 436 2086; x_wconf 75' lang='grc' dir='ltr'>ᾔδει</span> <span class='ocrx_word' id='word_1_334' title='bbox 456 2052 517 2078; x_wconf 81' lang='grc' dir='ltr'>κατ’</span> <span class='ocrx_word' id='word_1_335' title='bbox 535 2051 632 2086; x_wconf 86' lang='grc' dir='ltr'>ἀρχὴν,</span> <span class='ocrx_word' id='word_1_336' title='bbox 650 2050 710 2078; x_wconf 80' lang='grc' dir='ltr'>οὔτε</span> <span class='ocrx_word' id='word_1_337' title='bbox 734 2052 859 2079; x_wconf 77' lang='grc' dir='ltr'>ἐδίδασκε</span> 
     </span>
    </p>
   </div>
   <div class='ocr_carea' id='block_1_44' title="bbox 69 2094 861 2131">
    <p class='ocr_par' dir='ltr' id='par_1_44' title="bbox 69 2094 861 2131">
     <span class='ocr_line' id='line_1_44' title="bbox 69 2094 861 2131; baseline 0.004 -10"><span class='ocrx_word' id='word_1_338' title='bbox 69 2103 135 2131; x_wconf 55' lang='grc' dir='ltr'><strong>φεμ.</strong></span> <span class='ocrx_word' id='word_1_339' title='bbox 144 2094 207 2131; x_wconf 84' lang='grc' dir='ltr'><strong>ρῶς.</strong></span> <span class='ocrx_word' id='word_1_340' title='bbox 229 2095 316 2122; x_wconf 81' lang='grc' dir='ltr'>Αὑτοῦ</span> <span class='ocrx_word' id='word_1_341' title='bbox 330 2105 360 2122; x_wconf 90' lang='grc' dir='ltr'><strong>τε</strong></span> <span class='ocrx_word' id='word_1_342' title='bbox 378 2096 498 2128; x_wconf 86' lang='grc' dir='ltr'>Μωσέως</span> <span class='ocrx_word' id='word_1_343' title='bbox 513 2096 560 2123; x_wconf 77' lang='grc' dir='ltr'>καὶ</span> <span class='ocrx_word' id='word_1_344' title='bbox 575 2096 630 2123; x_wconf 82' lang='grc' dir='ltr'>τῶν</span> <span class='ocrx_word' id='word_1_345' title='bbox 644 2097 730 2124; x_wconf 86' lang='grc' dir='ltr'>ἀλλων</span> <span class='ocrx_word' id='word_1_346' title='bbox 744 2097 861 2124; x_wconf 80' lang='grc' dir='ltr'>ἐπακού-</span> 
     </span>
    </p>
   </div>
   <div class='ocr_carea' id='block_1_45' title="bbox 70 2140 860 2177">
    <p class='ocr_par' dir='ltr' id='par_1_45' title="bbox 70 2140 860 2177">
     <span class='ocr_line' id='line_1_45' title="bbox 70 2140 860 2177; baseline 0.004 -10"><span class='ocrx_word' id='word_1_347' title='bbox 70 2149 139 2168; x_wconf 89' lang='grc' dir='ltr'>σατε</span> <span class='ocrx_word' id='word_1_348' title='bbox 159 2141 319 2177; x_wconf 83' lang='grc' dir='ltr'>προφητῶν.</span> <span class='ocrx_word' id='word_1_349' title='bbox 337 2141 366 2168; x_wconf 86' lang='lat'><strong>&#39;0</strong></span> <span class='ocrx_word' id='word_1_350' title='bbox 381 2140 427 2168; x_wconf 84' lang='grc' dir='ltr'>οὖν</span> <span class='ocrx_word' id='word_1_351' title='bbox 447 2142 551 2177; x_wconf 86' lang='grc' dir='ltr'>Μωσῆς</span> <span class='ocrx_word' id='word_1_352' title='bbox 575 2142 659 2169; x_wconf 86' lang='grc' dir='ltr'>πολλά</span> <span class='ocrx_word' id='word_1_353' title='bbox 685 2143 796 2170; x_wconf 77' lang='grc' dir='ltr'>τοιαῦτα</span> <span class='ocrx_word' id='word_1_354' title='bbox 812 2144 860 2170; x_wconf 79' lang='grc' dir='ltr'>καὶ</span> 
     </span>
    </p>
   </div>
   <div class='ocr_carea' id='block_1_46' title="bbox 70 2184 859 2223">
    <p class='ocr_par' dir='ltr' id='par_1_46' title="bbox 70 2184 859 2223">
     <span class='ocr_line' id='line_1_46' title="bbox 70 2184 859 2223; baseline 0.004 -12"><span class='ocrx_word' id='word_1_355' title='bbox 70 2185 161 2220; x_wconf 82' lang='grc' dir='ltr'>πάντη</span> <span class='ocrx_word' id='word_1_356' title='bbox 183 2184 272 2219; x_wconf 85' lang='grc' dir='ltr'>λέγει·</span> <span class='ocrx_word' id='word_1_357' title='bbox 290 2195 300 2211; x_wconf 79' lang='grc' dir='ltr'>ί</span> <span class='ocrx_word' id='word_1_358' title='bbox 314 2185 416 2221; x_wconf 82' lang='grc' dir='ltr'>Κύριον</span> <span class='ocrx_word' id='word_1_359' title='bbox 428 2186 473 2212; x_wconf 83' lang='grc' dir='ltr'>τὸν</span> <span class='ocrx_word' id='word_1_360' title='bbox 488 2186 556 2214; x_wconf 79' lang='grc' dir='ltr'>Θεόν</span> <span class='ocrx_word' id='word_1_361' title='bbox 567 2195 613 2213; x_wconf 85' lang='grc' dir='ltr'><strong>σου</strong></span> <span class='ocrx_word' id='word_1_362' title='bbox 637 2187 791 2223; x_wconf 79' lang='grc' dir='ltr'>φοὸηθήσῃ,</span> <span class='ocrx_word' id='word_1_363' title='bbox 810 2187 859 2214; x_wconf 72' lang='grc' dir='ltr'>καὶ</span> 
     </span>
    </p>
   </div>
   <div class='ocr_carea' id='block_1_47' title="bbox 68 2228 858 2268">
    <p class='ocr_par' dir='ltr' id='par_1_47' title="bbox 68 2228 858 2268">
     <span class='ocr_line' id='line_1_47' title="bbox 68 2228 858 2268; baseline 0.003 -11"><span class='ocrx_word' id='word_1_364' title='bbox 68 2230 144 2266; x_wconf 74' lang='grc' dir='ltr'><strong>αὐτῷ</strong></span> <span class='ocrx_word' id='word_1_365' title='bbox 163 2231 236 2267; x_wconf 87' lang='grc' dir='ltr'>μόνῳ</span> <span class='ocrx_word' id='word_1_366' title='bbox 249 2230 417 2267; x_wconf 85' lang='grc' dir='ltr'>λατρεύσεις.</span> <span class='ocrx_word' id='word_1_367' title='bbox 430 2240 440 2257; x_wconf 74' lang='grc' dir='ltr'><strong><em>ι</em></strong></span> <span class='ocrx_word' id='word_1_368' title='bbox 457 2232 518 2264; x_wconf 78' lang='grc' dir='ltr'><strong>Πῶς</strong></span> <span class='ocrx_word' id='word_1_369' title='bbox 536 2228 582 2259; x_wconf 81' lang='grc' dir='ltr'><strong>οῦν</strong></span> <span class='ocrx_word' id='word_1_370' title='bbox 596 2232 610 2259; x_wconf 83' lang='grc' dir='ltr'><strong>ό</strong></span> <span class='ocrx_word' id='word_1_371' title='bbox 629 2232 732 2268; x_wconf 86' lang='grc' dir='ltr'>Ἰησοῦς</span> <span class='ocrx_word' id='word_1_372' title='bbox 748 2233 775 2260; x_wconf 78' lang='grc' dir='ltr'><strong>ὲν</strong></span> <span class='ocrx_word' id='word_1_373' title='bbox 801 2234 858 2264; x_wconf 80' lang='grc' dir='ltr'>τοῖς</span> 
     </span>
    </p>
   </div>
   <div class='ocr_carea' id='block_1_48' title="bbox 917 292 1701 327">
    <p class='ocr_par' dir='ltr' id='par_1_48' title="bbox 917 292 1701 327">
     <span class='ocr_line' id='line_1_48' title="bbox 917 292 1701 327; baseline -0.005 -6"><span class='ocrx_word' id='word_1_374' title='bbox 917 293 998 322; x_wconf 85' lang='lat' dir='ltr'><strong>Patre</strong></span> <span class='ocrx_word' id='word_1_375' title='bbox 1010 293 1160 322; x_wconf 76' lang='lat' dir='ltr'><strong>subsistere</strong></span> <span class='ocrx_word' id='word_1_376' title='bbox 1179 293 1308 326; x_wconf 84' lang='lat' dir='ltr'><strong>Verbum,</strong></span> <span class='ocrx_word' id='word_1_377' title='bbox 1335 292 1407 327; x_wconf 86' lang='lat' dir='ltr'><strong>quod</strong></span> <span class='ocrx_word' id='word_1_378' title='bbox 1421 299 1455 319; x_wconf 89' lang='lat' dir='ltr'><strong>ex</strong></span> <span class='ocrx_word' id='word_1_379' title='bbox 1471 292 1528 327; x_wconf 88' lang='lat' dir='ltr'><strong>ipso</strong></span> <span class='ocrx_word' id='word_1_380' title='bbox 1543 295 1587 318; x_wconf 86' lang='lat' dir='ltr'><strong>est</strong></span> <span class='ocrx_word' id='word_1_381' title='bbox 1601 297 1701 318; x_wconf 87' lang='lat' dir='ltr'><strong>secun-</strong></span> 
     </span>
    </p>
   </div>
   <div class='ocr_carea' id='block_1_49' title="bbox 916 336 1702 373">
    <p class='ocr_par' dir='ltr' id='par_1_49' title="bbox 916 336 1702 373">
     <span class='ocr_line' id='line_1_49' title="bbox 916 336 1702 373; baseline -0.006 -6"><span class='ocrx_word' id='word_1_382' title='bbox 916 339 980 367; x_wconf 87' lang='lat' dir='ltr'><strong>dum</strong></span> <span class='ocrx_word' id='word_1_383' title='bbox 996 344 1133 371; x_wconf 80' lang='lat' dir='ltr'><strong>naturam,</strong></span> <span class='ocrx_word' id='word_1_384' title='bbox 1159 337 1228 366; x_wconf 96' lang='lat' dir='ltr'><strong>etin</strong></span> <span class='ocrx_word' id='word_1_385' title='bbox 1257 338 1316 373; x_wconf 88' lang='lat' dir='ltr'><strong>ipso</strong></span> <span class='ocrx_word' id='word_1_386' title='bbox 1341 336 1491 364; x_wconf 84' lang='lat' dir='ltr'><strong>secundum</strong></span> <span class='ocrx_word' id='word_1_387' title='bbox 1514 336 1646 363; x_wconf 82' lang='lat' dir='ltr'><strong>unitatem</strong></span> <span class='ocrx_word' id='word_1_388' title='bbox 1674 338 1702 362; x_wconf 86' lang='lat' dir='ltr'><strong>et</strong></span> 
     </span>
    </p>
   </div>
   <div class='ocr_carea' id='block_1_50' title="bbox 915 381 1699 417">
    <p class='ocr_par' dir='ltr' id='par_1_50' title="bbox 915 381 1699 417">
     <span class='ocr_line' id='line_1_50' title="bbox 915 381 1699 417; baseline -0.006 -4"><span class='ocrx_word' id='word_1_389' title='bbox 915 385 1083 414; x_wconf 83' lang='lat' dir='ltr'><strong>identitalem</strong></span> <span class='ocrx_word' id='word_1_390' title='bbox 1097 384 1234 416; x_wconf 59' lang='lat' dir='ltr'><strong>essentia.</strong></span> <span class='ocrx_word' id='word_1_391' title='bbox 1254 383 1319 411; x_wconf 88' lang='lat' dir='ltr'><strong>illud</strong></span> <span class='ocrx_word' id='word_1_392' title='bbox 1336 390 1442 417; x_wconf 84' lang='lat' dir='ltr'><strong>nempe,</strong></span> <span class='ocrx_word' id='word_1_393' title='bbox 1461 389 1510 417; x_wconf 88' lang='lat' dir='ltr'><strong>per</strong></span> <span class='ocrx_word' id='word_1_394' title='bbox 1522 381 1595 417; x_wconf 91' lang='lat' dir='ltr'><strong>quod</strong></span> <span class='ocrx_word' id='word_1_395' title='bbox 1607 381 1699 408; x_wconf 82' lang='lat' dir='ltr'><strong>omnia</strong></span> 
     </span>
    </p>
   </div>
   <div class='ocr_carea' id='block_1_51' title="bbox 915 426 1698 466">
    <p class='ocr_par' dir='ltr' id='par_1_51' title="bbox 915 426 1698 466">
     <span class='ocr_line' id='line_1_51' title="bbox 915 426 1698 466; baseline -0.005 -8"><span class='ocrx_word' id='word_1_396' title='bbox 915 432 1045 466; x_wconf 88' lang='lat' dir='ltr'><strong>producta</strong></span> <span class='ocrx_word' id='word_1_397' title='bbox 1059 436 1134 459; x_wconf 86' lang='lat' dir='ltr'><strong>sunt.</strong></span> <span class='ocrx_word' id='word_1_398' title='bbox 1150 430 1204 458; x_wconf 89' lang='lat' dir='ltr'><strong>Sed</strong></span> <span class='ocrx_word' id='word_1_399' title='bbox 1216 437 1278 457; x_wconf 89' lang='lat' dir='ltr'><strong>cum</strong></span> <span class='ocrx_word' id='word_1_400' title='bbox 1291 429 1373 457; x_wconf 87' lang='lat' dir='ltr'><strong>aliam</strong></span> <span class='ocrx_word' id='word_1_401' title='bbox 1384 428 1510 464; x_wconf 75' lang='lat' dir='ltr'><strong>frigidam</strong></span> <span class='ocrx_word' id='word_1_402' title='bbox 1521 432 1548 455; x_wconf 90' lang='lat' dir='ltr'><strong>et</strong></span> <span class='ocrx_word' id='word_1_403' title='bbox 1565 426 1698 455; x_wconf 82' lang='lat' dir='ltr'><strong>imbellem</strong></span> 
     </span>
    </p>
   </div>
   <div class='ocr_carea' id='block_1_52' title="bbox 915 473 1698 512">
    <p class='ocr_par' dir='ltr' id='par_1_52' title="bbox 915 473 1698 512">
     <span class='ocr_line' id='line_1_52' title="bbox 915 473 1698 512; baseline -0.006 -7"><span class='ocrx_word' id='word_1_404' title='bbox 915 477 1128 512; x_wconf 71' lang='lat' dir='ltr'><strong>disputationem</strong></span> <span class='ocrx_word' id='word_1_405' title='bbox 1152 476 1276 504; x_wconf 83' lang='lat' dir='ltr'><strong>Julianus</strong></span> <span class='ocrx_word' id='word_1_406' title='bbox 1298 474 1431 504; x_wconf 82' lang='lat' dir='ltr'><strong>struxerit</strong></span> <span class='ocrx_word' id='word_1_407' title='bbox 1451 474 1581 502; x_wconf 77' lang='lat' dir='ltr'><strong>adversus</strong></span> <span class='ocrx_word' id='word_1_408' title='bbox 1598 473 1698 508; x_wconf 86' lang='lat' dir='ltr'><strong>Unige-</strong></span> 
     </span>
    </p>
   </div>
   <div class='ocr_carea' id='block_1_53' title="bbox 915 519 1697 555">
    <p class='ocr_par' dir='ltr' id='par_1_53' title="bbox 915 519 1697 555">
     <span class='ocr_line' id='line_1_53' title="bbox 915 519 1697 555; baseline -0.005 -5"><span class='ocrx_word' id='word_1_409' title='bbox 915 523 1013 555; x_wconf 81' lang='lat' dir='ltr'><strong>nitum,</strong></span> <span class='ocrx_word' id='word_1_410' title='bbox 1027 523 1090 551; x_wconf 90' lang='lat' dir='ltr'><strong>licet</strong></span> <span class='ocrx_word' id='word_1_411' title='bbox 1103 530 1163 551; x_wconf 92' lang='lat' dir='ltr'><strong>eam</strong></span> <span class='ocrx_word' id='word_1_412' title='bbox 1181 529 1271 551; x_wconf 89' lang='lat' dir='ltr'><strong>acrem</strong></span> <span class='ocrx_word' id='word_1_413' title='bbox 1295 526 1322 549; x_wconf 90' lang='lat' dir='ltr'><strong>et</strong></span> <span class='ocrx_word' id='word_1_414' title='bbox 1336 521 1527 549; x_wconf 84' lang='lat' dir='ltr'><strong>vehementem</strong></span> <span class='ocrx_word' id='word_1_415' title='bbox 1551 519 1697 551; x_wconf 82' lang='lat' dir='ltr'><strong>existimet.</strong></span> 
     </span>
    </p>
   </div>
   <div class='ocr_carea' id='block_1_54' title="bbox 914 565 1700 605">
    <p class='ocr_par' dir='ltr' id='par_1_54' title="bbox 914 565 1700 605">
     <span class='ocr_line' id='line_1_54' title="bbox 914 565 1700 605; baseline -0.006 -8"><span class='ocrx_word' id='word_1_416' title='bbox 914 569 994 597; x_wconf 87' lang='lat' dir='ltr'><strong>nobis</strong></span> <span class='ocrx_word' id='word_1_417' title='bbox 1012 569 1106 605; x_wconf 80' lang='lat' dir='ltr'><strong>utique</strong></span> <span class='ocrx_word' id='word_1_418' title='bbox 1131 568 1266 596; x_wconf 84' lang='lat' dir='ltr'><strong>incumbit</strong></span> <span class='ocrx_word' id='word_1_419' title='bbox 1286 567 1344 603; x_wconf 84' lang='lat' dir='ltr'><strong>ejus</strong></span> <span class='ocrx_word' id='word_1_420' title='bbox 1363 573 1471 602; x_wconf 86' lang='lat' dir='ltr'><strong>quoque</strong></span> <span class='ocrx_word' id='word_1_421' title='bbox 1487 565 1579 593; x_wconf 80' lang='lat' dir='ltr'><strong>verbis</strong></span> <span class='ocrx_word' id='word_1_422' title='bbox 1593 565 1700 592; x_wconf 81' lang='lat' dir='ltr'><strong>fortiter</strong></span> 
     </span>
    </p>
   </div>
   <div class='ocr_carea' id='block_1_55' title="bbox 914 610 1699 649">
    <p class='ocr_par' dir='ltr' id='par_1_55' title="bbox 914 610 1699 649">
     <span class='ocr_line' id='line_1_55' title="bbox 914 610 1699 649; baseline -0.008 -6"><span class='ocrx_word' id='word_1_423' title='bbox 914 615 1052 648; x_wconf 86' lang='lat' dir='ltr'><strong>resistere,</strong></span> <span class='ocrx_word' id='word_1_424' title='bbox 1070 619 1098 642; x_wconf 89' lang='lat' dir='ltr'><strong>et</strong></span> <span class='ocrx_word' id='word_1_425' title='bbox 1113 615 1217 642; x_wconf 76' lang='lat' dir='ltr'><strong>insanze</strong></span> <span class='ocrx_word' id='word_1_426' title='bbox 1238 613 1389 649; x_wconf 86' lang='lat' dir='ltr'><strong>pruriginis</strong></span> <span class='ocrx_word' id='word_1_427' title='bbox 1415 612 1442 640; x_wconf 87' lang='lat' dir='ltr'><strong>in</strong></span> <span class='ocrx_word' id='word_1_428' title='bbox 1458 611 1596 639; x_wconf 80' lang='lat' dir='ltr'><strong>Christum</strong></span> <span class='ocrx_word' id='word_1_429' title='bbox 1617 610 1699 644; x_wconf 87' lang='lat' dir='ltr'><strong>impe-</strong></span> 
     </span>
    </p>
   </div>
   <div class='ocr_carea' id='block_1_56' title="bbox 914 657 1699 690">
    <p class='ocr_par' dir='ltr' id='par_1_56' title="bbox 914 657 1699 690">
     <span class='ocr_line' id='line_1_56' title="bbox 914 657 1699 690; baseline -0.006 -1"><span class='ocrx_word' id='word_1_430' title='bbox 914 665 971 689; x_wconf 90' lang='lat' dir='ltr'><strong>tum</strong></span> <span class='ocrx_word' id='word_1_431' title='bbox 999 661 1154 690; x_wconf 83' lang='lat' dir='ltr'><strong>retundere.</strong></span> <span class='ocrx_word' id='word_1_432' title='bbox 1195 659 1297 687; x_wconf 86' lang='lat' dir='ltr'><strong>Scribit</strong></span> <span class='ocrx_word' id='word_1_433' title='bbox 1321 663 1413 687; x_wconf 87' lang='lat' dir='ltr'><strong>autem</strong></span> <span class='ocrx_word' id='word_1_434' title='bbox 1441 665 1538 686; x_wconf 83' lang='lat' dir='ltr'><strong>rursus</strong></span> <span class='ocrx_word' id='word_1_435' title='bbox 1570 658 1598 686; x_wconf 88' lang='lat' dir='ltr'><strong>in</strong></span> <span class='ocrx_word' id='word_1_436' title='bbox 1627 657 1699 685; x_wconf 89' lang='lat' dir='ltr'><strong>hunc</strong></span> 
     </span>
    </p>
   </div>
   <div class='ocr_carea' id='block_1_57' title="bbox 913 707 1034 736">
    <p class='ocr_par' dir='ltr' id='par_1_57' title="bbox 913 707 1034 736">
     <span class='ocr_line' id='line_1_57' title="bbox 913 707 1034 736; baseline -0.008 0"><span class='ocrx_word' id='word_1_437' title='bbox 913 707 1034 736; x_wconf 87' lang='lat' dir='ltr'><strong>modum.</strong></span> 
     </span>
    </p>
   </div>
   <div class='ocr_carea' id='block_1_58' title="bbox 1212 801 1391 832">
    <p class='ocr_par' dir='ltr' id='par_1_58' title="bbox 1212 801 1391 832">
     <span class='ocr_line' id='line_1_58' title="bbox 1212 801 1391 832; baseline 0 0"><span class='ocrx_word' id='word_1_438' title='bbox 1212 801 1391 832; x_wconf 81' lang='lat' dir='ltr'><strong>JULIANUS.</strong></span> 
     </span>
    </p>
   </div>
   <div class='ocr_carea' id='block_1_59' title="bbox 948 857 1699 895">
    <p class='ocr_par' dir='ltr' id='par_1_59' title="bbox 948 857 1699 895">
     <span class='ocr_line' id='line_1_59' title="bbox 948 857 1699 895; baseline -0.001 -8"><span class='ocrx_word' id='word_1_439' title='bbox 948 859 1024 893; x_wconf 83' lang='lat' dir='ltr'><strong>Quod</strong></span> <span class='ocrx_word' id='word_1_440' title='bbox 1046 863 1135 887; x_wconf 86' lang='lat' dir='ltr'><strong>autem</strong></span> <span class='ocrx_word' id='word_1_441' title='bbox 1167 857 1256 887; x_wconf 75' lang='lat' dir='ltr'><strong>Moses</strong></span> <span class='ocrx_word' id='word_1_442' title='bbox 1281 859 1391 895; x_wconf 80' lang='lat' dir='ltr'><strong>angelos</strong></span> <span class='ocrx_word' id='word_1_443' title='bbox 1421 858 1488 888; x_wconf 85' lang='lat' dir='ltr'><strong>deos</strong></span> <span class='ocrx_word' id='word_1_444' title='bbox 1509 859 1649 892; x_wconf 85' lang='lat' dir='ltr'><strong>nominet,</strong></span> <span class='ocrx_word' id='word_1_445' title='bbox 1664 867 1699 887; x_wconf 83' lang='lat' dir='ltr'><strong>ex</strong></span> 
     </span>
    </p>
   </div>
   <div class='ocr_carea' id='block_1_60' title="bbox 915 905 1698 940">
    <p class='ocr_par' dir='ltr' id='par_1_60' title="bbox 915 905 1698 940">
     <span class='ocr_line' id='line_1_60' title="bbox 915 905 1698 940; baseline -0.001 -7"><span class='ocrx_word' id='word_1_446' title='bbox 915 905 987 933; x_wconf 90' lang='lat' dir='ltr'><strong>illius</strong></span> <span class='ocrx_word' id='word_1_447' title='bbox 1009 905 1102 934; x_wconf 90' lang='lat' dir='ltr'><strong>verbis</strong></span> <span class='ocrx_word' id='word_1_448' title='bbox 1129 905 1255 940; x_wconf 84' lang='lat' dir='ltr'><strong>accipite.</strong></span> <span class='ocrx_word' id='word_1_449' title='bbox 1274 914 1285 931; x_wconf 76' lang='grc' dir='ltr'><strong>ι</strong></span> <span class='ocrx_word' id='word_1_450' title='bbox 1320 905 1450 933; x_wconf 86' lang='lat' dir='ltr'><strong>Videntes</strong></span> <span class='ocrx_word' id='word_1_451' title='bbox 1474 908 1564 933; x_wconf 82' lang='lat' dir='ltr'><strong>autem</strong></span> <span class='ocrx_word' id='word_1_452' title='bbox 1585 905 1633 932; x_wconf 83' lang='lat' dir='ltr'><strong>ﬁlii</strong></span> <span class='ocrx_word' id='word_1_453' title='bbox 1652 905 1698 933; x_wconf 88' lang='lat' dir='ltr'><strong>Dei</strong></span> 
     </span>
    </p>
   </div>
   <div class='ocr_carea' id='block_1_61' title="bbox 915 951 1698 988">
    <p class='ocr_par' dir='ltr' id='par_1_61' title="bbox 915 951 1698 988">
     <span class='ocr_line' id='line_1_61' title="bbox 915 951 1698 988; baseline 0 -9"><span class='ocrx_word' id='word_1_454' title='bbox 915 952 984 980; x_wconf 82' lang='lat' dir='ltr'><strong>tilias</strong></span> <span class='ocrx_word' id='word_1_455' title='bbox 999 951 1151 985; x_wconf 84' lang='lat' dir='ltr'><strong>hominum,</strong></span> <span class='ocrx_word' id='word_1_456' title='bbox 1174 951 1245 988; x_wconf 88' lang='lat' dir='ltr'><strong>quod</strong></span> <span class='ocrx_word' id='word_1_457' title='bbox 1257 956 1350 980; x_wconf 86' lang='lat' dir='ltr'><strong>essent</strong></span> <span class='ocrx_word' id='word_1_458' title='bbox 1365 951 1485 987; x_wconf 69' lang='lat' dir='ltr'><strong>pulchra:</strong></span> <span class='ocrx_word' id='word_1_459' title='bbox 1496 972 1505 987; x_wconf 93' lang='lat'><strong>,</strong></span> <span class='ocrx_word' id='word_1_460' title='bbox 1530 957 1698 987; x_wconf 89' lang='lat' dir='ltr'><strong>acceperunt</strong></span> 
     </span>
    </p>
   </div>
   <div class='ocr_carea' id='block_1_62' title="bbox 915 997 1699 1033">
    <p class='ocr_par' dir='ltr' id='par_1_62' title="bbox 915 997 1699 1033">
     <span class='ocr_line' id='line_1_62' title="bbox 915 997 1699 1033; baseline -0.003 -7"><span class='ocrx_word' id='word_1_461' title='bbox 915 998 965 1026; x_wconf 89' lang='lat' dir='ltr'><strong>sibi</strong></span> <span class='ocrx_word' id='word_1_462' title='bbox 983 1006 1082 1026; x_wconf 84' lang='lat' dir='ltr'><strong>uxores</strong></span> <span class='ocrx_word' id='word_1_463' title='bbox 1103 1006 1136 1026; x_wconf 92' lang='lat' dir='ltr'><strong>ex</strong></span> <span class='ocrx_word' id='word_1_464' title='bbox 1153 999 1279 1026; x_wconf 88' lang='lat' dir='ltr'><strong>omnibus</strong></span> <span class='ocrx_word' id='word_1_465' title='bbox 1300 1005 1367 1033; x_wconf 88' lang='lat' dir='ltr'><strong>quas</strong></span> <span class='ocrx_word' id='word_1_466' title='bbox 1393 997 1577 1033; x_wconf 76' lang='lat' dir='ltr'><strong>elegerant&quot;.</strong></span> <span class='ocrx_word' id='word_1_467' title='bbox 1599 1007 1608 1024; x_wconf 74' lang='grc' dir='ltr'><strong>ι</strong></span> <span class='ocrx_word' id='word_1_468' title='bbox 1628 997 1699 1025; x_wconf 86' lang='lat' dir='ltr'><strong>Sub-</strong></span> 
     </span>
    </p>
   </div>
   <div class='ocr_carea' id='block_1_63' title="bbox 912 1044 1697 1081">
    <p class='ocr_par' dir='ltr' id='par_1_63' title="bbox 912 1044 1697 1081">
     <span class='ocr_line' id='line_1_63' title="bbox 912 1044 1697 1081; baseline -0.004 -8"><span class='ocrx_word' id='word_1_469' title='bbox 912 1046 1019 1081; x_wconf 83' lang='lat' dir='ltr'><strong>jnngit:</strong></span> <span class='ocrx_word' id='word_1_470' title='bbox 1036 1055 1046 1072; x_wconf 78' lang='grc'><strong>(</strong></span> <span class='ocrx_word' id='word_1_471' title='bbox 1065 1046 1100 1073; x_wconf 87' lang='lat' dir='ltr'><strong>Et</strong></span> <span class='ocrx_word' id='word_1_472' title='bbox 1110 1050 1171 1081; x_wconf 84' lang='lat' dir='ltr'><strong>post</strong></span> <span class='ocrx_word' id='word_1_473' title='bbox 1185 1045 1262 1077; x_wconf 91' lang='lat' dir='ltr'><strong>illud,</strong></span> <span class='ocrx_word' id='word_1_474' title='bbox 1280 1053 1342 1074; x_wconf 82' lang='lat' dir='ltr'><strong>cum</strong></span> <span class='ocrx_word' id='word_1_475' title='bbox 1366 1046 1505 1073; x_wconf 86' lang='lat' dir='ltr'><strong>intrarent</strong></span> <span class='ocrx_word' id='word_1_476' title='bbox 1531 1044 1578 1072; x_wconf 84' lang='lat' dir='ltr'><strong>lilii</strong></span> <span class='ocrx_word' id='word_1_477' title='bbox 1596 1044 1643 1072; x_wconf 85' lang='lat' dir='ltr'><strong>Dei</strong></span> <span class='ocrx_word' id='word_1_478' title='bbox 1663 1044 1697 1070; x_wconf 83' lang='lat' dir='ltr'><strong>ad</strong></span> 
     </span>
    </p>
   </div>
   <div class='ocr_carea' id='block_1_64' title="bbox 915 1090 1699 1126">
    <p class='ocr_par' dir='ltr' id='par_1_64' title="bbox 915 1090 1699 1126">
     <span class='ocr_line' id='line_1_64' title="bbox 915 1090 1699 1126; baseline -0.003 -7"><span class='ocrx_word' id='word_1_479' title='bbox 915 1092 984 1120; x_wconf 83' lang='lat' dir='ltr'><strong>ﬁlias</strong></span> <span class='ocrx_word' id='word_1_480' title='bbox 1000 1091 1153 1124; x_wconf 90' lang='lat' dir='ltr'><strong>hominum,</strong></span> <span class='ocrx_word' id='word_1_481' title='bbox 1167 1092 1335 1126; x_wconf 75' lang='lat' dir='ltr'><strong>generabant</strong></span> <span class='ocrx_word' id='word_1_482' title='bbox 1347 1092 1398 1119; x_wconf 89' lang='lat' dir='ltr'><strong>eis.</strong></span> <span class='ocrx_word' id='word_1_483' title='bbox 1414 1091 1452 1118; x_wconf 92' lang='lat' dir='ltr'><strong>llli</strong></span> <span class='ocrx_word' id='word_1_484' title='bbox 1471 1095 1549 1118; x_wconf 83' lang='lat' dir='ltr'><strong>erant</strong></span> <span class='ocrx_word' id='word_1_485' title='bbox 1563 1090 1699 1125; x_wconf 80' lang='lat' dir='ltr'><strong>gigantes.</strong></span> 
     </span>
    </p>
   </div>
   <div class='ocr_carea' id='block_1_65' title="bbox 914 1134 1699 1171">
    <p class='ocr_par' dir='ltr' id='par_1_65' title="bbox 914 1134 1699 1171">
     <span class='ocr_line' id='line_1_65' title="bbox 914 1134 1699 1171; baseline -0.004 -6"><span class='ocrx_word' id='word_1_486' title='bbox 914 1145 928 1165; x_wconf 94' lang='lat' dir='ltr'><strong>a</strong></span> <span class='ocrx_word' id='word_1_487' title='bbox 939 1137 1039 1166; x_wconf 72' lang='lat' dir='ltr'><strong>saeculo</strong></span> <span class='ocrx_word' id='word_1_488' title='bbox 1048 1137 1173 1165; x_wconf 86' lang='lat' dir='ltr'><strong>homines</strong></span> <span class='ocrx_word' id='word_1_489' title='bbox 1187 1137 1320 1164; x_wconf 87' lang='lat' dir='ltr'><strong>nominati</strong></span> <span class='ocrx_word' id='word_1_490' title='bbox 1328 1136 1364 1164; x_wconf 76' lang='lat'><strong>“.</strong></span> <span class='ocrx_word' id='word_1_491' title='bbox 1377 1145 1386 1163; x_wconf 79' lang='grc' dir='ltr'><strong>ι</strong></span> <span class='ocrx_word' id='word_1_492' title='bbox 1399 1135 1476 1170; x_wconf 90' lang='lat' dir='ltr'><strong>Quod</strong></span> <span class='ocrx_word' id='word_1_493' title='bbox 1489 1135 1571 1171; x_wconf 81' lang='lat' dir='ltr'><strong>igitur</strong></span> <span class='ocrx_word' id='word_1_494' title='bbox 1585 1134 1699 1170; x_wconf 85' lang='lat' dir='ltr'><strong>angelos</strong></span> 
     </span>
    </p>
   </div>
   <div class='ocr_carea' id='block_1_66' title="bbox 914 1180 1696 1216">
    <p class='ocr_par' dir='ltr' id='par_1_66' title="bbox 914 1180 1696 1216">
     <span class='ocr_line' id='line_1_66' title="bbox 914 1180 1696 1216; baseline -0.003 -7"><span class='ocrx_word' id='word_1_495' title='bbox 914 1183 998 1215; x_wconf 80' lang='lat' dir='ltr'><strong>dicat,</strong></span> <span class='ocrx_word' id='word_1_496' title='bbox 1024 1181 1196 1210; x_wconf 85' lang='lat' dir='ltr'><strong>manifestum</strong></span> <span class='ocrx_word' id='word_1_497' title='bbox 1216 1186 1259 1210; x_wconf 87' lang='lat' dir='ltr'><strong>est</strong></span> <span class='ocrx_word' id='word_1_498' title='bbox 1289 1190 1298 1210; x_wconf 86' lang='lat'><strong>:</strong></span> <span class='ocrx_word' id='word_1_499' title='bbox 1323 1188 1410 1216; x_wconf 89' lang='lat' dir='ltr'><strong>neque</strong></span> <span class='ocrx_word' id='word_1_500' title='bbox 1445 1189 1509 1208; x_wconf 84' lang='lat' dir='ltr'><strong>vero</strong></span> <span class='ocrx_word' id='word_1_501' title='bbox 1538 1180 1696 1209; x_wconf 88' lang='lat' dir='ltr'><strong>tralatitium</strong></span> 
     </span>
    </p>
   </div>
   <div class='ocr_carea' id='block_1_67' title="bbox 914 1226 1697 1263">
    <p class='ocr_par' dir='ltr' id='par_1_67' title="bbox 914 1226 1697 1263">
     <span class='ocr_line' id='line_1_67' title="bbox 914 1226 1697 1263; baseline -0.005 -6"><span class='ocrx_word' id='word_1_502' title='bbox 914 1229 986 1257; x_wconf 86' lang='lat' dir='ltr'><strong>istud</strong></span> <span class='ocrx_word' id='word_1_503' title='bbox 995 1232 1050 1262; x_wconf 83' lang='lat' dir='ltr'><strong>est,</strong></span> <span class='ocrx_word' id='word_1_504' title='bbox 1069 1229 1117 1256; x_wconf 85' lang='lat' dir='ltr'><strong>sed</strong></span> <span class='ocrx_word' id='word_1_505' title='bbox 1130 1229 1216 1263; x_wconf 87' lang='lat' dir='ltr'><strong>liquet</strong></span> <span class='ocrx_word' id='word_1_506' title='bbox 1235 1235 1270 1256; x_wconf 83' lang='lat' dir='ltr'><strong>ex</strong></span> <span class='ocrx_word' id='word_1_507' title='bbox 1288 1235 1334 1260; x_wconf 84' lang='lat' dir='ltr'><strong>eo.</strong></span> <span class='ocrx_word' id='word_1_508' title='bbox 1352 1227 1427 1263; x_wconf 86' lang='lat' dir='ltr'><strong>quod</strong></span> <span class='ocrx_word' id='word_1_509' title='bbox 1455 1227 1535 1260; x_wconf 89' lang='lat' dir='ltr'><strong>dixit,</strong></span> <span class='ocrx_word' id='word_1_510' title='bbox 1565 1234 1618 1254; x_wconf 87' lang='lat' dir='ltr'><strong>non</strong></span> <span class='ocrx_word' id='word_1_511' title='bbox 1645 1226 1697 1254; x_wconf 87' lang='lat' dir='ltr'><strong>ho-</strong></span> 
     </span>
    </p>
   </div>
   <div class='ocr_carea' id='block_1_68' title="bbox 914 1273 1698 1311">
    <p class='ocr_par' dir='ltr' id='par_1_68' title="bbox 914 1273 1698 1311">
     <span class='ocr_line' id='line_1_68' title="bbox 914 1273 1698 1311; baseline -0.003 -8"><span class='ocrx_word' id='word_1_512' title='bbox 914 1276 1014 1309; x_wconf 83' lang='lat' dir='ltr'><strong>mines,</strong></span> <span class='ocrx_word' id='word_1_513' title='bbox 1042 1275 1090 1303; x_wconf 89' lang='lat' dir='ltr'><strong>sed</strong></span> <span class='ocrx_word' id='word_1_514' title='bbox 1105 1275 1230 1311; x_wconf 73' lang='lat' dir='ltr'><strong>gigantas</strong></span> <span class='ocrx_word' id='word_1_515' title='bbox 1245 1282 1280 1303; x_wconf 88' lang='lat' dir='ltr'><strong>ex</strong></span> <span class='ocrx_word' id='word_1_516' title='bbox 1292 1275 1346 1303; x_wconf 91' lang='lat' dir='ltr'><strong>illis</strong></span> <span class='ocrx_word' id='word_1_517' title='bbox 1365 1282 1426 1303; x_wconf 81' lang='lat' dir='ltr'><strong>esse</strong></span> <span class='ocrx_word' id='word_1_518' title='bbox 1454 1279 1610 1310; x_wconf 76' lang='lat' dir='ltr'><strong>prognatos.</strong></span> <span class='ocrx_word' id='word_1_519' title='bbox 1628 1273 1698 1301; x_wconf 83' lang='lat' dir='ltr'><strong>Nam</strong></span> 
     </span>
    </p>
   </div>
   <div class='ocr_carea' id='block_1_69' title="bbox 913 1321 1698 1356">
    <p class='ocr_par' dir='ltr' id='par_1_69' title="bbox 913 1321 1698 1356">
     <span class='ocr_line' id='line_1_69' title="bbox 913 1321 1698 1356; baseline -0.001 -8"><span class='ocrx_word' id='word_1_520' title='bbox 913 1321 936 1349; x_wconf 94' lang='lat' dir='ltr'><strong>si</strong></span> <span class='ocrx_word' id='word_1_521' title='bbox 950 1325 1042 1356; x_wconf 83' lang='lat' dir='ltr'><strong>patres</strong></span> <span class='ocrx_word' id='word_1_522' title='bbox 1057 1328 1151 1349; x_wconf 89' lang='lat' dir='ltr'><strong>eorum</strong></span> <span class='ocrx_word' id='word_1_523' title='bbox 1164 1321 1288 1349; x_wconf 87' lang='lat' dir='ltr'><strong>homines</strong></span> <span class='ocrx_word' id='word_1_524' title='bbox 1299 1327 1360 1348; x_wconf 85' lang='lat' dir='ltr'><strong>esse</strong></span> <span class='ocrx_word' id='word_1_525' title='bbox 1373 1323 1512 1355; x_wconf 76' lang='lat' dir='ltr'><strong>putasset,</strong></span> <span class='ocrx_word' id='word_1_526' title='bbox 1534 1327 1589 1348; x_wconf 89' lang='lat' dir='ltr'><strong>non</strong></span> <span class='ocrx_word' id='word_1_527' title='bbox 1605 1323 1698 1347; x_wconf 82' lang='lat' dir='ltr'><strong>autem</strong></span> 
     </span>
    </p>
   </div>
   <div class='ocr_carea' id='block_1_70' title="bbox 914 1365 1696 1401">
    <p class='ocr_par' dir='ltr' id='par_1_70' title="bbox 914 1365 1696 1401">
     <span class='ocr_line' id='line_1_70' title="bbox 914 1365 1696 1401; baseline -0.001 -8"><span class='ocrx_word' id='word_1_528' title='bbox 914 1365 1116 1394; x_wconf 83' lang='lat' dir='ltr'><strong>excellentioris</strong></span> <span class='ocrx_word' id='word_1_529' title='bbox 1138 1372 1171 1394; x_wconf 88' lang='lat' dir='ltr'><strong>ac</strong></span> <span class='ocrx_word' id='word_1_530' title='bbox 1199 1365 1315 1401; x_wconf 89' lang='lat' dir='ltr'><strong>potioris</strong></span> <span class='ocrx_word' id='word_1_531' title='bbox 1337 1365 1476 1401; x_wconf 83' lang='lat' dir='ltr'><strong>cujusdam</strong></span> <span class='ocrx_word' id='word_1_532' title='bbox 1498 1370 1617 1397; x_wconf 78' lang='lat' dir='ltr'><strong>naturae.</strong></span> <span class='ocrx_word' id='word_1_533' title='bbox 1642 1372 1696 1392; x_wconf 92' lang='lat' dir='ltr'><strong>non</strong></span> 
     </span>
    </p>
   </div>
   <div class='ocr_carea' id='block_1_71' title="bbox 914 1408 1697 1447">
    <p class='ocr_par' dir='ltr' id='par_1_71' title="bbox 914 1408 1697 1447">
     <span class='ocr_line' id='line_1_71' title="bbox 914 1408 1697 1447; baseline -0.003 -8"><span class='ocrx_word' id='word_1_534' title='bbox 914 1412 949 1439; x_wconf 88' lang='lat' dir='ltr'><strong>ab</strong></span> <span class='ocrx_word' id='word_1_535' title='bbox 974 1411 1040 1446; x_wconf 90' lang='lat' dir='ltr'><strong>ipsis</strong></span> <span class='ocrx_word' id='word_1_536' title='bbox 1068 1415 1144 1439; x_wconf 89' lang='lat' dir='ltr'><strong>ortos</strong></span> <span class='ocrx_word' id='word_1_537' title='bbox 1168 1418 1230 1439; x_wconf 86' lang='lat' dir='ltr'><strong>esse</strong></span> <span class='ocrx_word' id='word_1_538' title='bbox 1258 1411 1384 1447; x_wconf 85' lang='lat' dir='ltr'><strong>gigantas</strong></span> <span class='ocrx_word' id='word_1_539' title='bbox 1409 1415 1485 1438; x_wconf 77' lang='lat' dir='ltr'><strong>certe</strong></span> <span class='ocrx_word' id='word_1_540' title='bbox 1518 1410 1632 1438; x_wconf 86' lang='lat' dir='ltr'><strong>diceret.</strong></span> <span class='ocrx_word' id='word_1_541' title='bbox 1655 1408 1697 1437; x_wconf 57' lang='lat' dir='ltr'><strong>Si.</strong></span> 
     </span>
    </p>
   </div>
   <div class='ocr_carea' id='block_1_72' title="bbox 914 1454 1701 1492">
    <p class='ocr_par' dir='ltr' id='par_1_72' title="bbox 914 1454 1701 1492">
     <span class='ocr_line' id='line_1_72' title="bbox 914 1454 1701 1492; baseline -0.003 -8"><span class='ocrx_word' id='word_1_542' title='bbox 914 1457 1043 1492; x_wconf 78' lang='lat' dir='ltr'><strong>gnilicare</strong></span> <span class='ocrx_word' id='word_1_543' title='bbox 1056 1457 1128 1484; x_wconf 89' lang='lat' dir='ltr'><strong>enim</strong></span> <span class='ocrx_word' id='word_1_544' title='bbox 1139 1456 1206 1484; x_wconf 88' lang='lat' dir='ltr'><strong>mihi</strong></span> <span class='ocrx_word' id='word_1_545' title='bbox 1224 1455 1342 1488; x_wconf 84' lang='lat' dir='ltr'><strong>videtur,</strong></span> <span class='ocrx_word' id='word_1_546' title='bbox 1354 1462 1387 1483; x_wconf 90' lang='lat' dir='ltr'><strong>ex</strong></span> <span class='ocrx_word' id='word_1_547' title='bbox 1400 1454 1523 1483; x_wconf 82' lang='lat' dir='ltr'><strong>mortalis</strong></span> <span class='ocrx_word' id='word_1_548' title='bbox 1541 1459 1569 1482; x_wconf 86' lang='lat' dir='ltr'><strong>et</strong></span> <span class='ocrx_word' id='word_1_549' title='bbox 1582 1454 1701 1482; x_wconf 79' lang='lat' dir='ltr'><strong>immor-</strong></span> 
     </span>
    </p>
   </div>
   <div class='ocr_carea' id='block_1_73' title="bbox 914 1499 1703 1537">
    <p class='ocr_par' dir='ltr' id='par_1_73' title="bbox 914 1499 1703 1537">
     <span class='ocr_line' id='line_1_73' title="bbox 914 1499 1703 1537; baseline -0.003 -8"><span class='ocrx_word' id='word_1_550' title='bbox 914 1502 976 1530; x_wconf 87' lang='lat' dir='ltr'><strong>talis</strong></span> <span class='ocrx_word' id='word_1_551' title='bbox 1000 1509 1149 1537; x_wconf 83' lang='lat' dir='ltr'><strong>congressu</strong></span> <span class='ocrx_word' id='word_1_552' title='bbox 1172 1501 1313 1536; x_wconf 82' lang='lat' dir='ltr'><strong>gigantum</strong></span> <span class='ocrx_word' id='word_1_553' title='bbox 1336 1508 1422 1536; x_wconf 86' lang='lat' dir='ltr'><strong>genus</strong></span> <span class='ocrx_word' id='word_1_554' title='bbox 1445 1500 1594 1528; x_wconf 82' lang='lat' dir='ltr'><strong>exstitisse.</strong></span> <span class='ocrx_word' id='word_1_555' title='bbox 1623 1499 1703 1528; x_wconf 74' lang='lat' dir='ltr'><strong>Sane</strong></span> 
     </span>
    </p>
   </div>
   <div class='ocr_carea' id='block_1_74' title="bbox 914 1544 1703 1582">
    <p class='ocr_par' dir='ltr' id='par_1_74' title="bbox 914 1544 1703 1582">
     <span class='ocr_line' id='line_1_74' title="bbox 914 1544 1703 1582; baseline -0.003 -8"><span class='ocrx_word' id='word_1_556' title='bbox 914 1547 960 1582; x_wconf 88' lang='lat' dir='ltr'><strong>qui</strong></span> <span class='ocrx_word' id='word_1_557' title='bbox 977 1547 1075 1575; x_wconf 89' lang='lat' dir='ltr'><strong>multos</strong></span> <span class='ocrx_word' id='word_1_558' title='bbox 1089 1546 1211 1574; x_wconf 87' lang='lat' dir='ltr'><strong>nominat</strong></span> <span class='ocrx_word' id='word_1_559' title='bbox 1222 1546 1269 1574; x_wconf 87' lang='lat' dir='ltr'><strong>Dei</strong></span> <span class='ocrx_word' id='word_1_560' title='bbox 1284 1546 1366 1578; x_wconf 82' lang='lat' dir='ltr'><strong>ﬁlios,</strong></span> <span class='ocrx_word' id='word_1_561' title='bbox 1377 1552 1478 1581; x_wconf 80' lang='lat' dir='ltr'><strong>eosque</strong></span> <span class='ocrx_word' id='word_1_562' title='bbox 1492 1552 1544 1573; x_wconf 93' lang='lat' dir='ltr'><strong>non</strong></span> <span class='ocrx_word' id='word_1_563' title='bbox 1560 1544 1703 1579; x_wconf 69' lang='lat' dir='ltr'><strong>homines,</strong></span> 
     </span>
    </p>
   </div>
   <div class='ocr_carea' id='block_1_75' title="bbox 914 1591 1703 1628">
    <p class='ocr_par' dir='ltr' id='par_1_75' title="bbox 914 1591 1703 1628">
     <span class='ocr_line' id='line_1_75' title="bbox 914 1591 1703 1628; baseline -0.001 -8"><span class='ocrx_word' id='word_1_564' title='bbox 914 1592 960 1620; x_wconf 86' lang='lat' dir='ltr'><strong>sed</strong></span> <span class='ocrx_word' id='word_1_565' title='bbox 969 1592 1097 1627; x_wconf 85' lang='lat' dir='ltr'><strong>angelos;</strong></span> <span class='ocrx_word' id='word_1_566' title='bbox 1110 1593 1277 1628; x_wconf 80' lang='lat' dir='ltr'><strong>unigenitum</strong></span> <span class='ocrx_word' id='word_1_567' title='bbox 1289 1592 1335 1620; x_wconf 90' lang='lat' dir='ltr'><strong>Dei</strong></span> <span class='ocrx_word' id='word_1_568' title='bbox 1350 1592 1477 1626; x_wconf 82' lang='lat' dir='ltr'><strong>Verbum,</strong></span> <span class='ocrx_word' id='word_1_569' title='bbox 1489 1599 1536 1620; x_wconf 84' lang='lat' dir='ltr'><strong>seu</strong></span> <span class='ocrx_word' id='word_1_570' title='bbox 1544 1591 1703 1627; x_wconf 66' lang='lat' dir='ltr'><strong>quomodo.</strong></span> 
     </span>
    </p>
   </div>
   <div class='ocr_carea' id='block_1_76' title="bbox 912 1637 1691 1674">
    <p class='ocr_par' dir='ltr' id='par_1_76' title="bbox 912 1637 1691 1674">
     <span class='ocr_line' id='line_1_76' title="bbox 912 1637 1691 1674; baseline -0.001 -8"><span class='ocrx_word' id='word_1_571' title='bbox 912 1646 1019 1674; x_wconf 86' lang='lat' dir='ltr'><strong>cunque</strong></span> <span class='ocrx_word' id='word_1_572' title='bbox 1030 1639 1117 1674; x_wconf 86' lang='lat' dir='ltr'><strong>ipsum</strong></span> <span class='ocrx_word' id='word_1_573' title='bbox 1132 1638 1247 1671; x_wconf 83' lang='lat' dir='ltr'><strong>vocetis,</strong></span> <span class='ocrx_word' id='word_1_574' title='bbox 1263 1638 1288 1666; x_wconf 90' lang='lat' dir='ltr'><strong>si</strong></span> <span class='ocrx_word' id='word_1_575' title='bbox 1299 1638 1475 1674; x_wconf 69' lang='lat' dir='ltr'><strong>agnovisset.</strong></span> <span class='ocrx_word' id='word_1_576' title='bbox 1496 1637 1618 1673; x_wconf 81' lang='lat' dir='ltr'><strong>nunquid</strong></span> <span class='ocrx_word' id='word_1_577' title='bbox 1642 1637 1691 1665; x_wconf 83' lang='lat' dir='ltr'><strong>ho-</strong></span> 
     </span>
    </p>
   </div>
   <div class='ocr_carea' id='block_1_77' title="bbox 912 1683 1696 1718">
    <p class='ocr_par' dir='ltr' id='par_1_77' title="bbox 912 1683 1696 1718">
     <span class='ocr_line' id='line_1_77' title="bbox 912 1683 1696 1718; baseline 0 -7"><span class='ocrx_word' id='word_1_578' title='bbox 912 1684 1032 1712; x_wconf 86' lang='lat' dir='ltr'><strong>minibus</strong></span> <span class='ocrx_word' id='word_1_579' title='bbox 1044 1683 1241 1718; x_wconf 80' lang='lat' dir='ltr'><strong>patefecisset?</strong></span> <span class='ocrx_word' id='word_1_580' title='bbox 1268 1683 1339 1712; x_wconf 81' lang='lat' dir='ltr'><strong>Cum</strong></span> <span class='ocrx_word' id='word_1_581' title='bbox 1360 1688 1449 1711; x_wconf 88' lang='lat' dir='ltr'><strong>autem</strong></span> <span class='ocrx_word' id='word_1_582' title='bbox 1474 1683 1545 1711; x_wconf 78' lang='lat' dir='ltr'><strong>istud</strong></span> <span class='ocrx_word' id='word_1_583' title='bbox 1563 1686 1696 1718; x_wconf 60' lang='lat' dir='ltr'><strong>(magnum</strong></span> 
     </span>
    </p>
   </div>
   <div class='ocr_carea' id='block_1_78' title="bbox 912 1728 1697 1765">
    <p class='ocr_par' dir='ltr' id='par_1_78' title="bbox 912 1728 1697 1765">
     <span class='ocr_line' id='line_1_78' title="bbox 912 1728 1697 1765; baseline 0.001 -9"><span class='ocrx_word' id='word_1_584' title='bbox 912 1734 1028 1765; x_wconf 89' lang='lat' dir='ltr'><strong>putaret,</strong></span> <span class='ocrx_word' id='word_1_585' title='bbox 1045 1729 1080 1757; x_wconf 87' lang='lat' dir='ltr'><strong>de</strong></span> <span class='ocrx_word' id='word_1_586' title='bbox 1099 1728 1199 1757; x_wconf 86' lang='lat' dir='ltr'><strong>lsraele</strong></span> <span class='ocrx_word' id='word_1_587' title='bbox 1218 1729 1304 1764; x_wconf 83' lang='lat' dir='ltr'><strong>inquit</strong></span> <span class='ocrx_word' id='word_1_588' title='bbox 1321 1736 1328 1754; x_wconf 87' lang='lat'>:</span> <span class='ocrx_word' id='word_1_589' title='bbox 1354 1738 1365 1756; x_wconf 74' lang='grc' dir='ltr'><strong>ι</strong></span> <span class='ocrx_word' id='word_1_590' title='bbox 1387 1729 1472 1757; x_wconf 76' lang='lat' dir='ltr'><strong>Filius</strong></span> <span class='ocrx_word' id='word_1_591' title='bbox 1495 1737 1573 1757; x_wconf 89' lang='lat' dir='ltr'><strong>meus</strong></span> <span class='ocrx_word' id='word_1_592' title='bbox 1594 1729 1697 1764; x_wconf 80' lang='lat' dir='ltr'><strong>primo-</strong></span> 
     </span>
    </p>
   </div>
   <div class='ocr_carea' id='block_1_79' title="bbox 911 1775 1701 1816">
    <p class='ocr_par' dir='ltr' id='par_1_79' title="bbox 911 1775 1701 1816">
     <span class='ocr_line' id='line_1_79' title="bbox 911 1775 1701 1816; baseline 0 -13"><span class='ocrx_word' id='word_1_593' title='bbox 911 1776 1018 1811; x_wconf 79' lang='lat' dir='ltr'><strong>genitus</strong></span> <span class='ocrx_word' id='word_1_594' title='bbox 1031 1775 1115 1816; x_wconf 81' lang='lat' dir='ltr'><strong>Israel</strong></span> <span class='ocrx_word' id='word_1_595' title='bbox 1125 1776 1148 1792; x_wconf 83' lang='grc'><strong>⁸⁸</strong></span> <span class='ocrx_word' id='word_1_596' title='bbox 1163 1785 1171 1810; x_wconf 87' lang='grc'>;</span> <span class='ocrx_word' id='word_1_597' title='bbox 1195 1785 1206 1802; x_wconf 78' lang='grc' dir='ltr'><strong>ι</strong></span> <span class='ocrx_word' id='word_1_598' title='bbox 1221 1775 1315 1811; x_wconf 91' lang='lat' dir='ltr'><strong>quidni</strong></span> <span class='ocrx_word' id='word_1_599' title='bbox 1332 1780 1361 1803; x_wconf 90' lang='lat' dir='ltr'><strong>et</strong></span> <span class='ocrx_word' id='word_1_600' title='bbox 1374 1777 1407 1804; x_wconf 90' lang='lat' dir='ltr'><strong>de</strong></span> <span class='ocrx_word' id='word_1_601' title='bbox 1421 1775 1485 1804; x_wconf 81' lang='lat' dir='ltr'><strong>Jesu</strong></span> <span class='ocrx_word' id='word_1_602' title='bbox 1503 1777 1561 1804; x_wconf 75' lang='lat' dir='ltr'><strong>haec</strong></span> <span class='ocrx_word' id='word_1_603' title='bbox 1580 1776 1701 1804; x_wconf 58' lang='lat' dir='ltr'><strong>dixisses</strong></span> 
     </span>
    </p>
   </div>
   <div class='ocr_carea' id='block_1_80' title="bbox 911 1820 1695 1854">
    <p class='ocr_par' dir='ltr' id='par_1_80' title="bbox 911 1820 1695 1854">
     <span class='ocr_line' id='line_1_80' title="bbox 911 1820 1695 1854; baseline -0.001 -5"><span class='ocrx_word' id='word_1_604' title='bbox 911 1821 1020 1849; x_wconf 83' lang='lat' dir='ltr'><strong>Moses?</strong></span> <span class='ocrx_word' id='word_1_605' title='bbox 1039 1821 1128 1849; x_wconf 90' lang='lat' dir='ltr'><strong>Unum</strong></span> <span class='ocrx_word' id='word_1_606' title='bbox 1142 1828 1175 1849; x_wconf 90' lang='lat' dir='ltr'><strong>ac</strong></span> <span class='ocrx_word' id='word_1_607' title='bbox 1196 1822 1283 1849; x_wconf 86' lang='lat' dir='ltr'><strong>solum</strong></span> <span class='ocrx_word' id='word_1_608' title='bbox 1297 1820 1417 1849; x_wconf 86' lang='lat' dir='ltr'><strong>docebat</strong></span> <span class='ocrx_word' id='word_1_609' title='bbox 1432 1829 1492 1849; x_wconf 85' lang='lat' dir='ltr'><strong>esse</strong></span> <span class='ocrx_word' id='word_1_610' title='bbox 1510 1821 1605 1854; x_wconf 88' lang='lat' dir='ltr'><strong>Deum,</strong></span> <span class='ocrx_word' id='word_1_611' title='bbox 1624 1821 1695 1849; x_wconf 84' lang='lat' dir='ltr'><strong>ﬁlios</strong></span> 
     </span>
    </p>
   </div>
   <div class='ocr_carea' id='block_1_81' title="bbox 910 1867 1692 1904">
    <p class='ocr_par' dir='ltr' id='par_1_81' title="bbox 910 1867 1692 1904">
     <span class='ocr_line' id='line_1_81' title="bbox 910 1867 1692 1904; baseline 0 -8"><span class='ocrx_word' id='word_1_612' title='bbox 910 1872 1001 1896; x_wconf 86' lang='lat' dir='ltr'><strong>autem</strong></span> <span class='ocrx_word' id='word_1_613' title='bbox 1018 1867 1076 1903; x_wconf 83' lang='lat' dir='ltr'><strong>ejus</strong></span> <span class='ocrx_word' id='word_1_614' title='bbox 1091 1867 1204 1900; x_wconf 88' lang='lat' dir='ltr'><strong>multos,</strong></span> <span class='ocrx_word' id='word_1_615' title='bbox 1220 1868 1320 1903; x_wconf 90' lang='lat' dir='ltr'><strong>quibus</strong></span> <span class='ocrx_word' id='word_1_616' title='bbox 1333 1871 1429 1904; x_wconf 86' lang='lat' dir='ltr'><strong>gentes</strong></span> <span class='ocrx_word' id='word_1_617' title='bbox 1441 1867 1601 1897; x_wconf 71' lang='lat' dir='ltr'><strong>distributae.</strong></span> <span class='ocrx_word' id='word_1_618' title='bbox 1608 1871 1672 1895; x_wconf 89' lang='lat' dir='ltr'><strong>sunt</strong></span> <span class='ocrx_word' id='word_1_619' title='bbox 1685 1878 1692 1896; x_wconf 91' lang='lat'>:</span> 
     </span>
    </p>
   </div>
   <div class='ocr_carea' id='block_1_82' title="bbox 909 1912 1694 1950">
    <p class='ocr_par' dir='ltr' id='par_1_82' title="bbox 909 1912 1694 1950">
     <span class='ocr_line' id='line_1_82' title="bbox 909 1912 1694 1950; baseline -0.001 -9"><span class='ocrx_word' id='word_1_620' title='bbox 909 1914 1123 1950; x_wconf 74' lang='lat' dir='ltr'><strong>primogenitum</strong></span> <span class='ocrx_word' id='word_1_621' title='bbox 1135 1921 1201 1942; x_wconf 81' lang='lat' dir='ltr'><strong>vero</strong></span> <span class='ocrx_word' id='word_1_622' title='bbox 1216 1913 1326 1947; x_wconf 90' lang='lat' dir='ltr'><strong>Filium,</strong></span> <span class='ocrx_word' id='word_1_623' title='bbox 1339 1919 1386 1941; x_wconf 88' lang='lat' dir='ltr'><strong>aut</strong></span> <span class='ocrx_word' id='word_1_624' title='bbox 1400 1914 1483 1941; x_wconf 88' lang='lat' dir='ltr'><strong>Deum</strong></span> <span class='ocrx_word' id='word_1_625' title='bbox 1498 1912 1630 1948; x_wconf 64' lang='lat' dir='ltr'><strong>Verbum,</strong></span> <span class='ocrx_word' id='word_1_626' title='bbox 1645 1917 1694 1941; x_wconf 86' lang='lat' dir='ltr'><strong>aut</strong></span> 
     </span>
    </p>
   </div>
   <div class='ocr_carea' id='block_1_83' title="bbox 911 1959 1692 1995">
    <p class='ocr_par' dir='ltr' id='par_1_83' title="bbox 911 1959 1692 1995">
     <span class='ocr_line' id='line_1_83' title="bbox 911 1959 1692 1995; baseline 0 -8"><span class='ocrx_word' id='word_1_627' title='bbox 911 1960 1012 1995; x_wconf 90' lang='lat' dir='ltr'><strong>aliquid</strong></span> <span class='ocrx_word' id='word_1_628' title='bbox 1026 1967 1121 1988; x_wconf 88' lang='lat' dir='ltr'><strong>eorum</strong></span> <span class='ocrx_word' id='word_1_629' title='bbox 1141 1967 1203 1995; x_wconf 68' lang='lat' dir='ltr'><strong>quae</strong></span> <span class='ocrx_word' id='word_1_630' title='bbox 1217 1968 1232 1987; x_wconf 81' lang='grc' dir='ltr'><strong>ιι</strong></span> <span class='ocrx_word' id='word_1_631' title='bbox 1257 1959 1337 1988; x_wconf 86' lang='lat' dir='ltr'><strong>vobis</strong></span> <span class='ocrx_word' id='word_1_632' title='bbox 1364 1959 1471 1987; x_wconf 90' lang='lat' dir='ltr'><strong>tandem</strong></span> <span class='ocrx_word' id='word_1_633' title='bbox 1498 1959 1565 1987; x_wconf 83' lang='lat' dir='ltr'><strong>falso</strong></span> <span class='ocrx_word' id='word_1_634' title='bbox 1576 1959 1692 1987; x_wconf 81' lang='lat' dir='ltr'><strong>conficta</strong></span> 
     </span>
    </p>
   </div>
   <div class='ocr_carea' id='block_1_84' title="bbox 910 2004 1687 2041">
    <p class='ocr_par' dir='ltr' id='par_1_84' title="bbox 910 2004 1687 2041">
     <span class='ocr_line' id='line_1_84' title="bbox 910 2004 1687 2041; baseline -0.003 -7"><span class='ocrx_word' id='word_1_635' title='bbox 910 2011 984 2040; x_wconf 86' lang='lat' dir='ltr'><strong>sunt,</strong></span> <span class='ocrx_word' id='word_1_636' title='bbox 1000 2013 1088 2041; x_wconf 85' lang='lat' dir='ltr'><strong>neque</strong></span> <span class='ocrx_word' id='word_1_637' title='bbox 1103 2011 1181 2034; x_wconf 91' lang='lat' dir='ltr'><strong>norat</strong></span> <span class='ocrx_word' id='word_1_638' title='bbox 1197 2005 1285 2038; x_wconf 87' lang='lat' dir='ltr'><strong>initio,</strong></span> <span class='ocrx_word' id='word_1_639' title='bbox 1299 2013 1387 2040; x_wconf 89' lang='lat' dir='ltr'><strong>neque</strong></span> <span class='ocrx_word' id='word_1_640' title='bbox 1403 2004 1548 2033; x_wconf 87' lang='lat' dir='ltr'><strong>manifeste</strong></span> <span class='ocrx_word' id='word_1_641' title='bbox 1561 2004 1687 2032; x_wconf 81' lang='lat' dir='ltr'><strong>docebat.</strong></span> 
     </span>
    </p>
   </div>
   <div class='ocr_carea' id='block_1_85' title="bbox 911 2049 1692 2087">
    <p class='ocr_par' dir='ltr' id='par_1_85' title="bbox 911 2049 1692 2087">
     <span class='ocr_line' id='line_1_85' title="bbox 911 2049 1692 2087; baseline -0.001 -8"><span class='ocrx_word' id='word_1_642' title='bbox 911 2051 1002 2080; x_wconf 80' lang='lat' dir='ltr'><strong>Mosen</strong></span> <span class='ocrx_word' id='word_1_643' title='bbox 1027 2052 1168 2087; x_wconf 90' lang='lat' dir='ltr'><strong>ipsum,et</strong></span> <span class='ocrx_word' id='word_1_644' title='bbox 1179 2051 1246 2079; x_wconf 89' lang='lat' dir='ltr'><strong>alios</strong></span> <span class='ocrx_word' id='word_1_645' title='bbox 1262 2051 1407 2087; x_wconf 79' lang='lat' dir='ltr'><strong>prophetas</strong></span> <span class='ocrx_word' id='word_1_646' title='bbox 1422 2051 1523 2078; x_wconf 85' lang='lat' dir='ltr'><strong>audite.</strong></span> <span class='ocrx_word' id='word_1_647' title='bbox 1539 2050 1619 2085; x_wconf 73' lang='lat'><strong>291</strong></span> <span class='ocrx_word' id='word_1_648' title='bbox 1643 2049 1692 2078; x_wconf 82' lang='lat' dir='ltr'><strong>llic</strong></span> 
     </span>
    </p>
   </div>
   <div class='ocr_carea' id='block_1_86' title="bbox 910 2096 1690 2132">
    <p class='ocr_par' dir='ltr' id='par_1_86' title="bbox 910 2096 1690 2132">
     <span class='ocr_line' id='line_1_86' title="bbox 910 2096 1690 2132; baseline -0.004 -7"><span class='ocrx_word' id='word_1_649' title='bbox 910 2097 996 2125; x_wconf 86' lang='lat' dir='ltr'><strong>multa</strong></span> <span class='ocrx_word' id='word_1_650' title='bbox 1014 2097 1165 2125; x_wconf 80' lang='lat' dir='ltr'><strong>istiusmodi</strong></span> <span class='ocrx_word' id='word_1_651' title='bbox 1175 2097 1274 2132; x_wconf 84' lang='lat' dir='ltr'><strong>passim</strong></span> <span class='ocrx_word' id='word_1_652' title='bbox 1284 2097 1382 2131; x_wconf 89' lang='lat' dir='ltr'><strong>repetit</strong></span> <span class='ocrx_word' id='word_1_653' title='bbox 1398 2104 1406 2123; x_wconf 90' lang='lat'><strong>:</strong></span> <span class='ocrx_word' id='word_1_654' title='bbox 1422 2105 1432 2122; x_wconf 70' lang='grc' dir='ltr'><strong>ε</strong></span> <span class='ocrx_word' id='word_1_655' title='bbox 1447 2096 1591 2124; x_wconf 84' lang='lat' dir='ltr'><strong>Dominum</strong></span> <span class='ocrx_word' id='word_1_656' title='bbox 1607 2097 1690 2123; x_wconf 84' lang='lat' dir='ltr'><strong>Deum</strong></span> 
     </span>
    </p>
   </div>
   <div class='ocr_carea' id='block_1_87' title="bbox 910 2140 1692 2176">
    <p class='ocr_par' dir='ltr' id='par_1_87' title="bbox 910 2140 1692 2176">
     <span class='ocr_line' id='line_1_87' title="bbox 910 2140 1692 2176; baseline -0.004 -6"><span class='ocrx_word' id='word_1_657' title='bbox 910 2147 984 2170; x_wconf 93' lang='lat' dir='ltr'><strong>tuum</strong></span> <span class='ocrx_word' id='word_1_658' title='bbox 1004 2143 1122 2174; x_wconf 85' lang='lat' dir='ltr'><strong>timebis,</strong></span> <span class='ocrx_word' id='word_1_659' title='bbox 1140 2148 1167 2171; x_wconf 92' lang='lat' dir='ltr'><strong>et</strong></span> <span class='ocrx_word' id='word_1_660' title='bbox 1180 2142 1204 2170; x_wconf 87' lang='lat' dir='ltr'><strong>ei</strong></span> <span class='ocrx_word' id='word_1_661' title='bbox 1216 2141 1266 2169; x_wconf 88' lang='lat' dir='ltr'><strong>soli</strong></span> <span class='ocrx_word' id='word_1_662' title='bbox 1279 2142 1383 2170; x_wconf 86' lang='lat' dir='ltr'><strong>servies</strong></span> <span class='ocrx_word' id='word_1_663' title='bbox 1394 2141 1429 2168; x_wconf 81' lang='lat'><strong>&quot;.</strong></span> <span class='ocrx_word' id='word_1_664' title='bbox 1451 2150 1461 2168; x_wconf 73' lang='grc' dir='ltr'><strong>ι</strong></span> <span class='ocrx_word' id='word_1_665' title='bbox 1480 2141 1621 2175; x_wconf 79' lang='lat' dir='ltr'><strong>Quomodo</strong></span> <span class='ocrx_word' id='word_1_666' title='bbox 1641 2140 1692 2176; x_wconf 85' lang='lat' dir='ltr'><strong>igi-</strong></span> 
     </span>
    </p>
   </div>
   <div class='ocr_carea' id='block_1_88' title="bbox 911 2185 1690 2222">
    <p class='ocr_par' dir='ltr' id='par_1_88' title="bbox 911 2185 1690 2222">
     <span class='ocr_line' id='line_1_88' title="bbox 911 2185 1690 2222; baseline -0.004 -7"><span class='ocrx_word' id='word_1_667' title='bbox 911 2192 954 2215; x_wconf 92' lang='lat' dir='ltr'><strong>tur</strong></span> <span class='ocrx_word' id='word_1_668' title='bbox 989 2186 1070 2215; x_wconf 85' lang='lat' dir='ltr'><strong>Jesus</strong></span> <span class='ocrx_word' id='word_1_669' title='bbox 1105 2187 1131 2214; x_wconf 90' lang='lat' dir='ltr'><strong>in</strong></span> <span class='ocrx_word' id='word_1_670' title='bbox 1161 2186 1315 2222; x_wconf 80' lang='lat' dir='ltr'><strong>Evangeliis</strong></span> <span class='ocrx_word' id='word_1_671' title='bbox 1351 2185 1513 2221; x_wconf 59' lang='lat' dir='ltr'><strong>pracepisse</strong></span> <span class='ocrx_word' id='word_1_672' title='bbox 1549 2185 1690 2213; x_wconf 84' lang='lat' dir='ltr'><strong>traditur:</strong></span> 
     </span>
    </p>
   </div>
   <div class='ocr_carea' id='block_1_89' title="bbox 913 2228 1695 2266">
    <p class='ocr_par' dir='ltr' id='par_1_89' title="bbox 913 2228 1695 2266">
     <span class='ocr_line' id='line_1_89' title="bbox 913 2228 1695 2266; baseline -0.005 -7"><span class='ocrx_word' id='word_1_673' title='bbox 913 2241 923 2258; x_wconf 73' lang='grc' dir='ltr'><strong>ι</strong></span> <span class='ocrx_word' id='word_1_674' title='bbox 940 2231 1041 2259; x_wconf 84' lang='lat' dir='ltr'><strong>Euntes</strong></span> <span class='ocrx_word' id='word_1_675' title='bbox 1061 2232 1154 2259; x_wconf 88' lang='lat' dir='ltr'><strong>docete</strong></span> <span class='ocrx_word' id='word_1_676' title='bbox 1173 2238 1267 2258; x_wconf 88' lang='lat' dir='ltr'><strong>omnes</strong></span> <span class='ocrx_word' id='word_1_677' title='bbox 1281 2234 1384 2266; x_wconf 89' lang='lat' dir='ltr'><strong>gentes,</strong></span> <span class='ocrx_word' id='word_1_678' title='bbox 1407 2229 1583 2264; x_wconf 84' lang='lat' dir='ltr'><strong>baptizantes</strong></span> <span class='ocrx_word' id='word_1_679' title='bbox 1602 2236 1649 2256; x_wconf 91' lang='lat' dir='ltr'><strong>eos</strong></span> <span class='ocrx_word' id='word_1_680' title='bbox 1661 2228 1695 2256; x_wconf 75' lang='lat' dir='ltr'><strong>in</strong></span> 
     </span>
    </p>
   </div>
   <div class='ocr_carea' id='block_1_90' title="bbox 69 2273 855 2314">
    <p class='ocr_par' dir='ltr' id='par_1_90' title="bbox 69 2275 855 2314">
     <span class='ocr_line' id='line_1_90' title="bbox 69 2275 855 2314; baseline 0.004 -12"><span class='ocrx_word' id='word_1_681' title='bbox 69 2275 246 2311; x_wconf 80' lang='grc' dir='ltr'>Εὑαγγελίοις</span> <span class='ocrx_word' id='word_1_682' title='bbox 262 2276 453 2312; x_wconf 82' lang='grc' dir='ltr'>παραδέδοται,</span> <span class='ocrx_word' id='word_1_683' title='bbox 468 2277 661 2313; x_wconf 86' lang='grc' dir='ltr'>προστάττων·</span> <span class='ocrx_word' id='word_1_684' title='bbox 683 2287 692 2304; x_wconf 82' lang='grc' dir='ltr'><strong>ι</strong></span> <span class='ocrx_word' id='word_1_685' title='bbox 707 2277 855 2314; x_wconf 85' lang='grc' dir='ltr'>Πορευθέν-</span> 
     </span>
    </p>
   </div>
   <div class='ocr_carea' id='block_1_91' title="bbox 913 2273 1690 2314">
    <p class='ocr_par' dir='ltr' id='par_1_91' title="bbox 913 2273 1690 2310">
     <span class='ocr_line' id='line_1_91' title="bbox 913 2273 1690 2310; baseline -0.003 -6"><span class='ocrx_word' id='word_1_686' title='bbox 913 2278 1018 2305; x_wconf 83' lang='lat' dir='ltr'><strong>nomine</strong></span> <span class='ocrx_word' id='word_1_687' title='bbox 1031 2277 1131 2309; x_wconf 87' lang='lat' dir='ltr'><strong>Patris,</strong></span> <span class='ocrx_word' id='word_1_688' title='bbox 1144 2282 1171 2304; x_wconf 89' lang='lat' dir='ltr'><strong>et</strong></span> <span class='ocrx_word' id='word_1_689' title='bbox 1187 2276 1258 2310; x_wconf 78' lang='lat' dir='ltr'><strong>Filii,</strong></span> <span class='ocrx_word' id='word_1_690' title='bbox 1272 2280 1299 2303; x_wconf 91' lang='lat' dir='ltr'><strong>et</strong></span> <span class='ocrx_word' id='word_1_691' title='bbox 1311 2275 1427 2310; x_wconf 91' lang='lat' dir='ltr'><strong>Spiritus</strong></span> <span class='ocrx_word' id='word_1_692' title='bbox 1438 2275 1526 2302; x_wconf 86' lang='lat' dir='ltr'><strong>sancti</strong></span> <span class='ocrx_word' id='word_1_693' title='bbox 1542 2273 1566 2291; x_wconf 85' lang='grc'>⁸⁷</span> <span class='ocrx_word' id='word_1_694' title='bbox 1581 2283 1589 2308; x_wconf 88' lang='lat'><strong>;</strong></span> <span class='ocrx_word' id='word_1_695' title='bbox 1611 2282 1690 2302; x_wconf 89' lang='lat' dir='ltr'><strong>num-</strong></span> 
     </span>
    </p>
   </div>
   <div class='ocr_carea' id='block_1_92' title="bbox 67 2322 856 2359">
    <p class='ocr_par' dir='ltr' id='par_1_92' title="bbox 67 2322 856 2359">
     <span class='ocr_line' id='line_1_92' title="bbox 67 2322 856 2359; baseline 0.001 -10"><span class='ocrx_word' id='word_1_696' title='bbox 67 2330 114 2355; x_wconf 84' lang='grc' dir='ltr'><strong>τες</strong></span> <span class='ocrx_word' id='word_1_697' title='bbox 131 2322 319 2358; x_wconf 84' lang='grc' dir='ltr'>μαθητεύσατε</span> <span class='ocrx_word' id='word_1_698' title='bbox 332 2322 422 2350; x_wconf 85' lang='grc' dir='ltr'>πάντα</span> <span class='ocrx_word' id='word_1_699' title='bbox 432 2323 467 2350; x_wconf 77' lang='grc' dir='ltr'><strong>τὰ</strong></span> <span class='ocrx_word' id='word_1_700' title='bbox 478 2323 553 2358; x_wconf 75' lang='grc' dir='ltr'>ἔθνη,</span> <span class='ocrx_word' id='word_1_701' title='bbox 569 2323 743 2359; x_wconf 79' lang='grc' dir='ltr'>βαπτίζοντες</span> <span class='ocrx_word' id='word_1_702' title='bbox 759 2324 856 2356; x_wconf 79' lang='grc' dir='ltr'>αὐτοὺς</span> 
     </span>
    </p>
   </div>
   <div class='ocr_carea' id='block_1_93' title="bbox 67 2367 856 2405">
    <p class='ocr_par' dir='ltr' id='par_1_93' title="bbox 67 2367 856 2405">
     <span class='ocr_line' id='line_1_93' title="bbox 67 2367 856 2405; baseline 0.001 -11"><span class='ocrx_word' id='word_1_703' title='bbox 67 2368 107 2396; x_wconf 77' lang='grc' dir='ltr'><strong>είς</strong></span> <span class='ocrx_word' id='word_1_704' title='bbox 116 2368 148 2394; x_wconf 82' lang='grc' dir='ltr'>τὸ</span> <span class='ocrx_word' id='word_1_705' title='bbox 162 2367 247 2403; x_wconf 72' lang='grc' dir='ltr'>ὄνομα</span> <span class='ocrx_word' id='word_1_706' title='bbox 260 2367 307 2395; x_wconf 89' lang='grc' dir='ltr'><strong>τοῦ</strong></span> <span class='ocrx_word' id='word_1_707' title='bbox 326 2369 442 2405; x_wconf 68' lang='grc' dir='ltr'>Πατρός,</span> <span class='ocrx_word' id='word_1_708' title='bbox 454 2369 501 2396; x_wconf 60' lang='grc' dir='ltr'><strong>καὶΙ</strong></span> <span class='ocrx_word' id='word_1_709' title='bbox 511 2368 558 2396; x_wconf 84' lang='grc' dir='ltr'><strong>τοῦ</strong></span> <span class='ocrx_word' id='word_1_710' title='bbox 571 2369 647 2402; x_wconf 79' lang='grc' dir='ltr'>Υίοῦ,</span> <span class='ocrx_word' id='word_1_711' title='bbox 660 2368 765 2396; x_wconf 73' lang='grc' dir='ltr'>καὶτοῦ</span> <span class='ocrx_word' id='word_1_712' title='bbox 777 2369 856 2403; x_wconf 86' lang='grc' dir='ltr'>ἀγίου</span> 
     </span>
    </p>
   </div>
   <div class='ocr_carea' id='block_1_94' title="bbox 68 2414 854 2451">
    <p class='ocr_par' dir='ltr' id='par_1_94' title="bbox 68 2414 854 2451">
     <span class='ocr_line' id='line_1_94' title="bbox 68 2414 854 2451; baseline 0.001 -11"><span class='ocrx_word' id='word_1_713' title='bbox 68 2414 241 2449; x_wconf 85' lang='grc' dir='ltr'>Πνεύματος,</span> <span class='ocrx_word' id='word_1_714' title='bbox 255 2424 265 2440; x_wconf 75' lang='grc' dir='ltr'><strong>ι</strong></span> <span class='ocrx_word' id='word_1_715' title='bbox 292 2415 371 2451; x_wconf 84' lang='grc' dir='ltr'>εῐπερ</span> <span class='ocrx_word' id='word_1_716' title='bbox 397 2415 444 2442; x_wconf 81' lang='grc' dir='ltr'>καὶ</span> <span class='ocrx_word' id='word_1_717' title='bbox 472 2414 546 2450; x_wconf 81' lang='grc' dir='ltr'><strong>αὑτῷ</strong></span> <span class='ocrx_word' id='word_1_718' title='bbox 562 2415 704 2451; x_wconf 83' lang='grc' dir='ltr'>λατρεύειν</span> <span class='ocrx_word' id='word_1_719' title='bbox 726 2414 854 2450; x_wconf 79' lang='grc' dir='ltr'>ἕμελλον;</span> 
     </span>
    </p>
   </div>
   <div class='ocr_carea' id='block_1_95' title="bbox 73 2458 856 2496">
    <p class='ocr_par' dir='ltr' id='par_1_95' title="bbox 73 2458 856 2496">
     <span class='ocr_line' id='line_1_95' title="bbox 73 2458 856 2496; baseline 0.001 -10"><span class='ocrx_word' id='word_1_720' title='bbox 73 2458 220 2487; x_wconf 81' lang='grc' dir='ltr'>’Λκόλουθα</span> <span class='ocrx_word' id='word_1_721' title='bbox 237 2460 266 2487; x_wconf 82' lang='grc' dir='ltr'>δὲ</span> <span class='ocrx_word' id='word_1_722' title='bbox 287 2460 391 2492; x_wconf 76' lang='grc' dir='ltr'>τούτοις</span> <span class='ocrx_word' id='word_1_723' title='bbox 412 2460 459 2487; x_wconf 74' lang='grc' dir='ltr'>καὶ</span> <span class='ocrx_word' id='word_1_724' title='bbox 475 2461 554 2496; x_wconf 82' lang='grc' dir='ltr'>ὑμεῖς</span> <span class='ocrx_word' id='word_1_725' title='bbox 573 2460 768 2496; x_wconf 81' lang='grc' dir='ltr'>διανοούμενοι,</span> <span class='ocrx_word' id='word_1_726' title='bbox 787 2460 856 2496; x_wconf 79' lang='grc' dir='ltr'>μετὰ</span> 
     </span>
    </p>
   </div>
   <div class='ocr_carea' id='block_1_96' title="bbox 68 2505 547 2542">
    <p class='ocr_par' dir='ltr' id='par_1_96' title="bbox 68 2505 547 2542">
     <span class='ocr_line' id='line_1_96' title="bbox 68 2505 547 2542; baseline 0.002 -10"><span class='ocrx_word' id='word_1_727' title='bbox 68 2505 113 2533; x_wconf 86' lang='grc' dir='ltr'><strong>τοῦ</strong></span> <span class='ocrx_word' id='word_1_728' title='bbox 129 2505 237 2542; x_wconf 81' lang='grc' dir='ltr'>Πατρδς</span> <span class='ocrx_word' id='word_1_729' title='bbox 251 2506 399 2541; x_wconf 83' lang='grc' dir='ltr'>θεολογεῖτε</span> <span class='ocrx_word' id='word_1_730' title='bbox 412 2506 458 2533; x_wconf 76' lang='grc' dir='ltr'>τὸν</span> <span class='ocrx_word' id='word_1_731' title='bbox 473 2507 547 2533; x_wconf 82' lang='grc' dir='ltr'>Υἱόν.</span> 
     </span>
    </p>
   </div>
   <div class='ocr_carea' id='block_1_97' title="bbox 365 2563 550 2591">
    <p class='ocr_par' dir='ltr' id='par_1_97' title="bbox 365 2563 550 2591">
     <span class='ocr_line' id='line_1_97' title="bbox 365 2563 550 2591; baseline 0 -1"><span class='ocrx_word' id='word_1_732' title='bbox 365 2563 550 2591; x_wconf 82' lang='grc' dir='ltr'><strong>ΚΥΡΙΛΛΟΣ.</strong></span> 
     </span>
    </p>
   </div>
   <div class='ocr_carea' id='block_1_98' title="bbox 100 2615 853 2655">
    <p class='ocr_par' dir='ltr' id='par_1_98' title="bbox 100 2615 853 2655">
     <span class='ocr_line' id='line_1_98' title="bbox 100 2615 853 2655; baseline 0.001 -10"><span class='ocrx_word' id='word_1_733' title='bbox 100 2619 225 2654; x_wconf 81' lang='grc' dir='ltr'>Θηρᾶται</span> <span class='ocrx_word' id='word_1_734' title='bbox 244 2619 294 2654; x_wconf 79' lang='grc' dir='ltr'>μὲν</span> <span class='ocrx_word' id='word_1_735' title='bbox 311 2615 368 2651; x_wconf 78' lang='grc' dir='ltr'>οὗν,</span> <span class='ocrx_word' id='word_1_736' title='bbox 385 2619 432 2646; x_wconf 74' lang='grc' dir='ltr'>καὶ</span> <span class='ocrx_word' id='word_1_737' title='bbox 448 2619 477 2646; x_wconf 76' lang='grc' dir='ltr'>ὲν</span> <span class='ocrx_word' id='word_1_738' title='bbox 496 2618 598 2655; x_wconf 87' lang='grc' dir='ltr'>σπουδῇ</span> <span class='ocrx_word' id='word_1_739' title='bbox 615 2619 743 2651; x_wconf 77' lang='grc' dir='ltr'>ποιεῖται,</span> <span class='ocrx_word' id='word_1_740' title='bbox 756 2619 788 2646; x_wconf 81' lang='grc' dir='ltr'><strong>τδ</strong></span> <span class='ocrx_word' id='word_1_741' title='bbox 805 2628 853 2646; x_wconf 86' lang='grc' dir='ltr'>πο-</span> 
     </span>
    </p>
   </div>
   <div class='ocr_carea' id='block_1_99' title="bbox 69 2662 852 2700">
    <p class='ocr_par' dir='ltr' id='par_1_99' title="bbox 69 2662 852 2700">
     <span class='ocr_line' id='line_1_99' title="bbox 69 2662 852 2700; baseline 0 -9"><span class='ocrx_word' id='word_1_742' title='bbox 69 2665 190 2700; x_wconf 80' lang='grc' dir='ltr'>Αυμαθὴς</span> <span class='ocrx_word' id='word_1_743' title='bbox 208 2662 279 2692; x_wconf 73' lang='grc' dir='ltr'>εἶναι</span> <span class='ocrx_word' id='word_1_744' title='bbox 299 2665 398 2697; x_wconf 82' lang='grc' dir='ltr'>δοκεῖν,</span> <span class='ocrx_word' id='word_1_745' title='bbox 421 2665 468 2692; x_wconf 77' lang='grc' dir='ltr'>καὶ</span> <span class='ocrx_word' id='word_1_746' title='bbox 491 2665 554 2698; x_wconf 85' lang='grc' dir='ltr'>τόγε</span> <span class='ocrx_word' id='word_1_747' title='bbox 573 2664 627 2691; x_wconf 83' lang='grc' dir='ltr'><strong>τῶν</strong></span> <span class='ocrx_word' id='word_1_748' title='bbox 644 2664 710 2700; x_wconf 81' lang='grc' dir='ltr'>παρ’</span> <span class='ocrx_word' id='word_1_749' title='bbox 725 2665 791 2700; x_wconf 81' lang='grc' dir='ltr'>ἡμῖν</span> <span class='ocrx_word' id='word_1_750' title='bbox 810 2665 852 2691; x_wconf 87' lang='grc' dir='ltr'>δο-</span> 
     </span>
    </p>
   </div>
   <div class='ocr_carea' id='block_1_100' title="bbox 72 2709 852 2746">
    <p class='ocr_par' dir='ltr' id='par_1_100' title="bbox 72 2709 852 2746">
     <span class='ocr_line' id='line_1_100' title="bbox 72 2709 852 2746; baseline 0 -9"><span class='ocrx_word' id='word_1_751' title='bbox 72 2711 179 2744; x_wconf 68' lang='grc' dir='ltr'>γμάτων</span> <span class='ocrx_word' id='word_1_752' title='bbox 205 2710 293 2746; x_wconf 83' lang='grc' dir='ltr'>ἀληθῆ</span> <span class='ocrx_word' id='word_1_753' title='bbox 320 2711 367 2737; x_wconf 77' lang='grc' dir='ltr'>καὶ</span> <span class='ocrx_word' id='word_1_754' title='bbox 383 2710 572 2746; x_wconf 76' lang='grc' dir='ltr'>ἑξητασμένην</span> <span class='ocrx_word' id='word_1_755' title='bbox 598 2709 782 2745; x_wconf 78' lang='grc' dir='ltr'>συνειλοχέναι</span> <span class='ocrx_word' id='word_1_756' title='bbox 800 2711 852 2745; x_wconf 83' lang='grc' dir='ltr'>τὴν</span> 
     </span>
    </p>
   </div>
   <div class='ocr_carea' id='block_1_101' title="bbox 73 2756 852 2792">
    <p class='ocr_par' dir='ltr' id='par_1_101' title="bbox 73 2756 852 2792">
     <span class='ocr_line' id='line_1_101' title="bbox 73 2756 852 2792; baseline 0.001 -11"><span class='ocrx_word' id='word_1_757' title='bbox 73 2756 175 2788; x_wconf 69' lang='grc' dir='ltr'>γνῶσιν.</span> <span class='ocrx_word' id='word_1_758' title='bbox 193 2756 393 2792; x_wconf 77' lang='grc' dir='ltr'>’Δμαθαίνοντα</span> <span class='ocrx_word' id='word_1_759' title='bbox 413 2756 441 2782; x_wconf 74' lang='grc' dir='ltr'>δὲ</span> <span class='ocrx_word' id='word_1_760' title='bbox 463 2757 510 2782; x_wconf 83' lang='grc' dir='ltr'>καὶ</span> <span class='ocrx_word' id='word_1_761' title='bbox 531 2756 578 2783; x_wconf 85' lang='grc' dir='ltr'><strong>νῦν</strong></span> <span class='ocrx_word' id='word_1_762' title='bbox 596 2756 627 2783; x_wconf 83' lang='grc' dir='ltr'>οὐ</span> <span class='ocrx_word' id='word_1_763' title='bbox 653 2756 783 2792; x_wconf 83' lang='grc' dir='ltr'>μετρίως,</span> <span class='ocrx_word' id='word_1_764' title='bbox 805 2756 852 2783; x_wconf 79' lang='grc' dir='ltr'>καὶ</span> 
     </span>
    </p>
   </div>
   <div class='ocr_carea' id='block_1_102' title="bbox 72 2801 852 2838">
    <p class='ocr_par' dir='ltr' id='par_1_102' title="bbox 72 2801 852 2838">
     <span class='ocr_line' id='line_1_102' title="bbox 72 2801 852 2838; baseline 0.003 -11"><span class='ocrx_word' id='word_1_765' title='bbox 72 2802 110 2828; x_wconf 71' lang='grc' dir='ltr'>σὺν</span> <span class='ocrx_word' id='word_1_766' title='bbox 131 2803 161 2829; x_wconf 75' lang='grc' dir='ltr'><strong>ὲν</strong></span> <span class='ocrx_word' id='word_1_767' title='bbox 175 2803 233 2834; x_wconf 83' lang='grc' dir='ltr'>τοῖς</span> <span class='ocrx_word' id='word_1_768' title='bbox 251 2803 334 2838; x_wconf 81' lang='grc' dir='ltr'>ἱεροῖς</span> <span class='ocrx_word' id='word_1_769' title='bbox 349 2802 513 2838; x_wconf 81' lang='grc' dir='ltr'>Γράμμασιν</span> <span class='ocrx_word' id='word_1_770' title='bbox 526 2801 679 2837; x_wconf 80' lang='grc' dir='ltr'>ὴγνοηκότα</span> <span class='ocrx_word' id='word_1_771' title='bbox 700 2801 772 2836; x_wconf 83' lang='grc' dir='ltr'>νοῦν,</span> <span class='ocrx_word' id='word_1_772' title='bbox 787 2803 852 2829; x_wconf 84' lang='grc' dir='ltr'>ἀκο-</span> 
     </span>
    </p>
   </div>
   <div class='ocr_carea' id='block_1_103' title="bbox 79 2890 855 2926">
    <p class='ocr_par' dir='ltr' id='par_1_103' title="bbox 79 2890 851 2925">
     <span class='ocr_line' id='line_1_103' title="bbox 79 2890 851 2925; baseline 0.001 -7"><span class='ocrx_word' id='word_1_773' title='bbox 79 2890 89 2905; x_wconf 82' lang='grc'><strong><em>³</em></strong></span> <span class='ocrx_word' id='word_1_774' title='bbox 103 2891 168 2919; x_wconf 87' lang='lat' dir='ltr'><strong>Gen.</strong></span> <span class='ocrx_word' id='word_1_775' title='bbox 183 2898 221 2924; x_wconf 83' lang='lat' dir='ltr'><strong>vr,</strong></span> <span class='ocrx_word' id='word_1_776' title='bbox 241 2891 266 2918; x_wconf 78' lang='lat'><strong>2.</strong></span> <span class='ocrx_word' id='word_1_777' title='bbox 284 2891 307 2908; x_wconf 73' lang='lat'><strong>”</strong></span> <span class='ocrx_word' id='word_1_778' title='bbox 323 2892 389 2919; x_wconf 87' lang='lat' dir='ltr'><strong>ibid.</strong></span> <span class='ocrx_word' id='word_1_779' title='bbox 405 2892 430 2920; x_wconf 77' lang='grc' dir='ltr'>ι.</span> <span class='ocrx_word' id='word_1_780' title='bbox 468 2893 491 2909; x_wconf 82' lang='grc'><strong><em>⁸³</em></strong></span> <span class='ocrx_word' id='word_1_781' title='bbox 506 2891 592 2920; x_wconf 81' lang='lat' dir='ltr'><strong>Exod.</strong></span> <span class='ocrx_word' id='word_1_782' title='bbox 609 2899 645 2925; x_wconf 84' lang='lat' dir='ltr'><strong>tv,</strong></span> <span class='ocrx_word' id='word_1_783' title='bbox 660 2891 705 2919; x_wconf 76' lang='lat'><strong>22.</strong></span> <span class='ocrx_word' id='word_1_784' title='bbox 743 2892 766 2907; x_wconf 74' lang='lat'><strong>“</strong></span> <span class='ocrx_word' id='word_1_785' title='bbox 785 2892 851 2919; x_wconf 85' lang='lat' dir='ltr'><strong>Deut</strong></span> 
     </span>
    </p>
   </div>
   <div class='ocr_carea' id='block_1_104' title="bbox 913 2890 1211 2926">
    <p class='ocr_par' dir='ltr' id='par_1_104' title="bbox 913 2891 1211 2924">
     <span class='ocr_line' id='line_1_104' title="bbox 913 2891 1211 2924; baseline -0.003 -5"><span class='ocrx_word' id='word_1_786' title='bbox 913 2913 915 2922; x_wconf 83' lang='lat'><strong>,</strong></span> <span class='ocrx_word' id='word_1_787' title='bbox 937 2891 986 2924; x_wconf 81' lang='lat' dir='ltr'><strong>l5;</strong></span> <span class='ocrx_word' id='word_1_788' title='bbox 1000 2891 1093 2918; x_wconf 82' lang='lat' dir='ltr'><strong>Matth.</strong></span> <span class='ocrx_word' id='word_1_789' title='bbox 1115 2898 1152 2924; x_wconf 89' lang='lat' dir='ltr'><strong>IV,</strong></span> <span class='ocrx_word' id='word_1_790' title='bbox 1170 2891 1211 2918; x_wconf 86' lang='lat' dir='ltr'><strong>l0.</strong></span> 
     </span>
    </p>
   </div>
   <div class='ocr_carea' id='block_1_105' title="bbox 909 2319 1701 2358">
    <p class='ocr_par' dir='ltr' id='par_1_105' title="bbox 909 2319 1701 2358">
     <span class='ocr_line' id='line_1_105' title="bbox 909 2319 1701 2358; baseline -0.004 -9"><span class='ocrx_word' id='word_1_791' title='bbox 909 2322 972 2357; x_wconf 88' lang='lat' dir='ltr'><strong>quid</strong></span> <span class='ocrx_word' id='word_1_792' title='bbox 993 2323 1081 2358; x_wconf 82' lang='lat' dir='ltr'><strong>ipsum</strong></span> <span class='ocrx_word' id='word_1_793' title='bbox 1104 2329 1211 2357; x_wconf 87' lang='lat' dir='ltr'><strong>quoque</strong></span> <span class='ocrx_word' id='word_1_794' title='bbox 1233 2320 1371 2348; x_wconf 89' lang='lat' dir='ltr'><strong>adoraturi</strong></span> <span class='ocrx_word' id='word_1_795' title='bbox 1400 2319 1500 2348; x_wconf 76' lang='lat' dir='ltr'><strong>erant?</strong></span> <span class='ocrx_word' id='word_1_796' title='bbox 1519 2319 1574 2348; x_wconf 89' lang='lat' dir='ltr'><strong>Vos</strong></span> <span class='ocrx_word' id='word_1_797' title='bbox 1599 2324 1701 2348; x_wconf 82' lang='lat' dir='ltr'><strong>autem.</strong></span> 
     </span>
    </p>
   </div>
   <div class='ocr_carea' id='block_1_106' title="bbox 909 2365 1701 2399">
    <p class='ocr_par' dir='ltr' id='par_1_106' title="bbox 909 2365 1701 2399">
     <span class='ocr_line' id='line_1_106' title="bbox 909 2365 1701 2399; baseline -0.001 -5"><span class='ocrx_word' id='word_1_798' title='bbox 909 2368 990 2394; x_wconf 83' lang='lat' dir='ltr'><strong>etiam</strong></span> <span class='ocrx_word' id='word_1_799' title='bbox 1006 2368 1049 2395; x_wconf 85' lang='lat' dir='ltr'><strong>his</strong></span> <span class='ocrx_word' id='word_1_800' title='bbox 1064 2372 1246 2395; x_wconf 84' lang='lat' dir='ltr'><strong>consentanea</strong></span> <span class='ocrx_word' id='word_1_801' title='bbox 1260 2370 1420 2399; x_wconf 85' lang='lat' dir='ltr'><strong>statuentes,</strong></span> <span class='ocrx_word' id='word_1_802' title='bbox 1439 2365 1537 2393; x_wconf 82' lang='lat' dir='ltr'><strong>Filium</strong></span> <span class='ocrx_word' id='word_1_803' title='bbox 1555 2373 1606 2393; x_wconf 92' lang='lat' dir='ltr'><strong>una</strong></span> <span class='ocrx_word' id='word_1_804' title='bbox 1627 2373 1701 2394; x_wconf 61' lang='lat' dir='ltr'><strong>cuuL</strong></span> 
     </span>
    </p>
   </div>
   <div class='ocr_carea' id='block_1_107' title="bbox 911 2412 1203 2442">
    <p class='ocr_par' dir='ltr' id='par_1_107' title="bbox 911 2412 1203 2442">
     <span class='ocr_line' id='line_1_107' title="bbox 911 2412 1203 2442; baseline -0.003 -1"><span class='ocrx_word' id='word_1_805' title='bbox 911 2413 990 2442; x_wconf 84' lang='lat' dir='ltr'><strong>Patre</strong></span> <span class='ocrx_word' id='word_1_806' title='bbox 1007 2413 1089 2440; x_wconf 85' lang='lat' dir='ltr'><strong>Deum</strong></span> <span class='ocrx_word' id='word_1_807' title='bbox 1104 2412 1203 2441; x_wconf 88' lang='lat' dir='ltr'><strong>dicitis.</strong></span> 
     </span>
    </p>
   </div>
   <div class='ocr_carea' id='block_1_108' title="bbox 1209 2560 1390 2590">
    <p class='ocr_par' dir='ltr' id='par_1_108' title="bbox 1209 2560 1390 2590">
     <span class='ocr_line' id='line_1_108' title="bbox 1209 2560 1390 2590; baseline 0 -1"><span class='ocrx_word' id='word_1_808' title='bbox 1209 2560 1390 2590; x_wconf 77' lang='lat' dir='ltr'><strong>CYRILLUS.</strong></span> 
     </span>
    </p>
   </div>
   <div class='ocr_carea' id='block_1_109' title="bbox 940 2617 1686 2654">
    <p class='ocr_par' dir='ltr' id='par_1_109' title="bbox 940 2617 1686 2654">
     <span class='ocr_line' id='line_1_109' title="bbox 940 2617 1686 2654; baseline 0 -8"><span class='ocrx_word' id='word_1_809' title='bbox 940 2618 1085 2647; x_wconf 83' lang='lat' dir='ltr'><strong>Enimvero</strong></span> <span class='ocrx_word' id='word_1_810' title='bbox 1103 2617 1248 2654; x_wconf 65' lang='lat' dir='ltr'><strong>multijugae</strong></span> <span class='ocrx_word' id='word_1_811' title='bbox 1262 2617 1422 2646; x_wconf 86' lang='lat' dir='ltr'><strong>eruditionis</strong></span> <span class='ocrx_word' id='word_1_812' title='bbox 1437 2618 1536 2646; x_wconf 83' lang='lat' dir='ltr'><strong>famam</strong></span> <span class='ocrx_word' id='word_1_813' title='bbox 1561 2622 1686 2652; x_wconf 74' lang='lat' dir='ltr'><strong>venatur,</strong></span> 
     </span>
    </p>
   </div>
   <div class='ocr_carea' id='block_1_110' title="bbox 905 2663 1685 2699">
    <p class='ocr_par' dir='ltr' id='par_1_110' title="bbox 905 2663 1685 2699">
     <span class='ocr_line' id='line_1_110' title="bbox 905 2663 1685 2699; baseline -0.001 -7"><span class='ocrx_word' id='word_1_814' title='bbox 905 2665 932 2692; x_wconf 91' lang='lat' dir='ltr'><strong>in</strong></span> <span class='ocrx_word' id='word_1_815' title='bbox 947 2671 1033 2699; x_wconf 84' lang='lat' dir='ltr'><strong>eoque</strong></span> <span class='ocrx_word' id='word_1_816' title='bbox 1052 2668 1124 2692; x_wconf 87' lang='lat' dir='ltr'><strong>totus</strong></span> <span class='ocrx_word' id='word_1_817' title='bbox 1144 2668 1194 2697; x_wconf 89' lang='lat' dir='ltr'><strong>est,</strong></span> <span class='ocrx_word' id='word_1_818' title='bbox 1212 2668 1242 2692; x_wconf 89' lang='lat' dir='ltr'><strong>ut</strong></span> <span class='ocrx_word' id='word_1_819' title='bbox 1257 2663 1380 2692; x_wconf 81' lang='lat' dir='ltr'><strong>videatur</strong></span> <span class='ocrx_word' id='word_1_820' title='bbox 1396 2664 1685 2699; x_wconf 80' lang='lat' dir='ltr'><strong>nostrorum.dogma-</strong></span> 
     </span>
    </p>
   </div>
   <div class='ocr_carea' id='block_1_111' title="bbox 906 2709 1684 2745">
    <p class='ocr_par' dir='ltr' id='par_1_111' title="bbox 906 2709 1684 2745">
     <span class='ocr_line' id='line_1_111' title="bbox 906 2709 1684 2745; baseline -0.001 -7"><span class='ocrx_word' id='word_1_821' title='bbox 906 2715 961 2738; x_wconf 86' lang='lat' dir='ltr'><strong>tum</strong></span> <span class='ocrx_word' id='word_1_822' title='bbox 983 2717 1075 2737; x_wconf 84' lang='lat' dir='ltr'><strong>veram</strong></span> <span class='ocrx_word' id='word_1_823' title='bbox 1100 2714 1129 2738; x_wconf 88' lang='lat' dir='ltr'><strong>et</strong></span> <span class='ocrx_word' id='word_1_824' title='bbox 1149 2709 1510 2745; x_wconf 84' lang='lat' dir='ltr'><strong>accuratam&#39;cognitionem</strong></span> <span class='ocrx_word' id='word_1_825' title='bbox 1535 2713 1684 2738; x_wconf 80' lang='lat' dir='ltr'><strong>assecutus.</strong></span> 
     </span>
    </p>
   </div>
   <div class='ocr_carea' id='block_1_112' title="bbox 906 2755 1685 2787">
    <p class='ocr_par' dir='ltr' id='par_1_112' title="bbox 906 2755 1685 2787">
     <span class='ocr_line' id='line_1_112' title="bbox 906 2755 1685 2787; baseline -0.001 -4"><span class='ocrx_word' id='word_1_826' title='bbox 906 2755 958 2784; x_wconf 86' lang='lat' dir='ltr'><strong>Sed</strong></span> <span class='ocrx_word' id='word_1_827' title='bbox 973 2756 1018 2783; x_wconf 87' lang='lat' dir='ltr'><strong>hic</strong></span> <span class='ocrx_word' id='word_1_828' title='bbox 1032 2755 1105 2783; x_wconf 89' lang='lat' dir='ltr'><strong>illum</strong></span> <span class='ocrx_word' id='word_1_829' title='bbox 1125 2763 1191 2783; x_wconf 88' lang='lat' dir='ltr'><strong>sane</strong></span> <span class='ocrx_word' id='word_1_830' title='bbox 1208 2756 1312 2787; x_wconf 87' lang='lat' dir='ltr'><strong>rudem,</strong></span> <span class='ocrx_word' id='word_1_831' title='bbox 1327 2760 1355 2783; x_wconf 90' lang='lat' dir='ltr'><strong>et</strong></span> <span class='ocrx_word' id='word_1_832' title='bbox 1371 2755 1398 2783; x_wconf 90' lang='lat' dir='ltr'><strong>in</strong></span> <span class='ocrx_word' id='word_1_833' title='bbox 1412 2755 1531 2783; x_wconf 75' lang='lat' dir='ltr'><strong>emendo</strong></span> <span class='ocrx_word' id='word_1_834' title='bbox 1545 2762 1685 2783; x_wconf 88' lang='lat' dir='ltr'><strong>sacrarum</strong></span> 
     </span>
    </p>
   </div>
   <div class='ocr_carea' id='block_1_113' title="bbox 904 2800 1686 2836">
    <p class='ocr_par' dir='ltr' id='par_1_113' title="bbox 904 2800 1686 2836">
     <span class='ocr_line' id='line_1_113' title="bbox 904 2800 1686 2836; baseline -0.001 -7"><span class='ocrx_word' id='word_1_835' title='bbox 904 2801 1067 2829; x_wconf 88' lang='lat' dir='ltr'><strong>Litterarum</strong></span> <span class='ocrx_word' id='word_1_836' title='bbox 1078 2801 1214 2829; x_wconf 84' lang='lat' dir='ltr'><strong>intellectu</strong></span> <span class='ocrx_word' id='word_1_837' title='bbox 1232 2801 1307 2829; x_wconf 89' lang='lat' dir='ltr'><strong>valde</strong></span> <span class='ocrx_word' id='word_1_838' title='bbox 1321 2800 1454 2836; x_wconf 82' lang='lat' dir='ltr'><strong>ignarum,</strong></span> <span class='ocrx_word' id='word_1_839' title='bbox 1465 2801 1532 2828; x_wconf 84' lang='lat' dir='ltr'><strong>citra</strong></span> <span class='ocrx_word' id='word_1_840' title='bbox 1547 2801 1686 2836; x_wconf 83' lang='lat' dir='ltr'><strong>negotium</strong></span> 
     </span>
    </p>
   </div>
   <div class='ocr_carea' id='block_1_114' title="bbox 1262 2890 1577 2925">
    <p class='ocr_par' dir='ltr' id='par_1_114' title="bbox 1262 2890 1577 2925">
     <span class='ocr_line' id='line_1_114' title="bbox 1262 2890 1577 2925; baseline 0.003 -7"><span class='ocrx_word' id='word_1_841' title='bbox 1262 2891 1285 2907; x_wconf 86' lang='lat'><strong>&quot;</strong></span> <span class='ocrx_word' id='word_1_842' title='bbox 1302 2890 1396 2919; x_wconf 74' lang='lat' dir='ltr'><strong>Matth.</strong></span> <span class='ocrx_word' id='word_1_843' title='bbox 1414 2898 1511 2925; x_wconf 85' lang='lat' dir='ltr'><strong>xxvm,</strong></span> <span class='ocrx_word' id='word_1_844' title='bbox 1534 2891 1577 2919; x_wconf 82' lang='lat' dir='ltr'><strong>l9.</strong></span> 
     </span>
    </p>
   </div>
   <div class='ocr_carea' id='block_1_115' title="bbox 1649 181 1745 217">
    <p class='ocr_par' dir='ltr' id='par_1_115' title="bbox 1649 181 1745 217">
     <span class='ocr_line' id='line_1_115' title="bbox 1649 181 1745 217; baseline 0.01 -1"><span class='ocrx_word' id='word_1_845' title='bbox 1649 188 1702 217; x_wconf 73' lang='lat' dir='ltr'><strong>suo</strong></span> <span class='ocrx_word' id='word_1_846' title='bbox 1734 181 1745 189; x_wconf 72' lang='lat'><strong>‘</strong></span> 
     </span>
    </p>
   </div>
  </div>
