1894 3056
211 170 262 198 947

699 169 728 195 S.
748 168 883 196 CYRILLI
901 166 1134 196 ALEXANDHINI
1153 166 1311 194 ARCHIEP.

1781 167 1831 194 9‘3

210 227 391 254 ostendemus.
416 225 518 260 Scopus
546 226 626 261 igitur
640 226 664 253 ei
683 227 835 262 propositus
855 233 906 259 est,
932 228 996 255 deos

1058 227 1099 253 't‘ti.
1119 225 1295 260 διαδείξομεν.
1321 224 1425 256 Σκοπὸς
1443 224 1493 260 μὲν
1515 221 1571 257 οὖν,
1589 225 1626 255 ὼς
1647 224 1717 259 ἔφην
1729 244 1736 256 ,
1759 224 1832 259 αὐτῷ

212 274 309 300 multos
334 280 464 300 asserere.
498 272 550 299 Sed
581 272 672 300 forsan
698 273 835 300 existintat
869 273 995 308 praesidio

212 320 281 346 istud
293 319 343 346 sibi
358 319 475 345 maximo
488 318 555 351 fore,
566 325 651 354 neque
665 319 731 346 adeo
742 326 790 354 spe
805 324 880 346 caret
894 318 996 353 liquido

211 366 396 391 demonstrare
412 372 441 392 se
458 372 546 398 posse,
560 373 640 392 unum
656 365 764 400 quidem
777 372 809 392 ac
820 365 907 392 soluat
920 373 935 391 a
949 372 996 392 sa-

211 410 377 444 pientissimo
393 409 437 436 illo
450 409 522 437 Mose
547 411 715 438 nominatum
730 417 792 438 esse
808 410 903 443 Deum,
917 413 998 437 cane-

211 465 269 483 rltlll
296 464 462 491 nequaquam
487 458 566 485 simul
583 457 652 485 facta
674 465 736 485 esse
755 458 836 485 verba
859 458 891 485 de
916 457 995 484 Filio.

211 505 299 536 Atque
323 503 376 530 huc
397 511 494 538 scopus
509 505 598 531 (mntis
612 505 668 537 ipse
683 504 857 539 malignitatis
871 504 997 539 pertinet.

212 549 245 576 Et
258 557 307 576 nos
322 549 428 584 quidem
444 549 521 584 longa
533 549 588 583 jam
603 550 783 584 disputatione
797 550 995 578 demonstravi-

213 602 284 628 mus,
301 602 352 622 una
366 603 426 622 cum
446 595 498 622 Deo
513 600 540 622 et
557 595 637 623 Patre
659 595 754 622 Filium
778 596 935 628 subsistere,
950 603 998 623 ue-

213 648 265 672 que
290 641 348 668 sine
372 648 421 667 suo
446 640 535 668 Verbo
562 648 673 675 usquam
699 640 822 676 intelligi.
851 640 904 668 Sed
928 648 999 668 nunc

212 685 293 711 etiam
321 692 353 712 ex
380 686 438 717 his,
455 693 514 720 quae
537 685 624 713 Moses
647 686 704 720 ipse
729 686 864 721 prodidit,
882 686 997 721 idipsuin

213 729 394 757 ostendemus.
424 730 601 758 Adversarius
628 731 700 757 enim
724 731 862 758 contendit
897 730 997 757 nullam

215 776 299 808 ipsum
311 776 388 810 plane
402 775 481 803 Verbi
497 776 593 803 fecisse
607 776 782 809 mentionem,
792 783 878 810 neque
892 776 999 804 novisse

214 820 269 848 Deo
279 826 305 847 et
321 821 391 848 Patri
404 821 612 849 coexsisteutem
626 820 787 855 FiliUIll,Seti
802 823 890 856 potius
902 821 1000 848 multos

213 867 281 894 alios
305 868 368 895 deos
396 875 631 900 commemorasse,
659 869 716 896 sive
743 868 848 895 urbium
874 867 999 895 tutelares

1047 273 1124 304 Θεοὺς
1139 272 1278 307 ἀποφῆναι
1297 271 1420 303 πολλούς.
1434 271 1526 298 Οῐεται
1540 271 1569 298 δὲ
1586 271 1661 303 ῐσως,
1682 271 1831 305 ἐπικουρη-

1048 319 1141 354 μάτων
1155 318 1266 354 ἄριστον
1284 317 1358 353 αὐτῷ
1372 317 1402 344 τὸ
1417 317 1511 352 χρῆμα
1524 317 1698 352 γενήσεσθαι,
1714 317 1762 343 καὶ
1782 316 1833 350 μὴν

1047 365 1094 392 καὶ
1108 364 1214 396 ἐλπίδος
1229 364 1258 391 οὗ
1278 363 1396 400 μακρὰν,
1414 363 1445 390 τὸ
1459 362 1619 397 ἀπελέγχειν
1631 362 1773 393 δύνασθαι,
1787 362 1835 388 καὶ

1048 410 1120 446 μάλα
1135 411 1239 444 σαφῶς,
1255 409 1304 437 [va
1319 409 1368 445 μὲν
1382 409 1430 436 καὶ
1447 409 1524 444 μόνον
1537 408 1693 444 ὠνομάσθαι
1706 408 1774 435 Θεὸν
1790 407 1836 434 διὰ

1046 456 1093 484 τοῦ
1111 456 1249 491 πανσόφου
1272 455 1403 488 Μωσέως,
1415 455 1516 490 ἥκιστά
1529 463 1561 490 γε
1583 455 1636 491 μὴν
1652 455 1698 482 τὸν
1713 453 1779 490 περί
1802 462 1835 487 γε

1047 503 1093 530 τοῦ
1111 503 1175 530 1⁸ίοῦ
1192 501 1444 537 συνεισκεκομίσθαι
1459 501 1548 536 λόγον.
1563 502 1617 529 Καὶ
1628 503 1642 529 ό
1657 502 1769 538 σύμπας
1784 502 1836 529 αὑ-

1047 551 1093 582 τὸς
1109 549 1158 584 τῆς
1173 548 1338 583 δυστροπίας
1354 547 1453 578 σκοπδς
1471 548 1540 583 πρὸς
1547 547 1612 574 αὐτὸ
1625 548 1657 584 δὴ
1672 549 1749 576 τουτὶ
1770 558 1836 576 συν-

1048 596 1173 622 τείνεται.
1198 594 1253 622 Καὶ
1271 593 1315 621 διὰ
1338 593 1444 630 μακροῦ
1461 593 1511 628 μὲν
1533 594 1583 629 ήδη
1598 594 1730 621 δέδεικται
1752 595 1838 629 λόγου

1048 641 1095 668 τοῦ
1118 641 1186 676 πρὸς
1208 640 1288 676 ἡμῶν
1313 640 1466 674 γεγονότος,
1483 639 1520 672 ὡς
1537 640 1583 667 καὶ
1600 641 1806 676 ωνυφέστηκεν
1822 642 1838 667 6

1050 687 1112 719 Υἱὸς
1128 687 1167 722 τῷ
1181 687 1239 720 Θεῷ
1254 686 1302 713 καὶ
1319 686 1421 721 Πατρὶ,
1441 686 1488 712 καὶ
1502 687 1552 712 οὐκ
1572 685 1604 712 ἂν
1624 686 1686 721 δίχα
1708 686 1774 713 ποτὲ
1789 686 1838 713 τοῦ

1052 734 1117 761 ἰδίου
1139 734 1225 760 νοοῖτο
1243 732 1341 766 Λόγου.
1355 731 1531 767 Δειχθήσεται
1543 732 1571 758 δὲ
1587 732 1633 758 καὶ
1645 732 1708 759 νοῦν
1732 732 1782 759 καὶ
1802 732 1837 759 δι’

1049 778 1087 806 ὦν
1101 779 1181 809 αὐτὸς
1202 778 1253 813 ἔφη
1271 777 1383 812 Μωσῆς.
1402 777 1579 812 ’ἰσχυρίζεται
1602 777 1650 812 μὲν
1668 778 1724 813 γὰρ
1746 779 1838 813 ἀμνη-

1052 824 1165 860 μονῆσαι
1182 822 1228 849 τοῦ
1246 823 1333 856 Λόγου
1347 821 1486 853 παντελῶς
1501 821 1591 852 αὐτὸν,
1612 822 1660 848 καὶ
1675 821 1725 848 οὐκ
1737 821 1839 848 εἰδέναι

1050 868 1089 903 τῷ
1106 867 1164 903 Θεῷ
1187 867 1233 894 καὶ
1249 867 1336 903 “arpi.
1359 867 1565 902 συνυπάρχοντα
1583 868 1629 894 τὸν
1650 867 1724 900 Υἱὸν,
1740 867 1839 902 διαμε-

215 913 332 948 angelos,
351 915 449 947 quibus
474 918 567 946 gentes
590 914 732 949 assignate
754 914 818 946 sint,
835 917 864 940 ut
875 913 912 940 ait
931 915 998 947 ipse.

1058 915 1172 950 μνῆσθαι
1186 915 1215 941 δὲ
1233 914 1333 950 μᾶλλον
1349 913 1454 940 πολλῶν
1478 913 1578 949 ἑτέρων
1602 913 1687 945 Θεῶν,
1702 914 1762 949 ἦτοι
1787 922 1839 940 πο-

214 958 280 985 Cum
297 959 386 994 igitur.
398 967 414 985 ο
429 960 661 993 praestantissime,
677 959 769 987 audies
782 967 873 986 sacras
883 959 1001 987 Litteras

214 1004 279 1030 deos
295 1005 431 1031 nominare
453 1005 556 1038 aliquos
572 1013 603 1031 ex
620 1005 667 1038 iis,
685 1005 730 1039 qui
746 1005 828 1040 geniti
843 1009 916 1037 sunt,
933 1004 1001 1032 scito

217 1049 363 1075 naturalem
386 1055 413 1076 et
437 1058 529 1076 verum
548 1050 630 1077 Deum
654 1057 760 1077 omnem
782 1054 935 1077 creaturam
955 1057 1001 1076 1⁵11-

216 1094 288 1120 tione
313 1094 449 1128 praeditam
482 1095 632 1122 istiusmodi
664 1095 843 1129 appellatione
878 1102 1000 1122 ornasse.

216 1139 314 1167 Paulus
327 1140 425 1175 quippe
438 1140 542 1167 divinus
558 1140 627 1167 scire
640 1148 669 1167 se
681 1142 728 1171 ait,
742 1150 751 1165 ι
771 1141 869 1167 multos
893 1140 1000 1175 quidem

217 1186 280 1213 deos
292 1193 323 1212 ac
341 1185 502 1213 dominosin
523 1186 593 1213 cmlo
614 1186 678 1214 etin
696 1191 767 1213 terra
792 1186 924 1213 nominari
935 1185 968 1218 ⁸⁸,
989 1196 999 1212 ι

215 1232 264 1259 sed
278 1239 330 1259 non
351 1239 410 1260 esse
426 1239 433 1258 ε
450 1237 576 1259 caeterum
593 1239 674 1259 unum
692 1236 785 1259 natura
801 1237 829 1259 et
843 1239 925 1266 supra
940 1240 999 1258 0111-

198 1285 264 1316 _nes
282 1277 390 1305 Patrem
407 1286 438 1305 ac
453 1277 534 1305 Deum
552 1285 628 1311 esse,
642 1285 702 1305 cum
718 1278 776 1313 ipso
793 1278 929 1312 proprium
944 1277 1002 1312 t-jus

215 1327 243 1350 et
259 1323 472 1358 inseparabiliter
493 1323 613 1350 innatum
631 1328 658 1350 et
677 1323 845 1351 coexsistens
873 1324 1001 1355 Verbum,

216 1376 295 1402 quem
315 1373 342 1396 et
360 1369 565 1404 primogenitum
588 1370 676 1397 omnis
696 1373 826 1396 creatum
846 1369 869 1385 "
888 1368 1003 1396 dicimus

216 1423 276 1443 esse
291 1420 484 1450 nuncupatum,
504 1416 602 1450 quippe
617 1415 661 1449 qui
678 1415 709 1442 ad
723 1415 931 1446 fraternitatem.
944 1422 1003 1450 quae

218 1462 244 1488 in
261 1462 346 1496 gratia
377 1468 437 1489 esse
463 1461 627 1496 intelligitur,
657 1461 814 1488 rationalem
850 1466 1002 1489 creaturam

217 1507 402 1542 assumpserit,
421 1514 471 1534 ceu
489 1506 586 1534 factam
603 1507 635 1533 ad
648 1506 853 1534 similitudinem
868 1512 895 1534 et
911 1507 1004 1542 imagi-

219 1560 278 1588 nem
294 1553 364 1587 ejus.
392 1552 468 1585 Quod
490 1552 572 1586 igitur
589 1554 643 1580 sint
666 1553 797 1586 imagines
817 1552 873 1580 veri
895 1552 954 1579 Filii
971 1560 1003 1580 ac

220 1598 276 1631 Dei.
288 1599 324 1626 dii
339 1603 366 1626 et
380 1598 426 1626 ﬁlii
441 1598 522 1633 292
539 1604 738 1633 nuncupantur,
748 1606 800 1626 non
813 1598 899 1633 angeli
913 1599 1002 1630 modo,

218 1653 312 1672 verum
334 1649 361 1673 et
383 1652 432 1672 nos
455 1646 516 1680 ipsi.
540 1654 549 1671 ι
568 1645 623 1679 Ego
651 1645 723 1672 enim
758 1646 823 1678 dixi,
848 1645 944 1681 inquit,
968 1646 1003 1672 dii

220 1692 295 1724 estis,
304 1695 331 1717 et
348 1690 394 1717 ﬁlii
408 1689 512 1718 E‘xcelsi
530 1698 623 1718 omnes
631 1690 664 1717 ’°.
683 1699 693 1716 ι
710 1690 841 1723 Quocirca
856 1690 918 1718 licet
931 1699 1003 1725 qna:-

221 1737 281 1764 dam
310 1744 352 1764 res
376 1740 474 1764 creatte
499 1736 608 1763 nomine
636 1736 774 1764 iiliationis
806 1736 1002 1771 insigniautur,

222 1791 290 1810 unus
311 1787 399 1809 tamen
424 1788 465 1808 est
479 1782 523 1809 ille
538 1786 633 1809 natura
649 1789 681 1810 ac
696 1789 767 1814 vere,
792 1782 825 1808 ad
841 1790 921 1817 quem
948 1782 1003 1810 for-

222 1829 285 1856 mati
310 1836 412 1860 sumus,
429 1828 496 1855 adeo
512 1827 626 1855 nobilem
642 1835 674 1855 ac
693 1828 821 1855 illustrem
849 1828 1004 1863 appellatio-

223 1881 284 1901 nem
305 1874 397 1909 gratize
408 1873 466 1901 loco
478 1874 512 1910 ab
527 1873 572 1900 illo
586 1874 732 1908 capientes.
750 1873 825 1907 Quod
843 1880 932 1901 autem
948 1874 1005 1900 Mn-

222 1928 266 1948 ses
278 1928 329 1947 non
346 1915 517 1947 infecundum
535 1920 607 1947 norit
622 1927 682 1948 esse
694 1919 802 1948 Patrem
818 1927 850 1947 ac
863 1919 946 1947 Deum
960 1921 1005 1955 qui

223 1967 250 1993 in
271 1966 346 1993 caelis
373 1971 424 1999 est,
444 1966 490 1993 sed
514 1966 612 2000 passim
632 1968 794 1994 mentionem
823 1965 904 1993 faciat
928 1966 1006 1994 Verbi

224 2013 294 2046 quod
310 2019 341 2038 ex
359 2011 415 2046 ipso
433 2011 540 2046 prodiit,
554 2016 580 2039 et
593 2012 674 2040 variis
694 2012 780 2046 ipsum
797 2016 873 2039 vocet
887 2011 1006 2039 nomini-

223 2059 283 2090 bus,
309 2063 335 2085 et
354 2057 400 2093 qui
417 2058 578 2092 posteriores
602 2058 646 2085 illo
668 2063 730 2085 sunt
754 2058 839 2085 sancti
857 2059 1006 2092 propheta,

223 2104 341 2132 conabor
356 2105 507 2131 ostendere.
523 2104 606 2138 Igitur
621 2103 724 2131 sciebat
744 2104 831 2137 ipsum
850 2103 897 2130 Dei
915 2109 942 2130 et
955 2103 1007 2130 Pa-

225 2152 273 2179 tris
286 2150 427 2184 imaginem
441 2157 512 2182 esse,
530 2154 567 2182 et,
583 2149 808 2184 quemadmodum
822 2150 1008 2177 sanctissimus

224 2197 322 2225 Paulus
334 2198 381 2228 ait,
398 2205 408 2222 ι
423 2197 609 2224 characterem
619 2196 778 2223 substantia:
789 2196 848 2230 ejus
857 2195 890 2222 ".
904 2205 913 2221 ι
927 2194 1009 2222 Scri-

1050 961 1163 996 λιούχων
1173 960 1297 995 ἀγγέλων
1315 959 1367 986 τῶν
1378 960 1413 986 τὰ
1431 959 1493 995 ἔθνη
1505 959 1755 994 κατανειμαμένων,
1765 959 1840 986 καθά

1051 1014 1132 1040 φησιν
1151 1005 1242 1036 αὑτός.
1259 1004 1344 1032 ὀταν
1359 1004 1458 1037 τοίνυν,
1475 1001 1497 1030 ὦ
1514 1004 1658 1039 κράτιστε,
1675 1003 1730 1030 τῶν
1757 1005 1840 1040 ιερῶν

1050 1051 1171 1086 ἀκούσῃς
1186 1051 1358 1086 Γραμμάτων
1371 1050 1448 1082 θεοὺς
1463 1050 1650 1086 ὀνομαζόντων
1665 1049 1719 1076 τῶν
1734 1050 1763 1076 ὲν
1777 1059 1841 1085 γενε

1051 1098 1140 1132 νητοίς
1159 1097 1307 1123 τελούντων
1324 1096 1410 1129 τινὰς,
1428 1096 1465 1132 μὴ
1481 1097 1617 1132 ἀγνοήσῃς
1631 1098 1672 1124 ὅτι
1694 1098 1745 1133 τὴν
1763 1097 1841 1131 λογι-

1053 1143 1102 1178 κὴν
1115 1143 1221 1169 ἃπασαν
1233 1142 1319 1169 κτίσιν
1331 1143 1363 1177 τῇ
1375 1142 1462 1176 τοιᾷδε
1473 1142 1566 1177 κλήσει
1579 1143 1725 1178 τετίμηκεν
1735 1144 1750 1170 ὁ
1760 1143 1841 1177 φύσει

1051 1198 1080 1216 τε
1100 1189 1146 1216 καὶ
1169 1189 1275 1224 άληθῶς
1290 1189 1366 1220 Θεός.
1390 1189 1445 1215 Καὶ
1461 1188 1526 1223 γοῦν
1539 1190 1553 1215 ὸ
1569 1188 1713 1222 θεσπέσιος
1734 1189 1841 1220 Παῦλος

1052 1235 1151 1261 εἰδέναι
1165 1235 1257 1269 φησὶν,
1276 1243 1286 1260 ‹
1297 1235 1339 1261 ὅτι
1350 1233 1443 1261 πολλοὶ
1459 1234 1508 1270 μὲν
1524 1234 1579 1262 θεοὶ
1594 1236 1639 1262 καὶ
1650 1235 1741 1270 κύριοι
1763 1235 1793 1261 ἐν
1811 1244 1841 1261 τε

1052 1280 1158 1315 οὖρανῷ
1173 1281 1219 1306 καὶ
1235 1281 1280 1306 ἐπὶ
1294 1280 1345 1315 γῆς
1362 1280 1411 1306 οὐκ
1427 1281 1479 1306 eiei.
1498 1280 1609 1315 μᾶλλον,
1623 1281 1681 1308 ἀλλ’
1695 1281 1842 1316 ὀνομάζον-

1051 1335 1107 1357 ται,
1122 1335 1131 1351 ι
1145 1326 1212 1361 πλὴν
1222 1326 1269 1352 ἕνα
1278 1325 1322 1351 τὸν
1331 1325 1410 1359 φύσει
1420 1333 1449 1351 τε
1459 1326 1504 1352 καὶ
1512 1326 1557 1352 ἐπὶ
1564 1326 1666 1357 πάντας
1673 1326 1718 1352 τὸν
1731 1326 1844 1360 Πατέρα.

1053 1372 1101 1399 καὶ
1116 1372 1191 1404 Θεὸν,
1209 1372 1257 1398 σὺν
1272 1370 1346 1406 αὐτῷ
1368 1371 1413 1397 τὸν
1430 1370 1495 1397 ἴδιον
1510 1371 1591 1398 αὐτοῦ
1612 1371 1658 1399 καὶ
1673 1371 1831 1407 ἀμερίστως

1053 1418 1233 1453 ἐμπεφυκότα
1256 1427 1285 1444 τε
1303 1418 1351 1445 καὶ
1365 1417 1571 1452 συνυπάρχοντα
1586 1417 1681 1451 Λόγον,
1695 1417 1725 1444 ὃν
1746 1417 1778 1452 δὴ
1796 1418 1841 1443 καὶ

1054 1464 1226 1499 πρωτότοκον
1246 1464 1337 1498 πάσης
1359 1463 1474 1494 κτίσεως
1499 1462 1656 1496 ὠνομάσθαι
1680 1463 1783 1498 φαμὲν,
1805 1463 1841 1494 ιὶς

1053 1510 1168 1536 λαϐόντα
1185 1509 1252 1546 πρὸς
1272 1508 1439 1544 ἀδελφότητα
1461 1508 1510 1544 τὴν
1526 1509 1554 1535 ὲν
1572 1508 1662 1543 χάριτι
1679 1508 1840 1543 νοουμένην,

1054 1556 1102 1591 τὴν
1118 1556 1230 1590 λογικὴν
1244 1555 1342 1586 κτίσιν,
1356 1554 1393 1585 ὡς
1410 1553 1469 1580 καθ’
1489 1554 1618 1588 ὁμοίωσιν
1634 1553 1717 1580 αὐτοῦ
1735 1553 1784 1580 καὶ
1806 1554 1842 1579 εἰ-

1055 1603 1120 1629 κόνα
1133 1601 1329 1636 γεγενημένην,
1348 1600 1391 1631 Ὠς
1401 1597 1447 1626 οὖν
1458 1599 1561 1630 εἰκόνες
1572 1598 1619 1626 τοῦ
1633 1598 1703 1625 κατὰ
1713 1598 1843 1634 ἀλήθειαν

1054 1647 1128 1678 ὄντες
1142 1646 1206 1673 Υἱού
1217 1646 1264 1673 καὶ
1276 1644 1354 1676 Θεοῦ,
1365 1645 1421 1671 Θεοὶ
1433 1643 1542 1670 καὶυὶοὶ
1556 1643 1783 1680 χρηματίζουσιν,
1795 1644 1843 1670 οὐκ

1055 1692 1164 1727 ἄγγελοι
1182 1691 1270 1727 μόνον,
1289 1689 1357 1716 ἀλλὰ
1379 1690 1425 1716 καὶ
1440 1691 1522 1724 ἡμεῖς
1537 1690 1620 1716 αὐτοί.
1641 1699 1650 1715 ι
1671 1689 1745 1723 Ἐγὼ
1761 1687 1841 1720 εἶπα,

1055 1738 1122 1771 φησι
1138 1737 1192 1772 γάρ
1205 1744 1211 1750 ·
1229 1735 1290 1762 Θεοί
1313 1737 1392 1767 ὲστε,
1417 1735 1463 1761 καὶ
1479 1735 1531 1760 υἱοὶ
1549 1735 1677 1770 Ὑψίστου
1702 1734 1814 1766 πάντες.
1832 1744 1839 1759 ι

1055 1781 1160 1809 Οὐκοῦν
1179 1781 1229 1807 κᾶν
1247 1780 1447 1816 ἑπιφημίζηταί
1460 1789 1516 1806 τισι
1533 1780 1587 1806 τῶν
1602 1781 1642 1811 είς
1661 1779 1770 1814 γένεσιν
1792 1789 1844 1806 πα-

1057 1827 1295 1864 ρινηνεγμένωντδ
1303 1826 1351 1862 τῆς
1365 1827 1488 1861 υίότητος
1500 1826 1593 1860 ὄνομα,
1607 1825 1666 1852 ἀλλ’
1680 1824 1720 1857 εἷς
1735 1826 1749 1852 ό
1765 1825 1844 1860 φύσει

1056 1874 1104 1901 καὶ
1117 1873 1235 1908 ἀληθῶς,
1254 1873 1322 1908 πρὸς
1342 1873 1371 1899 ὃν
1392 1871 1606 1908 μεμορφώμεθα,
1622 1872 1671 1907 τὴν
1687 1871 1776 1904 οὕτως
1799 1872 1842 1897 εὖ-

1056 1921 1123 1947 κλεᾶ
1133 1920 1179 1947 καὶ
1192 1918 1425 1954 περιφανεστάτην
1436 1917 1591 1952 ἐπωνυμίαν
1601 1919 1629 1944 ὲν
1640 1918 1752 1952 χάριτος
1764 1917 1845 1952 μοίρᾳ.

1057 1966 1123 2002 παρ’
1133 1965 1216 1992 αὑτοῦ
1234 1963 1429 1999 κερδαίνοντες.
1443 1963 1503 1989 Ὀτι
1518 1963 1545 1989 δὲ
1561 1963 1661 1997 Μωσῆς
1679 1963 1730 1989 οὐκ
1748 1962 1845 1996 ἄγονον

1057 2013 1110 2041 οἶδε
1126 2014 1172 2040 τὸν
1188 2014 1216 2039 ὲν
1234 2013 1290 2044 τοῖς
1304 2012 1429 2046 οὐρανοῖς
1444 2010 1554 2046 Πατέρα
1570 2009 1618 2037 καὶ
1634 2009 1712 2040 Θεὸν,
1729 2009 1846 2044 διαμνη-

1059 2059 1167 2097 μονεύει
1180 2059 1209 2085 δὲ
1223 2057 1362 2092 πανταχοῦ
1377 2057 1424 2084 καὶ
1435 2056 1481 2083 τοῦ
1495 2056 1525 2088 ὲξ
1538 2055 1619 2082 αὑτοῦ
1632 2055 1731 2090 φύντος
1746 2055 1845 2089 Λόγου,

1058 2106 1105 2133 καὶ
1125 2105 1264 2140 διαφόροις
1278 2103 1359 2130 αὑτὸν
1374 2102 1489 2137 ὀνόμασι
1506 2101 1593 2135 καλεῖ,
1613 2101 1660 2127 καὶ
1680 2101 1706 2127 oi
1723 2102 1784 2136 μετ’
1799 2102 1847 2127 αὐ-

1057 2152 1103 2178 τὸν
1123 2150 1265 2184 γεγονότες
1288 2148 1360 2182 ἅγιοι
1377 2148 1526 2184 προφῆται,
1542 2147 1696 2179 καταδεῖξαι
1715 2148 1847 2182 πειράσο-

1060 2206 1119 2232 μαι.
1136 2197 1234 2223 Εἰκόνα
1249 2195 1339 2222 τοίνυν
1356 2194 1436 2221 αὑτὸν
1452 2193 1498 2221 τοῦ
1514 2193 1582 2220 Θεοῦ
1595 2193 1642 2219 καὶ
1658 2193 1766 2228 Πατρός
1783 2194 1848 2228 ἡπί-

224 2243 361 2277 psitenim
371 2242 442 2269 clare
461 2242 487 2269 in
501 2242 637 2269 Geneseos
661 2241 752 2268 libro:
773 2250 782 2267 t
805 2241 838 2267 Et
859 2240 921 2268 fecit
940 2240 1003 2268 Deus

1061 2251 1152 2274 στατο,
1170 2241 1228 2274 καὶ,
1246 2240 1318 2268 καθά
1337 2249 1419 2275 φησιν
1433 2240 1448 2266 ὁ
1465 2240 1609 2274 ἱερώτατος
1627 2239 1743 2271 Παῦλος,
1763 2248 1773 2265 ‹
1788 2240 1846 2266 Χα-

225 2288 376 2317 hominem:
393 2288 426 2315 ad
436 2287 578 2322 imaginem
593 2287 639 2315 Dei
651 2287 714 2315 fecit
726 2287 798 2314 illum
809 2287 843 2312 θ’.
855 2296 865 2313 ›
882 2287 966 2314 Audis
980 2290 1009 2313 ut

225 2334 269 2362 hic
282 2335 381 2362 diserte
395 2333 538 2360 admodum
553 2333 634 2365 dicat.
659 2334 742 2360 Deum
757 2333 790 2360 ad
804 2333 947 2367 imaginem
965 2332 1010 2359 Dei

224 2380 377 2408 condidisse
387 2379 541 2407 hominem?
556 2379 675 2407 Formati
690 2379 762 2407 enim
776 2387 878 2410 sumus.
894 2380 931 2407 uti
944 2380 1010 2413 dixi,

225 2427 258 2453 ad
269 2425 376 2458 Filium,
384 2425 507 2462 signante
517 2424 616 2459 Spiritu
626 2432 674 2460 per
688 2425 930 2453 sanctiﬁcationetn
942 2426 1012 2453 divi-

224 2480 286 2499 nant
303 2471 376 2498 illam
391 2476 418 2499 et
434 2471 561 2498 eximiam
578 2470 604 2497 in
621 2471 698 2498 nobis
715 2471 953 2506 pulchritudinem,
969 2472 1010 2498 in-

226 2517 371 2545 tellectuali
387 2516 511 2545 videlicet
527 2517 635 2544 ratione
648 2525 680 2544 ac
692 2516 818 2551 spiritali.
835 2516 909 2549 Quod
920 2521 1008 2544 autem

225 2564 316 2598 imago
333 2563 369 2591 sit
385 2570 418 2590 ac
439 2563 586 2590 similitudo
607 2563 654 2590 Dei
672 2570 703 2590 ac
717 2562 807 2590 Patris
826 2563 921 2597 Filius,
938 2567 1010 2598 patet

225 2608 304 2634 etiam
319 2615 352 2635 ex
363 2607 398 2635 iis
407 2615 468 2642 quae
481 2607 537 2642 ipse
557 2607 622 2635 dicit
639 2607 736 2634 alicubi
753 2616 760 2634 :
777 2616 787 2633 ί
803 2607 837 2634 Et
858 2608 945 2635 omnis
963 2608 1007 2643 qui

226 2653 348 2680 effuderit
363 2653 520 2687 sanguinem
532 2652 658 2686 hominis,
668 2660 715 2687 pro
723 2653 852 2688 sanguine
866 2653 937 2681 illius
949 2661 1010 2680 san-

226 2698 287 2734 guis
310 2698 471 2731 eﬂ'undetur,
492 2697 555 2732 quia
579 2698 606 2725 in
625 2698 742 2733 imagine
768 2698 816 2726 Dei
843 2698 893 2726 ieci
921 2698 1009 2726 homi-

227 2750 287 2770 nem
297 2743 329 2769 ".
342 2752 350 2768 I
363 2742 500 2771 Homicida
509 2743 662 2778 enim,puta
678 2743 738 2778 quia
752 2744 878 2777 peccatiu
893 2743 1010 2771 divinam

228 2787 382 2820 imaginem,
396 2794 502 2821 ptenam
514 2788 622 2815 crimini
632 2795 721 2822 parem
732 2788 794 2822 jure
813 2787 910 2815 merito
919 2787 1010 2815 luerit.

1060 2288 1183 2325 ρακτῆρα
1193 2287 1243 2323 τῆς
1256 2287 1430 2318 ὑποστάσεως
1442 2285 1534 2312 αὐτοῦ.
1549 2295 1558 2312 ι
1573 2285 1696 2319 Γέγραφε
1705 2286 1760 2321 γὰρ
1772 2286 1847 2320 ὲναρ-

1059 2334 1115 2369 γῶς
1131 2335 1160 2360 ὲν
1175 2333 1215 2369 τῷ
1235 2334 1284 2368 τῆς
1307 2332 1441 2363 Γενέσεως
1456 2331 1550 2366 βιϐλίῳ
1561 2338 1569 2346 ·
1591 2339 1601 2356 ι
1615 2330 1670 2357 Καὶ
1690 2330 1819 2366 ἐποίησεν
1833 2330 1847 2357 ὸ

1059 2380 1124 2411 Θεδς
1137 2380 1183 2406 τὸν
1205 2379 1360 2414 ἄνθρωπον,
1382 2378 1442 2404 κατ’
1458 2377 1548 2403 εἰκόνα
1563 2375 1630 2403 Θεοῦ
1648 2375 1779 2411 ἐποίησεν
1795 2376 1845 2403 αὺ-

1059 2426 1114 2453 τόν.
1129 2435 1138 2451 ι
1161 2424 1282 2456 Ἀκούεις
1299 2425 1329 2451 ὲν
1347 2423 1451 2455 τούτοις
1464 2421 1494 2450 εὖ
1510 2422 1582 2458 μάλα
1603 2422 1771 2457 διειρηκότος
1792 2422 1847 2448 ὅτικ

1063 2479 1115 2505 περ
1130 2471 1196 2502 Θεὸς
1217 2470 1278 2497 κατ’
1296 2469 1387 2496 εἰκόνα
1409 2468 1476 2495 Θεοῦ
1500 2468 1545 2495 τὸν
1568 2467 1713 2503 ἄνθρωπον
1732 2468 1844 2503 ἐτεκτή-

1062 2524 1144 2548 νατο;
1159 2514 1370 2550 Μεμορφώμεθα
1387 2514 1451 2549 γὰρ,
1465 2513 1502 2544 ὡς
1518 2513 1596 2549 ἔφην,
1613 2513 1680 2549 πρὸς
1704 2513 1749 2539 τὸν
1770 2513 1842 2545 Υίὸν,

1062 2560 1295 2596 ὲνσημαινομένου
1323 2559 1370 2586 τοῦ
1401 2558 1560 2594 Πνεύματος
1586 2559 1620 2586 δι’
1646 2558 1784 2594 ἁγιασμοῦ
1815 2559 1844 2585 τὸ

1063 2606 1178 2638 θεοειδὲς
1190 2606 1256 2640 ἡμῖν
1272 2604 1320 2632 καὶ
1335 2603 1472 2639 ἐξαίρετον
1487 2603 1595 2635 κάλλος,
1610 2603 1714 2639 νοητῶς
1726 2603 1844 2639 δηλονότι

1063 2651 1110 2678 καὶ
1126 2649 1331 2686 πνευματικῶς.
1347 2649 1408 2676 Ὅτι
1424 2649 1452 2675 δὲ
1467 2649 1549 2675 είκών
1570 2649 1629 2675 ἐστι
1650 2648 1697 2674 καὶ
1718 2648 1844 2683 ὁμοίωσις

1062 2696 1110 2723 τοῦ
1129 2695 1196 2723 Θεοῦ
1212 2695 1260 2722 καὶ
1282 2694 1388 2730 Πατρὸς
1400 2695 1414 2721 ὁ
1429 2694 1503 2726 Υίὸς,
1519 2694 1623 2720 κατίδοι
1639 2702 1682 2726 τις
1696 2693 1729 2721 ἂν
1744 2694 1792 2720 καὶ
1813 2694 1844 2720 δι’

1064 2739 1101 2769 ὧν
1116 2742 1195 2773 αὐτὸς
1205 2741 1277 2768 οὕτω
1292 2740 1343 2767 πού
1352 2748 1418 2775 φησι
1428 2747 1435 2754 ·
1455 2749 1464 2765 ι
1484 2739 1539 2767 Καὶ
1550 2739 1603 2771 πᾶς
1622 2740 1637 2765 ό
1657 2738 1760 2774 ὲκχὲων
1779 2737 1844 2774 αἷμα

1064 2786 1218 2822 ἀνθρώπου,
1234 2786 1296 2813 ἀντὶ
1310 2785 1358 2812 τοῦ
1375 2784 1489 2820 αἳματος
1503 2783 1585 2811 αὑτοῦ
1600 2784 1792 2819 ἐκχυθήσεται,
1807 2785 1843 2810 ὅτι

264 2865 285 2882 ⁸⁵
301 2863 310 2890 l
325 2863 386 2891 Cor.
402 2871 460 2896 Vlll,
479 2864 505 2891 5.
543 2865 564 2880 "
582 2863 685 2892 Coloss.
702 2873 720 2900 t,
741 2865 780 2893 15.
819 2866 841 2881 '°
854 2866 923 2893 Psal.
939 2873 1003 2892 LXX)

1058 2864 1074 2898 ἰ,
1110 2865 1133 2882 ἰ
1152 2864 1234 2893 Hebr.
1250 2871 1268 2897 ι,
1287 2864 1314 2891 5.
1352 2863 1374 2880 "
1388 2862 1455 2891 Gen.
1470 2869 1489 2895 ι,
1509 2861 1543 2889 27
1581 2861 1604 2877 ’³
1622 2860 1689 2888 Gen.
1712 2869 1750 2894 ιι,
1767 2864 1794 2888 ti.
