1894 3056
74 172 136 200 949

665 174 801 205 CONTRA
821 176 997 206 JULIANUM
1014 179 1077 206 LIB.
1099 179 1146 206 l3.

1647 179 1700 206 950

73 232 108 257 ὲν
126 230 213 258 εἰκόνι
229 230 297 258 Θεοῦ
308 230 422 266 ἐποίησα
431 230 478 257 τὸν
493 229 653 266 ἄνθρωπονρ
663 241 672 258 ι
695 231 738 264 Ὧς
754 232 861 268 γὰρ-εὶς

916 234 992 267 Quod
1014 243 1077 262 vero
1100 234 1181 262 etiam
1208 234 1324 263 Verbum
1344 235 1430 270 ipsum
1455 233 1619 262 nominatum
1639 241 1699 262 esse

74 276 159 304 θείαν
180 277 272 304 είκόνα
292 276 460 312 πλημμελῶν
480 277 494 303 6
512 277 687 312 μιαιφονῆσαι
709 278 864 314 τολμήσας,

76 322 275 358 εισπράττοιτο
290 322 324 349 ἂν
347 321 459 354 εἰκότως
483 321 533 358 τὴν
559 322 703 359 ἰσόρροπον
716 324 754 359 τῷ
775 325 865 361 πλημ-

77 368 220 403 μελήματι
249 368 335 403 δίκην.
351 368 412 394 ’Ὁτι
433 367 461 394 δὲ
484 368 531 395 καὶ
552 369 640 402 Λόγον
659 369 738 396 αὑτὸν
756 370 864 406 ὠνομα-

78 413 183 449 σμένον
197 414 328 449 ἠπίστατο
343 414 456 449 Μωσῆς,
470 414 515 441 διὰ
529 416 619 450 φωνῆς
629 414 674 441 τοῦ
691 416 795 451 Πατρὸς
804 416 864 452 εἴσῃ

76 468 122 486 τοι
139 459 295 486 κάντεῦθεν.
308 458 438 491 Ηὺλίζετο
454 459 505 492 μὲν
520 460 578 495 γὰρ
588 460 658 487 κατὰ
672 460 720 496 τὴν
733 460 835 496 ἔρημον
850 462 864 488 6

85 505 207 540 Ἰσραὴλ.
221 507 279 536 ταῖς
289 504 335 531 τοῦ
351 505 438 540 μάννα
448 505 589 542 χορηγίαις
600 506 741 542 ἐντρυφῶν
749 513 756 520 ·
770 506 864 542 ἐπειδὴ

76 549 109 576 δὲ
132 549 221 585 κρεῶν
241 550 321 577 αὐτὸν
336 550 422 577 εἰσέδυ
439 550 494 577 τῶν
514 551 543 577 ὲν
556 551 689 586 Αἰγύπτῳ
705 551 796 584 πόθος,
813 561 863 579 κα-

77 596 300 631 τακεκράγεισαν
319 596 366 631 μὲν
382 596 459 622 adeo).
474 596 521 623 τοῦ
541 597 707 632 παναρίστου
723 597 844 630 Μωσέως
853 591 866 614 θ’

78 640 94 664 ὁ
111 640 142 665 δὲ
160 641 275 675 προσῄει
293 639 361 675 Θεῷ,
378 640 482 674 λέγων’
501 650 509 666 ι
525 641 610 667 Πόθεν
628 650 672 676 μοι
689 643 756 677 κρέα
773 641 863 669 δοῦναι

78 684 121 719 τῷ
134 684 191 719 λαῷ
203 685 291 720 τούτῳ
304 686 415 720 φαγείν;
430 695 439 712 ι
456 686 670 721 ὑπισχνουμένου
682 687 712 713 δὲ
726 688 772 714 καὶ
786 688 863 714 τοῦτο

78 729 161 759 Θεοῦ.
178 731 225 757 καὶ
239 730 270 766 δὴ
285 732 332 758 καὶ
347 731 472 767 ἀρκέσειν
493 731 633 766 λέγοντος,
655 733 759 768 ἄθυμος
774 730 808 768 ἦν
822 733 863 760 ἐτι

78 775 130 802 καὶ
143 775 215 802 οὕτω
237 776 348 811 Μωσῆς.
366 774 432 803 Εἶτα
446 776 513 812 πρὸς
529 777 610 804 αὐτὸν
624 778 637 804 6
658 777 712 804 τῶν
726 778 794 804 ὅλων
810 777 862 814 ἔφη

77 820 166 852 et“.
191 830 200 847 ι
222 822 266 856 Μὴ
293 822 309 857 ἡ
335 822 396 857 χεὶρ
423 823 528 858 Κυρίου
552 823 603 850 οὐκ
634 823 765 858 ἀρκέσεις
794 824 862 860 Ἤδη

78 864 174 900 γνώσῃ
193 866 218 891 εί
245 865 478 902 ἑπικαταλήψεταί
497 875 526 893 σε
546 868 560 893 6
579 867 657 901 λόγος
675 876 736 902 μου,
758 867 775 903 ἢ
791 867 832 895 οὗ.
850 877 859 895 ι

77 911 120 936 Δι’
144 910 226 937 αὒτοῦ
252 911 316 946 γὰρ,
342 912 380 943 ὼς
405 911 482 947 ἔφην,
508 912 617 948 {Larisa
633 913 707 940 ἐστιν
735 913 862 948 ἐνέργεια

77 957 128 985 τοῦ
152 957 274 992 Πατρός·
297 957 433 992 τοιγάρτοι
459 957 507 984 καὶ
544 957 657 992 δύναμις
695 957 789 991 αὐτοῦ,
816 959 863 985 καὶ

77 1004 144 1038 χεὶρ
171 1002 261 1035 δεξιὰ,
283 1002 401 1037 βραχίων
418 1011 448 1028 τε
475 1003 697 1038 κατονομάζεται.
718 1003 863 1039 Μέμνηται

77 1048 147 1082 γοῦν
171 1049 185 1075 6
213 1048 315 1081 Μωσῆς
341 1047 407 1074 Θεοῦ
435 1047 560 1081 λέγοντος
587 1049 616 1074 ἐν
641 1048 680 1083 τῷ
703 1050 863 1084 Δευτερονο-

81 1094 154 1129 μίῳ,
176 1094 217 1120 ὅτι
240 1103 248 1119 ι
269 1093 340 1129 Ἀρῶ
357 1093 396 1125 είς
414 1093 460 1120 τὸν
480 1093 594 1128 οὐρανὸν
612 1093 662 1129 τὴν
686 1095 765 1130 χεῖρά
792 1103 862 1130 μου,

78 1141 130 1166 καὶ
143 1140 261 1176 ὀμοῦμαι
279 1142 312 1175 τῇ
333 1139 408 1175 δεξιᾷ
424 1148 485 1175 μου.
502 1148 511 1165 ι
529 1140 614 1175 Χεῖρα
633 1140 688 1176 γὰρ
705 1142 734 1167 ὲν
745 1140 862 1173 τούτοις,

79 1186 129 1212 καὶ
147 1185 237 1221 μέντοι
253 1185 300 1212 καὶ
325 1184 425 1217 δεξιὰν,
440 1184 485 1211 τὸν
501 1185 563 1211 Υίὸν
579 1181 648 1212 εἷναί
668 1194 744 1221 φησι,
761 1186 807 1212 τὸν
824 1186 863 1212 δι’

79 1227 112 1258 οὗ
127 1232 161 1257 τὰ
176 1232 274 1263 πάντα,
290 1231 337 1257 καὶ
351 1231 380 1257 ἐν
394 1226 416 1264 ᾧ
427 1230 460 1257 τὰ
476 1230 639 1257 πάντα.”υτι
663 1231 691 1257 δὲ
707 1231 756 1266 οὐχ
771 1231 863 1266 ἕτερος

80 1277 145 1312 παρ’
158 1276 239 1304 αὑτὸν
253 1277 266 1302 6
279 1277 309 1308 ἐξ
319 1276 400 1303 αὑτοῦ
420 1277 468 1303 καὶ
481 1277 510 1304 έν
526 1275 599 1312 αὑτῷ
611 1276 681 1304 κατὰ
696 1276 776 1312 φύσιν
787 1277 866 1310 Υἱὸς,.

81 1323 244 1350 πιστώσεται
253 1324 338 1357 λέγων
348 1323 460 1359 ἑτέρωθί
470 1332 521 1350 που
531 1323 611 1351 πάλιν
621 1331 627 1338 ·
642 1333 651 1349 ι
662 1323 730 1350 Κατ’
744 1324 862 1359 ἐμαυτοῦ

81 1367 186 1403 ὤμοσα,
204 1368 277 1403 λέγει
294 1369 403 1404 Κύριος.
418 1378 428 1394 ι
439 1369 538 1404 Ὀμνὺς
551 1369 604 1405 γὰρ
619 1368 689 1396 κατὰ
703 1369 751 1404 τῆς
766 1369 862 1396 ἑαυτοῦ

81 1413 181 1447 δεξιᾶς,
196 1414 257 1449 ἥτις
269 1415 342 1441 ἐστὶν
358 1415 372 1441 6
391 1414 465 1447 Υἱὸς,
479 1414 576 1448 ὄμνυσι
601 1423 655 1441 που
677 1415 783 1447 πάντως
797 1414 864 1441 καθ’

81 1460 188 1487 ἑαυτοῦ.
207 1460 360 1487 Μεσολαὸεῖ
383 1460 437 1496 γὰρ
460 1460 528 1491 ὅλως
550 1460 581 1487 τὸ
603 1459 713 1495 σύμπαν
735 1460 869 1492 οὐδὲνμιδ.

78 1504 147 1543 ἧκον
162 1507 201 1538 είς
217 1505 330 1541 ὲνότητά
351 1514 435 1541 φημι,
449 1506 496 1533 καὶ
521 1506 670 1541 ταυτότητα
684 1506 799 1540 φυσικὴν
814 1506 868 1543 τὴν

80 1553 124 1579 ἐπ’
139 1553 239 1587 ἀμφοῖν
262 1552 418 1587 νοουμένην,
441 1551 510 1587 πλὴν
531 1551 572 1578 ὅτι
594 1551 674 1586 μόνον
689 1552 704 1578 6
728 1551 779 1586 μὲν
805 1551 863 1578 ἐστι

80 1597 175 1633 Πατὴρ
191 1598 238 1624 καὶ
253 1597 426 1632 γεγέννηκεν,
448 1597 463 1622 6
480 1596 509 1623 δὲ
524 1596 644 1631 πέφηνεν
658 1595 687 1629 ἐξ
702 1595 783 1623 αὑτοῦ
800 1604 862 1630 γεν-

80 1644 179 1679 νητῶς,
196 1643 242 1670 καὶ
265 1643 337 1669 ἔστιν
359 1641 433 1677 αὐτῷ
445 1642 591 1674 ωναῖδιος,
609 1642 646 1673 ὡς
659 1642 734 1673 ὄντος
749 1642 793 1668 ἀεὶ
807 1642 863 1668 Πα-

80 1690 154 1724 τρὸς,
170 1689 217 1714 καὶ
228 1688 278 1714 οὐκ
294 1687 322 1714 ἐν
336 1696 367 1721 γε
384 1687 473 1722 χρόνῳ
495 1687 563 1723 πρὸς
577 1687 655 1714 τοῦτο
668 1688 798 1722 ἠγμένον.
818 1689 863 1714 Δε-

80 1735 140 1767 ξιάν
163 1734 192 1760 δὲ
206 1733 252 1760 τοῦ
268 1733 374 1768 Πατρὸς
389 1732 453 1759 ὄντα
469 1732 514 1759 τὸν
529 1733 591 1759 Υίὸν
614 1733 661 1759 καὶ
683 1734 697 1759 6
721 1732 862 1765 θεσπέσιος

80 1780 161 1807 ams
175 1779 318 1814 ἠπίστατο,
334 1778 419 1812 λέγων
429 1786 435 1793 ·
455 1787 464 1803 ε
480 1777 559 1810 Δεξιὰ
574 1779 675 1813 Κυρίου
689 1778 799 1814 ἐποίησε
814 1777 861 1805 δύ-

80 1834 171 1859 ναμιν,
186 1823 259 1856 δεξιὰ
274 1823 374 1858 Κυρίου
390 1822 480 1856 Mum-5
497 1831 540 1858 με.
556 1833 565 1848 ι
581 1823 634 1849 Καὶ
651 1823 703 1858 μὴν
722 1824 768 1850 καὶ
782 1824 861 1855 αὐτὸς

78 1871 94 1897 6
106 1870 207 1904 Μωσῆς
219 1877 224 1883 ·
240 1879 249 1894 ι
260 1869 292 1896 Ἦ
303 1868 377 1900 δεξιά
391 1876 448 1900 σου,
463 1868 560 1902 Κύριε,
573 1868 726 1901 δεδόξασται
739 1870 768 1895 ἐν
779 1869 860 1904 ἰσχύϊ,

81 1914 97 1950 ἡ
120 1914 194 1946 δεξιά
218 1922 264 1939 σου
286 1913 356 1948 χεὶρ,
371 1913 467 1948 Κύριε¹
485 1912 616 1947 ἔθραυσεν
640 1913 764 1948 ἐχθρούς.
781 1923 790 1939 ι
808 1913 863 1940 Καὶ

81 1960 176 1986 πάλιν·
206 1968 216 1985 ‹
233 1959 374 1986 Ἐπιπέσοι
399 1959 442 1984 ἐπ’
457 1958 554 1990 αὐτοὺς
577 1958 658 1993 φόϐος
680 1959 727 1986 καὶ
750 1960 860 1995 τρόμος,

82 2005 192 2041 μεγέθει
217 2004 356 2040 βραχίονός
381 2013 427 2031 σου
457 2004 723 2039 ἀπολιθωθήτωσαν,
750 2005 801 2037 ἕως
828 2005 861 2033 ἂν

81 2050 202 2086 παρέλθῃ
218 2051 235 2076 6
253 2050 315 2082 λαός
331 2058 387 2077 σου.
403 2059 413 2076 ι
430 2049 650 2086 Προσπεφὼνηκε
663 2050 692 2077 δέ
706 2059 757 2077 που
773 2051 820 2077 καὶ
833 2051 862 2077 ὲν

80 2098 135 2129 τοῖς
154 2096 284 2123 Ἰουδαίων
301 2096 414 2131 δήμοις’
437 2105 446 2121 ι
463 2095 597 2126 Καθάπερ
610 2096 664 2130 γὰρ
678 2096 788 2132 ἐποίησε
804 2097 862 2123 Κύ-

82 2151 137 2178 ριος
151 2143 164 2168 ὁ
177 2142 242 2174 Θεὸς
256 2141 333 2177 ἡμῶν
343 2141 392 2176 τὴν
412 2141 543 2177 Ἐρυθρὰν
552 2141 699 2174 θάλασσαν,
713 2143 745 2178 ἣν
758 2142 862 2178 ἀπεξή-

82 2197 144 2224 ρανε
162 2188 261 2223 Κύριος
279 2187 293 2213 6
303 2187 369 2219 Θεὸς
382 2186 472 2222 ἡμῶν,
484 2187 536 2219 ἕως
547 2188 580 2215 ἂν
594 2188 781 2224 παρέλθωμεν,
790 2189 863 2220 ὅπως

915 280 997 307 sciret
1013 280 1110 313 Moses,
1133 280 1173 308 vel
1195 280 1258 307 hinc
1282 287 1329 316 per
1342 287 1432 307 vocem
1449 279 1536 306 Patris
1552 278 1696 314 intelliges.

916 325 1057 353 Habitabat
1077 325 1158 353 Israel
1177 326 1203 353 in
1223 326 1378 358 solitudine,
1402 332 1506 352 manna:
1532 325 1635 351 deliciis
1658 324 1698 351 af-

915 371 1000 399 ﬂuens
1017 380 1025 398 :
1043 372 1089 400 sed
1109 376 1250 407 postquam
1268 379 1329 399 eum
1357 371 1511 398 incessisset
1530 370 1695 398 edemlarum

914 416 1036 444 carnium
1065 416 1093 444 in
1118 415 1234 452 )Egypto
1264 416 1447 448 desiderium,
1472 420 1526 441 tum
1552 415 1578 441 in
1605 414 1696 441 Mosen

913 461 1043 496 optimum
1062 462 1221 490 debacchari
1237 466 1386 496 coeperunt.
1409 459 1434 488 Is
1448 465 1538 487 autem
1562 460 1595 486 ad
1612 459 1695 487 Deum

913 508 1036 539 accessit.
1055 508 1147 536 dicens
1162 518 1169 536 :
1185 517 1194 533 ι
1212 508 1289 536 Unde
1312 507 1377 534 mihi
1402 514 1508 538 carnes,
1525 511 1553 533 ut
1569 506 1629 533 dem
1648 513 1697 540 po-

913 553 976 588 pulo
995 553 1056 580 huic
1067 553 1101 580 ad
1123 552 1336 580 manducandum
1351 552 1384 579 νδ.
1403 561 1412 577 ι
1429 551 1494 578 Cum
1508 550 1577 578 istud
1591 557 1697 585 quoque

913 599 1081 634 promitteret
1098 598 1181 631 Deus,
1198 603 1225 625 et
1242 597 1350 631 quidem
1370 597 1476 624 abunde
1500 596 1695 630 suppeditatum

914 644 947 671 iri
961 644 1072 676 diceret,
1097 643 1183 671 tristis
1216 644 1304 671 adhuc
1328 647 1386 670 erat
1409 642 1449 669 sic
1472 649 1578 677 quoque
1598 641 1694 669 Moses.

913 691 981 719 Tum
1002 692 1035 719 ad
1055 691 1128 719 illum
1151 691 1268 720 universi
1294 690 1365 718 Deus
1388 699 1394 717 :
1419 698 1429 716 ι
1452 689 1577 724 Nunquid
1602 696 1695 715 manus

913 736 1017 764 Domini
1033 744 1085 764 non
1100 736 1233 765 subiciet?
1256 735 1315 764 Iam
1332 742 1479 771 cognosces
1504 742 1567 762 num
1590 741 1695 760 assum-

913 782 994 818 pseril
1011 787 1037 810 te
1052 782 1162 810 verbum
1184 790 1284 815 meum,
1298 782 1339 810 vel
1361 789 1415 809 non
1432 781 1465 808 ’⁸.
1494 789 1504 807 ι
1534 779 1585 808 Per
1607 780 1695 814 ipsum

912 828 995 859 enim,
1010 832 1040 855 ut
1058 828 1124 859 dixi,
1147 827 1235 856 omnis
1248 832 1290 855 est
1308 827 1429 862 operatio
1454 826 1543 854 Patris
1558 835 1565 853 :
1583 825 1694 860 proinde

912 879 940 901 et
954 874 1038 901 virtus
1058 873 1127 909 ejus,
1142 878 1169 901 et
1183 881 1277 901 manus
1300 874 1420 905 dextera,
1442 877 1469 900 et
1482 871 1620 899 brachium
1645 879 1693 897 no-

913 920 1039 947 minatur.
1069 919 1191 946 Meminit
1216 919 1314 953 quippe
1338 917 1425 944 Moses
1455 917 1502 944 Dei
1529 917 1641 944 dicentis
1668 917 1698 943 in-

912 964 1118 992 Deuteronomio
1132 973 1140 992 :
1156 973 1166 989 ι
1183 963 1291 991 Levabo
1305 963 1331 990 in
1346 963 1444 990 caelum
1468 969 1573 989 manum
1596 969 1693 991 meam.

912 1009 992 1044 293
1006 1013 1033 1036 et
1043 1008 1145 1043 jurabo-
1155 1009 1269 1036 dextera»
1283 1008 1386 1035 meat“.
1405 1017 1414 1033 ι
1429 1007 1535 1034 Manum
1551 1006 1622 1033 enim
1637 1006 1691 1038 hic,

911 1060 940 1082 et
954 1054 1113 1087 dexteram,
1129 1054 1227 1081 F-ilium
1247 1061 1309 1081 esse
1328 1053 1375 1086 ait,
1395 1061 1443 1087 per
1456 1059 1534 1087 quem
1548 1052 1648 1083 omnia.
1668 1056 1699 1078 et.

911 1100 938 1128 in
954 1107 1009 1135 quo
1021 1100 1122 1127 omnia.
1150 1099 1226 1133 Quod
1251 1103 1340 1127 autem
1356 1099 1425 1126 alter
1443 1105 1495 1125 non
1522 1098 1557 1125 sit
1577 1098 1610 1124 ab
1635 1097 1697 1132 ipso

912 1145 967 1179 ille,
983 1146 1027 1181 qui
1048 1154 1081 1173 ex
1095 1146 1153 1181 ipso
1175 1151 1202 1173 et
1216 1146 1244 1173 in
1262 1145 1321 1181 ipso
1337 1150 1379 1172 est
1395 1145 1542 1172 secundum
1567 1149 1693 1171 naturam

912 1191 1006 1225 Filius,
1025 1192 1103 1219 ﬁdem
1121 1192 1200 1219 faciet
1215 1191 1405 1226 alio-quodam
1423 1191 1450 1217 in
1466 1190 1525 1218 loco
1543 1197 1637 1217 rursus
1654 1190 1696 1216 di-

912 1245 994 1265 cens:
1010 1247 1020 1264 ι
1037 1237 1088 1265 Per
1101 1237 1287 1272 memetipsum
1305 1237 1404 1272 iuravi,
1418 1236 1484 1264 dicit
1496 1235 1624 1263 Dominus
1633 1235 1666 1262 ⁸⁷.
1680 1244 1700 1260 ι.

912 1281 977 1309 Nam
991 1289 1052 1309 cum
1066 1281 1139 1316 jurat
1152 1289 1202 1317 per
1211 1282 1348 1309 dexteram
1368 1288 1458 1313 suam,
1470 1288 1529 1315 quae
1541 1280 1624 1307 Filius
1639 1285 1693 1310 est.

911 1327 1024 1354 omnino
1049 1327 1124 1362 jurat
1147 1322 1196 1361 pet:
1220 1326 1351 1360 seipsum.
1384 1324 1456 1352 Nihil
1484 1324 1556 1352 enim
1583 1332 1695 1358 prorsus

913 1372 1101 1400 intermedium
1116 1377 1174 1405 est,
1189 1377 1319 1407 quantum
1343 1371 1440 1399 attinet
1455 1371 1489 1399 ad
1503 1371 1632 1397 unitatem
1649 1370 1691 1396 ni-

912 1417 1026 1452 mirum,
1052 1426 1084 1445 ac
1106 1418 1274 1445 identimtem
1299 1422 1418 1449 naturae,
1444 1423 1504 1450 quae
1527 1416 1554 1443 in
1579 1421 1699 1449 utroque

913 1463 1082 1498 intelligitur,
1106 1464 1158 1491 nisi
1173 1464 1224 1490 hoc
1236 1463 1337 1495 solum,
1347 1462 1418 1496 quod
1432 1461 1477 1489 ille
1490 1461 1597 1496 quidem
1612 1461 1695 1488 Pater

912 1513 965 1540 est,
980 1515 1013 1535 ac
1027 1508 1137 1543 genuit;
1154 1507 1198 1535 hic
1221 1513 1311 1534 autem
1327 1506 1427 1534 eﬂ‘ulsit
1441 1513 1475 1533 ex
1497 1506 1543 1533 illo
1565 1505 1695 1533 nascendi

876 1570 897 1597 ο
914 1553 1029 1585 ratione,
1043 1557 1138 1587 estque
1152 1552 1188 1579 illi
1204 1557 1364 1584 coaeternus,
1380 1555 1444 1586 puta
1457 1550 1527 1586 quod
1539 1557 1645 1585 semper
1657 1550 1697 1577 sit

914 1598 1003 1630 Pater,
1029 1606 1079 1625 nec
1102 1598 1128 1625 in
1149 1602 1270 1632 tempore
1284 1605 1317 1625 eo
1331 1597 1473 1624 adductus.
1491 1597 1632 1624 Dexteram
1650 1603 1693 1622 au-

914 1649 966 1672 tem
986 1644 1078 1672 Patris
1096 1644 1195 1672 Filium
1223 1651 1294 1676 esse,
1311 1643 1419 1670 divinus
1435 1643 1517 1670 etiam
1542 1642 1585 1669 ille
1610 1641 1696 1668 David

913 1690 1028 1723 sciebat,
1043 1697 1103 1717 cum
1117 1689 1241 1717 diceret:
1260 1698 1270 1715 ι
1287 1689 1401 1716 Dextera
1415 1687 1520 1715 Domini
1535 1687 1602 1714 fecit
1610 1689 1693 1714 virtu-

912 1739 979 1768 tem,
994 1734 1105 1762 dextera
1123 1734 1227 1762 Domini
1241 1733 1370 1762 exaltavit
1384 1733 1468 1761 me“.
1484 1742 1500 1758 μ
1511 1732 1579 1766 Quin
1595 1737 1620 1759 et
1636 1732 1693 1766 ipse

912 1781 1000 1808 Moses
1016 1789 1024 1808 :
1043 1789 1053 1806 ι
1069 1780 1186 1808 Dextera
1209 1783 1265 1812 tua,
1286 1779 1411 1812 Domine,
1429 1777 1577 1813 gloriﬁcata
1599 1783 1641 1804 est
1665 1778 1695 1804 in

913 1826 1078 1857 fortitudine.
1100 1825 1211 1852 dextera
1232 1830 1276 1852 tua
1292 1832 1399 1856 manus,
1420 1825 1544 1856 Domine,
1560 1823 1693 1857 confregit

912 1872 1035 1899 inimicos
1045 1872 1079 1899 ".
1095 1880 1105 1897 ι
1120 1871 1155 1899 Et
1175 1878 1269 1898 rursus
1286 1878 1294 1897 :
1312 1879 1325 1896 ι
1338 1870 1430 1898 lrruat:
1448 1877 1532 1904 super
1548 1877 1595 1897 eos
1611 1870 1695 1896 timor

911 1923 938 1946 et
955 1923 1066 1951 tremor,
1095 1925 1110 1945 a
1133 1917 1322 1953 ,magnitudine
1344 1916 1448 1944 brachii
1466 1916 1520 1949 tui;
1547 1916 1612 1942 [iant
1631 1919 1688 1942 tan-

912 1972 992 1999 quam
1016 1963 1100 1998 lapis.
1117 1963 1204 1991 donec
1224 1966 1393 1997 pertranseat
1416 1961 1528 1996 populus
1552 1962 1646 1988 luus‘.
1680 1970 1697 1987 λ

912 2009 1043 2037 Praeterea
1059 2008 1213 2036 Judaeorum
1232 2007 1344 2043 populos
1361 2007 1459 2034 alicubi
1483 2007 1565 2034 etiam
1591 2011 1632 2034 est
1654 2005 1690 2033 al-

912 2054 1017 2082 locutus
1034 2063 1041 2082 :
1059 2064 1072 2080 ι.
1085 2053 1151 2081 Nam
1177 2053 1249 2081 sicut
1270 2052 1337 2079 fecit
1359 2052 1489 2079 Dominus
1507 2051 1578 2079 Deus
1600 2054 1693 2080 nostti‘

912 2107 988 2127 mare
1001 2099 1132 2131 Rubrum.
1147 2098 1218 2133 quod
1231 2097 1343 2125 siccavit
1357 2097 1488 2124 Dominus
1501 2096 1572 2123 Deus
1588 2101 1693 2129 uoster,

912 2146 996 2172 donec
1023 2144 1270 2178 pertransiremus,
1297 2146 1327 2169 ut
1359 2142 1446 2169 sciant
1476 2149 1569 2169 omnes
1599 2146 1692 2175 gentes

913 2195 1001 2223 terrae,
1019 2190 1084 2224 quia
1104 2190 1196 2216 Virtus
1209 2187 1313 2215 Domini
1327 2187 1404 2214 fortis
1418 2192 1460 2214 est
1471 2187 1491 2214 ¹.
1507 2196 1517 2212 ι
1534 2186 1610 2213 Alius
1628 2187 1693 2213 item

81 2235 164 2268 γνῶσι
179 2234 268 2260 πάντα
282 2234 316 2260 τὰ
327 2233 391 2268 ἔθνη
405 2234 454 2268 τῆς
469 2233 531 2269 γῆς,
547 2235 588 2261 ὅτι
602 2235 619 2270 ἡ
632 2234 745 2269 δύναμις
760 2234 861 2270 Κυρίου

914 2243 928 2263 e
942 2236 1043 2263 sanctis
1059 2234 1202 2268 Prophetis
1224 2233 1257 2260 ad
1272 2233 1409 2260 caelestem
1429 2231 1535 2259 Patrem
1553 2232 1594 2260 sic
1613 2232 1670 2259 iniit
1683 2241 1692 2259 :

82 2281 178 2316 ισχυρὰ
191 2281 258 2307 ἐστι,
274 2289 283 2305 ι
301 2280 356 2306 Καὶ
370 2278 423 2314 μὴν
439 2279 486 2305 καὶ
505 2279 598 2314 ἕτερος
618 2278 672 2306 τῶν
694 2279 778 2313 ἁγίων
793 2287 860 2314 προ-

81 2326 171 2360 φητῶν
196 2325 263 2360 πρὸς
284 2324 330 2351 τὸν
348 2324 377 2350 ὲν
399 2324 455 2355 τοῖς
476 2324 599 2360 οὐρανοῖς
621 2324 731 2360 Πατέρα
758 2325 859 2360 φησιν’

84 2380 93 2396 ι
105 2370 250 2406 Ύψώθητι,
265 2369 362 2405 Κύριε,
379 2369 408 2397 ὲν
420 2369 452 2404 τῇ
472 2368 584 2405 δυνάμει
607 2378 669 2396 σου·
692 2369 860 2404 δυνάμωσον,

82 2418 96 2443 6
116 2417 190 2448 Θεὸς,
206 2415 284 2442 τοῦτο
297 2415 312 2441 6
327 2416 482 2451 κατηρτίσω
496 2416 526 2442 ὲν
541 2416 615 2451 ἡμῖν.
631 2424 642 2441 ι
665 2414 862 2450 Δυναμούμεθα

81 2461 134 2498 γὰρ
147 2463 176 2488 ὲν
190 2461 228 2496 τῷ
244 2461 310 2496 Υίῷ.
327 2461 382 2488 Καὶ
396 2461 448 2497 μὴν
470 2461 516 2488 καὶ
529 2461 609 2493 αὐτὸς
625 2462 680 2492 τοῖς
693 2461 779 2495 ἁγίοις
793 2461 861 2487 ἀπο-

82 2507 181 2539 στόλοις
207 2506 391 2542 προστέταχεν
412 2508 427 2534 6
450 2507 514 2538 Υἱὸς
535 2506 588 2533 ἀπὺ
611 2505 801 2541 Ἱεροσολύμων
823 2506 860 2543 μὴ

81 2552 251 2588 χωρίζεσθαι,
268 2552 319 2584 ἕως
342 2552 375 2579 ἂν
398 2552 559 2580 ὲνδύσωνται
580 2551 610 2584 ἐξ
634 2551 717 2586 ὕψους
735 2551 858 2587 δύναμιν.

81 2598 134 2630 Καὶ
148 2597 189 2630 τίς
205 2597 237 2624 ἂν
248 2598 332 2624 νοοῖτο
345 2598 427 2634 πάλιν
441 2599 457 2633 ἡ
474 2597 503 2630 ἐξ
516 2596 727 2634 ὖψουςδύναμις,
736 2598 861 2632 σαφηνιεῖ

81 2642 165 2676 λέγων
194 2643 208 2668 6
235 2642 355 2673 Παῦλος·
385 2641 566 2669 «Ἐνδύσασθε
590 2641 635 2668 τὸν
656 2641 758 2677 Κύριον
783 2641 862 2676 ἡμῶν

86 2688 187 2724 Ἰησοῦν
202 2687 248 2714 τὸν
262 2688 388 2723 Χριστόν.
403 2688 526 2714 ιἈκούω
549 2688 577 2714 δὲ
600 2687 679 2714 πάλιν
694 2687 861 2723 γεγραφότος

80 2734 125 2760 ὡδὶ
142 2733 189 2760 τοῦ
207 2733 343 2765 Μωσέως·
364 2742 373 2759 ι
391 2733 427 2760 Οὐ
449 2733 633 2769 φοῦηθήσεσθε
651 2733 727 2765 θεοὺς
741 2733 860 2768 ἐτέρους,

916 2290 926 2307 ι
941 2280 1082 2312 Exallare,
1098 2279 1222 2311 Domine,
1246 2279 1271 2306 in
1287 2278 1389 2305 virtute
1406 2281 1451 2305 tua
1467 2287 1474 2305 :
1489 2277 1617 2305 conﬁrma
1629 2278 1690 2309 hoc,

914 2327 993 2359 Dens,
1009 2327 1079 2361 quod
1105 2325 1242 2361 perfecisti
1271 2326 1297 2352 in
1326 2324 1404 2352 nobis
1419 2324 1439 2352 '.
1455 2333 1464 2350 ι
1495 2323 1692 2350 Confirmamur

913 2372 984 2399 enim
1002 2371 1028 2398 in
1052 2370 1130 2398 Filio.
1148 2369 1232 2397 Porro
1253 2368 1338 2397 Filius
1365 2368 1423 2402 ipse
1443 2368 1545 2395 sanctis
1564 2367 1693 2402 apostolis

911 2416 993 2452 jussit
1006 2416 1041 2443 ab
1057 2414 1248 2450 Hierosolymis
1261 2421 1294 2442 ne
1310 2413 1491 2445 discederent,
1511 2421 1521 2438 ι
1539 2412 1624 2440 donec
1638 2412 1692 2439 vir-

917 2467 972 2489 tute
987 2462 1164 2488 induerentur
1183 2467 1215 2487 ex
1234 2459 1287 2487 alto
1298 2459 1320 2485 δ.
1337 2467 1347 2485 ι
1366 2458 1494 2491 Quaenam
1507 2462 1594 2484 autem
1612 2457 1691 2484 intel-

914 2507 1043 2542 ligeretur
1063 2506 1107 2534 illa
1126 2507 1213 2533 virtus
1227 2505 1346 2537 ex‘alto,
1369 2504 1469 2531 Paulus
1484 2502 1630 2530 declarabit
1651 2503 1693 2529 in-

913 2553 1008 2588 quiens
1031 2560 1039 2580 :
1066 2551 1238 2579 tlnduimini
1269 2549 1411 2578 Dominum
1445 2553 1568 2576 nostrum
1599 2548 1690 2575 Jesum

914 2597 1083 2626 Christum‘.
1100 2607 1109 2623 ι
1130 2597 1235 2630 Rursus
1255 2601 1344 2624 autem
1365 2595 1457 2623 Mosen
1487 2594 1523 2622 ita
1548 2594 1693 2629 scripsisse

914 2644 1014 2671 audio:
1033 2653 1042 2670 ‹
1053 2643 1111 2671 Νοιι
1130 2643 1260 2670 timebitis
1276 2641 1342 2669 deos
1359 2641 1436 2673 alios,
1452 2644 1478 2668 et
1492 2647 1546 2667 non
1567 2640 1693 2667 servietis

914 2688 968 2716 illis
991 2688 1070 2720 ultra.
1093 2687 1141 2715 sed
1165 2686 1290 2719 Domino.
1313 2685 1360 2721 qui
1379 2684 1473 2712 eduxit
1497 2690 1547 2711 vos
1570 2683 1603 2710 de
1621 2686 1693 2709 terra

914 2732 1033 2768 [Egypth
1050 2733 1076 2759 in
1099 2732 1255 2760 fortitudine
1277 2739 1325 2759 sua
1347 2737 1453 2765 magna,
1469 2732 1496 2757 et
1519 2727 1631 2765 brachio
1646 2734 1693 2754 cx-

113 2835 135 2850 "
151 2834 230 2866 Num.
245 2841 285 2864 xi,
305 2833 347 2860 l3.
383 2833 405 2850 "
424 2833 487 2860 ihi-l.
508 2833 553 2860 ‘25.
590 2833 613 2849 π
627 2833 701 2859 licuit.
719 2832 854 2862 unum.
872 2833 893 2849 ³⁷
912 2832 1056 2862 (ἶιιιι.ιιχιι,
1078 2831 1121 2857 l6.
1159 2830 1181 2866 ἐ
1197 2829 1266 2866 Dsnl.
1281 2836 1363 2858 CXVII.
1463 2829 1485 2844 "
1503 2827 1586 2855 Exod.
1606 2831 1648 2857 xv,
1664 2823 1706 2851 ϐ..

84 2869 91 2886 ¹
107 2869 169 2898 ibid.
194 2869 235 2896 l6.
273 2869 282 2884 '
299 2867 381 2896 .Iosue
399 2866 435 2902 tv,
448 2869 493 2901 ‘li,
510 2869 555 2896 ii}.
594 2869 603 2884 ³
619 2868 689 2896 l‘sal.
711 2876 792 2901 um,
809 2868 854 2895 2‘).

893 2868 901 2883 '*
916 2867 980 2895 Luc.
999 2874 1073 2900 xxnv,
1093 2865 1136 2893 49.
1175 2865 1185 2881 ⁸
1206 2865 1284 2892 itum.
1306 2871 1366 2896 xm,
1385 2863 1424 2890 ιι.
