1894 3056
211 163 259 191 951

209 219 283 248 celso
294 221 314 248 ⁸.
333 230 341 247 ι
357 222 390 248 At
404 221 510 249 divinus
524 219 569 249 Ille
582 220 675 255 David,
689 222 734 256 qui
749 223 823 257 paria
837 231 900 251 cum
914 222 986 250 Mosa
1000 222 1024 250 A

211 273 239 294 ct
252 267 337 294 sensit
352 271 378 294 et
391 267 497 294 locutus
518 271 570 300 est,
587 267 623 295 ita
639 269 732 296 canit:
749 278 758 294 I
774 268 846 296 Misit
866 269 986 296 Verbum

211 321 300 345 suum,
317 317 345 340 et
366 313 473 340 sanavit
496 320 543 341 eos
554 313 575 340 ⁷.
591 322 601 340 ι
619 313 710 348 Itaque
726 321 773 349 per
787 315 906 341 divinum
922 313 990 341 Ver-

212 358 274 385 bum
294 358 449 392 redemptus
470 363 522 391 est,
547 364 574 386 et
596 360 697 388 morbis
719 360 802 387 animi
826 360 931 388 solutus
947 364 989 388 est

211 409 289 432 vatus
312 403 403 432 Israel.
426 404 486 432 Jant
505 413 568 432 vero
590 405 700 439 Filium,
716 406 858 434 Dominum
877 414 892 433 a
916 405 989 433 Mose

211 450 293 477 etiam
311 451 473 486 nuncupari,
491 459 551 479 cum
565 452 647 479 sciret
659 452 746 487 ipsum
762 459 868 487 quoque
883 451 988 479 Patrem

211 496 352 524 Dominum
370 497 511 529 exsistere,
528 497 609 533 294
621 497 713 525 videre
734 498 797 525 licet
821 506 853 525 ex
876 498 909 525 iis
929 505 989 532 quae

210 542 308 576 scripta
322 547 385 570 sunt
404 543 429 570 in
449 543 552 570 Exodo.
566 542 635 570 Sunt
651 543 724 570 enint
737 543 889 570 istiusmodi
908 551 914 570 :
930 552 940 569 ι
955 542 989 570 Et

212 596 291 614 mane
317 595 432 622 surgens
457 588 545 615 Moses
570 588 692 615 ascendit
717 588 743 614 in
768 593 885 615 montem
911 587 987 621 Sina,

212 633 282 661 sicut
297 638 462 668 prneperat
481 633 517 661 ei.
535 633 567 660 Et
586 633 688 668 accepit
704 633 791 660 Moses
804 633 907 661 tabulas
923 633 988 667 lapi-

211 679 285 706 deas.
299 679 331 706 Et
347 680 485 707 descendit
499 679 627 707 Dominus
643 680 670 707 in
688 679 770 712 nube,
784 684 812 707 et
825 680 899 707 stetit
914 679 987 707 illic:

211 729 238 752 et
254 725 358 752 locutus
377 731 419 752 est
433 725 541 752 nomine
557 725 673 757 Domini,
692 731 719 753 et
735 726 841 753 transiit
860 724 988 752 Dominus

209 777 225 798 a
243 770 311 798 facie
335 770 440 798 Domini
453 771 474 798 ⁸.
488 781 498 797 ι
518 771 618 806 Ecquis
641 778 706 806 ergo
728 771 859 798 Dominus
884 771 988 799 locutus

210 821 252 844 est
272 816 299 844 in
323 818 432 845 nomine
448 815 566 850 Domini,
579 821 608 844 et
621 817 709 852 qualis
728 817 835 845 transiit
859 816 988 844 Dominus

211 870 227 890 ι
243 862 312 890 facie
329 862 454 890 Domini?
466 862 506 890 An
522 863 615 897 utique
627 863 770 891 credemus
780 862 888 890 Patrem
901 862 928 890 in
943 861 988 890 Fi-

210 909 247 937 lio
271 916 411 944 apparere,
439 913 467 936 et
491 908 584 944 loqui?
605 907 674 936 Num
696 916 760 944 ergo
786 909 838 936 duo
870 908 985 941 Domini,

211 955 290 990 idque
308 955 432 986 divisim,
453 954 531 982 sicuti
555 954 608 981 duo
621 961 728 989 quoque
745 954 870 982 homines
887 953 987 981 intelli-

209 1001 326 1036 gontur?
342 1000 450 1027 Minime
464 1007 537 1027 vero.
551 999 704 1027 Dominatio
723 999 795 1027 enim
819 1004 847 1027 et
860 999 987 1026 divinitas

210 1055 262 1075 una
275 1052 316 1075 est
328 1046 427 1078 Patris.
438 1051 465 1074 et
481 1046 587 1078 Filii,et
597 1046 681 1074 sancti
695 1045 813 1081 Spiritus
826 1054 833 1073 :
850 1051 988 1073 verumta-

211 1100 271 1120 men
291 1092 500 1127 unumquodque
514 1099 618 1125 eorum,
635 1099 696 1127 quae
711 1091 783 1119 dicta
799 1095 873 1124 sunt,
895 1091 922 1119 in
939 1098 987 1119 sua

210 1139 348 1174 hypostasi
367 1138 490 1174 intelligi,
504 1137 646 1174 Scriptura
667 1145 744 1166 sacra
760 1137 860 1173 ubique
873 1137 987 1165 demon-

211 1189 287 1216 strat,
311 1191 371 1219 quas
395 1183 475 1212 unius
501 1187 606 1211 natum
627 1183 734 1219 propria
757 1187 786 1211 et
805 1182 904 1211 eximia
925 1187 988 1210 sunt

210 1229 290 1256 etiam
306 1229 452 1264 unicuique
465 1228 584 1264 perfecte
597 1228 689 1257 innata
706 1236 766 1256 esse
780 1229 890 1256 docens.
913 1228 988 1256 Unde

210 1272 304 1304 Filius.
315 1274 414 1308 quippe
428 1281 489 1302 cum
503 1278 586 1301 totam
603 1273 629 1301 in
648 1280 678 1301 se
694 1273 783 1300 Patris
797 1273 986 1308 proprietatem

210 1319 359 1347 naturalem
380 1320 487 1352 habeat,
501 1324 528 1347 et
541 1319 598 1354 ipse
610 1319 645 1346 sit
667 1319 695 1346 in
710 1313 790 1346 Patre
802 1326 864 1346 cum
881 1319 915 1347 iis
927 1326 988 1354 quae

210 1365 310 1392 habere
334 1365 505 1401 intelligitur,
528 1366 560 1392 ad
583 1365 670 1400 ipsum
693 1364 768 1393 clare
787 1365 847 1392 ait:
867 1363 987 1393 cOmnia

210 1418 271 1438 mea
288 1416 330 1438 tua
348 1416 421 1443 sunt,
439 1416 466 1438 et
480 1410 570 1438 omnia
590 1415 645 1443 tua,
661 1418 720 1438 mea
730 1411 751 1437 '.
768 1419 778 1436 ι
795 1410 859 1438 Item
873 1418 881 1438 :
898 1419 908 1436 ι
920 1410 986 1438 0m-

211 1457 271 1489 nia,
294 1464 353 1492 quae
374 1457 456 1484 habet
483 1455 576 1489 Pater,
601 1464 661 1484 mea
686 1457 792 1484 sunt“.
808 1466 818 1482 ι
844 1455 912 1484 Cum
938 1457 987 1491 igi-

211 1507 256 1530 tur
271 1502 394 1537 plurimis
419 1502 446 1529 in
465 1501 544 1535 locis,
569 1509 618 1529 nec
634 1509 688 1529 uno
705 1501 794 1534 modo,
820 1501 988 1537 sapientissi-

211 1557 270 1577 mus
284 1548 370 1576 Moses
381 1548 478 1576 Filium
494 1547 637 1583 signiﬁcet,
652 1547 822 1575 adversarius
838 1548 881 1576 bis
897 1548 987 1576 verbis
1000 1556 1020 1585 α

210 1594 248 1621 uti
270 1593 396 1620 desinat:
417 1593 468 1626 Qui
482 1601 542 1628 ergo
568 1593 664 1620 multo:
691 1592 737 1620 Dei
759 1593 827 1627 ﬁlios
851 1594 987 1627 nominat,

210 1645 303 1670 eosque
324 1646 373 1664 non
395 1637 522 1669 homines,
540 1638 585 1664 sed
600 1637 723 1672 angelos;
739 1637 907 1673 Unigem'tum
928 1638 986 1672 Dei,

211 1689 256 1711 aut
280 1682 396 1714 Filium,
429 1690 475 1710 aut
503 1691 655 1718 quocunque
687 1684 789 1710 nomine
821 1684 935 1717 dicatur,
961 1685 985 1712 si

211 1729 366 1764 agnovisset,
385 1736 469 1756 nonne
483 1729 556 1755 illam
575 1727 722 1756 hominibus
743 1729 902 1757 indicasset!
917 1730 988 1757 Indi-

211 1775 293 1807 cavit,
317 1782 334 1802 o
356 1775 445 1807 docte,
461 1774 541 1807 idque
559 1774 668 1808 saepius,
692 1778 721 1801 et
742 1774 836 1807 clare;
859 1775 907 1803 sed
932 1774 988 1810 ipse

212 1819 300 1848 minus
320 1819 458 1854 intelligis,
481 1818 589 1847 tametsi
613 1824 686 1846 recte
708 1819 849 1848 admodum
871 1820 988 1856 scripse-

211 1866 248 1893 rit
263 1874 270 1892 :
287 1875 297 1891 ι
311 1865 452 1893 Dominum
473 1865 557 1893 Deum
580 1870 656 1893 tuum
675 1865 812 1898 adorabis,
829 1871 858 1894 et
875 1866 914 1894 illi
938 1867 987 1895 soli

211 1910 314 1939 servies
325 1911 359 1944 “,
375 1919 385 1937 ι
405 1915 433 1939 et
445 1911 496 1938 alia
511 1911 553 1939 his
569 1916 762 1940 consentanea.
777 1911 837 1940 Iam
848 1913 882 1940 ad
895 1912 987 1941 tollen-

212 1957 275 1984 dum
289 1956 397 1989 Filium,
418 1964 471 1984 non
492 1962 582 1984 autem
597 1957 686 1993 potius
699 1958 732 1985 ad
755 1958 914 1986 evertendas
929 1963 989 1986 tuos

1001 889 1023 917 Β

213 2002 288 2034 deos,
310 2007 384 2030 ratus
399 2002 473 2030 istaec
497 2003 568 2030 dicta
593 2010 663 2035 esse,
684 2003 804 2030 scribere
818 2003 919 2031 veritus
934 2011 987 2031 non

211 2057 260 2077 es:
276 2049 363 2077 loses
373 2056 436 2085 ergo
452 2049 533 2077 multa
558 2050 708 2078 istiusmodi
724 2058 756 2078 ac
772 2051 861 2078 multis
880 2052 908 2078 in
923 2051 988 2079 locis

212 2095 269 2122 ait:
285 2105 294 2121 ι
310 2095 450 2122 Dominum
474 2095 556 2123 Deum
580 2100 655 2124 tuum
684 2096 801 2129 timebis,
822 2102 849 2124 et
874 2096 911 2124 illi
937 2097 986 2124 soli

211 2140 312 2168 servies
324 2140 355 2168 η.
370 2150 380 2167 ι
407 2140 546 2174 Quomodo
567 2140 650 2176 igitur
673 2140 751 2169 Iesus
782 2141 810 2169 in
836 2141 987 2177 Evangeliis

211 2185 357 2220 praecipere
374 2186 500 2219 traditur.
518 2186 629 2214 dicens:
648 2195 658 2212 ι
674 2186 774 2214 Euntes
786 2187 882 2215 docete
892 2194 986 2215 omnes

211 2235 315 2265 gentes,
330 2230 500 2264 baptisantes
514 2237 562 2258 eos
578 2229 605 2258 in
629 2230 740 2258 nomine
756 2229 853 2262 Patris,
868 2235 896 2258 et
911 2230 983 2263 Filii,
1002 2222 1023 2248 ί)

211 2281 240 2303 et
253 2276 338 2304 sancti
358 2276 474 2311 Spiritus
485 2276 528 2303 “l‘
539 2285 549 2302 ›
568 2276 588 2303 Δ
605 2275 683 2304 nobis
699 2276 782 2311 igitur
802 2276 859 2311 ipse
879 2283 986 2311 quoque

210 2322 313 2350 audies.
331 2321 396 2349 Cum
418 2320 505 2349 Moses
523 2325 551 2349 et
573 2321 711 2356 prophetae
729 2326 849 2348 sanctam
871 2326 899 2349 et
919 2329 986 2349 con-

211 2368 413 2396 substantialem
442 2368 599 2396 Trinitatem
625 2367 778 2400 fateantur,
799 2375 887 2403 neque
913 2367 984 2395 istud

210 2414 248 2441 tui
269 2412 305 2441 illi
328 2414 464 2448 sapientia:
489 2413 622 2448 principes
644 2413 826 2448 ignoraverint
846 2422 853 2440 :
873 2413 918 2448 qui
944 2412 984 2445 lit,

210 2461 306 2488 amabo
336 2465 382 2493 te,
413 2465 442 2487 ut
469 2461 534 2488 dura
564 2465 592 2487 et
618 2460 748 2495 pertinaci
778 2459 929 2495 arrogantia
959 2464 985 2487 te

210 2505 290 2545 395
311 2505 433 2533 laborare
453 2512 504 2532 non
520 2505 639 2533 sentias?
653 2504 829 2539 Primigeniae
842 2505 912 2532 enim
935 2504 985 2538 ipsi

209 2558 317 2588 quoque
335 2556 390 2579 tres
403 2555 593 2580 concesserunt
604 2557 665 2579 esse
682 2550 851 2586 hypostases,
867 2549 912 2577 sed
925 2549 985 2577 illas

210 2597 244 2626 ab
263 2597 377 2625 invicem
391 2601 592 2633 separantes,et
609 2596 676 2624 alias
699 2595 759 2623 aliis
775 2596 963 2623 submittcntes
977 2603 984 2621 :

211 2651 261 2671 nec
274 2643 345 2671 enim
359 2650 425 2679 pure
438 2643 470 2670 de
484 2642 537 2670 Deo
550 2642 621 2678 loqui
635 2646 775 2674 noverant,
793 2641 899 2668 tametsi
913 2640 985 2667 haud

211 2689 321 2716 omnino
347 2688 475 2717 carebant
494 2688 620 2724 opinione
642 2693 755 2723 reperta:
778 2686 922 2719 veritati“:
936 2685 985 2713 At-

212 2735 282 2762 enim
297 2742 390 2763 rursus
399 2735 485 2762 sentio
499 2735 630 2770 quosdam
643 2741 677 2762 ex
691 2734 735 2768 iis,
752 2733 797 2769 qui
817 2733 925 2762 Juliano
935 2732 984 2760 ad-

245 2831 347 2865 ‘rbeut.
361 2839 398 2862 vn,
414 2832 458 2864 l3,
472 2833 514 2860 Η.
580 2833 592 2850 ν
607 2833 677 2861 Psal.
691 2841 744 2865 ενι,
762 2832 806 2860 20.

701 166 730 195 S.
750 167 886 196 CYllILLl
906 164 1134 199 ALEXANDRINI
1154 165 1313 194 ARCHIEP.

861 2833 871 2848 ⁸
888 2832 972 2861 Exod.
991 2840 1082 2860 xutv.
1097 2832 1124 2863 ι,
1139 2832 1165 2859 5.

1772 165 1826 193 οδε

1037 221 1084 248 καὶ
1096 222 1127 248 οὗ
1144 222 1346 258 προσκυνήσετε
1360 221 1462 254 αὐτοῖς,
1475 221 1524 248 καὶ
1539 221 1571 248 οὐ
1591 220 1757 257 λατρεύσετε
1773 221 1823 247 αὺ-

1039 266 1095 296 τοῖς
1107 264 1157 296 ῑτι,
1171 265 1229 292 ἀλλ’
1243 265 1259 301 ἢ
1274 265 1315 301 τῷ
1326 266 1432 302 Κυρίῳ,
1446 266 1476 298 ὃς
1491 266 1629 302 ἀνήγαγεν
1642 267 1715 302 ὑμᾶς
1725 267 1759 293 ὲκ
1769 266 1822 300 τῆς

1038 311 1174 345 Αἰγύπτου
1186 312 1215 339 ὲν
1234 313 1267 348 τῇ
1283 311 1355 348 ἰσχύϊ
1369 312 1453 339 αὑτοῦ
1469 313 1503 348 τῇ
1518 312 1633 348 μεγάλῃ,
1648 313 1696 339 καὶ
1710 313 1739 339 ὲν
1753 311 1823 347 βρα-

1038 356 1106 392 χίονι
1119 357 1223 393 ὑψηλῷ.
1239 367 1250 383 ι
1268 355 1315 390 Οἷς
1330 357 1358 384 δὲ
1378 357 1429 394 ἔφη
1446 358 1559 393 Μωσῆς,
1573 358 1755 394 συμϐαίνοντα
1776 357 1824 384 καὶ
1844 385 1847 398 λ

1039 402 1217 439 πεφρονηκὼς
1230 404 1277 431 καὶ
1293 403 1391 437 λαλῶν,
1405 404 1420 430 6
1433 403 1505 436 θεῖος
1517 404 1611 439 ψάλλει
1627 404 1708 431 Δαόίδ
1719 412 1727 419 ·
1743 402 1824 434 1‘86-

1039 449 1180 476 ατοέστειλε
1205 449 1251 476 τὸν
1277 448 1363 483 Λόγον
1384 449 1477 481 αὑτοῦ,
1497 450 1545 476 καὶ
1568 450 1661 476 ἰάσατο
1684 449 1795 481 αὺτούς.
1811 459 1822 475 ι

1039 494 1143 522 Οὐκοῦν
1158 494 1202 522 διὰ
1217 494 1265 522 τοῦ
1285 494 1358 522 θείου
1374 495 1540 531 λελύτρωται
1554 496 1652 530 Λόγου,
1666 497 1713 522 καὶ
1728 496 1824 531 ἀρρω-

1040 540 1184 576 στημάτων
1208 540 1382 575 ἀπήλλακται
1403 541 1525 576 ψυχικῶν
1538 542 1553 567 6
1570 542 1682 576 ἀρχαῖος
1701 541 1823 577 Ἰσραήλ.

1040 587 1100 614 Ὀτι
1116 587 1145 613 δὲ
1159 587 1207 614 καὶ
1221 587 1323 623 Κύριον
1338 586 1466 623 ὀνομάζει
1479 587 1525 614 τὸν
1538 587 1601 614 Υίὺν
1613 588 1628 613 6
1642 587 1755 622 Μωσῆς,
1769 587 1826 613 Κύ-

1039 640 1096 668 ριον
1109 631 1188 663 εἰδὼς
1197 632 1330 666 ὑπάρχειν
1343 632 1390 658 καὶ
1403 631 1484 658 αὑτὸν
1496 631 1542 657 τὸν
1554 631 1674 666 Πατέρα,
1687 630 1824 664 καταθρή-

1039 686 1083 704 σαι
1097 686 1138 710 τις
1156 677 1190 704 ἂν
1203 678 1257 704 ἀπό
1280 686 1312 711 γε
1333 677 1387 703 τῶν
1401 677 1599 712 γεγραμμένων
1611 677 1640 702 ὲν
1655 678 1689 711 τῇ
1712 675 1821 710 Ἐξόδῳ.

1040 724 1115 758 Ἔχει
1130 723 1184 759 γὰρ
1195 723 1281 755 οὕτως
1291 731 1298 739 ·
1311 733 1322 749 ι
1337 723 1391 750 Καὶ
1402 722 1532 758 ὀρθρίσας
1545 723 1674 758 Μωῦσῆς,
1687 722 1771 757 ἁνέὸη
1782 723 1823 753 εἰς

1037 770 1067 796 τὸ
1079 769 1140 803 ὅρος
1156 770 1187 796 τὸ
1201 770 1275 800 Σινᾶ,
1292 769 1385 796 καθότι
1408 768 1548 801 συνέταξεν
1569 768 1642 804 αὑτῷ
1654 777 1661 784 ·
1677 769 1724 795 καὶ
1740 768 1822 794 ἔλασε

1037 815 1157 850 Μωῡσῆς
1171 815 1220 847 τὰς
1235 815 1341 847 πλάκας
1353 814 1404 846 τὰς
1419 814 1532 846 λιθίνας.
1541 815 1595 841 Καὶ
1604 813 1705 849 κατέϐη
1717 813 1822 849 Κύριος

1038 862 1067 887 ἐν
1078 861 1187 897 νεφέλῃ,
1201 861 1249 888 καὶ
1260 860 1382 896 παρέστη
1396 862 1463 894 ἐκεῖ,
1473 862 1520 888 καὶ
1531 861 1644 895 ὲλὰλησε
1658 860 1698 895 τῷ
1706 860 1823 895 ὀνόματι

1039 907 1139 942 Κυρίου
1148 914 1155 921 ⁸
1167 907 1216 934 καὶ
1225 906 1347 942 παρῆλθε
1359 905 1462 942 Κύριος
1469 907 1524 934 ἀπὸ
1535 906 1680 942 προσώπου
1688 905 1805 940 Κυρίου.
1812 915 1821 930 ι

1037 953 1116 985 Ποῐος
1129 950 1175 980 οὖν
1194 953 1247 988 ἄρα
1262 953 1393 989 λελάληκε
1408 953 1508 988 Κύριος
1528 953 1557 979 ὲν
1571 952 1683 988 ὀνόματι
1698 951 1803 986 Κυρίου
1814 971 1822 982 .

1037 1000 1083 1026 καὶ
1099 1001 1173 1031 ποῖος
1188 998 1310 1035 παρῆλθε
1326 999 1427 1034 Κύριος
1449 998 1502 1026 ἀπὸ
1525 997 1671 1034 προσώπου
1697 997 1802 1032 Κυρίου
1815 1006 1822 1029 ;

1037 1042 1077 1071 Ἦ
1086 1044 1164 1079 δῆλον
1185 1044 1226 1072 ὅτι
1250 1044 1359 1076 πάντως
1373 1052 1425 1071 που
1440 1044 1619 1078 πιστεύσομεν
1635 1044 1665 1070 ὲν
1681 1042 1739 1078 Υἱῷ
1757 1042 1823 1077 φαί-

1036 1089 1128 1117 νεσθαί
1142 1099 1172 1116 τε
1193 1090 1240 1117 καὶ
1255 1090 1345 1118 λαλεῖν
1362 1089 1408 1117 τὸν
1422 1089 1552 1126 Πατέρα;
1567 1087 1630 1125 Ἆρ’
1644 1086 1691 1115 οὖν
1703 1087 1751 1116 δύο
1767 1087 1825 1115 Κύ-

1039 1144 1101 1171 ριοι,
1119 1136 1166 1162 καὶ
1179 1136 1258 1163 τοῦτο
1269 1136 1452 1172 διηρῃμένως,
1465 1136 1504 1168 ὡς
1524 1135 1558 1163 ἂν
1578 1135 1699 1171 νοηθείεν
1714 1135 1761 1162 καὶ
1774 1134 1823 1162 ἄν·

1037 1181 1140 1218 θρωποι
1159 1182 1221 1215 δύο;
1237 1182 1356 1209 Ἤκιστά
1376 1190 1419 1216 γε.
1444 1181 1582 1217 Κυριὸτης
1596 1180 1650 1216 γὰρ
1661 1180 1710 1207 καὶ
1727 1179 1824 1214 θεότης

1039 1227 1088 1263 μία
1103 1228 1220 1263 Πατρὸς,
1235 1228 1282 1255 καὶ
1296 1226 1372 1260 Υῐοῦ,
1391 1227 1438 1254 καὶ
1454 1227 1532 1261 ἁγίου
1553 1226 1729 1261 Πνεῦματοςο
1751 1225 1824 1260 πλὴν

1036 1273 1078 1300 ὅτι
1096 1272 1151 1299 τῶν
1171 1272 1373 1308 ὠνομασμένων
1385 1272 1500 1300 ἕκαστον
1515 1273 1546 1299 ὲν
1560 1272 1706 1299 ὑποστάσει
1721 1271 1822 1298 νοεῖται

1036 1321 1070 1356 τῇ
1086 1320 1146 1347 καθ’
1160 1321 1252 1355 ἑαυτὸ,
1264 1321 1454 1348 καταδείκνυσι
1467 1319 1605 1355 πανταχοῦ
1618 1318 1650 1345 τὸ
1658 1317 1778 1354 Γράμμα
1792 1316 1824 1343 τὸ

1037 1365 1121 1401 ἱερὸν,
1135 1365 1170 1392 τὰ
1195 1366 1245 1401 τῆς
1270 1367 1336 1402 μιᾶς
1361 1366 1467 1401 φύσεως
1492 1366 1546 1392 [δια
1560 1365 1607 1392 καὶ
1622 1364 1758 1399 ἐξαίρετα,
1774 1362 1823 1389 καὶ

1037 1410 1145 1447 ἑκάστῳ
1163 1411 1274 1443 τελείως
1293 1411 1515 1446 προσπεφυκέναι
1536 1409 1671 1438 διδάσκον.
1687 1409 1742 1436 Καὶ
1755 1407 1823 1442 γοῦν

1036 1458 1051 1484 6
1067 1457 1131 1489 Υἱὸς
1154 1457 1192 1488 ὡς
1204 1457 1268 1493 ὃλην
1281 1456 1350 1492 ἔχων
1364 1457 1392 1483 ὲν
1406 1456 1494 1491 ἑαυτῷ
1509 1455 1560 1491 τὴν
1572 1455 1620 1482 τοῦ
1636 1454 1743 1490 Πατρδς
1759 1453 1823 1480 ιδιόρ

1036 1510 1105 1537 τητα
1121 1502 1248 1538 φυσικὴν,
1263 1502 1310 1530 καὶ
1331 1501 1412 1534 αὐτος
1425 1501 1454 1528 δὲ
1469 1501 1600 1537 ὑπάρχων
1613 1501 1642 1527 ἐν
1653 1499 1740 1535 Πατρὶ
1756 1498 1824 1534 μεθ’

1036 1544 1074 1575 ὧν
1097 1547 1168 1583 ἔχειν
1191 1549 1301 1580 νοεῖται,
1317 1549 1400 1583 φησιν
1424 1547 1546 1582 ἐναργῶς
1569 1546 1637 1582 πρὸς
1669 1544 1761 1578 αὐτὸν,
1779 1545 1822 1570 ὅτι

1041 1603 1050 1619 ι
1066 1594 1156 1620 Πάντα
1180 1593 1214 1620 τὰ
1237 1593 1301 1628 sps.
1317 1592 1352 1619 σά
1377 1593 1446 1624 ἐστι,
1467 1593 1514 1619 καὶ
1538 1592 1573 1619 τὰ
1598 1591 1643 1622 σὰ,
1657 1590 1724 1625 ἐμά.
1740 1599 1751 1616 ι
1767 1588 1822 1615 Καὶ

1037 1639 1118 1666 πάλιν
1128 1648 1135 1655 ·
1153 1649 1163 1664 ι
1178 1639 1270 1666 Πάντα
1284 1638 1334 1666 ὅσα
1348 1638 1404 1673 ἔχει
1418 1638 1432 1664 6
1444 1637 1548 1673 Πατὴρ,
1561 1637 1615 1672 ἐμά
1634 1637 1704 1663 ἔστι.
1716 1644 1726 1661 ι
1742 1635 1821 1662 Πλει-

1038 1684 1136 1720 σταχοῦ
1152 1683 1307 1720 τοιγαροῦν,
1325 1683 1373 1711 καὶ
1384 1683 1415 1710 οὐ
1432 1683 1492 1710 καθ’
1509 1683 1557 1709 ἕνα
1570 1682 1680 1718 τρόπον,
1696 1679 1744 1707 τοῦ
1757 1689 1822 1707 παν-

1038 1730 1119 1765 σύφου
1130 1730 1252 1761 Μωσέως
1264 1729 1516 1765 κατασημαίνοντος
1529 1729 1574 1755 τὸν
1582 1728 1658 1760 Υιδν,
1670 1724 1822 1754 παυσάσθω

1036 1775 1139 1809 λέγων’
1162 1775 1193 1802 ’0
1207 1775 1245 1810 δὴ
1258 1775 1343 1808 υιοὺς
1357 1774 1492 1807 πολλοὺς
1504 1773 1657 1809 ὀνομὰζξυν
1672 1773 1759 1806 Θεοῦ,
1772 1772 1821 1799 καὶ

1037 1822 1163 1854 τούτους
1183 1822 1238 1848 οὐκ
1263 1821 1447 1855 ἀνθρώπους.
1468 1819 1615 1855 ἀγγέλους
1635 1819 1679 1852 δὲ,
1697 1819 1752 1846 τὸν
1764 1821 1822 1846 Μο-

1036 1867 1144 1902 νογενῆ
1160 1868 1256 1902 λέγων
1270 1866 1354 1898 Θεοῦ,
1368 1867 1387 1901 ἢ
1407 1866 1476 1893 Υίὸν
1490 1866 1574 1899 Θεοῦ,
1589 1865 1608 1900 ἢ
1622 1866 1702 1899 ὅπως
1721 1864 1822 1892 καλεῖ-

1036 1921 1094 1944 ται.
1120 1913 1204 1948 εἵπερ
1233 1913 1408 1947 ἐγίνωσκεν,
1437 1914 1492 1940 οὐκ
1518 1913 1558 1940 ἂν
1578 1914 1622 1945 εὶς
1645 1911 1822 1946 ἀνθρώπους

1036 1957 1187 1992 ἐμήνυσες
1200 1957 1418 1992 Διαμεμήνυκεν,
1432 1953 1454 1984 ὦ
1466 1957 1541 1992 σοφὲ,
1553 1957 1600 1984 καὶ
1612 1956 1683 1992 μάλα
1695 1955 1822 1982 πλειστά-

1037 2012 1090 2035 κις,
1101 2004 1148 2031 καὶ
1156 2004 1247 2037 σαφῶς
1256 2010 1263 2018 '
1279 2003 1371 2038 συνίης
1382 2012 1414 2038 γε
1430 2003 1483 2039 μὴν
1497 2003 1577 2034 αὐτὸς
1589 2002 1690 2037 ἥκιστά
1715 2010 1758 2035 γε,
1775 2000 1821 2027 καί

1036 2057 1077 2076 τοι
1090 2050 1259 2086 γεγραφότος
1275 2050 1322 2077 καὶ
1335 2050 1407 2085 μάλα
1419 2049 1522 2085 ὀρθῶς·
1548 2058 1559 2075 ι
1573 2048 1675 2084 Κύριον
1694 2048 1741 2075 τὸν
1756 2046 1821 2072 Θεόν

1038 2103 1085 2122 σου
1103 2097 1308 2132 προσκυνήσεις,
1318 2096 1364 2123 καὶ¹
1381 2095 1455 2131 αὑτῷ
1468 2095 1539 2130 μόνῳ
1551 2095 1720 2130 λατρεύσεις,
1734 2104 1744 2121 ι
1774 2096 1822 2122 καὶ

1037 2142 1087 2168 ὅσα
1109 2141 1214 2173 τούτοις
1228 2142 1288 2168 ἐστὶ
1302 2141 1495 2177 συμϐαίνοντα.
1509 2138 1575 2168 Εἶτα
1590 2141 1660 2176 πρὸς
1681 2140 1822 2176 ἀναίρεσιν

1037 2186 1084 2213 τοῦ
1098 2186 1174 2217 Υἰοῦ,
1187 2187 1235 2213 καὶ
1257 2186 1317 2221 οὐχὶ
1340 2186 1372 2221 δὴ
1394 2185 1493 2221 μᾶλλον
1517 2186 1586 2221 πρὸς
1600 2185 1756 2221 ἀνατροπὴν
1767 2185 1822 2212 τῶν

1038 2231 1092 2258 σῶν
1107 2231 1231 2267 εἰρῆσθαι
1245 2231 1314 2258 θεῶν
1329 2231 1364 2258 τὰ
1375 2231 1464 2258 τοιάδε
1478 2231 1602 2266 νομίσας,
1616 2231 1647 2257 οὐ
1661 2230 1822 2262 κατέδεισας

1036 2278 1122 2304 εἰπεῖν
1133 2285 1141 2292 '
1162 2277 1193 2303 '0
1212 2275 1259 2304 οὖν
1277 2277 1379 2313 Μωσῆς
1395 2277 1480 2304 πολλὰ
1494 2275 1605 2304 τοιαῦτα
1627 2276 1675 2303 καὶ
1685 2276 1820 2311 πολλαχοῦ

1035 2323 1122 2357 λέγει·
1144 2332 1153 2348 ι
1169 2323 1271 2358 Κύριον
1293 2323 1338 2351 τὸν
1358 2323 1425 2350 Θεόν
1449 2331 1497 2350 σου
1519 2322 1732 2358 φοϐηθήσῃ,καὶ
1747 2322 1821 2357 αὐτῷ

1038 2369 1109 2410 μόνῳ
1125 2369 1291 2404 λατρεύσεις.
1307 2378 1316 2395 ι
1333 2369 1396 2401 Πῶς
1409 2366 1455 2396 οὖν
1469 2369 1485 2396 6
1505 2369 1607 2404 Ἰησοῦς
1620 2370 1650 2396 ἐν
1661 2370 1717 2401 τοῖς
1730 2369 1820 2402 Εὐαγ-

1037 2414 1137 2448 γελίοις
1150 2413 1326 2449 παραδέδοται
1339 2413 1529 2448 προστάττων·
1549 2421 1558 2438 ι
1573 2412 1755 2448 Πορευθέντες
1768 2420 1820 2446 μαο

1037 2458 1185 2494 θητεύσατε
1203 2458 1291 2484 πάντα
1310 2457 1344 2485 τὰ
1367 2457 1442 2493 ἔθνη,
1459 2457 1634 2493 βαπτίζοντες
1658 2456 1758 2488 αὐτοὺς
1780 2457 1819 2487 εις

1037 2505 1067 2532 τὺ
1085 2505 1170 2539 ονομα
1191 2503 1240 2530 τοῦ
1262 2503 1379 2539 Πατρδς,
1395 2504 1442 2531 καὶ
1463 2503 1510 2530 τοῦ
1524 2502 1601 2537 Υἱοῦ,
1617 2502 1664 2530 καὶ
1677 2502 1724 2529 τοῦ
1740 2502 1819 2536 ἁγίου

1037 2549 1192 2585 Πνεύματος
1203 2557 1211 2582 ;
1225 2558 1234 2575 I
1252 2548 1342 2585 Πεύσῃ
1352 2548 1442 2576 τοίνυν
1456 2549 1503 2575 καὶ
1518 2548 1585 2584 πρός
1596 2557 1627 2583 γε
1637 2547 1717 2583 ἡμῶν
1726 2547 1817 2578 αὑτός.

1037 2595 1110 2627 Πῶς,
1124 2594 1185 2621 εἰπέ
1209 2602 1264 2630 μοι,
1282 2594 1404 2625 Μωσέως
1428 2593 1475 2621 καὶ
1497 2592 1642 2628 προφητῶν
1666 2592 1716 2627 τὴν
1738 2591 1818 2626 ἁγίαν

1036 2641 1082 2667 καὶ
1104 2639 1246 2676 ὸμοούοιον
1270 2640 1470 2676 ὁμολογούντων
1486 2638 1600 2674 Τριάδα,
1619 2637 1666 2664 καὶ
1691 2637 1747 2664 τῶν
1764 2637 1817 2663 σῶν

1035 2686 1154 2721 λογάδων
1168 2685 1217 2712 οὐκ
1230 2684 1404 2720 ἡγνοηκᾶτων
1424 2684 1454 2710 τὸ
1466 2684 1571 2720 χρῆμα,
1587 2682 1709 2719 σκληρὰν
1725 2691 1755 2710 τε
1772 2682 1818 2709 καὶ

1034 2732 1210 2768 ἀνουθέτητον
1224 2730 1275 2766 τὴν
1288 2730 1442 2766 ἀγερωχίαν
1454 2729 1504 2757 οὐκ
1523 2727 1601 2757 οἶσθα
1615 2728 1722 2761 παθώνς
1738 2729 1817 2764 ἀρχι-

1225 2831 1342 2868 ηοω.
1354 2838 1420 2866 xvn,
1439 2831 1483 2864 10,
1537 2830 1579 2868 ,ίο
1593 2828 1672 2858 Joan.
1691 2836 1751 2864 ut,
1772 2827 1814 2857 l5.

215 2865 235 2881 "
256 2864 332 2893 Deut.
349 2873 387 2899 v1,
407 2867 454 2901 I5;
468 2866 562 2897 Matth.
579 2876 617 2903 ιν,
631 2869 674 2897 lo.
713 2869 734 2884 "
752 2867 829 2896 Deut.
848 2875 873 2901 ι,
893 2868 939 2895 ‘20.
978 2867 999 2884 ¹³
1012 2867 1106 2896 Matth.
1126 2874 1221 2901 ιινιιι,
1239 2866 1282 2895 19.
