1894 3056
136 149 192 176 953
719 151 857 179 CONTRA
877 151 1051 182 JULIANUM
1072 153 1137 181 LIB.
1158 154 1204 182 lx.
1707 157 1759 185 954

136 209 191 240 xi:
206 209 261 244 γὰρ
274 209 320 236 καὶ
330 209 407 236 αὐτοὶ
419 210 494 244 τρεῖς
506 210 654 238 δεδώκασιν
666 210 840 244 ὑποστάσεις,
853 212 884 239 ἀτ

1008 213 1201 249 tipulantur,ad
1213 214 1269 241 hac
1278 212 1367 241 forsan
1378 212 1514 241 dicturos:
1525 213 1642 241 Verbum
1653 215 1756 250 utique,

137 254 288 286 διιστάντες
302 255 351 290 μὲν
363 255 448 288 αύτάς
457 255 590 292 ἀλλήλων,
604 257 651 284 καὶ
665 257 706 288 εἰς
721 257 751 284 τὸ
766 259 840 292 μεῖον
856 258 885 284 ὐτ

1010 260 1084 292 bone,
1099 259 1220 294 adeoque
1241 259 1381 291 virtutem,
1393 263 1421 286 et
1448 258 1600 291 brachium,
1617 258 1758 294 Patrisque

138 298 312 332 διδάξοντεςο
336 300 367 327 οὐ
401 301 455 337 γὰρ
479 301 579 337 ᾔδεσάν
608 310 659 329 που
689 302 735 330 τὸν
763 304 886 338 ὰκραιφν

1009 309 1124 337 xteram,
1141 304 1239 332 Filium
1262 305 1412 332 nominavit
1441 304 1546 338 Moses;
1569 310 1756 333 verumtamen

139 346 239 381 έχοντα
253 346 318 381 περὶ
340 345 407 374 Θεοῦ
425 346 514 381 λόγον,
529 348 598 383 πλὴν
610 348 660 375 οὐκ
673 349 790 376 εἰσάπαν
805 350 887 385 ὴμοιρ

1006 350 1168 378 carnationis
1187 350 1294 377 modum
1311 349 1436 377 nescivit.
1454 348 1561 377 Videsis
1577 349 1670 384 igitur,
1684 350 1754 382 vide,

139 392 220 424 κότες
239 391 285 419 τοῦ
308 392 358 428 τῆς
379 392 509 429 ἀληθείας
531 393 648 429 ὲξῆφθαι
667 394 856 423 δοκεῖν.’Δλλά
868 404 886 429 γ

1006 395 1038 423 ιίἁ
1055 394 1274 430 sapientissimus
1300 393 1346 422 ille
1358 394 1401 421 vir
1415 394 1449 421 de
1462 394 1506 422 his
1523 394 1590 429 ipsis
1604 395 1754 429 scripserit.

139 438 302 474 αἰσθάνομαι
327 439 408 468 πάλιν
428 439 467 472 ὡς
488 440 560 475 τάχα
584 440 636 468 πού
658 449 731 474 τινες
753 441 809 468 τῶν
828 441 887 469 τὰῑ

1007 444 1019 468 ι
1031 440 1130 475 quippe
1142 439 1225 468 Jacob
1239 438 1342 466 Labani
1367 439 1476 466 domum
1491 438 1634 473 reliquisse
1648 439 1754 467 deside-

139 483 348 518 πφρονηκότων
372 483 456 520 αὐτῷ,
474 485 552 520 φαῖεν
575 484 608 512 ἀν
633 485 699 517 ἴσως
726 486 774 513 καὶ
799 486 867 522 πρός

1005 493 1014 513 ›
1039 485 1132 520 patriai
1156 485 1326 520 repetendae.
1342 493 1352 510 ι
1370 483 1437 512 Cum
1466 488 1555 511 autem
1581 485 1700 512 venisset
1722 485 1753 511 ad

137 529 218 556 ταυτί
226 538 233 545 θ
247 530 299 556 Ναὶ
315 529 410 564 Λόγον,
424 527 448 556 ὦ
460 531 519 562 τᾶν,
532 530 579 557 καὶ
601 531 693 566 μέντοι
724 534 771 558 καὶ
795 531 883 567 δύναμ

1007 531 1055 558 boc
1071 532 1080 565 (
1097 531 1120 558 is
1138 537 1198 558 erat
1220 530 1365 563 torrens),
1379 530 1539 562 transvexit.
1552 530 1755 565 inquit,pueros

138 575 268 611 βραχίονά
289 584 330 608 τε,
347 577 394 603 καὶ
415 575 504 608 δεξιὰν
526 576 574 604 τοῦ
598 577 704 612 Πατρὸς
726 578 852 613 ὠνόμακε
875 587 886 605 1

1007 583 1036 604 os
1051 584 1059 602 :
1076 575 1186 603 relictus
1213 581 1302 603 autem
1319 574 1453 603 estJacob
1465 575 1547 602 solus.
1558 574 1592 602 Et
1605 575 1755 602 luctabatur

137 621 202 648 Υἰδν
225 622 240 648 ό
267 622 385 657 Μωῦσῆς
398 630 405 636 ·
418 621 463 648 τόν
486 630 518 656 γε
543 622 596 657 μὴν
617 622 667 658 τῆς
688 623 885 659 ὲνανθρωπήσει

1009 629 1051 648 ιιιο
1063 628 1123 649 cum
1136 629 1170 649 eo
1188 628 1273 656 usque
1294 628 1371 648 mane
1383 621 1416 649 ⁸⁸.
1438 630 1449 647 ι
1464 620 1496 647 Et
1510 625 1602 655 postea
1616 629 1624 647 :
1639 629 1651 648 ι
1668 621 1755 649 Inter-

135 666 255 702 ἠγνόηκε
276 666 486 702 τρόπον.’Δθρει
501 667 533 703 δὴ
547 665 604 700 οὖν,
618 667 698 704 ἄθρει
713 668 760 695 τὸν
783 669 883 703 πάνσος

1007 667 1074 700 gavit
1089 671 1179 694 autem
1199 665 1293 698 Jacob.
1309 670 1336 693 et
1351 666 1419 693 dixit
1435 673 1443 693 :
1461 665 1598 694 Annuntia
1615 667 1681 694 mihi
1706 675 1755 694 no-

135 711 244 747 ἀληθῶς
263 712 310 738 καὶ
325 713 389 748 περί
412 721 443 747 γε
464 712 566 740 τούτων
581 713 672 740 αὐτῶν
692 713 740 740 ὡδὶ
753 715 883 750 γεγραφόιι

1007 720 1030 751 ιιι
1046 717 1118 739 tuum
1132 720 1140 744 ;
1153 717 1180 739 et
1193 712 1280 739 dixit:
1294 711 1330 740 Ut
1340 712 1403 746 quid
1413 719 1490 747 rogas
1501 717 1528 740 tu
1543 719 1639 740 nomen
1651 713 1755 740 meum?

137 758 211 792 Ἔφη
229 758 278 792 μὲν
299 757 354 794 γὰρ
371 758 419 793 τῆς
441 758 490 785 τοῦ
506 758 600 785 Δάὃαν
622 759 715 791 ἑστίας
735 759 885 795 ἀποφοιτῆσ

1017 758 1156 786 benedixit
1172 765 1233 785 eum
1247 757 1293 785 ibi.
1310 758 1343 786 Et
1359 759 1467 785 vocavit
1489 757 1574 786 Jacob
1590 765 1687 786 nomen
1704 758 1753 786 1οοί

133 802 181 829 τὸν
203 802 309 835 Ἰακὼ6,
326 803 374 830 καὶ
397 803 447 838 τῆς
463 803 626 838 ἐνεγκούσης
646 804 722 839 ὲρᾷν.
737 812 747 829 ι
758 804 866 840 Ἐπειδὴ

1009 812 1051 837 us,
1063 804 1174 840 Species
1185 803 1245 832 Dei.
1256 804 1316 832 Vidi
1329 804 1401 831 enim
1415 804 1510 837 Deum,
1525 804 1622 838 inquit,
1640 804 1709 832 facie
1721 805 1754 831 ad

135 848 230 883 γέγονε
245 844 312 884 πρδς
327 848 365 884 τῷ
380 848 468 876 Ἰαῦδκ
482 849 659 885 (χειμάρρους
670 849 699 876 δὲ
712 846 817 884 οὗτος),
833 850 883 877 dist

988 851 1077 882 tciem.
1093 856 1120 878 et
1134 851 1208 878 salva
1222 850 1293 878 facta
1311 856 1354 878 est
1380 850 1470 878 anima
1489 858 1547 878 mea
1561 851 1594 878 “.
1613 860 1623 878 ι
1640 850 1687 879 His
1704 859 1736 878 an

134 894 212 926 ϐασι,
226 894 303 929 φησὶ,
316 894 411 921 παιδία
430 894 524 927 αὐτοῦ,
539 894 687 930 ὑπελείφθη
704 894 733 921 δὲ
749 895 846 922 Ἰακὼὸ
865 905 882 931 μ

1005 904 1022 924 n
1037 895 1146 924 divinus
1161 895 1249 924 Moses
1264 896 1338 924 addit
1353 904 1361 922 :
1380 905 1389 922 t
1405 896 1488 924 Ortus
1503 900 1593 924 autem
1603 902 1645 925 est
1664 897 1688 925 ei
1701 897 1753 929 sul,

135 947 194 972 νος·
212 939 257 966 καὶ
273 939 401 967 ὲπάλαιιν
413 939 556 975 ἄνθρωπος
573 939 632 975 μετ’
645 939 728 967 αὐτοῦ
743 940 795 973 ἕως
809 941 882 977 πρωϊ

1005 942 1080 970 αηόο
1095 942 1219 970 transivit
1240 942 1343 977 species
1353 941 1400 969 Dei
1419 943 1452 969 “.
1469 951 1477 968 I
1496 941 1517 970 Ο
1531 950 1587 970 rem
1607 943 1753 970 admirabi-

135 985 193 1011 Καὶ
212 985 271 1020 μεθ’
288 985 387 1021 ἕτερα·
403 995 413 1012 ι
425 985 566 1022 Ὴρώτησε
586 985 616 1012 δὲ
635 985 742 1019 Ἰακὼϐ,
756 987 804 1014 καὶ
822 984 882 1014 εἷπε

1002 996 1034 1020 n,
1048 988 1186 1024 limatique
1194 988 1299 1024 judicii,
1311 992 1338 1015 et
1350 988 1402 1015 vim
1416 989 1537 1023 mysterii
1548 988 1650 1016 Christi
1661 989 1750 1016 subli—

140 1031 313 1066 ’Δνάγγειλόν
328 1040 373 1067 μοι
385 1032 415 1058 τὸ
428 1031 515 1067 ὄνομά
529 1040 587 1059 σου.
602 1033 655 1059 Καὶ
669 1029 745 1059 εἶπεν
757 1040 764 1048 ο
786 1033 867 1060 Ίνατι
884 1043 888 1058 ‹

1003 1034 1072 1062 sime
1085 1034 1272 1068 percipientisi
1287 1034 1354 1062 Cum
1371 1034 1520 1061 luctaretur
1534 1035 1615 1062 homo
1631 1034 1701 1062 [acie
1717 1035 1751 1061 ad

133 1076 212 1104 τοῦτο
227 1077 331 1112 ἐρωτᾷς
352 1076 383 1104 τὸ
407 1077 494 1112 ὄνομά
515 1086 584 1112 μου;
603 1078 657 1104 Καὶ
676 1078 822 1113 εὐλόγησεν
837 1078 881 1105 αὐτ

1006 1079 1076 1113 :iem,
1094 1079 1176 1107 Deum
1194 1079 1295 1107 vidisse
1320 1080 1367 1112 ait,
1385 1087 1501 1115 eumque
1520 1080 1630 1114 speciem
1644 1079 1694 1107 Dei
1707 1087 1754 1106 no—

134 1124 200 1151 ὲκετ.
217 1123 272 1150 Καὶ
283 1123 411 1150 ἐκάλεσεν
432 1122 528 1150 Ἰακὼδ
542 1123 574 1150 τὸ
586 1123 670 1157 θνομα
686 1124 732 1150 τοῦ
746 1125 830 1151 τόπου
845 1125 882 1151 tu:

1005 1129 1065 1152 ruat.
1080 1123 1153 1152 Deus
1172 1124 1246 1152 enim
1269 1129 1328 1152 erat
1340 1132 1415 1157 vere,
1427 1129 1455 1152 et
1479 1129 1519 1152 est
1546 1123 1677 1162 Verbum,
1691 1124 1753 1152 licet

133 1177 191 1199 νου,
204 1165 281 1200 Εῐδος
305 1168 384 1196 Θεοῦ.
409 1166 486 1195 Εἶδον
511 1167 566 1204 γάρ
589 1168 655 1195 Θεὸν
679 1168 824 1205 πρόσωπον
849 1177 881 1205 πε

1004 1178 1033 1197 ro
1056 1169 1158 1198 factum
1183 1170 1229 1203 sit,
1245 1170 1396 1198 secundum
1420 1170 1576 1205 Scripturas
1603 1170 1634 1198 ".
1656 1170 1709 1198 Sed
1727 1175 1752 1197 et

133 1216 288 1252 πρόσωπον,
307 1215 353 1243 καὶ
365 1215 452 1251 ἐσώθη
469 1224 521 1251 μου
540 1216 558 1252 ἡ
570 1215 656 1251 ψυχή.
671 1225 680 1241 ι
698 1215 870 1251 Προσεπάγει

1005 1220 1112 1244 aracter
1124 1215 1284 1244 substantia;
1301 1215 1390 1243 Patris
1405 1217 1548 1248 remansit.
1563 1217 1687 1251 quamvis
1699 1216 1753 1244 for-

132 1262 236 1294 τούτοις
255 1263 269 1289 ὁ
284 1261 426 1293 θεσπέσιος
444 1261 579 1297 Μωῠσῆς-
597 1271 607 1288 t
620 1260 749 1288 ’Δνέτειλε
770 1260 798 1287 δὲ
813 1260 880 1296 αὑτᾷ

1004 1270 1039 1289 im
1053 1262 1124 1290 servi
1137 1263 1242 1290 ratione
1257 1262 1468 1297 dispensationis
1480 1262 1608 1290 induerit.
1623 1261 1752 1289 Immuta-

132 1308 218 1342 ἥλιος,
235 1308 317 1344 ἡνίκα
327 1307 447 1343 παρῆλθε
461 1307 491 1335 τὸ
504 1305 573 1340 εῐδος
583 1307 631 1334 τοῦ
641 1307 719 1336 Θεοῦ.
735 1307 784 1334 »Ὠ
797 1307 880 1342 μεγάλ

1004 1308 1031 1335 ηἱσ
1046 1307 1118 1334 enim
1132 1312 1158 1335 et
1172 1307 1338 1335 alteratiouis
1353 1312 1396 1335 est
1407 1315 1503 1343 expers
1515 1308 1661 1335 secundum
1675 1312 1752 1334 natu-

132 1352 282 1389 θαύματος,
297 1352 344 1380 καὶ
361 1352 528 1388 ἀκραιφνοῦς
549 1352 679 1386 διανοίας,
696 1353 742 1380 καὶ
756 1351 801 1380 νοῦ
816 1361 880 1380 κατε

1001 1362 1037 1380 m.
1053 1353 1129 1386 Quod
1141 1358 1230 1380 autem
1245 1353 1268 1380 is
1286 1353 1377 1386 homo,
1386 1354 1430 1388 qui
1447 1361 1508 1381 cum
1522 1352 1605 1381 Jacob
1623 1353 1749 1385 luctatur,

133 1398 290 1435 ρινημένου,
311 1398 358 1426 καὶ
373 1398 508 1430 συνιέντος
523 1398 620 1434 ἰσχνῶς
641 1397 688 1426 τοῦ
713 1398 785 1426 κατά
800 1399 881 1434 Χρισιι

1007 1399 1135 1434 igeuitutn
1149 1398 1184 1426 sit
1195 1398 1241 1426 Dei
1253 1398 1382 1431 Verbum.
1394 1399 1458 1427 olim
1472 1407 1501 1427 se
1510 1399 1630 1427 futurum
1645 1400 1671 1427 in
1689 1406 1751 1434 spe-

133 1445 283 1480 μυστηρίου
297 1444 347 1480 τὴν
365 1444 479 1479 δύναμιν
492 1444 499 1471 ι
514 1443 749 1479 Προσπαλαίοντος
770 1443 881 1480 avom

1004 1453 1010 1472 ι
1033 1449 1122 1472 nostra
1152 1444 1254 1472 sanctis
1277 1443 1403 1472 Patribus
1429 1449 1693 1480 praemonstrans,ex
1719 1445 1752 1473 iis

133 1491 280 1526 πρόσωπον
294 1490 363 1525 πρὸς
376 1489 531 1526 πρόσωπον,
542 1489 692 1525 ἑωρακέναι
707 1489 774 1524 φησὶ
783 1489 829 1515 τὸν
839 1489 881 1515 Θεί

1001 1498 1026 1518 σε
1036 1491 1146 1525 scripsit
1158 1490 1246 1518 Moses
1259 1490 1328 1518 citra
1342 1491 1477 1526 negotium
1495 1491 1584 1527 quivis
1607 1490 1749 1526 intelliget.

131 1537 178 1563 καὶ
190 1530 272 1569 εἶδος
285 1536 365 1563 αὑτὸν
375 1535 502 1571 ὀνομάζει
518 1535 603 1562 Θεοῦ.
618 1535 684 1567 Θεὸς
695 1535 749 1570 γὰρ
764 1532 798 1569 ἦν
810 1535 877 1570 ἀληθ

1002 1542 1012 1564 t
1025 1537 1095 1564 enim
1114 1545 1122 1563 :
1137 1545 1148 1562 ι
1166 1536 1237 1564 Dixit
1252 1541 1342 1564 autem
1357 1536 1487 1564 Dominus
1508 1537 1542 1565 ad
1557 1536 1641 1565 Iacob
1656 1545 1664 1564 :
1683 1537 1750 1565 Sur-

131 1584 179 1611 mit
195 1584 269 1611 ⁴ἐστιν
292 1585 306 1610 ὸ
327 1569 428 1618 Λόγος..
447 1583 494 1610 καὶ
520 1583 544 1610 εί
570 1582 665 1617 γέγονε
682 1569 761 1618 σάρξ,
777 1569 879 1610 κατὰγτ

1002 1590 1034 1611 ns
1047 1582 1114 1610 vade
1125 1582 1151 1609 in
1168 1583 1255 1610 lacum
1269 1581 1375 1615 Bethei,
1395 1587 1423 1610 et
1437 1583 1526 1611 habita
1542 1583 1608 1616 illic,
1619 1588 1646 1611 et
1660 1583 1702 1611 fac
1715 1583 1750 1611 ibi

130 1627 253 1665 Ϊραφὰς.
262 1628 407 1665 Μεμένηκε
422 1628 452 1655 δὲ
465 1628 512 1656 καὶ
525 1628 668 1663 χαρακτὴρ
677 1627 728 1663 τῆς
741 1627 875 1655 ὑποστάσι

1003 1635 1053 1656 .are
1066 1628 1189 1662 Domino,
1202 1629 1248 1664 qui
1261 1629 1385 1664 apparuit
1396 1629 1524 1663 tibi,eum
1537 1629 1644 1664 fugeres
1656 1637 1670 1656 a
1681 1629 1751 1657 facie

129 1676 179 1703 τοῦ
202 1676 319 1711 Πατρὸς,
333 1676 422 1703 καίτοι
441 1675 491 1710 τὴν
511 1674 559 1701 τοῦ
580 1674 674 1701 δούλου
692 1674 800 1710 μορφὴν
816 1673 877 1700 ὐποὲ

1001 1680 1037 1700 au
1066 1672 1157 1701 fratris
1170 1673 1208 1700 tui
1227 1673 1258 1701 ³⁸.
1276 1683 1286 1700 ›
1306 1673 1376 1701 Num
1399 1673 1481 1709 igitur
1505 1675 1603 1710 aliquis
1625 1675 1694 1702 ultra
1709 1675 1749 1702 di-

129 1721 324 1757 οικονομικῶς·
345 1721 480 1757 ἄτρεπτος
500 1719 555 1755 γὰρ
577 1719 626 1747 καὶ
647 1719 825 1750 ἀναλλοίωτος
844 1727 877 1745 κα

1004 1719 1257 1751 rit.iucarnationis
1285 1719 1421 1755 Unigeniti
1435 1721 1542 1748 modum
1557 1720 1647 1748 Mosen
1672 1721 1749 1756 igno-

130 1768 213 1802 φύσιν
237 1767 387 1794 tasumst
404 1766 433 1793 δὲ
457 1767 472 1792 ὸ
494 1765 687 1800 προσπαλαίων
700 1764 739 1800 τῷ
756 1763 853 1791 Ἰακὼό
870 1764 916 1790 ἄν-
969 1765 1060 1793 rasse?

130 1815 251 1849 θρωπος.
268 1813 283 1839 ό
299 1812 445 1848 μονογενής
462 1812 519 1838 ἐστι
538 1810 584 1838 τοῦ
601 1810 669 1838 Θεοῦ
682 1810 776 1845 Λόγος,
790 1809 820 1841 ὃς
839 1809 915 1836 ἔσται
934 1810 1005 1837 κατὰ
1026 1812 1139 1846 καιροὺς
1161 1812 1192 1839 ὲν
1213 1812 1279 1839 εῖδει
1308 1812 1348 1847 τῷ
1362 1812 1423 1840 καθ’
1451 1812 1526 1847 ἡμᾶς
1538 1810 1750 1848 προαναδεικνὺς

128 1863 187 1893 τοῖς
209 1861 297 1896 ἁγίοις
323 1860 468 1896 πατράσιν,
489 1859 519 1892 ἐξ
540 1856 578 1886 ὧν
601 1859 740 1894 γέγραφεν
762 1859 776 1884 ὸ
798 1855 917 1892 Μωΰσῆς
936 1859 1038 1886 κατίδοι
1053 1867 1096 1892 τις
1107 1859 1151 1893 ἂν,
1165 1860 1213 1888 καὶ
1229 1861 1302 1896 μάλα
1329 1861 1438 1896 ῥᾳδίως.
1457 1861 1528 1896 Ἔφη
1539 1859 1605 1896 γὰρ,
1615 1859 1655 1886 ὅτι
1668 1855 1750 1886 «Birt:

130 1907 158 1934 te
176 1907 275 1943 Κύριος
290 1907 358 1942 πρὸς
374 1905 470 1934 Ἰακώὸ
480 1914 486 1922 ·
509 1906 637 1936 Ἀναστὰς
650 1904 795 1940 πορεύθητι
811 1905 851 1936 είς
868 1904 913 1932 τὸν
929 1905 1011 1932 τόπον
1023 1906 1135 1941 Βιιθὴλ,
1161 1907 1208 1934 καὶ
1221 1907 1290 1935 οἴκει
1303 1908 1371 1942 ἐκεῖ,
1402 1908 1450 1935 καὶ
1461 1907 1574 1943 ποίησον
1587 1907 1646 1934 ἐκεῖ
1654 1906 1750 1933 θυσια-

131 1956 242 1991 στήριον
257 1954 352 1990 Κυρίῳ
375 1953 414 1990 τῷ
435 1953 542 1989 ὀφθέντι
558 1961 610 1984 σοι,
624 1953 653 1979 ὲν
665 1952 705 1988 τῷ
724 1952 752 1979 δὲ
764 1952 971 1988 ἀποδιδράσκειν
999 1953 1054 1981 ἀπὸ
1083 1955 1231 1990 προσώπου
1254 1955 1340 1983 Ἡσαῦ
1365 1955 1414 1983 τοῦ
1445 1954 1560 1989 ἀδελφοῦ
1590 1964 1647 1983 σου.
1662 1952 1752 1990 »Ἆρ’

130 2001 178 2030 οὖν
191 2003 231 2030 ἐτι
244 2001 374 2030 καὶκατὰ
394 2001 472 2028 τοῦτο
494 2002 552 2037 ιρεϊ
576 2009 618 2032 τις
636 1999 799 2036 ἠγνοηκέναι
816 2000 918 2028 Mucia.
934 2001 984 2038 τῆς
997 2001 1228 2038 ὲνανθρωτιήσεως
1261 2003 1308 2030 τοῦ
1323 2003 1489 2037 Μονογενοῦς
1500 2002 1546 2029 τὸν
1560 2002 1679 2037 τρόπονς

173 2049 281 2084 Ἐπειδὴ
298 2048 327 2075 δὲ
340 2048 522 2084 διαμέμνηται
536 2047 584 2074 καὶ
603 2046 725 2081 ἀγγέλων
740 2047 755 2074 ό
768 2046 913 2082 κράτιστος

1003 2047 1132 2075 ῧιειοηιηι
1138 2049 1264 2083 quoniam
1271 2049 1424 2083 angelorum
1432 2054 1536 2083 quoque
1543 2048 1625 2084 296
1630 2047 1751 2075 meminit

138 2094 289 2127 Ἰουλιανδς.
302 2094 349 2121 καὶ
364 2094 498 2130 ἀκρασίας
513 2094 554 2125 εἰς
567 2092 646 2120 τοῦτο
658 2091 820 2120 καθικέσθαι
831 2100 886 2128 φησ

1002 2093 1205 2122 rstantissimus
1226 2094 1270 2122 ille
1284 2093 1425 2127 lJulianus,
1442 2099 1469 2121 et
1489 2101 1522 2121 eo
1540 2093 1750 2128 intemperantia

131 2141 240 2173 αὐτοὺς,
256 2141 294 2172 ὡς
308 2141 356 2167 καὶ
368 2140 487 2174 γυναίων
500 2139 586 2175 ὥραις
597 2139 647 2166 οὐκ
660 2136 709 2166 οἷδ’
723 2139 797 2170 ὅπως
811 2139 879 2166 sum

1001 2142 1108 2167 evectos
1132 2139 1238 2172 asserit,
1266 2138 1525 2167 utmuliercularum
1549 2137 1635 2166 forma
1659 2138 1749 2165 nescio

131 2187 190 2223 δᾷν.
206 2187 254 2214 καὶ
275 2188 336 2218 ταῖς
358 2186 414 2213 τῶν
438 2185 570 2221 σωμάτων
594 2185 752 2220 ἐπιθυμίαις
774 2184 843 2220 πρὸς
864 2193 879 2211 τ

1003 2185 1100 2212 omodo
1111 2185 1183 2219 capti
1197 2184 1308 2218 fuerint,
1323 2190 1350 2212 et
1361 2184 1499 2220 corporeis
1519 2184 1675 2212 libidinibus
1688 2191 1749 2219 gra-

133 2233 209 2270 παρὰ
222 2232 303 2267 φύσιν
315 2233 408 2264 αὐτοῖς
419 2232 516 2267 ἡδονὰς
528 2230 742 2267 σεσαγηνεῦσθαι
751 2231 855 2263 δεινῶς,
863 2230 881 2257 ll

1001 2235 1037 2257 ter
1053 2230 1147 2258 irretiti
1161 2230 1186 2257 in
1202 2230 1353 2265 voluptates
1364 2238 1378 2257 a
1398 2237 1494 2258 natura
1507 2237 1555 2258 sua
1570 2230 1749 2257 abhorrentes

131 2278 164 2312 δὴ
180 2277 281 2309 παντὸς
295 2277 369 2303 ἰόντα
382 2275 494 2309 σκοποῦ,
515 2275 592 2311 φέρε,
606 2276 657 2302 κάν
682 2275 769 2310 τούτῳ
785 2274 879 2302 δεικνύι

1001 2276 1129 2303 turrerint
1145 2284 1152 2303 :
1169 2276 1280 2310 agedum
1292 2281 1319 2303 et
1330 2276 1355 2303 in
1370 2276 1422 2303 hoc
1432 2276 1605 2303 ostendamus
1626 2275 1698 2302 ίΙΙιιιιι
1715 2275 1749 2301 ab

135 2333 194 2360 μεν.
211 2324 267 2351 Καὶ
283 2323 440 2358 ἐξαγωνίοις
456 2322 504 2357 μὲν
518 2320 566 2349 οἷδ’
583 2322 624 2348 ὅτι
638 2321 796 2357 κεχρήμεθα
811 2321 883 2356 λόγοι

1001 2321 1039 2348 ini
1068 2327 1150 2356 scopo
1173 2320 1277 2355 longius
1293 2321 1434 2349 aberrare.
1449 2320 1483 2347 Et
1505 2327 1554 2347 nos
1568 2320 1691 2354 quidem,
1707 2322 1749 2346 sat

133 2370 326 2406 παροισθέντος
338 2369 367 2396 δὲ
385 2368 458 2401 ἅπαξ
473 2369 513 2401 εἰς
528 2367 609 2404 μέσον
622 2366 670 2394 τοῦ
689 2367 867 2403 διηγήματος,

999 2366 1035 2399 io,
1049 2371 1127 2394 extra
1155 2366 1321 2401 propositum
1347 2370 1534 2401 argumentum
1559 2365 1747 2397 excurrimus;

132 2415 234 2442 λυποῦν
245 2414 321 2441 οὐδὲν
333 2414 572 2449 συκοφαντουμένῃ
583 2413 630 2440 καὶ
640 2413 709 2448 αὐτῇ
721 2413 755 2448 τῇ
764 2412 820 2440 τῶν
828 2412 880 2447 ἀγιι

999 2411 1193 2447 d;expositione
1207 2412 1289 2439 semel
1308 2412 1334 2440 in
1349 2411 1466 2439 medium
1478 2410 1591 2445 prolata,
1602 2418 1682 2445 grave
1695 2417 1746 2437 non

132 2460 255 2496 ἀγγέλων
270 2459 468 2495 συναγορεῦσαι
481 2459 572 2494 φύσει,
591 2458 699 2494 μάλισθ’
712 2458 753 2485 ὅτι
769 2457 867 2492 γένοιτ’
879 2474 880 2479 η

999 2458 1016 2484 it
1030 2458 1112 2485 etiam
1127 2457 1176 2492 ipsi
1197 2462 1303 2485 natura:
1323 2462 1477 2485 sanctorum
1491 2456 1645 2491 angelorum
1656 2460 1747 2490 patro-

132 2507 187 2538 τοῖς
209 2505 394 2541 ἀκροωμένοις
407 2505 457 2531 οὐκ
472 2504 598 2540 ἀζήμιον,
625 2504 656 2531 τὸ
679 2503 726 2531 καὶ
738 2503 836 2535 αὐτοὺς
850 2511 880 2530 το

999 2503 1049 2531 mari
1074 2503 1216 2531 calumniis
1242 2503 1455 2531 circumventae:
1480 2503 1597 2530 maxime
1620 2509 1680 2529 cum
1695 2508 1747 2528 non

133 2552 227 2586 ἁγίους
249 2551 383 2586 ἀγγέλους
399 2552 458 2583 ταῖς
471 2551 525 2578 τῶν
540 2550 675 2586 σωμάτων
688 2549 773 2585 ὥραις
787 2549 881 2576 smn

1000 2557 1026 2577 te
1044 2549 1196 2577 auditorum
1227 2550 1327 2577 damno
1353 2549 1405 2576 dici
1431 2549 1526 2584 possit,
1540 2548 1613 2582 ipsos
1641 2554 1748 2582 quoque

131 2598 195 2633 χθαι
215 2598 315 2633 λέγειν,
339 2598 422 2633 ήγουν
442 2596 636 2632 ὲπιγάννυσθαι
655 2596 715 2628 ταῖς
735 2595 806 2623 οὕτω
835 2595 879 2631 βεθ

997 2594 1075 2628 Igelos
1089 2602 1232 2629 corporum
1252 2594 1366 2622 formam
1386 2593 1545 2628 deperiisse,
1558 2598 1605 2620 aut
1621 2596 1675 2619 tam
1694 2593 1745 2619 im-

131 2644 187 2676 λοις
208 2644 255 2670 καὶ
278 2643 478 2674 ἐκτοπωτάταις
501 2641 664 2678 ἡδοναῖς.Ἦ
688 2641 743 2677 γὰρ
766 2640 816 2667 οὐκ
840 2641 879 2668 ehi

996 2641 1040 2668 tris
1048 2646 1076 2668 et
1086 2641 1189 2669 insanis
1197 2640 1375 2675 voluptatibus
1385 2639 1524 2667 obiectari.
1537 2637 1663 2674 Nunquid
1673 2637 1744 2665 enitn

132 2690 256 2717 ἐντεῦθεν
270 2689 384 2716 ὀκλάσαι
395 2688 518 2721 πολλοὺς,
531 2687 580 2715 καὶ
591 2687 646 2714 τῶν
659 2687 807 2723 ἀμεινόνων
817 2686 880 2721 ὀλιγι

1000 2687 1111 2714 risimile
1138 2691 1179 2715 est
1200 2687 1299 2714 inultos
1320 2686 1382 2714 inde
1406 2686 1542 2714 turbatum
1568 2685 1612 2718 iri,
1636 2688 1663 2712 et
1678 2691 1747 2711 con-

132 2736 268 2772 ρήσαντας
283 2735 440 2763 ἀνθελέσθαι
454 2734 484 2761 τὺ
497 2733 647 2769 φιλήδονον,
662 2732 852 2769 ἑννινοηκότας
869 2732 880 2759 ε

996 2732 1076 2766 mptis
1094 2731 1240 2759 virtutibus
1263 2731 1408 2766 voluptatis
1424 2737 1543 2758 amorem
1560 2728 1744 2764 amplexuros.

131 2781 269 2810 δύσοιστον
282 2782 331 2809 καὶ
344 2781 456 2813 ἄναντες
478 2780 570 2813 αὐτοῖς
585 2779 662 2807 ισται
679 2787 731 2806 που
753 2778 862 2810 πάντως

999 2786 1024 2805 m
1048 2778 1076 2805 in
1104 2777 1225 2804 animum
1252 2776 1416 2807 induxeriut.
1432 2775 1629 2803 intolerandum
1656 2778 1682 2803 et
1699 2781 1745 2803 ar-

170 2861 193 2878 ³⁵
209 2860 278 2890 Gen.
294 2867 381 2895 sun,
397 2859 491 2888 22-24.
529 2858 551 2876 "
567 2858 633 2888 ibid.
647 2857 693 2893 29,
705 2857 750 2887 50,
789 2858 811 2874 ¹⁶
826 2857 891 2886 ibid.
908 2856 918 2884 ἓ

737 2862 750 2887 ν.
789 2858 811 2874 ¹⁶
826 2857 891 2886 ibid.
908 2856 952 2884 51.
991 2856 1012 2872 "
1028 2855 1105 2884 Juan.
1123 2864 1142 2891 t,
1161 2856 1201 2885 Η.
1241 2856 1262 2872 ¹¹
1275 2855 1342 2884 Gen.
1361 2863 1441 2889 Iuv,
1462 2855 1485 2885 Ι,
