  <div class='ocr_page' id='page_1' title='image "/cluster/home/n/w/nwhite01/storage/ocr_20150623/76/njp.32101007590019/537.png"; bbox 0 0 1894 3056; ppageno 0'>
   <div class='ocr_carea' id='block_1_1' title="bbox 135 118 191 150">
    <p class='ocr_par' dir='ltr' id='par_1_1' title="bbox 135 118 191 150">
     <span class='ocr_line' id='line_1_1' title="bbox 135 118 191 150; baseline 0 0"><span class='ocrx_word' id='word_1_1' title='bbox 135 118 191 150; x_wconf 79' lang='lat'><strong>955</strong></span> 
     </span>
    </p>
   </div>
   <div class='ocr_carea' id='block_1_2' title="bbox 633 116 1263 147">
    <p class='ocr_par' dir='ltr' id='par_1_2' title="bbox 633 116 1263 147">
     <span class='ocr_line' id='line_1_2' title="bbox 633 116 1263 147; baseline 0.003 -3"><span class='ocrx_word' id='word_1_2' title='bbox 633 116 662 144; x_wconf 88' lang='lat' dir='ltr'><strong>S.</strong></span> <span class='ocrx_word' id='word_1_3' title='bbox 684 116 823 145; x_wconf 71' lang='grc' dir='ltr'>ωιιιιιιι</span> <span class='ocrx_word' id='word_1_4' title='bbox 842 116 1081 146; x_wconf 77' lang='lat' dir='ltr'><strong>ALEXANDRINI</strong></span> <span class='ocrx_word' id='word_1_5' title='bbox 1100 117 1263 147; x_wconf 75' lang='lat' dir='ltr'><strong>AllCHlEP.</strong></span> 
     </span>
    </p>
   </div>
   <div class='ocr_carea' id='block_1_3' title="bbox 1723 121 1787 149">
    <p class='ocr_par' dir='ltr' id='par_1_3' title="bbox 1723 121 1787 149">
     <span class='ocr_line' id='line_1_3' title="bbox 1723 121 1787 149; baseline 0 0"><span class='ocrx_word' id='word_1_6' title='bbox 1723 121 1787 149; x_wconf 76' lang='lat'><strong>956</strong></span> 
     </span>
    </p>
   </div>
   <div class='ocr_carea' id='block_1_4' title="bbox 137 174 937 216">
    <p class='ocr_par' dir='ltr' id='par_1_4' title="bbox 137 174 918 213">
     <span class='ocr_line' id='line_1_4' title="bbox 137 174 918 213; baseline -0.004 -7"><span class='ocrx_word' id='word_1_7' title='bbox 137 179 221 206; x_wconf 88' lang='lat' dir='ltr'><strong>duum</strong></span> <span class='ocrx_word' id='word_1_8' title='bbox 234 177 286 206; x_wconf 86' lang='lat' dir='ltr'><strong>sibi</strong></span> <span class='ocrx_word' id='word_1_9' title='bbox 311 185 424 213; x_wconf 82' lang='lat' dir='ltr'><strong>prorsus</strong></span> <span class='ocrx_word' id='word_1_10' title='bbox 449 176 506 204; x_wconf 78' lang='lat' dir='ltr'><strong>fore</strong></span> <span class='ocrx_word' id='word_1_11' title='bbox 520 174 613 204; x_wconf 84' lang='lat' dir='ltr'><strong>carnis</strong></span> <span class='ocrx_word' id='word_1_12' title='bbox 633 175 751 202; x_wconf 93' lang='lat' dir='ltr'><strong>motibus</strong></span> <span class='ocrx_word' id='word_1_13' title='bbox 778 175 918 203; x_wconf 71' lang='lat' dir='ltr'><strong>resistendi</strong></span> 
     </span>
    </p>
   </div>
   <div class='ocr_carea' id='block_1_5' title="bbox 993 174 1784 216">
    <p class='ocr_par' dir='ltr' id='par_1_5' title="bbox 993 177 1784 216">
     <span class='ocr_line' id='line_1_5' title="bbox 993 177 1784 216; baseline 0.004 -13"><span class='ocrx_word' id='word_1_14' title='bbox 993 177 1162 212; x_wconf 84' lang='grc' dir='ltr'>ντιτετάχθαι</span> <span class='ocrx_word' id='word_1_15' title='bbox 1183 179 1272 212; x_wconf 76' lang='grc' dir='ltr'>φιλεῖν</span> <span class='ocrx_word' id='word_1_16' title='bbox 1289 178 1345 210; x_wconf 81' lang='grc' dir='ltr'>τοτς</span> <span class='ocrx_word' id='word_1_17' title='bbox 1365 178 1417 214; x_wconf 80' lang='grc' dir='ltr'>τῆς</span> <span class='ocrx_word' id='word_1_18' title='bbox 1442 179 1545 214; x_wconf 79' lang='grc' dir='ltr'>σαρκὸς</span> <span class='ocrx_word' id='word_1_19' title='bbox 1568 179 1734 216; x_wconf 75' lang='grc' dir='ltr'><strong>κινήμασιν,</strong></span> <span class='ocrx_word' id='word_1_20' title='bbox 1752 181 1784 206; x_wconf 76' lang='grc' dir='ltr'>ει</span> 
     </span>
    </p>
   </div>
   <div class='ocr_carea' id='block_1_6' title="bbox 138 221 924 259">
    <p class='ocr_par' dir='ltr' id='par_1_6' title="bbox 138 221 924 259">
     <span class='ocr_line' id='line_1_6' title="bbox 138 221 924 259; baseline -0.005 -5"><span class='ocrx_word' id='word_1_21' title='bbox 138 226 268 258; x_wconf 84' lang='lat' dir='ltr'><strong>studium,</strong></span> <span class='ocrx_word' id='word_1_22' title='bbox 281 225 304 252; x_wconf 87' lang='lat' dir='ltr'><strong>si</strong></span> <span class='ocrx_word' id='word_1_23' title='bbox 321 225 392 259; x_wconf 79' lang='lat' dir='ltr'><strong>ipsos</strong></span> <span class='ocrx_word' id='word_1_24' title='bbox 408 230 514 258; x_wconf 87' lang='lat' dir='ltr'><strong>quoque</strong></span> <span class='ocrx_word' id='word_1_25' title='bbox 526 225 635 250; x_wconf 81' lang='lat' dir='ltr'><strong>sanctos</strong></span> <span class='ocrx_word' id='word_1_26' title='bbox 659 221 768 257; x_wconf 81' lang='lat' dir='ltr'><strong>angelos</strong></span> <span class='ocrx_word' id='word_1_27' title='bbox 780 222 924 250; x_wconf 74' lang='lat' dir='ltr'><strong>credemus</strong></span> 
     </span>
    </p>
   </div>
   <div class='ocr_carea' id='block_1_7' title="bbox 141 267 925 306">
    <p class='ocr_par' dir='ltr' id='par_1_7' title="bbox 141 267 925 306">
     <span class='ocr_line' id='line_1_7' title="bbox 141 267 925 306; baseline -0.006 -7"><span class='ocrx_word' id='word_1_28' title='bbox 141 272 203 299; x_wconf 88' lang='lat' dir='ltr'><strong>huic</strong></span> <span class='ocrx_word' id='word_1_29' title='bbox 229 270 425 306; x_wconf 71' lang='lat' dir='ltr'><strong>perturbationi</strong></span> <span class='ocrx_word' id='word_1_30' title='bbox 454 269 540 296; x_wconf 77' lang='lat' dir='ltr'><strong>fuisse</strong></span> <span class='ocrx_word' id='word_1_31' title='bbox 568 267 720 296; x_wconf 73' lang='lat' dir='ltr'><strong>obnoxios?</strong></span> <span class='ocrx_word' id='word_1_32' title='bbox 740 267 815 301; x_wconf 85' lang='lat' dir='ltr'><strong>Quod</strong></span> <span class='ocrx_word' id='word_1_33' title='bbox 843 268 925 304; x_wconf 77' lang='lat' dir='ltr'><strong>igitur</strong></span> 
     </span>
    </p>
   </div>
   <div class='ocr_carea' id='block_1_8' title="bbox 139 313 925 350">
    <p class='ocr_par' dir='ltr' id='par_1_8' title="bbox 139 313 925 350">
     <span class='ocr_line' id='line_1_8' title="bbox 139 313 925 350; baseline -0.004 -5"><span class='ocrx_word' id='word_1_34' title='bbox 139 325 246 349; x_wconf 80' lang='lat' dir='ltr'><strong>eorum,</strong></span> <span class='ocrx_word' id='word_1_35' title='bbox 263 324 323 350; x_wconf 72' lang='lat' dir='ltr'><strong>qua:</strong></span> <span class='ocrx_word' id='word_1_36' title='bbox 349 316 449 350; x_wconf 89' lang='lat' dir='ltr'><strong>scripta</strong></span> <span class='ocrx_word' id='word_1_37' title='bbox 475 318 547 347; x_wconf 84' lang='lat' dir='ltr'><strong>sunt,</strong></span> <span class='ocrx_word' id='word_1_38' title='bbox 561 320 672 342; x_wconf 78' lang='lat' dir='ltr'><strong>sensum</strong></span> <span class='ocrx_word' id='word_1_39' title='bbox 695 313 836 348; x_wconf 85' lang='lat' dir='ltr'><strong>ignorarit,</strong></span> <span class='ocrx_word' id='word_1_40' title='bbox 851 313 925 342; x_wconf 90' lang='lat' dir='ltr'><strong>nullo</strong></span> 
     </span>
    </p>
   </div>
   <div class='ocr_carea' id='block_1_9' title="bbox 140 358 926 398">
    <p class='ocr_par' dir='ltr' id='par_1_9' title="bbox 140 358 926 398">
     <span class='ocr_line' id='line_1_9' title="bbox 140 358 926 398; baseline -0.006 -8"><span class='ocrx_word' id='word_1_41' title='bbox 140 363 248 398; x_wconf 74' lang='lat' dir='ltr'><strong>negotio</strong></span> <span class='ocrx_word' id='word_1_42' title='bbox 259 361 518 389; x_wconf 82' lang='lat' dir='ltr'><strong>demonstrabimus.</strong></span> <span class='ocrx_word' id='word_1_43' title='bbox 533 358 649 394; x_wconf 84' lang='lat' dir='ltr'><strong>Scripsit</strong></span> <span class='ocrx_word' id='word_1_44' title='bbox 658 358 757 394; x_wconf 86' lang='lat' dir='ltr'><strong>quippe</strong></span> <span class='ocrx_word' id='word_1_45' title='bbox 769 359 847 387; x_wconf 91' lang='lat' dir='ltr'><strong>nobis</strong></span> <span class='ocrx_word' id='word_1_46' title='bbox 856 358 926 386; x_wconf 87' lang='lat' dir='ltr'><strong>divi-</strong></span> 
     </span>
    </p>
   </div>
   <div class='ocr_carea' id='block_1_10' title="bbox 141 405 927 441">
    <p class='ocr_par' dir='ltr' id='par_1_10' title="bbox 141 405 927 441">
     <span class='ocr_line' id='line_1_10' title="bbox 141 405 927 441; baseline -0.005 -5"><span class='ocrx_word' id='word_1_47' title='bbox 141 416 193 437; x_wconf 86' lang='lat' dir='ltr'><strong>nus</strong></span> <span class='ocrx_word' id='word_1_48' title='bbox 207 408 295 435; x_wconf 84' lang='lat' dir='ltr'><strong>Moses</strong></span> <span class='ocrx_word' id='word_1_49' title='bbox 310 416 317 434; x_wconf 88' lang='lat'><strong>:</strong></span> <span class='ocrx_word' id='word_1_50' title='bbox 336 417 345 434; x_wconf 75' lang='lat' dir='ltr'><strong>c</strong></span> <span class='ocrx_word' id='word_1_51' title='bbox 357 407 391 434; x_wconf 86' lang='lat' dir='ltr'><strong>Et</strong></span> <span class='ocrx_word' id='word_1_52' title='bbox 400 407 499 434; x_wconf 82' lang='lat' dir='ltr'><strong>factum</strong></span> <span class='ocrx_word' id='word_1_53' title='bbox 513 411 564 440; x_wconf 87' lang='lat' dir='ltr'><strong>est,</strong></span> <span class='ocrx_word' id='word_1_54' title='bbox 574 410 715 441; x_wconf 84' lang='lat' dir='ltr'><strong>postquam</strong></span> <span class='ocrx_word' id='word_1_55' title='bbox 731 409 871 440; x_wconf 67' lang='lat' dir='ltr'><strong>coeperunt</strong></span> <span class='ocrx_word' id='word_1_56' title='bbox 879 405 927 432; x_wconf 84' lang='lat' dir='ltr'><strong>ho-</strong></span> 
     </span>
    </p>
   </div>
   <div class='ocr_carea' id='block_1_11' title="bbox 141 449 926 487">
    <p class='ocr_par' dir='ltr' id='par_1_11' title="bbox 141 449 926 487">
     <span class='ocr_line' id='line_1_11' title="bbox 141 449 926 487; baseline -0.004 -6"><span class='ocrx_word' id='word_1_57' title='bbox 141 454 228 481; x_wconf 82' lang='lat' dir='ltr'><strong>mines</strong></span> <span class='ocrx_word' id='word_1_58' title='bbox 239 452 314 480; x_wconf 92' lang='lat' dir='ltr'><strong>multi</strong></span> <span class='ocrx_word' id='word_1_59' title='bbox 326 453 383 480; x_wconf 81' lang='lat' dir='ltr'><strong>ﬁeri</strong></span> <span class='ocrx_word' id='word_1_60' title='bbox 396 460 478 487; x_wconf 86' lang='lat' dir='ltr'><strong>super</strong></span> <span class='ocrx_word' id='word_1_61' title='bbox 489 458 599 483; x_wconf 87' lang='lat' dir='ltr'><strong>terram,</strong></span> <span class='ocrx_word' id='word_1_62' title='bbox 608 454 634 478; x_wconf 91' lang='lat' dir='ltr'><strong>et</strong></span> <span class='ocrx_word' id='word_1_63' title='bbox 648 449 710 477; x_wconf 72' lang='lat' dir='ltr'><strong>tiliae</strong></span> <span class='ocrx_word' id='word_1_64' title='bbox 719 455 791 478; x_wconf 66' lang='lat' dir='ltr'><strong>nata;</strong></span> <span class='ocrx_word' id='word_1_65' title='bbox 802 455 865 478; x_wconf 89' lang='lat' dir='ltr'><strong>sunt</strong></span> <span class='ocrx_word' id='word_1_66' title='bbox 876 450 926 478; x_wconf 87' lang='lat' dir='ltr'><strong>eis.</strong></span> 
     </span>
    </p>
   </div>
   <div class='ocr_carea' id='block_1_12' title="bbox 143 495 928 531">
    <p class='ocr_par' dir='ltr' id='par_1_12' title="bbox 143 495 928 531">
     <span class='ocr_line' id='line_1_12' title="bbox 143 495 928 531; baseline -0.006 -4"><span class='ocrx_word' id='word_1_67' title='bbox 143 499 268 527; x_wconf 77' lang='lat' dir='ltr'><strong>Videntes</strong></span> <span class='ocrx_word' id='word_1_68' title='bbox 284 502 373 526; x_wconf 83' lang='lat' dir='ltr'><strong>autem</strong></span> <span class='ocrx_word' id='word_1_69' title='bbox 387 498 434 526; x_wconf 78' lang='grc' dir='ltr'><strong>ΙΙΙίί</strong></span> <span class='ocrx_word' id='word_1_70' title='bbox 452 497 498 525; x_wconf 88' lang='lat' dir='ltr'><strong>Dei</strong></span> <span class='ocrx_word' id='word_1_71' title='bbox 513 497 581 525; x_wconf 85' lang='lat' dir='ltr'><strong>tilias</strong></span> <span class='ocrx_word' id='word_1_72' title='bbox 598 499 748 529; x_wconf 86' lang='lat' dir='ltr'><strong>hominum,</strong></span> <span class='ocrx_word' id='word_1_73' title='bbox 773 496 836 530; x_wconf 85' lang='lat' dir='ltr'><strong>quia</strong></span> <span class='ocrx_word' id='word_1_74' title='bbox 866 495 928 531; x_wconf 91' lang='lat' dir='ltr'><strong>pul-</strong></span> 
     </span>
    </p>
   </div>
   <div class='ocr_carea' id='block_1_13' title="bbox 977 222 1784 262">
    <p class='ocr_par' dir='ltr' id='par_1_13' title="bbox 977 222 1784 262">
     <span class='ocr_line' id='line_1_13' title="bbox 977 222 1784 262; baseline 0.006 -14"><span class='ocrx_word' id='word_1_75' title='bbox 977 222 1090 249; x_wconf 86' lang='grc' dir='ltr'>κατόπιν</span> <span class='ocrx_word' id='word_1_76' title='bbox 1102 224 1148 250; x_wconf 86' lang='grc' dir='ltr'>καὶ</span> <span class='ocrx_word' id='word_1_77' title='bbox 1160 223 1261 256; x_wconf 81' lang='grc' dir='ltr'>αὐτοὺς</span> <span class='ocrx_word' id='word_1_78' title='bbox 1273 224 1321 251; x_wconf 85' lang='grc' dir='ltr'><strong>τοῦ</strong></span> <span class='ocrx_word' id='word_1_79' title='bbox 1335 224 1440 257; x_wconf 78' lang='grc' dir='ltr'><strong>πάθους</strong></span> <span class='ocrx_word' id='word_1_80' title='bbox 1450 225 1578 261; x_wconf 80' lang='grc' dir='ltr'>ἐρῤίφθαι</span> <span class='ocrx_word' id='word_1_81' title='bbox 1589 226 1784 262; x_wconf 81' lang='grc' dir='ltr'><strong>πιστεύσομεν</strong></span> 
     </span>
    </p>
   </div>
   <div class='ocr_carea' id='block_1_14' title="bbox 976 269 1782 308">
    <p class='ocr_par' dir='ltr' id='par_1_14' title="bbox 976 269 1782 308">
     <span class='ocr_line' id='line_1_14' title="bbox 976 269 1782 308; baseline 0.006 -13"><span class='ocrx_word' id='word_1_82' title='bbox 976 269 1040 300; x_wconf 79' lang='grc' dir='ltr'>τοὺς</span> <span class='ocrx_word' id='word_1_83' title='bbox 1065 269 1160 304; x_wconf 79' lang='grc' dir='ltr'><strong>ἁγίους</strong></span> <span class='ocrx_word' id='word_1_84' title='bbox 1187 270 1338 305; x_wconf 83' lang='grc' dir='ltr'>άγγέλους;</span> <span class='ocrx_word' id='word_1_85' title='bbox 1358 271 1420 298; x_wconf 84' lang='grc' dir='ltr'>Ὅτι</span> <span class='ocrx_word' id='word_1_86' title='bbox 1446 271 1538 299; x_wconf 79' lang='grc' dir='ltr'>τοίνυν</span> <span class='ocrx_word' id='word_1_87' title='bbox 1564 273 1684 308; x_wconf 77' lang='grc' dir='ltr'><strong>ἠγνόηκε</strong></span> <span class='ocrx_word' id='word_1_88' title='bbox 1717 273 1782 300; x_wconf 81' lang='grc' dir='ltr'><strong>τῶν</strong></span> 
     </span>
    </p>
   </div>
   <div class='ocr_carea' id='block_1_15' title="bbox 977 315 1784 353">
    <p class='ocr_par' dir='ltr' id='par_1_15' title="bbox 977 315 1784 353">
     <span class='ocr_line' id='line_1_15' title="bbox 977 315 1784 353; baseline 0.005 -12"><span class='ocrx_word' id='word_1_89' title='bbox 977 315 1179 350; x_wconf 80' lang='grc' dir='ltr'><strong>γεγραμμένων</strong></span> <span class='ocrx_word' id='word_1_90' title='bbox 1200 316 1250 351; x_wconf 84' lang='grc' dir='ltr'>τὴν</span> <span class='ocrx_word' id='word_1_91' title='bbox 1262 316 1387 352; x_wconf 80' lang='grc' dir='ltr'>δύναμιν,</span> <span class='ocrx_word' id='word_1_92' title='bbox 1405 317 1512 344; x_wconf 82' lang='grc' dir='ltr'>ἀκονιτὶ</span> <span class='ocrx_word' id='word_1_93' title='bbox 1525 318 1704 353; x_wconf 79' lang='grc' dir='ltr'>διαδείξομεν.</span> <span class='ocrx_word' id='word_1_94' title='bbox 1720 318 1784 345; x_wconf 76' lang='grc' dir='ltr'><strong>Γέ-</strong></span> 
     </span>
    </p>
   </div>
   <div class='ocr_carea' id='block_1_16' title="bbox 979 361 1777 398">
    <p class='ocr_par' dir='ltr' id='par_1_16' title="bbox 979 361 1777 398">
     <span class='ocr_line' id='line_1_16' title="bbox 979 361 1777 398; baseline 0.003 -10"><span class='ocrx_word' id='word_1_95' title='bbox 979 370 1068 397; x_wconf 84' lang='grc' dir='ltr'>γραφε</span> <span class='ocrx_word' id='word_1_96' title='bbox 1084 361 1172 389; x_wconf 81' lang='grc' dir='ltr'>τοίνυν</span> <span class='ocrx_word' id='word_1_97' title='bbox 1193 362 1208 388; x_wconf 85' lang='grc' dir='ltr'>ὁ</span> <span class='ocrx_word' id='word_1_98' title='bbox 1225 361 1296 393; x_wconf 75' lang='grc' dir='ltr'>θεῖος</span> <span class='ocrx_word' id='word_1_99' title='bbox 1317 362 1383 397; x_wconf 79' lang='grc' dir='ltr'>ἡμῖν</span> <span class='ocrx_word' id='word_1_100' title='bbox 1404 362 1525 398; x_wconf 69' lang='grc' dir='ltr'>Μωσῆςξ·</span> <span class='ocrx_word' id='word_1_101' title='bbox 1553 372 1563 389; x_wconf 77' lang='lat' dir='ltr'><strong>t</strong></span> <span class='ocrx_word' id='word_1_102' title='bbox 1578 364 1632 390; x_wconf 81' lang='grc' dir='ltr'><strong>Καὶ</strong></span> <span class='ocrx_word' id='word_1_103' title='bbox 1647 363 1777 398; x_wconf 83' lang='grc' dir='ltr'>ἐγένετο,</span> 
     </span>
    </p>
   </div>
   <div class='ocr_carea' id='block_1_17' title="bbox 979 406 1780 443">
    <p class='ocr_par' dir='ltr' id='par_1_17' title="bbox 979 406 1780 443">
     <span class='ocr_line' id='line_1_17' title="bbox 979 406 1780 443; baseline 0.002 -10"><span class='ocrx_word' id='word_1_104' title='bbox 979 407 1061 443; x_wconf 80' lang='grc' dir='ltr'>ἡνίκα</span> <span class='ocrx_word' id='word_1_105' title='bbox 1076 406 1191 443; x_wconf 69' lang='grc' dir='ltr'>ἤρξαντο</span> <span class='ocrx_word' id='word_1_106' title='bbox 1210 407 1235 433; x_wconf 74' lang='grc' dir='ltr'>οἱ</span> <span class='ocrx_word' id='word_1_107' title='bbox 1251 407 1389 442; x_wconf 73' lang='grc' dir='ltr'>ἅνθρωποι</span> <span class='ocrx_word' id='word_1_108' title='bbox 1403 407 1496 434; x_wconf 75' lang='grc' dir='ltr'>πολλοὶ</span> <span class='ocrx_word' id='word_1_109' title='bbox 1509 408 1636 442; x_wconf 85' lang='grc' dir='ltr'>γενέσθαι</span> <span class='ocrx_word' id='word_1_110' title='bbox 1658 409 1707 435; x_wconf 75' lang='grc' dir='ltr'>ἐπὶ</span> <span class='ocrx_word' id='word_1_111' title='bbox 1720 409 1780 443; x_wconf 82' lang='grc' dir='ltr'>τῆς</span> 
     </span>
    </p>
   </div>
   <div class='ocr_carea' id='block_1_18' title="bbox 978 447 1780 489">
    <p class='ocr_par' dir='ltr' id='par_1_18' title="bbox 978 447 1780 489">
     <span class='ocr_line' id='line_1_18' title="bbox 978 447 1780 489; baseline 0.001 -10"><span class='ocrx_word' id='word_1_112' title='bbox 978 452 1041 488; x_wconf 85' lang='grc' dir='ltr'>γῆς,</span> <span class='ocrx_word' id='word_1_113' title='bbox 1058 447 1106 479; x_wconf 83' lang='grc' dir='ltr'>καὶ</span> <span class='ocrx_word' id='word_1_114' title='bbox 1129 452 1280 489; x_wconf 83' lang='grc' dir='ltr'><strong>θυγατέρες</strong></span> <span class='ocrx_word' id='word_1_115' title='bbox 1298 453 1480 488; x_wconf 73' lang='grc' dir='ltr'><strong>ἐγεννήθησαν</strong></span> <span class='ocrx_word' id='word_1_116' title='bbox 1503 453 1604 485; x_wconf 76' lang='grc' dir='ltr'>αὐτοῖς.</span> <span class='ocrx_word' id='word_1_117' title='bbox 1614 454 1728 484; x_wconf 84' lang='grc' dir='ltr'>Ἰδόντες</span> <span class='ocrx_word' id='word_1_118' title='bbox 1742 453 1780 481; x_wconf 79' lang='grc' dir='ltr'><strong>δὲ</strong></span> 
     </span>
    </p>
   </div>
   <div class='ocr_carea' id='block_1_19' title="bbox 979 497 1778 534">
    <p class='ocr_par' dir='ltr' id='par_1_19' title="bbox 979 497 1778 534">
     <span class='ocr_line' id='line_1_19' title="bbox 979 497 1778 534; baseline 0.001 -10"><span class='ocrx_word' id='word_1_119' title='bbox 979 498 1005 524; x_wconf 84' lang='grc' dir='ltr'>οἱ</span> <span class='ocrx_word' id='word_1_120' title='bbox 1019 498 1071 524; x_wconf 76' lang='grc' dir='ltr'>υἱοὶ</span> <span class='ocrx_word' id='word_1_121' title='bbox 1086 497 1134 524; x_wconf 83' lang='grc' dir='ltr'><strong>τοῦ</strong></span> <span class='ocrx_word' id='word_1_122' title='bbox 1148 497 1216 524; x_wconf 86' lang='grc' dir='ltr'><strong>Θεοῦ</strong></span> <span class='ocrx_word' id='word_1_123' title='bbox 1237 497 1287 529; x_wconf 83' lang='grc' dir='ltr'><strong>τὰς</strong></span> <span class='ocrx_word' id='word_1_124' title='bbox 1302 497 1456 534; x_wconf 77' lang='grc' dir='ltr'><strong>θυγατέρας</strong></span> <span class='ocrx_word' id='word_1_125' title='bbox 1478 498 1533 525; x_wconf 88' lang='grc' dir='ltr'><strong>τῶν</strong></span> <span class='ocrx_word' id='word_1_126' title='bbox 1554 498 1716 534; x_wconf 81' lang='grc' dir='ltr'>ἀνθρώπων,</span> <span class='ocrx_word' id='word_1_127' title='bbox 1730 499 1778 525; x_wconf 74' lang='grc' dir='ltr'>ὅτι</span> 
     </span>
    </p>
   </div>
   <div class='ocr_carea' id='block_1_20' title="bbox 141 541 937 579">
    <p class='ocr_par' dir='ltr' id='par_1_20' title="bbox 141 542 929 579">
     <span class='ocr_line' id='line_1_20' title="bbox 141 542 929 579; baseline -0.003 -7"><span class='ocrx_word' id='word_1_128' title='bbox 141 545 214 572; x_wconf 69' lang='lat' dir='ltr'><strong>citra</strong></span> <span class='ocrx_word' id='word_1_129' title='bbox 224 548 298 577; x_wconf 76' lang='lat' dir='ltr'><strong>sunt,</strong></span> <span class='ocrx_word' id='word_1_130' title='bbox 311 547 474 579; x_wconf 85' lang='lat' dir='ltr'><strong>acceperunt</strong></span> <span class='ocrx_word' id='word_1_131' title='bbox 486 543 537 571; x_wconf 85' lang='lat' dir='ltr'><strong>sibi</strong></span> <span class='ocrx_word' id='word_1_132' title='bbox 550 551 648 572; x_wconf 79' lang='lat' dir='ltr'><strong>uxores</strong></span> <span class='ocrx_word' id='word_1_133' title='bbox 660 551 693 571; x_wconf 81' lang='lat' dir='ltr'><strong>ex</strong></span> <span class='ocrx_word' id='word_1_134' title='bbox 710 542 836 570; x_wconf 80' lang='lat' dir='ltr'><strong>omnibus</strong></span> <span class='ocrx_word' id='word_1_135' title='bbox 861 548 929 576; x_wconf 86' lang='lat' dir='ltr'><strong>quas</strong></span> 
     </span>
    </p>
   </div>
   <div class='ocr_carea' id='block_1_21' title="bbox 993 541 1779 579">
    <p class='ocr_par' dir='ltr' id='par_1_21' title="bbox 993 541 1779 578">
     <span class='ocr_line' id='line_1_21' title="bbox 993 541 1779 578; baseline 0.001 -8"><span class='ocrx_word' id='word_1_136' title='bbox 993 543 1061 570; x_wconf 85' lang='grc' dir='ltr'>ιαλαί</span> <span class='ocrx_word' id='word_1_137' title='bbox 1074 543 1154 575; x_wconf 76' lang='grc' dir='ltr'>εἰσιν,</span> <span class='ocrx_word' id='word_1_138' title='bbox 1171 542 1268 571; x_wconf 75' lang='grc' dir='ltr'>ελασον</span> <span class='ocrx_word' id='word_1_139' title='bbox 1281 543 1387 575; x_wconf 72' lang='grc' dir='ltr'>ἑαυτοῖς</span> <span class='ocrx_word' id='word_1_140' title='bbox 1402 544 1537 578; x_wconf 82' lang='grc' dir='ltr'>γυναῖκας</span> <span class='ocrx_word' id='word_1_141' title='bbox 1547 543 1600 570; x_wconf 71' lang='grc' dir='ltr'>άπὸ</span> <span class='ocrx_word' id='word_1_142' title='bbox 1617 544 1724 575; x_wconf 85' lang='grc' dir='ltr'>πασῶν.</span> <span class='ocrx_word' id='word_1_143' title='bbox 1733 541 1779 572; x_wconf 79' lang='grc' dir='ltr'><strong>ὧν</strong></span> 
     </span>
    </p>
   </div>
   <div class='ocr_carea' id='block_1_22' title="bbox 141 586 937 626">
    <p class='ocr_par' dir='ltr' id='par_1_22' title="bbox 141 586 928 625">
     <span class='ocr_line' id='line_1_22' title="bbox 141 586 928 625; baseline -0.003 -10"><span class='ocrx_word' id='word_1_144' title='bbox 141 590 291 625; x_wconf 75' lang='lat' dir='ltr'><strong>elegerant-</strong></span> <span class='ocrx_word' id='word_1_145' title='bbox 306 589 338 616; x_wconf 78' lang='lat'><strong>&quot;.</strong></span> <span class='ocrx_word' id='word_1_146' title='bbox 357 598 367 614; x_wconf 77' lang='grc' dir='ltr'><strong>ι</strong></span> <span class='ocrx_word' id='word_1_147' title='bbox 401 588 434 616; x_wconf 87' lang='lat' dir='ltr'><strong>Et</strong></span> <span class='ocrx_word' id='word_1_148' title='bbox 465 594 635 623; x_wconf 70' lang='lat' dir='ltr'><strong>genuerunt,</strong></span> <span class='ocrx_word' id='word_1_149' title='bbox 666 587 774 622; x_wconf 85' lang='lat' dir='ltr'><strong>inquit,</strong></span> <span class='ocrx_word' id='word_1_150' title='bbox 792 586 928 622; x_wconf 75' lang='lat' dir='ltr'><strong>gigantes.</strong></span> 
     </span>
    </p>
   </div>
   <div class='ocr_carea' id='block_1_23' title="bbox 993 586 1778 626">
    <p class='ocr_par' dir='ltr' id='par_1_23' title="bbox 993 589 1778 626">
     <span class='ocr_line' id='line_1_23' title="bbox 993 589 1778 626; baseline 0.001 -10"><span class='ocrx_word' id='word_1_151' title='bbox 993 589 1147 622; x_wconf 56' lang='grc' dir='ltr'>ηξελέξαντο.</span> <span class='ocrx_word' id='word_1_152' title='bbox 1167 590 1223 617; x_wconf 78' lang='grc' dir='ltr'><strong>Καὶ</strong></span> <span class='ocrx_word' id='word_1_153' title='bbox 1233 590 1265 625; x_wconf 83' lang='grc' dir='ltr'><strong>δὴ</strong></span> <span class='ocrx_word' id='word_1_154' title='bbox 1282 590 1328 617; x_wconf 80' lang='grc' dir='ltr'>καὶ</span> <span class='ocrx_word' id='word_1_155' title='bbox 1346 589 1483 622; x_wconf 80' lang='grc' dir='ltr'>τετόκασι,</span> <span class='ocrx_word' id='word_1_156' title='bbox 1503 591 1580 626; x_wconf 80' lang='grc' dir='ltr'>φησὶ,</span> <span class='ocrx_word' id='word_1_157' title='bbox 1595 591 1658 622; x_wconf 86' lang='grc' dir='ltr'>τοὺς</span> <span class='ocrx_word' id='word_1_158' title='bbox 1672 591 1778 625; x_wconf 81' lang='grc' dir='ltr'>γίγαν-</span> 
     </span>
    </p>
   </div>
   <div class='ocr_carea' id='block_1_24' title="bbox 141 631 937 672">
    <p class='ocr_par' dir='ltr' id='par_1_24' title="bbox 141 631 931 663">
     <span class='ocr_line' id='line_1_24' title="bbox 141 631 931 663; baseline -0.006 0"><span class='ocrx_word' id='word_1_159' title='bbox 141 635 243 663; x_wconf 82' lang='lat' dir='ltr'><strong>Tamen</strong></span> <span class='ocrx_word' id='word_1_160' title='bbox 260 634 382 662; x_wconf 85' lang='lat' dir='ltr'><strong>Julianus</strong></span> <span class='ocrx_word' id='word_1_161' title='bbox 404 635 574 662; x_wconf 84' lang='lat' dir='ltr'><strong>extrinsecus</strong></span> <span class='ocrx_word' id='word_1_162' title='bbox 591 634 710 661; x_wconf 89' lang='lat' dir='ltr'><strong>additum</strong></span> <span class='ocrx_word' id='word_1_163' title='bbox 733 631 860 663; x_wconf 85' lang='lat' dir='ltr'><strong>asseruit.</strong></span> <span class='ocrx_word' id='word_1_164' title='bbox 882 638 931 658; x_wconf 82' lang='lat' dir='ltr'><strong>art-</strong></span> 
     </span>
    </p>
   </div>
   <div class='ocr_carea' id='block_1_25' title="bbox 993 631 1779 672">
    <p class='ocr_par' dir='ltr' id='par_1_25' title="bbox 993 635 1779 672">
     <span class='ocr_line' id='line_1_25' title="bbox 993 635 1779 672; baseline 0.004 -11"><span class='ocrx_word' id='word_1_165' title='bbox 993 643 1040 668; x_wconf 71' lang='lat' dir='ltr'><strong>:ac.</strong></span> <span class='ocrx_word' id='word_1_166' title='bbox 1058 635 1193 669; x_wconf 75' lang='grc' dir='ltr'>»Ἔξωθέν</span> <span class='ocrx_word' id='word_1_167' title='bbox 1212 644 1244 670; x_wconf 90' lang='grc' dir='ltr'><strong>γε</strong></span> <span class='ocrx_word' id='word_1_168' title='bbox 1265 635 1318 671; x_wconf 78' lang='grc' dir='ltr'>μὴν</span> <span class='ocrx_word' id='word_1_169' title='bbox 1334 636 1382 662; x_wconf 72' lang='grc' dir='ltr'>καὶ</span> <span class='ocrx_word' id='word_1_170' title='bbox 1397 636 1476 668; x_wconf 75' lang='grc' dir='ltr'>αὐτὸς</span> <span class='ocrx_word' id='word_1_171' title='bbox 1492 637 1720 672; x_wconf 79' lang='grc' dir='ltr'>προσγεγράφθαι</span> <span class='ocrx_word' id='word_1_172' title='bbox 1732 637 1779 664; x_wconf 83' lang='grc' dir='ltr'><strong>δι-</strong></span> 
     </span>
    </p>
   </div>
   <div class='ocr_carea' id='block_1_26' title="bbox 141 678 937 718">
    <p class='ocr_par' dir='ltr' id='par_1_26' title="bbox 141 678 932 716">
     <span class='ocr_line' id='line_1_26' title="bbox 141 678 932 716; baseline -0.005 -8"><span class='ocrx_word' id='word_1_173' title='bbox 141 681 192 716; x_wconf 74' lang='lat' dir='ltr'><strong>9eli</strong></span> <span class='ocrx_word' id='word_1_174' title='bbox 219 681 278 714; x_wconf 80' lang='lat' dir='ltr'><strong>Dei,</strong></span> <span class='ocrx_word' id='word_1_175' title='bbox 295 681 357 708; x_wconf 87' lang='lat' dir='ltr'><strong>licet</strong></span> <span class='ocrx_word' id='word_1_176' title='bbox 368 680 507 716; x_wconf 80' lang='lat' dir='ltr'><strong>Scriptura</strong></span> <span class='ocrx_word' id='word_1_177' title='bbox 529 680 630 712; x_wconf 87' lang='lat' dir='ltr'><strong>verior,</strong></span> <span class='ocrx_word' id='word_1_178' title='bbox 645 685 672 708; x_wconf 80' lang='lat' dir='ltr'><strong>et</strong></span> <span class='ocrx_word' id='word_1_179' title='bbox 692 687 751 714; x_wconf 66' lang='lat' dir='ltr'><strong>quae</strong></span> <span class='ocrx_word' id='word_1_180' title='bbox 765 679 791 706; x_wconf 92' lang='lat' dir='ltr'><strong>in</strong></span> <span class='ocrx_word' id='word_1_181' title='bbox 807 678 932 705; x_wconf 87' lang='lat' dir='ltr'><strong>manibus</strong></span> 
     </span>
    </p>
   </div>
   <div class='ocr_carea' id='block_1_27' title="bbox 993 678 1780 718">
    <p class='ocr_par' dir='ltr' id='par_1_27' title="bbox 994 681 1780 718">
     <span class='ocr_line' id='line_1_27' title="bbox 994 681 1780 718; baseline 0.001 -10"><span class='ocrx_word' id='word_1_182' title='bbox 994 681 1152 717; x_wconf 67' lang='lat' dir='ltr'><strong>cxuplowro,</strong></span> <span class='ocrx_word' id='word_1_183' title='bbox 1165 682 1192 708; x_wconf 82' lang='grc' dir='ltr'>οι</span> <span class='ocrx_word' id='word_1_184' title='bbox 1207 681 1327 716; x_wconf 75' lang='grc' dir='ltr'>ἄγγελοι</span> <span class='ocrx_word' id='word_1_185' title='bbox 1337 681 1390 709; x_wconf 84' lang='grc' dir='ltr'><strong>τοῦ</strong></span> <span class='ocrx_word' id='word_1_186' title='bbox 1401 682 1485 715; x_wconf 82' lang='grc' dir='ltr'>Θεοῦ,</span> <span class='ocrx_word' id='word_1_187' title='bbox 1495 682 1639 717; x_wconf 78' lang='grc' dir='ltr'>καίτοιτῆς</span> <span class='ocrx_word' id='word_1_188' title='bbox 1653 684 1683 709; x_wconf 87' lang='grc' dir='ltr'><strong>ἐν</strong></span> <span class='ocrx_word' id='word_1_189' title='bbox 1697 683 1780 718; x_wconf 73' lang='grc' dir='ltr'>μέσῳ</span> 
     </span>
    </p>
   </div>
   <div class='ocr_carea' id='block_1_28' title="bbox 142 725 937 762">
    <p class='ocr_par' dir='ltr' id='par_1_28' title="bbox 142 725 932 761">
     <span class='ocr_line' id='line_1_28' title="bbox 142 725 932 761; baseline -0.005 -7"><span class='ocrx_word' id='word_1_190' title='bbox 142 730 194 758; x_wconf 86' lang='lat' dir='ltr'><strong>est.</strong></span> <span class='ocrx_word' id='word_1_191' title='bbox 211 726 319 759; x_wconf 84' lang='lat' dir='ltr'><strong>habeat,</strong></span> <span class='ocrx_word' id='word_1_192' title='bbox 336 725 386 761; x_wconf 79' lang='lat' dir='ltr'><strong>ﬁlii</strong></span> <span class='ocrx_word' id='word_1_193' title='bbox 414 726 473 753; x_wconf 92' lang='lat' dir='ltr'><strong>Dei.</strong></span> <span class='ocrx_word' id='word_1_194' title='bbox 497 726 644 753; x_wconf 85' lang='lat' dir='ltr'><strong>Sciendum</strong></span> <span class='ocrx_word' id='word_1_195' title='bbox 680 730 770 753; x_wconf 91' lang='lat' dir='ltr'><strong>autem</strong></span> <span class='ocrx_word' id='word_1_196' title='bbox 795 729 848 756; x_wconf 86' lang='lat' dir='ltr'><strong>est,</strong></span> <span class='ocrx_word' id='word_1_197' title='bbox 873 728 932 758; x_wconf 82' lang='lat' dir='ltr'><strong>post</strong></span> 
     </span>
    </p>
   </div>
   <div class='ocr_carea' id='block_1_29' title="bbox 993 725 1775 762">
    <p class='ocr_par' dir='ltr' id='par_1_29' title="bbox 993 727 1775 762">
     <span class='ocr_line' id='line_1_29' title="bbox 993 727 1775 762; baseline 0 -8"><span class='ocrx_word' id='word_1_198' title='bbox 993 728 1030 755; x_wconf 80' lang='grc' dir='ltr'>ιαὶ</span> <span class='ocrx_word' id='word_1_199' title='bbox 1044 727 1228 762; x_wconf 78' lang='grc' dir='ltr'><strong>ἀληθεστέρας</strong></span> <span class='ocrx_word' id='word_1_200' title='bbox 1241 727 1353 762; x_wconf 85' lang='grc' dir='ltr'>Γραφῆς</span> <span class='ocrx_word' id='word_1_201' title='bbox 1364 727 1489 762; x_wconf 84' lang='grc' dir='ltr'>ἐχούσης,</span> <span class='ocrx_word' id='word_1_202' title='bbox 1503 729 1532 754; x_wconf 85' lang='grc' dir='ltr'>οι</span> <span class='ocrx_word' id='word_1_203' title='bbox 1545 728 1604 755; x_wconf 75' lang='grc' dir='ltr'>υἱοὶ</span> <span class='ocrx_word' id='word_1_204' title='bbox 1612 727 1665 754; x_wconf 83' lang='grc' dir='ltr'><strong>τοῦ</strong></span> <span class='ocrx_word' id='word_1_205' title='bbox 1683 727 1775 754; x_wconf 80' lang='grc' dir='ltr'>Θεοῦ.</span> 
     </span>
    </p>
   </div>
   <div class='ocr_carea' id='block_1_30' title="bbox 142 770 937 810">
    <p class='ocr_par' dir='ltr' id='par_1_30' title="bbox 142 770 931 808">
     <span class='ocr_line' id='line_1_30' title="bbox 142 770 931 808; baseline -0.004 -8"><span class='ocrx_word' id='word_1_206' title='bbox 142 773 244 800; x_wconf 84' lang='lat' dir='ltr'><strong>editam</strong></span> <span class='ocrx_word' id='word_1_207' title='bbox 267 773 419 800; x_wconf 85' lang='lat' dir='ltr'><strong>versionem</strong></span> <span class='ocrx_word' id='word_1_208' title='bbox 451 773 627 808; x_wconf 75' lang='lat' dir='ltr'><strong>Septuaginta</strong></span> <span class='ocrx_word' id='word_1_209' title='bbox 654 772 844 806; x_wconf 82' lang='lat' dir='ltr'><strong>interpretum,</strong></span> <span class='ocrx_word' id='word_1_210' title='bbox 862 770 931 798; x_wconf 89' lang='lat' dir='ltr'><strong>alios</strong></span> 
     </span>
    </p>
   </div>
   <div class='ocr_carea' id='block_1_31' title="bbox 993 770 1778 810">
    <p class='ocr_par' dir='ltr' id='par_1_31' title="bbox 993 773 1778 810">
     <span class='ocr_line' id='line_1_31' title="bbox 993 773 1778 810; baseline 0 -10"><span class='ocrx_word' id='word_1_211' title='bbox 993 773 1087 801; x_wconf 77' lang='grc' dir='ltr'>’ἰστέον</span> <span class='ocrx_word' id='word_1_212' title='bbox 1111 773 1139 800; x_wconf 81' lang='grc' dir='ltr'><strong>δὲ</strong></span> <span class='ocrx_word' id='word_1_213' title='bbox 1157 774 1199 800; x_wconf 80' lang='grc' dir='ltr'>ὅτι</span> <span class='ocrx_word' id='word_1_214' title='bbox 1215 774 1284 809; x_wconf 88' lang='grc' dir='ltr'>μετά</span> <span class='ocrx_word' id='word_1_215' title='bbox 1300 782 1332 810; x_wconf 80' lang='grc' dir='ltr'><strong>γε</strong></span> <span class='ocrx_word' id='word_1_216' title='bbox 1355 774 1404 809; x_wconf 85' lang='grc' dir='ltr'>τὴν</span> <span class='ocrx_word' id='word_1_217' title='bbox 1429 774 1484 801; x_wconf 85' lang='grc' dir='ltr'><strong>τῶν</strong></span> <span class='ocrx_word' id='word_1_218' title='bbox 1501 774 1702 809; x_wconf 76' lang='grc' dir='ltr'>Ἐὃδομήκοντα</span> <span class='ocrx_word' id='word_1_219' title='bbox 1724 774 1778 809; x_wconf 86' lang='grc' dir='ltr'>τῆς</span> 
     </span>
    </p>
   </div>
   <div class='ocr_carea' id='block_1_32' title="bbox 144 816 937 856">
    <p class='ocr_par' dir='ltr' id='par_1_32' title="bbox 144 816 931 853">
     <span class='ocr_line' id='line_1_32' title="bbox 144 816 931 853; baseline -0.005 -7"><span class='ocrx_word' id='word_1_220' title='bbox 144 819 259 853; x_wconf 88' lang='lat' dir='ltr'><strong>idipsum</strong></span> <span class='ocrx_word' id='word_1_221' title='bbox 281 819 488 853; x_wconf 86' lang='lat' dir='ltr'><strong>interpretatos,</strong></span> <span class='ocrx_word' id='word_1_222' title='bbox 508 825 557 852; x_wconf 89' lang='lat' dir='ltr'><strong>pro</strong></span> <span class='ocrx_word' id='word_1_223' title='bbox 583 817 633 852; x_wconf 84' lang='lat' dir='ltr'><strong>ﬁlii</strong></span> <span class='ocrx_word' id='word_1_224' title='bbox 659 817 805 848; x_wconf 79' lang='lat' dir='ltr'><strong>hominum,</strong></span> <span class='ocrx_word' id='word_1_225' title='bbox 821 816 931 848; x_wconf 80' lang='lat' dir='ltr'><strong>dixisse,</strong></span> 
     </span>
    </p>
   </div>
   <div class='ocr_carea' id='block_1_33' title="bbox 993 816 1777 856">
    <p class='ocr_par' dir='ltr' id='par_1_33' title="bbox 993 819 1777 856">
     <span class='ocr_line' id='line_1_33' title="bbox 993 819 1777 856; baseline -0.001 -9"><span class='ocrx_word' id='word_1_226' title='bbox 993 820 1135 856; x_wconf 70' lang='grc' dir='ltr'>ἑρμηνείας</span> <span class='ocrx_word' id='word_1_227' title='bbox 1147 819 1284 853; x_wconf 78' lang='grc' dir='ltr'>ἀπόδοσιν,</span> <span class='ocrx_word' id='word_1_228' title='bbox 1299 820 1365 846; x_wconf 70' lang='grc' dir='ltr'>αὐτὸ</span> <span class='ocrx_word' id='word_1_229' title='bbox 1377 820 1409 855; x_wconf 86' lang='grc' dir='ltr'><strong>δὴ</strong></span> <span class='ocrx_word' id='word_1_230' title='bbox 1423 819 1503 846; x_wconf 84' lang='grc' dir='ltr'>τοῦτο</span> <span class='ocrx_word' id='word_1_231' title='bbox 1513 819 1738 856; x_wconf 81' lang='grc' dir='ltr'>διερμηνεύοντες</span> <span class='ocrx_word' id='word_1_232' title='bbox 1748 819 1777 846; x_wconf 75' lang='grc' dir='ltr'>οἱ</span> 
     </span>
    </p>
   </div>
   <div class='ocr_carea' id='block_1_34' title="bbox 142 858 937 901">
    <p class='ocr_par' dir='ltr' id='par_1_34' title="bbox 142 861 934 900">
     <span class='ocr_line' id='line_1_34' title="bbox 142 861 934 900; baseline -0.004 -10"><span class='ocrx_word' id='word_1_233' title='bbox 142 864 191 898; x_wconf 81' lang='lat' dir='ltr'><strong>ﬁlii</strong></span> <span class='ocrx_word' id='word_1_234' title='bbox 205 868 349 900; x_wconf 78' lang='lat' dir='ltr'><strong>potentum.</strong></span> <span class='ocrx_word' id='word_1_235' title='bbox 359 865 424 898; x_wconf 86' lang='lat' dir='ltr'><strong>Quis</strong></span> <span class='ocrx_word' id='word_1_236' title='bbox 435 871 499 900; x_wconf 85' lang='lat' dir='ltr'><strong>ergo</strong></span> <span class='ocrx_word' id='word_1_237' title='bbox 509 865 545 892; x_wconf 90' lang='lat' dir='ltr'><strong>sit</strong></span> <span class='ocrx_word' id='word_1_238' title='bbox 556 871 653 898; x_wconf 87' lang='lat' dir='ltr'><strong>scopus</strong></span> <span class='ocrx_word' id='word_1_239' title='bbox 661 870 753 890; x_wconf 82' lang='lat' dir='ltr'><strong>eorum</strong></span> <span class='ocrx_word' id='word_1_240' title='bbox 765 869 825 897; x_wconf 73' lang='lat' dir='ltr'><strong>qua:</strong></span> <span class='ocrx_word' id='word_1_241' title='bbox 835 861 934 896; x_wconf 88' lang='lat' dir='ltr'><strong>scripta</strong></span> 
     </span>
    </p>
   </div>
   <div class='ocr_carea' id='block_1_35' title="bbox 993 858 1778 901">
    <p class='ocr_par' dir='ltr' id='par_1_35' title="bbox 993 863 1778 901">
     <span class='ocr_line' id='line_1_35' title="bbox 993 863 1778 901; baseline -0.003 -8"><span class='ocrx_word' id='word_1_242' title='bbox 993 867 1082 901; x_wconf 71' lang='grc' dir='ltr'>ἕτεροι,</span> <span class='ocrx_word' id='word_1_243' title='bbox 1097 867 1178 901; x_wconf 71' lang='grc' dir='ltr'>φασὶν</span> <span class='ocrx_word' id='word_1_244' title='bbox 1194 867 1254 893; x_wconf 78' lang='grc' dir='ltr'>ἀντὶ</span> <span class='ocrx_word' id='word_1_245' title='bbox 1268 866 1326 897; x_wconf 85' lang='grc' dir='ltr'>τοῦ,</span> <span class='ocrx_word' id='word_1_246' title='bbox 1347 865 1404 892; x_wconf 83' lang='lat' dir='ltr'><strong>vlol</strong></span> <span class='ocrx_word' id='word_1_247' title='bbox 1421 865 1476 892; x_wconf 86' lang='grc' dir='ltr'><strong>τοῦ</strong></span> <span class='ocrx_word' id='word_1_248' title='bbox 1493 865 1577 897; x_wconf 81' lang='grc' dir='ltr'>Θεοῦ,</span> <span class='ocrx_word' id='word_1_249' title='bbox 1593 867 1620 892; x_wconf 84' lang='grc' dir='ltr'>οι</span> <span class='ocrx_word' id='word_1_250' title='bbox 1636 865 1694 892; x_wconf 83' lang='lat' dir='ltr'><strong>vlol</strong></span> <span class='ocrx_word' id='word_1_251' title='bbox 1712 863 1778 891; x_wconf 74' lang='grc' dir='ltr'>τῶν</span> 
     </span>
    </p>
   </div>
   <div class='ocr_carea' id='block_1_36' title="bbox 144 908 937 946">
    <p class='ocr_par' dir='ltr' id='par_1_36' title="bbox 144 908 933 945">
     <span class='ocr_line' id='line_1_36' title="bbox 144 908 933 945; baseline -0.004 -8"><span class='ocrx_word' id='word_1_252' title='bbox 144 916 219 943; x_wconf 86' lang='lat' dir='ltr'><strong>sunt,</strong></span> <span class='ocrx_word' id='word_1_253' title='bbox 237 910 337 938; x_wconf 83' lang='lat' dir='ltr'><strong>diserte</strong></span> <span class='ocrx_word' id='word_1_254' title='bbox 366 911 486 940; x_wconf 79' lang='lat' dir='ltr'><strong>conabor</strong></span> <span class='ocrx_word' id='word_1_255' title='bbox 517 917 661 945; x_wconf 84' lang='lat' dir='ltr'><strong>exponere.</strong></span> <span class='ocrx_word' id='word_1_256' title='bbox 699 909 755 936; x_wconf 88' lang='lat' dir='ltr'><strong>Duo</strong></span> <span class='ocrx_word' id='word_1_257' title='bbox 784 908 838 935; x_wconf 86' lang='lat' dir='ltr'><strong>nati</strong></span> <span class='ocrx_word' id='word_1_258' title='bbox 868 911 933 935; x_wconf 87' lang='lat' dir='ltr'><strong>sunt</strong></span> 
     </span>
    </p>
   </div>
   <div class='ocr_carea' id='block_1_37' title="bbox 993 908 1778 946">
    <p class='ocr_par' dir='ltr' id='par_1_37' title="bbox 993 909 1778 946">
     <span class='ocr_line' id='line_1_37' title="bbox 993 909 1778 946; baseline -0.003 -9"><span class='ocrx_word' id='word_1_259' title='bbox 993 912 1238 940; x_wconf 70' lang='grc' dir='ltr'>ῖυναστευόντων.</span> <span class='ocrx_word' id='word_1_260' title='bbox 1255 911 1303 943; x_wconf 86' lang='grc' dir='ltr'>Τίς</span> <span class='ocrx_word' id='word_1_261' title='bbox 1322 909 1369 938; x_wconf 82' lang='grc' dir='ltr'>οὗν</span> <span class='ocrx_word' id='word_1_262' title='bbox 1393 911 1446 946; x_wconf 73' lang='grc' dir='ltr'>ἄρα</span> <span class='ocrx_word' id='word_1_263' title='bbox 1468 909 1522 937; x_wconf 83' lang='grc' dir='ltr'><strong>τῶν</strong></span> <span class='ocrx_word' id='word_1_264' title='bbox 1543 909 1747 945; x_wconf 81' lang='grc' dir='ltr'>γεγραμμένων</span> <span class='ocrx_word' id='word_1_265' title='bbox 1760 909 1778 935; x_wconf 88' lang='grc' dir='ltr'><strong>ό</strong></span> 
     </span>
    </p>
   </div>
   <div class='ocr_carea' id='block_1_38' title="bbox 145 953 931 990">
    <p class='ocr_par' dir='ltr' id='par_1_38' title="bbox 145 953 931 990">
     <span class='ocr_line' id='line_1_38' title="bbox 145 953 931 990; baseline -0.004 -6"><span class='ocrx_word' id='word_1_266' title='bbox 145 957 250 985; x_wconf 80' lang='lat' dir='ltr'><strong>Adamo</strong></span> <span class='ocrx_word' id='word_1_267' title='bbox 279 956 337 990; x_wconf 86' lang='lat' dir='ltr'><strong>lilii,</strong></span> <span class='ocrx_word' id='word_1_268' title='bbox 354 956 421 984; x_wconf 86' lang='lat' dir='ltr'><strong>Cain</strong></span> <span class='ocrx_word' id='word_1_269' title='bbox 438 961 463 984; x_wconf 92' lang='lat' dir='ltr'><strong>et</strong></span> <span class='ocrx_word' id='word_1_270' title='bbox 476 956 554 984; x_wconf 81' lang='lat' dir='ltr'><strong>Abel.</strong></span> <span class='ocrx_word' id='word_1_271' title='bbox 573 955 626 982; x_wconf 87' lang='lat' dir='ltr'><strong>Sed</strong></span> <span class='ocrx_word' id='word_1_272' title='bbox 643 954 721 988; x_wconf 83' lang='lat' dir='ltr'><strong>Abel,</strong></span> <span class='ocrx_word' id='word_1_273' title='bbox 735 954 812 982; x_wconf 87' lang='lat' dir='ltr'><strong>Caini</strong></span> <span class='ocrx_word' id='word_1_274' title='bbox 829 953 931 986; x_wconf 83' lang='lat' dir='ltr'><strong>furore,</strong></span> 
     </span>
    </p>
   </div>
   <div class='ocr_carea' id='block_1_39' title="bbox 146 999 926 1036">
    <p class='ocr_par' dir='ltr' id='par_1_39' title="bbox 146 999 926 1036">
     <span class='ocr_line' id='line_1_39' title="bbox 146 999 926 1036; baseline -0.004 -8"><span class='ocrx_word' id='word_1_275' title='bbox 146 1001 220 1029; x_wconf 70' lang='lat' dir='ltr'><strong>ntlla</strong></span> <span class='ocrx_word' id='word_1_276' title='bbox 249 1002 325 1036; x_wconf 82' lang='lat' dir='ltr'><strong>prole</strong></span> <span class='ocrx_word' id='word_1_277' title='bbox 338 1003 426 1029; x_wconf 85' lang='lat' dir='ltr'><strong>adhuc</strong></span> <span class='ocrx_word' id='word_1_278' title='bbox 440 1006 577 1035; x_wconf 86' lang='lat' dir='ltr'><strong>suscepta,</strong></span> <span class='ocrx_word' id='word_1_279' title='bbox 596 1000 675 1028; x_wconf 87' lang='lat' dir='ltr'><strong>rebus</strong></span> <span class='ocrx_word' id='word_1_280' title='bbox 690 1000 815 1027; x_wconf 85' lang='lat' dir='ltr'><strong>humanis</strong></span> <span class='ocrx_word' id='word_1_281' title='bbox 829 999 926 1026; x_wconf 80' lang='lat' dir='ltr'><strong>defuit-</strong></span> 
     </span>
    </p>
   </div>
   <div class='ocr_carea' id='block_1_40' title="bbox 145 1045 932 1075">
    <p class='ocr_par' dir='ltr' id='par_1_40' title="bbox 145 1045 932 1075">
     <span class='ocr_line' id='line_1_40' title="bbox 145 1045 932 1075; baseline -0.004 -2"><span class='ocrx_word' id='word_1_282' title='bbox 145 1052 205 1074; x_wconf 86' lang='lat' dir='ltr'><strong>ctus</strong></span> <span class='ocrx_word' id='word_1_283' title='bbox 233 1052 284 1075; x_wconf 88' lang='lat' dir='ltr'><strong>est.</strong></span> <span class='ocrx_word' id='word_1_284' title='bbox 305 1046 418 1074; x_wconf 87' lang='lat' dir='ltr'><strong>Occisus</strong></span> <span class='ocrx_word' id='word_1_285' title='bbox 445 1046 517 1073; x_wconf 88' lang='lat' dir='ltr'><strong>enim</strong></span> <span class='ocrx_word' id='word_1_286' title='bbox 548 1051 590 1073; x_wconf 85' lang='lat' dir='ltr'><strong>est</strong></span> <span class='ocrx_word' id='word_1_287' title='bbox 615 1045 762 1073; x_wconf 82' lang='lat' dir='ltr'><strong>secundum</strong></span> <span class='ocrx_word' id='word_1_288' title='bbox 791 1051 932 1071; x_wconf 85' lang='lat' dir='ltr'><strong>sacrarum</strong></span> 
     </span>
    </p>
   </div>
   <div class='ocr_carea' id='block_1_41' title="bbox 145 1091 930 1125">
    <p class='ocr_par' dir='ltr' id='par_1_41' title="bbox 145 1091 930 1125">
     <span class='ocr_line' id='line_1_41' title="bbox 145 1091 930 1125; baseline -0.004 -6"><span class='ocrx_word' id='word_1_289' title='bbox 145 1092 309 1120; x_wconf 83' lang='lat' dir='ltr'><strong>Litterarum</strong></span> <span class='ocrx_word' id='word_1_290' title='bbox 343 1092 432 1120; x_wconf 84' lang='lat' dir='ltr'><strong>iidem.</strong></span> <span class='ocrx_word' id='word_1_291' title='bbox 464 1092 499 1119; x_wconf 83' lang='lat' dir='ltr'><strong>At</strong></span> <span class='ocrx_word' id='word_1_292' title='bbox 531 1091 597 1120; x_wconf 88' lang='lat' dir='ltr'><strong>Cain</strong></span> <span class='ocrx_word' id='word_1_293' title='bbox 635 1098 719 1125; x_wconf 82' lang='lat' dir='ltr'><strong>genus</strong></span> <span class='ocrx_word' id='word_1_294' title='bbox 754 1095 930 1125; x_wconf 63' lang='lat' dir='ltr'><strong>propagatum</strong></span> 
     </span>
    </p>
   </div>
   <div class='ocr_carea' id='block_1_42' title="bbox 145 1135 933 1172">
    <p class='ocr_par' dir='ltr' id='par_1_42' title="bbox 145 1135 933 1172">
     <span class='ocr_line' id='line_1_42' title="bbox 145 1135 933 1172; baseline -0.003 -7"><span class='ocrx_word' id='word_1_295' title='bbox 145 1144 187 1165; x_wconf 87' lang='lat' dir='ltr'><strong>est</strong></span> <span class='ocrx_word' id='word_1_296' title='bbox 211 1139 244 1164; x_wconf 91' lang='lat' dir='ltr'><strong>ad</strong></span> <span class='ocrx_word' id='word_1_297' title='bbox 273 1137 390 1165; x_wconf 85' lang='lat' dir='ltr'><strong>Lamech</strong></span> <span class='ocrx_word' id='word_1_298' title='bbox 422 1144 527 1172; x_wconf 86' lang='lat' dir='ltr'><strong>usque,</strong></span> <span class='ocrx_word' id='word_1_299' title='bbox 554 1137 600 1172; x_wconf 90' lang='lat' dir='ltr'><strong>qui</strong></span> <span class='ocrx_word' id='word_1_300' title='bbox 629 1136 765 1164; x_wconf 80' lang='lat' dir='ltr'><strong>homicida</strong></span> <span class='ocrx_word' id='word_1_301' title='bbox 791 1140 861 1164; x_wconf 91' lang='lat' dir='ltr'><strong>erat.</strong></span> <span class='ocrx_word' id='word_1_302' title='bbox 884 1135 933 1163; x_wconf 87' lang='lat' dir='ltr'><strong>His</strong></span> 
     </span>
    </p>
   </div>
   <div class='ocr_carea' id='block_1_43' title="bbox 145 1182 932 1220">
    <p class='ocr_par' dir='ltr' id='par_1_43' title="bbox 145 1182 932 1220">
     <span class='ocr_line' id='line_1_43' title="bbox 145 1182 932 1220; baseline -0.006 -6"><span class='ocrx_word' id='word_1_303' title='bbox 145 1186 217 1214; x_wconf 90' lang='lat' dir='ltr'><strong>cnim</strong></span> <span class='ocrx_word' id='word_1_304' title='bbox 247 1186 336 1214; x_wconf 87' lang='lat' dir='ltr'><strong>verbis</strong></span> <span class='ocrx_word' id='word_1_305' title='bbox 373 1186 398 1213; x_wconf 88' lang='lat' dir='ltr'><strong>id</strong></span> <span class='ocrx_word' id='word_1_306' title='bbox 422 1185 599 1220; x_wconf 79' lang='lat' dir='ltr'><strong>profitebatur</strong></span> <span class='ocrx_word' id='word_1_307' title='bbox 615 1185 660 1212; x_wconf 80' lang='lat'><strong>&quot;:</strong></span> <span class='ocrx_word' id='word_1_308' title='bbox 681 1193 691 1210; x_wconf 72' lang='grc' dir='ltr'><strong>ι</strong></span> <span class='ocrx_word' id='word_1_309' title='bbox 720 1183 812 1211; x_wconf 89' lang='lat' dir='ltr'><strong>Virum</strong></span> <span class='ocrx_word' id='word_1_310' title='bbox 846 1182 932 1210; x_wconf 84' lang='lat' dir='ltr'><strong>occidi</strong></span> 
     </span>
    </p>
   </div>
   <div class='ocr_carea' id='block_1_44' title="bbox 147 1228 930 1265">
    <p class='ocr_par' dir='ltr' id='par_1_44' title="bbox 147 1228 930 1265">
     <span class='ocr_line' id='line_1_44' title="bbox 147 1228 930 1265; baseline -0.006 -6"><span class='ocrx_word' id='word_1_311' title='bbox 147 1233 173 1259; x_wconf 91' lang='lat' dir='ltr'><strong>in</strong></span> <span class='ocrx_word' id='word_1_312' title='bbox 182 1232 277 1260; x_wconf 72' lang='lat' dir='ltr'><strong>Vtilius</strong></span> <span class='ocrx_word' id='word_1_313' title='bbox 286 1231 362 1265; x_wconf 72' lang='lat' dir='ltr'><strong>mihi,</strong></span> <span class='ocrx_word' id='word_1_314' title='bbox 371 1237 398 1258; x_wconf 88' lang='lat' dir='ltr'><strong>et</strong></span> <span class='ocrx_word' id='word_1_315' title='bbox 410 1230 640 1258; x_wconf 86' lang='lat' dir='ltr'><strong>adolescentulum</strong></span> <span class='ocrx_word' id='word_1_316' title='bbox 652 1230 678 1256; x_wconf 91' lang='lat' dir='ltr'><strong>in</strong></span> <span class='ocrx_word' id='word_1_317' title='bbox 701 1229 813 1256; x_wconf 86' lang='lat' dir='ltr'><strong>livorem</strong></span> <span class='ocrx_word' id='word_1_318' title='bbox 824 1228 900 1255; x_wconf 75' lang='lat' dir='ltr'><strong>milii.</strong></span> <span class='ocrx_word' id='word_1_319' title='bbox 920 1236 930 1254; x_wconf 73' lang='grc' dir='ltr'><strong>ι</strong></span> 
     </span>
    </p>
   </div>
   <div class='ocr_carea' id='block_1_45' title="bbox 146 1273 932 1311">
    <p class='ocr_par' dir='ltr' id='par_1_45' title="bbox 146 1273 932 1311">
     <span class='ocr_line' id='line_1_45' title="bbox 146 1273 932 1311; baseline -0.004 -8"><span class='ocrx_word' id='word_1_320' title='bbox 146 1275 214 1303; x_wconf 62' lang='lat' dir='ltr'><strong>Tum</strong></span> <span class='ocrx_word' id='word_1_321' title='bbox 228 1277 281 1303; x_wconf 86' lang='lat' dir='ltr'><strong>Eva</strong></span> <span class='ocrx_word' id='word_1_322' title='bbox 295 1276 400 1311; x_wconf 83' lang='lat' dir='ltr'><strong>peperit</strong></span> <span class='ocrx_word' id='word_1_323' title='bbox 417 1275 496 1307; x_wconf 88' lang='lat' dir='ltr'><strong>Seth,</strong></span> <span class='ocrx_word' id='word_1_324' title='bbox 512 1283 546 1303; x_wconf 76' lang='lat' dir='ltr'><strong>ex</strong></span> <span class='ocrx_word' id='word_1_325' title='bbox 563 1282 617 1310; x_wconf 90' lang='lat' dir='ltr'><strong>quo</strong></span> <span class='ocrx_word' id='word_1_326' title='bbox 635 1279 782 1309; x_wconf 73' lang='lat' dir='ltr'><strong>prognatus</strong></span> <span class='ocrx_word' id='word_1_327' title='bbox 796 1277 838 1301; x_wconf 90' lang='lat' dir='ltr'><strong>est</strong></span> <span class='ocrx_word' id='word_1_328' title='bbox 850 1273 932 1306; x_wconf 75' lang='lat' dir='ltr'><strong>ans,</strong></span> 
     </span>
    </p>
   </div>
   <div class='ocr_carea' id='block_1_46' title="bbox 147 1319 933 1358">
    <p class='ocr_par' dir='ltr' id='par_1_46' title="bbox 147 1319 933 1358">
     <span class='ocr_line' id='line_1_46' title="bbox 147 1319 933 1358; baseline -0.006 -8"><span class='ocrx_word' id='word_1_329' title='bbox 147 1323 179 1350; x_wconf 83' lang='lat' dir='ltr'><strong>de</strong></span> <span class='ocrx_word' id='word_1_330' title='bbox 192 1330 245 1358; x_wconf 93' lang='lat' dir='ltr'><strong>quo</strong></span> <span class='ocrx_word' id='word_1_331' title='bbox 267 1323 396 1357; x_wconf 87' lang='lat' dir='ltr'><strong>scriptum</strong></span> <span class='ocrx_word' id='word_1_332' title='bbox 412 1327 454 1349; x_wconf 89' lang='lat' dir='ltr'><strong>est</strong></span> <span class='ocrx_word' id='word_1_333' title='bbox 468 1331 477 1348; x_wconf 84' lang='grc'><em>‹</em></span> <span class='ocrx_word' id='word_1_334' title='bbox 498 1330 505 1348; x_wconf 94' lang='lat'><strong>:</strong></span> <span class='ocrx_word' id='word_1_335' title='bbox 522 1321 572 1348; x_wconf 81' lang='lat' dir='ltr'><strong>llic</strong></span> <span class='ocrx_word' id='word_1_336' title='bbox 586 1322 707 1356; x_wconf 83' lang='lat' dir='ltr'><strong>speravit</strong></span> <span class='ocrx_word' id='word_1_337' title='bbox 722 1320 810 1347; x_wconf 88' lang='lat' dir='ltr'><strong>vocari</strong></span> <span class='ocrx_word' id='word_1_338' title='bbox 826 1319 933 1346; x_wconf 83' lang='lat' dir='ltr'><strong>nomine</strong></span> 
     </span>
    </p>
   </div>
   <div class='ocr_carea' id='block_1_47' title="bbox 147 1365 932 1400">
    <p class='ocr_par' dir='ltr' id='par_1_47' title="bbox 147 1365 932 1400">
     <span class='ocr_line' id='line_1_47' title="bbox 147 1365 932 1400; baseline -0.005 -5"><span class='ocrx_word' id='word_1_339' title='bbox 147 1368 306 1395; x_wconf 87' lang='lat' dir='ltr'><strong>DominiDei</strong></span> <span class='ocrx_word' id='word_1_340' title='bbox 326 1369 360 1395; x_wconf 82' lang='grc'><strong>¹¹.</strong></span> <span class='ocrx_word' id='word_1_341' title='bbox 376 1377 385 1394; x_wconf 71' lang='grc' dir='ltr'><strong>ι</strong></span> <span class='ocrx_word' id='word_1_342' title='bbox 401 1367 467 1394; x_wconf 87' lang='lat' dir='ltr'><strong>Nam</strong></span> <span class='ocrx_word' id='word_1_343' title='bbox 479 1375 541 1394; x_wconf 88' lang='lat' dir='ltr'><strong>cum</strong></span> <span class='ocrx_word' id='word_1_344' title='bbox 555 1367 590 1394; x_wconf 93' lang='lat' dir='ltr'><strong>ob</strong></span> <span class='ocrx_word' id='word_1_345' title='bbox 613 1373 748 1394; x_wconf 82' lang='lat' dir='ltr'><strong>summam</strong></span> <span class='ocrx_word' id='word_1_346' title='bbox 772 1365 932 1400; x_wconf 85' lang='lat' dir='ltr'><strong>probitatem</strong></span> 
     </span>
    </p>
   </div>
   <div class='ocr_carea' id='block_1_48' title="bbox 148 1410 934 1449">
    <p class='ocr_par' dir='ltr' id='par_1_48' title="bbox 148 1410 934 1449">
     <span class='ocr_line' id='line_1_48' title="bbox 148 1410 934 1449; baseline -0.003 -9"><span class='ocrx_word' id='word_1_347' title='bbox 148 1413 228 1449; x_wconf 68' lang='lat'><strong>297</strong></span> <span class='ocrx_word' id='word_1_348' title='bbox 244 1414 340 1440; x_wconf 88' lang='lat' dir='ltr'><strong>merito</strong></span> <span class='ocrx_word' id='word_1_349' title='bbox 354 1414 547 1448; x_wconf 83' lang='lat' dir='ltr'><strong>suspiceretur,</strong></span> <span class='ocrx_word' id='word_1_350' title='bbox 561 1412 741 1447; x_wconf 86' lang='lat' dir='ltr'><strong>appellatione</strong></span> <span class='ocrx_word' id='word_1_351' title='bbox 755 1411 803 1438; x_wconf 91' lang='lat' dir='ltr'><strong>Dei</strong></span> <span class='ocrx_word' id='word_1_352' title='bbox 817 1411 850 1438; x_wconf 88' lang='lat' dir='ltr'><strong>ab</strong></span> <span class='ocrx_word' id='word_1_353' title='bbox 864 1410 934 1438; x_wconf 88' lang='lat' dir='ltr'><strong>illius</strong></span> 
     </span>
    </p>
   </div>
   <div class='ocr_carea' id='block_1_49' title="bbox 148 1456 933 1491">
    <p class='ocr_par' dir='ltr' id='par_1_49' title="bbox 148 1456 933 1491">
     <span class='ocr_line' id='line_1_49' title="bbox 148 1456 933 1491; baseline -0.005 -5"><span class='ocrx_word' id='word_1_354' title='bbox 148 1460 236 1487; x_wconf 78' lang='lat' dir='ltr'><strong>:etatis</strong></span> <span class='ocrx_word' id='word_1_355' title='bbox 252 1459 407 1486; x_wconf 84' lang='lat' dir='ltr'><strong>hominibus</strong></span> <span class='ocrx_word' id='word_1_356' title='bbox 421 1464 532 1486; x_wconf 85' lang='lat' dir='ltr'><strong>ornatus</strong></span> <span class='ocrx_word' id='word_1_357' title='bbox 545 1463 597 1486; x_wconf 87' lang='lat' dir='ltr'><strong>est.</strong></span> <span class='ocrx_word' id='word_1_358' title='bbox 613 1458 682 1485; x_wconf 83' lang='lat' dir='ltr'><strong>Deus</strong></span> <span class='ocrx_word' id='word_1_359' title='bbox 696 1457 769 1485; x_wconf 87' lang='lat' dir='ltr'><strong>enim</strong></span> <span class='ocrx_word' id='word_1_360' title='bbox 783 1456 933 1491; x_wconf 85' lang='lat' dir='ltr'><strong>appellatus</strong></span> 
     </span>
    </p>
   </div>
   <div class='ocr_carea' id='block_1_50' title="bbox 150 1502 933 1538">
    <p class='ocr_par' dir='ltr' id='par_1_50' title="bbox 150 1502 933 1538">
     <span class='ocr_line' id='line_1_50' title="bbox 150 1502 933 1538; baseline -0.005 -7"><span class='ocrx_word' id='word_1_361' title='bbox 150 1508 209 1536; x_wconf 88' lang='lat' dir='ltr'><strong>est,</strong></span> <span class='ocrx_word' id='word_1_362' title='bbox 224 1504 336 1538; x_wconf 73' lang='lat' dir='ltr'><strong>iustitia:</strong></span> <span class='ocrx_word' id='word_1_363' title='bbox 352 1511 384 1530; x_wconf 86' lang='lat' dir='ltr'><strong>ac</strong></span> <span class='ocrx_word' id='word_1_364' title='bbox 398 1503 506 1530; x_wconf 89' lang='lat' dir='ltr'><strong>virtutis</strong></span> <span class='ocrx_word' id='word_1_365' title='bbox 517 1503 607 1530; x_wconf 87' lang='lat' dir='ltr'><strong>omnis</strong></span> <span class='ocrx_word' id='word_1_366' title='bbox 623 1502 761 1529; x_wconf 82' lang='lat' dir='ltr'><strong>studiosus</strong></span> <span class='ocrx_word' id='word_1_367' title='bbox 775 1508 836 1528; x_wconf 90' lang='lat' dir='ltr'><strong>cum</strong></span> <span class='ocrx_word' id='word_1_368' title='bbox 851 1504 933 1528; x_wconf 82' lang='lat' dir='ltr'><strong>esset.</strong></span> 
     </span>
    </p>
   </div>
   <div class='ocr_carea' id='block_1_51' title="bbox 151 1548 933 1585">
    <p class='ocr_par' dir='ltr' id='par_1_51' title="bbox 151 1548 933 1585">
     <span class='ocr_line' id='line_1_51' title="bbox 151 1548 933 1585; baseline -0.006 -8"><span class='ocrx_word' id='word_1_369' title='bbox 151 1549 216 1585; x_wconf 84' lang='lat' dir='ltr'><strong>Ejus</strong></span> <span class='ocrx_word' id='word_1_370' title='bbox 227 1555 318 1577; x_wconf 89' lang='lat' dir='ltr'><strong>autem</strong></span> <span class='ocrx_word' id='word_1_371' title='bbox 332 1550 457 1584; x_wconf 85' lang='lat' dir='ltr'><strong>prosapia</strong></span> <span class='ocrx_word' id='word_1_372' title='bbox 472 1549 505 1576; x_wconf 85' lang='lat' dir='ltr'><strong>ad</strong></span> <span class='ocrx_word' id='word_1_373' title='bbox 520 1548 576 1576; x_wconf 89' lang='lat' dir='ltr'><strong>Noe</strong></span> <span class='ocrx_word' id='word_1_374' title='bbox 590 1553 709 1582; x_wconf 87' lang='lat' dir='ltr'><strong>tempora</strong></span> <span class='ocrx_word' id='word_1_375' title='bbox 723 1551 869 1582; x_wconf 82' lang='lat' dir='ltr'><strong>propagata</strong></span> <span class='ocrx_word' id='word_1_376' title='bbox 882 1550 933 1579; x_wconf 83' lang='lat' dir='ltr'><strong>est,</strong></span> 
     </span>
    </p>
   </div>
   <div class='ocr_carea' id='block_1_52' title="bbox 151 1593 937 1631">
    <p class='ocr_par' dir='ltr' id='par_1_52' title="bbox 151 1593 937 1631">
     <span class='ocr_line' id='line_1_52' title="bbox 151 1593 937 1631; baseline -0.004 -7"><span class='ocrx_word' id='word_1_377' title='bbox 151 1597 197 1631; x_wconf 88' lang='lat' dir='ltr'><strong>qui</strong></span> <span class='ocrx_word' id='word_1_378' title='bbox 221 1597 311 1631; x_wconf 80' lang='lat' dir='ltr'><strong>justus</strong></span> <span class='ocrx_word' id='word_1_379' title='bbox 335 1600 405 1623; x_wconf 84' lang='lat' dir='ltr'><strong>erat.</strong></span> <span class='ocrx_word' id='word_1_380' title='bbox 428 1595 532 1623; x_wconf 83' lang='lat' dir='ltr'><strong>Placuit</strong></span> <span class='ocrx_word' id='word_1_381' title='bbox 556 1596 624 1623; x_wconf 88' lang='lat' dir='ltr'><strong>enim</strong></span> <span class='ocrx_word' id='word_1_382' title='bbox 647 1595 712 1627; x_wconf 86' lang='lat' dir='ltr'><strong>Deo,</strong></span> <span class='ocrx_word' id='word_1_383' title='bbox 734 1594 814 1622; x_wconf 82' lang='lat' dir='ltr'><strong>sicuti</strong></span> <span class='ocrx_word' id='word_1_384' title='bbox 839 1594 872 1621; x_wconf 90' lang='lat' dir='ltr'><strong>de</strong></span> <span class='ocrx_word' id='word_1_385' title='bbox 892 1593 937 1621; x_wconf 91' lang='lat' dir='ltr'><strong>illo</strong></span> 
     </span>
    </p>
   </div>
   <div class='ocr_carea' id='block_1_53' title="bbox 151 1641 938 1678">
    <p class='ocr_par' dir='ltr' id='par_1_53' title="bbox 151 1641 938 1678">
     <span class='ocr_line' id='line_1_53' title="bbox 151 1641 938 1678; baseline -0.005 -8"><span class='ocrx_word' id='word_1_386' title='bbox 151 1643 281 1678; x_wconf 83' lang='lat' dir='ltr'><strong>scriptum</strong></span> <span class='ocrx_word' id='word_1_387' title='bbox 298 1647 341 1670; x_wconf 87' lang='lat' dir='ltr'><strong>est</strong></span> <span class='ocrx_word' id='word_1_388' title='bbox 352 1643 385 1669; x_wconf 86' lang='lat'><strong>&quot;.</strong></span> <span class='ocrx_word' id='word_1_389' title='bbox 402 1641 494 1677; x_wconf 85' lang='lat' dir='ltr'><strong>Itaque</strong></span> <span class='ocrx_word' id='word_1_390' title='bbox 507 1641 584 1669; x_wconf 89' lang='lat' dir='ltr'><strong>Caini</strong></span> <span class='ocrx_word' id='word_1_391' title='bbox 603 1648 688 1676; x_wconf 85' lang='lat' dir='ltr'><strong>genus</strong></span> <span class='ocrx_word' id='word_1_392' title='bbox 701 1647 762 1668; x_wconf 90' lang='lat' dir='ltr'><strong>cum</strong></span> <span class='ocrx_word' id='word_1_393' title='bbox 778 1644 938 1674; x_wconf 88' lang='lat' dir='ltr'><strong>sequeretur</strong></span> 
     </span>
    </p>
   </div>
   <div class='ocr_carea' id='block_1_54' title="bbox 152 1685 937 1722">
    <p class='ocr_par' dir='ltr' id='par_1_54' title="bbox 152 1685 937 1722">
     <span class='ocr_line' id='line_1_54' title="bbox 152 1685 937 1722; baseline -0.004 -7"><span class='ocrx_word' id='word_1_394' title='bbox 152 1688 195 1716; x_wconf 87' lang='lat' dir='ltr'><strong>avi</strong></span> <span class='ocrx_word' id='word_1_395' title='bbox 219 1695 326 1721; x_wconf 87' lang='lat' dir='ltr'><strong>mores,</strong></span> <span class='ocrx_word' id='word_1_396' title='bbox 352 1688 461 1722; x_wconf 86' lang='lat' dir='ltr'><strong>impiam</strong></span> <span class='ocrx_word' id='word_1_397' title='bbox 488 1694 520 1715; x_wconf 89' lang='lat' dir='ltr'><strong>ac</strong></span> <span class='ocrx_word' id='word_1_398' title='bbox 547 1686 678 1714; x_wconf 75' lang='lat' dir='ltr'><strong>nefariam</strong></span> <span class='ocrx_word' id='word_1_399' title='bbox 703 1686 784 1713; x_wconf 87' lang='lat' dir='ltr'><strong>vitam</strong></span> <span class='ocrx_word' id='word_1_400' title='bbox 811 1685 937 1712; x_wconf 88' lang='lat' dir='ltr'><strong>instituit.</strong></span> 
     </span>
    </p>
   </div>
   <div class='ocr_carea' id='block_1_55' title="bbox 153 1731 940 1769">
    <p class='ocr_par' dir='ltr' id='par_1_55' title="bbox 153 1731 940 1769">
     <span class='ocr_line' id='line_1_55' title="bbox 153 1731 940 1769; baseline -0.005 -8"><span class='ocrx_word' id='word_1_401' title='bbox 153 1733 225 1761; x_wconf 88' lang='lat' dir='ltr'><strong>Enos</strong></span> <span class='ocrx_word' id='word_1_402' title='bbox 239 1739 327 1761; x_wconf 88' lang='lat' dir='ltr'><strong>autem</strong></span> <span class='ocrx_word' id='word_1_403' title='bbox 344 1737 523 1769; x_wconf 86' lang='lat' dir='ltr'><strong>cognomento</strong></span> <span class='ocrx_word' id='word_1_404' title='bbox 538 1731 585 1759; x_wconf 83' lang='lat' dir='ltr'><strong>Dei</strong></span> <span class='ocrx_word' id='word_1_405' title='bbox 600 1732 696 1767; x_wconf 80' lang='lat' dir='ltr'><strong>posteri</strong></span> <span class='ocrx_word' id='word_1_406' title='bbox 705 1751 713 1764; x_wconf 82' lang='lat'><strong>,</strong></span> <span class='ocrx_word' id='word_1_407' title='bbox 727 1732 805 1759; x_wconf 65' lang='lat' dir='ltr'><strong>avitae</strong></span> <span class='ocrx_word' id='word_1_408' title='bbox 821 1731 940 1766; x_wconf 85' lang='lat' dir='ltr'><strong>probita-</strong></span> 
     </span>
    </p>
   </div>
   <div class='ocr_carea' id='block_1_56' title="bbox 155 1776 938 1815">
    <p class='ocr_par' dir='ltr' id='par_1_56' title="bbox 155 1776 938 1815">
     <span class='ocr_line' id='line_1_56' title="bbox 155 1776 938 1815; baseline -0.005 -8"><span class='ocrx_word' id='word_1_409' title='bbox 155 1780 189 1807; x_wconf 87' lang='lat' dir='ltr'><strong>tis</strong></span> <span class='ocrx_word' id='word_1_410' title='bbox 205 1779 326 1815; x_wconf 77' lang='lat' dir='ltr'><strong>vestigiis</strong></span> <span class='ocrx_word' id='word_1_411' title='bbox 342 1779 376 1806; x_wconf 92' lang='lat' dir='ltr'><strong>ad</strong></span> <span class='ocrx_word' id='word_1_412' title='bbox 393 1786 478 1813; x_wconf 84' lang='lat' dir='ltr'><strong>usque</strong></span> <span class='ocrx_word' id='word_1_413' title='bbox 494 1777 551 1806; x_wconf 82' lang='lat' dir='ltr'><strong>Noe</strong></span> <span class='ocrx_word' id='word_1_414' title='bbox 569 1782 673 1811; x_wconf 85' lang='lat' dir='ltr'><strong>tempus</strong></span> <span class='ocrx_word' id='word_1_415' title='bbox 691 1777 858 1808; x_wconf 84' lang='lat' dir='ltr'><strong>insistentes,</strong></span> <span class='ocrx_word' id='word_1_416' title='bbox 875 1776 938 1803; x_wconf 80' lang='lat' dir='ltr'><strong>boni</strong></span> 
     </span>
    </p>
   </div>
   <div class='ocr_carea' id='block_1_57' title="bbox 155 1820 941 1858">
    <p class='ocr_par' dir='ltr' id='par_1_57' title="bbox 155 1820 941 1858">
     <span class='ocr_line' id='line_1_57' title="bbox 155 1820 941 1858; baseline -0.005 -7"><span class='ocrx_word' id='word_1_417' title='bbox 155 1832 188 1851; x_wconf 88' lang='lat' dir='ltr'><strong>ac</strong></span> <span class='ocrx_word' id='word_1_418' title='bbox 200 1823 264 1858; x_wconf 80' lang='lat' dir='ltr'><strong>justi</strong></span> <span class='ocrx_word' id='word_1_419' title='bbox 280 1824 406 1858; x_wconf 89' lang='lat' dir='ltr'><strong>omnique</strong></span> <span class='ocrx_word' id='word_1_420' title='bbox 420 1823 519 1850; x_wconf 88' lang='lat' dir='ltr'><strong>virtute</strong></span> <span class='ocrx_word' id='word_1_421' title='bbox 531 1822 636 1856; x_wconf 60' lang='lat' dir='ltr'><strong>praediti</strong></span> <span class='ocrx_word' id='word_1_422' title='bbox 649 1821 841 1848; x_wconf 86' lang='lat' dir='ltr'><strong>cernebantur.</strong></span> <span class='ocrx_word' id='word_1_423' title='bbox 855 1820 941 1848; x_wconf 79' lang='lat' dir='ltr'><strong>Porro</strong></span> 
     </span>
    </p>
   </div>
   <div class='ocr_carea' id='block_1_58' title="bbox 159 1866 941 1904">
    <p class='ocr_par' dir='ltr' id='par_1_58' title="bbox 159 1866 941 1904">
     <span class='ocr_line' id='line_1_58' title="bbox 159 1866 941 1904; baseline -0.004 -8"><span class='ocrx_word' id='word_1_424' title='bbox 159 1877 243 1904; x_wconf 82' lang='lat' dir='ltr'><strong>genus</strong></span> <span class='ocrx_word' id='word_1_425' title='bbox 259 1869 296 1896; x_wconf 91' lang='lat' dir='ltr'><strong>illi</strong></span> <span class='ocrx_word' id='word_1_426' title='bbox 315 1876 368 1896; x_wconf 92' lang='lat' dir='ltr'><strong>non</strong></span> <span class='ocrx_word' id='word_1_427' title='bbox 387 1868 547 1899; x_wconf 84' lang='lat' dir='ltr'><strong>miscebant,</strong></span> <span class='ocrx_word' id='word_1_428' title='bbox 563 1872 590 1895; x_wconf 89' lang='lat' dir='ltr'><strong>et</strong></span> <span class='ocrx_word' id='word_1_429' title='bbox 606 1875 619 1893; x_wconf 89' lang='lat' dir='ltr'><strong>a</strong></span> <span class='ocrx_word' id='word_1_430' title='bbox 637 1867 757 1901; x_wconf 81' lang='lat' dir='ltr'><strong>profanis</strong></span> <span class='ocrx_word' id='word_1_431' title='bbox 773 1867 833 1900; x_wconf 89' lang='lat' dir='ltr'><strong>puri</strong></span> <span class='ocrx_word' id='word_1_432' title='bbox 850 1866 941 1900; x_wconf 83' lang='lat' dir='ltr'><strong>sejun-</strong></span> 
     </span>
    </p>
   </div>
   <div class='ocr_carea' id='block_1_59' title="bbox 156 1911 939 1948">
    <p class='ocr_par' dir='ltr' id='par_1_59' title="bbox 156 1911 939 1948">
     <span class='ocr_line' id='line_1_59' title="bbox 156 1911 939 1948; baseline -0.003 -8"><span class='ocrx_word' id='word_1_433' title='bbox 156 1913 301 1948; x_wconf 77' lang='lat' dir='ltr'><strong>gebantur,</strong></span> <span class='ocrx_word' id='word_1_434' title='bbox 318 1914 536 1946; x_wconf 83' lang='lat' dir='ltr'><strong>vocabanturque</strong></span> <span class='ocrx_word' id='word_1_435' title='bbox 555 1912 607 1946; x_wconf 70' lang='lat' dir='ltr'><strong>lilii</strong></span> <span class='ocrx_word' id='word_1_436' title='bbox 626 1912 674 1938; x_wconf 76' lang='lat' dir='ltr'><strong>Dei</strong></span> <span class='ocrx_word' id='word_1_437' title='bbox 693 1911 750 1939; x_wconf 86' lang='lat' dir='ltr'><strong>Noe</strong></span> <span class='ocrx_word' id='word_1_438' title='bbox 766 1911 939 1946; x_wconf 87' lang='lat' dir='ltr'><strong>temporibus.</strong></span> 
     </span>
    </p>
   </div>
   <div class='ocr_carea' id='block_1_60' title="bbox 158 1957 942 1993">
    <p class='ocr_par' dir='ltr' id='par_1_60' title="bbox 158 1957 942 1993">
     <span class='ocr_line' id='line_1_60' title="bbox 158 1957 942 1993; baseline -0.001 -7"><span class='ocrx_word' id='word_1_439' title='bbox 158 1969 168 1986; x_wconf 70' lang='grc' dir='ltr'><strong>ι</strong></span> <span class='ocrx_word' id='word_1_440' title='bbox 188 1959 246 1987; x_wconf 83' lang='lat' dir='ltr'><strong>Filii</strong></span> <span class='ocrx_word' id='word_1_441' title='bbox 262 1959 320 1992; x_wconf 88' lang='lat' dir='ltr'><strong>Dei,</strong></span> <span class='ocrx_word' id='word_1_442' title='bbox 338 1960 388 1987; x_wconf 88' lang='lat' dir='ltr'><strong>hoc</strong></span> <span class='ocrx_word' id='word_1_443' title='bbox 402 1964 452 1991; x_wconf 87' lang='lat' dir='ltr'><strong>est,</strong></span> <span class='ocrx_word' id='word_1_444' title='bbox 469 1958 540 1986; x_wconf 84' lang='lat' dir='ltr'><strong>Euos</strong></span> <span class='ocrx_word' id='word_1_445' title='bbox 554 1958 666 1993; x_wconf 85' lang='lat' dir='ltr'><strong>posteri,</strong></span> <span class='ocrx_word' id='word_1_446' title='bbox 681 1958 801 1985; x_wconf 90' lang='lat' dir='ltr'><strong>videntes</strong></span> <span class='ocrx_word' id='word_1_447' title='bbox 815 1958 882 1985; x_wconf 84' lang='lat' dir='ltr'><strong>ﬁlias</strong></span> <span class='ocrx_word' id='word_1_448' title='bbox 894 1957 942 1986; x_wconf 88' lang='lat' dir='ltr'><strong>ho-</strong></span> 
     </span>
    </p>
   </div>
   <div class='ocr_carea' id='block_1_61' title="bbox 158 2001 943 2040">
    <p class='ocr_par' dir='ltr' id='par_1_61' title="bbox 158 2001 943 2040">
     <span class='ocr_line' id='line_1_61' title="bbox 158 2001 943 2040; baseline -0.005 -8"><span class='ocrx_word' id='word_1_449' title='bbox 158 2005 270 2037; x_wconf 88' lang='lat' dir='ltr'><strong>minum,</strong></span> <span class='ocrx_word' id='word_1_450' title='bbox 283 2004 354 2040; x_wconf 81' lang='lat' dir='ltr'><strong>quati</strong></span> <span class='ocrx_word' id='word_1_451' title='bbox 366 2008 455 2031; x_wconf 77' lang='lat' dir='ltr'><strong>essent</strong></span> <span class='ocrx_word' id='word_1_452' title='bbox 469 2003 596 2038; x_wconf 72' lang='lat' dir='ltr'><strong>pulchrae,</strong></span> <span class='ocrx_word' id='word_1_453' title='bbox 609 2007 771 2037; x_wconf 82' lang='lat' dir='ltr'><strong>acceperunt</strong></span> <span class='ocrx_word' id='word_1_454' title='bbox 780 2001 831 2029; x_wconf 90' lang='lat' dir='ltr'><strong>sibi</strong></span> <span class='ocrx_word' id='word_1_455' title='bbox 844 2008 943 2029; x_wconf 79' lang='lat' dir='ltr'><strong>uxores</strong></span> 
     </span>
    </p>
   </div>
   <div class='ocr_carea' id='block_1_62' title="bbox 155 2048 943 2084">
    <p class='ocr_par' dir='ltr' id='par_1_62' title="bbox 155 2048 943 2084">
     <span class='ocr_line' id='line_1_62' title="bbox 155 2048 943 2084; baseline -0.005 -5"><span class='ocrx_word' id='word_1_456' title='bbox 155 2059 189 2079; x_wconf 77' lang='lat' dir='ltr'><strong>ex</strong></span> <span class='ocrx_word' id='word_1_457' title='bbox 203 2050 329 2078; x_wconf 87' lang='lat' dir='ltr'><strong>omnibus</strong></span> <span class='ocrx_word' id='word_1_458' title='bbox 344 2057 411 2084; x_wconf 89' lang='lat' dir='ltr'><strong>quas</strong></span> <span class='ocrx_word' id='word_1_459' title='bbox 424 2049 561 2084; x_wconf 76' lang='lat' dir='ltr'><strong>elegerant</strong></span> <span class='ocrx_word' id='word_1_460' title='bbox 570 2048 602 2075; x_wconf 81' lang='lat'><strong>“.</strong></span> <span class='ocrx_word' id='word_1_461' title='bbox 619 2059 628 2074; x_wconf 79' lang='grc' dir='ltr'>ι</span> <span class='ocrx_word' id='word_1_462' title='bbox 643 2048 725 2083; x_wconf 89' lang='lat' dir='ltr'><strong>Igitur</strong></span> <span class='ocrx_word' id='word_1_463' title='bbox 736 2055 797 2075; x_wconf 92' lang='lat' dir='ltr'><strong>cum</strong></span> <span class='ocrx_word' id='word_1_464' title='bbox 811 2048 943 2083; x_wconf 65' lang='lat' dir='ltr'><strong>prosapia!</strong></span> 
     </span>
    </p>
   </div>
   <div class='ocr_carea' id='block_1_63' title="bbox 157 2094 943 2129">
    <p class='ocr_par' dir='ltr' id='par_1_63' title="bbox 157 2094 943 2129">
     <span class='ocr_line' id='line_1_63' title="bbox 157 2094 943 2129; baseline -0.004 -5"><span class='ocrx_word' id='word_1_465' title='bbox 157 2097 229 2124; x_wconf 84' lang='lat' dir='ltr'><strong>inter</strong></span> <span class='ocrx_word' id='word_1_466' title='bbox 244 2104 274 2124; x_wconf 83' lang='lat' dir='ltr'><strong>se</strong></span> <span class='ocrx_word' id='word_1_467' title='bbox 292 2097 377 2123; x_wconf 80' lang='lat' dir='ltr'><strong>mista:</strong></span> <span class='ocrx_word' id='word_1_468' title='bbox 394 2100 500 2128; x_wconf 85' lang='lat' dir='ltr'><strong>essent,</strong></span> <span class='ocrx_word' id='word_1_469' title='bbox 519 2100 546 2122; x_wconf 90' lang='lat' dir='ltr'><strong>et</strong></span> <span class='ocrx_word' id='word_1_470' title='bbox 567 2095 682 2129; x_wconf 83' lang='lat' dir='ltr'><strong>implexu</strong></span> <span class='ocrx_word' id='word_1_471' title='bbox 700 2095 762 2121; x_wconf 88' lang='lat' dir='ltr'><strong>mali</strong></span> <span class='ocrx_word' id='word_1_472' title='bbox 781 2095 880 2122; x_wconf 88' lang='lat' dir='ltr'><strong>bonttm</strong></span> <span class='ocrx_word' id='word_1_473' title='bbox 896 2094 943 2121; x_wconf 86' lang='lat' dir='ltr'><strong>de-</strong></span> 
     </span>
    </p>
   </div>
   <div class='ocr_carea' id='block_1_64' title="bbox 156 2140 942 2177">
    <p class='ocr_par' dir='ltr' id='par_1_64' title="bbox 156 2140 942 2177">
     <span class='ocr_line' id='line_1_64' title="bbox 156 2140 942 2177; baseline -0.003 -7"><span class='ocrx_word' id='word_1_474' title='bbox 156 2142 240 2172; x_wconf 65' lang='lat' dir='ltr'><strong>lun-vs</strong></span> <span class='ocrx_word' id='word_1_475' title='bbox 251 2148 334 2175; x_wconf 86' lang='lat' dir='ltr'><strong>esset,</strong></span> <span class='ocrx_word' id='word_1_476' title='bbox 347 2150 407 2169; x_wconf 88' lang='lat' dir='ltr'><strong>cum</strong></span> <span class='ocrx_word' id='word_1_477' title='bbox 419 2142 524 2177; x_wconf 84' lang='lat' dir='ltr'><strong>justitia</strong></span> <span class='ocrx_word' id='word_1_478' title='bbox 536 2147 562 2169; x_wconf 91' lang='lat' dir='ltr'><strong>et</strong></span> <span class='ocrx_word' id='word_1_479' title='bbox 577 2141 718 2176; x_wconf 76' lang='lat' dir='ltr'><strong>integritas</strong></span> <span class='ocrx_word' id='word_1_480' title='bbox 728 2140 789 2168; x_wconf 66' lang='lat' dir='ltr'><strong>vita</strong></span> <span class='ocrx_word' id='word_1_481' title='bbox 804 2147 856 2168; x_wconf 90' lang='lat' dir='ltr'><strong>non</strong></span> <span class='ocrx_word' id='word_1_482' title='bbox 869 2144 942 2168; x_wconf 84' lang='lat' dir='ltr'><strong>esset</strong></span> 
     </span>
    </p>
   </div>
   <div class='ocr_carea' id='block_1_65' title="bbox 157 2187 942 2224">
    <p class='ocr_par' dir='ltr' id='par_1_65' title="bbox 157 2187 942 2224">
     <span class='ocr_line' id='line_1_65' title="bbox 157 2187 942 2224; baseline -0.003 -8"><span class='ocrx_word' id='word_1_483' title='bbox 157 2189 271 2224; x_wconf 86' lang='lat' dir='ltr'><strong>amplius</strong></span> <span class='ocrx_word' id='word_1_484' title='bbox 284 2189 354 2224; x_wconf 86' lang='lat' dir='ltr'><strong>apud</strong></span> <span class='ocrx_word' id='word_1_485' title='bbox 369 2194 447 2216; x_wconf 79' lang='lat' dir='ltr'><strong>terra:</strong></span> <span class='ocrx_word' id='word_1_486' title='bbox 460 2188 576 2221; x_wconf 86' lang='lat' dir='ltr'><strong>incolas;</strong></span> <span class='ocrx_word' id='word_1_487' title='bbox 590 2188 743 2215; x_wconf 88' lang='lat' dir='ltr'><strong>eluvionem</strong></span> <span class='ocrx_word' id='word_1_488' title='bbox 757 2187 870 2215; x_wconf 90' lang='lat' dir='ltr'><strong>immisit</strong></span> <span class='ocrx_word' id='word_1_489' title='bbox 883 2187 942 2214; x_wconf 81' lang='lat' dir='ltr'><strong>uni-</strong></span> 
     </span>
    </p>
   </div>
   <div class='ocr_carea' id='block_1_66' title="bbox 157 2234 944 2268">
    <p class='ocr_par' dir='ltr' id='par_1_66' title="bbox 157 2234 944 2268">
     <span class='ocr_line' id='line_1_66' title="bbox 157 2234 944 2268; baseline -0.004 -6"><span class='ocrx_word' id='word_1_490' title='bbox 157 2235 228 2262; x_wconf 86' lang='lat' dir='ltr'><strong>versi</strong></span> <span class='ocrx_word' id='word_1_491' title='bbox 250 2235 331 2266; x_wconf 88' lang='lat' dir='ltr'><strong>Deus,</strong></span> <span class='ocrx_word' id='word_1_492' title='bbox 350 2241 430 2262; x_wconf 86' lang='lat' dir='ltr'><strong>unam</strong></span> <span class='ocrx_word' id='word_1_493' title='bbox 451 2234 477 2261; x_wconf 92' lang='lat' dir='ltr'><strong>in</strong></span> <span class='ocrx_word' id='word_1_494' title='bbox 497 2241 591 2260; x_wconf 91' lang='lat' dir='ltr'><strong>omnes</strong></span> <span class='ocrx_word' id='word_1_495' title='bbox 609 2240 641 2260; x_wconf 81' lang='lat' dir='ltr'><strong>ex</strong></span> <span class='ocrx_word' id='word_1_496' title='bbox 660 2241 738 2268; x_wconf 74' lang='lat' dir='ltr'><strong>aequo</strong></span> <span class='ocrx_word' id='word_1_497' title='bbox 757 2238 868 2260; x_wconf 89' lang='lat' dir='ltr'><strong>mortem</strong></span> <span class='ocrx_word' id='word_1_498' title='bbox 888 2238 944 2260; x_wconf 90' lang='lat' dir='ltr'><strong>sta-</strong></span> 
     </span>
    </p>
   </div>
   <div class='ocr_carea' id='block_1_67' title="bbox 158 2279 943 2311">
    <p class='ocr_par' dir='ltr' id='par_1_67' title="bbox 158 2279 943 2311">
     <span class='ocr_line' id='line_1_67' title="bbox 158 2279 943 2311; baseline -0.003 -3"><span class='ocrx_word' id='word_1_499' title='bbox 158 2285 245 2308; x_wconf 85' lang='lat' dir='ltr'><strong>tuens.</strong></span> <span class='ocrx_word' id='word_1_500' title='bbox 267 2280 320 2308; x_wconf 76' lang='lat' dir='ltr'><strong>Res</strong></span> <span class='ocrx_word' id='word_1_501' title='bbox 339 2281 411 2307; x_wconf 89' lang='lat' dir='ltr'><strong>enim</strong></span> <span class='ocrx_word' id='word_1_502' title='bbox 432 2284 539 2307; x_wconf 85' lang='lat' dir='ltr'><strong>nostras</strong></span> <span class='ocrx_word' id='word_1_503' title='bbox 558 2283 652 2306; x_wconf 79' lang='lat' dir='ltr'><strong>sancte</strong></span> <span class='ocrx_word' id='word_1_504' title='bbox 670 2279 827 2311; x_wconf 88' lang='lat' dir='ltr'><strong>trutinatur,</strong></span> <span class='ocrx_word' id='word_1_505' title='bbox 848 2283 875 2306; x_wconf 88' lang='lat' dir='ltr'><strong>et</strong></span> <span class='ocrx_word' id='word_1_506' title='bbox 893 2279 943 2306; x_wconf 93' lang='lat' dir='ltr'><strong>im-</strong></span> 
     </span>
    </p>
   </div>
   <div class='ocr_carea' id='block_1_68' title="bbox 158 2324 942 2361">
    <p class='ocr_par' dir='ltr' id='par_1_68' title="bbox 158 2324 942 2361">
     <span class='ocr_line' id='line_1_68' title="bbox 158 2324 942 2361; baseline -0.004 -7"><span class='ocrx_word' id='word_1_507' title='bbox 158 2327 284 2361; x_wconf 87' lang='lat' dir='ltr'><strong>pietatem</strong></span> <span class='ocrx_word' id='word_1_508' title='bbox 302 2326 374 2353; x_wconf 80' lang='lat' dir='ltr'><strong>ferre</strong></span> <span class='ocrx_word' id='word_1_509' title='bbox 391 2326 495 2360; x_wconf 90' lang='lat' dir='ltr'><strong>nequit.</strong></span> <span class='ocrx_word' id='word_1_510' title='bbox 513 2334 522 2351; x_wconf 86' lang='grc'>‹</span> <span class='ocrx_word' id='word_1_511' title='bbox 544 2324 704 2360; x_wconf 80' lang='lat' dir='ltr'><strong>Pepererunl</strong></span> <span class='ocrx_word' id='word_1_512' title='bbox 722 2331 823 2358; x_wconf 86' lang='lat' dir='ltr'><strong>autem,</strong></span> <span class='ocrx_word' id='word_1_513' title='bbox 843 2325 942 2359; x_wconf 82' lang='lat' dir='ltr'><strong>inquit,</strong></span> 
     </span>
    </p>
   </div>
   <div class='ocr_carea' id='block_1_69' title="bbox 159 2371 942 2407">
    <p class='ocr_par' dir='ltr' id='par_1_69' title="bbox 159 2371 942 2407">
     <span class='ocr_line' id='line_1_69' title="bbox 159 2371 942 2407; baseline -0.003 -7"><span class='ocrx_word' id='word_1_514' title='bbox 159 2373 280 2400; x_wconf 75' lang='lat' dir='ltr'><strong>mulieres</strong></span> <span class='ocrx_word' id='word_1_515' title='bbox 296 2373 417 2407; x_wconf 81' lang='lat' dir='ltr'><strong>gigantas</strong></span> <span class='ocrx_word' id='word_1_516' title='bbox 430 2371 464 2405; x_wconf 75' lang='lat'><strong>“,</strong></span> <span class='ocrx_word' id='word_1_517' title='bbox 486 2381 496 2398; x_wconf 76' lang='grc' dir='ltr'><strong>ι</strong></span> <span class='ocrx_word' id='word_1_518' title='bbox 516 2371 603 2407; x_wconf 89' lang='lat' dir='ltr'><strong>ipsam</strong></span> <span class='ocrx_word' id='word_1_519' title='bbox 621 2378 717 2406; x_wconf 89' lang='lat' dir='ltr'><strong>nempe</strong></span> <span class='ocrx_word' id='word_1_520' title='bbox 734 2379 878 2405; x_wconf 90' lang='lat' dir='ltr'><strong>corporum</strong></span> <span class='ocrx_word' id='word_1_521' title='bbox 895 2379 942 2398; x_wconf 89' lang='lat' dir='ltr'><strong>ve-</strong></span> 
     </span>
    </p>
   </div>
   <div class='ocr_carea' id='block_1_70' title="bbox 160 2416 942 2451">
    <p class='ocr_par' dir='ltr' id='par_1_70' title="bbox 160 2416 942 2451">
     <span class='ocr_line' id='line_1_70' title="bbox 160 2416 942 2451; baseline -0.004 -5"><span class='ocrx_word' id='word_1_522' title='bbox 160 2422 292 2446; x_wconf 84' lang='lat' dir='ltr'><strong>nustatem</strong></span> <span class='ocrx_word' id='word_1_523' title='bbox 313 2418 482 2445; x_wconf 89' lang='lat' dir='ltr'><strong>adulteraute</strong></span> <span class='ocrx_word' id='word_1_524' title='bbox 501 2417 609 2445; x_wconf 88' lang='lat' dir='ltr'><strong>demum</strong></span> <span class='ocrx_word' id='word_1_525' title='bbox 632 2418 671 2444; x_wconf 86' lang='lat' dir='ltr'><strong>ira</strong></span> <span class='ocrx_word' id='word_1_526' title='bbox 692 2416 796 2449; x_wconf 79' lang='lat' dir='ltr'><strong>divina,</strong></span> <span class='ocrx_word' id='word_1_527' title='bbox 818 2423 850 2444; x_wconf 91' lang='lat' dir='ltr'><strong>eo</strong></span> <span class='ocrx_word' id='word_1_528' title='bbox 872 2417 942 2451; x_wconf 80' lang='lat' dir='ltr'><strong>quod</strong></span> 
     </span>
    </p>
   </div>
   <div class='ocr_carea' id='block_1_71' title="bbox 159 2463 944 2500">
    <p class='ocr_par' dir='ltr' id='par_1_71' title="bbox 159 2463 944 2500">
     <span class='ocr_line' id='line_1_71' title="bbox 159 2463 944 2500; baseline -0.003 -9"><span class='ocrx_word' id='word_1_529' title='bbox 159 2463 263 2500; x_wconf 87' lang='lat' dir='ltr'><strong>justitia</strong></span> <span class='ocrx_word' id='word_1_530' title='bbox 276 2464 433 2492; x_wconf 83' lang='lat' dir='ltr'><strong>conculcata</strong></span> <span class='ocrx_word' id='word_1_531' title='bbox 445 2468 526 2497; x_wconf 87' lang='lat' dir='ltr'><strong>esset,</strong></span> <span class='ocrx_word' id='word_1_532' title='bbox 541 2464 658 2498; x_wconf 91' lang='lat' dir='ltr'><strong>turpium</strong></span> <span class='ocrx_word' id='word_1_533' title='bbox 673 2463 903 2498; x_wconf 87' lang='lat' dir='ltr'><strong>perturbationum</strong></span> <span class='ocrx_word' id='word_1_534' title='bbox 917 2468 944 2490; x_wconf 90' lang='lat' dir='ltr'><strong>et</strong></span> 
     </span>
    </p>
   </div>
   <div class='ocr_carea' id='block_1_72' title="bbox 162 2509 943 2545">
    <p class='ocr_par' dir='ltr' id='par_1_72' title="bbox 162 2509 943 2545">
     <span class='ocr_line' id='line_1_72' title="bbox 162 2509 943 2545; baseline 0 -9"><span class='ocrx_word' id='word_1_535' title='bbox 162 2510 352 2545; x_wconf 79' lang='lat' dir='ltr'><strong>impurissimze</strong></span> <span class='ocrx_word' id='word_1_536' title='bbox 361 2509 507 2545; x_wconf 82' lang='lat' dir='ltr'><strong>voluptatis</strong></span> <span class='ocrx_word' id='word_1_537' title='bbox 519 2517 610 2536; x_wconf 80' lang='lat' dir='ltr'><strong>causa.</strong></span> <span class='ocrx_word' id='word_1_538' title='bbox 623 2509 707 2536; x_wconf 85' lang='lat' dir='ltr'><strong>Erant</strong></span> <span class='ocrx_word' id='word_1_539' title='bbox 718 2514 807 2536; x_wconf 89' lang='lat' dir='ltr'><strong>autem</strong></span> <span class='ocrx_word' id='word_1_540' title='bbox 820 2509 943 2545; x_wconf 72' lang='lat' dir='ltr'><strong>gigantes</strong></span> 
     </span>
    </p>
   </div>
   <div class='ocr_carea' id='block_1_73' title="bbox 163 2554 942 2587">
    <p class='ocr_par' dir='ltr' id='par_1_73' title="bbox 163 2554 942 2587">
     <span class='ocr_line' id='line_1_73' title="bbox 163 2554 942 2587; baseline 0.001 -6"><span class='ocrx_word' id='word_1_541' title='bbox 163 2555 200 2582; x_wconf 92' lang='lat' dir='ltr'><strong>illi</strong></span> <span class='ocrx_word' id='word_1_542' title='bbox 213 2555 280 2582; x_wconf 81' lang='lat' dir='ltr'><strong>vasti</strong></span> <span class='ocrx_word' id='word_1_543' title='bbox 294 2556 384 2583; x_wconf 79' lang='lat' dir='ltr'><strong>lorsan</strong></span> <span class='ocrx_word' id='word_1_544' title='bbox 399 2562 431 2582; x_wconf 87' lang='lat' dir='ltr'><strong>ac</strong></span> <span class='ocrx_word' id='word_1_545' title='bbox 447 2554 638 2587; x_wconf 82' lang='lat' dir='ltr'><strong>robustissimi,</strong></span> <span class='ocrx_word' id='word_1_546' title='bbox 654 2556 701 2582; x_wconf 85' lang='lat' dir='ltr'><strong>sed</strong></span> <span class='ocrx_word' id='word_1_547' title='bbox 717 2555 798 2582; x_wconf 87' lang='lat' dir='ltr'><strong>multa</strong></span> <span class='ocrx_word' id='word_1_548' title='bbox 814 2555 942 2582; x_wconf 82' lang='lat' dir='ltr'><strong>deformi-</strong></span> 
     </span>
    </p>
   </div>
   <div class='ocr_carea' id='block_1_74' title="bbox 162 2600 940 2635">
    <p class='ocr_par' dir='ltr' id='par_1_74' title="bbox 162 2600 940 2635">
     <span class='ocr_line' id='line_1_74' title="bbox 162 2600 940 2635; baseline 0 -8"><span class='ocrx_word' id='word_1_549' title='bbox 162 2605 217 2628; x_wconf 84' lang='lat' dir='ltr'><strong>tate</strong></span> <span class='ocrx_word' id='word_1_550' title='bbox 238 2601 401 2629; x_wconf 88' lang='lat' dir='ltr'><strong>Iaborantes.</strong></span> <span class='ocrx_word' id='word_1_551' title='bbox 420 2600 494 2629; x_wconf 91' lang='lat' dir='ltr'><strong>Solet</strong></span> <span class='ocrx_word' id='word_1_552' title='bbox 514 2606 604 2629; x_wconf 87' lang='lat' dir='ltr'><strong>autem</strong></span> <span class='ocrx_word' id='word_1_553' title='bbox 626 2601 767 2635; x_wconf 87' lang='lat' dir='ltr'><strong>Scriptura</strong></span> <span class='ocrx_word' id='word_1_554' title='bbox 788 2601 877 2628; x_wconf 86' lang='lat' dir='ltr'><strong>divina</strong></span> <span class='ocrx_word' id='word_1_555' title='bbox 897 2601 940 2635; x_wconf 82' lang='lat' dir='ltr'><strong>gi-</strong></span> 
     </span>
    </p>
   </div>
   <div class='ocr_carea' id='block_1_75' title="bbox 161 2646 940 2682">
    <p class='ocr_par' dir='ltr' id='par_1_75' title="bbox 161 2646 940 2682">
     <span class='ocr_line' id='line_1_75' title="bbox 161 2646 940 2682; baseline 0 -9"><span class='ocrx_word' id='word_1_556' title='bbox 161 2653 254 2682; x_wconf 69' lang='lat' dir='ltr'><strong>ganta:</strong></span> <span class='ocrx_word' id='word_1_557' title='bbox 276 2655 374 2675; x_wconf 83' lang='lat' dir='ltr'><strong>vocare</strong></span> <span class='ocrx_word' id='word_1_558' title='bbox 398 2647 520 2674; x_wconf 84' lang='lat' dir='ltr'><strong>homines</strong></span> <span class='ocrx_word' id='word_1_559' title='bbox 543 2647 649 2675; x_wconf 78' lang='lat' dir='ltr'><strong>feroces</strong></span> <span class='ocrx_word' id='word_1_560' title='bbox 672 2654 703 2674; x_wconf 88' lang='lat' dir='ltr'><strong>ac</strong></span> <span class='ocrx_word' id='word_1_561' title='bbox 729 2646 940 2674; x_wconf 86' lang='lat' dir='ltr'><strong>robustissimos.</strong></span> 
     </span>
    </p>
   </div>
   <div class='ocr_carea' id='block_1_76' title="bbox 164 2691 943 2728">
    <p class='ocr_par' dir='ltr' id='par_1_76' title="bbox 164 2691 943 2728">
     <span class='ocr_line' id='line_1_76' title="bbox 164 2691 943 2728; baseline -0.003 -9"><span class='ocrx_word' id='word_1_562' title='bbox 164 2693 234 2719; x_wconf 78' lang='lat' dir='ltr'><strong>Dixit</strong></span> <span class='ocrx_word' id='word_1_563' title='bbox 248 2693 345 2728; x_wconf 88' lang='lat' dir='ltr'><strong>quippe</strong></span> <span class='ocrx_word' id='word_1_564' title='bbox 361 2693 478 2720; x_wconf 88' lang='lat' dir='ltr'><strong>universi</strong></span> <span class='ocrx_word' id='word_1_565' title='bbox 495 2693 565 2720; x_wconf 89' lang='lat' dir='ltr'><strong>Deus</strong></span> <span class='ocrx_word' id='word_1_566' title='bbox 580 2693 613 2720; x_wconf 88' lang='lat' dir='ltr'><strong>de</strong></span> <span class='ocrx_word' id='word_1_567' title='bbox 627 2692 719 2721; x_wconf 83' lang='lat' dir='ltr'><strong>Persis</strong></span> <span class='ocrx_word' id='word_1_568' title='bbox 735 2699 768 2720; x_wconf 87' lang='lat' dir='ltr'><strong>ac</strong></span> <span class='ocrx_word' id='word_1_569' title='bbox 784 2691 882 2724; x_wconf 80' lang='lat' dir='ltr'><strong>Medis,</strong></span> <span class='ocrx_word' id='word_1_570' title='bbox 897 2691 943 2726; x_wconf 90' lang='lat' dir='ltr'><strong>qui</strong></span> 
     </span>
    </p>
   </div>
   <div class='ocr_carea' id='block_1_77' title="bbox 162 2737 944 2773">
    <p class='ocr_par' dir='ltr' id='par_1_77' title="bbox 162 2737 944 2773">
     <span class='ocr_line' id='line_1_77' title="bbox 162 2737 944 2773; baseline -0.001 -8"><span class='ocrx_word' id='word_1_571' title='bbox 162 2738 269 2765; x_wconf 60' lang='lat' dir='ltr'><strong>Judatos</strong></span> <span class='ocrx_word' id='word_1_572' title='bbox 284 2738 439 2766; x_wconf 86' lang='lat' dir='ltr'><strong>debellaturi</strong></span> <span class='ocrx_word' id='word_1_573' title='bbox 453 2743 549 2765; x_wconf 84' lang='lat' dir='ltr'><strong>erant:</strong></span> <span class='ocrx_word' id='word_1_574' title='bbox 565 2747 574 2764; x_wconf 81' lang='grc' dir='ltr'><strong>ι</strong></span> <span class='ocrx_word' id='word_1_575' title='bbox 589 2737 717 2773; x_wconf 85' lang='lat' dir='ltr'><strong>Gigantas</strong></span> <span class='ocrx_word' id='word_1_576' title='bbox 727 2738 838 2766; x_wconf 89' lang='lat' dir='ltr'><strong>veniunt</strong></span> <span class='ocrx_word' id='word_1_577' title='bbox 851 2743 880 2765; x_wconf 92' lang='lat' dir='ltr'><strong>ut</strong></span> <span class='ocrx_word' id='word_1_578' title='bbox 892 2737 944 2765; x_wconf 88' lang='lat' dir='ltr'><strong>im-</strong></span> 
     </span>
    </p>
   </div>
   <div class='ocr_carea' id='block_1_78' title="bbox 983 955 1778 993">
    <p class='ocr_par' dir='ltr' id='par_1_78' title="bbox 983 955 1778 993">
     <span class='ocr_line' id='line_1_78' title="bbox 983 955 1778 993; baseline -0.003 -9"><span class='ocrx_word' id='word_1_579' title='bbox 983 958 1092 990; x_wconf 79' lang='grc' dir='ltr'>σκοπὺς,</span> <span class='ocrx_word' id='word_1_580' title='bbox 1108 955 1138 984; x_wconf 81' lang='grc' dir='ltr'>εὖ</span> <span class='ocrx_word' id='word_1_581' title='bbox 1153 957 1227 993; x_wconf 83' lang='grc' dir='ltr'>μάλα</span> <span class='ocrx_word' id='word_1_582' title='bbox 1239 957 1353 984; x_wconf 84' lang='grc' dir='ltr'>διειπείν</span> <span class='ocrx_word' id='word_1_583' title='bbox 1375 957 1554 991; x_wconf 63' lang='grc' dir='ltr'><strong>¹πειράσομαι..</strong></span> <span class='ocrx_word' id='word_1_584' title='bbox 1569 955 1621 982; x_wconf 85' lang='grc' dir='ltr'><strong>Δύο</strong></span> <span class='ocrx_word' id='word_1_585' title='bbox 1646 956 1695 990; x_wconf 80' lang='grc' dir='ltr'>μὲν</span> <span class='ocrx_word' id='word_1_586' title='bbox 1719 955 1778 990; x_wconf 83' lang='grc' dir='ltr'><strong>γὰρ</strong></span> 
     </span>
    </p>
   </div>
   <div class='ocr_carea' id='block_1_79' title="bbox 981 1001 1777 1039">
    <p class='ocr_par' dir='ltr' id='par_1_79' title="bbox 981 1001 1777 1039">
     <span class='ocr_line' id='line_1_79' title="bbox 981 1001 1777 1039; baseline -0.005 -8"><span class='ocrx_word' id='word_1_587' title='bbox 981 1004 1127 1039; x_wconf 72' lang='grc' dir='ltr'>ἐγενέσθην</span> <span class='ocrx_word' id='word_1_588' title='bbox 1143 1004 1197 1030; x_wconf 79' lang='grc' dir='ltr'>υἱοὶ</span> <span class='ocrx_word' id='word_1_589' title='bbox 1213 1003 1252 1039; x_wconf 82' lang='grc' dir='ltr'>τῷ</span> <span class='ocrx_word' id='word_1_590' title='bbox 1268 1003 1364 1038; x_wconf 79' lang='grc' dir='ltr'>Ἀδὰμ.</span> <span class='ocrx_word' id='word_1_591' title='bbox 1381 1002 1451 1029; x_wconf 77' lang='grc' dir='ltr'>Κάῑν</span> <span class='ocrx_word' id='word_1_592' title='bbox 1477 1010 1507 1029; x_wconf 88' lang='grc' dir='ltr'><strong>τε</strong></span> <span class='ocrx_word' id='word_1_593' title='bbox 1524 1003 1572 1029; x_wconf 75' lang='grc' dir='ltr'>καὶ</span> <span class='ocrx_word' id='word_1_594' title='bbox 1586 1001 1685 1028; x_wconf 76' lang='grc' dir='ltr'>Ἀϐελ”</span> <span class='ocrx_word' id='word_1_595' title='bbox 1708 1001 1777 1028; x_wconf 81' lang='grc' dir='ltr'>ἀλλ’</span> 
     </span>
    </p>
   </div>
   <div class='ocr_carea' id='block_1_80' title="bbox 980 1046 1775 1085">
    <p class='ocr_par' dir='ltr' id='par_1_80' title="bbox 980 1046 1775 1085">
     <span class='ocr_line' id='line_1_80' title="bbox 980 1046 1775 1085; baseline -0.004 -9"><span class='ocrx_word' id='word_1_596' title='bbox 980 1049 996 1076; x_wconf 82' lang='grc' dir='ltr'><strong>ό</strong></span> <span class='ocrx_word' id='word_1_597' title='bbox 1008 1050 1056 1085; x_wconf 75' lang='grc' dir='ltr'>μὲν</span> <span class='ocrx_word' id='word_1_598' title='bbox 1069 1050 1152 1076; x_wconf 79' lang='grc' dir='ltr'>’Λσελ</span> <span class='ocrx_word' id='word_1_599' title='bbox 1171 1049 1222 1084; x_wconf 85' lang='grc' dir='ltr'>τῆς</span> <span class='ocrx_word' id='word_1_600' title='bbox 1243 1049 1290 1076; x_wconf 85' lang='grc' dir='ltr'><strong>τοῦ</strong></span> <span class='ocrx_word' id='word_1_601' title='bbox 1312 1049 1382 1076; x_wconf 84' lang='grc' dir='ltr'>Κάῖν</span> <span class='ocrx_word' id='word_1_602' title='bbox 1403 1048 1533 1080; x_wconf 81' lang='grc' dir='ltr'>ἀπονοίας</span> <span class='ocrx_word' id='word_1_603' title='bbox 1549 1047 1629 1083; x_wconf 77' lang='grc' dir='ltr'>ἔργον</span> <span class='ocrx_word' id='word_1_604' title='bbox 1640 1046 1775 1082; x_wconf 77' lang='grc' dir='ltr'>γεγονὼς,</span> 
     </span>
    </p>
   </div>
   <div class='ocr_carea' id='block_1_81' title="bbox 982 1093 1777 1129">
    <p class='ocr_par' dir='ltr' id='par_1_81' title="bbox 982 1093 1777 1129">
     <span class='ocr_line' id='line_1_81' title="bbox 982 1093 1777 1129; baseline -0.004 -7"><span class='ocrx_word' id='word_1_605' title='bbox 982 1094 1065 1126; x_wconf 76' lang='grc' dir='ltr'>ἄπαις</span> <span class='ocrx_word' id='word_1_606' title='bbox 1084 1094 1122 1122; x_wconf 84' lang='grc' dir='ltr'>ὢν</span> <span class='ocrx_word' id='word_1_607' title='bbox 1144 1094 1194 1126; x_wconf 78' lang='grc' dir='ltr'>ἔτι,</span> <span class='ocrx_word' id='word_1_608' title='bbox 1207 1094 1261 1121; x_wconf 89' lang='grc' dir='ltr'><strong>τῶν</strong></span> <span class='ocrx_word' id='word_1_609' title='bbox 1283 1093 1429 1129; x_wconf 80' lang='grc' dir='ltr'>καθ’ἡμᾶς</span> <span class='ocrx_word' id='word_1_610' title='bbox 1453 1094 1621 1129; x_wconf 83' lang='grc' dir='ltr'>πραγμάτων</span> <span class='ocrx_word' id='word_1_611' title='bbox 1633 1093 1777 1127; x_wconf 84' lang='grc' dir='ltr'>ἀπηλλάτ-</span> 
     </span>
    </p>
   </div>
   <div class='ocr_carea' id='block_1_82' title="bbox 981 1139 1775 1175">
    <p class='ocr_par' dir='ltr' id='par_1_82' title="bbox 981 1139 1775 1175">
     <span class='ocr_line' id='line_1_82' title="bbox 981 1139 1775 1175; baseline -0.001 -9"><span class='ocrx_word' id='word_1_612' title='bbox 981 1148 1052 1166; x_wconf 89' lang='grc' dir='ltr'>τετο.</span> <span class='ocrx_word' id='word_1_613' title='bbox 1066 1140 1220 1174; x_wconf 78' lang='grc' dir='ltr'>Πεφόνευτο</span> <span class='ocrx_word' id='word_1_614' title='bbox 1238 1140 1302 1174; x_wconf 85' lang='grc' dir='ltr'>γάρ,</span> <span class='ocrx_word' id='word_1_615' title='bbox 1314 1140 1386 1166; x_wconf 86' lang='grc' dir='ltr'>κατά</span> <span class='ocrx_word' id='word_1_616' title='bbox 1405 1148 1437 1174; x_wconf 83' lang='grc' dir='ltr'><strong>γε</strong></span> <span class='ocrx_word' id='word_1_617' title='bbox 1457 1139 1508 1175; x_wconf 84' lang='grc' dir='ltr'>τὴν</span> <span class='ocrx_word' id='word_1_618' title='bbox 1521 1140 1611 1166; x_wconf 85' lang='grc' dir='ltr'>πίστιν</span> <span class='ocrx_word' id='word_1_619' title='bbox 1621 1139 1676 1166; x_wconf 92' lang='grc' dir='ltr'><strong>τῶν</strong></span> <span class='ocrx_word' id='word_1_620' title='bbox 1690 1139 1775 1173; x_wconf 77' lang='grc' dir='ltr'>ἱερῶν</span> 
     </span>
    </p>
   </div>
   <div class='ocr_carea' id='block_1_83' title="bbox 982 1184 1776 1226">
    <p class='ocr_par' dir='ltr' id='par_1_83' title="bbox 982 1184 1776 1226">
     <span class='ocr_line' id='line_1_83' title="bbox 982 1184 1776 1226; baseline 0 -15"><span class='ocrx_word' id='word_1_621' title='bbox 982 1185 1170 1226; x_wconf 57' lang='grc' dir='ltr'>Γηαμμάτων·</span> <span class='ocrx_word' id='word_1_622' title='bbox 1190 1185 1220 1212; x_wconf 86' lang='grc' dir='ltr'><strong>τό</strong></span> <span class='ocrx_word' id='word_1_623' title='bbox 1230 1193 1261 1219; x_wconf 87' lang='grc' dir='ltr'><strong>γε</strong></span> <span class='ocrx_word' id='word_1_624' title='bbox 1276 1184 1329 1220; x_wconf 84' lang='grc' dir='ltr'>μὴν</span> <span class='ocrx_word' id='word_1_625' title='bbox 1341 1185 1374 1211; x_wconf 82' lang='grc' dir='ltr'><strong>ἐκ</strong></span> <span class='ocrx_word' id='word_1_626' title='bbox 1384 1184 1431 1211; x_wconf 91' lang='grc' dir='ltr'><strong>τοῦ</strong></span> <span class='ocrx_word' id='word_1_627' title='bbox 1447 1185 1518 1212; x_wconf 83' lang='grc' dir='ltr'>Κάῖν</span> <span class='ocrx_word' id='word_1_628' title='bbox 1537 1185 1685 1217; x_wconf 78' lang='grc' dir='ltr'>ἐξετείνετο</span> <span class='ocrx_word' id='word_1_629' title='bbox 1695 1185 1776 1218; x_wconf 81' lang='grc' dir='ltr'>γένος</span> 
     </span>
    </p>
   </div>
   <div class='ocr_carea' id='block_1_84' title="bbox 982 1228 1773 1266">
    <p class='ocr_par' dir='ltr' id='par_1_84' title="bbox 982 1228 1773 1266">
     <span class='ocr_line' id='line_1_84' title="bbox 982 1228 1773 1266; baseline -0.001 -8"><span class='ocrx_word' id='word_1_630' title='bbox 982 1231 1031 1258; x_wconf 76' lang='grc' dir='ltr'><strong>κᾶὶ</strong></span> <span class='ocrx_word' id='word_1_631' title='bbox 1051 1231 1132 1266; x_wconf 81' lang='grc' dir='ltr'>μέχρι</span> <span class='ocrx_word' id='word_1_632' title='bbox 1144 1231 1288 1266; x_wconf 61' lang='lat' dir='ltr'><strong>Adtuch</strong></span> <span class='ocrx_word' id='word_1_633' title='bbox 1307 1228 1341 1266; x_wconf 79' lang='grc' dir='ltr'>ἦν</span> <span class='ocrx_word' id='word_1_634' title='bbox 1359 1231 1693 1266; x_wconf 81' lang='grc' dir='ltr'>άνδροκτόνος.Ὠμολόγει</span> <span class='ocrx_word' id='word_1_635' title='bbox 1705 1230 1773 1266; x_wconf 81' lang='grc' dir='ltr'>γὰρ.</span> 
     </span>
    </p>
   </div>
   <div class='ocr_carea' id='block_1_85' title="bbox 982 1276 1775 1312">
    <p class='ocr_par' dir='ltr' id='par_1_85' title="bbox 982 1276 1775 1312">
     <span class='ocr_line' id='line_1_85' title="bbox 982 1276 1775 1312; baseline -0.001 -9"><span class='ocrx_word' id='word_1_636' title='bbox 982 1277 1023 1304; x_wconf 81' lang='grc' dir='ltr'><strong>ὅτι</strong></span> <span class='ocrx_word' id='word_1_637' title='bbox 1045 1276 1164 1312; x_wconf 71' lang='grc' dir='ltr'>(Ἄνδρα</span> <span class='ocrx_word' id='word_1_638' title='bbox 1182 1276 1331 1303; x_wconf 79' lang='grc' dir='ltr'>ἀπέκτεινα</span> <span class='ocrx_word' id='word_1_639' title='bbox 1353 1278 1394 1308; x_wconf 79' lang='grc' dir='ltr'><strong>είς</strong></span> <span class='ocrx_word' id='word_1_640' title='bbox 1413 1276 1524 1312; x_wconf 86' lang='grc' dir='ltr'>τραῦμα</span> <span class='ocrx_word' id='word_1_641' title='bbox 1543 1277 1616 1311; x_wconf 81' lang='grc' dir='ltr'>ἐμοὶ,</span> <span class='ocrx_word' id='word_1_642' title='bbox 1641 1276 1689 1302; x_wconf 76' lang='grc' dir='ltr'>καὶ</span> <span class='ocrx_word' id='word_1_643' title='bbox 1711 1284 1775 1302; x_wconf 85' lang='grc' dir='ltr'>νεα-</span> 
     </span>
    </p>
   </div>
   <div class='ocr_carea' id='block_1_86' title="bbox 983 1320 1775 1358">
    <p class='ocr_par' dir='ltr' id='par_1_86' title="bbox 983 1320 1775 1358">
     <span class='ocr_line' id='line_1_86' title="bbox 983 1320 1775 1358; baseline -0.001 -9"><span class='ocrx_word' id='word_1_644' title='bbox 983 1322 1074 1349; x_wconf 83' lang='grc' dir='ltr'>νίσκον</span> <span class='ocrx_word' id='word_1_645' title='bbox 1096 1323 1136 1354; x_wconf 86' lang='grc' dir='ltr'><strong>είς</strong></span> <span class='ocrx_word' id='word_1_646' title='bbox 1161 1322 1283 1357; x_wconf 86' lang='grc' dir='ltr'>μώλωπα</span> <span class='ocrx_word' id='word_1_647' title='bbox 1302 1322 1373 1358; x_wconf 87' lang='grc' dir='ltr'>ἐμοί.</span> <span class='ocrx_word' id='word_1_648' title='bbox 1392 1331 1402 1349; x_wconf 72' lang='grc' dir='ltr'><strong>ι</strong></span> <span class='ocrx_word' id='word_1_649' title='bbox 1427 1320 1493 1349; x_wconf 73' lang='grc' dir='ltr'>Εἶτα</span> <span class='ocrx_word' id='word_1_650' title='bbox 1505 1323 1614 1348; x_wconf 76' lang='grc' dir='ltr'>τέτοκεν</span> <span class='ocrx_word' id='word_1_651' title='bbox 1629 1323 1645 1357; x_wconf 86' lang='grc' dir='ltr'>ἠ</span> <span class='ocrx_word' id='word_1_652' title='bbox 1660 1321 1716 1348; x_wconf 80' lang='grc' dir='ltr'><strong>Εὕα</strong></span> <span class='ocrx_word' id='word_1_653' title='bbox 1729 1321 1775 1348; x_wconf 74' lang='grc' dir='ltr'>τὸν</span> 
     </span>
    </p>
   </div>
   <div class='ocr_carea' id='block_1_87' title="bbox 983 1363 1772 1404">
    <p class='ocr_par' dir='ltr' id='par_1_87' title="bbox 983 1363 1772 1404">
     <span class='ocr_line' id='line_1_87' title="bbox 983 1363 1772 1404; baseline 0 -10"><span class='ocrx_word' id='word_1_654' title='bbox 983 1368 1036 1404; x_wconf 80' lang='grc' dir='ltr'><strong>Σὴθ</strong></span> <span class='ocrx_word' id='word_1_655' title='bbox 1050 1388 1057 1400; x_wconf 87' lang='grc'><em>,</em></span> <span class='ocrx_word' id='word_1_656' title='bbox 1082 1367 1112 1400; x_wconf 80' lang='grc' dir='ltr'>ἐξ</span> <span class='ocrx_word' id='word_1_657' title='bbox 1143 1364 1174 1394; x_wconf 80' lang='grc' dir='ltr'>οὗ</span> <span class='ocrx_word' id='word_1_658' title='bbox 1193 1368 1304 1402; x_wconf 82' lang='grc' dir='ltr'>γέγονεν</span> <span class='ocrx_word' id='word_1_659' title='bbox 1329 1367 1432 1400; x_wconf 83' lang='grc' dir='ltr'>Ἐνὼς,</span> <span class='ocrx_word' id='word_1_660' title='bbox 1455 1367 1519 1403; x_wconf 61' lang='grc' dir='ltr'><strong>*περὶ⁸</strong></span> <span class='ocrx_word' id='word_1_661' title='bbox 1541 1363 1571 1394; x_wconf 76' lang='grc' dir='ltr'><strong>οῦ</strong></span> <span class='ocrx_word' id='word_1_662' title='bbox 1596 1367 1772 1404; x_wconf 85' lang='grc' dir='ltr'>γέγραπται·</span> 
     </span>
    </p>
   </div>
   <div class='ocr_carea' id='block_1_88' title="bbox 986 1410 1775 1449">
    <p class='ocr_par' dir='ltr' id='par_1_88' title="bbox 986 1410 1775 1449">
     <span class='ocr_line' id='line_1_88' title="bbox 986 1410 1775 1449; baseline -0.001 -9"><span class='ocrx_word' id='word_1_663' title='bbox 986 1423 996 1440; x_wconf 74' lang='grc' dir='ltr'><strong>ι</strong></span> <span class='ocrx_word' id='word_1_664' title='bbox 1012 1410 1096 1446; x_wconf 79' lang='grc' dir='ltr'>Οὗτος</span> <span class='ocrx_word' id='word_1_665' title='bbox 1119 1414 1234 1449; x_wconf 75' lang='grc' dir='ltr'>ἧλπισεν</span> <span class='ocrx_word' id='word_1_666' title='bbox 1254 1413 1442 1440; x_wconf 79' lang='grc' dir='ltr'>ἐπικαλεῖσθαι</span> <span class='ocrx_word' id='word_1_667' title='bbox 1463 1414 1493 1440; x_wconf 85' lang='grc' dir='ltr'>τὸ</span> <span class='ocrx_word' id='word_1_668' title='bbox 1514 1413 1601 1449; x_wconf 71' lang='grc' dir='ltr'>ὄνομα</span> <span class='ocrx_word' id='word_1_669' title='bbox 1614 1413 1716 1448; x_wconf 82' lang='grc' dir='ltr'>Κυρίου</span> <span class='ocrx_word' id='word_1_670' title='bbox 1726 1413 1775 1440; x_wconf 81' lang='grc' dir='ltr'><strong>τοῦ</strong></span> 
     </span>
    </p>
   </div>
   <div class='ocr_carea' id='block_1_89' title="bbox 983 1459 1777 1496">
    <p class='ocr_par' dir='ltr' id='par_1_89' title="bbox 983 1459 1777 1496">
     <span class='ocr_line' id='line_1_89' title="bbox 983 1459 1777 1496; baseline 0 -9"><span class='ocrx_word' id='word_1_671' title='bbox 983 1460 1062 1487; x_wconf 87' lang='grc' dir='ltr'>Θεοῦ.</span> <span class='ocrx_word' id='word_1_672' title='bbox 1080 1469 1089 1486; x_wconf 72' lang='grc' dir='ltr'><strong>ι</strong></span> <span class='ocrx_word' id='word_1_673' title='bbox 1101 1459 1209 1495; x_wconf 81' lang='grc' dir='ltr'>Ἐπειδὴ</span> <span class='ocrx_word' id='word_1_674' title='bbox 1229 1460 1282 1496; x_wconf 86' lang='grc' dir='ltr'><strong>γὰρ</strong></span> <span class='ocrx_word' id='word_1_675' title='bbox 1304 1460 1344 1491; x_wconf 81' lang='grc' dir='ltr'><strong>είς</strong></span> <span class='ocrx_word' id='word_1_676' title='bbox 1365 1459 1442 1495; x_wconf 78' lang='grc' dir='ltr'>λῆξιν</span> <span class='ocrx_word' id='word_1_677' title='bbox 1464 1459 1573 1495; x_wconf 81' lang='grc' dir='ltr'>ἁπάσης</span> <span class='ocrx_word' id='word_1_678' title='bbox 1590 1459 1777 1496; x_wconf 85' lang='grc' dir='ltr'>άγαθουργίας</span> 
     </span>
    </p>
   </div>
   <div class='ocr_carea' id='block_1_90' title="bbox 983 1505 1772 1542">
    <p class='ocr_par' dir='ltr' id='par_1_90' title="bbox 983 1505 1772 1542">
     <span class='ocr_line' id='line_1_90' title="bbox 983 1505 1772 1542; baseline -0.001 -10"><span class='ocrx_word' id='word_1_679' title='bbox 983 1505 1147 1542; x_wconf 85' lang='grc' dir='ltr'>διεληλακὼς</span> <span class='ocrx_word' id='word_1_680' title='bbox 1173 1505 1284 1538; x_wconf 78' lang='grc' dir='ltr'>εἰκότως</span> <span class='ocrx_word' id='word_1_681' title='bbox 1312 1505 1554 1540; x_wconf 82' lang='grc' dir='ltr'>κατεθαυμάζετο.</span> <span class='ocrx_word' id='word_1_682' title='bbox 1568 1506 1601 1541; x_wconf 78' lang='grc' dir='ltr'><strong>τῇ</strong></span> <span class='ocrx_word' id='word_1_683' title='bbox 1626 1505 1673 1531; x_wconf 87' lang='grc' dir='ltr'><strong>τοῦ</strong></span> <span class='ocrx_word' id='word_1_684' title='bbox 1700 1505 1772 1532; x_wconf 82' lang='grc' dir='ltr'>θεοῦ</span> 
     </span>
    </p>
   </div>
   <div class='ocr_carea' id='block_1_91' title="bbox 986 1549 1776 1587">
    <p class='ocr_par' dir='ltr' id='par_1_91' title="bbox 986 1549 1776 1587">
     <span class='ocr_line' id='line_1_91' title="bbox 986 1549 1776 1587; baseline -0.001 -10"><span class='ocrx_word' id='word_1_685' title='bbox 986 1552 1080 1586; x_wconf 82' lang='grc' dir='ltr'>κλήσει</span> <span class='ocrx_word' id='word_1_686' title='bbox 1090 1551 1233 1587; x_wconf 88' lang='grc' dir='ltr'>τετίμηται</span> <span class='ocrx_word' id='word_1_687' title='bbox 1246 1550 1322 1586; x_wconf 90' lang='grc' dir='ltr'>παρά</span> <span class='ocrx_word' id='word_1_688' title='bbox 1332 1558 1364 1585; x_wconf 86' lang='grc' dir='ltr'><strong>γε</strong></span> <span class='ocrx_word' id='word_1_689' title='bbox 1378 1550 1433 1576; x_wconf 88' lang='grc' dir='ltr'><strong>τῶν</strong></span> <span class='ocrx_word' id='word_1_690' title='bbox 1444 1550 1474 1576; x_wconf 81' lang='grc' dir='ltr'>τὸ</span> <span class='ocrx_word' id='word_1_691' title='bbox 1488 1550 1631 1585; x_wconf 77' lang='grc' dir='ltr'>τηνικάδε·</span> <span class='ocrx_word' id='word_1_692' title='bbox 1645 1549 1709 1581; x_wconf 79' lang='grc' dir='ltr'>θεὸς</span> <span class='ocrx_word' id='word_1_693' title='bbox 1721 1549 1776 1584; x_wconf 81' lang='grc' dir='ltr'><strong>γὰρ</strong></span> 
     </span>
    </p>
   </div>
   <div class='ocr_carea' id='block_1_92' title="bbox 986 1596 1777 1633">
    <p class='ocr_par' dir='ltr' id='par_1_92' title="bbox 986 1596 1777 1633">
     <span class='ocr_line' id='line_1_92' title="bbox 986 1596 1777 1633; baseline -0.003 -9"><span class='ocrx_word' id='word_1_694' title='bbox 986 1598 1155 1633; x_wconf 75' lang='grc' dir='ltr'>ὠνόμασται,</span> <span class='ocrx_word' id='word_1_695' title='bbox 1169 1597 1344 1632; x_wconf 84' lang='grc' dir='ltr'>δικαιοσύνης</span> <span class='ocrx_word' id='word_1_696' title='bbox 1354 1598 1400 1623; x_wconf 78' lang='grc' dir='ltr'>καὶ</span> <span class='ocrx_word' id='word_1_697' title='bbox 1411 1597 1509 1632; x_wconf 82' lang='grc' dir='ltr'>ἀρετῆς</span> <span class='ocrx_word' id='word_1_698' title='bbox 1520 1597 1630 1631; x_wconf 78' lang='grc' dir='ltr'>ἁπάσης</span> <span class='ocrx_word' id='word_1_699' title='bbox 1645 1596 1777 1631; x_wconf 84' lang='grc' dir='ltr'>ὑπάρχων</span> 
     </span>
    </p>
   </div>
   <div class='ocr_carea' id='block_1_93' title="bbox 989 1641 1778 1679">
    <p class='ocr_par' dir='ltr' id='par_1_93' title="bbox 989 1641 1778 1679">
     <span class='ocr_line' id='line_1_93' title="bbox 989 1641 1778 1679; baseline -0.003 -9"><span class='ocrx_word' id='word_1_700' title='bbox 989 1643 1146 1679; x_wconf 85' lang='grc' dir='ltr'>μελεδωνός.</span> <span class='ocrx_word' id='word_1_701' title='bbox 1175 1643 1339 1676; x_wconf 82' lang='grc' dir='ltr'>Ἐξετείνετο</span> <span class='ocrx_word' id='word_1_702' title='bbox 1360 1643 1389 1669; x_wconf 80' lang='grc' dir='ltr'><strong>δὲ</strong></span> <span class='ocrx_word' id='word_1_703' title='bbox 1412 1642 1510 1669; x_wconf 79' lang='grc' dir='ltr'>καὶτὸ</span> <span class='ocrx_word' id='word_1_704' title='bbox 1537 1642 1566 1674; x_wconf 81' lang='grc' dir='ltr'>ἐξ</span> <span class='ocrx_word' id='word_1_705' title='bbox 1590 1641 1675 1669; x_wconf 83' lang='grc' dir='ltr'>αὑτοῦ</span> <span class='ocrx_word' id='word_1_706' title='bbox 1699 1641 1778 1675; x_wconf 84' lang='grc' dir='ltr'>γένος</span> 
     </span>
    </p>
   </div>
   <div class='ocr_carea' id='block_1_94' title="bbox 987 1686 1778 1724">
    <p class='ocr_par' dir='ltr' id='par_1_94' title="bbox 987 1686 1778 1724">
     <span class='ocr_line' id='line_1_94' title="bbox 987 1686 1778 1724; baseline -0.001 -9"><span class='ocrx_word' id='word_1_707' title='bbox 987 1689 1053 1724; x_wconf 76' lang='grc' dir='ltr'>ἄχρι</span> <span class='ocrx_word' id='word_1_708' title='bbox 1071 1689 1125 1715; x_wconf 85' lang='grc' dir='ltr'><strong>τῶν</strong></span> <span class='ocrx_word' id='word_1_709' title='bbox 1139 1688 1200 1715; x_wconf 88' lang='grc' dir='ltr'><strong>Νῶε</strong></span> <span class='ocrx_word' id='word_1_710' title='bbox 1219 1688 1334 1723; x_wconf 86' lang='grc' dir='ltr'>καιρῶν,</span> <span class='ocrx_word' id='word_1_711' title='bbox 1349 1688 1379 1720; x_wconf 80' lang='grc' dir='ltr'>ὃς</span> <span class='ocrx_word' id='word_1_712' title='bbox 1388 1686 1422 1723; x_wconf 80' lang='grc' dir='ltr'>ἦν</span> <span class='ocrx_word' id='word_1_713' title='bbox 1437 1688 1541 1719; x_wconf 86' lang='grc' dir='ltr'>δίκαιος</span> <span class='ocrx_word' id='word_1_714' title='bbox 1551 1696 1560 1703; x_wconf 67' lang='grc' dir='ltr'><strong>θ</strong></span> <span class='ocrx_word' id='word_1_715' title='bbox 1578 1687 1778 1722; x_wconf 78' lang='grc' dir='ltr'>Εῠηρέστησε</span> 
     </span>
    </p>
   </div>
   <div class='ocr_carea' id='block_1_95' title="bbox 988 1733 1779 1770">
    <p class='ocr_par' dir='ltr' id='par_1_95' title="bbox 988 1733 1779 1770">
     <span class='ocr_line' id='line_1_95' title="bbox 988 1733 1779 1770; baseline -0.001 -9"><span class='ocrx_word' id='word_1_716' title='bbox 988 1735 1043 1770; x_wconf 81' lang='grc' dir='ltr'>γὰρ</span> <span class='ocrx_word' id='word_1_717' title='bbox 1058 1735 1098 1768; x_wconf 81' lang='grc' dir='ltr'>τῷ</span> <span class='ocrx_word' id='word_1_718' title='bbox 1109 1734 1180 1768; x_wconf 83' lang='grc' dir='ltr'>Θεῷ,</span> <span class='ocrx_word' id='word_1_719' title='bbox 1195 1734 1266 1761; x_wconf 85' lang='grc' dir='ltr'>καθὰ</span> <span class='ocrx_word' id='word_1_720' title='bbox 1289 1734 1444 1769; x_wconf 86' lang='grc' dir='ltr'>γέγραπται</span> <span class='ocrx_word' id='word_1_721' title='bbox 1469 1734 1534 1769; x_wconf 71' lang='grc' dir='ltr'>περὶ</span> <span class='ocrx_word' id='word_1_722' title='bbox 1552 1733 1646 1760; x_wconf 80' lang='grc' dir='ltr'>αὐτοῦ.</span> <span class='ocrx_word' id='word_1_723' title='bbox 1674 1733 1779 1760; x_wconf 80' lang='grc' dir='ltr'>Οὐκοῦν</span> 
     </span>
    </p>
   </div>
   <div class='ocr_carea' id='block_1_96' title="bbox 988 1776 1778 1815">
    <p class='ocr_par' dir='ltr' id='par_1_96' title="bbox 988 1776 1778 1815">
     <span class='ocr_line' id='line_1_96' title="bbox 988 1776 1778 1815; baseline -0.004 -9"><span class='ocrx_word' id='word_1_724' title='bbox 988 1779 1019 1806; x_wconf 79' lang='grc' dir='ltr'>τὸ</span> <span class='ocrx_word' id='word_1_725' title='bbox 1040 1779 1088 1815; x_wconf 79' lang='grc' dir='ltr'>μὲν</span> <span class='ocrx_word' id='word_1_726' title='bbox 1119 1780 1151 1805; x_wconf 90' lang='grc' dir='ltr'><strong>ἐκ</strong></span> <span class='ocrx_word' id='word_1_727' title='bbox 1175 1778 1222 1805; x_wconf 89' lang='grc' dir='ltr'><strong>τοῦ</strong></span> <span class='ocrx_word' id='word_1_728' title='bbox 1246 1779 1317 1805; x_wconf 83' lang='grc' dir='ltr'>Κάῖν</span> <span class='ocrx_word' id='word_1_729' title='bbox 1342 1777 1431 1812; x_wconf 85' lang='grc' dir='ltr'>γένος,</span> <span class='ocrx_word' id='word_1_730' title='bbox 1455 1779 1511 1809; x_wconf 85' lang='grc' dir='ltr'>τοῖς</span> <span class='ocrx_word' id='word_1_731' title='bbox 1535 1776 1582 1803; x_wconf 91' lang='grc' dir='ltr'><strong>τοῦ</strong></span> <span class='ocrx_word' id='word_1_732' title='bbox 1605 1777 1778 1812; x_wconf 77' lang='grc' dir='ltr'>προπάτορος</span> 
     </span>
    </p>
   </div>
   <div class='ocr_carea' id='block_1_97' title="bbox 990 1823 1776 1861">
    <p class='ocr_par' dir='ltr' id='par_1_97' title="bbox 990 1823 1776 1861">
     <span class='ocr_line' id='line_1_97' title="bbox 990 1823 1776 1861; baseline -0.004 -9"><span class='ocrx_word' id='word_1_733' title='bbox 990 1825 1122 1861; x_wconf 76' lang='grc' dir='ltr'>ἑπόμενον</span> <span class='ocrx_word' id='word_1_734' title='bbox 1146 1825 1268 1860; x_wconf 83' lang='grc' dir='ltr'>τρόποις,</span> <span class='ocrx_word' id='word_1_735' title='bbox 1289 1824 1395 1851; x_wconf 78' lang='grc' dir='ltr'>ἀνόσιόν</span> <span class='ocrx_word' id='word_1_736' title='bbox 1414 1832 1445 1850; x_wconf 85' lang='grc' dir='ltr'><strong>τε</strong></span> <span class='ocrx_word' id='word_1_737' title='bbox 1467 1824 1513 1850; x_wconf 81' lang='grc' dir='ltr'>καὶ</span> <span class='ocrx_word' id='word_1_738' title='bbox 1527 1823 1654 1859; x_wconf 81' lang='grc' dir='ltr'>βδελυρὸν</span> <span class='ocrx_word' id='word_1_739' title='bbox 1678 1823 1776 1858; x_wconf 76' lang='grc' dir='ltr'>ἐπετή-</span> 
     </span>
    </p>
   </div>
   <div class='ocr_carea' id='block_1_98' title="bbox 990 1867 1777 1905">
    <p class='ocr_par' dir='ltr' id='par_1_98' title="bbox 990 1867 1777 1905">
     <span class='ocr_line' id='line_1_98' title="bbox 990 1867 1777 1905; baseline -0.003 -9"><span class='ocrx_word' id='word_1_740' title='bbox 990 1871 1068 1897; x_wconf 85' lang='grc' dir='ltr'>δευσε</span> <span class='ocrx_word' id='word_1_741' title='bbox 1077 1871 1143 1905; x_wconf 85' lang='grc' dir='ltr'>βίον.</span> <span class='ocrx_word' id='word_1_742' title='bbox 1152 1871 1185 1897; x_wconf 79' lang='grc' dir='ltr'><strong>Οἵ</strong></span> <span class='ocrx_word' id='word_1_743' title='bbox 1196 1879 1228 1904; x_wconf 85' lang='grc' dir='ltr'><strong>γε</strong></span> <span class='ocrx_word' id='word_1_744' title='bbox 1238 1871 1291 1905; x_wconf 80' lang='grc' dir='ltr'>μὴν</span> <span class='ocrx_word' id='word_1_745' title='bbox 1305 1869 1388 1900; x_wconf 82' lang='grc' dir='ltr'>Ἐνὼς</span> <span class='ocrx_word' id='word_1_746' title='bbox 1400 1869 1454 1896; x_wconf 86' lang='grc' dir='ltr'><strong>τοῦ</strong></span> <span class='ocrx_word' id='word_1_747' title='bbox 1463 1869 1626 1902; x_wconf 72' lang='grc' dir='ltr'>ἐπίκλησιν</span> <span class='ocrx_word' id='word_1_748' title='bbox 1643 1867 1714 1895; x_wconf 84' lang='grc' dir='ltr'>θεοῦ</span> <span class='ocrx_word' id='word_1_749' title='bbox 1732 1868 1777 1895; x_wconf 69' lang='lat' dir='ltr'><strong>xci</strong></span> 
     </span>
    </p>
   </div>
   <div class='ocr_carea' id='block_1_99' title="bbox 993 1912 1776 1951">
    <p class='ocr_par' dir='ltr' id='par_1_99' title="bbox 993 1912 1776 1951">
     <span class='ocr_line' id='line_1_99' title="bbox 993 1912 1776 1951; baseline -0.003 -11"><span class='ocrx_word' id='word_1_750' title='bbox 993 1914 1075 1951; x_wconf 83' lang='grc' dir='ltr'>μέχρι</span> <span class='ocrx_word' id='word_1_751' title='bbox 1102 1914 1150 1941; x_wconf 87' lang='grc' dir='ltr'><strong>τοῦ</strong></span> <span class='ocrx_word' id='word_1_752' title='bbox 1177 1914 1240 1941; x_wconf 85' lang='grc' dir='ltr'><strong>Νῶε</strong></span> <span class='ocrx_word' id='word_1_753' title='bbox 1262 1914 1311 1949; x_wconf 84' lang='grc' dir='ltr'>τῆς</span> <span class='ocrx_word' id='word_1_754' title='bbox 1339 1913 1503 1948; x_wconf 81' lang='grc' dir='ltr'>προγονικῆς</span> <span class='ocrx_word' id='word_1_755' title='bbox 1518 1912 1669 1944; x_wconf 84' lang='grc' dir='ltr'>ἐπιεικείας</span> <span class='ocrx_word' id='word_1_756' title='bbox 1695 1913 1776 1942; x_wconf 74' lang='grc' dir='ltr'>ἰόντες</span> 
     </span>
    </p>
   </div>
   <div class='ocr_carea' id='block_1_100' title="bbox 991 1957 1776 1995">
    <p class='ocr_par' dir='ltr' id='par_1_100' title="bbox 991 1957 1776 1995">
     <span class='ocr_line' id='line_1_100' title="bbox 991 1957 1776 1995; baseline -0.006 -6"><span class='ocrx_word' id='word_1_757' title='bbox 991 1961 1051 1989; x_wconf 83' lang='grc' dir='ltr'>κατ’</span> <span class='ocrx_word' id='word_1_758' title='bbox 1070 1960 1142 1995; x_wconf 80' lang='grc' dir='ltr'>ἴχνος</span> <span class='ocrx_word' id='word_1_759' title='bbox 1158 1959 1257 1994; x_wconf 80' lang='grc' dir='ltr'>ἀγαθοὶ</span> <span class='ocrx_word' id='word_1_760' title='bbox 1275 1959 1323 1986; x_wconf 71' lang='grc' dir='ltr'>καὶ</span> <span class='ocrx_word' id='word_1_761' title='bbox 1340 1958 1451 1991; x_wconf 80' lang='grc' dir='ltr'>δίκαιοι,</span> <span class='ocrx_word' id='word_1_762' title='bbox 1469 1959 1517 1985; x_wconf 77' lang='grc' dir='ltr'>καὶ</span> <span class='ocrx_word' id='word_1_763' title='bbox 1534 1958 1560 1985; x_wconf 92' lang='grc' dir='ltr'><strong>τί</strong></span> <span class='ocrx_word' id='word_1_764' title='bbox 1575 1957 1628 1994; x_wconf 87' lang='grc' dir='ltr'><strong>γὰρ</strong></span> <span class='ocrx_word' id='word_1_765' title='bbox 1650 1958 1712 1993; x_wconf 76' lang='grc' dir='ltr'><strong>οὐχὶ</strong></span> <span class='ocrx_word' id='word_1_766' title='bbox 1725 1958 1776 1984; x_wconf 87' lang='grc' dir='ltr'><strong>τῶν</strong></span> 
     </span>
    </p>
   </div>
   <div class='ocr_carea' id='block_1_101' title="bbox 991 2001 1776 2039">
    <p class='ocr_par' dir='ltr' id='par_1_101' title="bbox 991 2001 1776 2039">
     <span class='ocr_line' id='line_1_101' title="bbox 991 2001 1776 2039; baseline -0.005 -6"><span class='ocrx_word' id='word_1_767' title='bbox 991 2005 1120 2033; x_wconf 88' lang='grc' dir='ltr'>τοιούτων</span> <span class='ocrx_word' id='word_1_768' title='bbox 1131 2005 1208 2036; x_wconf 75' lang='grc' dir='ltr'>ὄντες</span> <span class='ocrx_word' id='word_1_769' title='bbox 1231 2004 1384 2038; x_wconf 84' lang='grc' dir='ltr'>ἐφαίνοντο.</span> <span class='ocrx_word' id='word_1_770' title='bbox 1408 2004 1530 2039; x_wconf 79' lang='grc' dir='ltr'>’Δμικτα</span> <span class='ocrx_word' id='word_1_771' title='bbox 1544 2003 1573 2029; x_wconf 79' lang='grc' dir='ltr'><strong>δὲ</strong></span> <span class='ocrx_word' id='word_1_772' title='bbox 1596 2001 1631 2038; x_wconf 82' lang='grc' dir='ltr'>ἦν</span> <span class='ocrx_word' id='word_1_773' title='bbox 1654 2003 1776 2038; x_wconf 82' lang='grc' dir='ltr'>ἀλλήλοις</span> 
     </span>
    </p>
   </div>
   <div class='ocr_carea' id='block_1_102' title="bbox 991 2049 1775 2087">
    <p class='ocr_par' dir='ltr' id='par_1_102' title="bbox 991 2049 1775 2087">
     <span class='ocr_line' id='line_1_102' title="bbox 991 2049 1775 2087; baseline -0.005 -8"><span class='ocrx_word' id='word_1_774' title='bbox 991 2053 1025 2079; x_wconf 84' lang='grc' dir='ltr'>τὰ</span> <span class='ocrx_word' id='word_1_775' title='bbox 1038 2051 1115 2087; x_wconf 78' lang='grc' dir='ltr'>γένη,</span> <span class='ocrx_word' id='word_1_776' title='bbox 1131 2051 1179 2077; x_wconf 79' lang='grc' dir='ltr'>καὶ</span> <span class='ocrx_word' id='word_1_777' title='bbox 1201 2050 1414 2084; x_wconf 74' lang='grc' dir='ltr'>άπενοσφίζοντο</span> <span class='ocrx_word' id='word_1_778' title='bbox 1436 2049 1491 2075; x_wconf 83' lang='grc' dir='ltr'><strong>τῶν</strong></span> <span class='ocrx_word' id='word_1_779' title='bbox 1507 2049 1628 2084; x_wconf 78' lang='grc' dir='ltr'>βεῦήλων</span> <span class='ocrx_word' id='word_1_780' title='bbox 1647 2049 1671 2075; x_wconf 82' lang='lat' dir='ltr'><strong>ol</strong></span> <span class='ocrx_word' id='word_1_781' title='bbox 1691 2049 1775 2076; x_wconf 79' lang='grc' dir='ltr'>καθα-</span> 
     </span>
    </p>
   </div>
   <div class='ocr_carea' id='block_1_103' title="bbox 994 2094 1775 2133">
    <p class='ocr_par' dir='ltr' id='par_1_103' title="bbox 994 2094 1775 2133">
     <span class='ocr_line' id='line_1_103' title="bbox 994 2094 1775 2133; baseline -0.005 -9"><span class='ocrx_word' id='word_1_782' title='bbox 994 2097 1049 2133; x_wconf 90' lang='grc' dir='ltr'>ροί·</span> <span class='ocrx_word' id='word_1_783' title='bbox 1064 2096 1111 2128; x_wconf 82' lang='grc' dir='ltr'>οὓς</span> <span class='ocrx_word' id='word_1_784' title='bbox 1124 2096 1156 2131; x_wconf 82' lang='grc' dir='ltr'><strong>δὴ</strong></span> <span class='ocrx_word' id='word_1_785' title='bbox 1174 2095 1220 2123; x_wconf 82' lang='grc' dir='ltr'>καὶ</span> <span class='ocrx_word' id='word_1_786' title='bbox 1232 2095 1316 2129; x_wconf 86' lang='grc' dir='ltr'>υἱοὺς</span> <span class='ocrx_word' id='word_1_787' title='bbox 1332 2095 1445 2122; x_wconf 76' lang='grc' dir='ltr'>ἐκάλουν</span> <span class='ocrx_word' id='word_1_788' title='bbox 1459 2095 1512 2122; x_wconf 83' lang='grc' dir='ltr'><strong>τοῦ</strong></span> <span class='ocrx_word' id='word_1_789' title='bbox 1524 2094 1598 2121; x_wconf 86' lang='grc' dir='ltr'>Θεοῦ</span> <span class='ocrx_word' id='word_1_790' title='bbox 1618 2094 1646 2121; x_wconf 75' lang='grc' dir='ltr'><strong>ἐν</strong></span> <span class='ocrx_word' id='word_1_791' title='bbox 1667 2103 1699 2128; x_wconf 89' lang='grc' dir='ltr'><strong>γε</strong></span> <span class='ocrx_word' id='word_1_792' title='bbox 1723 2096 1775 2126; x_wconf 85' lang='grc' dir='ltr'>τοῖς</span> 
     </span>
    </p>
   </div>
   <div class='ocr_carea' id='block_1_104' title="bbox 992 2140 1773 2178">
    <p class='ocr_par' dir='ltr' id='par_1_104' title="bbox 992 2140 1773 2178">
     <span class='ocr_line' id='line_1_104' title="bbox 992 2140 1773 2178; baseline -0.006 -7"><span class='ocrx_word' id='word_1_793' title='bbox 992 2144 1039 2171; x_wconf 88' lang='grc' dir='ltr'><strong>τοῦ</strong></span> <span class='ocrx_word' id='word_1_794' title='bbox 1061 2143 1122 2170; x_wconf 86' lang='grc' dir='ltr'><strong>Νῶε</strong></span> <span class='ocrx_word' id='word_1_795' title='bbox 1143 2143 1260 2178; x_wconf 88' lang='grc' dir='ltr'>καιροῖς.</span> <span class='ocrx_word' id='word_1_796' title='bbox 1278 2151 1287 2166; x_wconf 75' lang='grc' dir='ltr'><strong>ι</strong></span> <span class='ocrx_word' id='word_1_797' title='bbox 1301 2142 1332 2168; x_wconf 80' lang='lat' dir='ltr'><strong>0i</strong></span> <span class='ocrx_word' id='word_1_798' title='bbox 1355 2141 1406 2168; x_wconf 74' lang='grc' dir='ltr'>υῑοὶ</span> <span class='ocrx_word' id='word_1_799' title='bbox 1431 2141 1480 2167; x_wconf 86' lang='grc' dir='ltr'><strong>τοῦ</strong></span> <span class='ocrx_word' id='word_1_800' title='bbox 1500 2141 1579 2173; x_wconf 85' lang='grc' dir='ltr'>Θεοῦ,</span> <span class='ocrx_word' id='word_1_801' title='bbox 1603 2140 1674 2167; x_wconf 83' lang='grc' dir='ltr'>τοῦτ’</span> <span class='ocrx_word' id='word_1_802' title='bbox 1694 2140 1773 2172; x_wconf 80' lang='grc' dir='ltr'>ἐστιν,</span> 
     </span>
    </p>
   </div>
   <div class='ocr_carea' id='block_1_105' title="bbox 959 2186 1775 2234">
    <p class='ocr_par' dir='ltr' id='par_1_105' title="bbox 959 2186 1775 2234">
     <span class='ocr_line' id='line_1_105' title="bbox 959 2186 1775 2234; baseline -0.007 -15"><span class='ocrx_word' id='word_1_803' title='bbox 959 2207 981 2234; x_wconf 80' lang='lat' dir='ltr'><strong>D</strong></span> <span class='ocrx_word' id='word_1_804' title='bbox 993 2193 1018 2219; x_wconf 81' lang='grc' dir='ltr'>οι</span> <span class='ocrx_word' id='word_1_805' title='bbox 1031 2191 1060 2225; x_wconf 81' lang='grc' dir='ltr'>ἐξ</span> <span class='ocrx_word' id='word_1_806' title='bbox 1074 2191 1189 2226; x_wconf 80' lang='grc' dir='ltr'>αἳματος</span> <span class='ocrx_word' id='word_1_807' title='bbox 1206 2189 1253 2216; x_wconf 82' lang='grc' dir='ltr'><strong>τοῦ</strong></span> <span class='ocrx_word' id='word_1_808' title='bbox 1277 2188 1371 2220; x_wconf 84' lang='grc' dir='ltr'>Ἐνὼς,</span> <span class='ocrx_word' id='word_1_809' title='bbox 1391 2187 1441 2220; x_wconf 84' lang='grc' dir='ltr'><strong>τὰς</strong></span> <span class='ocrx_word' id='word_1_810' title='bbox 1467 2187 1621 2222; x_wconf 77' lang='grc' dir='ltr'>θυγατέρας</span> <span class='ocrx_word' id='word_1_811' title='bbox 1644 2186 1710 2223; x_wconf 88' lang='grc' dir='ltr'>[τῶν</span> <span class='ocrx_word' id='word_1_812' title='bbox 1731 2187 1775 2213; x_wconf 82' lang='grc' dir='ltr'>άν-</span> 
     </span>
    </p>
   </div>
   <div class='ocr_carea' id='block_1_106' title="bbox 994 2232 1774 2272">
    <p class='ocr_par' dir='ltr' id='par_1_106' title="bbox 994 2232 1774 2272">
     <span class='ocr_line' id='line_1_106' title="bbox 994 2232 1774 2272; baseline -0.008 -8"><span class='ocrx_word' id='word_1_813' title='bbox 994 2235 1124 2272; x_wconf 85' lang='grc' dir='ltr'>θρώπων]</span> <span class='ocrx_word' id='word_1_814' title='bbox 1147 2235 1300 2271; x_wconf 71' lang='grc' dir='ltr'>ἑωρακότες</span> <span class='ocrx_word' id='word_1_815' title='bbox 1319 2235 1359 2261; x_wconf 83' lang='grc' dir='ltr'>ὃτι</span> <span class='ocrx_word' id='word_1_816' title='bbox 1375 2233 1456 2260; x_wconf 85' lang='grc' dir='ltr'>καλαί</span> <span class='ocrx_word' id='word_1_817' title='bbox 1471 2234 1550 2265; x_wconf 86' lang='grc' dir='ltr'>είσιν,</span> <span class='ocrx_word' id='word_1_818' title='bbox 1563 2232 1659 2259; x_wconf 77' lang='grc' dir='ltr'>ἐλαῦον</span> <span class='ocrx_word' id='word_1_819' title='bbox 1674 2233 1774 2264; x_wconf 78' lang='grc' dir='ltr'>ἑαυτοῖς</span> 
     </span>
    </p>
   </div>
   <div class='ocr_carea' id='block_1_107' title="bbox 992 2276 1772 2318">
    <p class='ocr_par' dir='ltr' id='par_1_107' title="bbox 992 2276 1772 2318">
     <span class='ocr_line' id='line_1_107' title="bbox 992 2276 1772 2318; baseline -0.005 -9"><span class='ocrx_word' id='word_1_820' title='bbox 992 2284 1123 2318; x_wconf 82' lang='grc' dir='ltr'>γυναῖκας</span> <span class='ocrx_word' id='word_1_821' title='bbox 1138 2281 1191 2308; x_wconf 79' lang='grc' dir='ltr'><strong>ἀπὸ</strong></span> <span class='ocrx_word' id='word_1_822' title='bbox 1215 2280 1310 2307; x_wconf 81' lang='grc' dir='ltr'>πασῶν</span> <span class='ocrx_word' id='word_1_823' title='bbox 1334 2276 1371 2307; x_wconf 84' lang='grc' dir='ltr'>ὧν</span> <span class='ocrx_word' id='word_1_824' title='bbox 1398 2279 1564 2311; x_wconf 80' lang='grc' dir='ltr'>ἐξελέξαντο.</span> <span class='ocrx_word' id='word_1_825' title='bbox 1588 2288 1598 2305; x_wconf 72' lang='grc' dir='ltr'><strong>ι</strong></span> <span class='ocrx_word' id='word_1_826' title='bbox 1616 2279 1661 2311; x_wconf 79' lang='grc' dir='ltr'>Ὧς</span> <span class='ocrx_word' id='word_1_827' title='bbox 1687 2279 1772 2305; x_wconf 80' lang='grc' dir='ltr'>τοίνυν</span> 
     </span>
    </p>
   </div>
   <div class='ocr_carea' id='block_1_108' title="bbox 992 2324 1773 2364">
    <p class='ocr_par' dir='ltr' id='par_1_108' title="bbox 992 2324 1773 2364">
     <span class='ocr_line' id='line_1_108' title="bbox 992 2324 1773 2364; baseline -0.005 -8"><span class='ocrx_word' id='word_1_828' title='bbox 992 2329 1121 2364; x_wconf 81' lang='grc' dir='ltr'>ἀλλήλοις</span> <span class='ocrx_word' id='word_1_829' title='bbox 1134 2326 1348 2363; x_wconf 75' lang='grc' dir='ltr'>συμϐεϐηκότων</span> <span class='ocrx_word' id='word_1_830' title='bbox 1361 2326 1416 2353; x_wconf 86' lang='grc' dir='ltr'><strong>τῶν</strong></span> <span class='ocrx_word' id='word_1_831' title='bbox 1433 2326 1532 2360; x_wconf 80' lang='grc' dir='ltr'>γενῶν,</span> <span class='ocrx_word' id='word_1_832' title='bbox 1545 2327 1593 2353; x_wconf 79' lang='grc' dir='ltr'>καὶ</span> <span class='ocrx_word' id='word_1_833' title='bbox 1610 2327 1642 2361; x_wconf 82' lang='grc' dir='ltr'><strong>τῇ</strong></span> <span class='ocrx_word' id='word_1_834' title='bbox 1656 2324 1702 2352; x_wconf 81' lang='grc' dir='ltr'><strong>τοῦ</strong></span> <span class='ocrx_word' id='word_1_835' title='bbox 1721 2324 1773 2360; x_wconf 84' lang='grc' dir='ltr'>χεί-</span> 
     </span>
    </p>
   </div>
   <div class='ocr_carea' id='block_1_109' title="bbox 994 2370 1772 2410">
    <p class='ocr_par' dir='ltr' id='par_1_109' title="bbox 994 2370 1772 2410">
     <span class='ocr_line' id='line_1_109' title="bbox 994 2370 1772 2410; baseline -0.005 -9"><span class='ocrx_word' id='word_1_836' title='bbox 994 2383 1070 2410; x_wconf 82' lang='grc' dir='ltr'>ρονος</span> <span class='ocrx_word' id='word_1_837' title='bbox 1092 2372 1228 2408; x_wconf 80' lang='grc' dir='ltr'>ἐπιπλοκῇ</span> <span class='ocrx_word' id='word_1_838' title='bbox 1257 2371 1498 2407; x_wconf 76' lang='grc' dir='ltr'>κατηφανισμένου</span> <span class='ocrx_word' id='word_1_839' title='bbox 1521 2371 1567 2398; x_wconf 85' lang='grc' dir='ltr'><strong>τοῦ</strong></span> <span class='ocrx_word' id='word_1_840' title='bbox 1594 2370 1711 2405; x_wconf 81' lang='grc' dir='ltr'>ἀγαθοῦ,</span> <span class='ocrx_word' id='word_1_841' title='bbox 1736 2372 1772 2397; x_wconf 80' lang='grc' dir='ltr'><strong>δι-</strong></span> 
     </span>
    </p>
   </div>
   <div class='ocr_carea' id='block_1_110' title="bbox 993 2416 1772 2453">
    <p class='ocr_par' dir='ltr' id='par_1_110' title="bbox 993 2416 1772 2453">
     <span class='ocr_line' id='line_1_110' title="bbox 993 2416 1772 2453; baseline -0.004 -7"><span class='ocrx_word' id='word_1_842' title='bbox 993 2419 1139 2453; x_wconf 79' lang='grc' dir='ltr'>καιοσύνης</span> <span class='ocrx_word' id='word_1_843' title='bbox 1156 2427 1186 2445; x_wconf 79' lang='grc' dir='ltr'><strong>τε</strong></span> <span class='ocrx_word' id='word_1_844' title='bbox 1202 2418 1250 2445; x_wconf 74' lang='grc' dir='ltr'><strong>καὶ</strong></span> <span class='ocrx_word' id='word_1_845' title='bbox 1270 2418 1385 2450; x_wconf 75' lang='grc' dir='ltr'>εὐζωῖας</span> <span class='ocrx_word' id='word_1_846' title='bbox 1407 2418 1457 2445; x_wconf 85' lang='grc' dir='ltr'>οὐκ</span> <span class='ocrx_word' id='word_1_847' title='bbox 1471 2417 1554 2452; x_wconf 77' lang='grc' dir='ltr'>οὔσης</span> <span class='ocrx_word' id='word_1_848' title='bbox 1582 2416 1622 2443; x_wconf 75' lang='grc' dir='ltr'>ἔτι</span> <span class='ocrx_word' id='word_1_849' title='bbox 1648 2417 1723 2453; x_wconf 86' lang='grc' dir='ltr'>παρά</span> <span class='ocrx_word' id='word_1_850' title='bbox 1745 2425 1772 2451; x_wconf 88' lang='grc' dir='ltr'><strong>γε</strong></span> 
     </span>
    </p>
   </div>
   <div class='ocr_carea' id='block_1_111' title="bbox 991 2461 1772 2498">
    <p class='ocr_par' dir='ltr' id='par_1_111' title="bbox 991 2461 1772 2498">
     <span class='ocr_line' id='line_1_111' title="bbox 991 2461 1772 2498; baseline -0.004 -7"><span class='ocrx_word' id='word_1_851' title='bbox 991 2466 1048 2496; x_wconf 84' lang='grc' dir='ltr'>τοῖς</span> <span class='ocrx_word' id='word_1_852' title='bbox 1061 2463 1234 2491; x_wconf 83' lang='grc' dir='ltr'>κατοικοῦσιν</span> <span class='ocrx_word' id='word_1_853' title='bbox 1247 2463 1295 2490; x_wconf 80' lang='grc' dir='ltr'>ἐπὶ</span> <span class='ocrx_word' id='word_1_854' title='bbox 1308 2463 1359 2497; x_wconf 77' lang='grc' dir='ltr'>τῆς</span> <span class='ocrx_word' id='word_1_855' title='bbox 1370 2463 1432 2498; x_wconf 87' lang='grc' dir='ltr'>γῆς,</span> <span class='ocrx_word' id='word_1_856' title='bbox 1446 2462 1571 2498; x_wconf 79' lang='grc' dir='ltr'>ἐπαφῆκε</span> <span class='ocrx_word' id='word_1_857' title='bbox 1581 2461 1627 2489; x_wconf 73' lang='grc' dir='ltr'><strong>τὸν</strong></span> <span class='ocrx_word' id='word_1_858' title='bbox 1642 2462 1772 2489; x_wconf 86' lang='grc' dir='ltr'>κατακλυ-</span> 
     </span>
    </p>
   </div>
   <div class='ocr_carea' id='block_1_112' title="bbox 994 2507 1773 2546">
    <p class='ocr_par' dir='ltr' id='par_1_112' title="bbox 994 2507 1773 2546">
     <span class='ocr_line' id='line_1_112' title="bbox 994 2507 1773 2546; baseline -0.003 -10"><span class='ocrx_word' id='word_1_859' title='bbox 994 2510 1063 2546; x_wconf 84' lang='grc' dir='ltr'>σμδν</span> <span class='ocrx_word' id='word_1_860' title='bbox 1077 2511 1092 2536; x_wconf 80' lang='grc' dir='ltr'>ὁ</span> <span class='ocrx_word' id='word_1_861' title='bbox 1106 2509 1160 2535; x_wconf 87' lang='grc' dir='ltr'><strong>τῶν</strong></span> <span class='ocrx_word' id='word_1_862' title='bbox 1174 2508 1241 2535; x_wconf 87' lang='grc' dir='ltr'>ὂλων</span> <span class='ocrx_word' id='word_1_863' title='bbox 1251 2508 1328 2540; x_wconf 83' lang='grc' dir='ltr'>Θεὸς,</span> <span class='ocrx_word' id='word_1_864' title='bbox 1340 2508 1387 2534; x_wconf 69' lang='grc' dir='ltr'>ἕνα</span> <span class='ocrx_word' id='word_1_865' title='bbox 1401 2508 1509 2534; x_wconf 84' lang='grc' dir='ltr'>πάντων</span> <span class='ocrx_word' id='word_1_866' title='bbox 1520 2508 1550 2534; x_wconf 73' lang='grc' dir='ltr'><strong>ἐν</strong></span> <span class='ocrx_word' id='word_1_867' title='bbox 1564 2507 1614 2543; x_wconf 78' lang='grc' dir='ltr'>[σῳ</span> <span class='ocrx_word' id='word_1_868' title='bbox 1631 2507 1773 2543; x_wconf 77' lang='grc' dir='ltr'>καθαρίσας</span> 
     </span>
    </p>
   </div>
   <div class='ocr_carea' id='block_1_113' title="bbox 994 2553 1773 2589">
    <p class='ocr_par' dir='ltr' id='par_1_113' title="bbox 994 2553 1773 2589">
     <span class='ocr_line' id='line_1_113' title="bbox 994 2553 1773 2589; baseline -0.001 -8"><span class='ocrx_word' id='word_1_869' title='bbox 994 2555 1116 2582; x_wconf 83' lang='grc' dir='ltr'>Θάνατον.</span> <span class='ocrx_word' id='word_1_870' title='bbox 1134 2553 1299 2581; x_wconf 86' lang='grc' dir='ltr'>Ταλαντεύει</span> <span class='ocrx_word' id='word_1_871' title='bbox 1314 2553 1368 2588; x_wconf 80' lang='grc' dir='ltr'><strong>γὰρ</strong></span> <span class='ocrx_word' id='word_1_872' title='bbox 1386 2553 1467 2585; x_wconf 89' lang='grc' dir='ltr'>ὁσίως</span> <span class='ocrx_word' id='word_1_873' title='bbox 1489 2553 1524 2580; x_wconf 81' lang='grc' dir='ltr'><strong>τὰ</strong></span> <span class='ocrx_word' id='word_1_874' title='bbox 1547 2553 1607 2580; x_wconf 82' lang='grc' dir='ltr'>καθ’</span> <span class='ocrx_word' id='word_1_875' title='bbox 1627 2555 1712 2589; x_wconf 75' lang='grc' dir='ltr'>ἡμᾶς,</span> <span class='ocrx_word' id='word_1_876' title='bbox 1733 2555 1773 2581; x_wconf 84' lang='grc' dir='ltr'>καὶ</span> 
     </span>
    </p>
   </div>
   <div class='ocr_carea' id='block_1_114' title="bbox 993 2599 1772 2637">
    <p class='ocr_par' dir='ltr' id='par_1_114' title="bbox 993 2599 1772 2637">
     <span class='ocr_line' id='line_1_114' title="bbox 993 2599 1772 2637; baseline -0.003 -9"><span class='ocrx_word' id='word_1_877' title='bbox 993 2601 1129 2637; x_wconf 80' lang='grc' dir='ltr'>ἀφόρητον</span> <span class='ocrx_word' id='word_1_878' title='bbox 1153 2601 1269 2627; x_wconf 81' lang='grc' dir='ltr'>ποιεῖται</span> <span class='ocrx_word' id='word_1_879' title='bbox 1287 2599 1337 2635; x_wconf 83' lang='grc' dir='ltr'>τὴν</span> <span class='ocrx_word' id='word_1_880' title='bbox 1351 2599 1488 2626; x_wconf 79' lang='grc' dir='ltr'>ἀσέὗειαν.</span> <span class='ocrx_word' id='word_1_881' title='bbox 1504 2608 1513 2624; x_wconf 80' lang='grc' dir='ltr'><strong>ι</strong></span> <span class='ocrx_word' id='word_1_882' title='bbox 1525 2599 1660 2627; x_wconf 78' lang='grc' dir='ltr'>Ἔτικτον</span> <span class='ocrx_word' id='word_1_883' title='bbox 1673 2600 1712 2630; x_wconf 68' lang='grc' dir='ltr'><strong>δὲ,</strong></span> <span class='ocrx_word' id='word_1_884' title='bbox 1727 2608 1772 2635; x_wconf 78' lang='grc' dir='ltr'><strong>φη-</strong></span> 
     </span>
    </p>
   </div>
   <div class='ocr_carea' id='block_1_115' title="bbox 995 2644 1771 2681">
    <p class='ocr_par' dir='ltr' id='par_1_115' title="bbox 995 2644 1771 2681">
     <span class='ocr_line' id='line_1_115' title="bbox 995 2644 1771 2681; baseline -0.004 -8"><span class='ocrx_word' id='word_1_885' title='bbox 995 2647 1047 2678; x_wconf 71' lang='grc' dir='ltr'>σὶν,</span> <span class='ocrx_word' id='word_1_886' title='bbox 1061 2647 1091 2673; x_wconf 80' lang='lat' dir='ltr'><strong>al</strong></span> <span class='ocrx_word' id='word_1_887' title='bbox 1099 2645 1236 2680; x_wconf 78' lang='grc' dir='ltr'>γυναῖκες</span> <span class='ocrx_word' id='word_1_888' title='bbox 1253 2645 1324 2678; x_wconf 84' lang='grc' dir='ltr'>τοὺς</span> <span class='ocrx_word' id='word_1_889' title='bbox 1333 2645 1483 2679; x_wconf 78' lang='grc' dir='ltr'>γίγαντας,</span> <span class='ocrx_word' id='word_1_890' title='bbox 1501 2654 1511 2670; x_wconf 83' lang='grc'><strong>›</strong></span> <span class='ocrx_word' id='word_1_891' title='bbox 1535 2644 1585 2679; x_wconf 83' lang='grc' dir='ltr'>τῆς</span> <span class='ocrx_word' id='word_1_892' title='bbox 1604 2644 1679 2676; x_wconf 82' lang='grc' dir='ltr'>θείας</span> <span class='ocrx_word' id='word_1_893' title='bbox 1694 2645 1771 2681; x_wconf 78' lang='grc' dir='ltr'>ὀργῆς</span> 
     </span>
    </p>
   </div>
   <div class='ocr_carea' id='block_1_116' title="bbox 994 2688 1771 2727">
    <p class='ocr_par' dir='ltr' id='par_1_116' title="bbox 994 2688 1771 2727">
     <span class='ocr_line' id='line_1_116' title="bbox 994 2688 1771 2727; baseline -0.004 -9"><span class='ocrx_word' id='word_1_894' title='bbox 994 2691 1113 2727; x_wconf 81' lang='grc' dir='ltr'>δηλονότι</span> <span class='ocrx_word' id='word_1_895' title='bbox 1138 2689 1399 2726; x_wconf 80' lang='grc' dir='ltr'>παραχαραττοὺσης</span> <span class='ocrx_word' id='word_1_896' title='bbox 1432 2689 1525 2715; x_wconf 74' lang='grc' dir='ltr'>λοιπὸν</span> <span class='ocrx_word' id='word_1_897' title='bbox 1542 2689 1590 2715; x_wconf 76' lang='grc' dir='ltr'>καὶ</span> <span class='ocrx_word' id='word_1_898' title='bbox 1621 2688 1693 2716; x_wconf 80' lang='grc' dir='ltr'>αὐτὰ</span> <span class='ocrx_word' id='word_1_899' title='bbox 1724 2689 1771 2715; x_wconf 85' lang='grc' dir='ltr'><strong>τῶν</strong></span> 
     </span>
    </p>
   </div>
   <div class='ocr_carea' id='block_1_117' title="bbox 996 2735 1770 2773">
    <p class='ocr_par' dir='ltr' id='par_1_117' title="bbox 996 2735 1770 2773">
     <span class='ocr_line' id='line_1_117' title="bbox 996 2735 1770 2773; baseline -0.003 -9"><span class='ocrx_word' id='word_1_900' title='bbox 996 2737 1130 2773; x_wconf 85' lang='grc' dir='ltr'>σωμάτων</span> <span class='ocrx_word' id='word_1_901' title='bbox 1148 2736 1182 2764; x_wconf 85' lang='grc' dir='ltr'><strong>τὰ</strong></span> <span class='ocrx_word' id='word_1_902' title='bbox 1202 2737 1298 2771; x_wconf 78' lang='grc' dir='ltr'>κάλλη,</span> <span class='ocrx_word' id='word_1_903' title='bbox 1322 2735 1408 2762; x_wconf 87' lang='grc' dir='ltr'>διάτοι</span> <span class='ocrx_word' id='word_1_904' title='bbox 1429 2735 1460 2762; x_wconf 80' lang='grc' dir='ltr'>τὸ</span> <span class='ocrx_word' id='word_1_905' title='bbox 1475 2735 1648 2770; x_wconf 81' lang='grc' dir='ltr'>πεπατῆσθαι</span> <span class='ocrx_word' id='word_1_906' title='bbox 1675 2735 1770 2762; x_wconf 74' lang='grc' dir='ltr'>δικαιο-</span> 
     </span>
    </p>
   </div>
   <div class='ocr_carea' id='block_1_118' title="bbox 202 2823 1570 2860">
    <p class='ocr_par' dir='ltr' id='par_1_118' title="bbox 202 2823 1570 2860">
     <span class='ocr_line' id='line_1_118' title="bbox 202 2823 1570 2860; baseline 0.001 -10"><span class='ocrx_word' id='word_1_907' title='bbox 202 2823 299 2851; x_wconf 77' lang='lat' dir='ltr'><strong>&quot;Gen.</strong></span> <span class='ocrx_word' id='word_1_908' title='bbox 316 2831 352 2856; x_wconf 83' lang='lat' dir='ltr'><strong>Vl,</strong></span> <span class='ocrx_word' id='word_1_909' title='bbox 371 2824 396 2856; x_wconf 78' lang='grc' dir='ltr'>ι,</span> <span class='ocrx_word' id='word_1_910' title='bbox 410 2824 435 2850; x_wconf 77' lang='lat'><strong>‘2.</strong></span> <span class='ocrx_word' id='word_1_911' title='bbox 475 2825 497 2841; x_wconf 82' lang='lat'><strong>&#39;°</strong></span> <span class='ocrx_word' id='word_1_912' title='bbox 508 2825 575 2852; x_wconf 82' lang='lat' dir='ltr'><strong>Gen.</strong></span> <span class='ocrx_word' id='word_1_913' title='bbox 594 2833 628 2858; x_wconf 87' lang='lat' dir='ltr'><strong>IV,</strong></span> <span class='ocrx_word' id='word_1_914' title='bbox 645 2826 688 2853; x_wconf 73' lang='lat'><strong>‘25.</strong></span> <span class='ocrx_word' id='word_1_915' title='bbox 727 2826 747 2843; x_wconf 85' lang='lat'><strong>&quot;</strong></span> <span class='ocrx_word' id='word_1_916' title='bbox 767 2826 830 2854; x_wconf 87' lang='lat' dir='ltr'><strong>ibid.</strong></span> <span class='ocrx_word' id='word_1_917' title='bbox 846 2826 889 2854; x_wconf 78' lang='lat'><strong>26.</strong></span> <span class='ocrx_word' id='word_1_918' title='bbox 929 2828 950 2843; x_wconf 87' lang='lat'>&quot;</span> <span class='ocrx_word' id='word_1_919' title='bbox 965 2827 1030 2854; x_wconf 78' lang='lat' dir='ltr'><strong>Gen.</strong></span> <span class='ocrx_word' id='word_1_920' title='bbox 1050 2835 1086 2860; x_wconf 84' lang='lat' dir='ltr'><strong>vt,</strong></span> <span class='ocrx_word' id='word_1_921' title='bbox 1104 2827 1129 2854; x_wconf 88' lang='lat'><strong>8.</strong></span> <span class='ocrx_word' id='word_1_922' title='bbox 1169 2826 1190 2842; x_wconf 75' lang='lat'>”</span> <span class='ocrx_word' id='word_1_923' title='bbox 1206 2825 1272 2853; x_wconf 83' lang='lat' dir='ltr'><strong>Gen.</strong></span> <span class='ocrx_word' id='word_1_924' title='bbox 1296 2832 1333 2857; x_wconf 76' lang='lat' dir='ltr'><strong>Vl,</strong></span> <span class='ocrx_word' id='word_1_925' title='bbox 1347 2825 1374 2851; x_wconf 73' lang='grc'><strong>2,</strong></span> <span class='ocrx_word' id='word_1_926' title='bbox 1413 2824 1435 2840; x_wconf 61' lang='grc'><strong>³⁵</strong></span> <span class='ocrx_word' id='word_1_927' title='bbox 1456 2823 1519 2851; x_wconf 85' lang='lat' dir='ltr'><strong>ibid.</strong></span> <span class='ocrx_word' id='word_1_928' title='bbox 1542 2824 1570 2852; x_wconf 73' lang='grc' dir='ltr'>ι.</span> 
     </span>
    </p>
   </div>
  </div>
