1894 3056
117 178 172 206 957

697 167 838 196 CONTRA
858 165 1029 194 JULIANUM
1050 164 1115 193 LIB.
1134 163 1182 191 lx.

1688 151 1740 180 958

120 235 222 270 σύνην,·
245 232 366 268 αἰσχρῶν
394 231 476 258 ἕνεκα
507 228 600 256 παθῶν
626 228 674 254 καὶ
700 225 904 262 βδελυρωτάτης
919 231 939 257 Α

986 229 1045 252 eant
1058 225 1175 251 lurorem
1187 228 1286 252 meum,
1298 218 1446 254 gaudentes
1458 214 1551 244 simul,
1562 217 1587 240 et
1601 215 1741 239 contume-

1075 269 1079 270 ν
1198 267 1219 270 --
1281 264 1302 270 -.
1393 263 1399 268 .
1470 269 1493 270 η
1526 259 1633 270 nm“-
1651 261 1741 270 MM"

118 281 229 318 ἡδονῆς.
243 279 334 306 Ἦσαν
358 277 387 304 δὲ
408 277 434 303 οἱ
451 276 578 310 γίγαντες
592 273 669 310 ἁδροὶ
692 272 741 308 μὲν
761 273 832 307 τάχα
854 280 906 298 που

120 328 170 355 καὶ
195 325 389 361 ἀλκιμώτατοι,
406 321 474 349 πολὺ
497 321 526 348 δὲ
555 318 697 350 νοσοῦντες
721 318 751 346 τὸ
775 317 906 353 εἰδεχθὲς,

124 373 206 405 Ἐθος
222 372 251 399 δὲ
265 373 299 406 τῇ
324 368 495 403 θεοπνεύστῳ
519 367 615 402 Γραφῇ
638 365 780 400 γίγαντας
801 364 908 390 ἀποκα-

121 419 180 446 λεῖν
207 419 271 448 τοὺς
297 415 481 452 ἀγριόφρονας
506 413 554 440 καὶ
576 409 812 441 εὐσθενεστάτους.
835 409 908 444 Ἔφη

125 465 190 500 γοῦν
204 465 219 491 δ
235 462 289 489 τῶν
311 461 379 488 ὅλων
394 459 459 491 Θεὸς
481 459 543 494 περί
564 466 594 484 τε
611 455 724 492 Περσῶν
749 455 796 482 καὶ
811 454 910 490 Μήδων

128 499 280 546 μελλόντων
300 507 426 543 αἱρήσειν
443 505 493 540 τὴν
514 502 648 530 Ἰουδαίων
661 509 667 516 ·
693 511 702 527 ι
716 501 847 535 Γίγαντες
863 499 908 534 έρ-

126 545 221 591 χονται
234 553 376 589 πληρῶσαι
388 552 434 578 τδν
450 550 536 586 θυμόν
558 557 620 584 μου,
637 547 777 583 χαίροντες
794 545 853 581 ἅμα
865 545 912 572 καὶ

128 601 296 636 ¹ὓδρίζονίιες.
314 609 323 624 ι
337 598 373 625 Οὐ
390 597 444 632 γάρ
458 603 510 629 τοι,
523 594 595 622 κατὰ
610 594 673 625 τοὺς
690 592 823 627 Ἐλλήνων
835 598 914 625 ποιη-

128 647 190 679 τὰς,
203 645 401 681 ὑπερμεγέθεις
413 643 511 674 αὐτοὺς
524 642 571 668 καὶ
584 641 664 676 ἡμεῖς
672 638 799 674 γενέσθαι
813 637 913 672 φαμὲν,

130 695 200 730 ὑψοῦ
220 703 251 721 τε
265 693 400 729 ἠρμένους
416 690 543 718 τοσοῦτον
557 690 613 720 τοῖς
628 687 763 723 σώμασιν,
777 685 847 713 ὥστε
867 685 913 711 καὶ
933 684 1031 719 νήσους
1062 679 1235 717 ἁρπάζοντας
1255 679 1287 704 ὲκ
1302 676 1388 712 μέσης

792 731 863 766 δψιν,
884 729 932 757 καὶ
959 712 1144 763 ’τερατώδεις
1170 725 1218 752 καὶ
1245 722 1403 754 νεανικοὺς,
1424 719 1452 745 οὑ
1477 717 1530 752 μὴν
1554 715 1594 742 ἑτι
1616 713 1662 740 καὶ
1682 712 1755 747 πέρα

131 788 259 815 τοσοῦτον
276 786 329 814 τῶν
351 785 399 820 τῆς
424 783 633 819 ἀνθρωπότητος
660 780 780 816 μέτρων,
800 779 915 813 ὅσονπερ
953 776 1041 802 ἐδόκει

131 741 172 772 εἰς
189 740 234 766 τδν
257 738 371 775 οὐρανόν
384 745 391 752 ·
415 736 473 764 ἀλλ’
493 734 621 771 αἰσχροὺς
640 733 689 769 μὲν
709 732 758 768 τὴν

959 272 1021 298 liam
1041 269 1187 297 inferentes
1197 267 1231 294 “.
1253 275 1262 291 ι
1281 264 1338 292 Non
1356 263 1428 290 enim
1447 269 1507 292 nos,
1525 259 1634 287 Graecos
1651 261 1744 290 poetas

960 315 1056 348 secuti,
1073 313 1185 342 immani
1204 311 1273 339 mole
1291 309 1418 346 praeditos
1436 307 1519 333 fuisse
1539 304 1598 331 illos
1617 302 1742 333 dicimus,

961 370 992 390 ac
1007 367 1061 389 tam
1076 360 1138 386 altis
1150 357 1319 393 corporibus,
1332 360 1361 382 ut
1373 353 1476 381 insulas
1487 360 1502 378 e
1515 350 1602 377 medio
1616 348 1682 375 mari
1698 354 1742 373 ar-

961 412 1052 442 reptas
1067 406 1093 433 in
1110 392 1210 432 caelum
1226 402 1407 437 projicerent;
1423 398 1470 425 sed
1487 396 1560 422 vultu
1575 394 1682 429 quidem
1698 392 1746 418 de-

964 454 1064 480 formes
1084 455 1112 478 et
1133 454 1311 479 monstrosos,
1333 452 1376 472 ac.
1388 442 1559 478 prmferoces,
1582 447 1633 466 non
1657 441 1746 466 tamen

964 498 1032 525 ultra
1049 497 1194 524 humanam
1213 498 1366 521 mensuram
1384 491 1410 516 in
1429 493 1531 515 tantum
1550 485 1645 515 elatos,
1662 489 1749 518 quan-

966 549 1020 571 tum
1038 542 1194 570 Graecorum
1213 537 1381 574 principibus
1402 533 1503 569 placuit
1520 529 1655 559 ementiri.
1674 527 1750 555 Absit

965 590 1049 624 igitur
1065 593 1095 615 ut
1112 591 1220 614 sanctos
1236 583 1346 619 angelos
1363 583 1517 609 incusemus
1534 581 1580 604 aut
1596 581 1750 610 carpamus,

968 639 995 662 et
1009 634 1049 661 eis
1064 633 1214 668 voluptates
1229 630 1350 664 impuras
1365 626 1534 661 aliingamns.

1423 673 1557 706 θαλάττης
1577 665 1753 704 ἀναρριπτεῖν

1074 773 1253 809 ψευδοεποῦσι
1280 770 1370 804 λέγειν
1399 767 1454 797 τοῖς
1475 763 1609 798 Ἑλλήνων
1629 758 1753 794 λογάσιν.

141 804 258 815 νυιιυυυυν
282 804 329 814 ,ων
357 804 398 820 ..η
424 804 576 819 -.-ρωηη
592 804 631 813 .-τ
660 804 780 816 Γητνη,
805 804 808 805 ,
899 804 906 813 ι

141 836 264 862 ’Λπέστω
285 834 318 870 δὴ
343 831 388 860 οὖν
414 832 462 859 καὶ
488 804 586 866 γραφὴ⁸
608 828 656 856 καὶ
687 827 784 863 μῶμος
809 826 856 852 καὶ
882 825 916 852 τὰ
952 823 996 850 ἐπ’
1020 804 1146 857 αἰσχραῖς
1165 820 1271 856 ἡδοναῖς
1293 815 1455 851 ἐγκλήματα
1495 811 1546 838 τῶν
1562 809 1647 843 ἁγίων
1671 804 1755 840 ἀγγέ-

135 885 200 912 λων.

174 897 200 912 ην,
311 904 314 906 ν

174 931 235 956 Ὀτι
256 927 283 954 δὲ
296 928 352 958 τοῖς
369 924 417 952 τοῦ
434 923 572 958 πανσόφου
599 921 720 952 Μωσέως
738 920 869 955 δόγμασιν
892 918 923 944 οὐ

1009 917 1094 944 Porro
1111 922 1160 943 nos
1178 921 1193 941 a
1210 907 1402 947 sapientissimi
1418 904 1500 933 Mosis
1519 900 1649 937 dogmatis
1669 897 1756 926 neuti-

136 977 261 1010 διάφοροι
277 971 495 1005 καθεστήκαμεν,
526 967 728 1003 συμὸαινουσαν
750 966 778 992 δὲ
801 965 848 991 καὶ
867 961 922 990 οἷον

139 1021 168 1049 εὖ
184 1021 255 1057 μάλα
271 1015 498 1052 συνηρμοσμένην
510 1014 560 1048 τὴν
580 1013 621 1048 ἐφ’
634 1012 721 1039 ἅπασι
736 1011 815 1043 δόξαν
830 1010 924 1036 εἰσπε-

140 1065 291 1102 ποιήμεθα,
304 1065 392 1097 σαφὴς
409 1061 458 1088 καὶ
482 1059 610 1095 ἀποχρῶν
625 1059 691 1093 ἡμῖν
704 1057 813 1088 διέδειξε
826 1056 906 1089 λόγος
915 1063 923 1072 ·

140 1101 234 1142 οἴεταί
246 1119 278 1146 γε
297 1110 350 1145 μὴν
369 1107 429 1134 κατ’
452 1105 550 1132 οὔδένα
572 1103 672 1139 τρόπον
692 1101 766 1137 αὐτῷ
784 1108 926 1136 συνενηνε-

141 1145 270 1196 γμένους,
287 1158 371 1194 ἤγουν
391 1155 425 1181 τὰ
442 1153 487 1180 ἴσα
508 1152 616 1187 φρονεῖν
633 1149 774 1179 ἐθέλοντας
793 1145 927 1186 διελέγξαι

148 1184 270 1196 ..μ-υ..
299 1184 318 1194 ..
514 1184 536 1187 ..

141 1206 281 1237 δύνασθαι,
302 1202 389 1230 καίτοι
414 1196 616 1234 πεφλυαρηκὼς
644 1194 717 1229 εἰκῆ,
738 1184 881 1223 πλείστους
897 1200 928 1218 τε

143 1255 222 1284 ὅσους
239 1250 317 1287 ήμῶν
331 1247 466 1282 καταχέας
479 1245 574 1279 λόγους
585 1252 592 1258 ο
609 1242 638 1269 οὐ
651 1242 706 1277 γάρ
718 1248 785 1275 φησι
796 1240 851 1270 τοῖς
864 1238 929 1264 Μω-

145 1300 214 1330 σέως
227 1284 320 1332 νδμοις
334 1293 478 1330 έμολογείν
487 1290 522 1318 τὰ
534 1287 715 1326 Χριστιανῶν,
730 1285 791 1312 οὔτε
805 1285 859 1320 μὴν
873 1284 929 1315 τοῖς

151 1328 285 1371 Ἰουδαίων
311 1328 384 1368 ἔθεσι
408 1339 503 1374 διαζῇν
532 1335 643 1370 ἀξιοῦν,
670 1333 759 1360 καίτοι
784 1331 838 1358 τῶν
865 1328 930 1364 παρ’

146 1391 278 1426 Ἓλλησιν
294 1387 386 1418 αὐτοῖς
411 1381 680 1420 συμπεφωνηκότων.
693 1379 787 1406 Ἔθεσι
803 1377 857 1412 γὰρ
884 1375 932 1402 καὶ

147 1421 240 1472 νόμοις
255 1435 304 1469 οὐχ
325 1433 428 1468 ἑτέροις
447 1429 557 1466 μᾶλλον,
576 1426 643 1454 ἀλλὰ
657 1426 713 1457 τοῖς
726 1425 816 1455 αὐτοῖς
830 1421 932 1457 κεχρῆ-

151 1467 215 1509 σθαί
229 1467 303 1516 φησι
312 1467 422 1508 τούτους
439 1484 469 1503 τε
485 1474 637 1505 κάκείνους,
658 1471 727 1507 πλὴν
749 1469 796 1496 δύο
816 1477 866 1495 που
885 1467 933 1502 μό.-

147 1530 200 1561 λις,
212 1513 341 1563 ἦ-τριῶν,
361 1524 408 1551 τοῦ
431 1523 468 1558 μὴ
481 1521 581 1548 εἰδέναι
592 1519 670 1550 θεοὺς
687 1517 807 1552 ἑτέρους,
824 1515 870 1541 καὶ
884 1513 934 1548 τῆς

150 1559 324 1609 παρ’-αὺτοῖς
337 1567 562 1607 ἡπατοσκοπικῆς
585 1562 782 1600 ὠνομασμένης
795 1560 889 1591 θυσίας
905 1559 935 1585 τὸ

150 1606 261 1656 χρήμαο
278 1616 340 1644 ἐπεὶ
361 1615 429 1649 τάγε
450 1613 532 1647 ’ἐτερα
547 1611 625 1638 κοινὰ
647 1609 693 1637 καὶ
717 1606 936 1643 ἀπαραλλάκτως

238 1664 341 1699 ἀμφοῖν
359 1659 531 1687 διατείνεται.
546 1655 626 1691 Παρὰ
647 1655 696 1690 μὲν
715 1654 770 1690 γὰρ
793 1653 848 1683 τοῖς
870 1652 935 1678 Ἰου-

151 1697 238 1741 δαίοις
260 1697 371 1745 ἄριστον
398 1706 416 1741 ἡ
445 1702 599 1739 περιτομή·
625 1699 781 1734 Αἰγυπτίων
808 1698 845 1731 δὲ,
874 1697 936 1728 τοὺς

154 1755 317 1792 ἱερωτέρους
346 1752 400 1779 τῶν
425 1749 587 1785 τεμενιτῶν,
609 1747 657 1774 καὶ
686 1745 754 1781 πρός
777 1752 808 1778 γε
834 1742 938 1774 τούτοις

153 1790 301 1832 Χαλδαίους
316 1799 365 1826 καὶ
376 1796 562 1833 Σαρακηνοὺς,
580 1793 630 1821 οὑκ
652 1791 840 1827 ἀπαράδεκτον
855 1790 940 1815 ποιεῖ-

156 1847 219 1875 σθαί
234 1854 315 1882 φησιν
340 1844 435 1879 αὐτήν.
454 1839 622 1876 Τετιμῆσθαι
648 1838 676 1864 δὲ
696 1837 742 1864 καὶ
765 1835 819 1862 τῶν
840 1834 939 1861 θυσιῶν

155 1895 219 1926 τοὺς
233 1893 350 1929 τρόπους
363 1892 391 1917 ὲν
414 1890 464 1925 ῐσῳ
481 1887 575 1923 φησὶν,
595 1883 650 1912 οἷον
673 1882 810 1919 ἀπαρχὰς,
829 1881 941 1907 ὁλοκαυ-

156 1925 281 1975 τισμους,
306 1936 461 1973 ὁμολογίας,
488 1932 664 1969 χαριστήρια,
685 1930 731 1956 καὶ
757 1927 827 1955 κατά
853 1935 885 1961 γε
912 1925 941 1952 τὺ

158 1969 234 2019 αὐεῷ
262 1969 372 2014 δοκοῦν,
395 1969 556 2015 τιμητήρια,
581 1974 779 2010 καθαρισμοὺς,
804 1971 851 1998 καὶ
872 1969 942 2004 ὑπὲρ

160 2016 282 2066 ἀγνοίας.
308 2026 523 2061 ’Λπολεξάμενος
538 2023 592 2058 γὰρ
606 2021 660 2049 τῶν
675 2019 798 2049 Μωσέως
813 2016 943 2052 γραμμά-

159 2061 216 2104 τῶν
239 2076 274 2101 τὰ
290 2074 344 2100 τῶν
361 2071 462 2100 θυσιῶν
480 2070 610 2104 ὀνόματα,
627 2067 682 2098 τοῖς
697 2065 771 2096 ἰδίοις
798 2063 884 2097 ἐνίησι
898 2061 943 2088 λό-

161 2131 232 2158 γοις,
246 2121 316 2156 ὑπέρ
340 2128 370 2153 γε
386 2117 434 2145 τοῦ
462 2117 551 2143 δοκεῖν
571 2115 637 2146 ἴσως
663 2109 944 2146 ἀπολυπραγμόνητον

162 2154 235 2204 αὐτῷ
249 2154 306 2195 τῶν.
317 2166 378 2194 καθ’
392 2166 465 2201 ἡμᾶς
479 2163 515 2198 μὴ
530 2163 619 2197 μεῖναι
642 2159 734 2194 μηδὲν.
755 2156 875 2189 Ἐφίεται
891 2154 945 2188 γὰρ

163 2215 204 2242 ὅτι
222 2199 342 2249 μάλιστά
359 2219 390 2245 γε
401 2199 450 2245 τῆς
465 2205 643 2242 δοκησισόφου
658 2203 747 2237 δόξης,
767 2201 813 2227 καὶ
825 2199 946 2234 πολυμα-

165 2244 231 2291 (ηαξ
242 2244 376 2293 ὑπόληψιν
398 2244 515 2291 θηρᾶται
538 2250 642 2281 δεινῶς,
667 2248 800 2282 Ἠγνόηκε
816 2246 860 2277 δὲ,
877 2244 947 2271 κατὰ

163 2305 194 2332 τὸ
205 2285 294 2336 εἰκὸς,
362 2285 490 2336 τοίςημὲν
503 2297 550 2325 τοῦ
570 2296 653 2331 νόμου
669 2293 831 2329 γράμμασιν
844 2289 947 2324 ὁμιλεῖν
962 2285 986 2314 D

166 2351 284 2388 χαλεπὸν
301 2348 392 2376 οὐδέν’
412 2345 600 2382 ἀπρόσελητος
617 2341 645 2368 δὲ
667 2337 807 2369 παντελῶς
829 2336 903 2370 αὐτῷ
919 2343 949 2361 τε

167 2398 284 2428 καὶτοῖς
301 2395 361 2422 κατ’
376 2393 457 2421 αὑτὸν
471 2391 526 2418 τῶν
542 2391 571 2417 ὲν
593 2388 684 2418 αὐτοῖς
701 2383 810 2412 ἐννοιῶν
831 2384 848 2418 ἡ
870 2382 950 2408 δύνα-

171 2451 226 2478 μις.
251 2426 306 2468 καὶ
329 2438 395 2474 γοῦν
420 2437 472 2472 ἔφη
487 2444 537 2463 που
563 2433 630 2465 Θεὸς
657 2432 690 2458 δι’
715 2430 773 2461 ένὸς
791 2428 844 2455 τῶν
867 2426 952 2461 ἁγίων

169 2472 360 2524 προφητῶν-ἰ
375 2484 424 2516 Τίς
449 2482 539 2517 σοφὸς,
565 2480 612 2507 καὶ
637 2478 746 2513 συνήσει
769 2474 876 2506 ταῦτα;
905 2472 953 2499 καὶ

171 2533 299 2564 συνετὸς,
324 2531 372 2558 καὶ
401 2528 581 2563 ἐπιγνώσεται
605 2524 692 2557 αὐτάς
710 2522 776 2549 διότι
799 2520 900 2546 εὐθεῖαι
922 2518 952 2544 αἱ

171 2579 228 2606 ὁδοὶ
243 2577 291 2604 τοῦ
310 2576 422 2612 Κυρίου,
436 2574 483 2601 καὶ
497 2573 596 2600 δίκαιοι
611 2569 788 2604 πορεύσονται
804 2567 833 2592 έν
841 2565 952 2594 αὑταῖς·

171 2627 196 2653 οἰ
209 2625 238 2652 δὲ
250 2608 565 2655 ἀσεϐεῖςάσθενήσουσιν
584 2618 612 2643 ὲν
625 2616 730 2646 αὑταῖς.
745 2624 753 2640 ι
777 2609 882 2640 Οὐκοῦν
904 2608 955 2635 κᾶν

173 2671 199 2698 ει
223 2669 353 2699 πλείστας
373 2668 439 2702 ἡμῖν
457 2665 507 2697 τὰς
528 2663 640 2699 χρήσεις
657 2662 689 2688 ἐκ
706 2660 756 2694 τῆς
779 2655 956 2684 θεοπνεύστου

173 2716 284 2752 Γραφῆς
296 2700 487 2748 παρατίθησιν,
515 2708 572 2735 ἀλλ’
586 2705 632 2734 οὖν
659 2705 725 2732 ῐστω
751 2702 851 2733 συνιεὶς
869 2700 956 2728 οὐδέν.

174 2744 318 2791 Kal-7.on
335 2744 380 2782 τὸν
397 2744 558 2790 ἱεροφάντην
577 2750 653 2787 ᾠήθη
668 2748 769 2777 Μωσέα
786 2747 894 2783 μιαροῖς
911 2744 958 2771 καὶ

174 2789 371 2840 ἀποτροπαίοις
389 2789 498 2834 δαίμοσι
517 2797 614 2828 θυσίας
639 2794 785 2826 ἐπιτελεῖν,
803 2792 850 2819 καὶ
874 2790 905 2817 τδ
918 2789 958 2815 ἔτι

210 2883 232 2900 ¹¹
246 2882 298 2910 lsa.
318 2888 378 2912 ιιιι,
393 2879 420 2907 5.
458 2877 482 2894 ³⁸
496 2876 564 2904 Osee
581 2882 633 2908 xtv,
652 2873 693 2902 10.

973 972 1054 1000 quam
1071 963 1255 995 discrepasse,
1271 956 1318 984 sed
1334 958 1528 988 usquequaque
1544 947 1757 976 consentientem

1411 998 1423 1000 ⁴
1436 996 1453 1000 A
1464 997 1481 1000 ⁸
1567 993 1572 1000 ¹
1629 998 1633 1000 -
1662 999 1666 1000 ν
1690 990 1741 1000 -Ιμη
1750 999 1755 1000 γ

976 990 1026 1000 r~
1161 990 1167 995 .

974 1015 1002 1037 et
1017 1011 1208 1043 congruentem
1225 1001 1386 1030 sententiam
1405 996 1488 1032 298
1503 993 1669 1028 amplexatus
1685 990 1758 1019 clare

975 1061 1003 1084 et
1017 1055 1123 1082 abunde
1139 1057 1217 1078 antea
1233 1044 1487 1076 demonstravimus.
1504 1041 1584 1067 Putat
1601 1044 1691 1065 tamen
1709 1043 1759 1062 nos

975 1102 1001 1130 ei
1019 1100 1092 1128 nullo
1109 1097 1189 1126 modo
1206 1092 1344 1129 astipulari
1357 1111 1364 1123 ,
1383 1095 1429 1117 aut
1445 1088 1540 1115 eadem
1558 1085 1658 1112 sentire
1673 1082 1758 1115 velle;

977 1154 1006 1174 se
1025 1145 1091 1172 satis
1112 1148 1246 1177 superque
1268 1138 1407 1173 probasse,
1427 1135 1489 1161 licet
1510 1132 1611 1158 frustra
1634 1132 1760 1162 nngatus,

978 1190 1123 1223 multisque
1137 1174 1226 1213 verbis
1242 1185 1269 1211 in
1286 1190 1334 1209 nos
1349 1179 1539 1207 debacchatus.
1557 1174 1674 1209 Legibus
1687 1174 1760 1201 enim

979 1235 1104 1265 Mosaicis
1128 1232 1167 1259 ait
1189 1229 1341 1258 Christiana
1366 1225 1490 1253 instituta
1516 1230 1568 1249 non
1593 1219 1761 1250 consentire,

980 1283 1027 1311 sed
1053 1287 1142 1314 neque
1167 1285 1217 1305 nos
1240 1275 1392 1302 Judaeorum
1419 1270 1539 1297 moribus
1561 1266 1630 1293 vclle
1653 1266 1763 1295 vivere,

981 1327 1106 1363 quamvis
1123 1325 1277 1352 Graecorum
1296 1320 1369 1353 leges
1389 1317 1428 1344 eis
1446 1313 1627 1342 consentiant.
1646 1310 1765 1337 Moribus

983 1375 1053 1404 enim
1075 1379 1107 1399 ac
1130 1369 1230 1404 legibus
1252 1373 1305 1393 non
1329 1362 1454 1394 diversis,
1477 1360 1525 1387 sed
1549 1358 1643 1386 iisdem
1665 1356 1764 1390 potius,

984 1421 1033 1449 bos
1049 1423 1076 1446 et
1095 1403 1236 1444 illosiusos
1254 1413 1305 1444 ait,
1323 1409 1441 1443 exceptis
1459 1407 1514 1434 fere
1531 1406 1637 1432 duabus
1654 1407 1698 1429 ant
1716 1403 1765 1427 tri-

985 1467 1035 1493 bus
1048 1471 1055 1490 :
1072 1462 1209 1490 nimirum,
1224 1465 1276 1485 non
1291 1463 1352 1483 esse
1367 1452 1554 1488 agnosccmlos
1568 1451 1633 1476 deos
1648 1448 1724 1478 alios,
1740 1451 1767 1473 ct

985 1515 1032 1539 ea,
1051 1512 1110 1540 quae
1131 1507 1235 1538 spectat
1259 1500 1291 1527 ad
1312 1497 1491 1529 sacriﬁcium,
1510 1494 1579 1529 quod
1599 1491 1766 1526 extispicium

987 1554 1079 1581 dicunt
1096 1557 1103 1578 :
1122 1557 1184 1577 nam
1204 1551 1300 1575 cetera
1319 1543 1470 1580 promiscua
1490 1540 1561 1575 apud
1581 1544 1723 1572 utrosque,
1741 1540 1768 1562 et

950 1605 970 1633 c
987 1599 1081 1628 eadem
1102 1603 1161 1624 esse
1181 1592 1326 1630 pertendit.
1345 1590 1422 1624 Apud
1444 1587 1551 1615 Iudaeos
1569 1585 1701 1619 siquidem
1721 1590 1770 1617 op-

989 1645 1051 1672 tima
1072 1650 1116 1670 res
1135 1645 1178 1669 est
1199 1637 1383 1669 circumcisio,
1400 1641 1480 1669 quam
1498 1632 1684 1666 [Egyptiortttn
1705 1635 1771 1655 san—

988 1691 1124 1719 ctissimos
1139 1693 1260 1722 quosque
1276 1684 1399 1714 ardituos,
1417 1688 1449 1707 ac
1465 1680 1574 1713 insuper
1589 1675 1728 1704 Chaldaeos
1745 1678 1772 1700 et

990 1737 1143 1764 Saracenos
1169 1739 1221 1759 non
1246 1729 1359 1764 rejicere
1382 1728 1431 1754 ait.
1454 1725 1507 1752 Sed
1528 1728 1556 1750 et
1578 1719 1771 1749 sacriﬁciorum

990 1782 1083 1809 modos
1100 1778 1157 1814 pari
1175 1777 1201 1804 in
1219 1775 1306 1811 pretio
1323 1773 1406 1801 fuisse
1423 1771 1504 1802 dicit,
1520 1768 1603 1796 veluti
1620 1765 1753 1801 primitias
1764 1784 1773 1797 ,

990 1828 1157 1857 holocausta,
1171 1821 1368 1852 confessiones,
1383 1818 1529 1854 gratiarum
1545 1814 1676 1844 actiones,
1691 1815 1728 1842 et,
1743 1814 1773 1837 nt

991 1875 1049 1908 ipse
1070 1872 1141 1904 vult,
1162 1868 1292 1900 donaria,
1314 1865 1498 1900 expiationes,
1520 1866 1546 1888 et
1569 1857 1703 1887 sacriﬁcia
1726 1863 1775 1891 pro

993 1916 1153 1953 ignorantia.
1175 1911 1303 1941 Collectis
1325 1910 1398 1937 enim
1422 1905 1618 1935 sacriﬁciorum
1642 1901 1775 1929 Mosaico-

992 1971 1052 1992 rum
1066 1961 1231 1992 nominibus,
1245 1957 1301 1985 suis
1315 1963 1346 1983 ea
1362 1953 1533 1982 sermonibus
1548 1950 1651 1981 inserit,
1664 1952 1693 1974 ut
1708 1947 1777 1973 forte

994 2012 1103 2044 putetur
1121 2004 1187 2032 nihil
1204 1989 1309 2034 eorum,
1324 2007 1384 2034 quae
1401 1998 1433 2025 ad
1450 2003 1499 2024 nos
1516 1994 1641 2025 attinent,
1657 1989 1779 2024 inexplo-

995 2037 1083 2082 i-aturu
1100 2049 1253 2085 reliquisse.
1270 2044 1406 2081 Sapientis
1420 2043 1492 2071 enim
1509 2048 1604 2069 nomen
1620 2038 1672 2066 sibi
1689 2037 1779 2064 facere

994 2100 1168 2127 vehementer
1179 2095 1263 2129 cupit,
1278 2097 1305 2119 et
1319 2098 1422 2125 magna:
1436 2086 1597 2115 eruditionis
1613 2084 1710 2111 famam
1724 2087 1780 2108 stn-

996 2146 1070 2174 diose
1085 2127 1278 2170 venatur.VSed
1297 2136 1393 2166 noscit,
1411 2139 1440 2161 ut
1457 2136 1578 2168 apparet,
1597 2128 1698 2157 versari
1718 2127 1779 2162 qui-

997 2192 1056 2218 dem
1077 2189 1103 2216 in
1124 2186 1191 2222 legis
1207 2183 1325 2214 litteris,
1345 2180 1410 2208 nihil
1426 2186 1487 2206 esse
1509 2176 1606 2212 negotii
1627 2185 1635 2202 :
1653 2177 1779 2201 ueterum

998 2236 1049 2264 sibi
1070 2241 1103 2261 ac
1123 2233 1179 2260 suis
1195 2231 1247 2257 vim
1269 2233 1295 2256 et
1316 2226 1481 2255 intellectum
1502 2229 1594 2250 earum
1615 2221 1780 2247 inaccessum

999 2289 1070 2310 esse.
1085 2279 1162 2307 Unde
1177 2284 1224 2312 per
1237 2282 1319 2302 unum
1333 2281 1349 2300 e
1364 2270 1465 2299 sanctis
1479 2267 1616 2303 prophetis
1631 2265 1699 2292 Deus
1713 2262 1781 2290 dixit

999 2308 1096 2355 alicubi
1109 2333 1117 2352 :
1132 2333 1141 2350 ι
1157 2308 1222 2357 Quis
1236 2320 1354 2355 sapiens,
1367 2321 1394 2344 et
1409 2315 1541 2348 intelliget
1554 2311 1629 2339 haec?
1641 2314 1669 2338 et
1681 2308 1780 2336 intelli-

1000 2381 1077 2410 gens.
1085 2375 1112 2399 et
1121 2371 1265 2403 cognoscet
1276 2365 1325 2393 ea?
1335 2364 1396 2398 quia
1410 2365 1489 2389 rectm
1497 2359 1546 2386 via:
1558 2356 1674 2387 Domini,
1683 2353 1781 2389 etjnsti

1001 2401 1175 2448 ambulabunt
1191 2416 1217 2442 in
1233 2414 1272 2441 eis
1289 2421 1296 2440 :
1312 2411 1357 2446 qui
1373 2414 1461 2436 autem
1478 2405 1551 2439 impii
1565 2406 1642 2435 sunt,
1659 2401 1781 2428 inﬁrma-

1002 2468 1103 2495 buntur
1114 2464 1141 2491 in
1155 2462 1209 2490 illis
1216 2461 1250 2487 ".
1268 2469 1278 2485 ι
1289 2455 1409 2485 Tametsi
1424 2461 1488 2488 ergo
1503 2451 1617 2486 plurima
1633 2446 1710 2475 nobis
1723 2453 1782 2472 ora-

1006 2513 1065 2541 cula
1083 2519 1116 2540 ex
1134 2509 1272 2543 Scriptura
1289 2511 1366 2533 sacra
1385 2499 1525 2537 proponit,
1543 2503 1630 2524 tamen
1647 2501 1675 2522 se
1691 2500 1783 2520 earum

1009 2539 1087 2594 plane
1108 2539 1203 2583 rudeni
1224 2559 1284 2580 esse
1303 2548 1444 2582 intelligat.
1473 2543 1616 2570 Enimvero
1633 2539 1724 2566 Mosen
1743 2543 1787 2564 sa-

1008 2582 1115 2632 crorum
1130 2601 1304 2633 interpretem
1321 2592 1424 2628 putavit
1438 2589 1549 2618 uelariis
1561 2591 1588 2614 et
1603 2582 1788 2613 abominandis

1008 2647 1173 2677 tlmmonibns
1189 2652 1265 2673 sacra
1284 2646 1430 2677 peragere,
1446 2641 1490 2667 et,
1506 2633 1576 2668 quod
1593 2628 1789 2659 intolerabilius

1082 2674 1176 2728 ipsum
1198 2689 1265 2717 dixit
1285 2674 1466 2722 lcgislatorem
1489 2680 1541 2707 hoc
1563 2677 1615 2706 sibi
1638 2674 1788 2702 iaciendum

1010 2721 1177 2774 permiitere,
1190 2739 1220 2762 ut
1234 2735 1291 2768 ipse
1305 2721 1357 2759 sibi
1373 2726 1524 2757 contrarias
1538 2724 1611 2758 leges
1626 2721 1697 2749 l‘erre
1712 2727 1726 2745 a
1741 2725 1791 2745 no-

1158 2763 1176 2769 ν.
1245 2763 1252 2768 .

1011 2787 1053 2815 bis
1064 2783 1250 2814 convincatur.
1261 2778 1334 2807 Dixit
1345 2775 1483 2805 enimvero
1494 2780 1501 2799 :
1514 2780 1524 2797 ι
1536 2769 1586 2803 Qui
1598 2765 1734 2796 sacriﬁcat
1744 2763 1794 2791 diis
