1894 3056
130 117 183 145 osa
639 117 669 146 s.
686 117 820 147 CYRILLI
838 119 1069 148 ALsxmomNt
1088 119 1246 148 ARCHIEP.
1703 115 1774 143 960

133 177 204 209 aliis.
218 177 453 209 exterminabitur,
468 181 647 212 praeterquam
662 178 778 206 Domino
792 179 841 206 soli
855 179 889 208 ³⁷.
906 187 916 204 s

979 179 1063 205 ςούτου
1077 179 1288 214 ἀφορητότερον,
1304 177 1386 205 αὑτὸν
1405 177 1458 213 ῑφη
1472 175 1520 203 τδν
1538 174 1690 211 νομοθέτην
1707 175 1768 208 ἐφ-

133 221 210 255 Quod
226 223 266 254 si,
281 227 309 249 ut
326 222 382 257 ipse
397 221 453 254 ait,
466 222 582 257 jussisse
595 223 703 251 videtur
717 223 799 251 etiam
816 224 919 252 abomi-

979 226 1040 252 ιῖναί
1056 226 1080 251 οἱ
1096 225 1177 251 τοῦτο
1190 225 1267 260 δρᾷν,
1286 224 1320 250 Iv‘
1337 223 1419 255 αὐτὸς
1442 222 1532 258 ἑαυτῷ
1557 221 1688 249 τάναντία
1711 220 1767 246 θε-

135 268 231 296 naudis
244 268 411 295 daemonibus
427 268 481 295 ritu
496 268 610 295 solemni
626 275 704 296 sacra
720 269 803 305 299
818 270 918 302 facere.

979 269 1109 305 ιμοθετῶν
1134 269 1281 304 ἁλίσκηται
1306 267 1375 304 πρὸς
1397 267 1485 303 ἡμῶν.
1513 266 1586 301 Ἔφη
1615 265 1666 301 μὲν
1681 263 1739 299 γάρ
1755 271 1766 278 “

134 313 268 346 quomodo
281 320 329 340 nos
345 312 454 340 abducit
465 320 480 339 ι
495 313 576 346 malo,
588 321 619 340 ac
632 321 686 341 non
701 315 791 348 potius
803 316 861 349 ipse
874 322 919 349 pa.

979 326 980 329 ‘
999 315 1029 343 ’0
1046 315 1183 347 θυσιάζων
1194 315 1265 346 θεοῖς
1282 313 1386 350 ἑτέροις
1399 312 1666 349 ὲξολοθρευθήσεται,
1683 309 1764 344 πλὴν

134 357 187 384 lam
201 364 232 385 eo
245 357 323 384 nobis
337 357 388 384 iter
400 357 513 392 pandit?
528 358 631 385 Rursus
646 364 736 386 autem
752 366 864 387 necesse
877 363 920 386 est

979 361 1063 396 (upqu
1092 361 1176 396 μόνῳ.
1194 370 1204 386 ι
1222 360 1254 387 El
1277 359 1325 391 es,
1348 358 1420 386 καθά
1436 366 1519 394 φησιν
1541 357 1632 389 αὐτὸς,
1658 356 1764 392 ὁρᾶται

134 403 236 436 videre,
253 407 353 436 quanta
370 402 397 429 in
416 403 500 430 Deum
517 402 638 430 invectus
654 403 691 430 sit
707 404 856 431 calumnia.
872 403 919 431 Ait

979 406 1162 442 τροστεταχὼς
1175 405 1223 432 καὶ
1233 403 1429 440 ἀποτροπαίοις
1439 403 1548 438 δαίμοσι
1564 400 1708 449 καθιεροῦν
1721 399 1764 449 ἰὰ

134 448 218 480 enim,
233 447 307 475 illum
323 448 520 476 sacriﬁciorum
537 448 632 476 modos
648 449 828 477 recensuisse.

979 451 1159 486 νενομισμένα,
1171 450 1233 477 τίνα
1246 449 1346 485 τρόπον
1357 448 1431 484 ἡμᾶς
1452 448 1576 482 ἐξίστησι
1591 445 1638 473 τοῦ
1654 445 1761 475 κακοῦ.

136 495 183 522 καὶ
207 495 266 531 οὐχὶ
288 495 321 531 δὴ
349 495 449 531 μᾶλλον
467 495 548 528 αὐτὸς
566 497 626 528 ταῖς
653 496 694 528 είς
717 495 796 523 τοῦτο
821 496 914 530 σαφῶς
931 497 1059 533 ἐφίστησι
1091 498 1213 534 τρίδοις;
1232 497 1342 529 ὀποῖος
1375 496 1404 523 δὲ
1425 495 1506 522 πάλιν
1520 493 1595 528 αὒτῷ
1614 493 1663 529 τῆς
1683 492 1763 519 κατὰ

134 541 202 568 Θεοῦ
219 541 399 576 συκοφαντίας
412 542 558 578 πεποίηται
573 542 662 577 λόγος,
678 542 743 570 taer
754 542 912 578 ἀναγκαῖον.
935 544 1008 579 Ἔφη
1023 544 1089 580 γὰρ,
1103 544 1166 575 τοὺς
1178 543 1233 570 τῶν
1252 542 1354 569 θυσιῶν
1370 540 1558 577 ἀναμετρῆσαι
1573 538 1704 576 τρόπους.

436 599 611 629 JULIANUS.

169 654 302 684 Caeterum
328 657 362 685 de
386 657 551 686 Averruncis
579 658 641 686 audi
666 658 731 694 quid
745 658 839 686 dicat:
857 667 867 685 α
886 659 920 686 Et

135 701 248 736 accipiet
260 701 327 729 duos
339 701 399 729 illos
414 702 503 730 hircos
522 709 556 730 ex
580 703 666 738 captis
689 711 737 737 pro
752 708 881 738 peccato,
893 707 920 731 ct

136 747 249 774 arietem
266 754 349 774 unum
365 748 392 775 in
409 747 606 781 holocaustum.
620 753 648 776 et
663 748 756 777 oﬂ‘eret
773 749 863 777 Aaron
877 749 919 776 vi-

137 791 219 818 tulum
237 791 282 827 qui
294 799 343 827 pro
359 797 481 827 peccato.
495 793 542 828 qui
556 800 604 828 pro
622 800 661 826 se,
682 798 709 821 et
729 793 853 822 exorabit
871 801 920 829 pro

136 845 166 864 se
180 842 207 864 et
219 844 267 872 pro
282 838 361 866 domo
377 847 437 866 sua.
456 839 490 866 Et
514 843 636 867 assumet
658 839 727 867 duos
744 840 803 867 illos
818 840 920 873 hircos,

135 887 163 909 et
175 886 276 910 statuet
292 891 339 911 eos
355 879 445 912 coram
466 884 579 913 Domino
594 885 664 921 apud
677 886 775 913 ostium
795 887 920 914 taberna-

136 927 189 955 (ιιιΙί
202 929 358 956 testimonii.
382 930 416 957 Et
430 929 548 964 imponet
569 931 658 958 Aaron
685 938 766 966 super
782 932 849 959 duos
864 932 920 959 hir-

136 980 183 1000 cos
197 977 296 1006 sortes,
312 979 412 1002 sortem
431 983 511 1002 unam
528 976 656 1008 Domino,
671 981 698 1004 et
719 982 820 1004 sortem
838 985 919 1004 unam

135 1020 287 1054 emissario,
303 1024 331 1048 ut
344 1022 447 1049 emittat
464 1029 524 1049 eum
540 1022 567 1049 in
581 1023 766 1056 emissionem,
780 1022 879 1058 inquit,
893 1027 920 1051 et

136 1065 253 1093 dimittat
272 1067 381 1101 cumin
401 1068 538 1096 desertum
551 1068 585 1097 ".
602 1078 612 1095 ι
640 1069 691 1103 Qui
716 1076 781 1105 ergo
805 1069 922 1097 mittitur

136 1111 288 1145 emissario,
308 1112 336 1139 in
363 1113 434 1141 hunc
458 1115 566 1142 modum
588 1114 741 1142 dimittitur.
774 1123 784 1140 ι
799 1115 920 1142 Alterum

136 1160 226 1182 autem
242 1156 345 1184 hircum
357 1177 365 1190 ,
380 1157 484 1193 inquit,
500 1159 582 1187 etiam
601 1159 747 1195 jugulabit,
766 1159 869 1187 hircum
889 1158 921 1186 il-

136 1200 202 1234 lum,
217 1202 262 1236 qui
277 1210 324 1237 pro
338 1209 447 1238 peccato
461 1205 561 1240 populi,
579 1214 669 1234 coram
690 1206 822 1239 Domino;
836 1210 863 1233 et
879 1205 920 1234 in-

135 1245 203 1273 feret
229 1247 262 1274 de
290 1249 422 1284 sanguine
450 1249 508 1284 ejus
525 1251 597 1278 intra
620 1251 718 1284 velum,
745 1255 772 1279 et
798 1255 922 1286 asperget

135 1292 294 1326 sanguinem
320 1301 402 1329 super
425 1295 511 1324 basim
541 1296 647 1331 altaris,
671 1300 699 1324 et
726 1295 848 1324 exorabit
874 1303 923 1331 pro

135 1338 237 1365 sanctis
266 1339 300 1366 ab
329 1339 508 1369 immunditiis
534 1341 650 1370 ﬁliorum
673 1342 767 1375 lsrael,
788 1346 815 1369 et
834 1341 867 1369 ab
883 1341 925 1368 in-

135 1377 246 1413 )tstitiis
265 1391 370 1418 eorum,
395 1394 443 1421 pro
461 1387 587 1416 omnibus
611 1388 730 1423 peccatis
753 1394 846 1415 eorum
860 1387 894 1414 ".
913 1395 922 1413 ι

136 1427 190 1454 ἀπὺ
211 1429 266 1455 τῶν
290 1431 446 1468 καθαρσιῶν
468 1433 523 1460 τῶν
550 1433 616 1460 υἱῶν
643 1432 770 1469 Ἰσραὴλ,
795 1432 845 1460 καὶ
867 1432 922 1460 ἀπὸ

137 1474 236 1503 αὐτῶν.

442 1538 625 1568 CYRILLUS.

172 1589 357 1619 Averruncum
383 1593 474 1628 igitur,
493 1595 665 1624 emissarium
691 1596 766 1624 illum
790 1597 922 1630 nominat,

138 1634 158 1661 2':
169 1639 248 1663 vento
260 1644 329 1664 novo
342 1639 451 1668 nomine
463 1640 547 1668 sacris
559 1641 664 1676 legibus
675 1642 777 1677 ignoto,
793 1643 840 1670 sed
854 1643 924 1670 forte

138 1680 189 1707 tibi
205 1680 343 1710 familiari.
359 1683 434 1717 Quod
453 1686 562 1720 quidem
577 1687 670 1715 mirari
693 1688 758 1716 mihi
772 1689 855 1716 subit.
873 1688 923 1716 Le-

139 1733 198 1760 LVIII
219 1729 301 1761 enim,
319 1736 379 1763 quas
395 1729 422 1757 in
447 1731 551 1759 umbris
566 1738 691 1760 versatur
712 1739 740 1761 et
761 1733 923 1769 aenigmatis.

139 1771 166 1798 in
181 1771 245 1800 solis
258 1775 349 1809 utique
363 1775 469 1804 haerens
482 1777 654 1810 clarioribus,
669 1779 780 1806 obscuri
797 1779 862 1806 nihil
878 1779 925 1806 ba-

139 1816 204 1845 bcte
213 1823 298 1854 putat.
313 1820 472 1855 Quanquam
485 1823 585 1850 nemini
597 1828 671 1852 certe
687 1832 738 1852 non
751 1824 924 1852 manifestum

139 1869 192 1899 est,
220 1867 374 1900 parabolam
401 1872 429 1896 et
456 1869 569 1905 aenigma
596 1870 666 1898 aliud
689 1871 819 1906 praeferre
841 1879 924 1906 quam

140 1912 210 1945 quod
224 1912 338 1947 ipsamet
357 1921 417 1942 esse
434 1915 592 1943 credantur.
608 1916 728 1951 Exempli
751 1917 838 1951 gratia
850 1918 925 1952 (pro-

139 1956 314 1991 grediendum
341 1958 414 1986 enim
441 1959 518 1988 nobis
542 1967 648 1995 quoque
673 1965 716 1988 est
740 1967 788 1996 per
805 1968 852 1989 eas
868 1968 923 1993 res.

139 2009 200 2035 qn:e
214 2009 266 2029 non
284 2003 410 2030 mediocri
424 2008 486 2031 sunt
499 2005 569 2039 apud
586 2004 659 2033 illum
678 2005 705 2033 in
723 2006 923 2042 admiratione).

140 2047 216 2075 aiunt
230 2047 312 2076 fuisse
327 2048 397 2077 inter
411 2049 541 2077 idolorum
558 2050 686 2083 cultores,
696 2052 867 2086 amigmatum
881 2059 926 2080 ar-

141 2092 244 2127 tiﬁces;
260 2093 381 2129 adeoque
397 2094 422 2122 in
441 2095 474 2122 iis
496 2095 628 2130 lingendis
643 2096 772 2131 singulari
794 2097 923 2125 industria

139 2142 168 2164 et
180 2142 238 2166 arte
249 2139 387 2173 praeditos,
406 2148 475 2175 quos
494 2141 573 2176 vulgo
593 2142 770 2170 nominabant
791 2143 925 2179 hierogly-

140 2184 218 2219 phos.
233 2184 265 2212 Hi
279 2184 306 2212 in
325 2186 431 2221 templis
445 2191 472 2214 et
493 2187 617 2215 obeliscis
638 2187 741 2215 litteras
764 2188 922 2221 incidentes.

141 2229 243 2263 nostris
257 2238 310 2258 non
323 2232 478 2265 utebantur,
493 2232 540 2260 sed
552 2234 610 2261 aliis
625 2234 718 2269 figuris
734 2242 823 2262 rerum
844 2239 924 2263 natu-

141 2283 185 2303 ras
197 2275 370 2305 eﬂ'ormantes
387 2278 539 2306 abstrusam
562 2282 705 2314 quamdam
723 2281 863 2308 scientiam
881 2290 926 2309 sa-

140 2322 320 2356 pientioribus
334 2323 503 2358 ingerebant.
525 2324 590 2352 Nam
611 2332 673 2352 cum
697 2325 792 2357 Deum.
807 2327 864 2354 sive
881 2335 926 2355 su-

141 2375 262 2402 premam
278 2373 306 2396 et
319 2370 410 2397 omnia
424 2375 629 2405 exsuperantem
644 2372 717 2399 illam
738 2377 872 2406 naturam,
888 2373 926 2401 si-

140 2413 268 2447 gniﬁcare
281 2414 362 2449 300
374 2415 477 2448 volunt,
494 2415 606 2450 pingunt
624 2416 742 2449 oculum,
760 2417 803 2445 cui
824 2422 925 2445 rectam

141 2460 242 2494 virgam
260 2461 396 2494 subdunt;
416 2466 446 2488 ut
465 2461 558 2489 cadent
584 2469 665 2497 opera
686 2462 852 2497 intelligatur
866 2463 924 2497 ejus

140 2504 230 2532 omnia
254 2505 373 2533 intuendi
395 2505 446 2537 vis.
470 2511 551 2541 atque
572 2507 639 2534 adeo
663 2506 762 2541 regalis
786 2507 923 2542 maiestas.

141 2549 282 2584 Sceptrum
296 2551 367 2578 enim
391 2551 627 2586 regnisymbolum
651 2551 706 2579 fere
728 2559 836 2587 semper
860 2557 922 2580 est:

141 2601 169 2622 et
181 2601 270 2623 erecta
289 2596 363 2631 virga
379 2597 515 2630 signiﬁcat
534 2602 659 2625 naturam
682 2597 800 2625 divinam
824 2597 923 2625 inﬂecti

142 2641 216 2669 nullo
230 2643 308 2670 modo
321 2650 409 2677 posse,
424 2645 471 2671 sed
487 2645 684 2678 quodammodo
698 2648 799 2672 rectam
816 2651 924 2677 semper

141 2694 211 2721 esse,
231 2692 259 2715 et
274 2688 365 2716 omnia
383 2689 466 2717 veluti
486 2694 638 2718 sustentare
655 2697 687 2717 ac
704 2689 822 2717 ﬁrmare.
840 2689 924 2722 Quin-

141 2732 222 2759 etiam
237 2733 368 2768 aspidem,
386 2738 416 2762 ut
424 2734 520 2762 celum
537 2734 687 2770 designent,
705 2734 815 2769 pingere
830 2734 924 2762 dicun—

1264 599 1460 628 ῙΟΥΔΙΔΝΟΣ.

1011 658 1097 695 Ὑπὲρ
1109 658 1137 686 δὲ
1150 657 1344 694 ἀποτροπαίων
1352 656 1507 684 ἐπάκουσον
1517 654 1599 682 πάλιν
1611 653 1662 681 ὅσα
1669 651 1762 686 λέγει’

974 716 984 732 ι
1003 705 1187 741 Καὶ.λήψεται
1203 704 1250 731 δύο
1267 703 1386 739 τράγους
1405 702 1434 735 ἐξ
1455 700 1558 736 αἰγῶν,
1584 699 1650 735 περὶ
1664 698 1762 734 ἁμαρ-

971 752 1043 784 τίας,
1057 752 1105 778 καὶ
1118 751 1194 786 κριὸν
1208 750 1256 777 ἕνα
1269 749 1310 781 είς
1323 747 1515 783 όλοκαύτωμαο
1528 746 1575 774 καὶ⁵
1589 745 1726 782 προσάξει
1744 743 1762 769 ὁ

978 795 1083 832 Ἀαρὼν
1096 795 1142 822 τὸν
1155 795 1256 831 μόσχον
1267 794 1314 820 τὺν
1331 793 1396 829 περὶ
1406 793 1456 828 τῆς
1470 791 1616 827 ἁμαρτίας,
1631 789 1677 816 τδν
1691 786 1762 823 περὶ

937 832 958 860 Β
972 842 1083 875 ἑαυτοῦ,
1105 842 1153 869 καὶ
1168 841 1321 873 ὲξιλὰσεται
1335 839 1400 875 περὶ
1422 838 1530 869 ἑαυτοῦ,
1546 837 1594 865 καὶ
1609 835 1657 863 τοῦ
1679 834 1760 862 οῐκου

972 887 1065 916 αὑτοῦ.
1080 887 1134 914 Καὶ
1145 886 1260 921 λήψεται
1276 884 1323 912 δύο
1336 883 1464 920 τράγους,
1487 883 1535 910 καὶ
1549 881 1642 916 στήσει
1657 879 1761 909 αὐτοὺς

971 933 1060 960 ἔναντι
1077 931 1180 968 Κυρίου
1194 930 1270 966 παρὰ
1281 929 1331 966 τὴν
1346 929 1432 965 θύραν
1444 928 1495 963 τῆς
1510 926 1612 962 σκηνῆς
1625 924 1672 952 τοῦ
1687 932 1762 960 μαρ-

971 978 1076 1014 τυρίου.
1089 977 1145 1005 Καὶ
1164 976 1290 1012 ἐπιθήσει
1310 973 1416 1011 Ἀαρὼν
1436 974 1482 1001 ἐπὶ
1495 973 1559 1005 τοὺς
1572 972 1619 998 δύο
1637 971 1760 1006 τράγους

970 1023 1097 1058 κλήρους,
1113 1021 1214 1057 κλῆρον
1227 1020 1276 1047 ἕνα
1289 1019 1328 1054 τῷ
1340 1019 1447 1055 Κυρίῳ,
1462 1018 1509 1045 καὶ
1536 1017 1636 1053 κλῆρον
1650 1015 1699 1043 ἕνα
1717 1014 1760 1049 τῷ

970 1066 1168 1103 άποπομπαίῳ,
1190 1065 1260 1093 ὥστε
1285 1065 1425 1101 ἐκπέμψαι
1453 1063 1545 1096 αὺτδν,
1569 1062 1662 1098 φησὶν,
1688 1061 1758 1088 ἀπο-

970 1113 1095 1149 πομπὴν,
1112 1113 1160 1140 κα)⁸
1175 1112 1284 1147 ἀφεῖναι
1298 1111 1379 1139 αὑτὸν
1393 1111 1433 1143 εις
1449 1110 1499 1145 τὴν
1516 1109 1629 1145 ἔρημον.
1641 1117 1651 1135 s
1661 1108 1690 1135 '0
1706 1107 1759 1142 μὲν

970 1157 1017 1186 οὖν
1030 1158 1068 1194 τῷ
1081 1157 1268 1193 ἀποπομπσίῳ
1279 1156 1464 1193 πεμπόμενος,
1475 1155 1561 1187 οὕτως
1572 1154 1758 1188 ἐκπέμπεται·

974 1212 984 1230 ι
1002 1203 1054 1230 Τὸν
1071 1203 1100 1230 δέ
1121 1211 1153 1238 γε
1167 1203 1260 1239 ἅτερον
1274 1202 1388 1238 τράγον,
1408 1202 1487 1237 φησὶ,
1511 1200 1558 1227 καὶ
1582 1199 1679 1234 σφάξει
1712 1198 1760 1225 τὸν

972 1248 1072 1285 τράγον
1093 1248 1139 1275 τὸν
1164 1248 1228 1284 περὶ
1241 1248 1292 1283 τῆς
1309 1247 1446 1283 ἁμαρτίας
1457 1245 1505 1274 τοῦ
1520 1245 1585 1272 λαοῦ
1596 1245 1687 1272 Εναντι
1700 1245 1761 1271 Κυ-

976 1294 1044 1330 ρίου·
1068 1295 1114 1322 καὶ
1129 1294 1240 1321 εἰσοίσει
1255 1293 1303 1321 τοῦ
1324 1293 1439 1329 αἵματος
1455 1291 1539 1319 αὐτοῦ
1556 1290 1690 1326 ἐσώτερον
1709 1288 1758 1316 τοῦ

975 1340 1230 1376 καταπετάσματος,
1246 1340 1293 1366 καὶ
1307 1339 1383 1374 ῥα.νεῖ
1403 1337 1434 1365 τὸ
1454 1335 1524 1372 αἷμα
1539 1337 1585 1363 ἐπὶ
1605 1336 1654 1370 τὴν
1677 1334 1758 1369 βάσιν

977 1385 1024 1412 τοῦ
1055 1384 1258 1420 θυσιαστηρίου,
1281 1384 1330 1410 καὶ
1354 1381 1507 1416 ἑξιλάσεται
1525 1382 1573 1408 ἐπὶ
1594 1380 1650 1407 τῶν
1672 1379 1761 1414 ἁγίων

957 1431 1012 1459 τῶν
1029 1430 1206 1467 ἀδικημάτων
1237 1429 1326 1457 αὐτῶν
1341 1429 1406 1465 περὶ
1427 1428 1522 1455 πασῶν
1543 1426 1598 1453 τῶν
1618 1423 1760 1460 ἁμαρτιῶν

937 1541 960 1572 α
1274 1535 1460 1565 ΚΥΡΙΔΔΟΣ.

1015 1594 1208 1630 ’Δποτρόπαιον
1224 1593 1274 1629 μὲν
1284 1591 1330 1620 οὖν
1346 1592 1392 1619 τὸν
1408 1591 1601 1626 ἀποπομπαῖον
1613 1587 1759 1620 ἀποκαλεῖ,

973 1640 1173 1676 καινοτομήσας
1198 1638 1284 1673 δνομα
1312 1638 1370 1669 τοῖς
1398 1637 1447 1672 μὲν
1475 1636 1557 1671 ἱεροῖς
1589 1634 1682 1670 νόμοις
1708 1633 1760 1660 οὑκ

973 1686 1160 1721 ἐγνωσμένον,
1173 1684 1294 1721 ἑντριδὲς
1310 1684 1340 1711 δὲ
1356 1684 1421 1715 ἴσως
1441 1681 1540 1718 ἐαυτῷ.
1555 1681 1610 1709 Καί
1626 1689 1671 1716 μοι
1691 1679 1758 1706 θαυ-

978 1733 1074 1768 μάζειν
1099 1732 1187 1759 ἐκεῖνο
1206 1730 1339 1767 περίεστι.
1362 1729 1414 1756 Τὺν
1435 1729 1490 1764 γάρ
1509 1737 1550 1755 τοι
1564 1727 1646 1762 νόμον
1664 1726 1710 1753 τὸν
1728 1725 1758 1752 ἐν

977 1779 1067 1810 σκιαῖς
1084 1777 1149 1804 ὄντα
1161 1776 1210 1804 καὶ
1221 1776 1250 1803 ὲν
1262 1775 1413 1811 αίνίγμασι.
1431 1775 1512 1810 μέχρι
1524 1773 1556 1809 δὴ
1572 1774 1663 1809 μόνων
1683 1771 1759 1803 ίστάς

973 1825 1029 1852 τῶν
1044 1823 1265 1860 ὲμφανεστέρων,
1281 1822 1358 1849 οὐδὲν
1372 1821 1444 1857 ἔχειν
1455 1821 1540 1848 οῐεται
1552 1820 1582 1847 τὸ
1601 1817 1759 1855 κεκρυμμέ-

973 1879 1029 1899 νον.
1064 1869 1160 1896 Καίτοι
1184 1868 1264 1896 παντί
1290 1876 1341 1895 που
1362 1868 1440 1903 δῆλον
1461 1867 1494 1894 ἂν
1511 1867 1554 1901 εῐη
1567 1863 1702 1902 δήπουθεν
1721 1863 1759 1894 ὡς

973 1915 1114 1952 παραὸολὴ
1126 1915 1173 1942 καὶ
1183 1915 1297 1950 αῐνιγμα
1309 1913 1482 1950 πραγμάτων
1508 1911 1541 1940 ἂν
1555 1909 1611 1938 εἶεν
1625 1910 1758 1946 ἐμφάσεις

974 1961 1073 1997 ἑτέρων
1093 1960 1233 1997 μᾶλλον,ἢ
1249 1960 1317 1996 ὅπερ
1341 1959 1375 1986 ἂν
1389 1957 1458 1985 εἶναι
1479 1957 1582 1986 δοκοῖεν
1597 1955 1677 1984 αὐτά.
1697 1952 1758 1982 Οἷον

973 2007 1002 2034 δὲ.
1015 2007 1042 2034 τί
1060 2014 1148 2042 φημι·
1176 2005 1246 2033 ίτέον
1262 2005 1316 2041 γὰρ
1337 2005 1370 2040 δὴ
1386 2005 1431 2032 καὶ
1454 2004 1500 2031 διὰ
1521 2002 1691 2039 πραγμάτων
1709 2000 1759 2027 οὐκ

974 2052 1150 2088 ἀθαύμαστον
1172 2052 1238 2088 παρ’
1259 2051 1335 2087 αὐτῷ
1358 2050 1495 2086 λαχόντων
1512 2049 1560 2086 τὴν
1573 2048 1670 2082 δόξαν
1691 2048 1758 2082 φασὶ

974 2097 1100 2132 γενέσθαι
1112 2097 1167 2124 τῶν
1180 2099 1237 2129 τοῖς
1248 2096 1368 2129 εἰδώλοις
1392 2094 1611 2130 λελατρευκότων
1630 2094 1758 2128 αἰνιγμά-

973 2152 1028 2170 των
1040 2144 1174 2179 τεχνίτας,
1185 2144 1233 2170 καὶ
1247 2142 1316 2178 πρός
1327 2151 1360 2177 γε
1374 2142 1452 2169 τοῦτο
1465 2140 1558 2172 δεινῶς
1567 2141 1614 2167 καὶ
1624 2139 1756 2175 ὲντεχνῶς

941 2212 962 2240 D
975 2189 1177 2224 ἐξησκημένους
1188 2211 1211 2240 ,ν
1225 2188 1271 2220 οὓς
1291 2188 1324 2223 δὴ
1346 2188 1394 2215 καὶ
1413 2186 1591 2240 ίερογλύφους
1611 2185 1756 2240 όνομάςειν

977 2234 1037 2267 ἔθος
1052 2235 1153 2266 αὐτοῖς.
1176 2231 1255 2262 Οὗτοι
1277 2235 1333 2265 τοῖς
1356 2233 1482 2268 τεμένεσι
1512 2231 1560 2259 καὶ
1579 2232 1636 2263 τοῖς
1655 2230 1756 2262 ὀϐελοῖς

978 2280 1087 2316 γραφὰς
1107 2279 1316 2316 ὲνορὺττοντες,
1338 2279 1369 2305 οὐ
1394 2278 1540 2314 γράμμασι
1564 2276 1683 2312 χρῆσθαι
1704 2277 1756 2307 τοῖς

977 2326 1040 2353 καθ’
1064 2326 1137 2362 ἡμᾶς
1157 2325 1260 2361 ἠξίουν,
1285 2324 1342 2352 ἀλλ’
1362 2324 1465 2360 ἑτέροις
1490 2323 1610 2358 σχήμασι
1631 2321 1681 2354 τὰς
1705 2321 1756 2347 τῶν

978 2371 1149 2408 πραγμάτων
1174 2369 1369 2401 ιίδοποιοῦντες
1394 2370 1506 2404 φύσεις,
1531 2367 1664 2395 ἀπόθετόν
1695 2375 1753 2393 τινα

978 2417 1034 2449 τοῖς
1058 2415 1274 2451 νουνεχεστέροις
1287 2413 1452 2450 ὲνεσώρευον
1472 2413 1575 2448 ινῶσιν.
1590 2413 1628 2439 Τὸ
1645 2411 1700 2447 γάρ
1717 2420 1756 2438 τοι

976 2463 1052 2490 Θεϊον
1066 2462 1126 2497 ἢτοι
1137 2461 1186 2497 τὴν
1196 2461 1326 2489 ἀνωτάτω
1337 2461 1384 2488 καὶ
1393 2460 1464 2496 ὑπὲρ
1476 2459 1564 2486 πάντα
1578 2459 1658 2494 φύσιν
1673 2468 1754 2486 καταο

976 2506 1073 2542 δηλοῦν
1091 2506 1229 2538 ἐθέλοντες
1244 2506 1396 2542 γράφουσιν
1413 2504 1562 2540 ὀφθαλμὸν,
1587 2504 1671 2540 ὀρθὴν
1686 2504 1756 2539 αὐτῷ

977 2553 1073 2589 ῥάϐδον
1096 2552 1314 2587 ὑποστήσαντες,
1338 2552 1372 2578 iv‘
1391 2552 1420 2578 ὲν
1437 2551 1527 2586 ταύτῷ
1548 2550 1642 2586 νοῆται
1663 2550 1710 2577 καὶ
1729 2551 1756 2577 τὸ

976 2596 1123 2632 πανδερκὲς
1148 2596 1249 2630 αὐτῆς,
1275 2596 1322 2623 καὶ
1341 2596 1395 2631 μὴν
1418 2595 1450 2622 τὸ
1475 2594 1613 2630 βασιλικὸν
1637 2594 1753 2630 ἀξίωμα.

983 2643 1039 2670 Ἀεὶ
1053 2643 1106 2678 γάρ
1125 2651 1182 2674 πως
1198 2642 1228 2669 τὸ
1250 2642 1388 2678 σκῆπτρον
1411 2641 1549 2676 βασιλείας
1569 2641 1670 2667 νοεῖται
1692 2640 1756 2675 σύμ-

977 2689 1053 2716 ϐολον
1064 2709 1072 2722 ,
1088 2689 1136 2716 καὶ
1150 2689 1204 2724 μὴν
1221 2688 1268 2715 καὶ
1283 2687 1314 2715 τὸ
1327 2687 1440 2722 ἑστηκὸς
1458 2687 1507 2722 τῆς
1524 2686 1622 2722 ῥάϐδου
1644 2694 1756 2720 καταση-

978 2734 1085 2770 μαίνειν
1107 2733 1202 2770 ἤθελον
1224 2733 1254 2761 τὸ
1281 2732 1339 2761 κατ’
1361 2731 1459 2760 οὐδένα
1479 2732 1580 2768 τρόπον
1603 2731 1653 2767 τὴν
1684 2730 1754 2758 θείαν

178 2810 200 2825 ³⁷
222 2809 305 2838 Exod.
326 2818 391 2844 nu,
411 2810 455 2838 20.
492 2812 514 2828 "
534 2811 620 2839 chit.
635 2819 688 2845 xw,
709 2811 786 2839 5-10.
825 2812 846 2828 ’⁸
861 2811 922 2839 ibid.

979 2831 986 2845 ,
1005 2811 1046 2839 l6.
