1894 3056
112 156 162 183 961

674 153 816 182 CONTRA
835 152 1008 182 JULIANUM
1026 153 1091 183 LIB.
1111 154 1158 184 IX.

1690 159 1743 186 962

111 213 245 241 ὀκλάσθαι
261 190 393 241 δύνασθαι
407 212 498 248 φύσιν,
512 211 623 240 ἑστάναι
636 212 666 240 δὲ
679 212 773 248 ὥσπερ
786 212 840 246 ἀεὶ,
849 211 898 239 καὶ

967 220 1006 245 ιτ,
1021 217 1163 248 propterea
1183 212 1254 248 quod
1270 213 1296 240 in
1314 220 1409 248 gyrum
1425 212 1552 240 volvitur.
1570 212 1741 249 Serpentem,

111 257 170 287 οἷον
186 259 293 295 ἀνέχειν
307 268 336 286 τε
351 260 399 287 καὶ
415 258 562 294 ἀνερείδειν
583 259 618 286 τὰ
633 258 734 286 πάντα.
750 258 828 294 Ἔχει
842 258 870 285 δὲ
885 258 899 284 ό

112 305 211 339 λόγος,
234 305 404 340 ἀναγράφειν
418 304 516 336 αὐτοὺς
537 304 639 331 ἀσπίδα
658 304 707 339 μὲν
730 304 771 336 εἰς
785 303 900 339 οὐρανοῦ

113 349 211 381 τύπον.
238 348 282 377 διά
306 358 348 376 τοι
369 349 401 376 τὸ
420 349 598 387 κυκλοφερές.
619 350 699 384 ὐφιν
725 357 758 383 γε
782 349 836 385 μὴν
860 350 901 381 εἰς

115 394 223 430 χρόνον,
233 395 271 427 ὡς
288 395 392 431 μακρόν
406 403 436 422 τε
450 395 499 422 καὶ
515 394 699 427 πολυέλικτον,
715 395 860 430 διέρποντα
872 395 900 421 δὲ

116 439 247 476 ἀψοφητί.
264 440 318 466 Καὶ
334 439 387 475 μὴν
402 440 449 467 καὶ
464 439 550 476 Θυμὸν
562 439 770 476 αἰνιγματωδῶς
784 440 901 475 ὑποφαί-

115 494 208 518 νοντες
228 485 407 513 ὲνεκόλαπτον
428 485 563 521 ἐσχάραν,
580 486 754 518 ὲναυσθιντος
767 486 837 521 αὐτῇ
850 485 901 516 ,καὶ

116 531 214 567 πυρὸς,
238 529 296 558 εἶτα
322 531 436 567 καρδίας
459 531 663 568 ὲπηρτημένης.
688 531 849 566 Πυθαγόρας
873 531 902 558 δὲ

115 577 167 612 τὴν
191 577 375 613 αἰνιγματώδη
392 577 508 613 δήλωσιν
527 577 577 605 οὐκ
592 577 731 613 ἀτιμάσας
753 577 820 612 ἔχει,
844 576 901 604 ἀλλ’

115 622 152 660 ἦν
169 625 197 651 ὲν
216 624 288 660 λόγῳ
302 624 332 652 τὸ
352 624 447 660 χρῆμα
460 624 545 660 αὐτῷ.
564 624 688 660 Γέγραφε
707 623 761 659 γὰρ
776 623 824 650 ὡδὶ
838 623 902 659 περὶ

115 670 201 698 αὑτοῦ
223 670 376 707 Πορφὺριος
416 671 446 698 ἐν
474 670 568 707 βιϐλίῳ
600 669 700 706 πρώτῳ
732 670 903 705 Φιλοσόφου

117 715 253 750 ιστορίας
264 723 271 730 ’
289 713 345 744 Ἦν
355 715 390 742 δὲ
414 715 462 743 καὶ
477 715 555 742 ἄλλο
570 713 650 748 εἷδος
665 715 725 742 τῶν
742 715 904 750 συμϐόλων

115 762 254 789 τοιοῦτον
272 762 321 789 καί
341 761 378 790 τὰ
392 761 459 796 περὶ
474 761 687 796 Πυθαγορικῶν
705 760 901 796 αἰνιγμάτων⁸

116 805 208 842 ζυτὸν
224 806 268 841 μὴ
287 807 489 841 ὑπερϐαίνειν,
518 806 667 839 τουτέστι,
690 807 734 842 μὴ
759 807 903 834 πλεονεκ-

115 852 197 879 τεῖν.
218 853 261 888 μὴ
273 853 309 880 τὸ
322 852 383 887 πῦρ
404 852 443 888 τῇ
463 853 594 888 μαχαίρᾳ
604 853 755 885 σαλεύειν,
769 851 842 886 ὅπερ
852 849 902 886 ἦν,

114 896 160 932 μὴ
183 897 236 924 τὸν
251 897 432 925 ἀνοιδοῦντα
453 897 505 925 καί
526 897 580 924 τὸν
598 896 786 932 ὀργιζόμενον
807 896 903 931 θυμὸν

117 942 216 970 κινεῖν
232 943 335 978 ,λόγοις
351 942 636 978 παρατεθηγμένοις·
652 942 806 977 στέφανόν
814 950 848 969 τε
858 941 901 977 μὴ

118 989 246 1022 τίλλειν,
260 988 410 1022 τοὺτέστι,
425 989 497 1022 τοὺς
508 989 621 1023 νόμους
632 988 675 1023 μὴ
691 989 901 1024 λυμαίνεσθαν

117 1034 264 1069 στέφανοι
281 1035 336 1070 γὰρ
345 1035 465 1062 ,πόλεων
480 1032 572 1063 οὗτοι.
589 1035 687 1062 Ἄλλο
701 1041 735 1061 τε
746 1035 821 1069 πρὸς
833 1034 902 1061 τού-

117 1088 182 1113 τοις
192 1080 294 1114 ἕτερα·
307 1080 351 1115 μὴ
365 1081 491 1115 καρδίαν
504 1081 627 1113 ἐσθίειν,
645 1078 720 1113 οἷον,
734 1080 778 1116 μὴ
792 1079 904 1107 λυπεῖν

117 1125 229 1153 ἑαυτὸν
252 1126 368 1159 ἀνίαις·
387 1126 464 1161 μηδὲ
486 1126 537 1153 ἐπὶ
561 1127 696 1161 χοίνικος
719 1126 902 1159 καθέζεσθαι,

118 1170 195 1204 οἷον,
211 1171 254 1206 μὴ
272 1172 366 1207 ἀργὸν
377 1171 445 1206 ζῇνο
467 1171 544 1207 μηδὲ
559 1172 719 1206 χελιδόνας
732 1172 839 1205 οἰκίαις
857 1171 904 1198 δέ·

119 1219 238 1252 χεσθαι,
259 1217 411 1251 τουτέστι,
433 1217 550 1250 λάλους
561 1217 736 1252 ἀνθρώπους
750 1218 800 1244 καί
811 1216 904 1253 γλῶτ-

119 1270 178 1289 ταν
199 1261 338 1297 ἀκρατεῖς
351 1263 530 1298 ὁμοροφίους
541 1262 583 1298 μὴ
600 1262 749 1291 ποιεῖσθαι
760 1271 768 1279 ·
782 1264 905 1299 φορτίον

118 1307 155 1334 δὲ
171 1307 403 1335 συνανατιθέναι
413 1307 473 1343 μὲν
489 1308 553 1341 τοῖς
572 1307 760 1341 ,βαστάζουσι
770 1329 777 1342 ,
791 1317 904 1344 συγκα-

119 1353 235 1387 θαιρεῖν
250 1353 285 1380 δὲ
298 1353 354 1388 μὴ,
365 1353 403 1380 δι’
415 1351 452 1382 οὗ
466 1353 593 1389 «apthas
605 1354 626 1385 ',
642 1354 751 1388 μηδενὶ
763 1355 838 1389 πρὸς
848 1356 904 1389 15a-

119 1399 252 1433 στώνην,
262 1398 343 1427 ἀλλὰ
358 1399 433 1434 πρὸς
447 1399 559 1435 ἀρετὴν
569 1400 616 1426 καὶ
630 1402 742 1434 πόνους
752 1401 906 1436 συμπράτ-

120 1453 195 1472 τειν.
216 1445 297 1472 Θεῶν
306 1453 339 1472 τε
351 1446 471 1479 εἰκόνας
489 1445 524 1473 ἐν
545 1446 717 1478 δακτυλίοις
731 1446 774 1481 μὴ
791 1447 904 1482 φορεῖν,

120 1490 278 1523 τουτέστι,
297 1491 354 1526 τὴν
372 1490 438 1525 περὶ
459 1490 534 1519 θεῶν
560 1491 653 1523 διτξίιν
678 1492 727 1519 καὶ
749 1493 843 1527 λόγον
860 1493 904 1528 μὴ

950 263 980 286 ut
992 263 1117 292 tempus;
1129 259 1257 293 quoniam
1273 259 1379 295 longmn
1393 264 1421 286 et
1432 258 1549 286 volubile
1564 263 1618 292 est,
1635 266 1667 287 ac
1684 261 1743 288 sine

950 303 1064 338 strepitu
1083 303 1179 336 serpit.
1200 303 1334 331 Praeterea
1350 304 1423 331 iram
1444 303 1614 338 mnigmatlce
1636 304 1742 339 signiﬁ-

950 353 1043 377 cantes
1068 349 1254 383 insculpebant
1277 348 1450 381 craticulam.
1477 349 1505 376 in
1533 356 1586 384 qua
1609 357 1742 378 accensus

950 400 1009 422 erat
1024 395 1102 430 ignis,
1124 395 1207 422 corde
1231 401 1349 430 appenso
1376 394 1544 430 Pythagoras
1568 400 1657 422 autem
1677 396 1742 423 aani-

951 445 1070 476 gmatum
1095 447 1203 468 sensum
1231 448 1284 468 non
1311 441 1485 476 contempsit,
1505 441 1550 469 sed
1578 449 1636 468 rem
1663 441 1742 469 istam

952 487 1039 521 magni
1054 485 1127 514 fecit.
1143 486 1195 514 Sic
1213 487 1288 514 enim
1307 487 1341 515 de
1363 487 1409 514 illo
1428 487 1593 522 Porphyrius
1614 487 1641 515 in
1656 487 1742 515 histo-

952 532 999 559 riae
1022 532 1214 567 philosophica
1239 532 1308 561 libro
1330 533 1440 568 primo:
1471 533 1536 560 Erat
1562 537 1650 560 autem
1667 529 1742 562 aliud

952 585 1052 612 quoque
1066 578 1242 613 symbolorum
1256 587 1337 613 genus
1353 579 1513 612 istiusmodi,
1529 583 1553 606 et
1566 587 1624 614 quit
1641 579 1743 615 Pytha-

954 623 1049 659 goricis
1063 625 1212 658 wnigmalis
1224 625 1345 660 feruntur
1358 632 1369 652 :
1383 629 1510 652 stateram
1522 633 1573 652 non
1590 633 1645 652 esse
1655 631 1743 653 trans-

952 669 1067 700 iendam,
1083 670 1131 696 hoc
1154 674 1202 703 est,
1219 669 1305 697 aliena
1323 677 1374 697 non
1395 670 1564 702 invadenda;
1580 670 1665 705 ignem
1684 672 1742 706 gla-

952 714 996 741 dio
1012 721 1064 740 non
1078 713 1242 748 fodiendum,
1258 715 1285 741 id
1303 718 1351 747 est,
1366 714 1485 742 animant
1509 714 1694 741 exacerbatum
1716 720 1740 741 ιι

952 757 1050 786 iratum
1063 759 1163 793 asperis
1176 760 1258 787 verbis
1275 769 1327 787 non
1347 768 1404 787 esse
1420 760 1631 787 commovendum
1643 768 1654 793 ;
1667 767 1742 786 coro-

953 813 1014 834 nam
1029 813 1080 833 non
1094 813 1149 832 esse
1161 804 1343 837 vellicandam.
1358 805 1406 831 hoc
1422 809 1471 837 est,
1487 805 1553 839 leges
1573 812 1625 831 non
1641 804 1742 831 violan-

954 853 1014 884 da),
1032 859 1092 878 nam
1111 851 1153 878 lue
1167 850 1303 877 ciuitatum
1321 855 1381 877 sunt
1394 858 1507 877 corona.
1525 850 1564 876 Ad
1579 850 1634 877 [ιιι-ο
1648 854 1673 877 et
1687 850 1742 877 alia

952 897 1072 933 qua'dam
1085 905 1095 924 :
1108 896 1161 924 Cor
1181 903 1212 923 ne
1234 895 1313 928 edito,
1334 903 1365 922 ne
1389 899 1414 922 te
1437 895 1570 922 doloribus
1585 903 1689 930 angus;
1710 903 1742 923 ne

952 944 1038 971 sedete
1057 951 1135 977 super
1151 941 1274 972 chwnice.
1297 941 1325 968 id
1352 945 1402 974 est,
1419 949 1450 967 ne
1475 941 1575 968 olioius
1598 941 1669 968 vivas
1681 949 1691 968 :
1711 949 1742 968 ne

952 990 1105 1018 hirundines
1128 989 1157 1016 in
1181 993 1278 1016 tectum
1298 989 1420 1023 accipito,
1435 988 1482 1015 hoc
1503 994 1553 1021 est,
1576 988 1698 1024 loquaces
1717 993 1742 1016 et

952 1035 1101 1070 impotentis
1118 1033 1214 1069 lingula
1238 1033 1355 1060 homines
1373 1032 1570 1060 contubernales
1592 1041 1624 1060 ne
1647 1032 1741 1068 facias.

953 1081 1027 1109 Onus
1044 1085 1131 1108 autem
1155 1088 1208 1107 una
1231 1079 1325 1111 tollito,
1348 1087 1399 1106 non
1421 1078 1501 1106 simul
1528 1079 1670 1115 deponito;
1691 1087 1743 1114 quo

953 1125 1119 1157 admonebat,
1134 1123 1231 1151 nemini
1249 1123 1285 1150 ad
1306 1123 1437 1158 ignaviam
1462 1122 1507 1149 sed
1534 1123 1568 1149 ad
1584 1122 1704 1150 virtutem
1717 1130 1743 1154 ει

953 1171 1056 1199 laboras
1069 1171 1248 1207 praslandum
1263 1178 1378 1204 operam.
1397 1169 1542 1202 Prwlerea,
1557 1170 1665 1197 deorum
1676 1170 1744 1197 ima-

952 1217 1025 1252 gines
1036 1217 1066 1244 in
1081 1216 1186 1244 annalis
1205 1224 1237 1243 ne
1251 1216 1432 1251 circumferas,
1445 1215 1494 1243 hoc
1509 1221 1558 1250 est,
1574 1216 1606 1244 de
1619 1217 1670 1244 diis
1685 1225 1744 1244 sen-

953 1262 1061 1290 tentiam
1075 1267 1099 1290 et
1111 1269 1255 1289 sermonem
1268 1269 1299 1288 ne
1312 1262 1458 1296 promiscue
1470 1261 1565 1289 habeas
1575 1282 1582 1296 ,
1603 1267 1627 1290 et
1644 1263 1670 1289 in
1684 1262 1743 1290 vul-

954 1316 1001 1344 gus
1014 1308 1087 1335 edas.
1102 1309 1142 1334 An
1158 1314 1233 1342 ergo,
1255 1306 1278 1335 si
1299 1306 1360 1342 quis
1383 1307 1409 1334 in
1432 1307 1648 1343 hieroglyphicas
1667 1308 1744 1336 litte-

955 1362 1008 1388 ras,
1021 1359 1068 1382 aut
1081 1354 1224 1388 aenigmata
1237 1353 1427 1390 Pythagorica,
1437 1353 1531 1382 oculos
1547 1354 1705 1390 conjecerit,
1713 1362 1745 1383 ac

955 1400 1023 1427 nihil
1039 1399 1181 1427 admodum
1196 1399 1299 1426 clarum
1313 1399 1339 1426 in
1353 1399 1385 1427 iis
1399 1407 1460 1427 esse
1474 1399 1592 1434 diceret;
1610 1408 1663 1429 non
1676 1408 1744 1429 con-

955 1446 1031 1474 tinuo
1043 1444 1261 1480 indignabundus
1275 1444 1409 1473 exclamet
1425 1445 1458 1479 is,
1480 1445 1524 1480 qui
1544 1445 1690 1475 Mosaicam
1710 1447 1746 1473 le-

955 1500 1014 1529 gem
1029 1492 1056 1520 iu
1071 1491 1160 1520 littera
1176 1491 1233 1519 sola
1254 1490 1333 1519 nobis
1347 1491 1488 1519 constituit
1503 1500 1510 1518 :
1533 1491 1606 1519 Heus
1631 1496 1658 1520 tu
1679 1492 1745 1527 quid

120 1537 292 1571 πρόχειρον,
307 1536 385 1572 μηδὲ
404 1538 536 1572 φανερὸν
552 1538 644 1571 ἔχειν.
666 1537 743 1573 μηδὲ
764 1539 807 1572 εις
828 1540 903 1566 πολ-

967 1538 1033 1574 lgis?
1044 1537 1084 1566 Ne
1098 1538 1169 1566 enim
1186 1537 1220 1565 ad
1243 1544 1275 1565 ea
1293 1537 1350 1565 sola
1367 1545 1427 1573 quae
1443 1537 1586 1565 manifesta
1602 1542 1666 1566 sunt
1684 1539 1746 1566 ani-

120 1582 198 1615 λοὺς
222 1583 403 1618 περιφέρειν.
423 1582 488 1619 'Ap'
511 1581 560 1611 οὖν
583 1584 607 1611 εἰ
629 1585 686 1616 τοῖς
708 1583 904 1619 ἱερογλυφιχοῖς

123 1628 230 1664 ἐνορῴη
243 1637 285 1661 τις
300 1629 470 1665 γράμμασιν,
483 1629 567 1665 ἤγουν
579 1631 634 1662 τοῖς
657 1630 849 1666 Πυθαγορείοις
866 1631 905 1658 αι-

121 1673 261 1709 νίγμασιν,
281 1672 341 1702 εἶτα
353 1675 407 1702 τῶν
427 1675 637 1711 ὲμφανεστέρων
656 1676 732 1703 οὐδὲν
746 1674 816 1703 εἶναι
830 1676 904 1711 λέγοι

121 1719 154 1746 τὸ
178 1720 302 1756 περιττὸν
329 1720 358 1747 ὲν
382 1721 492 1754 αὐτοῖς,
514 1722 565 1748 οὐκ
587 1721 621 1748 ἂν
649 1721 702 1757 ἔφη
731 1721 800 1757 πρὸς
825 1722 906 1749 τοῦτο

122 1765 265 1801 ἀσχάλλων
279 1765 359 1799 εὐθὺς
368 1767 383 1794 ὁ
395 1767 440 1794 τὸν
451 1767 572 1799 Μωσέως
586 1767 667 1803 νόμον
681 1767 761 1803 μέχρι
771 1767 804 1803 δὴ
817 1769 905 1804 μόνων

123 1810 191 1845 ἡμῖν
211 1811 382 1847 γραμμάτων
399 1812 475 1844 tm;
487 1819 494 1827 ⁸
505 1813 544 1843 ,Τί
559 1812 635 1849 δρᾷς,
651 1810 674 1840 ὧ
687 1811 764 1846 οὗτος
775 1822 782 1847 ;
795 1814 842 1850 Μὴ
852 1814 906 1851 γάρ

957 1592 1030 1612 mum
1042 1583 1177 1617 advertas,
1195 1590 1282 1618 neque
1298 1583 1446 1618 ﬁgurarum
1471 1591 1548 1611 usum
1573 1583 1599 1611 in
1626 1584 1688 1612 vitae
1704 1592 1747 1612 re-

958 1631 1008 1658 bus
1023 1630 1167 1657 admodum
1189 1628 1375 1657 ueccssarium
1395 1629 1538 1661 detrahas.
1560 1629 1608 1657 sed
1631 1636 1674 1657 res
1698 1630 1747 1656 ah-

957 1681 1060 1704 etrusas
1075 1675 1175 1710 potius,
1192 1680 1221 1704 et
1233 1682 1265 1702 ea
1288 1682 1347 1710 quae
1362 1681 1411 1709 per
1434 1674 1495 1702 illas
1514 1674 1623 1710 oblique
1642 1675 1748 1710 signiti-

958 1726 1056 1749 eantur
1072 1725 1253 1755 perscrutare.
1276 1719 1411 1754 lntelligat
1432 1720 1514 1755 igitur
1537 1728 1566 1747 se
1588 1720 1690 1748 violare
1709 1721 1748 1748 le-

959 1774 1029 1802 gem.
1042 1766 1155 1802 nisi‘jus
1173 1766 1244 1794 idem
1264 1769 1385 1794 statuere
1407 1765 1487 1801 301
1505 1765 1569 1793 velit
1584 1765 1611 1793 in
1631 1772 1660 1793 se
1676 1766 1748 1801 quod

959 1815 987 1843 in
1002 1814 1079 1843 alios.

123 1865 166 1884 τοι
180 1858 271 1893 μόνοις
285 1858 358 1894 ὲνίης
376 1860 432 1891 τοῖς
447 1859 661 1895 ὲμφανεστέροις
675 1860 721 1886 τὸν
741 1860 814 1893 νοῦν,
837 1861 906 1896 μηδὲ
924 1861 973 1897 τὴν
985 1861 1039 1888 τῶν
1070 1860 1240 1896 αἰνιγμάτων
1266 1859 1406 1895 ἀδικήσεις
1418 1859 1514 1895 χρείαν
1528 1859 1747 1894 ἀναγκαιοτάτην

124 1901 209 1931 οὖσαν
231 1905 287 1936 τοῖς
310 1904 357 1931 τοῦ
380 1904 438 1939 βίου
461 1905 615 1941 πράγμασι,
639 1905 863 1949 πολυπραγμόνει
881 1907 909 1933 δὲ
929 1907 1027 1943 μᾶλλον
1047 1906 1083 1934 τὰ
1112 1905 1303 1949 κεκρυμμένα,
1326 1904 1373 1931 καὶ
1406 1905 1441 1931 τὰ
1463 1905 1496 1931 δι’
1520 1904 1611 1932 αὐτῶν
1626 1902 1656 1931 εὖ
1676 1905 1748 1940 μάλα

125 1949 250 1983 πλαγίως
264 1949 477 1986 ὑποδηλούμενα.
494 1951 576 1977 Ἴστω
588 1950 620 1987 δὴ
634 1948 682 1978 οὖν
692 1951 793 1979 ἀδικῶν
807 1951 852 1979 τὸν
867 1953 958 1988 νόμον,
975 1954 1000 1980 εί
1016 1952 1054 1989 μὴ
1065 1953 1100 1979 τὰ
1115 1953 1161 1979 ῐσα
1177 1952 1285 1987 φρονεῖν
1300 1950 1466 1978 ἐσπούδακεν
1479 1951 1523 1977 ἐπ’
1537 1950 1622 1986 αὐτῷ.

161 1996 200 2023 To
221 1996 274 2032 γάρ
298 2005 340 2023 τοι
364 1996 414 2032 τῆς
441 1997 561 2033 ἱστορίας
584 1997 671 2033 πάχος
701 1998 908 2035 κατισχνοῦντες

127 2041 219 2077 ἡμεῖς,
234 2041 281 2068 καὶ
293 2042 343 2078 τὴν
359 2042 516 2079 ἀπόρρητον
530 2043 584 2070 τῶν
601 2043 710 2071 ἐννοιῶν
727 2045 907 2080 περιεργαζό-

129 2094 206 2122 μενοι
217 2086 342 2122 δύναμιν,
355 2087 558 2116 ὲντετυπῶσθαί
572 2098 663 2125 φαμεν
675 2091 731 2123 τοῖς
747 2091 909 2127 γράμμασιν

126 2131 332 2167 αινιγματωδῶς
351 2133 383 2159 τδ
409 2133 528 2169 Χριστοῦ
555 2136 714 2172 μυστήριον.
741 2137 773 2163 ‘0
798 2137 830 2173 δὴ
859 2137 909 2164 καὶ

129 2175 202 2211 μάλα
221 2175 314 2211 σαφῶς
333 2177 348 2203 ὁ
374 2176 479 2209 Παῦλος
503 2178 651 2215 παρίστησι
672 2179 774 2214 λέγων·
792 2189 802 2207 ι
824 2180 910 2208 Τοῦτο

128 2223 252 2258 φρονεῖτε
273 2223 388 2256 ἕκαστος
411 2225 440 2251 ὲν
454 2225 519 2261 ὑμῖν
537 2225 630 2258 αὐτοῖς
642 2244 650 2258 ,
664 2225 677 2252 ὃ
692 2226 740 2253 καὶ
753 2227 782 2252 ὲν
800 2226 909 2263 Χριστῷ

134 2267 221 2302 Ἰησοῦ
232 2277 238 2283 '
254 2268 284 2301 ὃς
298 2269 328 2297 ὲν
347 2272 438 2306 μορφῇ
452 2271 519 2298 Θεοῦ
537 2271 677 2307 ὑπάρχων,
698 2272 748 2308 οὺχ
764 2273 909 2309 ἁρπαγμὸν

127 2313 251 2348 ἡγήσατο
271 2314 302 2341 τὸ
322 2311 391 2342 εἶναι
414 2315 459 2342 ίσα
482 2315 556 2351 Θεῷ·
579 2316 638 2343 ἀλλ’
660 2317 755 2344 ἑαυτὸν
779 2317 909 2351 ἐκένωσε,

130 2359 237 2396 μορφὴν
251 2359 344 2387 δούλου
357 2361 458 2396 λαϐὼν,
478 2362 507 2389 ἐν
529 2362 681 2398 ὁμοιώματι
695 2362 846 2398 ἀνθρώπων
864 2372 911 2398 γε·

993 2000 1048 2028 Nos
1060 2000 1131 2028 enim
1149 1999 1272 2027 historia:
1287 1998 1495 2026 crassitudinem
1515 2003 1703 2032 attenuantes,
1719 2004 1748 2027 et

958 2053 1086 2075 arcanam
1100 2047 1154 2073 vim
1169 2045 1307 2073 nationum
1321 2052 1415 2080 perves
1426 2046 1551 2081 tigantes,
1565 2045 1668 2072 Christi
1689 2053 1747 2081 my-

958 2092 1072 2120 sterium
1085 2087 1200 2119 dicimus
1223 2091 1249 2118 in
1262 2090 1352 2118 littera
1375 2091 1491 2118 obscure
1510 2097 1571 2118 esse
1588 2089 1746 2125 ﬁguratum.

958 2137 1036 2172 Quod
1050 2141 1125 2165 certe
1140 2135 1240 2163 Paulus
1255 2135 1329 2163 clare
1344 2136 1435 2170 utique
1453 2134 1488 2162 ob
1501 2134 1594 2162 oculos
1613 2136 1690 2170 pouit
1704 2135 1747 2162 his

960 2182 1073 2211 verbis:
1088 2191 1099 2208 ι
1117 2181 1173 2209 Hoc
1188 2182 1287 2209 sentite
1308 2181 1491 2216 unusquisque
1516 2181 1543 2207 in
1566 2181 1655 2214 vobis,
1677 2183 1748 2216 quod

960 2228 1027 2257 etin
1041 2227 1150 2256 Christo
1170 2227 1255 2254 Jesu:
1281 2227 1326 2261 qui
1342 2233 1404 2253 cum
1429 2225 1455 2253 in
1473 2225 1558 2252 forma
1585 2225 1631 2253 Dei
1663 2231 1746 2259 esset,

960 2280 1015 2300 non
1027 2272 1151 2307 rapinam
1165 2272 1311 2298 arbitratus
1324 2275 1365 2298 est
1379 2278 1439 2299 esse
1463 2279 1493 2298 se
1517 2273 1647 2306 aequalem
1669 2272 1723 2299 Deo
1738 2281 1744 2300 :

961 2320 1008 2346 sed
1020 2318 1194 2352 semetipsum
1207 2317 1367 2349 exinauivit,
1387 2318 1501 2344 formam
1516 2317 1585 2343 servi
1600 2317 1746 2352 accipiens,

961 2365 988 2393 in
1002 2364 1204 2393 similitudinem
1223 2363 1361 2391 hominum
1380 2362 1478 2394 l'actus.
1494 2368 1521 2389 et
1539 2363 1632 2389 hahitu
1652 2363 1747 2390 inven-

129 2405 241 2441 νόμενος
251 2427 259 2439 ,
276 2407 324 2434 καὶ
340 2408 460 2444 σχήματι
477 2408 598 2444 εὑρεθεὶς
610 2409 649 2440 ὡς
660 2408 813 2445 ἄνθρωπος.
831 2410 906 2437 Ἐτα‹

967 2415 1005 2438 lus
1019 2415 1049 2438 ut
1069 2410 1161 2438 homo.
1180 2409 1337 2437 Humiliavit
1356 2410 1549 2443 semetipsum,
1572 2408 1658 2435 factus
1684 2408 1748 2436 obe-

129 2450 262 2479 πείνωσεν
273 2452 378 2486 ἑαυτὸν,
390 2453 535 2489 γενόμενος
549 2453 668 2490 ὑπήκοος
685 2454 766 2490 μέχρι
782 2454 909 2488 θανάτου,

130 2495 246 2524 θανάτου
265 2496 294 2524 δὲ
315 2497 442 2534 σταυροῦ.
460 2507 469 2524 ι
495 2498 590 2525 Καίτοι
607 2499 661 2535 γὰρ
683 2499 742 2526 ἐνὸν
764 2500 838 2535 αὐτῷ
856 2500 912 2532 τοῖς

130 2544 179 2578 τῆς
190 2543 258 2575 ίδίας
267 2543 375 2578 φύσεως
387 2544 538 2581 ἀξιώμασιν
551 2546 697 2581 ὲντρυφᾷν,
712 2546 758 2573 καὶ
769 2547 830 2578 ταῖς
841 2546 912 2573 κατὰ

129 2590 239 2616 πάντων
262 2590 440 2626 ἀσυγκρίτοις
459 2591 606 2626 ὑπεροχαῖς
626 2591 785 2627 θεοπρεπῶς
801 2591 914 2627 ἐναϐρύ-

129 2635 233 2662 νεσθαι·
244 2635 323 2662 τοῦτο
338 2636 393 2672 γὰρ
402 2634 472 2664 εἶναί
483 2645 572 2672 φαμεν
585 2637 634 2673 τήν
646 2638 829 2674 προκειμένην
839 2637 914 2674 αὐτῷ

129 2679 217 2714 χαράν
226 2687 233 2695 ⁸
245 2679 396 2708 κεκένωκεν
414 2682 519 2714 ἑαυτὸν,
532 2681 625 2714 καθεὶς
638 2683 666 2709 ἐν
677 2683 733 2714 τοῖς
756 2683 817 2710 καθ’
827 2683 911 2718 ἡμᾶς,

130 2723 163 2749 ἶν’
181 2724 252 2760 ὑπὲρ
269 2724 377 2752 πάντων
390 2725 435 2753 τὸν
456 2727 526 2754 κατὰ
543 2727 633 2761 σάρκα
648 2727 761 2755 θάνατον
783 2728 911 2760 ἀνατλὰς,

130 2766 188 2796 εἶτα
205 2770 331 2807 πατήσας
346 2771 437 2805 αὑτὸν,
451 2772 495 2799 διὰ
504 2773 553 2808 τῆς
563 2773 595 2799 ἐκ
607 2773 711 2810 νεκρῶν
725 2774 911 2809 ἀναστάσεως,

166 2847 188 2863 ³⁸
203 2846 320 2884 Philipp.
335 2856 365 2883 ιι,
388 2849 445 2877 5-8.
484 2849 504 2866 "
525 2848 607 2878 llebr.
622 2857 671 2884 xu,
690 2850 718 2878 2.

964 2456 1041 2484 diens
1055 2462 1140 2491 usque
1154 2455 1187 2482 ad
1201 2460 1329 2486 mortem,
1346 2458 1459 2481 mortem
1476 2459 1566 2480 autem
1584 2455 1673 2480 crucis
1685 2453 1717 2481 ³ο.
1735 2463 1745 2480 ι

963 2501 1032 2529 Nam
1049 2509 1110 2528 cum
1125 2505 1217 2535 posset
1233 2505 1335 2527 natura:
1355 2507 1410 2527 sua:
1429 2500 1584 2535 praestantia
1601 2499 1701 2533 eﬂ'erri,
1722 2505 1749 2527 ct

965 2546 1170 2582 incomparabili
1195 2553 1277 2581 supra
1297 2553 1391 2573 omnes
1412 2545 1569 2572 excellentia
1595 2552 1644 2580 pro
1663 2553 1696 2572 eo
1718 2554 1750 2573 ac

965 2592 1049 2620 Deum
1060 2592 1137 2620 decet
1153 2592 1262 2627 gloriari
1278 2591 1341 2627 (hoc
1351 2591 1423 2619 enim
1439 2598 1500 2618 esse
1519 2590 1634 2618 dicimus
1652 2599 1750 2626 propo-

965 2639 1047 2666 situm
1062 2638 1086 2665 ei
1099 2638 1226 2673 gaudium
1236 2637 1283 2672 “),
1296 2636 1445 2664 exinanivit
1463 2637 1593 2670 seipsum.
1612 2637 1645 2663 ad
1660 2642 1749 2664 nostra

963 2692 993 2712 se
1007 2684 1164 2717 demitteus,
1178 2688 1207 2710 ut
1222 2683 1313 2711 carnis
1334 2687 1448 2710 mortem
1471 2689 1518 2716 pro
1539 2682 1665 2709 omnibus
1687 2690 1750 2717 per-

963 2736 1069 2765 pessus,
1091 2734 1147 2756 tum
1168 2736 1199 2756 ea
1215 2729 1384 2760 conculcata,
1398 2735 1446 2764 per
1467 2727 1691 2755 resurrectionem
1717 2735 1751 2755 ex

963 2775 1089 2809 mortuis,
1112 2775 1222 2810 planum
1244 2780 1272 2803 et
1294 2774 1401 2803 facilem
1422 2773 1500 2803 nobis
1523 2774 1604 2802 etiam
1629 2774 1694 2811 ipsis
1718 2777 1752 2805 ad
