1894 3056
171 133 224 161 963

653 128 682 157 S.
693 127 832 156 CYRILIJ
848 127 1084 156 ALEXANDRINI
1103 108 1264 157 ARCHIEi".

1746 130 1806 159 964

172 191 256 216 vitam
272 188 391 216 reditum
408 190 561 222 praestaret.
580 184 648 212 Nam
660 189 690 212 ut
702 185 803 212 alicubi
816 193 912 213 rursus
926 185 964 212 ait

1023 185 1131 221 ἰάσιμον
1143 187 1192 213 καὶ
1214 186 1346 222 εὐήλατον
1360 185 1409 214 καὶ
1423 186 1489 222 ήμτν
1510 186 1600 219 αὐτοῖς
1622 187 1752 224 ἀποφήνῃ
1773 189 1806 215 τὺ

171 235 230 268 ejus
250 233 441 269 mysteriorum
463 231 598 267 interpres
613 238 620 258 :
636 239 646 257 t
666 230 701 258 Ut
716 230 789 258 enim
807 237 855 266 per
875 230 961 257 homi-

171 287 233 307 nem
251 286 335 311 mors,
352 279 387 305 ita
400 281 429 305 et
443 284 491 312 per
508 277 646 304 hominem
660 276 824 304 resurrectio
839 281 961 304 mortuo—

173 332 231 352 rum
249 333 256 351 :
271 329 298 351 et
309 323 380 352 sicut
392 323 562 358 portavimus
574 322 720 357 imaginem
737 323 849 355 terreni,
869 326 961 357 porte-

173 378 234 398 mus
249 376 276 397 et
293 370 437 405 imaginem
455 369 577 397 cmlestis
592 369 626 396 ³¹.
641 377 651 395 ι
673 368 806 396 Caeterum
828 368 963 396 excitatus

172 424 189 444 e
215 415 330 442 mortuis
351 414 472 450 gentium
499 413 665 441 multitudini
690 415 809 449 seipsum
841 413 962 444 tradidit.

173 461 301 497 quoniam
317 460 404 496 ipsum
416 459 499 487 Israel
516 459 629 487 immani
643 459 807 486 contumelia
824 458 962 492 aﬂecerat,

173 512 201 534 et
214 507 241 534 in
258 506 359 534 furoris
376 505 533 533 barathrum
549 512 668 540 praeceps
685 509 787 532 ruerat.
810 513 820 531 ι
838 504 965 533 Recalci-

175 553 258 580 travit
269 551 342 580 enim
356 551 483 582 dilectus,
502 560 513 577 ι
535 550 614 578 sicuti
632 550 744 584 scripsit
761 550 848 578 Moses
862 551 896 584 ",
911 552 964 579 hoc

173 604 227 630 est,
252 596 358 624 resiluit
383 595 592 631 quodammodo,
618 600 645 623 et
671 596 706 624 ab
732 596 791 631 ejus
819 597 964 625 dilectione

174 645 254 678 plane
277 642 413 677 refugiens
437 641 589 669 divinorum
609 641 741 669 bonorum
765 643 896 669 remansit
918 650 965 670 ex-

176 697 246 724 pers.
261 688 347 716 Cerne
362 695 437 722 ergo,
452 694 535 714 cerne
549 687 720 722 mysterium,
734 687 817 715 etiam
832 687 859 715 in
874 688 965 722 capris

174 736 279 763 duobus
291 742 364 762 recte
378 734 579 761 adumbratum.
592 733 681 769 Caper
692 734 776 766 enim,
788 734 846 762 sive
863 734 964 768 hircus,

175 785 224 813 pro
247 778 366 813 peccatis
392 777 542 805 sacerdotis
561 782 589 805 et
613 777 702 813 p0puli
735 778 906 806 mactabatur
932 787 966 807 ex

175 822 333 857 praescripto
346 822 424 857 legis.
440 821 506 849 Cum
526 826 616 850 autem
636 822 762 850 Christus
784 830 833 858 pro
846 825 965 858 peccatis

1011 231 1204 267 παλινδρομεῖν
1226 231 1354 258 δύνασθαι
1377 231 1446 267 πρὸς
1473 231 1556 267 ζωήν.
1579 232 1622 265 Ὦς
1643 232 1698 268 γὰρ
1716 234 1805 265 αὑτός

1012 285 1063 304 που
1078 277 1160 304 πάλιν
1179 277 1262 313 φησὶν
1276 278 1290 304 6
1305 277 1360 304 τῶν
1373 276 1456 304 αὑτοῦ
1473 278 1629 314 μυστηρίων
1644 279 1803 314 ίερουργός·

1015 332 1024 348 ι
1044 322 1149 358 Ὠσπερ
1172 322 1228 357 γὰρ
1241 321 1275 348 δι’
1297 321 1442 357 ἀνθρώπου
1463 321 1588 355 θάνατος,
1613 322 1684 349 οὕτω
1701 324 1749 350 καὶ
1767 323 1804 349 δι’

1012 367 1158 404 ἀνθρώπου
1172 367 1321 399 ἀνάστασις
1332 367 1448 403 νεκρῶν·
1458 368 1506 395 καὶ
1522 367 1614 400 καθὼς
1628 369 1803 404 ἐφορὲσαμεν

1011 413 1061 449 τὴν
1075 413 1168 440 εἰκόνα
1182 413 1229 440 τοῦ
1247 412 1340 448 χοϊκοῦ
1352 433 1360 445 ,
1385 413 1545 449 φορέσωμεν
1568 413 1616 440 καὶ
1640 414 1732 440 είκόνα
1751 413 1802 440 τοῦ

1013 459 1186 495 ἐπουρανίου.
1203 469 1213 486 ι
1239 459 1313 494 Πλὴν
1330 459 1515 495 ἐγηγερμένος
1540 460 1573 486 ἐκ
1594 460 1717 496 νεκρῶν,
1737 460 1801 491 ταῖς

1012 506 1067 532 τῶν
1078 505 1163 532 ἐθνῶν
1176 505 1285 540 ἀγέλαις
1296 505 1391 532 ἑαυτὸν
1402 504 1551 541 ἐχαρίζετο,
1564 505 1607 532 διά
1616 513 1656 532 τοι
1670 505 1699 532 τὸ
1709 506 1802 540 ἐμπα-

1016 551 1136 587 ροινῆσαι
1164 551 1210 577 τὸν
1230 550 1338 586 Ἰσραὴλ
1364 550 1460 585 αὐτῷ,
1480 551 1526 577 καὶ
1551 550 1592 582 είς
1607 550 1637 576 τὸ
1662 549 1730 585 βαθὺ
1749 550 1802 584 τῆς

1014 596 1175 628 δυσϐουλίας
1200 595 1293 622 ἐλάσαι
1310 595 1457 632 βάραθρον.
1485 605 1494 621 ι
1515 595 1692 622 Ἀπελάκτισε
1711 595 1768 630 γάρ
1787 596 1802 621 6

1012 641 1201 677 ἡγαπημένος,
1221 651 1230 667 ι
1249 641 1319 668 καθά
1335 641 1475 676 γέγραφεν
1494 642 1509 668 6
1521 641 1634 677 Μωσῆς,
1648 641 1802 672 τουτέστιν,

1014 688 1174 724 ἀπεπήδησε
1190 688 1289 724 τρόπον
1303 688 1380 719 τινὰ,
1398 687 1446 714 καὶ
1461 687 1510 722 τῆς
1531 687 1571 719 είς
1592 687 1673 714 αὺτδν
1691 687 1801 721 ἀγαπή·

1015 743 1083 766 σεως
1108 733 1259 769 όλοτρὸπως
1282 733 1461 769 ἀποδραμὼνξ,
1489 732 1623 768 ἀμέτοχος
1645 732 1700 759 τῶν
1721 733 1802 759 θείων

1015 778 1231 814 ἀπομεμένηκεν
1244 777 1366 812 ἀγαθῶν.
1383 777 1477 813 ’Λθρει
1494 777 1526 813 δὴ
1539 774 1595 810 οὖν,
1611 776 1689 812 ἄθρει
1702 777 1734 803 τὸ
1750 785 1802 811 μυ-

1016 825 1138 860 στήριον,
1152 823 1199 850 καὶ
1210 822 1248 854 ὡς
1263 823 1291 848 ἐν
1306 822 1418 857 τράγοις
1437 821 1512 847 δυσὶν
1525 818 1553 847 εὖ
1569 820 1642 856 μάλα
1664 827 1801 854 σκιαγρα-

177 868 278 896 nostris
299 867 453 895 immolatus
462 867 519 899 “sit,
533 867 609 895 hirco
629 873 813 902 comparatur.
839 868 874 896 Ut
893 870 964 896 enim

1023 869 1161 904 ρούμενον.
1186 867 1311 903 Χίμαρος
1339 866 1387 902 μὲν
1411 865 1476 901 γὰρ,
1504 866 1564 901 ήτοι
1587 864 1705 900 τράγος,
1731 864 1801 897 ὑπὲρ

177 915 215 942 alt
227 913 310 942 isaias
320 914 471 949 propheta:
486 923 496 940 ι
512 913 612 942 Omnes
625 914 696 941 sicut
707 922 772 942 oves
788 915 940 942 erravimus
956 924 964 942 :

177 960 258 987 bomo
274 960 300 987 in
323 961 364 986 via
380 967 428 987 sua
452 960 564 992 erravit,
584 964 612 987 et
627 959 758 987 Dominus
774 960 886 988 tradidit
904 968 966 988 eum

177 1012 226 1040 pro
242 1005 362 1039 peccatis
376 1006 477 1032 nostris
491 1005 523 1032 “.
540 1014 550 1031 ι
573 1006 630 1032 Duo
648 1005 782 1040 siquidem
808 1005 876 1033 hirci
890 1013 968 1033 assu-

177 1055 298 1083 muntur,
321 1057 373 1077 non
395 1055 523 1084 tanquam
538 1050 590 1078 duo
614 1051 713 1078 Christi
735 1051 805 1083 sint,
831 1056 877 1078 aut
904 1052 966 1085 duo,

175 1095 252 1130 juxta
268 1096 421 1128 nonnullos,
438 1096 517 1130 Filii;
536 1097 584 1124 sed
601 1097 705 1132 potius,
730 1097 802 1131 quod
827 1098 968 1132 oportebat

178 1141 302 1168 eumdem
321 1145 348 1168 et
361 1140 496 1168 immolari
513 1147 561 1175 pro
579 1140 660 1168 nobis
676 1145 704 1169 et
723 1141 791 1168 mori
804 1142 911 1176 quidem
927 1149 970 1169 se-

178 1187 295 1214 cundum
310 1194 419 1214 carnem
429 1207 438 1221 ,
453 1188 545 1214 vivere
561 1191 652 1214 autem
667 1187 816 1214 secundum
828 1188 966 1222 spiritum.

180 1232 273 1260 Sortes
289 1239 353 1260 vero
367 1237 393 1260 et
408 1232 516 1259 nomina
532 1232 616 1260 hircis
626 1252 633 1265 ,
652 1234 697 1260 uni
711 1233 819 1267 quidem
836 1234 967 1266 dominus,

179 1278 257 1305 alteri
269 1285 334 1306 vero
347 1278 512 1305 emissarius.
528 1277 588 1305 Non
608 1278 680 1305 enim
693 1298 701 1310 ,
717 1281 746 1305 ut
762 1277 801 1304 ait
822 1279 969 1313 pra-clarus

181 1323 224 1350 illc
236 1322 372 1357 Julianus,
390 1323 471 1358 302
483 1323 588 1350 cuidam
602 1322 763 1350 Averrunco
785 1327 811 1350 et
834 1323 969 1356 depulsori

180 1371 313 1399 malorum
325 1372 453 1402 dtemoni.
469 1370 567 1399 dimitti
585 1370 668 1405 jussit
680 1379 741 1398 eum
760 1371 806 1406 qui
822 1379 874 1399 nun
897 1375 970 1399 esset

181 1417 379 1451 immolandus;
404 1417 450 1444 sed
468 1417 525 1452 ipse
542 1418 631 1452 potius
648 1417 737 1445 dictus
751 1422 792 1445 est
807 1418 968 1450 emissarius,

181 1464 252 1498 quod
265 1463 392 1490 nimirum
413 1471 429 1490 a
452 1464 615 1491 ntactatioue
635 1463 776 1496 dimissus.
794 1466 970 1499 quemadmo-

178 1510 244 1544 _dunt
257 1508 378 1535 dominus
394 1508 481 1536 dictus
501 1512 543 1536 est
564 1509 608 1536 ille
629 1509 675 1544 qui
695 1510 896 1538 immolabatur.
919 1509 971 1537 De-

182 1554 298 1589 scriptus
313 1558 402 1581 autem
430 1559 473 1581 est
492 1561 539 1589 per
566 1559 721 1590 tttrumque,
746 1556 786 1582 uti
802 1556 870 1587 dixi,
892 1555 970 1583 Citri-

182 1604 241 1627 stus
259 1607 340 1632 unus.
354 1605 381 1626 et
392 1601 511 1627 moriens
525 1607 575 1635 pro
592 1601 669 1628 nobis
685 1602 832 1629 secundum
849 1609 970 1634 carnem,

183 1651 211 1673 et
225 1651 340 1673 mortem
357 1653 488 1681 superans
502 1646 650 1674 secundum
664 1647 816 1675 divinitatis
840 1653 968 1675 naturam

183 1691 318 1718 videlicet.
339 1691 520 1718 Emittebatur
533 1697 622 1719 autem
644 1693 670 1719 in
690 1693 844 1727 desertum,
864 1701 917 1728 qua
932 1701 974 1722 so-

184 1737 297 1764 litutline
312 1741 338 1765 et
351 1737 452 1764 inculto
464 1737 522 1765 solo
543 1738 701 1774 designatur
724 1740 845 1774 gentium
870 1740 972 1767 sterili-

186 1788 237 1810 tas.
250 1782 324 1810 Hanc
335 1783 432 1818 quippe
446 1782 480 1810 ab
503 1783 569 1817 ipsis
586 1784 725 1819 prophetis
751 1787 915 1820 reperiemus
937 1786 973 1813 ita

184 1835 291 1863 quoque
312 1828 490 1856 nominatam.
505 1827 641 1863 Scriptum
665 1834 705 1856 est
718 1830 790 1856 enim
807 1839 814 1857 :
832 1839 841 1855 ι
859 1828 973 1865 Laetare,

185 1875 321 1901 desertum
344 1874 439 1901 sitiens
459 1883 480 1902 :A
495 1874 611 1901 exsultet
637 1875 794 1907 desertum,
825 1881 852 1902 et
881 1875 975 1904 ﬂoreat

186 1919 263 1954 quasi
276 1918 359 1946 liliutn
375 1919 407 1946 ".
427 1928 437 1946 ι
454 1917 487 1945 Et
501 1926 595 1947 rursus
609 1928 616 1946 :
630 1928 640 1945 ι
657 1919 772 1953 Laetare,
790 1921 902 1951 sterilis,
915 1928 976 1956 quae

186 1972 240 1992 non
261 1963 350 1999 paris;
366 1970 477 1998 erumpe
500 1969 528 1992 et
550 1964 656 1998 clama,
675 1972 734 1999 quae
755 1973 808 1992 non
831 1967 973 2001 parturis:

186 2011 249 2044 quia
264 2010 354 2044 plures
368 2009 415 2037 ﬁlii
435 2013 558 2043 desertas,
573 2017 653 2045 quam
669 2011 795 2038 habentis
811 2012 897 2039 virum
907 2012 940 2039 ³⁸,
962 2021 972 2038 ›

186 2055 339 2083 Prmterea:
358 2064 368 2081 ι
396 2055 430 2083 Ει
446 2055 546 2083 faciam
560 2056 597 2090 gin
627 2055 733 2083 deserto
755 2063 867 2090 aquant,
892 2062 920 2084 et
947 2057 975 2084 in

187 2101 317 2136 inaquosa
331 2100 452 2129 ﬂumina.
465 2101 577 2129 Faciant
601 2101 737 2129 desertutn
760 2102 787 2130 in
813 2103 935 2137 paludes.
948 2107 976 2130 et

188 2149 323 2176 sitientem
341 2151 440 2175 terram
454 2148 481 2175 in
503 2147 688 2182 aqueductus.
704 2147 805 2175 Ponant
827 2148 852 2175 in
875 2153 974 2175 terram

983 1533 1007 1564 C

1016 915 1160 951 ἁμαρτιῶν
1177 914 1272 949 ἱερέως
1288 912 1335 940 καὶ
1351 911 1423 938 λαῶν
1438 911 1571 946 ἐσφάζετο
1585 911 1616 937 τὸ
1632 910 1703 937 κατά
1721 910 1751 936 τὸ
1763 909 1802 944 τῷ

1016 962 1090 996 νόμῳ
1104 960 1209 987 δοκοῦν.
1235 958 1346 994 Ἐπειδὴ
1365 958 1393 984 δὲ
1409 958 1478 992 ὑπὲρ
1495 957 1550 983 τῶν
1567 955 1709 992 ἁμαρτιῶν
1721 955 1801 990 ήμῶν

1017 1007 1098 1042 ἐτύθη
1112 1005 1238 1042 Χριστὸς,
1251 1004 1346 1040 τράγῳ
1359 1002 1565 1038 παρεικάζεται.
1587 1001 1630 1033 Ὠς
1648 1001 1703 1036 γάρ
1721 1009 1803 1044 φησιν

1016 1053 1031 1079 6
1043 1052 1186 1088 προφήτης
1205 1050 1321 1081 Ἡσαΐας
1331 1057 1338 1063 ·
1355 1058 1365 1074 ι
1381 1048 1485 1079 Πάντες
1497 1047 1535 1078 ὠς
1547 1047 1671 1081 πρόϐατα
1685 1045 1803 1080 ἐπλανή-

1017 1099 1114 1134 θημεν,
1129 1096 1271 1132 ἄνθρωπος
1285 1097 1318 1131 τῇ
1337 1094 1391 1130 ὸδῷ
1409 1093 1492 1121 αὑτοῦ
1509 1092 1658 1128 ἐπλανήθη,
1676 1092 1723 1119 καὶ
1746 1091 1802 1118 Κύ-

1018 1153 1075 1181 ριος
1091 1142 1248 1178 παρέδωκεν
1263 1141 1345 1168 αὑτὸν
1365 1141 1425 1172 ταῖς
1439 1139 1587 1175 ἁμαρτίαις
1611 1138 1701 1173 ἡμῶν.
1719 1147 1729 1164 ι
1750 1137 1803 1163 Δύο

1019 1191 1069 1226 μὲν
1082 1189 1136 1225 γὰρ
1153 1189 1177 1215 οἱ
1192 1187 1289 1224 τράγοι
1305 1186 1490 1222 λαμϐάνονται
1500 1204 1508 1217 ,
1524 1185 1570 1212 καὶ
1587 1184 1637 1219 οὐχ
1657 1183 1696 1215 ὡς
1718 1182 1803 1209 ὄντων

1017 1236 1064 1263 δύο
1077 1234 1211 1270 Χριστῶν,
1225 1234 1242 1269 ἢ
1259 1233 1318 1264 δύο,
1331 1233 1402 1260 κατά
1413 1240 1500 1264 τινας,
1513 1230 1589 1263 υίῶν,
1609 1229 1666 1257 ἀλλ’
1678 1231 1719 1256 ὅτι
1735 1229 1802 1264 μᾶλ-

1018 1282 1063 1309 λον
1077 1281 1161 1317 ἐχρῆν
1180 1279 1226 1307 τὸν
1248 1279 1329 1306 αὐτὸν
1342 1278 1455 1314 ὁρᾶσθαι
1474 1278 1521 1304 καὶ
1546 1275 1715 1311 σφαζόμενον
1733 1275 1802 1310 ὑπὲρ

1019 1327 1108 1364 ἡμῶν,
1124 1327 1170 1354 καὶ
1183 1326 1389 1361 ἀποθνήσκοντα
1407 1324 1456 1360 μὲν
1472 1322 1544 1352 κατά
1559 1323 1658 1358 σάρκα,
1675 1322 1765 1354 ζῶντα
1776 1322 1804 1348 δὲ

1019 1373 1091 1400 κατὰ
1110 1372 1228 1408 πνεῦμα.
1245 1372 1349 1407 κλῆροι
1363 1372 1392 1398 δὲ
1407 1371 1453 1398 καὶ
1466 1370 1585 1405 ὀνόματα
1599 1370 1655 1400 τοϊς
1671 1368 1785 1404 τράγοις
1795 1376 1802 1384 ·

1019 1421 1060 1447 ἐνὶ
1075 1422 1133 1456 μὲν,
1145 1421 1161 1447 ὀ
1174 1420 1277 1454 κύριος
1287 1427 1294 1434 ’
1306 1418 1413 1453 θατέρῳ
1427 1426 1459 1452 γε
1475 1417 1538 1453 μὴν,
1552 1418 1568 1443 ό
1583 1415 1803 1451 ἁποπομπιιῖος.

1020 1467 1057 1494 Οὐ
1083 1467 1137 1503 γάρ
1158 1474 1218 1498 τοι,
1244 1464 1316 1492 καθά
1336 1472 1419 1499 φησιν
1441 1465 1455 1490 6
1483 1463 1629 1498 κράτιστος
1649 1461 1804 1492 Ἰουλιανὸς,

1028 1511 1231 1547 Ἀποπομπαίῳ
1244 1511 1298 1537 τινὶ
1308 1510 1353 1536 καὶ
1365 1508 1542 1544 ἀποτροπαίῳ
1558 1509 1674 1543 δαίμονι,
1688 1507 1735 1534 τὸν
1755 1507 1806 1540 ἔξω

1024 1557 1197 1595 μεμενηκότα
1209 1557 1259 1591 τῆς
1277 1556 1384 1591 σφαγῆς
1397 1555 1519 1582 ἀνεῖσθαι
1533 1554 1729 1589 προστέταχεν,
1739 1554 1805 1580 ἑκα-

1022 1604 1092 1630 λεῖτο
1111 1604 1140 1630 δὲ
1156 1602 1255 1638 μᾶλλον
1273 1602 1353 1634 αὐτὸς
1373 1603 1389 1628 d
1404 1600 1624 1635 ἀποπομπαῐος,
1641 1600 1688 1627 ἆτε
1707 1600 1740 1635 δὴ
1761 1599 1806 1626 καὶ

1022 1647 1254 1681 ἀποπεμπόμενος
1269 1646 1319 1681 τῆς
1332 1645 1454 1680 σφαγῆς,
1469 1645 1596 1681 καθάπερ
1613 1645 1709 1680 ἀμέλει
1728 1645 1775 1671 καὶ
1792 1644 1806 1671 6

1024 1693 1209 1728 σφαζόμενος,
1229 1693 1340 1726 κύριος.
1363 1692 1513 1727 Ἐγράφετο
1532 1692 1561 1718 δὲ
1582 1692 1615 1718 δι’
1638 1692 1750 1726 ἀμφοῖν,
1769 1690 1806 1722 ὡς

1023 1741 1102 1775 ἑφην,
1119 1736 1158 1770 εἷς
1174 1740 1188 1765 6
1202 1739 1320 1773 Χριστὸς
1331 1758 1339 1769 ,
1365 1738 1412 1764 καὶ
1438 1738 1617 1773 ἀποθνήσκων
1637 1738 1707 1773 ὑπὲρ
1726 1737 1805 1772 ήμῶν

1024 1785 1094 1812 κατὰ
1114 1783 1213 1819 σάρκα,
1238 1784 1283 1810 καὶ
1296 1783 1412 1810 θανάτου
1431 1783 1564 1818 κρείττων
1580 1783 1806 1817 ἀναδεικνύμενος

1024 1830 1094 1857 κατά
1110 1838 1152 1864 γε,
1162 1829 1245 1864 φημὶ,
1259 1829 1309 1865 τὴν
1323 1830 1371 1864 τῆς
1385 1829 1512 1864 θεότητος
1524 1828 1613 1863 φύσιν.
1624 1828 1807 1864 Ἐξεπέμπετο

1024 1874 1051 1900 δέ
1064 1875 1104 1905 εἰς
1117 1873 1166 1908 τὴν
1184 1873 1302 1908 ἔρημον,
1325 1873 1513 1909 ἀνατυπούσης
1528 1874 1570 1907 ἐφ’
1584 1874 1666 1909 ἑαυτῇ
1688 1874 1737 1908 τὴν
1755 1873 1807 1900 τῶν

1025 1918 1108 1945 ὲθνῶν
1122 1918 1261 1953 ἀκαρπίαν
1276 1918 1326 1952 τῆς
1341 1919 1445 1953 ἐρήμου
1458 1918 1505 1945 καὶ
1517 1919 1649 1953 ἀνηρότου
1665 1918 1728 1953 γῆς.
1738 1918 1809 1944 Ὠνο-

1027 1963 1168 1999 μασμὲνην
1182 1963 1237 1998 γὰρ
1249 1962 1335 1994 οὕτως
1352 1963 1446 1998 αὐτὴν,
1462 1964 1509 1990 καὶ
1522 1963 1565 1990 διὰ
1575 1963 1629 1989 τῶν
1641 1964 1726 1997 ἁγίων
1743 1972 1808 1998 προ·

1026 2009 1118 2044 φητῶν
1142 2009 1305 2044 εὑρήσομεν.
1329 2009 1484 2043 Γέγραπται
1498 2008 1577 2043 γοῦν·
1595 2018 1605 2034 ι
1624 2008 1807 2044 Εὐφράνθητι,

1025 2054 1128 2090 ἔρημος
1146 2055 1162 2089 ἡ
1178 2054 1283 2089 διψῶσα
1294 2075 1301 2088 ,
1317 2054 1490 2088 ἀγαλλιάσθω
1505 2054 1616 2089 ἔρημος,
1631 2054 1677 2080 καὶ
1694 2054 1808 2080 ἀνθείτω

1025 2102 1063 2133 ὼς
1078 2101 1180 2137 κρίνον,
1200 2111 1209 2127 ι
1226 2101 1281 2127 Καὶ
1297 2101 1376 2127 πάλιν
1387 2110 1394 2116 ·
1411 2110 1420 2126 ι
1440 2100 1625 2136 Εὐφράνθητι,
1643 2102 1740 2136 στεῖρα
1751 2101 1806 2136 ήοὺ

1026 2147 1172 2173 τίκτουσα·
1189 2146 1279 2181 ῥῆξον,
1298 2145 1346 2172 καὶ
1366 2145 1463 2181 βόησον
1476 2165 1484 2178 ,
1505 2147 1521 2181 ή
1539 2146 1587 2171 οὐκ
1604 2145 1748 2178 ὠδίνουσα,
1769 2146 1808 2172 ὃτι

188 2195 290 2228 ahsque
307 2201 375 2229 aqua
390 2194 512 2226 cedrum.
531 2199 559 2221 et
573 2193 686 2226 buxum,
703 2199 821 2229 myrtum
831 2213 839 2226 ,
857 2199 885 2221 et
897 2201 973 2230 cypa-

1027 2192 1111 2219 πολλά
1132 2191 1166 2218 τά
1186 2192 1268 2218 τέκνα
1283 2192 1331 2226 τῆς
1348 2192 1451 2227 ἐρήμου
1476 2191 1575 2227 μᾶλλον
1590 2191 1606 2226 ἦ
1622 2191 1672 2226 τῆς
1695 2191 1809 2226 ἐχούσης

188 2241 298 2273 rissum,
312 2244 340 2267 et
351 2239 477 2275 populum
489 2239 522 2266 ".
540 2247 550 2265 ι
568 2238 721 2266 Iudaeorum
738 2239 809 2267 enim
832 2239 973 2275 Synagoga

1025 2238 1071 2265 τὸν
1090 2237 1184 2272 ἄνδρα.
1201 2245 1211 2262 ι
1234 2236 1289 2264 Καὶ
1301 2234 1334 2263 αὖ
1359 2237 1404 2264 ἐπὶ
1424 2238 1541 2268 τούτοις·
1560 2246 1569 2262 t
1588 2237 1641 2264 Καὶ
1656 2237 1762 2272 ποιήσω
1779 2238 1808 2263 ἐν

190 2285 240 2319 legi
258 2290 386 2319 tanquam
418 2285 478 2312 viro
498 2289 600 2312 tantum
614 2292 667 2312 non
681 2285 836 2320 conjuncta,
858 2285 973 2313 fructum

189 2337 222 2356 ex
235 2337 267 2357 ea
289 2329 360 2362 tulit,
384 2334 411 2356 et
437 2328 550 2357 fecunda
566 2330 673 2364 quidem
699 2330 821 2363 exstitit.
837 2336 974 2358 verumta—

192 2383 267 2408 men,
285 2380 313 2402 ut
329 2375 368 2402 ait
381 2375 520 2409 Scriptura
537 2382 625 2407 sacra,
645 2384 655 2401 ι
670 2374 762 2403 Plures
780 2375 826 2403 lilii
849 2376 972 2408 deserta.

190 2428 271 2455 quam
286 2420 409 2448 habentis
433 2421 529 2448 virum.
546 2429 556 2447 ι
574 2420 656 2448 Multo
670 2421 760 2456 plures
780 2422 852 2448 enim
866 2423 975 2450 fuerunt

190 2467 236 2500 qui
250 2466 422 2494 crediderunt
432 2474 465 2493 ex
481 2467 615 2500 gentibus,
631 2474 711 2502 quam
725 2468 771 2502 qui
785 2475 817 2494 ex
834 2467 973 2504 Synagoga

190 2511 351 2538 .Iudaeorum.
364 2511 399 2538 At
413 2512 518 2539 deserta
532 2517 560 2539 et
572 2512 647 2538 arida
664 2519 724 2539 cum
740 2516 825 2545 esset,
839 2512 892 2539 alta
909 2521 972 2540 sart-

189 2563 294 2584 ctorum
308 2557 395 2591 capita
411 2557 505 2590 edidit.
520 2557 601 2585 cedro
617 2562 645 2584 et
670 2557 752 2589 buxo,
774 2561 801 2584 et
822 2557 883 2585 aliis
896 2557 975 2593 lignis

190 2603 282 2638 utique
297 2603 405 2630 similia.
422 2602 588 2630 Exstiterunt
601 2603 664 2630 item
683 2603 708 2629 in
723 2610 754 2629 ea
771 2601 845 2629 ﬂuvii
867 2608 894 2630 et
912 2603 974 2636 rivi,

191 2649 243 2676 hoc
267 2653 327 2681 est,
358 2648 470 2682 apostoli
497 2653 525 2677 et
551 2648 745 2684 evangelista,
775 2653 802 2676 et
836 2656 974 2676 saerorum

190 2695 345 2729 dogmatum
373 2695 533 2725 interpretes
555 2702 587 2722 ac
609 2695 752 2728 doctores,
775 2694 820 2729 qui
839 2695 975 2722 caelestem

227 2784 248 2799 "
270 2785 277 2810 I
297 2783 359 2810 Cor.
381 2791 423 2816 xv,
443 2782 486 2815 2|,
509 2783 552 2810 ιε).
572 2791 574 2794 ν
597 2783 618 2798 ⁸³
634 2783 711 2810 Deut.
735 2789 820 2815 xxx”,
840 2783 881 2810 lii.

193 2826 247 2851 ut,
269 2819 309 2850 18,
330 2819 369 2844 I9.

933 2783 955 2799 "
971 2782 1021 2811 lsa.
1039 2792 1097 2818 Llll,
1113 2785 1139 2811 ϐ.

1025 2285 1059 2319 τῇ
1070 2283 1166 2318 ἐρήμῳ
1178 2282 1260 2318 ὓδωρ,
1274 2283 1321 2309 καὶ
1331 2283 1359 2309 ἐν
1370 2284 1403 2318 τῇ
1415 2282 1521 2318 ἀνύδρῳ
1536 2282 1674 2318 ποταμούς
1684 2290 1692 2297 ”
1705 2283 1809 2318 ποιήσω

1026 2329 1075 2364 τὴν
1094 2329 1197 2364 ἔρημον
1214 2329 1254 2360 είς
1267 2328 1326 2364 ἕλη,
1340 2329 1389 2355 καὶ¹
1414 2328 1463 2364 τὴν
1478 2329 1598 2364 διψῶσαν
1621 2329 1673 2364 γῆν
1690 2330 1719 2356 ἐν
1748 2328 1808 2364 66p—

1026 2377 1154 2410 αγωγοῐς.
1167 2375 1248 2410 Θήσω
1260 2375 1300 2406 εἰς
1316 2375 1366 2410 τὴν
1378 2375 1491 2410 ἄνυδρον
1506 2377 1558 2411 γῆν
1572 2375 1683 2411 κέδρον,
1699 2374 1745 2402 καὶ
1760 2374 1808 2402 πύ-

1027 2421 1082 2454 ξον,
1101 2421 1148 2447 καὶ
1169 2420 1312 2456 μυρσίνην,
1333 2421 1381 2447 καὶ
1404 2421 1582 2457 κυπάρισσον,
1600 2421 1649 2447 καὶ
1662 2421 1772 2456 λεύκην.
1796 2430 1805 2446 ι

1033 2466 1065 2492 'H
1079 2466 1128 2501 μὲν
1140 2466 1194 2501 γὰρ
1205 2465 1258 2492 τῶν
1271 2465 1404 2493 Ἰουδαίων
1423 2466 1572 2501 Συναγωγή
1589 2467 1730 2501 μονονουχὶ
1748 2475 1809 2493 κατ-

1026 2513 1178 2548 εζευγμένη
1194 2512 1320 2548 καθάπερ
1339 2512 1415 2548 ἀνδρὶ
1433 2512 1472 2547 τῷ
1486 2512 1560 2548 νόμῳ
1583 2512 1810 2548 κεκαρποφόρηκε

1024 2561 1058 2586 τὰ
1073 2559 1166 2592 αὑτοῦ,
1183 2559 1231 2586 καὶ
1247 2558 1381 2590 πολύπαις
1400 2558 1449 2593 μὲν
1465 2557 1509 2594 ἦν,
1527 2558 1595 2594 πλὴν
1613 2558 1685 2585 καθά
1702 2567 1768 2594 φησι
1782 2559 1811 2584 τὸ

1026 2605 1145 2641 Γράμμα
1164 2605 1194 2632 τὸ
1212 2605 1295 2641 ἱερὸν,
1325 2614 1334 2630 ι
1353 2605 1438 2632 πολλά
1466 2605 1500 2632 τὰ
1522 2605 1605 2633 τέκνα
1634 2606 1683 2641 τῆς
1710 2606 1811 2640 ἐρήμου

1027 2651 1128 2685 μᾶλλον
1140 2651 1157 2687 ἢ
1175 2651 1226 2687 τῆς
1240 2651 1356 2686 ἐχούσης
1369 2652 1414 2678 τὸν
1426 2652 1519 2688 ἄνδρα.
1539 2661 1548 2677 ι
1564 2651 1748 2679 Πολυπλάσιοι
1760 2651 1813 2686 γὰρ

1028 2698 1052 2723 οἱ
1070 2696 1100 2729 ἐξ
1115 2697 1200 2724 ἐθνῶν
1214 2697 1420 2730 πιστεύσαντες,
1432 2698 1515 2733 ἤγουν
1527 2699 1552 2724 οἱ
1567 2699 1598 2725 ἐκ
1610 2699 1660 2733 τῆς
1681 2697 1813 2724 Ἰουδαίων

1196 2786 1216 2802 ’⁸
1231 2785 1281 2812 lsu.
1302 2794 1383 2821 xxxv,
1403 2787 1428 2813 1.
1462 2786 1484 2802 ⁶⁶
1498 2785 1550 2814 lsa.
1567 2793 1620 2819 LlV,
1646 2787 1668 2813 Ι.
1718 2787 1740 2801 ³⁷
1761 2787 1811 2814 lsa.
