1894 3056
95 142 149 171 965

676 139 816 169 CONTRA
834 140 1011 171 JULIANUM
1031 142 1096 171 LIB.
1117 143 1163 170 IX.

1653 135 1660 141 ”
1674 147 1726 175 966

97 197 274 233 Συναγωγῆς.
291 196 417 233 Ἐρημος
436 195 465 224 δὲ
479 192 546 224 οὖσα
569 197 617 223 καὶ
632 195 759 233 ἄνυδρος,
780 196 885 233 ὑψηλὰς

950 207 969 226 lc
984 199 1103 227 divinum
1124 205 1277 226 sermonem
1296 198 1462 227 initiatorum
1479 200 1615 228 mentibus
1638 201 1727 230 instil-

97 243 184 278 ἁγίων
202 243 429 279 κεκαρποιρόρηκε
448 242 571 277 κεφαλὰς
582 263 590 276 ,
605 242 693 278 κέδρῳ
704 263 711 275 ,
729 243 777 270 καὶ
795 243 883 279 πύξῳ,

97 289 146 316 καὶ
162 290 218 321 τοῖς
232 288 336 324 ἑτέροις
346 288 400 315 τῶν
408 287 500 320 ,ξύλων
515 285 546 315 εὖ
565 288 637 323 μάλα
647 288 883 323 παρεικασμένας.

96 335 239 371 Πεφήνασι
262 335 290 362 δὲ
309 335 355 361 καὶ
375 334 513 369 ποταμοὶ,
534 335 582 362 καὶ
598 334 731 371 διώρυγες
752 336 781 362 ὲν
798 336 883 370 αὐτῇ,

96 381 253 413 τουτέστιν,
270 379 415 407 ἀπόστολοι
436 388 465 406 τε
483 381 529 407 καὶ
542 380 747 414 εὐαγγελισταὶ,
768 381 814 407 καὶ
831 381 885 407 τῶν

96 426 181 461 ἱερῶν
194 426 337 461 δογμάτων
362 425 503 460 ἐξηγηταὶ,
535 426 582 453 καὶ
605 425 769 457 διδάσκαλοι,
791 425 837 453 τὸν
856 426 886 459 ἐξ

98 472 214 507 οὐρανοῦ
227 481 256 498 τε
269 473 316 498 καὶ
331 472 401 498 θεῖον
416 472 476 503 ταῖς
493 472 772 506 μυσταγωγουμέναις
786 472 886 507 ψυχαῖς

98 518 216 549 ἐνιέντες
235 516 324 551 λόγον,
348 515 397 543 καὶ
410 513 465 542 οἷον
489 516 566 542 ὕδασι
580 516 761 552 κατάρδοντες
782 519 884 553 νοητοῖι,

97 565 148 596 τάς
166 564 220 590 τῶν
242 563 425 590 πιστευόντων
440 562 563 597 καρδίας.
588 563 644 589 Kal.
668 563 729 589 καθ’
751 562 845 597 ἓτερον
859 562 885 589 δὲ

96 610 209 645 τρόπον,
231 609 261 636 τὸ
278 608 323 635 ὲπί
347 617 379 642 γε
392 608 450 640 τοῖς
467 609 580 644 τράγοις
596 608 711 644 αἴνιγμα
733 609 833 644 πρέποι
853 608 880 635 ἂι

97 654 219 680 νοεῖσθαι
238 653 307 689 πρὸς
330 652 419 688 ἡμῶν.
445 653 685 688 ὐμολογουμὲνως
708 653 759 689 μὲν
783 653 837 689 γὰρ
857 661 882 682 τι

95 698 149 733 τῆς
171 699 248 733 αἰγὸς
262 699 356 734 χρῆμα
382 699 552 734 λαμϐάνεται
571 698 620 734 μὲν
643 699 714 734 ὑπὲρ
738 699 874 734 ἁμαρτίας

97 744 274 780 καθιεροῦται
295 745 322 770 δὲ
339 744 377 779 τῷ
391 744 450 779 Θεῷ
481 744 550 771 κατὰ
566 744 610 771 τὺν
631 745 727 779 νόμον⁸
744 744 814 780 πλὴν
830 743 877 771 ἔσθ

97 790 145 816 ὅτε
155 791 202 817 καὶ
216 790 314 822 αὐτοὺς
327 790 391 821 τοὺς
406 790 484 822 ὄντας
496 791 525 817 ὲν
538 790 685 826 ἁμαρτίαις
701 790 887 825 ὑπεμφήνειεν

97 835 143 862 ἄν.
166 836 198 862 Ἦ
215 835 264 870 μὲν
283 835 336 871 γὰρ
351 835 402 867 bis,
415 835 453 867 ὡς
471 835 566 871 εῠερός
581 843 610 862 τε
626 835 673 871 καὶ
688 835 836 870 ἔγκαρπος,
857 835 887 861 τὺ

97 881 154 908 τῶν
165 869 248 915 ἁγίων
261 881 303 915 ἐφ’
318 869 402 916 έαυτῇ
416 869 561 916 πρόσωπον
575 869 717 908 άνατῦποῖ.
734 880 844 916 Ἐπειδὴ
857 880 886 907 δὲ

97 928 202 954 τούτων
216 927 243 955 ὲν
258 927 327 959 αίξὶν
345 927 431 959 οὐδὲν,
443 927 507 958 τοὺς
523 928 552 954 έν
566 927 716 963 ἀκαρπίαις
732 927 811 959 ὄντας
826 928 884 959 ταῖς

98 975 211 1009 νοηταῖς
234 973 393 1005 πλειστάκις
414 973 661 1009 κατασημαίνουσι.
686 974 743 1000 Καὶ
764 973 832 1009 πρός
853 981 886 1008 γε

98 1018 179 1045 τοῦτο
201 1019 274 1054 ἡμᾶς
291 1019 439 1051 ἐνδοιάζειν
458 1019 508 1045 οὐκ
526 1019 558 1054 ἐᾷ
575 1019 687 1053 φάσκων
708 1020 723 1046 ό
742 1019 826 1051 ’Υίὸς,
849 1018 887 1051 ὼς

99 1065 226 1100 ἀφίξεται
241 1065 289 1101 μὲν
303 1065 331 1097 ἐξ
348 1065 471 1101 οὐρανῶν
501 1066 607 1101 κριτὴς,
632 1076 641 1092 ι
663 1066 794 1101 ,ὲνιςήσας
807 1066 835 1092 δὲ
850 1065 888 1099 τῷ

936 244 1001 276 lant,
1021 253 1052 271 ac
1065 244 1145 271 veluti
1169 245 1336 278 spiritalibus
1356 245 1433 280 aquis
1456 247 1625 274 credentium
1642 249 1725 275 corda

935 289 1060 324 irrigant.
1075 288 1224 316 Possumus
1239 294 1268 316 et
1282 289 1334 317 alio
1350 290 1429 317 modo
1452 290 1591 318 hircorum
1613 291 1726 327 ﬁguram

935 335 1095 370 intelligere.
1112 335 1222 362 Certum
1241 335 1312 363 enim
1335 340 1377 363 est
1398 337 1468 371 apud
1486 344 1580 365 omnes
1592 359 1599 371 ,
1616 345 1726 373 caprum

934 379 1004 407 sumi
1019 387 1068 413 pro
1083 385 1206 415 peccato,
1223 385 1250 407 et
1262 383 1408 408 secundum
1421 382 1506 416 legem
1524 382 1580 410 Deo
1601 384 1725 416 sacrari;

935 431 1121 454 verumtamen
1150 426 1286 462 signiﬁcat
1314 427 1448 455 interdum
1470 435 1518 455 eos
1543 436 1651 464 quoque
1679 430 1726 464 qui

935 476 998 499 sunt
1011 472 1036 499 in
1053 472 1182 507 peccatis.
1200 472 1265 500 Ovis
1277 473 1365 505 enim.
1381 477 1473 508 utpote
1494 473 1624 509 frugifera
1640 482 1672 502 ac
1686 475 1727 502 la-

931 517 1033 550 mit‘era,
1051 522 1205 545 sanctorum
1226 526 1370 553 personam
1394 519 1527 554 designat.
1549 519 1616 548 Cum
1637 525 1726 548 autem

935 562 963 589 in
975 570 1065 597 capris
1079 563 1133 591 tale
1150 563 1216 590 nihil
1236 564 1289 596 sit,
1315 564 1474 599 plerumque
1497 565 1652 600 signiﬁcant
1676 573 1726 593 eos

931 608 981 644 qui
997 608 1139 636 sterilitate
1161 608 1284 636 laborant
1302 610 1427 644 spiritali.
1442 610 1500 643 Qua
1516 611 1550 637 de
1567 618 1596 638 re
1614 618 1664 639 nos
1678 610 1727 638 du-

932 655 1021 682 bitare
1034 661 1086 681 non
1103 654 1168 682 sinit
1185 655 1268 682 Filius
1284 656 1392 689 dicens,
1409 657 1481 691 quod
1508 657 1598 684 veniet
1615 657 1725 692 quidem

933 705 969 726 ue
996 699 1072 726 caelis
1094 698 1192 732 Juulex,
1214 708 1224 725 ι
1247 700 1400 735 sedensque
1429 702 1454 728 in
1480 702 1548 728 solio
1575 701 1728 737 majestatis

935 749 1001 778 suae,
1017 748 1115 771 statuet
1129 745 1237 779 quidem
1254 753 1318 773 oves
1333 754 1348 773 a
1366 747 1478 779 dextris,
1497 747 1589 774 haedos
1604 753 1694 775 autem
1711 756 1726 775 a

936 790 1055 817 sinistris
1070 790 1104 817 ³⁸.
1134 799 1144 816 ι
1172 790 1248 823 Quod
1263 795 1352 818 autem
1369 791 1464 819 ovibus
1473 792 1560 825 iustos
1579 798 1728 828 comparet,

934 833 1016 873 303
1031 835 1097 863 alios
1111 843 1175 863 vero
1194 837 1294 871 capris,
1318 838 1443 864 ostendet
1470 838 1604 865 stantibus
1620 845 1636 865 a
1662 839 1727 866 dex-

938 882 987 908 tris
1004 881 1111 915 quidem
1127 881 1219 908 dicens
1235 890 1242 909 :
1259 891 1269 908 ‹
1291 881 1394 914 Venite,
1409 883 1541 910 benedicti
1557 883 1645 911 Patris
1657 884 1722 916 mei,

938 927 1074 961 possidete
1103 931 1225 962 paratum
1250 928 1327 955 vobis
1347 935 1459 962 regnum
1488 936 1501 955 a
1533 927 1728 956 constitutione

935 973 1027 1011 mundi
1041 972 1073 999 ”.
1099 981 1108 998 ι
1129 973 1165 1000 lis
1179 981 1241 1000 vero
1252 974 1297 1009 qui
1314 973 1348 1000 ad
1364 974 1476 1001 sinistra
1491 980 1570 1002 erunt
1587 984 1595 1002 :
1610 985 1620 1002 ‹
1638 976 1729 1003 Disce-

935 1018 990 1045 dite
1006 1025 1020 1044 a
1039 1024 1092 1051 me,
1112 1017 1261 1051 maledicti,
1279 1018 1306 1046 in
1322 1019 1409 1054 ignem
1426 1025 1556 1046 a-ternum
1572 1020 1606 1047 ⁸⁸³.
1625 1029 1634 1046 ι
1660 1020 1727 1048 Cum

937 1064 1019 1100 igitur
1034 1065 1070 1091 ita
1094 1072 1122 1092 se
1147 1072 1189 1092 res
1210 1065 1321 1098 habeat,
1346 1065 1503 1100 agemodmn
1530 1065 1726 1093 incarnationis

101 1110 191 1146 θρόνῳ
203 1111 253 1145 τῆς
266 1111 345 1147 δόξης
370 1111 464 1142 αὑτοῦ,
480 1112 574 1147 στήσει
591 1110 625 1138 τὰ
649 1111 697 1147 μὲν
713 1111 836 1146 πρόϐατα
857 1112 885 1138 ἐκ

950 1111 1037 1138 :ursitn
1053 1118 1233 1146 exponamus.

106 1155 213 1188 δεξιῶν,
228 1155 262 1182 τά
277 1156 369 1192 ἐρίφια
391 1155 420 1182 δὲ
440 1155 469 1189 ἐξ
485 1155 640 1191 εὐωνύμων.
660 1165 669 1181 r
697 1157 757 1183 Ὀτι
770 1156 798 1183 δὲ
821 1155 969 1191 προϐάτοις
983 1156 1035 1192 μὲν
1066 1157 1130 1188 τοὺς
1163 1156 1285 1187 δικαίους
1319 1156 1457 1192 ἀφομοιοῖ,
1472 1157 1535 1189 τούς
1551 1166 1583 1192 γε
1606 1157 1659 1194 μὴν
1671 1158 1728 1185 ἑτέ-

100 1211 166 1238 ρους
181 1203 245 1236 αίξὶ,
261 1203 385 1236 διαδείξει
401 1203 489 1238 λέγων
501 1205 558 1235 τοῖς
571 1203 620 1239 μὲν
635 1203 779 1239 ὲστηκόσιν
790 1204 823 1231 ὲκ
834 1204 944 1238 δεξιῶν·
962 1213 972 1230 ι
990 1204 1083 1235 Δεῦτε,
1098 1204 1123 1231 οἱ
1155 1204 1333 1239 εὐλογημένοι
1364 1203 1411 1230 τοῦ
1445 1205 1552 1240 Πατρός
1566 1213 1627 1240 μου,
1658 1205 1727 1240 κλη-

103 1250 271 1284 ρονομήσατε
292 1249 341 1284 τὴν
364 1249 568 1285 ἡτοιμασμένην
587 1249 653 1285 ὑμῖν
684 1249 824 1285 βασιλείαν
859 1250 913 1276 ἀπὸ
933 1249 1085 1285 καταϐολῆς
1107 1250 1220 1284 κόσμου.
1240 1259 1249 1275 ι
1278 1250 1340 1281 Τοῖς
1368 1258 1399 1284 γε
1437 1250 1491 1286 μὴν
1510 1250 1540 1284 ἐξ
1561 1249 1709 1286 εὐωνύμων
1722 1258 1729 1266 ·

104 1303 114 1320 t
135 1295 286 1330 Πορεύεσθε
301 1295 348 1322 ἀπ’
362 1295 429 1332 ἐμοῦ
442 1297 467 1323 οἱ
484 1296 680 1332 κατηραμένοι,
693 1296 733 1328 είς
743 1296 772 1322 τὸ
786 1295 841 1332 πῦρ
855 1297 885 1322 τὺ
907 1295 1027 1323 αἰώνιον.
1050 1306 1059 1322 ι
1079 1297 1205 1331 Ἔχοντος
1217 1296 1307 1322 τοίνυν
1339 1295 1389 1322 ὡδὶ
1405 1295 1452 1322 τοῦ
1487 1296 1550 1332 περὶ
1566 1296 1669 1323 τούτων
1686 1295 1728 1322 λό-
1774 1286 1777 1289 Δ

101 1349 163 1376 γου,
178 1342 243 1378 φέρε
264 1342 314 1377 τῆς
339 1343 409 1379 μετὰ
429 1343 530 1379 σαρκὸς
551 1342 707 1378 οἰκονομίας
723 1342 769 1369 τὸν
785 1343 885 1378 τρόπον
904 1343 1089 1379 έπιδρομάδην
1121 1341 1340 1378 ἁφηγησώμεθα.

143 1399 152 1415 t
176 1390 279 1417 Οὐκοῦν
289 1391 302 1416 ό
313 1391 397 1417 ποιῶν
406 1391 589 1426 χρηστότητα,
603 1390 654 1417 οὐκ
668 1388 702 1426 ἦν
719 1390 771 1421 ἕως
793 1391 862 1422 ἑνὸς,
878 1400 885 1415 ι

982 1400 992 1417 t
1007 1390 1077 1425 Ergo
1097 1398 1149 1417 non
1173 1394 1232 1417 erat
1257 1389 1302 1424 qui
1329 1389 1433 1416 faceret
1456 1390 1565 1421 bonum,
1593 1396 1644 1415 non
1671 1393 1730 1416 erat

104 1437 176 1462 κατὰ
191 1436 241 1471 τὴν
257 1436 304 1463 τοῦ
317 1436 470 1468 Ψάλλοντος
479 1437 580 1472 φωνήν.
596 1437 732 1468 ’Ἅπαντες
741 1434 847 1472 δὲῆμεν
863 1437 885 1463 ἐι

950 1444 1032 1471 usque
1056 1437 1090 1463 ad
1117 1444 1199 1463 unum
1216 1445 1225 1462 ι
1252 1435 1329 1471 juxta
1355 1435 1449 1463 l‘saltaa
1471 1443 1564 1462 vocem
1576 1434 1611 1462 “.
1631 1435 1731 1462 Omnes

104 1481 265 1516 ἁμαρτίαις,
284 1482 344 1508 οὒτε
358 1481 404 1508 τοῦ
428 1481 511 1516 νόμου
528 1480 647 1507 δικαιοῦν
669 1480 806 1516 ίσχύοντος
830 1481 885 1510 τοὺς

950 1487 1037 1509 autem
1058 1482 1085 1509 in
1106 1482 1226 1516 peccatis
1247 1488 1364 1513 eramus,
1387 1489 1447 1508 cum
1471 1487 1558 1514 neque
1576 1479 1617 1507 lex
1631 1479 1731 1515 justiﬁ-

105 1525 136 1557 ἐξ
160 1525 275 1560 αἵματος
290 1525 410 1562 Ἰσραὴλ,
428 1526 475 1553 καὶ
490 1526 540 1562 τῆς
555 1525 686 1561 Ἑλλήνων
711 1525 830 1562 πληθύος
847 1526 885 1560 τῆς

950 1534 1011 1554 care
1028 1531 1119 1561 posset
1136 1526 1283 1558 Israelitas,
1300 1533 1349 1553 nec
1369 1526 1513 1553 multitudo
1527 1525 1666 1561 gentilium
1683 1525 1732 1552 in-

105 1569 261 1604 ἀμωμήτου
279 1569 351 1605 ζωῆς
364 1569 513 1604 ἀγνοούσης
526 1569 575 1605 τὴν
591 1570 665 1598 όδόν.
684 1571 787 1597 ὀντων
808 1570 885 1597 τοίνυη

950 1572 1063 1607 culpata:
1074 1572 1136 1599 vitae
1159 1573 1212 1599 iter
1228 1578 1398 1607 agnosceret.
1412 1571 1512 1600 Omnes
1532 1579 1598 1606 ergo
1608 1575 1730 1606 peccato-

106 1616 234 1643 ἁπάντων
249 1615 433 1651 ἁμαρτωλῶν,
453 1616 466 1641 ό
489 1615 638 1651 μονογενὴς
651 1614 698 1641 τοῦ
718 1615 785 1641 Θεοῦ
811 1615 897 1649 Λόγος

106 1661 253 1697 ἀτρέπτως
276 1669 305 1687 τε
331 1662 379 1687 καὶ
401 1659 587 1693 άναλλοιώτως
603 1661 699 1695 γέγονε
722 1660 802 1696 σὰρξ,
825 1661 896 1686 τοῦτ’

106 1706 182 1732 ἐστιν
197 1706 347 1741 ἄνθρωπος.
363 1705 417 1732 Καὶ
424 1705 473 1731 οὐκ
489 1704 662 1741 ἐποίησειμὲν
673 1705 819 1740 ἁμαρτίαν,
829 1703 897 1740 πλὴν

110 1763 120 1779 ‹
149 1754 179 1779 ὲν
197 1753 349 1788 ὁμοιώματι
371 1752 470 1787 σαρκὸς
491 1750 628 1786 ἁμαρτίας
641 1760 651 1777 ι
668 1750 802 1784 ὲπέφανεν
821 1751 895 1785 ἡμῖν,

110 1808 121 1824 ε
137 1798 183 1825 καὶ
197 1798 264 1834 μετὰ
272 1798 326 1824 τῶν
334 1791 441 1832 ἀνόμων
456 1796 593 1832 ἐλογίσθη,
607 1806 616 1822 ›
634 1796 702 1823 καθὸ
710 1796 806 1830 γέγονε
818 1795 895 1830 σὰρξ,

109 1844 159 1870 καὶ
172 1843 375 1879 κεχρημάτικεν
390 1842 542 1878 ἄνθρωπος.
559 1841 614 1867 Καὶ
632 1840 698 1875 γοῦν
723 1841 738 1866 ὁ
762 1840 898 1874 πάνσοφος

109 1889 217 1921 Παῦλος
226 1888 348 1924 γέγραφέ
365 1896 415 1914 που
433 1887 496 1921 περί
513 1895 543 1913 τε
563 1886 610 1912 τοῦ
625 1886 693 1912 Θεοῦ
712 1886 759 1912 καὶ
780 1886 897 1921 Πατρὸς,

108 1935 159 1962 καὶ
179 1933 261 1961 αὑτοῦ
278 1933 325 1960 τοῦ
349 1933 430 1960 Υἱοῦ·
456 1942 465 1959 ι
483 1933 534 1959 Τὸν
559 1932 597 1968 μὴ
621 1932 720 1966 γνόντα
748 1931 897 1967 ἁμαρτίαν,

110 1981 184 2016 ὑπὲρ
208 1980 287 2015 ἡμῶν
307 1979 443 2015 ἁμαρτίαν
455 1979 576 2015 ἐποίησε.
598 1987 607 2004 ι
630 1977 710 2013 Θῦμα
721 1977 775 2014 γάρ
788 1977 898 2012 γέγονεν

111 2025 185 2062 ὑπὲρ
199 2026 345 2062 ἁμαρτίας.
363 2024 538 2060 Ὠνομάζοντο
551 2024 578 2051 δὲ
590 2025 620 2051 αὶ
632 2024 769 2058 ἁμαρτίαι
784 2023 820 2050 τὰ
829 2023 898 2059 ὑπὲρ

109 2073 254 2109 ἁμαρτιῶν
269 2071 436 2107 σφαζόμενα,
450 2071 569 2107 μάλιστα
583 2070 611 2097 δὲ
623 2070 677 2096 τῶν
687 2069 775 2097 ἄλλων
787 2069 899 2105 χίμαροί

110 2128 142 2145 τε
157 2119 204 2145 καὶ
217 2118 322 2154 τράγοι.
339 2117 394 2145 Καὶ
411 2117 476 2152 γοῦν
492 2117 556 2152 περὶ
574 2116 629 2143 τῶν
641 2115 720 2142 θείων
739 2115 898 2151 ίερουργῶν,

948 1626 992 1646 res
1013 1626 1076 1646 cum
1100 1622 1203 1650 essent,
1230 1618 1397 1653 unigenitum
1420 1617 1467 1646 Dei
1492 1617 1608 1645 Verbum
1630 1617 1733 1652 absque

948 1664 1000 1691 ulla
1023 1664 1171 1691 mutatione
1187 1664 1240 1697 laut
1259 1663 1422 1696 alteratione
1435 1670 1500 1690 caro
1519 1662 1620 1689 factum
1636 1667 1689 1694 est.
1706 1662 1732 1688 id

947 1713 999 1740 est,
1022 1708 1114 1735 homo.
1139 1708 1171 1734 Et
1186 1711 1326 1742 peccatum
1352 1707 1471 1742 quidem
1487 1713 1538 1734 non
1557 1706 1621 1734 fecit
1631 1706 1665 1739 δ’,
1691 1711 1732 1732 ta-

949 1753 1028 1781 tnetsi
1051 1752 1128 1780 nobis
1156 1761 1166 1778 (
1184 1752 1211 1779 in
1230 1751 1406 1779 similitudine
1432 1750 1524 1778 carnis
1542 1750 1644 1785 peccati
1660 1758 1670 1775 ι
1686 1757 1732 1783 ap-

949 1798 1081 1833 paruit",
1111 1807 1120 1824 ι
1139 1802 1167 1825 ct
1191 1805 1253 1824 cum
1276 1797 1377 1828 iniquis
1398 1801 1537 1831 reputatus
1561 1800 1602 1823 est
1614 1795 1649 1827 “,
1667 1804 1676 1820 ι
1705 1797 1732 1822 in

948 1850 1078 1880 quantum
1096 1852 1160 1872 caro
1176 1843 1266 1871 lactus
1289 1847 1341 1876 est,
1358 1847 1385 1869 et
1402 1843 1482 1870 homo
1507 1841 1658 1876 appellatus
1679 1846 1732 1868 est.

950 1890 1028 1919 Unde
1042 1890 1258 1924 sapientissimus
1284 1889 1327 1915 ille
1343 1887 1440 1915 Paulus
1456 1887 1565 1922 scripsit
1586 1886 1684 1914 alicubi
1700 1888 1733 1913 de

950 1937 1004 1964 Deo
1018 1942 1046 1963 et
1062 1935 1155 1968 Patre,
1177 1940 1205 1962 et
1221 1935 1278 1970 ipso
1292 1933 1361 1961 Filio
1377 1941 1385 1960 :
1406 1942 1415 1960 ι
1427 1933 1495 1961 Eum
1515 1934 1560 1967 qui
1583 1940 1636 1959 non
1653 1940 1735 1959 now-.-

950 1987 992 2009 rat
1007 1986 1159 2017 peccatum,
1184 1988 1235 2016 pro
1259 1980 1339 2008 nobis
1365 1984 1504 2014 peccatum
1527 1977 1634 2005 fecit".
1649 1985 1660 2004 ι
1684 1978 1736 2003 διι-

950 2027 1080 2054 criﬁcium
1096 2026 1168 2053 enim
1192 2026 1281 2053 factus
1296 2029 1337 2052 est
1355 2032 1405 2058 pro
1421 2029 1541 2058 peccato.
1556 2022 1622 2056 Quze
1645 2027 1734 2049 autem

950 2077 999 2104 pro
1027 2069 1146 2104 peccatis
1177 2068 1397 2100 immolabantur,
1427 2072 1532 2101 peccata
1560 2066 1734 2097 vocabantur,

950 2123 1005 2150 pra:
1027 2115 1089 2142 aliis
1112 2119 1201 2142 autem
1226 2114 1343 2142 maxime
1363 2113 1437 2148 capri
1458 2117 1485 2139 et
1503 2112 1583 2139 hirci.
1601 2111 1733 2145 Quocirca

110 2160 152 2196 οἷς
163 2166 197 2191 <2
209 2164 240 2190 ἐκ
251 2164 350 2191 θυσιῶν
365 2163 527 2199 ἀπενεμήοη
540 2162 619 2198 γέρα,
631 2162 664 2188 δι’
680 2161 739 2193 ἐνὸς
759 2161 813 2188 τῶν
832 2171 884 2193 προ

952 2162 985 2189 de
1003 2161 1101 2189 divinis
1117 2167 1256 2187 sacrorum
1281 2159 1425 2191 ministris,
1440 2158 1537 2193 quibus
1562 2157 1732 2185 victimarum

111 2209 207 2244 φητῶν
224 2209 275 2245 ἔφη
293 2217 343 2236 που
360 2209 440 2240 Θεός·
464 2217 473 2233 ι
491 2207 640 2243 Ἀμαρτίας
653 2206 717 2233 λαοῦ
735 2215 786 2242 μου
800 2207 899 2242 φάγον-

109 2265 168 2287 ται,
181 2265 191 2281 r
207 2256 339 2287 τουτέστι,
359 2254 393 2281 τά
408 2254 477 2289 ὑπὲρ
497 2253 640 2289 ἁμαρτιῶν
661 2253 899 2288 προσκομιζόμενα

111 2302 168 2329 τῶν
181 2301 319 2336 θυμάτων.
340 2300 474 2335 Ἐπέφανε
484 2299 573 2325 τοίνυν
587 2299 652 2334 ἡμῖν
666 2299 680 2324 ὁ
699 2297 855 2332 Μονογενὴς
871 2297 899 2324 ὲν

111 2347 178 2374 εἴδει
191 2346 230 2382 τῷ
241 2346 300 2373 καθ’
311 2347 394 2382 ἡμᾶς,
406 2346 444 2377 ὡς
457 2344 535 2380 ἔφην,
548 2344 595 2370 καὶ
608 2344 676 2379 μετὰ
686 2343 794 2378 ἀνόμων
813 2343 900 2376 ἐλογί-

112 2393 177 2428 σθη,
197 2392 245 2419 καὶ
258 2392 329 2418 κατά
339 2399 370 2425 γε
381 2390 430 2425 τὴν
441 2390 495 2417 τῶν
506 2389 624 2424 νομικῶν
638 2388 807 2424 αἰνιγμάτων
825 2387 901 2415 δύνα-

114 2447 172 2475 μιν,
185 2438 276 2474 ἔριφος
291 2439 320 2464 ὲν
333 2437 448 2472 ἐρίφοις,
462 2436 547 2471 ἤγουν
557 2434 658 2471 τράγος
668 2434 778 2468 γέγονεν
792 2434 821 2460 ὲν
835 2433 901 2469 τρά-

111 2492 184 2520 γοις.
207 2483 379 2519 Προπτέταχε
403 2482 494 2508 τοίνυν
512 2481 526 2507 ὀ
543 2481 626 2516 νόμος
638 2480 749 2515 ἐρίφους
760 2479 819 2515 ἦτοι
832 2479 899 2514 τρά-

111 2539 179 2565 γους
193 2528 379 2564 λαμϐάνεσθαι
391 2527 448 2560 δύο,
460 2527 504 2554 ἵνα
517 2526 546 2553 τὸ
556 2525 680 2553 ὲντεῦθεν
689 2526 774 2552 νοοῖτο
784 2525 901 2560 Χριστὸς

111 2575 151 2606 ὡς
168 2570 207 2605 εἷς
217 2573 248 2606 ὲξ
261 2573 351 2609 ἡμῶν,
366 2573 437 2600 κατά
447 2580 479 2606 γε
495 2572 525 2598 τδ
543 2571 660 2606 όμοφυές
670 2579 700 2597 τε
721 2571 768 2597 καὶ
781 2570 900 2605 ὁμοειδὲς

112 2619 251 2656 ἀνθρώπῳ
265 2619 333 2655 πρὸς
353 2618 505 2654 ἄνθρωπον,
523 2617 652 2651 καθάπερ
667 2616 762 2652 ἀμέλει
782 2616 828 2642 καὶ
844 2615 901 2649 αἰγὶ

113 2666 183 2702 πρὸς
198 2663 272 2699 αἶγα.
290 2664 410 2699 Γεγονὼς
420 2665 448 2691 δὲ
463 2663 523 2691 καθ’
537 2664 611 2698 ἡμᾶς
627 2662 672 2689 τὸν
691 2662 758 2698 ἡμῖν
778 2662 900 2696 ἐπηρτη-

115 2713 197 2749 μένον
223 2712 326 2748 ὑπέστη
349 2711 473 2743 θάνατον,
491 2709 624 2741 τουτέστι,
642 2708 687 2735 τὺν
710 2707 780 2735 κατὰ
796 2708 896 2743 σάρκα,

532 2799 553 2815 ³³
571 2798 625 2825 ibid
643 2798 686 2825 54.
725 2797 748 2813 ⁸ο
770 2797 834 2824 ibid.
853 2796 898 2823 Ill.

150 2802 173 2817 "'
190 2801 286 2828 Matth.
306 2809 368 2834 xxv,
386 2801 431 2830 5|.
450 2800 493 2827 33.
532 2800 553 2815 ³³
571 2800 625 2825 ibid
643 2800 686 2825 35.
725 2800 748 2813 “’
770 2800 834 2824 ibid.

152 2837 203 2863 lsa.
219 2844 278 2863 LIII.
294 2837 335 2863 1‘2.
375 2837 397 2851 "
415 2836 434 2862 ll
455 2835 517 2862 Cor.
539 2842 564 2863 ν.
580 2834 624 2860 21.
664 2833 686 2849 ⁸⁸
698 2832 767 2863 Osce
780 2839 815 2863 ιν,
832 2831 848 2857 8

722 2841 767 2861 see
780 2841 815 2864 ιν,
832 2841 858 2857 δ.

118 2837 203 2865 “lsa.
219 2844 278 2869 LIII,
294 2837 335 2863 1‘2‘
375 2837 397 2851 δυ
415 2836 434 2862 ll
455 2835 517 2862 Cor.
539 2842 564 2867 ν,
580 2834 624 2860 21.

953 2212 1043 2242 partes
1067 2207 1212 2241 assignate
1237 2209 1325 2236 erant,
1352 2204 1423 2231 Deus
1445 2203 1544 2230 alicubi
1571 2209 1619 2237 per
1651 2209 1733 2228 unum

952 2253 1144 2288 prophetarum
1172 2251 1266 2278 dixit:
1290 2259 1299 2276 ι
1316 2249 1428 2277 Peccata
1453 2249 1543 2284 populi
1566 2248 1618 2275 mei
1643 2255 1735 2275 come-

951 2297 1016 2323 dent
1027 2297 1061 2329 ⁸⁸,
1076 2305 1085 2321 ι
1111 2295 1161 2322 hoc
1180 2300 1232 2326 est,
1248 2294 1372 2321 victimas
1396 2301 1455 2327 qua:
1472 2301 1519 2327 pro
1534 2292 1650 2327 peccatis
1670 2291 1735 2318 olle-

954 2347 1060 2370 runtur.
1077 2340 1211 2376 Apparuit
1226 2341 1317 2374 itaque
1333 2340 1411 2367 nobis
1429 2338 1588 2374 Unigenitus
1605 2338 1631 2365 in
1646 2338 1735 2372 specie

955 2393 1058 2421 nostra,
1075 2387 1113 2414 uti
1130 2386 1195 2419 dixi,
1215 2390 1242 2413 et
1259 2393 1320 2413 cum
1341 2385 1442 2420 iniquis
1467 2389 1605 2419 reputatns
1627 2388 1678 2415 est,
1696 2389 1733 2415 et,

954 2434 977 2461 si
1003 2441 1111 2461 sensum
1134 2432 1260 2467 legalium
1288 2432 1433 2467 ﬁgurarum
1457 2435 1619 2465 spectemus,
1643 2430 1736 2457 haedus

955 2479 1027 2506 inter
1052 2479 1153 2510 haedos,
1179 2482 1226 2505 aut
1251 2478 1345 2506 hircus
1367 2478 1437 2504 inter
1462 2477 1552 2503 hircos
1575 2476 1662 2503 tactus
1681 2480 1733 2502 est.

952 2527 1038 2554 Iussit
1056 2526 1136 2561 igitur
1151 2525 1193 2552 lex
1209 2525 1299 2552 haedos
1316 2528 1363 2551 aut
1386 2524 1476 2551 hircos
1489 2523 1557 2550 duos
1580 2522 1689 2551 assumi.
1706 2526 1736 2548 ut

953 2578 987 2598 ex
1011 2578 1044 2598 eo
1060 2570 1183 2597 Christus
1209 2568 1405 2603 intelligeretur
1424 2567 1494 2595 sicut
1519 2574 1590 2594 unus
1610 2574 1625 2593 e
1647 2566 1735 2597 nobis,

954 2616 1042 2652 quoad
1067 2615 1186 2651 ejusdem
1214 2619 1309 2642 natura
1337 2613 1539 2641 similitudinem
1565 2616 1593 2639 et
1618 2611 1735 2646 speciem

955 2661 1073 2689 hominis
1098 2660 1131 2688 ad
1155 2660 1303 2692 hominem,
1327 2665 1424 2694 nempe
1448 2657 1521 2693 capri
1549 2657 1583 2684 ad
1612 2663 1733 2690 caprum.

955 2707 1052 2735 Factus
1078 2711 1166 2734 autem
1191 2706 1272 2733 homo
1297 2704 1378 2732 sicuti
1404 2711 1465 2736 nos,
1488 2709 1602 2730 mortem
1629 2708 1737 2737 quoque

1210 2794 1230 2809 δ’
1246 2794 1252 2820 l
1272 2793 1342 2821 Petr.
1361 2801 1390 2825 Il,
1406 2792 1453 2820 9.2.

945 2797 967 2811 “
985 2796 1054 2823 PSul-
1071 2802 1129 2827 xm,
1145 2794 1172 2823 5.
1210 2794 1230 2809 δ’
1246 2794 1252 2820 1
1272 2793 1342 2821 Petr.
1361 2801 1390 2825 Il,
1406 2792 1453 2820 9.2.
1503 2791 1525 2807 "
1540 2790 1617 2818 Rom.
1632 2797 1692 2824 vm,
1708 2789 1736 2817 3.
