1894 3056
188 147 242 176 σοι

686 143 716 172 S.
736 143 872 172 CYlllLLl
891 143 1127 173 ALEXANDlliNl
1146 143 1305 174 ARCHIEP.

1767 146 1821 175 968

188 206 266 234 nobis
281 205 435 240 impositam
448 203 542 236 subiit,
563 203 615 231 hoc
631 207 684 237 est,
700 204 857 238 carnalem;
875 207 906 231 ut
921 211 976 232 .uos

1028 204 1072 231 ἵνα
1087 204 1162 240 ἡμᾶς
1176 205 1328 241 ἀποπέμψῃ
1344 204 1459 232 θανάτου
1480 204 1527 232 καὶ
1544 204 1658 240 φθορᾶς.
1671 204 1736 232 Ἰδοι
1749 204 1774 231 δ’
1787 206 1820 232 ἂν

188 256 276 280 morte
288 256 316 280 et
328 249 502 285 corruptione
519 249 659 277 liberaret.
671 249 747 283 Quod
762 250 872 286 quidem
887 250 975 285 ipsum

187 297 280 325 videre
294 296 381 332 possis
395 295 477 323 etiam
495 295 522 323 in
533 295 641 323 binario
654 295 700 322 illo
711 295 848 324 hircorum
864 303 976 324 numero

187 341 327 377 impletum
345 349 352 369 :
368 348 484 376 quorum
503 348 572 369 unus
588 342 698 376 quidem
723 341 924 375 immolabatur,
949 346 977 370 et

188 388 243 416 Deo
257 387 286 415 in
301 388 412 415 odorem
428 387 571 415 suavitatis
585 387 760 421 oﬂerebatur,
776 388 845 416 alter
856 393 945 416 autem
960 396 976 416 a

189 432 356 460 mactatione
379 432 449 460 liber
472 432 675 461 demittebatur.
699 433 821 460 Mortuus
842 434 914 461 enim
935 438 978 462 est

187 487 237 514 pro
263 479 391 506 omnibus
419 486 489 507 unus
517 479 562 506 ille
587 480 708 506 omnium
739 479 924 515 dignissimus,
949 484 979 508 et.

187 523 291 553 Christi
315 531 391 552 mors
417 524 517 552 solutio
539 525 635 553 mortis
650 525 711 553 l'uit.
735 525 767 552 Et
789 525 846 553 hec
868 525 976 560 quidem

187 571 266 598 nobis
285 570 409 606 legalium
429 571 578 607 ﬁgurarum
593 572 634 599 vis
654 572 817 599 subindicat.
841 571 891 606 Qui
912 580 977 600 vero

187 616 215 644 in
233 616 303 645 nuda
320 616 409 644 littera
425 617 537 645 involuti
555 617 671 650 harent,
685 624 713 646 et
727 618 795 646 nihil
808 618 900 646 arcani
916 625 978 654 per-

187 662 303 696 cipiunt,
316 670 364 690 eos
374 662 456 699 305
469 670 484 691 a
497 663 612 691 veritate
626 671 733 700 quoque
749 664 853 700 longius
863 664 976 697 tabesse,

187 712 217 735 et
235 707 291 735 risu
315 708 424 743 diguatn
447 708 627 742 objectionem
653 709 755 743 facere,
773 710 847 737 nullo
869 709 979 744 negotio

187 752 448 786 demonstrabimus,
468 753 576 781 dicendi
601 761 695 781 ansam
719 755 792 782 nacti
811 762 844 782 ex
864 754 897 782 iis
917 762 978 789 quae

189 798 269 827 nobis
282 804 431 827 occurrunt
446 799 670 835 cogitationibus.
689 800 750 836 ipse
769 800 841 828 enim
856 799 978 828 Julianus

189 844 247 872 ait:
262 844 315 878 Qui
337 846 477 873 emrrsario
494 846 599 880 quidem
619 846 742 879 mittitur,
768 846 804 872 ita
821 847 976 874 dimittitur.

193 898 202 916 ι
219 890 336 917 Alterum
361 896 448 918 autem
470 891 591 925 hircum,
618 892 721 927 inquit,
742 893 821 919 etiam
851 893 976 920 mactabit

191 935 276 968 illum,
294 937 339 971 qui
363 945 410 971 pro
431 942 540 971 peccato
563 938 665 972 populi,
686 946 776 965 coram
799 938 912 966 Domina
928 944 976 967 :et

191 981 283 1016 inferet
306 981 339 1008 de
364 983 492 1017 sanguine
518 983 576 1017 ejus
602 983 674 1010 intra
697 983 792 1015 uelum.
808 988 835 1011 et
858 988 976 1020 asperget

189 1027 343 1062 sanguinem
358 1035 436 1061 super
448 1027 532 1055 basim
549 1028 654 1061 altaris.
675 1034 700 1057 et
716 1029 837 1057 exorabit
850 1038 898 1065 pro
913 1039 977 1058 aan-

189 1074 250 1106 etis,
264 1074 297 1100 ab
310 1074 485 1101 immunditiis
500 1074 618 1109 ﬁliorum
631 1075 727 1109 Israel,
744 1081 770 1104 et
791 1076 824 1103 ab
838 1077 977 1111 iujuslitiis

189 1127 281 1147 eorum
299 1126 348 1154 pro
362 1119 482 1146 omnibus
497 1120 611 1155 peccatis
632 1128 734 1149 eorum.
752 1131 762 1149 ι
779 1122 862 1158 Atqui
877 1123 899 1150 sl
917 1127 978 1151 tan-

192 1168 246 1192 tam
272 1164 329 1192 vim
362 1171 425 1192 esse
448 1169 527 1200 putat
555 1166 588 1200 in
613 1166 752 1195 hircorum
777 1167 977 1197 immolatarum

193 1217 302 1243 cruore,
314 1214 344 1238 ut
356 1210 391 1238 ab
405 1211 481 1238 onmi
494 1211 665 1240 inmunditia
677 1219 706 1240 et
717 1212 850 1249 iniustitia
863 1214 978 1244 liberare

193 1259 307 1290 possent
327 1262 386 1288 eos,
408 1262 458 1290 pro
476 1255 577 1290 quibus
599 1255 829 1291 immolabantur;
848 1266 977 1294 quorsum

132 1295 137 1300 ”
193 1307 282 1336 prona
296 1304 324 1329 et
339 1300 470 1336 supplicia
485 1308 501 1328 a
515 1300 574 1336 lege
598 1305 700 1330 statuta
724 1306 788 1331 sunt
805 1303 832 1331 in
852 1311 911 1337 eos,
931 1305 977 1340 qui

194 1345 360 1381 peccarent?
374 1345 520 1374 Adulteros
541 1345 613 1374 enim
636 1351 664 1374 et
677 1347 840 1382 homicidas,
854 1349 979 1385 pedico-

192 1399 242 1419 nes
258 1391 335 1424 item,
352 1399 457 1427 magos.
474 1396 503 1420 et
516 1391 710 1427 incantatores,
730 1394 853 1430 adeoque
863 1401 979 1431 aposta-

192 1443 244 1471 tas.
261 1445 343 1474 ptem
365 1439 462 1474 capitis
477 1439 729 1469 immisericorditer
751 1441 819 1470 uilici
831 1442 924 1476 jussit.
943 1444 978 1471 At

191 1485 328 1518 quomodo
347 1484 526 1519 periclitaturi
543 1491 647 1520 essent,
664 1487 710 1522 qui
728 1493 884 1523 peccaram,
901 1489 923 1516 si
944 1490 977 1517 ad

191 1530 345 1581 eluenduu:
356 1531 628 1581 quodtvispeccatum
641 1534 700 1581 ipsa
713 1533 780 1562 hirci
794 1536 921 1563 mactatio
932 1537 977 1562 aut
991 1552 1012 1581 ο

192 1584 274 1604 cruor
288 1576 441 1605 suﬂiceretl
464 1577 525 1606 Non
541 1579 614 1607 enim
632 1579 707 1608 dices
727 1580 864 1609 hircorum
886 1589 976 1617 penu—

194 1622 262 1650 riam
279 1622 311 1650 iis
326 1622 421 1656 fuisse,
437 1624 483 1658 qui
498 1623 692 1653 in-discrimon
707 1626 849 1654 veniebant
864 1635 871 1655 :
888 1628 935 1655 sed
951 1633 980 1656 ut

194 1668 412 1703 sapientissimus
429 1669 474 1697 ille
489 1669 588 1699 Paulus
600 1672 649 1705 ait,
664 1671 764 1708 quippe
777 1673 824 1708 qui
841 1674 977 1702 Christum

194 1713 221 1740 in
242 1719 272 1740 se
292 1712 420 1747 habebat.
444 1714 491 1749 qui
517 1719 559 1743 est
583 1716 705 1744 veritas:
723 1727 732 1743 ι
749 1717 914 1753 lmpossibile
937 1725 979 1747 est

194 1758 352 1794 sanguinem
362 1763 500 1787 taurorum
509 1765 538 1789 et
549 1761 686 1789 hircorum
697 1762 790 1791 tollere
800 1770 911 1799 peccata
919 1765 952 1793 ⁸⁷.
966 1775 976 1792 ι

194 1802 363 1831 Mendacium
380 1811 446 1840 ergo
461 1805 513 1841 legi
528 1806 698 1843 alllngemus.
715 1808 782 1836 Nam
797 1809 821 1837 si
837 1814 978 1838 taurorum

194 1854 222 1876 et
244 1849 381 1878 hircorum
402 1852 513 1887 sanguis
538 1860 592 1880 non
613 1853 751 1882 suﬂecerit
773 1855 807 1883 ad
835 1857 977 1885 eluendum

193 1900 354 1930 peccatum;
365 1904 414 1924 cur
425 1897 565 1933 legislator
577 1899 616 1927 ait
639 1900 727 1936 ipsum
739 1906 915 1930 exoraturum
929 1911 978 1939 pro

193 1941 297 1970 sanctis
317 1943 351 1970 ab
368 1943 547 1972 immunditiis
563 1945 678 1974 liliorutn
702 1947 795 1980 Israel,
817 1954 844 1976 et
861 1951 894 1977 ab
910 1949 978 1984 inju-

194 1986 276 2014 stitiis
298 1988 411 2016 eorum!
423 1989 464 2016 An
486 1989 569 2024 igitur
581 1990 608 2017 in
628 1992 721 2020 verbis
735 1993 858 2021 erravit?
880 1995 975 2023 Absit!

193 2032 308 2064 Quinam
323 2040 389 2068 ergo
401 2041 498 2062 sensus
517 2035 592 2064 fuit?
605 2036 779 2066 Manifestum
795 2044 838 2067 est
857 2047 932 2074 sane.
950 2047 977 2069 et

193 2080 296 2107 clarum
311 2080 450 2114 omnibus,
467 2082 540 2117 quod
560 2084 662 2112 veritas
678 2092 850 2121 nequaquam
866 2087 893 2114 in
908 2088 976 2122 ligu-

193 2126 243 2159 ris,
262 2126 309 2154 sed
326 2127 353 2154 in
370 2127 451 2156 rebus
465 2135 514 2163 per
528 2135 576 2157 eas
598 2129 760 2165 signiﬁcatis
781 2132 879 2160 elucet.
898 2132 975 2162 Chri-

192 2177 250 2200 stus
266 2172 338 2200 enim
358 2177 401 2200 est
416 2173 620 2203 immaculatum
637 2175 701 2204 illud
718 2178 891 2210 sacriﬁcium.
909 2186 974 2214 pura

1026 259 1067 283 τις
1079 251 1145 278 αὐτὸ
1157 251 1188 286 δὴ
1199 252 1274 278 τουτὶ
1284 251 1473 286 πληρούμενον
1488 251 1536 278 καὶ
1549 252 1578 278 ὲν
1591 252 1624 286 τῇ
1635 251 1689 278 τῶν
1704 250 1821 286 τράγων

1025 296 1112 328 δυάδι.
1123 293 1162 324 ὧν
1175 298 1189 324 δ
1205 297 1254 332 μὲν
1264 294 1304 328 εἷς
1321 297 1455 332 ἐσφάζετο
1473 297 1520 324 καὶ
1539 298 1581 329 είς
1603 297 1691 332 ὀσμὴν
1702 296 1820 328 εὐωδίας

1026 342 1203 378 ἀνεκομίζετο
1221 342 1260 378 τῷ
1292 343 1367 378 Θεῷ”
1386 343 1479 378 ἕτερός
1510 351 1543 377 γε
1572 342 1625 378 μὴν
1646 342 1821 378 ἐξεπέμπετο

1026 389 1077 423 τῆς
1092 389 1209 425 σφαγῆς.
1233 389 1365 417 Ἀπέθανε
1380 389 1435 425 γάρ
1453 389 1522 424 ὑπὲρ
1533 389 1642 416 πάντων
1663 386 1704 421 εἷς
1718 389 1733 415 ὁ
1748 389 1821 415 πάν-

1026 442 1081 461 των
1094 433 1244 469 ἀξιώτερος
1256 454 1263 466 ,
1281 434 1327 461 καὶ
1347 434 1462 461 θανάτου
1477 433 1554 465 λύσις
1569 434 1584 460 ὁ
1598 433 1717 469 Χριστοῦ
1734 433 1820 460 θάνα-

1026 488 1072 511 τος
1083 477 1127 515 ἦν.
1145 479 1199 506 Καὶ
1210 480 1289 506 ταυτὶ
1308 479 1357 514 μὲν
1369 480 1433 515 ἡμῖν
1452 479 1469 514 ἡ
1484 479 1534 505 ¹;ῶν
1551 478 1671 515 νομικῶν
1685 478 1818 514 αἰνιγμά-

1027 531 1080 550 των
1095 523 1239 558 ὑποφαίνει
1260 523 1385 558 δύναμις.
1410 524 1441 550 0i
1458 524 1487 550 δὲ
1511 523 1582 559 ψιλῷ
1605 523 1645 559 τῷ
1670 524 1819 559 γράμματι

1026 570 1072 597 τὸν
1081 569 1184 596 ἑαυτῶν
1197 570 1333 602 ἐνδέοντες
1349 569 1422 602 νοῦν,
1438 570 1484 596 καὶ
1498 569 1553 596 τῶν
1575 569 1630 596 ἔσω
1655 569 1820 605 κεκρυμμέ-

1027 625 1081 643 νων
1098 615 1234 648 συνιέντες
1248 615 1337 647 οὺδὲν,
1349 615 1391 642 δτι
1408 616 1456 642 καὶ
1478 615 1529 651 τῆς
1547 615 1676 650 ἀληθείας
1695 615 1820 650 ἀφεστή-

1027 669 1092 688 κασι
1110 660 1234 697 μακρὰν,
1255 661 1302 688 καὶ
1319 660 1438 695 γέλωτος
1456 660 1535 694 ἀξίαν
1553 660 1755 696 ποιοῦνταιτὴν
1772 660 1818 686 ἔν-

1028 715 1134 740 στασιν,
1148 707 1254 734 ἀκονιτὶ
1263 706 1442 742 διαδείξομεν,
1454 705 1482 739 ἐξ
1494 705 1584 732 αὐτῶν
1603 705 1708 737 ἑλόντες
1723 705 1778 732 τῶν
1789 706 1819 732 ἐν

1027 753 1122 789 χερσὶν
1137 753 1247 780 ἐννοιῶν
1267 752 1315 780 τοῦ
1330 752 1410 787 λόγου
1425 752 1474 783 τὰς
1497 751 1635 787 ἀφορμάς.
1657 747 1744 784 Α’ὒτδς
1761 752 1817 787 γάρ

1028 807 1112 834 φησιν
1131 797 1289 830 Ἰουλιανός·
1308 797 1340 824 '0
1348 797 1408 832 μὲν
1430 796 1470 829 τῷ
1480 797 1680 831 ἀπυπομπαίῳ
1701 796 1817 830 πεμπό-

1025 853 1127 880 μενος,
1136 844 1231 877 οὕτως
1241 843 1434 877 ἐκπέμπεται.
1452 852 1461 869 ι
1477 842 1533 869 Τὸν
1544 842 1578 869 δέ
1590 850 1623 878 γε
1632 842 1736 875 ἓτερον
1749 840 1817 875 ινρά-

1027 897 1099 925 γνν,
1127 888 1204 924 φησι
1217 907 1225 920 ,
1242 887 1291 916 καὶ
1318 888 1429 922 σφάξει
1449 895 1498 914 τοι
1515 886 1583 921 περὶ
1597 886 1740 921 ἁμαρτίας
1763 885 1816 912 τοῦ

1025 934 1103 962 λαοῦ
1118 934 1221 961 ἔναντι
1246 933 1374 967 Κυρίσυο
1390 932 1439 959 καὶ
1458 932 1585 959 είσοίσει
1610 930 1664 958 τοῦ
1687 931 1814 965 αἵματος

1026 980 1120 1008 αὑτοῦ
1131 979 1280 1015 ἐσώτερον
1291 978 1345 1006 τοῦ
1359 977 1635 1012 καταπετάσματος,
1659 977 1709 1004 καὶ
1730 976 1818 1011 {Sani

1025 1026 1059 1054 τὸ
1072 1024 1144 1061 altus
1159 1025 1209 1052 ἐπὶ
1220 1025 1278 1059 τὴν
1286 1024 1382 1058 ,βάσιν
1396 1024 1448 1052 τοῦ
1459 1023 1688 1057 θυσιαστηρίου,
1703 1022 1753 1049 καὶ
1767 1022 1815 1054 ἐξ·

1026 1072 1162 1099 ιλάσεται
1169 1070 1288 1098 ἐπὶτῶν
1299 1070 1400 1106 ἁγίων,
1414 1070 1473 1098 ἀπὸ
1483 1069 1542 1097 τῶν
1553 1068 1747 1103 ἀκαθαρσιῶν
1757 1067 1815 1095 τῶν

1026 1118 1101 1146 υίῶγ
1119 1117 1257 1152 Ἰσραὴλ,
1273 1117 1323 1144 και
1339 1117 1398 1144 ἀπὸ
1420 1115 1480 1143 τῶν
1504 1115 1695 1150 ἀδικημάτων
1716 1113 1816 1141 αὐτῶν

1027 1164 1095 1199 περι
1123 1162 1231 1191 πασῶν
1255 1163 1315 1189 τῶν
1341 1161 1489 1197 ἁμαρτιῶν
1508 1161 1618 1189 αὐτῶν.
1641 1170 1650 1188 ι
1673 1159 1781 1187 οὐκοῦν
1793 1159 1816 1186 ει

1027 1209 1161 1245 τοσαύτην
1187 1210 1273 1236 οῐεται
1299 1209 1348 1244 τὴν
1363 1209 1505 1244 ἐνέργειαν
1525 1208 1625 1234 ἐνεῖναι
1638 1208 1696 1239 τοῖς
1715 1206 1816 1241 αἵμασι

1027 1256 1082 1283 τῶν
1097 1254 1275 1291 σφαζομένων
1295 1254 1420 1290 τράγων,
1441 1254 1478 1286 ὼς
1502 1253 1550 1280 καὶ
1565 1252 1674 1288 ἀπάσης
1693 1252 1817 1287 ἀκαθαρ-

1030 1302 1102 1335 σίας,
1130 1302 1178 1329 καὶ
1196 1301 1287 1337 μέντοι
1311 1301 1360 1328 καὶ
1374 1300 1482 1331 ἀδικίας
1506 1298 1664 1335 ἐλευθεροῦν
1685 1298 1817 1325 δύνασθαι

1027 1350 1091 1381 τοὺς
1106 1349 1176 1385 ὑπὲρ
1189 1345 1226 1376 ὦν
1241 1348 1400 1382 ὲσφάξοντο,
1412 1346 1471 1374 ἀνθ’
1482 1347 1543 1374 ὅτου
1556 1345 1658 1379 ποιναὶ,
1672 1345 1720 1372 καὶ
1735 1344 1816 1371 κολά-

1030 1404 1086 1428 σεις
1102 1395 1147 1422 ᾱά
1168 1395 1216 1422 τοῦ
1237 1394 1320 1430 νόμου
1344 1395 1400 1426 τοις
1417 1392 1624 1429 πλημμελοῦσιν
1647 1391 1815 1428 ὲγράφσντος

1028 1443 1147 1478 Μοιχοὺς
1154 1442 1208 1477 γὰρ
1224 1441 1267 1477 δὴ,
1282 1441 1329 1468 καὶ
1343 1439 1490 1475 φνευτάς,
1509 1440 1557 1466 καὶ
1571 1439 1640 1475 πρός
1662 1446 1694 1473 γε
1709 1438 1816 1469 τούτοις

1028 1489 1092 1520 τοὺς
1111 1487 1296 1522 παιδοφίλους,
1312 1487 1414 1522 γόητας
1427 1494 1458 1513 τε
1473 1486 1519 1512 καὶ
1534 1486 1665 1521 ἐπῳδοὺς,
1687 1485 1735 1511 καὶ
1752 1484 1816 1519 μέν·

1029 1544 1069 1562 τοι
1083 1535 1145 1566 τοὺς
1169 1533 1335 1567 ἀποστάτας,
1349 1532 1399 1568 τὴν
1412 1533 1452 1564 εις
1464 1529 1534 1567 αἷμα
1550 1531 1718 1567 πράττεσθαι
1737 1531 1816 1566 δίκην

1029 1581 1113 1617 χωρὶς
1125 1579 1275 1616 οἰκτιρμῶν
1288 1578 1482 1615 προσ-τέταχεν.
1499 1576 1565 1605 Εἶτα
1577 1577 1634 1609 πῶς
1648 1576 1816 1604 κινδυνεύειν

1029 1628 1112 1663 ἐχρῆν
1124 1627 1186 1659 τοὺς
1196 1625 1401 1662 ἡμαρτηκότας,
1417 1624 1506 1652 καίτοι
1522 1624 1591 1660 πρὸς
1602 1623 1732 1658 ἀπόνιψιν
1744 1623 1815 1650 ἀπά-

1029 1681 1079 1708 σης
1093 1671 1265 1708 ἀκαθαρσίας
1280 1670 1445 1705 ἀποχρώσης
1464 1669 1551 1704 αὐτῆς
1573 1669 1622 1704 τῆς
1643 1669 1691 1695 τοῦ
1711 1668 1814 1704 τράγου

1029 1718 1147 1753 σφαγῆς,
1163 1718 1247 1753 ἧγουν
1269 1716 1317 1744 τοῦ
1337 1716 1470 1751 αῖματοςς
1486 1715 1523 1742 οὺ
1545 1716 1600 1752 γάρ
1620 1723 1669 1742 που
1689 1714 1757 1749 φαίη
1775 1723 1814 1745 τις

1027 1765 1061 1791 ἂν
1071 1764 1108 1795 ὼς
1120 1762 1191 1799 ἦσαν
1211 1763 1240 1789 ὲν
1256 1763 1354 1790 σπάνει
1367 1763 1475 1798 τράγων
1486 1762 1511 1788 oi
1524 1760 1724 1792 κινδυνεύοντες
1733 1769 1740 1775 ·
1756 1760 1814 1787 ἀλλ’

1028 1810 1066 1842 ὦς
1077 1817 1159 1846 φησιν
1174 1809 1189 1836 ό
1202 1808 1354 1844 σοφώτατος
1372 1807 1488 1840 Παῦλος,
1502 1807 1589 1834 καίτοι
1611 1806 1728 1842 Χριστὸν
1745 1805 1813 1841 ἔχων

1028 1857 1057 1883 ὲν
1071 1854 1170 1890 ἑαυτῷ,
1197 1854 1227 1886 ὃς
1250 1854 1356 1890 ὲστινή
1379 1853 1508 1890 ἀλήθεια·
1538 1862 1548 1878 r
1568 1852 1720 1883 Ἀδύνατον,
1746 1849 1813 1886 αἷμα

1027 1902 1135 1937 ταύρων
1152 1900 1199 1928 καὶ
1210 1899 1320 1936 τράγων
1332 1901 1459 1935 ἀφαιρεῖν
1473 1899 1619 1935 ἁμαρτίας.
1640 1907 1649 1923 ι
1662 1897 1814 1933 Καθοριοῦ-

1029 1955 1079 1983 μεν
1097 1944 1144 1974 οὖν
1159 1946 1214 1982 ἀρα
1229 1945 1276 1972 τοῦ
1300 1946 1382 1982 νόμου
1397 1946 1427 1973 τὸ
1442 1945 1550 1981 ψεῦδος.
1568 1945 1600 1972 Ει
1616 1944 1653 1979 μὴ
1668 1945 1723 1979 γὰρ
1743 1941 1813 1979 αἷμα

1026 1993 1136 2029 ταύρων
1151 1995 1198 2020 καὶ
1217 1994 1326 2030 τράγων
1343 1993 1486 2029 ἀρκέσειεν
1511 1993 1550 2024 εἰς
1572 1992 1699 2023 ἀπόνιψιν
1719 1992 1812 2026 ἀμαρ-

1025 2038 1096 2071 τῑας,
1112 2039 1171 2066 ἀνθ’
1188 2039 1249 2066 ὅτου
1264 2039 1347 2074 φησὶν
1361 2040 1376 2066 ὁ
1390 2038 1602 2073 θεσμοθετήσας,
1623 2037 1704 2064 αὑτὸν
1723 2037 1814 2070 ἐξιλά-

1027 2085 1121 2112 σεσθαι
1136 2085 1190 2112 ἀπὺ
1202 2085 1256 2112 τῶν
1266 2086 1351 2120 ἁγίων
1361 2084 1415 2112 ἀπὺ
1427 2084 1480 2111 τῶν
1490 2083 1663 2119 ἀκαθαρσιῶν
1677 2083 1730 2110 τῶν
1746 2083 1813 2110 υἱῶν

1033 2131 1151 2168 Ἰσραὴλ,
1166 2131 1213 2158 καὶ
1228 2130 1282 2158 ἀπὸ
1292 2131 1346 2158 τῶν
1363 2130 1539 2166 ἀδικημάτων
1561 2130 1665 2164 αὐτῶν;
1684 2127 1751 2165 'Ap‘
1767 2128 1813 2157 οὖν

1026 2175 1137 2210 γέγονεν
1158 2176 1355 2211 ἀμαρτοεπήςς
1382 2175 1428 2211 Μὴ
1449 2175 1563 2210 γένοιτο.
1582 2175 1689 2202 ὐποῖον
1710 2173 1745 2211 ἦν
1760 2176 1813 2210 ἀρα

193 2217 238 2244 illa
258 2217 381 2252 victima,
394 2226 446 2253 qua
468 2225 575 2248 mortua
591 2228 641 2257 pro
658 2222 736 2250 nobis
749 2224 896 2251 secundum
916 2232 976 2252 car-

1028 2222 1079 2249 τῶν
1094 2222 1203 2249 ἐννοιῶν
1219 2222 1250 2249 τὸ
1264 2222 1372 2258 χρῆμα;
1390 2221 1524 2258 Πρόδηλον
1537 2222 1569 2258 δή
1585 2230 1635 2248 που
1649 2221 1697 2248 καὶ
1711 2222 1812 2248 ἅπασιν

192 2270 265 2295 nem,
285 2263 352 2291 lacti
369 2271 463 2293 sumus
487 2266 634 2300 emissarii,
657 2267 709 2295 hoc
731 2272 783 2302 est,
805 2276 820 2296 a
843 2274 930 2298 morte
948 2275 975 2298 et

192 2308 365 2344 corruptione
387 2311 560 2339 recessimus.
587 2312 653 2347 Ejus
676 2314 748 2341 enim
776 2315 907 2351 sanguine
933 2324 976 2344 re-

193 2353 295 2387 dempti
319 2361 423 2388 sumus,
444 2359 473 2382 et
496 2356 530 2383 ab
553 2357 626 2384 omni
656 2358 828 2386 immunditia
858 2359 974 2394 liberati,

195 2408 205 2425 ι
217 2398 356 2433 justillcati
372 2401 456 2435 gratis
467 2408 515 2437 per
528 2403 646 2438 gratiam
666 2403 762 2438 ipsius,
779 2414 789 2431 ι
803 2410 832 2432 ιιι
844 2405 974 2441 scriptum

191 2449 233 2472 est
243 2445 278 2479 “,
297 2450 325 2474 et
344 2447 471 2481 gratiam,
489 2455 543 2481 qua
563 2448 651 2476 deleta
675 2454 717 2477 est
730 2455 900 2484 peccatorum
921 2459 977 2479 me-

192 2491 289 2524 moria.
312 2499 361 2527 per
382 2492 429 2520 Dei
456 2493 673 2522 misericordiam
696 2497 846 2524 consecuti.
871 2498 907 2524 At
930 2497 974 2525 hic

192 2545 254 2564 cum
268 2537 301 2565 de
316 2542 371 2565 tam
389 2539 493 2567 sanctis
506 2541 643 2575 mysteriis
657 2541 724 2569 nihil
740 2542 882 2578 percipiat,
895 2542 974 2571 Chri-

192 2583 296 2611 stianos
321 2583 477 2618 existimat,
505 2585 587 2614 Mosls
613 2587 723 2615 oracula
755 2595 869 2623 prorsus
896 2596 976 2624 repu-

193 2627 294 2661 diasse,
310 2629 390 2665 305
407 2635 434 2658 et
447 2631 482 2658 ab
497 2631 531 2659 iis
547 2633 674 2660 recedere
687 2634 828 2666 statuisse,
844 2635 916 2668 quod
932 2635 975 2662 in-

192 2674 308 2708 quinare
327 2676 440 2708 soleant,
456 2683 544 2711 eoque
563 2679 671 2706 nomine
686 2679 755 2707 male
771 2680 891 2712 audiant.
906 2685 977 2708 tam-

193 2719 245 2746 etsi
268 2719 367 2748 Paulus
401 2722 543 2751 maniieste
573 2724 669 2753 scribit
685 2734 691 2754 :
709 2733 719 2751 ι
737 2724 830 2761 Itaque
846 2726 887 2754 lex
908 2727 977 2762 qui-

193 2763 254 2792 dem
275 2771 380 2798 sancta,
398 2771 426 2794 et
446 2770 600 2797 mandatum
624 2775 760 2804 sanctum,
775 2775 803 2800 et
815 2771 932 2808 justum,
950 2777 978 2801 et

229 2841 251 2857 ⁸¹¹
269 2841 348 2869 Hebr.
367 2851 392 2876 ι,
410 2844 437 2871 4.
475 2845 497 2861 ⁸⁸
512 2845 588 2873 lium.
608 2854 637 2874 ιιι
654 2847 699 2874 24.

1029 2267 1153 2303 ἐναργὲς,
1167 2266 1205 2298 ὡς
1227 2267 1279 2294 οὐκ
1291 2267 1320 2293 ὲν
1336 2268 1392 2298 τοῖς
1403 2266 1545 2302 αἰνίγμασι
1573 2266 1672 2302 μᾶλλον
1684 2287 1693 2299 ,
1712 2266 1770 2292 ἀλλ’
1784 2267 1812 2292 ἐν

1028 2314 1084 2345 τοῖς
1099 2313 1131 2340 δι’
1146 2311 1236 2340 αὐτῶν
1249 2311 1460 2348 σημαινομένοις
1476 2312 1506 2338 τὸ
1524 2312 1623 2348 ἀληθὲς
1641 2313 1811 2347 ὲκφαίνεται.

1029 2358 1145 2394 Χριστὸς
1169 2358 1223 2394 γάρ
1250 2358 1324 2385 ἐστιν
1343 2358 1375 2385 τὸ
1396 2358 1511 2394 ἄμωμον
1531 2357 1615 2393 θῦμα,
1630 2358 1661 2384 τὸ
1679 2358 1811 2394 ἀϐέϐηλον

1030 2405 1139 2440 ἱερεῖον,
1151 2402 1183 2432 οὗ
1199 2404 1346 2436 τεθνεῶτος
1359 2404 1429 2440 ὑπὲρ
1442 2406 1459 2440 ἡ
1464 2404 1522 2440 μῶν
1533 2404 1604 2431 κατά
1618 2404 1718 2439 σάρκα,
1733 2404 1812 2438 γεγό-

1028 2458 1113 2486 ναμεν
1128 2450 1208 2486 ἡμεῖς
1220 2450 1418 2485 ἀποπομπαῶι,
1431 2449 1503 2476 τοῦτ’
1524 2450 1606 2482 ἐστιν,
1623 2450 1810 2485 ἀπεφοιτήσα-

1030 2505 1080 2533 μεν
1103 2496 1219 2524 θανάτου
1242 2496 1289 2524 καὶ
1303 2496 1415 2532 φθορᾶς.
1445 2495 1684 2532 Ἐκλελυτρώμεθα
1703 2497 1757 2531 γὰρ
1773 2495 1810 2530 τῷ

1027 2543 1124 2578 αἵματι
1135 2542 1229 2575 αὐτοῦ,
1244 2542 1291 2569 καὶ
1301 2542 1408 2579 ἀπάσης
1418 2542 1589 2578 ἀκαθαρσίας
1599 2541 1808 2578 ἀπηλλάγμεθα,

1022 2589 1207 2625 δικαιούμενοι
1225 2589 1330 2626 δωρεὰν
1345 2590 1377 2625 τῇ
1395 2589 1478 2617 αὐτοῦ
1493 2589 1601 2626 χάριτι,
1620 2589 1694 2616 καθά
1709 2589 1810 2625 γέγρα-

1025 2643 1101 2668 πται,
1116 2635 1163 2662 καὶ
1176 2636 1226 2670 τῆς
1242 2635 1394 2671 ἀμνηστίας
1407 2635 1457 2671 τὴν
1473 2636 1554 2671 χάριν
1572 2635 1640 2671 ἐλέῳ
1664 2634 1733 2662 Θεοῦ
1749 2643 1810 2670 κερ-

1025 2681 1169 2713 δαίνοντες.
1191 2681 1222 2709 ’(1
1233 2681 1261 2708 δὲ
1275 2681 1329 2708 τῶν
1348 2681 1433 2713 οὓτως
1453 2681 1560 2708 σεπτὼν
1575 2681 1733 2718 μυστηρίων
1747 2689 1810 2708 συνο

1027 2727 1077 2759 ιεὶς
1101 2727 1193 2759 οὐδὲν,
1220 2727 1296 2763 ᾠήθη
1321 2728 1504 2763 Χριστιανοὺς
1533 2727 1665 2763 ἀλογῆσαι
1693 2728 1743 2764 μὲν
1771 2727 1811 2758 εἰς

1027 2772 1100 2800 ἆπαν
1112 2773 1166 2800 τῶν
1174 2773 1218 2801 διὰ
1233 2772 1279 2800 τοῦ
1293 2774 1431 2809 πανσόφου
1444 2774 1565 2807 Μωσέως
1578 2773 1810 2811 τεθεσπισμένων,
