1894 3056
95 146 152 174 969
665 145 803 174 CONTRA
820 144 994 174 JULIANUM
1009 144 1074 175 LIB.
1096 146 1142 173 1X.
1673 146 1725 173 970

96 204 206 231 ἑλέσθαι
222 205 250 231 δὲ
273 205 320 233 καὶ
344 205 497 241 ἀποφοιτᾷν
519 205 609 232 αὐτῶν
628 205 666 238 ὡς
692 207 888 242 καταρῤυποῦν

951 212 1041 233 tonum
1052 203 1086 233 ι’.
1104 214 1114 231 ι
1132 204 1261 240 Adeoque
1276 204 1333 240 ipse
1349 204 1469 232 omnium
1485 207 1608 231 nostrum
1628 202 1724 230 Salva-

95 250 243 283 εἰωθότων,
257 252 303 277 καὶ
316 251 364 286 τὴν
381 251 424 277 ἐπ’
438 251 513 286 αὐτῷ
524 251 556 287 δὴ
569 251 656 286 τούτῳ
671 251 819 279 νοσούντων
828 251 887 279 δια-

951 259 985 279 or
998 251 1122 281 Christus
1139 260 1146 278 :
1161 261 1170 276 ι
1186 251 1276 279 Nolite
1294 256 1390 286 putare
1402 250 1529 285 quoniam
1543 249 1604 277 veni
1621 248 1726 277 solvere

96 296 190 332 ϐολήν,
200 297 288 323 καίτοι
298 296 404 323 Παύλου
419 297 468 331 μὲν
479 297 629 332 γράφοντος
638 296 760 332 ἐναργῶς
769 305 776 311 ·
789 306 798 322 ι
805 297 885 324 Ὥστε

951 304 1039 331 egem,
1057 301 1102 324 aut
1118 297 1280 332 prophetas;
1297 304 1350 324 non
1365 297 1427 323 veni
1442 295 1565 327 solvere,
1581 295 1629 322 sed
1640 293 1725 321 adim-

96 343 110 368 ὁ
122 343 173 377 μὲν
188 343 270 377 νόμος
295 341 383 376 ἅγιος,
408 342 454 368 καὶ
477 343 493 378 ἡ
510 342 605 378 ἐντολὴ
631 341 706 376 ἁγία,
723 342 770 369 καὶ
783 342 885 374 δικαία,

951 342 1014 370 ﬂere
1025 343 1060 370 '°.
1075 352 1085 368 ι
1102 343 1153 371 Hic
1164 348 1265 376 autem,
1279 343 1318 370 uti
1333 343 1399 376 dixi,
1414 349 1506 369 eorum
1521 341 1599 376 plane
1614 339 1698 366 rudis.

97 389 146 414 καὶ
164 387 269 422 ἀγαθή·
291 397 299 413 ι
326 388 373 414 καὶ
391 387 474 414 αὐτοῦ
493 387 522 414 δὲ
538 387 646 414 πάντων
671 387 751 423 ἡμῶν
771 387 898 422 Σωτῆρος
923 388 1058 423 Χριστοῦ·
1079 397 1089 414 r
1109 388 1155 424 Μὴ
1179 391 1309 425 νομίσητε
1331 389 1373 415 ὅτι
1397 386 1479 424 ἦλθον
1500 386 1652 414 καταλῦσαι
1680 385 1725 413 τὸν

96 434 191 469 νόμον,
204 433 220 470 ἢ
235 435 298 466 τοὺς
312 434 472 470 προφήτας’
490 435 541 460 οὐκ
553 432 635 470 ἦλθον
650 433 811 466 καταλῦσαι,
823 435 890 462 ἀλλὰ
907 434 1062 471 πληρῶσαι.
1081 444 1091 463 ι
1111 436 1139 462 '0
1155 436 1194 471 δὲ,
1228 436 1265 467 ὡς
1282 436 1359 471 ἔφην,
1372 436 1473 467 συνιεὶς
1488 435 1574 462 οὐδέν.

396 490 592 518 ΙΟΥΛΙΑΝΟΣ.

141 547 186 579 Ὠς
201 547 251 582 μὲν
261 544 318 579 οὖν,
331 547 408 581 φησὶ,
426 548 489 579 τοὺς
498 548 553 575 τῶν
567 547 667 575 θυσιῶν
681 548 814 583 ἠπίστατο
827 548 889 584 τρό-

97 601 168 625 πους
194 593 308 628 Μωσῆς,
337 593 450 628 εὔδηλόν
471 593 530 620 ὲστί
547 602 598 620 που
614 594 657 620 διὰ
673 594 728 621 τῶν
742 594 888 630 ῥηθέντων.

98 639 163 665 ’Ὁτι
175 639 204 665 δὲ
219 638 268 673 οὐχ
284 639 323 670 ὡς
334 639 414 674 ὑμεῖς
429 639 572 673 ἀκάθαρτα
591 639 660 666 αὐτὰ
671 639 795 674 ἐνόμισεν
807 636 888 671 srvat,

97 684 183 711 πάλιν
194 685 226 711 ὲκ
239 683 293 710 τῶν
309 684 441 719 ῥημάτων
460 684 565 710 ἐκείνου
579 684 750 711 ὲπακούσατε
760 693 767 700 ·
784 693 794 710 t
818 684 850 711 Ἦ
861 685 890 710 δὲ

97 728 172 764 ψυχὴ
190 728 251 763 ἥτις
268 728 315 755 ἐὰν
330 729 405 764 φάγῃ
422 728 476 756 ἀπὸ
497 727 552 755 τῶν
569 728 657 763 κρεῶν
670 729 719 763 τῆς
733 728 828 760 θυσίας
842 728 889 755 τοῦ

99 774 248 809 σωτηρίου,
264 773 278 799 ὅ
289 775 348 800 ἔστι
359 773 474 808 Κυρίου,
487 773 535 800 καὶ
549 774 566 808 ὴ
580 773 735 809 ἀκαθαρσία
748 773 832 801 αὑτοῦ
845 773 890 800 ἐπ’

99 819 188 853 αὐτῷ,
204 817 372 853 ἀπολεῖταιὴ
388 817 462 854 ψυχὴ
476 818 568 854 ἐκείνη
583 820 614 845 ὲκ
624 819 670 845 τοῦ
684 818 750 846 λαοῦ
766 818 860 854 αὐτῆς.
877 829 887 845 ι

99 865 188 897 Αὐτὸς
201 865 285 897 ὅντως
299 865 418 896 εὐλαὸἰης
430 866 445 892 ὁ
464 865 566 900 Μωσῆς
584 865 649 901 περὶ
672 865 720 900 τὴν
736 865 790 893 τῶν
809 865 890 901 ἱερῶν

99 912 214 947 ἐδωδήν.

402 978 590 1006 ΚΥΡΙΔΛΟΣ.

138 1035 271 1062 Πεύσεται
290 1035 322 1071 δὴ
343 1032 390 1063 οὖν
406 1035 453 1062 καὶ
473 1035 541 1071 πρός
556 1044 588 1069 γε
604 1036 683 1072 ήμῶν
701 1035 791 1062 αὐτῶν
806 1036 819 1061 ὁ
834 1037 890 1068 τοῖς

99 1081 172 1109 οὕτω
187 1081 300 1117 ψυχροῖς
322 1081 481 1117 αἰτιάμασιν
510 1081 592 1113 ἐνιεὶς
620 1081 684 1113 τοὺς
714 1080 891 1112 πιστεύοντας

101 1127 228 1163 Χριστῷ·
244 1128 300 1163 Οὐχ
316 1128 354 1159 ὡς
368 1127 532 1163 ἀκαθάρτων
549 1127 729 1162 ἅπεσχήμεθα
747 1126 802 1153 τῶν
821 1126 892 1154 κατὰ

101 1173 201 1208 νόμον,
220 1173 281 1208 ῖμεν
297 1173 327 1199 δὲ
345 1173 445 1208 μᾶλλον
463 1173 501 1204 ὼς
519 1174 551 1200 ὲκ
567 1172 661 1200 τύπων
671 1173 717 1200 ἐπὶ
735 1173 765 1200 τὸ
780 1173 889 1211 ἀληθές.

102 1219 153 1254 Εἴη
165 1219 188 1246 δ’
197 1219 240 1251 ἂν,
249 1219 286 1251 ὥς
303 1227 335 1253 γε
347 1217 434 1255 οἶμαι,
447 1218 528 1246 παντί
537 1227 575 1254 τῳ
589 1219 684 1253 σαφὲς,
694 1219 732 1250 ὡς
746 1219 777 1245 τὸ
792 1220 832 1250 εἰς
842 1219 890 1245 τύὲ

103 1274 153 1293 πον
170 1265 265 1302 ἑτέρου
277 1265 466 1302 παραληφθὲν,
483 1266 513 1292 οὺ
531 1265 563 1292 δι’
580 1265 646 1292 αὐτὸ
662 1265 758 1299 γένοιτ’
775 1265 818 1298 ἂν,
833 1265 890 1292 ἀλλ’

105 1312 148 1339 ἴνα
161 1311 343 1347 εἰσκομίζειεν
350 1319 411 1338 τινα
422 1312 477 1343 τοῖς
486 1310 634 1346 θεωμένοις
644 1311 710 1337 αὐτὸ
720 1311 766 1337 τοῦ
781 1311 892 1346 μέλλον-

103 1367 148 1390 τος
171 1357 280 1384 ἔσεσθαι
295 1356 493 1393 προανάδειξινι
517 1356 675 1394 Ὀρωμένης
699 1356 728 1383 δὲ
752 1357 802 1392 τῆς
825 1357 891 1392 ἀλη-

104 1403 190 1437 θείας,
209 1403 335 1439 περιττὸς
344 1403 394 1439 ἤδη
415 1403 503 1434 πως.ὁ
517 1402 618 1435 τύπος,
635 1403 683 1430 καὶ
701 1403 830 1438 ἀνόνητον
851 1403 891 1429 ἐτι

103 1451 134 1477 τὸ
146 1450 337 1486 προαναφῆναι
349 1449 445 1485 αὑτήν.
465 1449 574 1486 Ἐπειδὴ
586 1449 614 1476 δὲ
625 1449 675 1485 τῆς
689 1450 818 1485 ἀληθείας
830 1450 892 1478 ὡδίά

105 1505 144 1523 νει
156 1497 207 1532 τὴν
222 1496 363 1532 μόρφωσιν
378 1497 391 1522 ὁ
417 1495 461 1522 διὰ
485 1495 607 1528 Μωσέως
630 1496 721 1531 νόμος,
742 1496 820 1531 ἅγιος
845 1497 892 1524 καὶ

103 1543 203 1574 αὑτός·
223 1543 287 1576 ἁγία
310 1542 393 1577 γὰρὴ
421 1542 546 1577 ἀληθεια,
572 1541 710 1568 τουτέστιν
730 1543 743 1569 ὁ
763 1542 890 1577 Χριστὸς,

1243 493 1418 523 JULIANUS.

973 550 1050 584 Quod
1073 551 1269 580 sacriﬁciorum
1283 551 1364 583 ritus,
1381 550 1482 585 inquit,
1502 549 1591 577 Moses
1607 553 1725 584 agnove-

937 595 984 628 rit.
1002 597 1094 631 utique
1108 603 1141 624 ex
1157 597 1202 628 iis,
1219 604 1280 631 quas
1299 596 1373 624 dicta
1389 601 1463 627 sunt,
1479 595 1651 623 manifestum
1672 601 1725 622 est.

938 641 974 668 At
994 641 1065 676 quod
1086 649 1128 674 ea,
1150 642 1230 671 siculi
1256 649 1316 674 vos,
1343 641 1485 669 immunda
1504 648 1557 668 nou
1578 641 1725 671 censuerit.

940 693 1036 714 rursus
1063 693 1096 714 ex
1126 687 1200 714 illius
1231 687 1321 714 verbis
1349 687 1493 714 auditezt
1511 686 1606 713 Anima
1635 690 1725 713 autem

940 739 1108 766 quaecunque
1127 733 1336 760 mauducaverit
1351 732 1386 760 de
1398 731 1527 760 carnibus
1543 730 1669 758 sacriﬁcii
1685 735 1726 758 sa-

940 776 1048 810 lutaris,
1063 778 1134 812 quod
1148 783 1189 805 est
1205 778 1323 810 Domini,
1340 782 1368 806 et
1384 778 1552 805 immunditia
1573 776 1631 810 ejus
1646 778 1727 811 supci'

941 822 1029 856 ipsum
1042 843 1049 855 ,
1065 823 1164 857 peribit
1186 824 1277 851 anima
1292 824 1337 851 illa
1353 825 1387 852 de
1401 823 1500 859 pupqu
1518 830 1567 851 suo
1579 823 1612 849 σι.
1628 832 1637 849 ι
1656 821 1728 849 Sane

941 867 1030 896 Moses
1053 869 1112 903 ipse
1129 869 1203 897 circa
1218 870 1392 897 victimarum
1409 876 1486 897 esum
1509 869 1651 904 religiosus
1666 868 1725 895 fuit.

1245 975 1428 1007 CYBILLUS.

976 1032 1000 1060 A
1015 1033 1093 1062 nobis
1111 1039 1176 1070 ergo
1189 1034 1312 1062 vicissim
1333 1035 1428 1062 audiet
1444 1033 1500 1068 ille,
1519 1035 1564 1070 qui
1580 1039 1634 1062 tam
1651 1035 1729 1071 frigi-

940 1078 983 1107 dis
997 1079 1234 1107 criminationibus
1252 1079 1393 1107 credentes
1405 1079 1431 1107 in
1445 1079 1584 1107 Christum
1601 1080 1727 1116 impetit:

941 1125 995 1153 Nos
1011 1133 1027 1152 a
1047 1125 1179 1161 legalibus
1199 1133 1253 1153 non
1280 1126 1462 1159 abstinemus,
1487 1129 1517 1153 ut
1538 1125 1663 1162 impuris,
1680 1128 1728 1155 sed

941 1171 1031 1206 potius
1050 1175 1178 1205 tanquam
1193 1178 1209 1198 a
1226 1172 1297 1208 typis
1319 1171 1352 1198 ad
1370 1171 1512 1199 veritatem
1528 1172 1728 1206 progredimur.

941 1216 1049 1245 Nemini
1064 1221 1156 1244 autem
1173 1224 1227 1245 non
1241 1216 1415 1244 manifestum
1430 1221 1481 1250 est,
1497 1217 1604 1254 opinor,
1619 1218 1644 1245 id
1655 1219 1728 1254 quod

944 1263 977 1290 ad
992 1262 1107 1299 ﬁguram
1122 1261 1236 1290 alterius
1253 1266 1421 1296 assumptum
1435 1266 1487 1295 est,
1511 1269 1564 1289 non
1582 1262 1624 1290 sui
1641 1263 1729 1299 gratia

944 1314 1017 1340 esse,
1032 1314 1128 1335 verum
1144 1311 1175 1334 ut
1198 1307 1299 1334 inferat
1318 1307 1504 1342 spectantibus
1518 1309 1664 1342 quamdam
1688 1309 1726 1336 rel

945 1352 1044 1380 futura:
1069 1354 1274 1388 praenotionem.
1302 1353 1339 1380 At
1364 1360 1425 1380 cum
1451 1358 1590 1388 spectatur
1619 1355 1728 1390 veritas,

944 1404 1000 1426 tum
1019 1398 1153 1433 superﬂua
1167 1406 1233 1427 sane
1257 1403 1299 1426 est
1316 1399 1413 1434 ﬁgura,
1430 1403 1458 1427 et
1470 1399 1541 1434 quod
1561 1407 1621 1427 eam
1636 1401 1728 1434 praesi-

942 1445 1088 1480 gniﬁcabat
1099 1444 1155 1480 jam
1173 1445 1274 1472 nullius
1289 1450 1331 1472 est
1345 1452 1422 1473 usus.
1440 1444 1496 1472 Lex
1511 1450 1601 1473 autem
1612 1445 1729 1474 Massica

943 1498 1004 1518 cum
1028 1490 1154 1519 veritatis
1176 1489 1292 1519 formam
1311 1489 1412 1525 pariat,
1440 1496 1534 1519 sancta
1558 1499 1666 1527 quoque
1689 1498 1731 1521 est

944 1536 1021 1571 ipsa:
1035 1541 1132 1564 sancta
1148 1536 1219 1563 enim
1235 1541 1278 1564 est
1292 1537 1403 1570 veritas,
1419 1536 1445 1564 id
1462 1541 1515 1570 est,
1533 1538 1669 1571 Christus,
1682 1546 1729 1566 aut

104 1591 188 1625 ἤγουν
205 1589 235 1616 τὺ
247 1589 330 1615 αὑτοῦ
350 1589 507 1624 μυστήριον.
523 1588 584 1615 ’Ότι
599 1588 627 1614 δὲ
640 1588 690 1623 τῆς
712 1588 741 1614 ἐν
755 1587 890 1622 πνεύματι

951 1583 1001 1618 :jus
1021 1583 1191 1618 mysterium.
1208 1582 1341 1610 Ceterum
1359 1590 1430 1617 eam,
1449 1591 1509 1618 quae
1530 1584 1633 1612 umbris
1656 1590 1684 1612 et
1698 1587 1731 1612 ﬂ-

103 1645 134 1663 τε
145 1637 193 1663 καὶ
207 1635 323 1671 ἀληθοῦς
339 1635 465 1669 λατρείας
478 1634 528 1670 τὴν
543 1634 573 1661 ἐν
590 1635 679 1665 σκιαῖς
692 1634 739 1661 καὶ
755 1633 849 1666 τύποις
860 1634 890 1660 οὐ

104 1681 338 1719 προύργιαιτέραν
357 1682 436 1717 ἡμεῖς
449 1680 497 1709 καὶ
511 1680 617 1715 ἀμείνω
632 1679 892 1715 πεποιήμεθααράέ

106 1738 185 1765 iss-rat
201 1728 293 1761 πάλιν,
311 1727 357 1754 καί
374 1735 458 1762 φησι·

399 1791 597 1819 ΙΟΥΛΙΑΝΟΣι

140 1852 279 1888 Προσήκει
298 1850 330 1886 δὴ
345 1849 438 1877 λοιπὸν
448 1848 652 1885 ἀναμνησθῆναι
663 1848 716 1875 τῶν
727 1847 892 1883 ἔμπροσθεν,

106 1896 143 1927 ὧν
157 1899 251 1926 ἕνεκεν
267 1897 368 1934 ὲρρἐη
383 1898 429 1924 καὶ
443 1896 539 1923 ταῦτα.
553 1895 601 1923 Διὰ
614 1895 640 1921 τί
655 1895 709 1930 γὰρ
726 1894 894 1926 ἀποστάντες

105 1946 186 1982 ἡμῶν
204 1945 265 1980 οὐχὶ
279 1944 324 1970 τὸν
336 1943 391 1970 τῶν
415 1942 549 1970 Ἰουδαίων
571 1942 696 1976 ἀγαπᾶτε
715 1941 813 1977 νόμον,
833 1941 894 1967 οὐδὲ

107 1991 243 2028 ἐμμένετε
253 1991 308 2021 τοῖς
323 1989 369 2016 ὑπ’
382 1989 485 2015 ἐκείνου
502 1987 675 2022 λεγομένοις;
697 1987 772 2023 Ἐρεῖ
785 1987 894 2019 πάντως

106 2045 147 2068 τις
162 2035 209 2069 ὀξὺ
233 2035 353 2070 βλέπων·
375 2033 443 2061 Οὐδὲ
461 2033 514 2070 γὰρ
533 2032 654 2060 Ἰουδαῖοι
679 2032 798 2060 θύουσιν.
824 2032 893 2059 Ἀλλ’

107 2083 195 2117 ἔγωγε
211 2080 291 2109 αὑτὸν
308 2079 518 2116 ἀμϐλυώττοντα
532 2078 627 2111 δεινῶς
646 2078 803 2112 ἀπελέγξω
819 2079 895 2114 πρῶ-

107 2138 153 2157 τον
170 2128 230 2164 μὲν,
250 2128 290 2154 ὅτι
308 2126 374 2161 μηδὲ
391 2125 445 2152 τῶν
454 2125 541 2152 ἄλλων
557 2133 582 2151 τι
594 2125 648 2151 τῶν
661 2125 736 2160 παρὰ
751 2126 807 2156 τοῖς
830 2125 896 2151 Ἰου-

107 2176 192 2206 δαίοις
209 2173 410 2208 νενομισμένων
437 2172 495 2198 ἐστὶ
518 2172 564 2197 καὶ
577 2172 640 2206 ὐμῐν
655 2172 683 2197 ὲν
694 2171 801 2206 φυλακῇ
811 2179 818 2186 ⁸
833 2171 895 2197 δεύ-

107 2229 187 2256 τερον
200 2221 239 2252 δὲ,
250 2220 289 2246 ὅτι
313 2218 406 2244 θύουσι
420 2217 469 2253 μὲν
481 2218 510 2243 ὲν
523 2217 668 2251 ἀδρὰκτοις
686 2217 817 2248 Ἰουδαῖοι,
848 2216 895 2243 καὶ

945 1630 1019 1664 guris
1040 1629 1206 1663 continetur,
1224 1630 1384 1658 adoratione
1405 1638 1466 1666 qua:
1485 1631 1516 1658 ﬁt
1535 1631 1562 1659 in
1589 1632 1685 1666 spiritu
1705 1634 1732 1659 et

946 1676 1078 1708 veritate,
1103 1682 1152 1703 nos
1177 1675 1310 1710 potiorem
1332 1684 1365 1704 ac
1387 1677 1527 1705 meliorem
1554 1686 1606 1705 non
1631 1678 1731 1706 ducere

946 1722 1035 1749 denuo
1049 1722 1222 1755 criminatur,
1238 1727 1266 1750 et
1279 1723 1317 1750 ait
1335 1731 1341 1750 :

1248 1788 1425 1818 JULIANUS.

983 1847 1036 1876 Par
1054 1852 1146 1875 autem
1168 1852 1211 1876 est
1224 1848 1345 1882 priorum
1369 1848 1477 1876 tandem
1493 1849 1642 1883 reminisci,
1662 1855 1731 1885 quo-

948 1900 1009 1921 rum
1024 1901 1106 1925 causa
1123 1895 1180 1922 haec
1194 1901 1302 1930 quoque
1318 1895 1388 1922 dicta
1413 1899 1486 1923 sunt.
1502 1894 1556 1923 Cur
1570 1896 1654 1930 enim,
1670 1903 1731 1924 cum

948 1949 962 1968 ιι
986 1941 1064 1969 nobis
1083 1941 1248 1973 deieceritis,
1264 1936 1419 1969 Iudaeorum
1442 1941 1529 1977 legem
1551 1947 1605 1971 nan
1630 1944 1732 1978 amplc-

948 1989 1063 2020 ctimini,
1079 1995 1168 2023 neque
1186 1988 1266 2015 statis
1288 1987 1359 2015 illius
1376 1988 1654 2024 prwceptianquiet
1673 1989 1732 2018 for-

950 2042 997 2062 san
1017 2034 1114 2069 aliquis
1132 2034 1213 2071 paulo
1237 2034 1360 2063 acutior:
1379 2033 1472 2070 Neque
1492 2035 1564 2062 enim
1580 2035 1665 2065 Judaei
1689 2045 1734 2065 sa-

948 2081 1080 2108 criﬁcant.
1102 2081 1138 2109 At
1154 2087 1204 2114 ego
1221 2080 1307 2115 ipsum
1323 2079 1402 2107 valde
1415 2080 1544 2107 czecutire
1560 2088 1708 2116 coarguam
1724 2092 1732 2110 ι

949 2127 1065 2162 primum
1080 2127 1200 2161 quidem,
1219 2126 1289 2160 quod
1315 2131 1404 2153 certos
1428 2125 1582 2153 Iudaeorum
1606 2127 1675 2155 ritus
1699 2135 1734 2155 ne

949 2173 1100 2201 observatis
1120 2180 1168 2199 vos
1189 2171 1425 2206 quidem;deinde
1447 2179 1526 2204 vero,
1542 2172 1614 2207 quod
1629 2174 1734 2201 sacriﬁ-

949 2223 1012 2246 cant
1025 2219 1134 2253 quidem
1149 2218 1174 2244 iu
1190 2218 1246 2244 suis
1260 2217 1383 2245 domibus
1394 2216 1491 2250 Judmi,
1506 2220 1533 2245 et
1549 2226 1619 2246 nunc
1638 2219 1734 2247 etiam-

108 2267 156 2293 νῦν
168 2266 208 2292 ἔτι
224 2265 313 2292 πάντα
332 2264 465 2291 ἐσθίουσιν
490 2263 560 2298 ἱερὰ.
586 2263 632 2289 καὶ
647 2263 824 2297 κατεύχονται
842 2261 893 2297 πρὸ

951 2273 1010 2292 num
1027 2264 1152 2292 omnibus
1265 2262 1382 2291 victimis
1397 2269 1553 2297 vescuntur,
1574 2270 1602 2292 et
1617 2273 1732 2300 precan-

107 2312 156 2339 τοῦ
170 2311 261 2344 066m,-
274 2311 320 2337 καὶ
333 2310 379 2337 τὸν
394 2310 479 2342 δεξιὸν
489 2306 563 2345 ὦμον
571 2309 688 2336 διδόασιν
705 2309 830 2343 ἀπαρχὰς
841 2309 896 2340 τοῖς

109 2358 246 2394 ῑερεῦσιν·
264 2356 482 2391 ἀπεστερημένοι
498 2355 526 2382 δὲ
541 2355 587 2381 τοῦ
599 2354 663 2381 ναοῦ
684 2355 732 2381 καὶ
745 2354 792 2380 τοῦ
806 2354 899 2380 θυσιαά

111 2403 233 2440 στηρίου,
249 2403 277 2438 ἢ,
290 2402 327 2434 ὡς
344 2403 434 2433 αὐτοῖς
453 2401 513 2433 ἔθος
528 2401 634 2434 λέγειν,
651 2400 698 2427 τοῦ
717 2400 898 2435 ἀγιάσματοςε

113 2450 239 2486 ἀπαρχὰς
254 2449 294 2484 τῷ
311 2449 371 2484 Θεῷ
381 2448 435 2475 τῶν
451 2448 556 2483 ἱερείων
567 2447 703 2482 εἴργονται
723 2445 898 2481 προσφέρειν.

116 2497 210 2531 Ὑμεῖς
226 2496 254 2522 δὲ
265 2495 289 2521 οἱ
305 2494 353 2530 τὴν
366 2494 463 2529 καινὴν
480 2493 575 2520 θυσίαν
589 2492 715 2526 εὑρόντες
725 2512 734 2524 ,
748 2491 824 2518 οὐδὲν
838 2490 898 2517 δεό-

109 2550 187 2577 μενοι
202 2541 252 2576 τιῆς
270 2540 458 2576 Ἰερουσαλὴμ,
475 2539 536 2566 ἀντὶ
554 2539 626 2569 τινος
643 2538 674 2564 οὐ
689 2537 785 2570 θύετε;
801 2536 898 2564 Καίτοι

110 2588 190 2614 τοῦτο
205 2588 253 2622 μὲν
266 2586 321 2620 ἐγὼ
340 2587 408 2621 πρὸς
427 2586 498 2620 ὑμᾶς
520 2586 552 2611 ἐκ
569 2584 727 2619 περιουσίας
739 2581 824 2616 εἷπον,
839 2582 899 2608 ἐπεί

114 2644 158 2670 μοι
171 2634 221 2669 τὴν
238 2633 325 2669 ἀρχὴν
342 2632 441 2668 ἐρρέθη
458 2631 610 2666 βουλομένῳ
625 2630 709 2662 δεῖξαι
721 2631 778 2660 τοῖς
797 2629 901 2655 ἔθνεσιν

112 2679 308 2716 ὁμολογοῦντας
330 2678 470 2709 Ἰουδαίους
480 2697 487 2709 ,
514 2677 566 2710 ἔξω
582 2676 629 2703 τοῦ
643 2675 763 2711 νομίζειν
773 2675 820 2702 ἕνα
835 2674 902 2701 Θεὸν

116 2727 205 2761 μόνον.
223 2726 327 2752 Ἐκεῖνο
345 2725 399 2760 γὰρ
421 2723 510 2750 αὐτῶν
532 2723 579 2758 μὲν
593 2723 668 2755 ῐδιον,
684 2721 762 2757 ἡμῶν
779 2721 807 2748 δὲ
824 2721 902 2747 ἀλλό-

114 2781 197 2809 τριον.
218 2772 294 2798 Ἐπεὶ
307 2771 342 2798 τά
357 2779 388 2805 γε
404 2770 472 2797 ἄλλα
486 2770 562 2796 κοινά
575 2777 633 2800 πως
648 2770 713 2804 ἡμῖν
728 2769 785 2795 ἐστι
799 2787 806 2800 ,
829 2767 902 2800 ναοὶ,

949 2317 992 2338 ιιιι-
1010 2315 1153 2345 antequam
1178 2310 1342 2341 sacriﬁcent,
1356 2315 1384 2337 et
1402 2310 1528 2338 dextrum
1553 2319 1657 2338 armum
1677 2312 1734 2346 prl-

950 2357 1039 2383 mitias
1070 2357 1134 2382 dant
1159 2355 1435 2383 sacerdotibus:sed
1463 2356 1551 2383 orbati
1579 2356 1678 2391 templo
1708 2358 1736 2383 ct

949 2402 1039 2435 altari,
1061 2408 1117 2434 aut,
1135 2407 1164 2429 ut
1187 2401 1266 2437 vulgo
1293 2401 1440 2436 appellant,
1459 2403 1623 2435 sanctuario,
1649 2403 1735 2436 impe-

951 2449 1064 2476 diuntur
1085 2448 1230 2483 quominus
1248 2447 1303 2474 Deo
1324 2448 1496 2475 victimarum
1512 2447 1646 2482 primitias
1669 2447 1736 2475 οπε-

953 2499 1023 2521 rant.
1043 2492 1098 2520 Vos
1113 2497 1213 2526 autem,
1229 2493 1274 2527 qui
1293 2501 1391 2521 novum
1414 2493 1541 2522 sacriﬁcii
1557 2500 1642 2528 genus
1658 2493 1736 2520 adiné

953 2539 1075 2572 venistis,
1104 2546 1167 2566 cum
1194 2538 1260 2566 nihil
1287 2538 1429 2572 indigentis
1452 2537 1612 2570 Jerusalem,
1640 2546 1738 2572 quam-

954 2586 1047 2612 obrem
1059 2592 1112 2612 non
1125 2584 1306 2612 sacriﬁcalis?
1319 2585 1354 2611 At
1367 2583 1501 2618 superﬂua
1514 2585 1571 2611 haec
1583 2588 1624 2611 est
1636 2584 1737 2616 oratio,

951 2630 1077 2664 quoniam
1095 2630 1122 2657 id
1137 2630 1225 2664 ipsum
1251 2634 1330 2656 antea
1353 2629 1419 2661 dixi,
1435 2637 1496 2656 cum
1519 2629 1663 2656 ostendere
1681 2629 1737 2656 vel-

952 2675 1004 2702 lem
1025 2675 1132 2703 Judzros
1155 2683 1217 2703 cum
1239 2675 1368 2710 gentibus
1391 2675 1562 2708 consentire,
1589 2674 1639 2701 nisi
1665 2678 1738 2709 quod

954 2728 1036 2747 unum
1053 2720 1137 2748 Deum
1158 2720 1273 2749 credunt
1291 2720 1472 2748 solummodo.
1497 2720 1563 2748 illud
1586 2721 1657 2747 enim
1671 2721 1738 2755 ipsis

953 2766 1060 2800 quidem
1075 2766 1213 2801 proprium
1229 2771 1281 2799 cst,
1299 2774 1313 2793 ιι
1332 2766 1409 2794 nobis
1423 2766 1550 2793 alienum.
1566 2766 1735 2800 Caeteroquiu

148 2861 172 2878 δ’
187 2860 265 2888 Rom.
284 2866 332 2890 vn,
352 2858 393 2885 l2.
433 2858 456 2873 ⁵⁸
472 2857 565 2884 Matth.
578 2864 604 2884 ν.
626 2857 669 2884 l7.
707 2857 728 2873 ¹¹
747 2856 834 2885 Levit.
855 2862 903 2890 vn,
921 2854 966 2882 ‘20.

275 2907 410 2937 Pyrum“
435 2906 492 2935 Gn.
525 2905 652 2935 LXXVI.

1542 2903 1578 2932 31
