  <div class='ocr_page' id='page_1' title='image "/cluster/home/n/w/nwhite01/storage/ocr_20150623/76/njp.32101007590019/546.png"; bbox 0 0 1894 3056; ppageno 0'>
   <div class='ocr_carea' id='block_1_1' title="bbox 125 151 180 178">
    <p class='ocr_par' dir='ltr' id='par_1_1' title="bbox 125 151 180 178">
     <span class='ocr_line' id='line_1_1' title="bbox 125 151 180 178; baseline -0.018 0"><span class='ocrx_word' id='word_1_1' title='bbox 125 151 180 178; x_wconf 75' lang='lat'><strong>973</strong></span> 
     </span>
    </p>
   </div>
   <div class='ocr_carea' id='block_1_2' title="bbox 688 147 1176 177">
    <p class='ocr_par' dir='ltr' id='par_1_2' title="bbox 688 147 1176 177">
     <span class='ocr_line' id='line_1_2' title="bbox 688 147 1176 177; baseline -0.002 0"><span class='ocrx_word' id='word_1_2' title='bbox 688 147 830 177; x_wconf 81' lang='lat' dir='ltr'><strong>CONTRA</strong></span> <span class='ocrx_word' id='word_1_3' title='bbox 850 147 1025 177; x_wconf 75' lang='lat' dir='ltr'><strong>JULIANUM</strong></span> <span class='ocrx_word' id='word_1_4' title='bbox 1044 149 1110 177; x_wconf 85' lang='lat' dir='ltr'><strong>LIB.</strong></span> <span class='ocrx_word' id='word_1_5' title='bbox 1131 149 1176 177; x_wconf 82' lang='lat' dir='ltr'><strong>IX.</strong></span> 
     </span>
    </p>
   </div>
   <div class='ocr_carea' id='block_1_3' title="bbox 1689 151 1742 181">
    <p class='ocr_par' dir='ltr' id='par_1_3' title="bbox 1689 151 1742 181">
     <span class='ocr_line' id='line_1_3' title="bbox 1689 151 1742 181; baseline 0.038 -3"><span class='ocrx_word' id='word_1_6' title='bbox 1689 151 1742 181; x_wconf 72' lang='grc'><strong>974</strong></span> 
     </span>
    </p>
   </div>
   <div class='ocr_carea' id='block_1_4' title="bbox 122 206 914 242">
    <p class='ocr_par' dir='ltr' id='par_1_4' title="bbox 122 206 911 242">
     <span class='ocr_line' id='line_1_4' title="bbox 122 206 911 242; baseline -0.003 -7"><span class='ocrx_word' id='word_1_7' title='bbox 122 209 154 235; x_wconf 88' lang='grc' dir='ltr'>οὐ</span> <span class='ocrx_word' id='word_1_8' title='bbox 170 209 231 240; x_wconf 82' lang='grc' dir='ltr'>ταῖς</span> <span class='ocrx_word' id='word_1_9' title='bbox 240 207 273 234; x_wconf 84' lang='grc' dir='ltr'>δι’</span> <span class='ocrx_word' id='word_1_10' title='bbox 287 206 411 242; x_wconf 81' lang='grc' dir='ltr'><strong>αἱμάτων</strong></span> <span class='ocrx_word' id='word_1_11' title='bbox 422 206 527 239; x_wconf 75' lang='grc' dir='ltr'>θυσίαις</span> <span class='ocrx_word' id='word_1_12' title='bbox 537 207 732 241; x_wconf 83' lang='grc' dir='ltr'>ὲπιγάννυσθαι</span> <span class='ocrx_word' id='word_1_13' title='bbox 748 207 825 240; x_wconf 77' lang='grc' dir='ltr'>Θεὸν,</span> <span class='ocrx_word' id='word_1_14' title='bbox 838 207 911 242; x_wconf 77' lang='grc' dir='ltr'>ἐφεῖ-</span> 
     </span>
    </p>
   </div>
   <div class='ocr_carea' id='block_1_5' title="bbox 965 206 1742 242">
    <p class='ocr_par' dir='ltr' id='par_1_5' title="bbox 965 207 1742 242">
     <span class='ocr_line' id='line_1_5' title="bbox 965 207 1742 242; baseline 0.004 -7"><span class='ocrx_word' id='word_1_15' title='bbox 965 208 1032 235; x_wconf 83' lang='lat' dir='ltr'><strong>entis</strong></span> <span class='ocrx_word' id='word_1_16' title='bbox 1048 207 1192 235; x_wconf 86' lang='lat' dir='ltr'><strong>sacriﬁciis</strong></span> <span class='ocrx_word' id='word_1_17' title='bbox 1209 207 1292 236; x_wconf 90' lang='lat' dir='ltr'><strong>Deum</strong></span> <span class='ocrx_word' id='word_1_18' title='bbox 1313 208 1426 236; x_wconf 90' lang='lat' dir='ltr'><strong>minime</strong></span> <span class='ocrx_word' id='word_1_19' title='bbox 1447 208 1595 242; x_wconf 85' lang='lat' dir='ltr'><strong>delectari,</strong></span> <span class='ocrx_word' id='word_1_20' title='bbox 1616 210 1662 237; x_wconf 89' lang='lat' dir='ltr'><strong>sed</strong></span> <span class='ocrx_word' id='word_1_21' title='bbox 1693 212 1742 238; x_wconf 90' lang='lat' dir='ltr'><strong>ad-</strong></span> 
     </span>
    </p>
   </div>
   <div class='ocr_carea' id='block_1_6' title="bbox 123 253 911 289">
    <p class='ocr_par' dir='ltr' id='par_1_6' title="bbox 123 253 911 289">
     <span class='ocr_line' id='line_1_6' title="bbox 123 253 911 289; baseline -0.001 -8"><span class='ocrx_word' id='word_1_22' title='bbox 123 255 187 281; x_wconf 89' lang='grc' dir='ltr'>σθαι</span> <span class='ocrx_word' id='word_1_23' title='bbox 209 255 238 280; x_wconf 85' lang='grc' dir='ltr'>δὲ</span> <span class='ocrx_word' id='word_1_24' title='bbox 267 253 367 288; x_wconf 84' lang='grc' dir='ltr'>μᾶλλον</span> <span class='ocrx_word' id='word_1_25' title='bbox 385 253 436 287; x_wconf 85' lang='grc' dir='ltr'>τῆς</span> <span class='ocrx_word' id='word_1_26' title='bbox 461 253 490 280; x_wconf 84' lang='grc' dir='ltr'><strong>ὲν</strong></span> <span class='ocrx_word' id='word_1_27' title='bbox 511 253 645 289; x_wconf 82' lang='grc' dir='ltr'>πνεύματί</span> <span class='ocrx_word' id='word_1_28' title='bbox 673 262 703 280; x_wconf 91' lang='grc' dir='ltr'><strong>τε</strong></span> <span class='ocrx_word' id='word_1_29' title='bbox 732 253 779 280; x_wconf 76' lang='grc' dir='ltr'>καὶ</span> <span class='ocrx_word' id='word_1_30' title='bbox 796 253 911 289; x_wconf 78' lang='grc' dir='ltr'>ἀληθείᾳ</span> 
     </span>
    </p>
   </div>
   <div class='ocr_carea' id='block_1_7' title="bbox 123 297 911 335">
    <p class='ocr_par' dir='ltr' id='par_1_7' title="bbox 123 297 911 335">
     <span class='ocr_line' id='line_1_7' title="bbox 123 297 911 335; baseline -0.003 -9"><span class='ocrx_word' id='word_1_31' title='bbox 123 300 336 335; x_wconf 82' lang='grc' dir='ltr'><strong>προσκυνήσεως</strong></span> <span class='ocrx_word' id='word_1_32' title='bbox 354 298 401 325; x_wconf 77' lang='grc' dir='ltr'>καὶ</span> <span class='ocrx_word' id='word_1_33' title='bbox 420 298 562 333; x_wconf 84' lang='grc' dir='ltr'>λατρείας;</span> <span class='ocrx_word' id='word_1_34' title='bbox 590 298 660 325; x_wconf 80' lang='grc' dir='ltr'>Ἀλλ’</span> <span class='ocrx_word' id='word_1_35' title='bbox 680 299 745 330; x_wconf 83' lang='grc' dir='ltr'>ἴσως</span> <span class='ocrx_word' id='word_1_36' title='bbox 759 299 830 334; x_wconf 78' lang='grc' dir='ltr'>ἐρεῖ·</span> <span class='ocrx_word' id='word_1_37' title='bbox 849 297 911 329; x_wconf 87' lang='grc' dir='ltr'>Πῶς</span> 
     </span>
    </p>
   </div>
   <div class='ocr_carea' id='block_1_8' title="bbox 122 342 911 382">
    <p class='ocr_par' dir='ltr' id='par_1_8' title="bbox 122 342 911 382">
     <span class='ocr_line' id='line_1_8' title="bbox 122 342 911 382; baseline -0.004 -9"><span class='ocrx_word' id='word_1_38' title='bbox 122 345 171 373; x_wconf 81' lang='grc' dir='ltr'>οὖν</span> <span class='ocrx_word' id='word_1_39' title='bbox 188 346 285 382; x_wconf 80' lang='grc' dir='ltr'>ὁρᾶται</span> <span class='ocrx_word' id='word_1_40' title='bbox 301 345 335 372; x_wconf 76' lang='grc' dir='ltr'><strong>τά</strong></span> <span class='ocrx_word' id='word_1_41' title='bbox 353 344 442 371; x_wconf 85' lang='grc' dir='ltr'>τοιάδε</span> <span class='ocrx_word' id='word_1_42' title='bbox 458 344 644 376; x_wconf 73' lang='grc' dir='ltr'>τεθεσπικώςς</span> <span class='ocrx_word' id='word_1_43' title='bbox 660 342 699 371; x_wconf 79' lang='grc' dir='ltr'><strong>’Ἦ</strong></span> <span class='ocrx_word' id='word_1_44' title='bbox 715 345 784 379; x_wconf 86' lang='grc' dir='ltr'>τάχα</span> <span class='ocrx_word' id='word_1_45' title='bbox 799 352 849 370; x_wconf 85' lang='grc' dir='ltr'><strong>που</strong></span> <span class='ocrx_word' id='word_1_46' title='bbox 863 352 911 370; x_wconf 85' lang='grc' dir='ltr'>πε-</span> 
     </span>
    </p>
   </div>
   <div class='ocr_carea' id='block_1_9' title="bbox 124 389 911 426">
    <p class='ocr_par' dir='ltr' id='par_1_9' title="bbox 124 389 911 426">
     <span class='ocr_line' id='line_1_9' title="bbox 124 389 911 426; baseline -0.003 -9"><span class='ocrx_word' id='word_1_47' title='bbox 124 392 273 426; x_wconf 80' lang='grc' dir='ltr'>φενάκικεν</span> <span class='ocrx_word' id='word_1_48' title='bbox 289 392 303 417; x_wconf 84' lang='grc' dir='ltr'><strong><em>ὁ</em></strong></span> <span class='ocrx_word' id='word_1_49' title='bbox 318 390 421 425; x_wconf 86' lang='grc' dir='ltr'><strong>Μωσῆς</strong></span> <span class='ocrx_word' id='word_1_50' title='bbox 431 391 495 422; x_wconf 79' lang='grc' dir='ltr'>τοὺς</span> <span class='ocrx_word' id='word_1_51' title='bbox 516 390 724 425; x_wconf 75' lang='grc' dir='ltr'><strong>ἀρχαιοτέρους,</strong></span> <span class='ocrx_word' id='word_1_52' title='bbox 741 391 784 424; x_wconf 72' lang='grc' dir='ltr'><strong>ἐφ’</strong></span> <span class='ocrx_word' id='word_1_53' title='bbox 804 389 911 424; x_wconf 79' lang='grc' dir='ltr'><strong>ἑκάστῳ</strong></span> 
     </span>
    </p>
   </div>
   <div class='ocr_carea' id='block_1_10' title="bbox 121 435 912 471">
    <p class='ocr_par' dir='ltr' id='par_1_10' title="bbox 121 435 912 471">
     <span class='ocr_line' id='line_1_10' title="bbox 121 435 912 471; baseline -0.004 -7"><span class='ocrx_word' id='word_1_54' title='bbox 121 437 178 464; x_wconf 84' lang='grc' dir='ltr'>τῶν</span> <span class='ocrx_word' id='word_1_55' title='bbox 198 437 288 471; x_wconf 84' lang='grc' dir='ltr'>νόμων</span> <span class='ocrx_word' id='word_1_56' title='bbox 304 435 391 467; x_wconf 70' lang='grc' dir='ltr'>τιθεὶς</span> <span class='ocrx_word' id='word_1_57' title='bbox 403 436 444 468; x_wconf 81' lang='grc' dir='ltr'><strong>τὺ,</strong></span> <span class='ocrx_word' id='word_1_58' title='bbox 463 435 535 462; x_wconf 81' lang='grc' dir='ltr'>Τάδε</span> <span class='ocrx_word' id='word_1_59' title='bbox 549 435 630 470; x_wconf 78' lang='grc' dir='ltr'>λέγει</span> <span class='ocrx_word' id='word_1_60' title='bbox 642 435 747 470; x_wconf 84' lang='grc' dir='ltr'>Κύριος</span> <span class='ocrx_word' id='word_1_61' title='bbox 755 443 765 467; x_wconf 87' lang='grc'><strong><em>;</em></strong></span> <span class='ocrx_word' id='word_1_62' title='bbox 776 435 830 461; x_wconf 71' lang='grc' dir='ltr'><strong>Καὶ</strong></span> <span class='ocrx_word' id='word_1_63' title='bbox 843 435 912 469; x_wconf 83' lang='grc' dir='ltr'>πρός</span> 
     </span>
    </p>
   </div>
   <div class='ocr_carea' id='block_1_11' title="bbox 122 479 910 518">
    <p class='ocr_par' dir='ltr' id='par_1_11' title="bbox 122 479 910 518">
     <span class='ocr_line' id='line_1_11' title="bbox 122 479 910 518; baseline -0.005 -8"><span class='ocrx_word' id='word_1_64' title='bbox 122 493 155 518; x_wconf 86' lang='grc' dir='ltr'>γε</span> <span class='ocrx_word' id='word_1_65' title='bbox 171 482 251 509; x_wconf 79' lang='grc' dir='ltr'>τοῦτο</span> <span class='ocrx_word' id='word_1_66' title='bbox 261 481 377 517; x_wconf 76' lang='grc' dir='ltr'><strong>ἐροῦμεν</strong></span> <span class='ocrx_word' id='word_1_67' title='bbox 391 482 472 516; x_wconf 74' lang='grc' dir='ltr'>ἡμεῖς</span> <span class='ocrx_word' id='word_1_68' title='bbox 482 490 488 496; x_wconf 92' lang='grc'><strong>·</strong></span> <span class='ocrx_word' id='word_1_69' title='bbox 500 481 536 508; x_wconf 82' lang='grc' dir='ltr'><strong>Οὐ</strong></span> <span class='ocrx_word' id='word_1_70' title='bbox 550 480 715 516; x_wconf 80' lang='grc' dir='ltr'>ψευδηγόρος</span> <span class='ocrx_word' id='word_1_71' title='bbox 728 479 760 515; x_wconf 81' lang='grc' dir='ltr'><strong>ἦν</strong></span> <span class='ocrx_word' id='word_1_72' title='bbox 772 481 786 506; x_wconf 85' lang='grc' dir='ltr'>ὁ</span> <span class='ocrx_word' id='word_1_73' title='bbox 796 479 910 515; x_wconf 80' lang='grc' dir='ltr'><strong>Μωσῆς,</strong></span> 
     </span>
    </p>
   </div>
   <div class='ocr_carea' id='block_1_12' title="bbox 122 526 909 565">
    <p class='ocr_par' dir='ltr' id='par_1_12' title="bbox 122 526 909 565">
     <span class='ocr_line' id='line_1_12' title="bbox 122 526 909 565; baseline -0.004 -10"><span class='ocrx_word' id='word_1_74' title='bbox 122 530 236 565; x_wconf 86' lang='grc' dir='ltr'>γνήσιος</span> <span class='ocrx_word' id='word_1_75' title='bbox 246 529 273 555; x_wconf 83' lang='grc' dir='ltr'>δὲ</span> <span class='ocrx_word' id='word_1_76' title='bbox 290 527 388 563; x_wconf 83' lang='grc' dir='ltr'>μᾶλλον</span> <span class='ocrx_word' id='word_1_77' title='bbox 402 528 457 553; x_wconf 84' lang='grc' dir='ltr'><strong>τῶν</strong></span> <span class='ocrx_word' id='word_1_78' title='bbox 473 527 547 562; x_wconf 81' lang='grc' dir='ltr'><strong>παρά</strong></span> <span class='ocrx_word' id='word_1_79' title='bbox 558 526 626 553; x_wconf 83' lang='grc' dir='ltr'>Θεοῦ</span> <span class='ocrx_word' id='word_1_80' title='bbox 639 527 725 560; x_wconf 83' lang='grc' dir='ltr'>λόγων</span> <span class='ocrx_word' id='word_1_81' title='bbox 739 527 909 561; x_wconf 82' lang='grc' dir='ltr'>διακονητής·</span> 
     </span>
    </p>
   </div>
   <div class='ocr_carea' id='block_1_13' title="bbox 123 570 909 610">
    <p class='ocr_par' dir='ltr' id='par_1_13' title="bbox 123 570 909 610">
     <span class='ocr_line' id='line_1_13' title="bbox 123 570 909 610; baseline -0.004 -9"><span class='ocrx_word' id='word_1_82' title='bbox 123 576 137 601; x_wconf 82' lang='grc' dir='ltr'><strong>ὃ</strong></span> <span class='ocrx_word' id='word_1_83' title='bbox 151 583 183 609; x_wconf 87' lang='grc' dir='ltr'>γε</span> <span class='ocrx_word' id='word_1_84' title='bbox 203 574 257 610; x_wconf 87' lang='grc' dir='ltr'><strong>μὴν</strong></span> <span class='ocrx_word' id='word_1_85' title='bbox 273 574 303 599; x_wconf 83' lang='grc' dir='ltr'><strong>ὲν</strong></span> <span class='ocrx_word' id='word_1_86' title='bbox 313 573 458 609; x_wconf 86' lang='grc' dir='ltr'>γράμμασι</span> <span class='ocrx_word' id='word_1_87' title='bbox 466 573 557 607; x_wconf 83' lang='grc' dir='ltr'>νόμος,</span> <span class='ocrx_word' id='word_1_88' title='bbox 569 572 714 606; x_wconf 79' lang='grc' dir='ltr'>παιδευτὴς</span> <span class='ocrx_word' id='word_1_89' title='bbox 725 570 758 608; x_wconf 75' lang='grc' dir='ltr'><strong>ἦν</strong></span> <span class='ocrx_word' id='word_1_90' title='bbox 775 572 909 607; x_wconf 81' lang='grc' dir='ltr'>ἀφρόνων,</span> 
     </span>
    </p>
   </div>
   <div class='ocr_carea' id='block_1_14' title="bbox 124 614 912 654">
    <p class='ocr_par' dir='ltr' id='par_1_14' title="bbox 124 614 912 654">
     <span class='ocr_line' id='line_1_14' title="bbox 124 614 912 654; baseline -0.005 -7"><span class='ocrx_word' id='word_1_91' title='bbox 124 621 172 647; x_wconf 76' lang='grc' dir='ltr'>καὶ</span> <span class='ocrx_word' id='word_1_92' title='bbox 190 619 348 651; x_wconf 82' lang='grc' dir='ltr'>διδάσκαλος</span> <span class='ocrx_word' id='word_1_93' title='bbox 366 619 470 654; x_wconf 80' lang='grc' dir='ltr'><strong>νηπίων</strong></span> <span class='ocrx_word' id='word_1_94' title='bbox 480 627 486 633; x_wconf 89' lang='grc'>·</span> <span class='ocrx_word' id='word_1_95' title='bbox 505 618 556 652; x_wconf 80' lang='grc' dir='ltr'><strong>ἔφη</strong></span> <span class='ocrx_word' id='word_1_96' title='bbox 571 618 625 653; x_wconf 84' lang='grc' dir='ltr'><strong>γὰρ</strong></span> <span class='ocrx_word' id='word_1_97' title='bbox 636 614 686 645; x_wconf 85' lang='grc' dir='ltr'>ὧδε</span> <span class='ocrx_word' id='word_1_98' title='bbox 701 617 858 653; x_wconf 83' lang='grc' dir='ltr'>νομομαθὴς</span> <span class='ocrx_word' id='word_1_99' title='bbox 874 617 912 643; x_wconf 84' lang='grc' dir='ltr'><strong>ὢν</strong></span> 
     </span>
    </p>
   </div>
   <div class='ocr_carea' id='block_1_15' title="bbox 125 660 912 697">
    <p class='ocr_par' dir='ltr' id='par_1_15' title="bbox 125 660 912 697">
     <span class='ocr_line' id='line_1_15' title="bbox 125 660 912 697; baseline -0.006 -6"><span class='ocrx_word' id='word_1_100' title='bbox 125 666 139 691; x_wconf 83' lang='grc' dir='ltr'>ὁ</span> <span class='ocrx_word' id='word_1_101' title='bbox 159 664 282 696; x_wconf 80' lang='grc' dir='ltr'>Παῦλος·</span> <span class='ocrx_word' id='word_1_102' title='bbox 301 664 347 690; x_wconf 65' lang='grc' dir='ltr'>καὶ</span> <span class='ocrx_word' id='word_1_103' title='bbox 362 660 417 690; x_wconf 72' lang='grc' dir='ltr'><strong>οἶόν</strong></span> <span class='ocrx_word' id='word_1_104' title='bbox 428 671 483 689; x_wconf 88' lang='grc' dir='ltr'>τισι</span> <span class='ocrx_word' id='word_1_105' title='bbox 495 662 652 697; x_wconf 80' lang='grc' dir='ltr'>στοιχείοις,</span> <span class='ocrx_word' id='word_1_106' title='bbox 676 661 723 687; x_wconf 77' lang='grc' dir='ltr'><strong>καὶ</strong></span> <span class='ocrx_word' id='word_1_107' title='bbox 743 661 912 696; x_wconf 84' lang='grc' dir='ltr'><strong>μαθημάτων</strong></span> 
     </span>
    </p>
   </div>
   <div class='ocr_carea' id='block_1_16' title="bbox 127 707 913 746">
    <p class='ocr_par' dir='ltr' id='par_1_16' title="bbox 127 707 913 746">
     <span class='ocr_line' id='line_1_16' title="bbox 127 707 913 746; baseline -0.008 -8"><span class='ocrx_word' id='word_1_108' title='bbox 127 712 237 746; x_wconf 79' lang='grc' dir='ltr'><strong>ἀρχαῖς,</strong></span> <span class='ocrx_word' id='word_1_109' title='bbox 253 711 311 741; x_wconf 87' lang='grc' dir='ltr'>τοῖς</span> <span class='ocrx_word' id='word_1_110' title='bbox 329 708 543 745; x_wconf 80' lang='grc' dir='ltr'>ὲμφανεστέροις</span> <span class='ocrx_word' id='word_1_111' title='bbox 562 707 710 743; x_wconf 84' lang='grc' dir='ltr'>κεχρῆσθαι</span> <span class='ocrx_word' id='word_1_112' title='bbox 724 707 820 741; x_wconf 84' lang='grc' dir='ltr'>λέγων,</span> <span class='ocrx_word' id='word_1_113' title='bbox 830 707 913 742; x_wconf 75' lang='grc' dir='ltr'>ἐμμε-</span> 
     </span>
    </p>
   </div>
   <div class='ocr_carea' id='block_1_17' title="bbox 127 751 912 791">
    <p class='ocr_par' dir='ltr' id='par_1_17' title="bbox 127 751 912 791">
     <span class='ocr_line' id='line_1_17' title="bbox 127 751 912 791; baseline -0.006 -9"><span class='ocrx_word' id='word_1_114' title='bbox 127 756 209 791; x_wconf 79' lang='grc' dir='ltr'>λετᾷν</span> <span class='ocrx_word' id='word_1_115' title='bbox 224 755 299 790; x_wconf 75' lang='grc' dir='ltr'>ἠφίει</span> <span class='ocrx_word' id='word_1_116' title='bbox 312 756 368 786; x_wconf 84' lang='grc' dir='ltr'>τοῖς</span> <span class='ocrx_word' id='word_1_117' title='bbox 380 753 475 785; x_wconf 80' lang='grc' dir='ltr'>τύποις</span> <span class='ocrx_word' id='word_1_118' title='bbox 485 753 534 788; x_wconf 87' lang='grc' dir='ltr'><strong>τῆν</strong></span> <span class='ocrx_word' id='word_1_119' title='bbox 547 753 685 788; x_wconf 79' lang='grc' dir='ltr'>ἀλήθειαν,</span> <span class='ocrx_word' id='word_1_120' title='bbox 694 751 912 787; x_wconf 75' lang='grc' dir='ltr'>καὶγυμνάσμα-</span> 
     </span>
    </p>
   </div>
   <div class='ocr_carea' id='block_1_18' title="bbox 129 795 912 836">
    <p class='ocr_par' dir='ltr' id='par_1_18' title="bbox 129 795 912 836">
     <span class='ocr_line' id='line_1_18' title="bbox 129 795 912 836; baseline -0.009 -8"><span class='ocrx_word' id='word_1_121' title='bbox 129 809 172 828; x_wconf 88' lang='grc' dir='ltr'><strong>σιν</strong></span> <span class='ocrx_word' id='word_1_122' title='bbox 188 800 404 836; x_wconf 85' lang='grc' dir='ltr'>νηπιοπρεπέσιν</span> <span class='ocrx_word' id='word_1_123' title='bbox 422 798 593 834; x_wconf 80' lang='grc' dir='ltr'>ὲντρίὸεσθαι</span> <span class='ocrx_word' id='word_1_124' title='bbox 611 797 689 829; x_wconf 84' lang='grc' dir='ltr'>τέως.</span> <span class='ocrx_word' id='word_1_125' title='bbox 706 795 761 823; x_wconf 84' lang='grc' dir='ltr'><strong>Ἦν</strong></span> <span class='ocrx_word' id='word_1_126' title='bbox 781 796 834 831; x_wconf 86' lang='grc' dir='ltr'><strong>γάρ</strong></span> <span class='ocrx_word' id='word_1_127' title='bbox 855 803 912 826; x_wconf 88' lang='grc' dir='ltr'>πως</span> 
     </span>
    </p>
   </div>
   <div class='ocr_carea' id='block_1_19' title="bbox 130 842 909 881">
    <p class='ocr_par' dir='ltr' id='par_1_19' title="bbox 130 842 909 881">
     <span class='ocr_line' id='line_1_19' title="bbox 130 842 909 881; baseline -0.008 -7"><span class='ocrx_word' id='word_1_128' title='bbox 130 847 277 881; x_wconf 76' lang='grc' dir='ltr'><strong>ἀνέφικτον</strong></span> <span class='ocrx_word' id='word_1_129' title='bbox 306 845 428 880; x_wconf 82' lang='grc' dir='ltr'>νεοπαγῆ</span> <span class='ocrx_word' id='word_1_130' title='bbox 460 844 528 880; x_wconf 79' lang='grc' dir='ltr'>πρὸς</span> <span class='ocrx_word' id='word_1_131' title='bbox 554 844 694 871; x_wconf 75' lang='grc' dir='ltr'>εὐσέϐειαν</span> <span class='ocrx_word' id='word_1_132' title='bbox 717 842 765 879; x_wconf 82' lang='grc' dir='ltr'>τὴν</span> <span class='ocrx_word' id='word_1_133' title='bbox 789 843 909 869; x_wconf 81' lang='grc' dir='ltr'>διάνοιαν</span> 
     </span>
    </p>
   </div>
   <div class='ocr_carea' id='block_1_20' title="bbox 962 254 1743 290">
    <p class='ocr_par' dir='ltr' id='par_1_20' title="bbox 962 254 1743 290">
     <span class='ocr_line' id='line_1_20' title="bbox 962 254 1743 290; baseline 0.003 -10"><span class='ocrx_word' id='word_1_134' title='bbox 962 255 1110 281; x_wconf 87' lang='lat' dir='ltr'><strong>oralionem</strong></span> <span class='ocrx_word' id='word_1_135' title='bbox 1132 259 1159 281; x_wconf 89' lang='lat' dir='ltr'><strong>et</strong></span> <span class='ocrx_word' id='word_1_136' title='bbox 1176 254 1276 281; x_wconf 91' lang='lat' dir='ltr'><strong>cultum</strong></span> <span class='ocrx_word' id='word_1_137' title='bbox 1301 254 1327 282; x_wconf 92' lang='lat' dir='ltr'><strong>in</strong></span> <span class='ocrx_word' id='word_1_138' title='bbox 1350 254 1446 290; x_wconf 90' lang='lat' dir='ltr'><strong>spiritu</strong></span> <span class='ocrx_word' id='word_1_139' title='bbox 1464 260 1492 282; x_wconf 88' lang='lat' dir='ltr'><strong>et</strong></span> <span class='ocrx_word' id='word_1_140' title='bbox 1515 255 1629 282; x_wconf 82' lang='lat' dir='ltr'><strong>veritate</strong></span> <span class='ocrx_word' id='word_1_141' title='bbox 1654 257 1743 289; x_wconf 96' lang='lat' dir='ltr'><strong>potius</strong></span> 
     </span>
    </p>
   </div>
   <div class='ocr_carea' id='block_1_21' title="bbox 961 299 1744 334">
    <p class='ocr_par' dir='ltr' id='par_1_21' title="bbox 961 299 1744 334">
     <span class='ocr_line' id='line_1_21' title="bbox 961 299 1744 334; baseline 0.003 -8"><span class='ocrx_word' id='word_1_142' title='bbox 961 299 1110 334; x_wconf 74' lang='lat' dir='ltr'><strong>expetere?</strong></span> <span class='ocrx_word' id='word_1_143' title='bbox 1129 299 1182 327; x_wconf 87' lang='lat' dir='ltr'><strong>Sed</strong></span> <span class='ocrx_word' id='word_1_144' title='bbox 1210 299 1302 328; x_wconf 78' lang='lat' dir='ltr'><strong>forsan</strong></span> <span class='ocrx_word' id='word_1_145' title='bbox 1326 300 1455 334; x_wconf 90' lang='lat' dir='ltr'><strong>inquiet:</strong></span> <span class='ocrx_word' id='word_1_146' title='bbox 1477 300 1616 333; x_wconf 85' lang='lat' dir='ltr'><strong>Quomodo</strong></span> <span class='ocrx_word' id='word_1_147' title='bbox 1639 301 1744 328; x_wconf 83' lang='lat' dir='ltr'><strong>videtur</strong></span> 
     </span>
    </p>
   </div>
   <div class='ocr_carea' id='block_1_22' title="bbox 962 346 1746 381">
    <p class='ocr_par' dir='ltr' id='par_1_22' title="bbox 962 346 1746 381">
     <span class='ocr_line' id='line_1_22' title="bbox 962 346 1746 381; baseline 0.001 -8"><span class='ocrx_word' id='word_1_148' title='bbox 962 353 1027 380; x_wconf 74' lang='lat' dir='ltr'><strong>ergo</strong></span> <span class='ocrx_word' id='word_1_149' title='bbox 1053 346 1113 373; x_wconf 73' lang='lat' dir='ltr'><strong>haec</strong></span> <span class='ocrx_word' id='word_1_150' title='bbox 1139 346 1325 381; x_wconf 69' lang='lat' dir='ltr'><strong>praecepisse?</strong></span> <span class='ocrx_word' id='word_1_151' title='bbox 1360 346 1427 374; x_wconf 86' lang='lat' dir='ltr'><strong>Num</strong></span> <span class='ocrx_word' id='word_1_152' title='bbox 1458 346 1528 373; x_wconf 87' lang='lat' dir='ltr'><strong>forte</strong></span> <span class='ocrx_word' id='word_1_153' title='bbox 1556 346 1643 374; x_wconf 83' lang='lat' dir='ltr'><strong>Moses</strong></span> <span class='ocrx_word' id='word_1_154' title='bbox 1672 352 1746 374; x_wconf 62' lang='lat' dir='ltr'><strong>vete&lt;</strong></span> 
     </span>
    </p>
   </div>
   <div class='ocr_carea' id='block_1_23' title="bbox 963 390 1746 428">
    <p class='ocr_par' dir='ltr' id='par_1_23' title="bbox 963 390 1746 428">
     <span class='ocr_line' id='line_1_23' title="bbox 963 390 1746 428; baseline 0.004 -11"><span class='ocrx_word' id='word_1_155' title='bbox 963 390 1038 418; x_wconf 90' lang='lat' dir='ltr'><strong>ribus</strong></span> <span class='ocrx_word' id='word_1_156' title='bbox 1060 391 1202 425; x_wconf 89' lang='lat' dir='ltr'><strong>imposuit,</strong></span> <span class='ocrx_word' id='word_1_157' title='bbox 1225 399 1286 418; x_wconf 91' lang='lat' dir='ltr'><strong>cum</strong></span> <span class='ocrx_word' id='word_1_158' title='bbox 1310 392 1422 427; x_wconf 76' lang='lat' dir='ltr'><strong>singulis</strong></span> <span class='ocrx_word' id='word_1_159' title='bbox 1447 392 1551 426; x_wconf 78' lang='lat' dir='ltr'><strong>legibus</strong></span> <span class='ocrx_word' id='word_1_160' title='bbox 1577 399 1746 428; x_wconf 75' lang='lat' dir='ltr'><strong>praeponeret</strong></span> 
     </span>
    </p>
   </div>
   <div class='ocr_carea' id='block_1_24' title="bbox 963 436 1745 472">
    <p class='ocr_par' dir='ltr' id='par_1_24' title="bbox 963 436 1745 472">
     <span class='ocr_line' id='line_1_24' title="bbox 963 436 1745 472; baseline 0.004 -9"><span class='ocrx_word' id='word_1_161' title='bbox 963 436 1033 464; x_wconf 90' lang='lat' dir='ltr'><strong>istud</strong></span> <span class='ocrx_word' id='word_1_162' title='bbox 1049 445 1057 464; x_wconf 83' lang='lat'><strong>:</strong></span> <span class='ocrx_word' id='word_1_163' title='bbox 1072 436 1136 464; x_wconf 75' lang='grc' dir='ltr'>Ηιῑιε</span> <span class='ocrx_word' id='word_1_164' title='bbox 1151 437 1215 464; x_wconf 78' lang='lat' dir='ltr'><strong>dicit</strong></span> <span class='ocrx_word' id='word_1_165' title='bbox 1232 437 1358 464; x_wconf 77' lang='lat' dir='ltr'><strong>Dominus</strong></span> <span class='ocrx_word' id='word_1_166' title='bbox 1368 438 1380 464; x_wconf 82' lang='lat'><strong><em>?</em></strong></span> <span class='ocrx_word' id='word_1_167' title='bbox 1390 437 1430 464; x_wconf 90' lang='lat' dir='ltr'><strong>Ad</strong></span> <span class='ocrx_word' id='word_1_168' title='bbox 1452 437 1503 464; x_wconf 90' lang='lat' dir='ltr'><strong>hoc</strong></span> <span class='ocrx_word' id='word_1_169' title='bbox 1518 446 1624 472; x_wconf 86' lang='lat' dir='ltr'><strong>quoque</strong></span> <span class='ocrx_word' id='word_1_170' title='bbox 1641 447 1689 466; x_wconf 91' lang='lat' dir='ltr'><strong>nos</strong></span> <span class='ocrx_word' id='word_1_171' title='bbox 1704 447 1745 466; x_wconf 90' lang='lat' dir='ltr'><strong>re-</strong></span> 
     </span>
    </p>
   </div>
   <div class='ocr_carea' id='block_1_25' title="bbox 962 483 1745 517">
    <p class='ocr_par' dir='ltr' id='par_1_25' title="bbox 962 483 1745 517">
     <span class='ocr_line' id='line_1_25' title="bbox 962 483 1745 517; baseline 0 -6"><span class='ocrx_word' id='word_1_172' title='bbox 962 484 1152 517; x_wconf 88' lang='lat' dir='ltr'><strong>spondebimus</strong></span> <span class='ocrx_word' id='word_1_173' title='bbox 1160 492 1167 510; x_wconf 90' lang='lat'><strong>:</strong></span> <span class='ocrx_word' id='word_1_174' title='bbox 1176 483 1235 511; x_wconf 87' lang='lat' dir='ltr'><strong>Non</strong></span> <span class='ocrx_word' id='word_1_175' title='bbox 1244 488 1303 511; x_wconf 89' lang='lat' dir='ltr'><strong>erat</strong></span> <span class='ocrx_word' id='word_1_176' title='bbox 1311 484 1424 511; x_wconf 82' lang='lat' dir='ltr'><strong>mendax</strong></span> <span class='ocrx_word' id='word_1_177' title='bbox 1433 484 1581 516; x_wconf 79' lang='lat' dir='ltr'><strong>Moses,sed</strong></span> <span class='ocrx_word' id='word_1_178' title='bbox 1592 485 1745 511; x_wconf 89' lang='lat' dir='ltr'><strong>divinorum</strong></span> 
     </span>
    </p>
   </div>
   <div class='ocr_carea' id='block_1_26' title="bbox 963 529 1746 564">
    <p class='ocr_par' dir='ltr' id='par_1_26' title="bbox 963 529 1746 564">
     <span class='ocr_line' id='line_1_26' title="bbox 963 529 1746 564; baseline 0.001 -9"><span class='ocrx_word' id='word_1_179' title='bbox 963 529 1057 562; x_wconf 87' lang='lat' dir='ltr'><strong>potius</strong></span> <span class='ocrx_word' id='word_1_180' title='bbox 1071 529 1243 557; x_wconf 87' lang='lat' dir='ltr'><strong>oraculorum</strong></span> <span class='ocrx_word' id='word_1_181' title='bbox 1260 529 1383 557; x_wconf 88' lang='lat' dir='ltr'><strong>sincerus</strong></span> <span class='ocrx_word' id='word_1_182' title='bbox 1393 529 1562 557; x_wconf 78' lang='lat' dir='ltr'><strong>administer.</strong></span> <span class='ocrx_word' id='word_1_183' title='bbox 1576 530 1609 556; x_wconf 86' lang='lat' dir='ltr'><strong>Et</strong></span> <span class='ocrx_word' id='word_1_184' title='bbox 1625 529 1668 557; x_wconf 79' lang='lat' dir='ltr'><strong>lex</strong></span> <span class='ocrx_word' id='word_1_185' title='bbox 1686 530 1746 564; x_wconf 89' lang='lat' dir='ltr'><strong>qui-</strong></span> 
     </span>
    </p>
   </div>
   <div class='ocr_carea' id='block_1_27' title="bbox 962 574 1747 608">
    <p class='ocr_par' dir='ltr' id='par_1_27' title="bbox 962 574 1747 608">
     <span class='ocr_line' id='line_1_27' title="bbox 962 574 1747 608; baseline 0.003 -8"><span class='ocrx_word' id='word_1_186' title='bbox 962 575 1034 606; x_wconf 86' lang='lat' dir='ltr'><strong>dem,</strong></span> <span class='ocrx_word' id='word_1_187' title='bbox 1045 582 1103 608; x_wconf 71' lang='lat' dir='ltr'><strong>qua:</strong></span> <span class='ocrx_word' id='word_1_188' title='bbox 1118 574 1206 602; x_wconf 87' lang='lat' dir='ltr'><strong>littera</strong></span> <span class='ocrx_word' id='word_1_189' title='bbox 1215 575 1417 608; x_wconf 88' lang='lat' dir='ltr'><strong>continebatur,</strong></span> <span class='ocrx_word' id='word_1_190' title='bbox 1431 575 1597 602; x_wconf 85' lang='lat' dir='ltr'><strong>emendatrix</strong></span> <span class='ocrx_word' id='word_1_191' title='bbox 1611 580 1670 602; x_wconf 88' lang='lat' dir='ltr'><strong>erat</strong></span> <span class='ocrx_word' id='word_1_192' title='bbox 1680 576 1747 602; x_wconf 84' lang='lat' dir='ltr'><strong>iusi-</strong></span> 
     </span>
    </p>
   </div>
   <div class='ocr_carea' id='block_1_28' title="bbox 963 619 1746 655">
    <p class='ocr_par' dir='ltr' id='par_1_28' title="bbox 963 619 1746 655">
     <span class='ocr_line' id='line_1_28' title="bbox 963 619 1746 655; baseline 0.004 -10"><span class='ocrx_word' id='word_1_193' title='bbox 963 619 1105 653; x_wconf 87' lang='lat' dir='ltr'><strong>pientium,</strong></span> <span class='ocrx_word' id='word_1_194' title='bbox 1118 625 1145 647; x_wconf 90' lang='lat' dir='ltr'><strong>et</strong></span> <span class='ocrx_word' id='word_1_195' title='bbox 1158 619 1284 655; x_wconf 78' lang='lat' dir='ltr'><strong>magistra</strong></span> <span class='ocrx_word' id='word_1_196' title='bbox 1300 620 1460 653; x_wconf 88' lang='lat' dir='ltr'><strong>infantium;</strong></span> <span class='ocrx_word' id='word_1_197' title='bbox 1476 621 1515 648; x_wconf 87' lang='lat' dir='ltr'><strong>sic</strong></span> <span class='ocrx_word' id='word_1_198' title='bbox 1530 621 1601 647; x_wconf 89' lang='lat' dir='ltr'><strong>enim</strong></span> <span class='ocrx_word' id='word_1_199' title='bbox 1617 621 1746 655; x_wconf 86' lang='lat' dir='ltr'><strong>loqueba-</strong></span> 
     </span>
    </p>
   </div>
   <div class='ocr_carea' id='block_1_29' title="bbox 964 664 1745 700">
    <p class='ocr_par' dir='ltr' id='par_1_29' title="bbox 964 664 1745 700">
     <span class='ocr_line' id='line_1_29' title="bbox 964 664 1745 700; baseline 0.004 -10"><span class='ocrx_word' id='word_1_200' title='bbox 964 664 1042 691; x_wconf 86' lang='lat' dir='ltr'><strong>turin</strong></span> <span class='ocrx_word' id='word_1_201' title='bbox 1063 665 1120 700; x_wconf 76' lang='lat' dir='ltr'><strong>lege</strong></span> <span class='ocrx_word' id='word_1_202' title='bbox 1130 672 1190 692; x_wconf 90' lang='lat' dir='ltr'><strong>cum</strong></span> <span class='ocrx_word' id='word_1_203' title='bbox 1203 666 1298 700; x_wconf 91' lang='lat' dir='ltr'><strong>primis</strong></span> <span class='ocrx_word' id='word_1_204' title='bbox 1312 665 1433 693; x_wconf 90' lang='lat' dir='ltr'><strong>eruditus</strong></span> <span class='ocrx_word' id='word_1_205' title='bbox 1450 666 1493 693; x_wconf 89' lang='lat' dir='ltr'><strong>ille</strong></span> <span class='ocrx_word' id='word_1_206' title='bbox 1501 665 1638 698; x_wconf 83' lang='lat' dir='ltr'><strong>Paulus“,</strong></span> <span class='ocrx_word' id='word_1_207' title='bbox 1654 671 1681 693; x_wconf 85' lang='lat' dir='ltr'><strong>et</strong></span> <span class='ocrx_word' id='word_1_208' title='bbox 1696 674 1745 694; x_wconf 88' lang='lat' dir='ltr'><strong>ceu</strong></span> 
     </span>
    </p>
   </div>
   <div class='ocr_carea' id='block_1_30' title="bbox 964 710 1745 746">
    <p class='ocr_par' dir='ltr' id='par_1_30' title="bbox 964 710 1745 746">
     <span class='ocr_line' id='line_1_30' title="bbox 964 710 1745 746; baseline 0.005 -11"><span class='ocrx_word' id='word_1_209' title='bbox 964 710 1122 744; x_wconf 84' lang='lat' dir='ltr'><strong>quibusdam</strong></span> <span class='ocrx_word' id='word_1_210' title='bbox 1143 711 1284 738; x_wconf 86' lang='lat' dir='ltr'><strong>elementis</strong></span> <span class='ocrx_word' id='word_1_211' title='bbox 1307 719 1340 738; x_wconf 86' lang='lat' dir='ltr'><strong>ac</strong></span> <span class='ocrx_word' id='word_1_212' title='bbox 1365 711 1569 746; x_wconf 82' lang='lat' dir='ltr'><strong>disciplinarum</strong></span> <span class='ocrx_word' id='word_1_213' title='bbox 1595 712 1745 740; x_wconf 86' lang='lat' dir='ltr'><strong>notioribus</strong></span> 
     </span>
    </p>
   </div>
   <div class='ocr_carea' id='block_1_31' title="bbox 965 755 1745 793">
    <p class='ocr_par' dir='ltr' id='par_1_31' title="bbox 965 755 1745 793">
     <span class='ocr_line' id='line_1_31' title="bbox 965 755 1745 793; baseline 0.005 -12"><span class='ocrx_word' id='word_1_214' title='bbox 965 755 1104 790; x_wconf 86' lang='lat' dir='ltr'><strong>principiis</strong></span> <span class='ocrx_word' id='word_1_215' title='bbox 1119 755 1275 790; x_wconf 82' lang='lat' dir='ltr'><strong>utijubcns,</strong></span> <span class='ocrx_word' id='word_1_216' title='bbox 1302 757 1328 783; x_wconf 91' lang='lat' dir='ltr'><strong>in</strong></span> <span class='ocrx_word' id='word_1_217' title='bbox 1348 757 1419 793; x_wconf 85' lang='lat' dir='ltr'><strong>typis</strong></span> <span class='ocrx_word' id='word_1_218' title='bbox 1441 765 1600 785; x_wconf 86' lang='lat' dir='ltr'><strong>assuescere</strong></span> <span class='ocrx_word' id='word_1_219' title='bbox 1623 759 1745 786; x_wconf 83' lang='lat' dir='ltr'><strong>veritatis</strong></span> 
     </span>
    </p>
   </div>
   <div class='ocr_carea' id='block_1_32' title="bbox 965 801 1746 838">
    <p class='ocr_par' dir='ltr' id='par_1_32' title="bbox 965 801 1746 838">
     <span class='ocr_line' id='line_1_32' title="bbox 965 801 1746 838; baseline 0.005 -11"><span class='ocrx_word' id='word_1_220' title='bbox 965 801 1132 828; x_wconf 77' lang='lat' dir='ltr'><strong>meditationi</strong></span> <span class='ocrx_word' id='word_1_221' title='bbox 1158 802 1350 835; x_wconf 76' lang='lat' dir='ltr'><strong>permittebat,</strong></span> <span class='ocrx_word' id='word_1_222' title='bbox 1374 807 1401 829; x_wconf 88' lang='lat' dir='ltr'><strong>et</strong></span> <span class='ocrx_word' id='word_1_223' title='bbox 1427 803 1455 830; x_wconf 94' lang='lat' dir='ltr'><strong>in</strong></span> <span class='ocrx_word' id='word_1_224' title='bbox 1478 803 1626 838; x_wconf 85' lang='lat' dir='ltr'><strong>puerilibus</strong></span> <span class='ocrx_word' id='word_1_225' title='bbox 1642 804 1746 831; x_wconf 86' lang='lat' dir='ltr'><strong>exerci-</strong></span> 
     </span>
    </p>
   </div>
   <div class='ocr_carea' id='block_1_33' title="bbox 967 847 1747 884">
    <p class='ocr_par' dir='ltr' id='par_1_33' title="bbox 967 847 1747 884">
     <span class='ocr_line' id='line_1_33' title="bbox 967 847 1747 884; baseline 0.006 -12"><span class='ocrx_word' id='word_1_226' title='bbox 967 847 1094 874; x_wconf 86' lang='lat' dir='ltr'><strong>tamentis</strong></span> <span class='ocrx_word' id='word_1_227' title='bbox 1111 847 1218 874; x_wconf 83' lang='lat' dir='ltr'><strong>interim</strong></span> <span class='ocrx_word' id='word_1_228' title='bbox 1235 849 1348 874; x_wconf 84' lang='lat' dir='ltr'><strong>versari.</strong></span> <span class='ocrx_word' id='word_1_229' title='bbox 1367 848 1417 875; x_wconf 67' lang='lat' dir='ltr'><strong>Vit</strong></span> <span class='ocrx_word' id='word_1_230' title='bbox 1430 850 1501 876; x_wconf 89' lang='lat' dir='ltr'><strong>enim</strong></span> <span class='ocrx_word' id='word_1_231' title='bbox 1519 849 1576 876; x_wconf 89' lang='lat' dir='ltr'><strong>ﬁeri</strong></span> <span class='ocrx_word' id='word_1_232' title='bbox 1593 855 1699 884; x_wconf 83' lang='lat' dir='ltr'><strong>poterat</strong></span> <span class='ocrx_word' id='word_1_233' title='bbox 1717 855 1747 877; x_wconf 86' lang='lat' dir='ltr'><strong>ut</strong></span> 
     </span>
    </p>
   </div>
   <div class='ocr_carea' id='block_1_34' title="bbox 130 880 914 927">
    <p class='ocr_par' dir='ltr' id='par_1_34' title="bbox 130 880 913 927">
     <span class='ocr_line' id='line_1_34' title="bbox 130 880 913 927; baseline -0.004 -9"><span class='ocrx_word' id='word_1_234' title='bbox 130 880 243 927; x_wconf 81' lang='grc' dir='ltr'>ἔχοντας</span> <span class='ocrx_word' id='word_1_235' title='bbox 268 893 331 923; x_wconf 74' lang='grc' dir='ltr'>τοὺς</span> <span class='ocrx_word' id='word_1_236' title='bbox 356 892 386 924; x_wconf 76' lang='grc' dir='ltr'>ἐξ</span> <span class='ocrx_word' id='word_1_237' title='bbox 413 891 531 926; x_wconf 81' lang='grc' dir='ltr'>Ἰσραὴλ,</span> <span class='ocrx_word' id='word_1_238' title='bbox 552 890 600 926; x_wconf 90' lang='grc' dir='ltr'><strong>τὴν</strong></span> <span class='ocrx_word' id='word_1_239' title='bbox 617 891 645 916; x_wconf 80' lang='grc' dir='ltr'><strong>ὲν</strong></span> <span class='ocrx_word' id='word_1_240' title='bbox 662 889 797 925; x_wconf 86' lang='grc' dir='ltr'>πνεύματί</span> <span class='ocrx_word' id='word_1_241' title='bbox 813 897 842 915; x_wconf 88' lang='grc' dir='ltr'><strong>τε</strong></span> <span class='ocrx_word' id='word_1_242' title='bbox 866 889 913 915; x_wconf 78' lang='grc' dir='ltr'>καὶ</span> 
     </span>
    </p>
   </div>
   <div class='ocr_carea' id='block_1_35' title="bbox 965 880 1748 927">
    <p class='ocr_par' dir='ltr' id='par_1_35' title="bbox 965 891 1748 927">
     <span class='ocr_line' id='line_1_35' title="bbox 965 891 1748 927; baseline 0.003 -8"><span class='ocrx_word' id='word_1_243' title='bbox 965 891 1103 924; x_wconf 53' lang='lat' dir='ltr'><strong>Israelita,</strong></span> <span class='ocrx_word' id='word_1_244' title='bbox 1117 893 1162 926; x_wconf 91' lang='lat' dir='ltr'><strong>qui</strong></span> <span class='ocrx_word' id='word_1_245' title='bbox 1189 893 1308 919; x_wconf 91' lang='lat' dir='ltr'><strong>animum</strong></span> <span class='ocrx_word' id='word_1_246' title='bbox 1331 893 1365 919; x_wconf 88' lang='lat' dir='ltr'><strong>ad</strong></span> <span class='ocrx_word' id='word_1_247' title='bbox 1380 893 1507 927; x_wconf 76' lang='lat' dir='ltr'><strong>pietatem</strong></span> <span class='ocrx_word' id='word_1_248' title='bbox 1526 901 1620 921; x_wconf 86' lang='lat' dir='ltr'><strong>recens</strong></span> <span class='ocrx_word' id='word_1_249' title='bbox 1645 894 1748 922; x_wconf 90' lang='lat' dir='ltr'><strong>forma-</strong></span> 
     </span>
    </p>
   </div>
   <div class='ocr_carea' id='block_1_36' title="bbox 131 935 912 973">
    <p class='ocr_par' dir='ltr' id='par_1_36' title="bbox 131 935 912 973">
     <span class='ocr_line' id='line_1_36' title="bbox 131 935 912 973; baseline -0.003 -9"><span class='ocrx_word' id='word_1_250' title='bbox 131 938 244 973; x_wconf 77' lang='grc' dir='ltr'><strong>ἀληθείᾳ</strong></span> <span class='ocrx_word' id='word_1_251' title='bbox 257 937 442 973; x_wconf 80' lang='grc' dir='ltr'>προσκύνησιν</span> <span class='ocrx_word' id='word_1_252' title='bbox 457 937 504 963; x_wconf 77' lang='grc' dir='ltr'>καὶ</span> <span class='ocrx_word' id='word_1_253' title='bbox 515 936 641 972; x_wconf 76' lang='grc' dir='ltr'><strong>λατρείαν</strong></span> <span class='ocrx_word' id='word_1_254' title='bbox 660 935 768 971; x_wconf 81' lang='grc' dir='ltr'>ἰσχύσαι</span> <span class='ocrx_word' id='word_1_255' title='bbox 781 935 912 971; x_wconf 82' lang='grc' dir='ltr'>πληροῦν,</span> 
     </span>
    </p>
   </div>
   <div class='ocr_carea' id='block_1_37' title="bbox 129 981 914 1018">
    <p class='ocr_par' dir='ltr' id='par_1_37' title="bbox 129 981 914 1018">
     <span class='ocr_line' id='line_1_37' title="bbox 129 981 914 1018; baseline -0.006 -7"><span class='ocrx_word' id='word_1_256' title='bbox 129 985 178 1012; x_wconf 73' lang='grc' dir='ltr'>καὶ</span> <span class='ocrx_word' id='word_1_257' title='bbox 191 984 241 1018; x_wconf 85' lang='grc' dir='ltr'>τῆς</span> <span class='ocrx_word' id='word_1_258' title='bbox 256 984 342 1016; x_wconf 70' lang='grc' dir='ltr'>οὕτως</span> <span class='ocrx_word' id='word_1_259' title='bbox 354 983 468 1017; x_wconf 76' lang='grc' dir='ltr'>εὐαγοῦς</span> <span class='ocrx_word' id='word_1_260' title='bbox 483 983 530 1008; x_wconf 74' lang='grc' dir='ltr'>καὶ</span> <span class='ocrx_word' id='word_1_261' title='bbox 542 981 739 1017; x_wconf 75' lang='grc' dir='ltr'><strong>καθαρωτάτης</strong></span> <span class='ocrx_word' id='word_1_262' title='bbox 750 981 832 1016; x_wconf 83' lang='grc' dir='ltr'><strong>ζωῆς,</strong></span> <span class='ocrx_word' id='word_1_263' title='bbox 843 981 914 1015; x_wconf 71' lang='grc' dir='ltr'>φημὶ</span> 
     </span>
    </p>
   </div>
   <div class='ocr_carea' id='block_1_38' title="bbox 128 1027 914 1066">
    <p class='ocr_par' dir='ltr' id='par_1_38' title="bbox 128 1027 914 1066">
     <span class='ocr_line' id='line_1_38' title="bbox 128 1027 914 1066; baseline -0.006 -9"><span class='ocrx_word' id='word_1_264' title='bbox 128 1031 161 1066; x_wconf 82' lang='grc' dir='ltr'><strong>δὴ</strong></span> <span class='ocrx_word' id='word_1_265' title='bbox 176 1031 226 1064; x_wconf 80' lang='grc' dir='ltr'>τῆς</span> <span class='ocrx_word' id='word_1_266' title='bbox 240 1029 434 1064; x_wconf 75' lang='grc' dir='ltr'>εὐαγγελικῆς,</span> <span class='ocrx_word' id='word_1_267' title='bbox 448 1029 491 1055; x_wconf 83' lang='grc' dir='ltr'>τὸν</span> <span class='ocrx_word' id='word_1_268' title='bbox 510 1027 608 1064; x_wconf 78' lang='grc' dir='ltr'><strong>ἱδρῶτα</strong></span> <span class='ocrx_word' id='word_1_269' title='bbox 621 1028 776 1061; x_wconf 76' lang='grc' dir='ltr'>διενεγκεῖν.</span> <span class='ocrx_word' id='word_1_270' title='bbox 791 1028 914 1053; x_wconf 88' lang='grc' dir='ltr'>Δυσκατ-</span> 
     </span>
    </p>
   </div>
   <div class='ocr_carea' id='block_1_39' title="bbox 128 1071 915 1111">
    <p class='ocr_par' dir='ltr' id='par_1_39' title="bbox 128 1071 915 1111">
     <span class='ocr_line' id='line_1_39' title="bbox 128 1071 915 1111; baseline -0.006 -9"><span class='ocrx_word' id='word_1_271' title='bbox 128 1076 247 1111; x_wconf 78' lang='grc' dir='ltr'>ὁρθωτος</span> <span class='ocrx_word' id='word_1_272' title='bbox 267 1075 321 1110; x_wconf 75' lang='grc' dir='ltr'><strong>γὰρ</strong></span> <span class='ocrx_word' id='word_1_273' title='bbox 335 1076 352 1110; x_wconf 80' lang='grc' dir='ltr'>ἡ</span> <span class='ocrx_word' id='word_1_274' title='bbox 368 1073 461 1109; x_wconf 86' lang='grc' dir='ltr'>ἁρετὴ,</span> <span class='ocrx_word' id='word_1_275' title='bbox 475 1074 522 1100; x_wconf 81' lang='grc' dir='ltr'>καὶ</span> <span class='ocrx_word' id='word_1_276' title='bbox 538 1073 568 1099; x_wconf 86' lang='grc' dir='ltr'><strong>οὐ</strong></span> <span class='ocrx_word' id='word_1_277' title='bbox 583 1073 692 1107; x_wconf 81' lang='grc' dir='ltr'>μικροῖς</span> <span class='ocrx_word' id='word_1_278' title='bbox 710 1072 848 1099; x_wconf 77' lang='grc' dir='ltr'>ἁλίσκεται</span> <span class='ocrx_word' id='word_1_279' title='bbox 867 1071 915 1097; x_wconf 84' lang='grc' dir='ltr'><strong>πό-</strong></span> 
     </span>
    </p>
   </div>
   <div class='ocr_carea' id='block_1_40' title="bbox 130 1118 914 1156">
    <p class='ocr_par' dir='ltr' id='par_1_40' title="bbox 130 1118 914 1156">
     <span class='ocr_line' id='line_1_40' title="bbox 130 1118 914 1156; baseline -0.004 -9"><span class='ocrx_word' id='word_1_280' title='bbox 130 1129 197 1152; x_wconf 82' lang='grc' dir='ltr'>νοις.</span> <span class='ocrx_word' id='word_1_281' title='bbox 218 1121 335 1156; x_wconf 78' lang='grc' dir='ltr'>Ἀριστα</span> <span class='ocrx_word' id='word_1_282' title='bbox 349 1120 377 1146; x_wconf 83' lang='grc' dir='ltr'><strong>δέ</strong></span> <span class='ocrx_word' id='word_1_283' title='bbox 390 1128 434 1155; x_wconf 87' lang='grc' dir='ltr'><strong>μοι</strong></span> <span class='ocrx_word' id='word_1_284' title='bbox 448 1119 521 1146; x_wconf 86' lang='grc' dir='ltr'>δοκεῖ</span> <span class='ocrx_word' id='word_1_285' title='bbox 536 1119 619 1153; x_wconf 79' lang='grc' dir='ltr'>φάναι</span> <span class='ocrx_word' id='word_1_286' title='bbox 637 1127 680 1150; x_wconf 85' lang='grc' dir='ltr'><strong>τις</strong></span> <span class='ocrx_word' id='word_1_287' title='bbox 703 1118 757 1145; x_wconf 86' lang='grc' dir='ltr'>τῶν</span> <span class='ocrx_word' id='word_1_288' title='bbox 772 1119 837 1154; x_wconf 86' lang='grc' dir='ltr'>παρ’</span> <span class='ocrx_word' id='word_1_289' title='bbox 849 1118 914 1145; x_wconf 83' lang='grc' dir='ltr'><strong>’Ἐλ-</strong></span> 
     </span>
    </p>
   </div>
   <div class='ocr_carea' id='block_1_41' title="bbox 130 1164 342 1202">
    <p class='ocr_par' dir='ltr' id='par_1_41' title="bbox 130 1164 342 1202">
     <span class='ocr_line' id='line_1_41' title="bbox 130 1164 342 1202; baseline -0.005 -10"><span class='ocrx_word' id='word_1_290' title='bbox 130 1167 193 1202; x_wconf 84' lang='grc' dir='ltr'>λησι</span> <span class='ocrx_word' id='word_1_291' title='bbox 204 1164 324 1200; x_wconf 86' lang='grc' dir='ltr'>ποιητῶν</span> <span class='ocrx_word' id='word_1_292' title='bbox 334 1173 342 1180; x_wconf 89' lang='grc'><strong>·</strong></span> 
     </span>
    </p>
   </div>
   <div class='ocr_carea' id='block_1_42' title="bbox 168 1219 795 1256">
    <p class='ocr_par' dir='ltr' id='par_1_42' title="bbox 168 1219 795 1256">
     <span class='ocr_line' id='line_1_42' title="bbox 168 1219 795 1256; baseline -0.003 -8"><span class='ocrx_word' id='word_1_293' title='bbox 168 1221 307 1256; x_wconf 70' lang='grc' dir='ltr'>Σμκροῖς</span> <span class='ocrx_word' id='word_1_294' title='bbox 318 1220 352 1247; x_wconf 76' lang='grc' dir='ltr'>δὲ</span> <span class='ocrx_word' id='word_1_295' title='bbox 371 1220 406 1246; x_wconf 88' lang='grc' dir='ltr'>τὰ</span> <span class='ocrx_word' id='word_1_296' title='bbox 414 1219 532 1256; x_wconf 73' lang='grc' dir='ltr'>μεγάλα</span> <span class='ocrx_word' id='word_1_297' title='bbox 545 1219 607 1256; x_wconf 54' lang='lat' dir='ltr'><strong>qui);</strong></span> <span class='ocrx_word' id='word_1_298' title='bbox 620 1219 683 1246; x_wconf 80' lang='grc' dir='ltr'>ἕλοι</span> <span class='ocrx_word' id='word_1_299' title='bbox 699 1228 743 1252; x_wconf 83' lang='grc' dir='ltr'><strong>τις</strong></span> <span class='ocrx_word' id='word_1_300' title='bbox 758 1219 795 1256; x_wconf 65' lang='grc' dir='ltr'><strong>ἂν</strong></span> 
     </span>
    </p>
   </div>
   <div class='ocr_carea' id='block_1_43' title="bbox 168 1254 829 1290">
    <p class='ocr_par' dir='ltr' id='par_1_43' title="bbox 168 1254 829 1290">
     <span class='ocr_line' id='line_1_43' title="bbox 168 1254 829 1290; baseline -0.005 -7"><span class='ocrx_word' id='word_1_301' title='bbox 168 1254 329 1288; x_wconf 78' lang='grc' dir='ltr'><strong>Πύνὸισιν;</strong></span> <span class='ocrx_word' id='word_1_302' title='bbox 342 1255 452 1290; x_wconf 81' lang='grc' dir='ltr'>ἀμαθὲς</span> <span class='ocrx_word' id='word_1_303' title='bbox 466 1256 515 1281; x_wconf 77' lang='grc' dir='ltr'>καὶ</span> <span class='ocrx_word' id='word_1_304' title='bbox 530 1255 563 1280; x_wconf 83' lang='grc' dir='ltr'>τὸ</span> <span class='ocrx_word' id='word_1_305' title='bbox 572 1255 737 1287; x_wconf 79' lang='grc' dir='ltr'>,βούλεσθαι</span> <span class='ocrx_word' id='word_1_306' title='bbox 750 1254 829 1280; x_wconf 83' lang='grc' dir='ltr'>τάδε.</span> 
     </span>
    </p>
   </div>
   <div class='ocr_carea' id='block_1_44' title="bbox 132 1312 915 1348">
    <p class='ocr_par' dir='ltr' id='par_1_44' title="bbox 132 1312 915 1348">
     <span class='ocr_line' id='line_1_44' title="bbox 132 1312 915 1348; baseline -0.003 -8"><span class='ocrx_word' id='word_1_307' title='bbox 132 1314 194 1340; x_wconf 76' lang='grc' dir='ltr'>Ὀτι</span> <span class='ocrx_word' id='word_1_308' title='bbox 210 1314 237 1340; x_wconf 80' lang='grc' dir='ltr'><strong>δὲ</strong></span> <span class='ocrx_word' id='word_1_309' title='bbox 250 1313 280 1340; x_wconf 79' lang='grc' dir='ltr'>τὸ</span> <span class='ocrx_word' id='word_1_310' title='bbox 290 1313 349 1340; x_wconf 86' lang='grc' dir='ltr'>λίαν</span> <span class='ocrx_word' id='word_1_311' title='bbox 364 1313 476 1348; x_wconf 74' lang='grc' dir='ltr'>ἀκριϐὲς</span> <span class='ocrx_word' id='word_1_312' title='bbox 486 1314 526 1345; x_wconf 85' lang='grc' dir='ltr'>εἰς</span> <span class='ocrx_word' id='word_1_313' title='bbox 541 1313 656 1345; x_wconf 77' lang='grc' dir='ltr'>εὐζωΐας</span> <span class='ocrx_word' id='word_1_314' title='bbox 672 1312 796 1347; x_wconf 82' lang='grc' dir='ltr'>δύναμιν,</span> <span class='ocrx_word' id='word_1_315' title='bbox 813 1312 861 1338; x_wconf 76' lang='grc' dir='ltr'><strong>καὶ</strong></span> <span class='ocrx_word' id='word_1_316' title='bbox 876 1312 915 1343; x_wconf 87' lang='grc' dir='ltr'><strong>είς</strong></span> 
     </span>
    </p>
   </div>
   <div class='ocr_carea' id='block_1_45' title="bbox 133 1358 917 1395">
    <p class='ocr_par' dir='ltr' id='par_1_45' title="bbox 133 1358 917 1395">
     <span class='ocr_line' id='line_1_45' title="bbox 133 1358 917 1395; baseline -0.003 -9"><span class='ocrx_word' id='word_1_317' title='bbox 133 1361 279 1395; x_wconf 67' lang='grc' dir='ltr'>ἰσχνότητα</span> <span class='ocrx_word' id='word_1_318' title='bbox 294 1359 343 1395; x_wconf 85' lang='grc' dir='ltr'>τὴν</span> <span class='ocrx_word' id='word_1_319' title='bbox 358 1359 535 1394; x_wconf 86' lang='grc' dir='ltr'>δογματικὴν,</span> <span class='ocrx_word' id='word_1_320' title='bbox 552 1359 692 1394; x_wconf 76' lang='grc' dir='ltr'>μονονουχὶ</span> <span class='ocrx_word' id='word_1_321' title='bbox 714 1359 760 1385; x_wconf 80' lang='grc' dir='ltr'>καὶ</span> <span class='ocrx_word' id='word_1_322' title='bbox 776 1358 917 1384; x_wconf 81' lang='grc' dir='ltr'>δυσδιακό-</span> 
     </span>
    </p>
   </div>
   <div class='ocr_carea' id='block_1_46' title="bbox 133 1402 916 1441">
    <p class='ocr_par' dir='ltr' id='par_1_46' title="bbox 133 1402 916 1441">
     <span class='ocr_line' id='line_1_46' title="bbox 133 1402 916 1441; baseline -0.003 -9"><span class='ocrx_word' id='word_1_323' title='bbox 133 1414 228 1441; x_wconf 77' lang='grc' dir='ltr'>μιστον</span> <span class='ocrx_word' id='word_1_324' title='bbox 243 1405 324 1441; x_wconf 82' lang='grc' dir='ltr'>ἄχθος</span> <span class='ocrx_word' id='word_1_325' title='bbox 334 1406 393 1436; x_wconf 88' lang='grc' dir='ltr'>ταῖς</span> <span class='ocrx_word' id='word_1_326' title='bbox 412 1404 544 1431; x_wconf 82' lang='grc' dir='ltr'>Ἰουδαίων</span> <span class='ocrx_word' id='word_1_327' title='bbox 557 1405 686 1436; x_wconf 85' lang='grc' dir='ltr'>διανοίαις</span> <span class='ocrx_word' id='word_1_328' title='bbox 696 1402 740 1440; x_wconf 78' lang='grc' dir='ltr'>ἦν,</span> <span class='ocrx_word' id='word_1_329' title='bbox 751 1405 916 1439; x_wconf 82' lang='grc' dir='ltr'>ἀποφήνειεν</span> 
     </span>
    </p>
   </div>
   <div class='ocr_carea' id='block_1_47' title="bbox 133 1451 914 1487">
    <p class='ocr_par' dir='ltr' id='par_1_47' title="bbox 133 1451 914 1487">
     <span class='ocr_line' id='line_1_47' title="bbox 133 1451 914 1487; baseline -0.003 -7"><span class='ocrx_word' id='word_1_330' title='bbox 133 1454 167 1480; x_wconf 81' lang='grc' dir='ltr'>ἂν</span> <span class='ocrx_word' id='word_1_331' title='bbox 181 1453 261 1484; x_wconf 80' lang='grc' dir='ltr'>αὑτός</span> <span class='ocrx_word' id='word_1_332' title='bbox 275 1461 326 1478; x_wconf 89' lang='grc' dir='ltr'><strong>που</strong></span> <span class='ocrx_word' id='word_1_333' title='bbox 340 1452 426 1486; x_wconf 89' lang='grc' dir='ltr'>λέγων</span> <span class='ocrx_word' id='word_1_334' title='bbox 438 1452 451 1478; x_wconf 86' lang='grc' dir='ltr'>ὁ</span> <span class='ocrx_word' id='word_1_335' title='bbox 466 1452 613 1487; x_wconf 82' lang='grc' dir='ltr'>νομοθέτης</span> <span class='ocrx_word' id='word_1_336' title='bbox 625 1451 668 1478; x_wconf 72' lang='grc' dir='ltr'><strong>διὰ</strong></span> <span class='ocrx_word' id='word_1_337' title='bbox 682 1452 773 1487; x_wconf 79' lang='grc' dir='ltr'>φωνῆς</span> <span class='ocrx_word' id='word_1_338' title='bbox 792 1451 914 1478; x_wconf 77' lang='grc' dir='ltr'>Ἡσαΐου’</span> 
     </span>
    </p>
   </div>
   <div class='ocr_carea' id='block_1_48' title="bbox 135 1497 917 1533">
    <p class='ocr_par' dir='ltr' id='par_1_48' title="bbox 135 1497 917 1533">
     <span class='ocr_line' id='line_1_48' title="bbox 135 1497 917 1533; baseline -0.001 -8"><span class='ocrx_word' id='word_1_339' title='bbox 135 1508 146 1524; x_wconf 73' lang='grc' dir='ltr'><strong>ι</strong></span> <span class='ocrx_word' id='word_1_340' title='bbox 163 1498 231 1525; x_wconf 80' lang='grc' dir='ltr'>Οὕτε</span> <span class='ocrx_word' id='word_1_341' title='bbox 244 1498 338 1533; x_wconf 72' lang='grc' dir='ltr'>ἔγνως,</span> <span class='ocrx_word' id='word_1_342' title='bbox 353 1497 415 1524; x_wconf 79' lang='grc' dir='ltr'>οὗτε</span> <span class='ocrx_word' id='word_1_343' title='bbox 433 1498 576 1532; x_wconf 74' lang='grc' dir='ltr'>ἠπίστασο,</span> <span class='ocrx_word' id='word_1_344' title='bbox 591 1497 654 1524; x_wconf 77' lang='grc' dir='ltr'>οὔτε</span> <span class='ocrx_word' id='word_1_345' title='bbox 665 1498 712 1524; x_wconf 82' lang='grc' dir='ltr'><strong>ἀπ’</strong></span> <span class='ocrx_word' id='word_1_346' title='bbox 726 1498 813 1533; x_wconf 82' lang='grc' dir='ltr'>ἀρχῆς</span> <span class='ocrx_word' id='word_1_347' title='bbox 823 1498 917 1533; x_wconf 80' lang='grc' dir='ltr'>ἣνοιξά</span> 
     </span>
    </p>
   </div>
   <div class='ocr_carea' id='block_1_49' title="bbox 965 937 1746 975">
    <p class='ocr_par' dir='ltr' id='par_1_49' title="bbox 965 937 1746 975">
     <span class='ocr_line' id='line_1_49' title="bbox 965 937 1746 975; baseline 0.004 -11"><span class='ocrx_word' id='word_1_348' title='bbox 965 943 1019 964; x_wconf 82' lang='lat' dir='ltr'><strong>tum</strong></span> <span class='ocrx_word' id='word_1_349' title='bbox 1035 937 1170 966; x_wconf 73' lang='lat' dir='ltr'><strong>habebant</strong></span> <span class='ocrx_word' id='word_1_350' title='bbox 1189 958 1196 970; x_wconf 99' lang='lat'><strong>,</strong></span> <span class='ocrx_word' id='word_1_351' title='bbox 1222 938 1408 965; x_wconf 84' lang='lat' dir='ltr'><strong>adoratiouem</strong></span> <span class='ocrx_word' id='word_1_352' title='bbox 1424 943 1451 965; x_wconf 85' lang='lat' dir='ltr'><strong>et</strong></span> <span class='ocrx_word' id='word_1_353' title='bbox 1474 939 1576 967; x_wconf 90' lang='lat' dir='ltr'><strong>cultum</strong></span> <span class='ocrx_word' id='word_1_354' title='bbox 1601 941 1625 967; x_wconf 91' lang='lat' dir='ltr'><strong>in</strong></span> <span class='ocrx_word' id='word_1_355' title='bbox 1649 941 1746 975; x_wconf 85' lang='lat' dir='ltr'><strong>spiritu</strong></span> 
     </span>
    </p>
   </div>
   <div class='ocr_carea' id='block_1_50' title="bbox 964 983 1747 1019">
    <p class='ocr_par' dir='ltr' id='par_1_50' title="bbox 964 983 1747 1019">
     <span class='ocr_line' id='line_1_50' title="bbox 964 983 1747 1019; baseline 0.004 -9"><span class='ocrx_word' id='word_1_356' title='bbox 964 991 996 1011; x_wconf 88' lang='lat' dir='ltr'><strong>ac</strong></span> <span class='ocrx_word' id='word_1_357' title='bbox 1022 984 1138 1011; x_wconf 89' lang='lat' dir='ltr'><strong>veritate</strong></span> <span class='ocrx_word' id='word_1_358' title='bbox 1159 983 1271 1019; x_wconf 85' lang='lat' dir='ltr'><strong>implere</strong></span> <span class='ocrx_word' id='word_1_359' title='bbox 1291 984 1431 1018; x_wconf 80' lang='lat' dir='ltr'><strong>valerent,</strong></span> <span class='ocrx_word' id='word_1_360' title='bbox 1453 990 1481 1012; x_wconf 86' lang='lat' dir='ltr'><strong>ct</strong></span> <span class='ocrx_word' id='word_1_361' title='bbox 1508 989 1562 1012; x_wconf 84' lang='lat' dir='ltr'><strong>tam</strong></span> <span class='ocrx_word' id='word_1_362' title='bbox 1590 990 1691 1013; x_wconf 65' lang='lat' dir='ltr'><strong>sanctae</strong></span> <span class='ocrx_word' id='word_1_363' title='bbox 1715 994 1747 1014; x_wconf 88' lang='lat' dir='ltr'><strong>ac</strong></span> 
     </span>
    </p>
   </div>
   <div class='ocr_carea' id='block_1_51' title="bbox 964 1030 1748 1065">
    <p class='ocr_par' dir='ltr' id='par_1_51' title="bbox 964 1030 1748 1065">
     <span class='ocr_line' id='line_1_51' title="bbox 964 1030 1748 1065; baseline 0.004 -9"><span class='ocrx_word' id='word_1_364' title='bbox 964 1030 1114 1064; x_wconf 79' lang='lat' dir='ltr'><strong>purissima:</strong></span> <span class='ocrx_word' id='word_1_365' title='bbox 1142 1030 1202 1057; x_wconf 56' lang='lat' dir='ltr'><strong>vita).</strong></span> <span class='ocrx_word' id='word_1_366' title='bbox 1221 1051 1229 1063; x_wconf 91' lang='lat'><strong>,</strong></span> <span class='ocrx_word' id='word_1_367' title='bbox 1255 1030 1417 1064; x_wconf 70' lang='lat' dir='ltr'><strong>evangelicte</strong></span> <span class='ocrx_word' id='word_1_368' title='bbox 1442 1031 1570 1058; x_wconf 89' lang='lat' dir='ltr'><strong>nimirum</strong></span> <span class='ocrx_word' id='word_1_369' title='bbox 1586 1050 1593 1063; x_wconf 92' lang='lat'><strong>,</strong></span> <span class='ocrx_word' id='word_1_370' title='bbox 1627 1031 1748 1065; x_wconf 75' lang='lat' dir='ltr'><strong>perferre</strong></span> 
     </span>
    </p>
   </div>
   <div class='ocr_carea' id='block_1_52' title="bbox 964 1075 1746 1111">
    <p class='ocr_par' dir='ltr' id='par_1_52' title="bbox 964 1075 1746 1111">
     <span class='ocr_line' id='line_1_52' title="bbox 964 1075 1746 1111; baseline 0.004 -9"><span class='ocrx_word' id='word_1_371' title='bbox 964 1075 1100 1102; x_wconf 88' lang='lat' dir='ltr'><strong>sudorem.</strong></span> <span class='ocrx_word' id='word_1_372' title='bbox 1127 1075 1218 1103; x_wconf 84' lang='lat' dir='ltr'><strong>Virtus</strong></span> <span class='ocrx_word' id='word_1_373' title='bbox 1238 1076 1308 1103; x_wconf 87' lang='lat' dir='ltr'><strong>enim</strong></span> <span class='ocrx_word' id='word_1_374' title='bbox 1329 1084 1381 1102; x_wconf 92' lang='lat' dir='ltr'><strong>nou</strong></span> <span class='ocrx_word' id='word_1_375' title='bbox 1404 1076 1484 1103; x_wconf 82' lang='lat' dir='ltr'><strong>facile</strong></span> <span class='ocrx_word' id='word_1_376' title='bbox 1506 1077 1667 1111; x_wconf 87' lang='lat' dir='ltr'><strong>perﬁcitur,</strong></span> <span class='ocrx_word' id='word_1_377' title='bbox 1696 1085 1746 1105; x_wconf 87' lang='lat' dir='ltr'><strong>nec</strong></span> 
     </span>
    </p>
   </div>
   <div class='ocr_carea' id='block_1_53' title="bbox 966 1121 1748 1157">
    <p class='ocr_par' dir='ltr' id='par_1_53' title="bbox 966 1121 1748 1157">
     <span class='ocr_line' id='line_1_53' title="bbox 966 1121 1748 1157; baseline 0.005 -11"><span class='ocrx_word' id='word_1_378' title='bbox 966 1121 1104 1148; x_wconf 76' lang='lat' dir='ltr'><strong>laboribus</strong></span> <span class='ocrx_word' id='word_1_379' title='bbox 1118 1122 1223 1156; x_wconf 80' lang='lat' dir='ltr'><strong>exiguis</strong></span> <span class='ocrx_word' id='word_1_380' title='bbox 1237 1127 1422 1156; x_wconf 73' lang='lat' dir='ltr'><strong>comparatur.</strong></span> <span class='ocrx_word' id='word_1_381' title='bbox 1448 1121 1556 1157; x_wconf 85' lang='lat' dir='ltr'><strong>Optime</strong></span> <span class='ocrx_word' id='word_1_382' title='bbox 1569 1128 1658 1150; x_wconf 85' lang='lat' dir='ltr'><strong>autent</strong></span> <span class='ocrx_word' id='word_1_383' title='bbox 1681 1123 1748 1151; x_wconf 79' lang='lat' dir='ltr'><strong>mihi</strong></span> 
     </span>
    </p>
   </div>
   <div class='ocr_carea' id='block_1_54' title="bbox 965 1166 1622 1204">
    <p class='ocr_par' dir='ltr' id='par_1_54' title="bbox 965 1166 1622 1204">
     <span class='ocr_line' id='line_1_54' title="bbox 965 1166 1622 1204; baseline 0.003 -12"><span class='ocrx_word' id='word_1_384' title='bbox 965 1166 1065 1193; x_wconf 75' lang='lat' dir='ltr'><strong>dixisse</strong></span> <span class='ocrx_word' id='word_1_385' title='bbox 1080 1167 1185 1194; x_wconf 81' lang='lat' dir='ltr'><strong>videtur</strong></span> <span class='ocrx_word' id='word_1_386' title='bbox 1202 1174 1217 1194; x_wconf 92' lang='lat' dir='ltr'><strong>e</strong></span> <span class='ocrx_word' id='word_1_387' title='bbox 1231 1167 1316 1202; x_wconf 87' lang='lat' dir='ltr'><strong>poetis</strong></span> <span class='ocrx_word' id='word_1_388' title='bbox 1328 1167 1480 1196; x_wconf 64' lang='lat' dir='ltr'><strong>Graecorum</strong></span> <span class='ocrx_word' id='word_1_389' title='bbox 1499 1168 1594 1204; x_wconf 82' lang='lat' dir='ltr'><strong>aliquis</strong></span> <span class='ocrx_word' id='word_1_390' title='bbox 1615 1177 1622 1194; x_wconf 88' lang='lat'>:</span> 
     </span>
    </p>
   </div>
   <div class='ocr_carea' id='block_1_55' title="bbox 965 1223 1661 1259">
    <p class='ocr_par' dir='ltr' id='par_1_55' title="bbox 965 1223 1661 1259">
     <span class='ocr_line' id='line_1_55' title="bbox 965 1223 1661 1259; baseline 0.007 -11"><span class='ocrx_word' id='word_1_391' title='bbox 965 1223 1047 1259; x_wconf 80' lang='lat'><strong>308</strong></span> <span class='ocrx_word' id='word_1_392' title='bbox 1076 1223 1127 1259; x_wconf 82' lang='lat' dir='ltr'><strong>Qui</strong></span> <span class='ocrx_word' id='word_1_393' title='bbox 1145 1232 1240 1259; x_wconf 84' lang='lat' dir='ltr'><strong>magna</strong></span> <span class='ocrx_word' id='word_1_394' title='bbox 1259 1226 1346 1259; x_wconf 71' lang='lat' dir='ltr'><strong>parvis</strong></span> <span class='ocrx_word' id='word_1_395' title='bbox 1360 1233 1493 1258; x_wconf 72' lang='lat' dir='ltr'><strong>compares</strong></span> <span class='ocrx_word' id='word_1_396' title='bbox 1504 1225 1661 1253; x_wconf 65' lang='lat' dir='ltr'><strong>laboribus?</strong></span> 
     </span>
    </p>
   </div>
   <div class='ocr_carea' id='block_1_56' title="bbox 1073 1258 1426 1294">
    <p class='ocr_par' dir='ltr' id='par_1_56' title="bbox 1073 1258 1426 1294">
     <span class='ocr_line' id='line_1_56' title="bbox 1073 1258 1426 1294; baseline 0 -9"><span class='ocrx_word' id='word_1_397' title='bbox 1073 1258 1172 1294; x_wconf 83' lang='lat' dir='ltr'><strong>Stupor</strong></span> <span class='ocrx_word' id='word_1_398' title='bbox 1183 1264 1220 1286; x_wconf 73' lang='lat' dir='ltr'><strong>est</strong></span> <span class='ocrx_word' id='word_1_399' title='bbox 1238 1258 1276 1286; x_wconf 69' lang='lat' dir='ltr'><strong>vel</strong></span> <span class='ocrx_word' id='word_1_400' title='bbox 1290 1261 1340 1287; x_wconf 74' lang='lat' dir='ltr'><strong>ista</strong></span> <span class='ocrx_word' id='word_1_401' title='bbox 1355 1260 1426 1287; x_wconf 77' lang='lat' dir='ltr'><strong>velle.</strong></span> 
     </span>
    </p>
   </div>
   <div class='ocr_carea' id='block_1_57' title="bbox 966 1315 1746 1350">
    <p class='ocr_par' dir='ltr' id='par_1_57' title="bbox 966 1315 1746 1350">
     <span class='ocr_line' id='line_1_57' title="bbox 966 1315 1746 1350; baseline 0.005 -9"><span class='ocrx_word' id='word_1_402' title='bbox 966 1315 1000 1341; x_wconf 86' lang='lat' dir='ltr'><strong>At</strong></span> <span class='ocrx_word' id='word_1_403' title='bbox 1012 1322 1076 1342; x_wconf 87' lang='lat' dir='ltr'><strong>vero</strong></span> <span class='ocrx_word' id='word_1_404' title='bbox 1097 1316 1168 1350; x_wconf 87' lang='lat' dir='ltr'><strong>quod</strong></span> <span class='ocrx_word' id='word_1_405' title='bbox 1187 1316 1392 1343; x_wconf 84' lang='lat' dir='ltr'><strong>accuratissima</strong></span> <span class='ocrx_word' id='word_1_406' title='bbox 1417 1316 1461 1343; x_wconf 89' lang='lat' dir='ltr'><strong>illa</strong></span> <span class='ocrx_word' id='word_1_407' title='bbox 1487 1317 1555 1344; x_wconf 88' lang='lat' dir='ltr'><strong>bene</strong></span> <span class='ocrx_word' id='word_1_408' title='bbox 1571 1317 1679 1345; x_wconf 88' lang='lat' dir='ltr'><strong>vivendi</strong></span> <span class='ocrx_word' id='word_1_409' title='bbox 1701 1326 1746 1346; x_wconf 82' lang='lat' dir='ltr'><strong>ra-</strong></span> 
     </span>
    </p>
   </div>
   <div class='ocr_carea' id='block_1_58' title="bbox 968 1359 1745 1396">
    <p class='ocr_par' dir='ltr' id='par_1_58' title="bbox 968 1359 1745 1396">
     <span class='ocr_line' id='line_1_58' title="bbox 968 1359 1745 1396; baseline 0.006 -10"><span class='ocrx_word' id='word_1_410' title='bbox 968 1359 1015 1391; x_wconf 92' lang='lat' dir='ltr'><strong>tio,</strong></span> <span class='ocrx_word' id='word_1_411' title='bbox 1032 1364 1060 1387; x_wconf 92' lang='lat' dir='ltr'><strong>et</strong></span> <span class='ocrx_word' id='word_1_412' title='bbox 1071 1360 1226 1395; x_wconf 78' lang='lat' dir='ltr'><strong>dogmatum</strong></span> <span class='ocrx_word' id='word_1_413' title='bbox 1246 1361 1383 1388; x_wconf 87' lang='lat' dir='ltr'><strong>subtilitas</strong></span> <span class='ocrx_word' id='word_1_414' title='bbox 1396 1380 1404 1392; x_wconf 88' lang='lat'><strong>,</strong></span> <span class='ocrx_word' id='word_1_415' title='bbox 1429 1362 1623 1396; x_wconf 87' lang='lat' dir='ltr'><strong>propemodum</strong></span> <span class='ocrx_word' id='word_1_416' title='bbox 1646 1363 1745 1392; x_wconf 88' lang='lat' dir='ltr'><strong>intole-</strong></span> 
     </span>
    </p>
   </div>
   <div class='ocr_carea' id='block_1_59' title="bbox 967 1404 1748 1443">
    <p class='ocr_par' dir='ltr' id='par_1_59' title="bbox 967 1404 1748 1443">
     <span class='ocr_line' id='line_1_59' title="bbox 967 1404 1748 1443; baseline 0.006 -12"><span class='ocrx_word' id='word_1_417' title='bbox 967 1404 1050 1432; x_wconf 87' lang='lat' dir='ltr'><strong>rabile</strong></span> <span class='ocrx_word' id='word_1_418' title='bbox 1063 1404 1217 1432; x_wconf 66' lang='lat' dir='ltr'><strong>Judaorum</strong></span> <span class='ocrx_word' id='word_1_419' title='bbox 1236 1406 1369 1433; x_wconf 87' lang='lat' dir='ltr'><strong>mentibus</strong></span> <span class='ocrx_word' id='word_1_420' title='bbox 1394 1414 1464 1434; x_wconf 87' lang='lat' dir='ltr'><strong>onus</strong></span> <span class='ocrx_word' id='word_1_421' title='bbox 1485 1411 1568 1439; x_wconf 82' lang='lat' dir='ltr'><strong>esset,</strong></span> <span class='ocrx_word' id='word_1_422' title='bbox 1595 1408 1652 1442; x_wconf 89' lang='lat' dir='ltr'><strong>ipse</strong></span> <span class='ocrx_word' id='word_1_423' title='bbox 1666 1408 1748 1443; x_wconf 79' lang='lat' dir='ltr'><strong>legis-</strong></span> 
     </span>
    </p>
   </div>
   <div class='ocr_carea' id='block_1_60' title="bbox 967 1450 1749 1489">
    <p class='ocr_par' dir='ltr' id='par_1_60' title="bbox 967 1450 1749 1489">
     <span class='ocr_line' id='line_1_60' title="bbox 967 1450 1749 1489; baseline 0.004 -11"><span class='ocrx_word' id='word_1_424' title='bbox 967 1450 1035 1478; x_wconf 85' lang='lat' dir='ltr'><strong>lator</strong></span> <span class='ocrx_word' id='word_1_425' title='bbox 1051 1451 1157 1480; x_wconf 90' lang='lat' dir='ltr'><strong>docebit</strong></span> <span class='ocrx_word' id='word_1_426' title='bbox 1174 1459 1222 1487; x_wconf 88' lang='lat' dir='ltr'><strong>per</strong></span> <span class='ocrx_word' id='word_1_427' title='bbox 1235 1460 1327 1480; x_wconf 87' lang='lat' dir='ltr'><strong>vocem</strong></span> <span class='ocrx_word' id='word_1_428' title='bbox 1344 1452 1434 1486; x_wconf 66' lang='lat' dir='ltr'><strong>Isaiae,</strong></span> <span class='ocrx_word' id='word_1_429' title='bbox 1450 1453 1487 1481; x_wconf 85' lang='lat' dir='ltr'><strong>ita</strong></span> <span class='ocrx_word' id='word_1_430' title='bbox 1504 1454 1616 1481; x_wconf 88' lang='lat' dir='ltr'><strong>dicens:</strong></span> <span class='ocrx_word' id='word_1_431' title='bbox 1634 1463 1643 1479; x_wconf 85' lang='grc'><strong>‹</strong></span> <span class='ocrx_word' id='word_1_432' title='bbox 1656 1453 1749 1489; x_wconf 82' lang='lat' dir='ltr'><strong>Neque</strong></span> 
     </span>
    </p>
   </div>
   <div class='ocr_carea' id='block_1_61' title="bbox 968 1498 1748 1534">
    <p class='ocr_par' dir='ltr' id='par_1_61' title="bbox 968 1498 1748 1534">
     <span class='ocr_line' id='line_1_61' title="bbox 968 1498 1748 1534; baseline 0.003 -9"><span class='ocrx_word' id='word_1_433' title='bbox 968 1498 1047 1530; x_wconf 88' lang='lat' dir='ltr'><strong>nosti,</strong></span> <span class='ocrx_word' id='word_1_434' title='bbox 1066 1505 1154 1533; x_wconf 88' lang='lat' dir='ltr'><strong>neque</strong></span> <span class='ocrx_word' id='word_1_435' title='bbox 1175 1498 1274 1526; x_wconf 88' lang='lat' dir='ltr'><strong>scisti:</strong></span> <span class='ocrx_word' id='word_1_436' title='bbox 1302 1506 1388 1534; x_wconf 85' lang='lat' dir='ltr'><strong>neque</strong></span> <span class='ocrx_word' id='word_1_437' title='bbox 1411 1499 1445 1527; x_wconf 84' lang='lat' dir='ltr'><strong>ab</strong></span> <span class='ocrx_word' id='word_1_438' title='bbox 1466 1500 1543 1526; x_wconf 87' lang='lat' dir='ltr'><strong>initio</strong></span> <span class='ocrx_word' id='word_1_439' title='bbox 1569 1501 1661 1533; x_wconf 88' lang='lat' dir='ltr'><strong>aperui</strong></span> <span class='ocrx_word' id='word_1_440' title='bbox 1689 1507 1748 1528; x_wconf 76' lang='lat' dir='ltr'><strong>tuas</strong></span> 
     </span>
    </p>
   </div>
   <div class='ocr_carea' id='block_1_62' title="bbox 133 1541 914 1579">
    <p class='ocr_par' dir='ltr' id='par_1_62' title="bbox 133 1541 912 1579">
     <span class='ocr_line' id='line_1_62' title="bbox 133 1541 912 1579; baseline -0.001 -8"><span class='ocrx_word' id='word_1_441' title='bbox 133 1553 182 1571; x_wconf 76' lang='lat' dir='ltr'><strong>acu</strong></span> <span class='ocrx_word' id='word_1_442' title='bbox 200 1543 234 1571; x_wconf 79' lang='grc' dir='ltr'>τὰ</span> <span class='ocrx_word' id='word_1_443' title='bbox 248 1541 315 1571; x_wconf 83' lang='grc' dir='ltr'>ὦτα.</span> <span class='ocrx_word' id='word_1_444' title='bbox 336 1544 428 1579; x_wconf 81' lang='grc' dir='ltr'>”ῌδειν</span> <span class='ocrx_word' id='word_1_445' title='bbox 445 1544 498 1578; x_wconf 82' lang='grc' dir='ltr'>γὰρ</span> <span class='ocrx_word' id='word_1_446' title='bbox 517 1544 558 1570; x_wconf 81' lang='grc' dir='ltr'>ὅτι</span> <span class='ocrx_word' id='word_1_447' title='bbox 577 1543 695 1575; x_wconf 80' lang='grc' dir='ltr'>ἀπειθῶς</span> <span class='ocrx_word' id='word_1_448' title='bbox 719 1543 887 1578; x_wconf 84' lang='grc' dir='ltr'>ἀπειθήσεις.</span> <span class='ocrx_word' id='word_1_449' title='bbox 903 1553 912 1569; x_wconf 76' lang='grc' dir='ltr'><strong>ι</strong></span> 
     </span>
    </p>
   </div>
   <div class='ocr_carea' id='block_1_63' title="bbox 965 1541 1746 1579">
    <p class='ocr_par' dir='ltr' id='par_1_63' title="bbox 966 1543 1746 1578">
     <span class='ocr_line' id='line_1_63' title="bbox 966 1543 1746 1578; baseline 0.003 -8"><span class='ocrx_word' id='word_1_450' title='bbox 966 1550 1056 1570; x_wconf 87' lang='lat' dir='ltr'><strong>aures.</strong></span> <span class='ocrx_word' id='word_1_451' title='bbox 1082 1543 1206 1570; x_wconf 87' lang='lat' dir='ltr'><strong>Sciebam</strong></span> <span class='ocrx_word' id='word_1_452' title='bbox 1231 1544 1303 1571; x_wconf 79' lang='lat' dir='ltr'><strong>enim</strong></span> <span class='ocrx_word' id='word_1_453' title='bbox 1327 1543 1398 1578; x_wconf 90' lang='lat' dir='ltr'><strong>quod</strong></span> <span class='ocrx_word' id='word_1_454' title='bbox 1422 1544 1608 1572; x_wconf 87' lang='lat' dir='ltr'><strong>inobedienter</strong></span> <span class='ocrx_word' id='word_1_455' title='bbox 1632 1546 1746 1573; x_wconf 88' lang='lat' dir='ltr'><strong>rebella-</strong></span> 
     </span>
    </p>
   </div>
   <div class='ocr_carea' id='block_1_64' title="bbox 133 1588 915 1625">
    <p class='ocr_par' dir='ltr' id='par_1_64' title="bbox 133 1588 915 1625">
     <span class='ocr_line' id='line_1_64' title="bbox 133 1588 915 1625; baseline 0 -10"><span class='ocrx_word' id='word_1_456' title='bbox 133 1588 357 1624; x_wconf 78' lang='grc' dir='ltr'>Κατηρρώστησε</span> <span class='ocrx_word' id='word_1_457' title='bbox 376 1590 430 1625; x_wconf 82' lang='grc' dir='ltr'><strong>γὰρ</strong></span> <span class='ocrx_word' id='word_1_458' title='bbox 447 1589 517 1615; x_wconf 82' lang='grc' dir='ltr'>οὕτω</span> <span class='ocrx_word' id='word_1_459' title='bbox 531 1589 562 1615; x_wconf 85' lang='grc' dir='ltr'>τὸ</span> <span class='ocrx_word' id='word_1_460' title='bbox 578 1589 694 1624; x_wconf 85' lang='grc' dir='ltr'>ἀμαθὲς,</span> <span class='ocrx_word' id='word_1_461' title='bbox 711 1589 915 1624; x_wconf 73' lang='grc' dir='ltr'>καὶδυσήκοον,</span> 
     </span>
    </p>
   </div>
   <div class='ocr_carea' id='block_1_65' title="bbox 133 1635 916 1670">
    <p class='ocr_par' dir='ltr' id='par_1_65' title="bbox 133 1635 916 1670">
     <span class='ocr_line' id='line_1_65' title="bbox 133 1635 916 1670; baseline 0 -9"><span class='ocrx_word' id='word_1_462' title='bbox 133 1635 181 1662; x_wconf 78' lang='grc' dir='ltr'>καὶ</span> <span class='ocrx_word' id='word_1_463' title='bbox 198 1635 265 1661; x_wconf 84' lang='grc' dir='ltr'>πολὺ</span> <span class='ocrx_word' id='word_1_464' title='bbox 292 1635 352 1662; x_wconf 85' lang='grc' dir='ltr'>λίαν</span> <span class='ocrx_word' id='word_1_465' title='bbox 374 1635 608 1670; x_wconf 76' lang='grc' dir='ltr'>εὐπαρακόμιστον</span> <span class='ocrx_word' id='word_1_466' title='bbox 633 1636 647 1661; x_wconf 80' lang='grc' dir='ltr'>ὁ</span> <span class='ocrx_word' id='word_1_467' title='bbox 677 1635 791 1670; x_wconf 84' lang='grc' dir='ltr'>ἀρχαῖος</span> <span class='ocrx_word' id='word_1_468' title='bbox 813 1636 916 1666; x_wconf 72' lang='grc' dir='ltr'>ἐκεῖνος</span> 
     </span>
    </p>
   </div>
   <div class='ocr_carea' id='block_1_66' title="bbox 139 1680 916 1716">
    <p class='ocr_par' dir='ltr' id='par_1_66' title="bbox 139 1680 916 1716">
     <span class='ocr_line' id='line_1_66' title="bbox 139 1680 916 1716; baseline -0.001 -9"><span class='ocrx_word' id='word_1_469' title='bbox 139 1680 257 1716; x_wconf 81' lang='grc' dir='ltr'>Ἰσραὴλ,</span> <span class='ocrx_word' id='word_1_470' title='bbox 273 1680 343 1707; x_wconf 83' lang='grc' dir='ltr'>ὥστε</span> <span class='ocrx_word' id='word_1_471' title='bbox 366 1681 486 1713; x_wconf 83' lang='grc' dir='ltr'>Μωσέως</span> <span class='ocrx_word' id='word_1_472' title='bbox 500 1681 545 1708; x_wconf 72' lang='grc' dir='ltr'>τὸν</span> <span class='ocrx_word' id='word_1_473' title='bbox 560 1681 635 1716; x_wconf 88' lang='grc' dir='ltr'>παρὰ</span> <span class='ocrx_word' id='word_1_474' title='bbox 654 1681 720 1707; x_wconf 82' lang='grc' dir='ltr'>Θεοῦ</span> <span class='ocrx_word' id='word_1_475' title='bbox 744 1681 825 1716; x_wconf 86' lang='grc' dir='ltr'>νόμον</span> <span class='ocrx_word' id='word_1_476' title='bbox 842 1680 916 1707; x_wconf 78' lang='grc' dir='ltr'>ἐκδε-</span> 
     </span>
    </p>
   </div>
   <div class='ocr_carea' id='block_1_67' title="bbox 133 1726 916 1762">
    <p class='ocr_par' dir='ltr' id='par_1_67' title="bbox 133 1726 916 1762">
     <span class='ocr_line' id='line_1_67' title="bbox 133 1726 916 1762; baseline 0.001 -10"><span class='ocrx_word' id='word_1_477' title='bbox 133 1726 249 1761; x_wconf 85' lang='grc' dir='ltr'>χομένου</span> <span class='ocrx_word' id='word_1_478' title='bbox 264 1726 312 1753; x_wconf 79' lang='grc' dir='ltr'>καὶ</span> <span class='ocrx_word' id='word_1_479' title='bbox 324 1726 506 1762; x_wconf 74' lang='grc' dir='ltr'>διατρίϐοντος</span> <span class='ocrx_word' id='word_1_480' title='bbox 517 1726 594 1762; x_wconf 80' lang='grc' dir='ltr'>ἐντῷ</span> <span class='ocrx_word' id='word_1_481' title='bbox 607 1727 674 1762; x_wconf 80' lang='grc' dir='ltr'>δρει,</span> <span class='ocrx_word' id='word_1_482' title='bbox 687 1727 837 1762; x_wconf 81' lang='grc' dir='ltr'>τραπέσθαι</span> <span class='ocrx_word' id='word_1_483' title='bbox 848 1727 916 1762; x_wconf 81' lang='grc' dir='ltr'>πρὸς</span> 
     </span>
    </p>
   </div>
   <div class='ocr_carea' id='block_1_68' title="bbox 132 1771 914 1808">
    <p class='ocr_par' dir='ltr' id='par_1_68' title="bbox 132 1771 914 1808">
     <span class='ocr_line' id='line_1_68' title="bbox 132 1771 914 1808; baseline 0.003 -10"><span class='ocrx_word' id='word_1_484' title='bbox 132 1771 293 1805; x_wconf 84' lang='grc' dir='ltr'>ἀπόστασιν,</span> <span class='ocrx_word' id='word_1_485' title='bbox 305 1772 352 1798; x_wconf 77' lang='grc' dir='ltr'>καὶ</span> <span class='ocrx_word' id='word_1_486' title='bbox 364 1772 456 1808; x_wconf 76' lang='grc' dir='ltr'>μόσχῳ</span> <span class='ocrx_word' id='word_1_487' title='bbox 471 1772 501 1798; x_wconf 81' lang='grc' dir='ltr'>τὸ</span> <span class='ocrx_word' id='word_1_488' title='bbox 512 1772 593 1804; x_wconf 76' lang='grc' dir='ltr'>σέϐας</span> <span class='ocrx_word' id='word_1_489' title='bbox 604 1773 734 1799; x_wconf 84' lang='grc' dir='ltr'>ἀνάπτειν</span> <span class='ocrx_word' id='word_1_490' title='bbox 747 1773 914 1808; x_wconf 79' lang='grc' dir='ltr'>ἁποτολμᾷν.</span> 
     </span>
    </p>
   </div>
   <div class='ocr_carea' id='block_1_69' title="bbox 133 1815 917 1853">
    <p class='ocr_par' dir='ltr' id='par_1_69' title="bbox 133 1815 917 1853">
     <span class='ocr_line' id='line_1_69' title="bbox 133 1815 917 1853; baseline 0.004 -11"><span class='ocrx_word' id='word_1_491' title='bbox 133 1816 182 1843; x_wconf 71' lang='grc' dir='ltr'><strong>καὶ</strong></span> <span class='ocrx_word' id='word_1_492' title='bbox 198 1815 251 1852; x_wconf 86' lang='grc' dir='ltr'><strong>μὴν</strong></span> <span class='ocrx_word' id='word_1_493' title='bbox 277 1817 323 1844; x_wconf 77' lang='grc' dir='ltr'><strong>καὶ</strong></span> <span class='ocrx_word' id='word_1_494' title='bbox 349 1817 562 1853; x_wconf 84' lang='grc' dir='ltr'>πανευφημῆσαι</span> <span class='ocrx_word' id='word_1_495' title='bbox 591 1818 738 1852; x_wconf 80' lang='grc' dir='ltr'>λέγοντας·</span> <span class='ocrx_word' id='word_1_496' title='bbox 769 1828 778 1844; x_wconf 78' lang='grc' dir='ltr'><strong>ι</strong></span> <span class='ocrx_word' id='word_1_497' title='bbox 796 1816 874 1846; x_wconf 78' lang='grc' dir='ltr'>Οὗτοι</span> <span class='ocrx_word' id='word_1_498' title='bbox 891 1820 917 1845; x_wconf 84' lang='grc' dir='ltr'>οἱ</span> 
     </span>
    </p>
   </div>
   <div class='ocr_carea' id='block_1_70' title="bbox 133 1861 914 1900">
    <p class='ocr_par' dir='ltr' id='par_1_70' title="bbox 133 1861 914 1900">
     <span class='ocr_line' id='line_1_70' title="bbox 133 1861 914 1900; baseline 0.004 -12"><span class='ocrx_word' id='word_1_499' title='bbox 133 1861 190 1888; x_wconf 80' lang='grc' dir='ltr'>θεοί</span> <span class='ocrx_word' id='word_1_500' title='bbox 202 1871 248 1889; x_wconf 88' lang='grc' dir='ltr'><strong>σου</strong></span> <span class='ocrx_word' id='word_1_501' title='bbox 265 1862 383 1898; x_wconf 82' lang='grc' dir='ltr'>Ἰσραὴλ,</span> <span class='ocrx_word' id='word_1_502' title='bbox 404 1863 501 1895; x_wconf 78' lang='grc' dir='ltr'>οἵτινες</span> <span class='ocrx_word' id='word_1_503' title='bbox 513 1864 649 1899; x_wconf 86' lang='grc' dir='ltr'>ἁνήγαγόν</span> <span class='ocrx_word' id='word_1_504' title='bbox 665 1873 694 1890; x_wconf 88' lang='grc' dir='ltr'>σε.</span> <span class='ocrx_word' id='word_1_505' title='bbox 717 1865 748 1891; x_wconf 77' lang='grc' dir='ltr'>ἐκ</span> <span class='ocrx_word' id='word_1_506' title='bbox 765 1865 817 1900; x_wconf 84' lang='grc' dir='ltr'><strong>γῆς</strong></span> <span class='ocrx_word' id='word_1_507' title='bbox 831 1865 914 1900; x_wconf 61' lang='lat' dir='ltr'><strong>Myti—</strong></span> 
     </span>
    </p>
   </div>
   <div class='ocr_carea' id='block_1_71' title="bbox 131 1909 916 1944">
    <p class='ocr_par' dir='ltr' id='par_1_71' title="bbox 131 1909 916 1944">
     <span class='ocr_line' id='line_1_71' title="bbox 131 1909 916 1944; baseline 0.005 -10"><span class='ocrx_word' id='word_1_508' title='bbox 131 1917 212 1935; x_wconf 82' lang='grc' dir='ltr'>πτου.</span> <span class='ocrx_word' id='word_1_509' title='bbox 230 1919 238 1934; x_wconf 80' lang='grc' dir='ltr'><strong>ι</strong></span> <span class='ocrx_word' id='word_1_510' title='bbox 266 1909 378 1944; x_wconf 86' lang='grc' dir='ltr'>Ἀδρανῆ</span> <span class='ocrx_word' id='word_1_511' title='bbox 395 1910 423 1936; x_wconf 83' lang='grc' dir='ltr'>δὲ</span> <span class='ocrx_word' id='word_1_512' title='bbox 447 1910 518 1936; x_wconf 78' lang='grc' dir='ltr'>οὕτω</span> <span class='ocrx_word' id='word_1_513' title='bbox 542 1910 589 1936; x_wconf 75' lang='grc' dir='ltr'>καὶ</span> <span class='ocrx_word' id='word_1_514' title='bbox 605 1910 799 1944; x_wconf 77' lang='grc' dir='ltr'>εὐδιάθρυπτον</span> <span class='ocrx_word' id='word_1_515' title='bbox 816 1912 855 1943; x_wconf 86' lang='grc' dir='ltr'><strong>είς</strong></span> <span class='ocrx_word' id='word_1_516' title='bbox 882 1912 916 1938; x_wconf 64' lang='grc' dir='ltr'>τὰ</span> 
     </span>
    </p>
   </div>
   <div class='ocr_carea' id='block_1_72' title="bbox 132 1955 916 1992">
    <p class='ocr_par' dir='ltr' id='par_1_72' title="bbox 132 1955 916 1992">
     <span class='ocr_line' id='line_1_72' title="bbox 132 1955 916 1992; baseline 0.005 -12"><span class='ocrx_word' id='word_1_517' title='bbox 132 1955 218 1990; x_wconf 86' lang='grc' dir='ltr'>χείρω</span> <span class='ocrx_word' id='word_1_518' title='bbox 234 1955 284 1990; x_wconf 80' lang='grc' dir='ltr'>τὴν</span> <span class='ocrx_word' id='word_1_519' title='bbox 300 1955 418 1983; x_wconf 84' lang='grc' dir='ltr'>διάνοιαν</span> <span class='ocrx_word' id='word_1_520' title='bbox 429 1956 545 1991; x_wconf 76' lang='grc' dir='ltr'>ἔχοντες,</span> <span class='ocrx_word' id='word_1_521' title='bbox 561 1956 620 1989; x_wconf 84' lang='grc' dir='ltr'><strong>πῶς</strong></span> <span class='ocrx_word' id='word_1_522' title='bbox 632 1956 664 1983; x_wconf 79' lang='grc' dir='ltr'><strong>ἂν</strong></span> <span class='ocrx_word' id='word_1_523' title='bbox 678 1957 820 1992; x_wconf 73' lang='grc' dir='ltr'>ἠνέσχοντο</span> <span class='ocrx_word' id='word_1_524' title='bbox 833 1958 916 1992; x_wconf 87' lang='grc' dir='ltr'>μαθη-</span> 
     </span>
    </p>
   </div>
   <div class='ocr_carea' id='block_1_73' title="bbox 133 2001 915 2035">
    <p class='ocr_par' dir='ltr' id='par_1_73' title="bbox 133 2001 915 2035">
     <span class='ocr_line' id='line_1_73' title="bbox 133 2001 915 2035; baseline 0.004 -9"><span class='ocrx_word' id='word_1_525' title='bbox 133 2001 227 2035; x_wconf 81' lang='grc' dir='ltr'>μάτων</span> <span class='ocrx_word' id='word_1_526' title='bbox 242 2001 439 2035; x_wconf 76' lang='grc' dir='ltr'>εὑαγγελικῶν,</span> <span class='ocrx_word' id='word_1_527' title='bbox 453 2002 523 2028; x_wconf 82' lang='grc' dir='ltr'>ὥστε</span> <span class='ocrx_word' id='word_1_528' title='bbox 535 2002 583 2028; x_wconf 78' lang='grc' dir='ltr'>καὶ</span> <span class='ocrx_word' id='word_1_529' title='bbox 597 2004 625 2029; x_wconf 81' lang='grc' dir='ltr'><strong>ὲν</strong></span> <span class='ocrx_word' id='word_1_530' title='bbox 638 2001 712 2035; x_wconf 79' lang='grc' dir='ltr'>τάξει</span> <span class='ocrx_word' id='word_1_531' title='bbox 726 2002 820 2034; x_wconf 81' lang='grc' dir='ltr'>θυσίας</span> <span class='ocrx_word' id='word_1_532' title='bbox 835 2012 915 2029; x_wconf 86' lang='grc' dir='ltr'>πνευ-</span> 
     </span>
    </p>
   </div>
   <div class='ocr_carea' id='block_1_74' title="bbox 133 2046 916 2084">
    <p class='ocr_par' dir='ltr' id='par_1_74' title="bbox 133 2046 916 2084">
     <span class='ocr_line' id='line_1_74' title="bbox 133 2046 916 2084; baseline 0.004 -13"><span class='ocrx_word' id='word_1_533' title='bbox 133 2046 252 2080; x_wconf 76' lang='grc' dir='ltr'>ματικῆς</span> <span class='ocrx_word' id='word_1_534' title='bbox 265 2047 315 2080; x_wconf 80' lang='grc' dir='ltr'>τὴν</span> <span class='ocrx_word' id='word_1_535' title='bbox 330 2046 427 2081; x_wconf 84' lang='grc' dir='ltr'>νοερὰν</span> <span class='ocrx_word' id='word_1_536' title='bbox 438 2046 477 2082; x_wconf 86' lang='grc' dir='ltr'>τῷ</span> <span class='ocrx_word' id='word_1_537' title='bbox 491 2047 550 2082; x_wconf 85' lang='grc' dir='ltr'><strong>Θεῷ</strong></span> <span class='ocrx_word' id='word_1_538' title='bbox 567 2047 710 2084; x_wconf 83' lang='grc' dir='ltr'>καθιεροῦν</span> <span class='ocrx_word' id='word_1_539' title='bbox 721 2048 858 2084; x_wconf 80' lang='grc' dir='ltr'>λατρείαν,</span> <span class='ocrx_word' id='word_1_540' title='bbox 868 2049 916 2074; x_wconf 77' lang='grc' dir='ltr'>καὶ</span> 
     </span>
    </p>
   </div>
   <div class='ocr_carea' id='block_1_75' title="bbox 132 2090 914 2127">
    <p class='ocr_par' dir='ltr' id='par_1_75' title="bbox 132 2090 914 2127">
     <span class='ocr_line' id='line_1_75' title="bbox 132 2090 914 2127; baseline 0.001 -11"><span class='ocrx_word' id='word_1_541' title='bbox 132 2090 193 2116; x_wconf 75' lang='grc' dir='ltr'>ἀντὶ</span> <span class='ocrx_word' id='word_1_542' title='bbox 205 2090 253 2126; x_wconf 76' lang='grc' dir='ltr'><strong>τῆς</strong></span> <span class='ocrx_word' id='word_1_543' title='bbox 265 2090 319 2116; x_wconf 84' lang='grc' dir='ltr'><strong>τῶν</strong></span> <span class='ocrx_word' id='word_1_544' title='bbox 333 2091 410 2122; x_wconf 84' lang='grc' dir='ltr'>ζώων</span> <span class='ocrx_word' id='word_1_545' title='bbox 424 2091 531 2126; x_wconf 73' lang='grc' dir='ltr'>σφαγῆς</span> <span class='ocrx_word' id='word_1_546' title='bbox 545 2092 594 2127; x_wconf 84' lang='grc' dir='ltr'><strong>τὴν</strong></span> <span class='ocrx_word' id='word_1_547' title='bbox 609 2091 638 2124; x_wconf 78' lang='grc' dir='ltr'><strong>ἐξ</strong></span> <span class='ocrx_word' id='word_1_548' title='bbox 648 2091 753 2127; x_wconf 70' lang='grc' dir='ltr'>ἀρετῶν</span> <span class='ocrx_word' id='word_1_549' title='bbox 766 2092 914 2126; x_wconf 61' lang='lat' dir='ltr'><strong>adequitat);</strong></span> 
     </span>
    </p>
   </div>
   <div class='ocr_carea' id='block_1_76' title="bbox 133 2135 916 2174">
    <p class='ocr_par' dir='ltr' id='par_1_76' title="bbox 133 2135 916 2174">
     <span class='ocr_line' id='line_1_76' title="bbox 133 2135 916 2174; baseline 0.003 -12"><span class='ocrx_word' id='word_1_550' title='bbox 133 2135 234 2163; x_wconf 79' lang='grc' dir='ltr'>Ἐθυον</span> <span class='ocrx_word' id='word_1_551' title='bbox 247 2136 335 2163; x_wconf 79' lang='grc' dir='ltr'>τοίνυν</span> <span class='ocrx_word' id='word_1_552' title='bbox 347 2137 386 2168; x_wconf 72' lang='grc' dir='ltr'>δίς</span> <span class='ocrx_word' id='word_1_553' title='bbox 405 2145 444 2168; x_wconf 86' lang='grc' dir='ltr'><strong>τε,</strong></span> <span class='ocrx_word' id='word_1_554' title='bbox 461 2137 507 2163; x_wconf 75' lang='grc' dir='ltr'><strong>καὶ</strong></span> <span class='ocrx_word' id='word_1_555' title='bbox 524 2138 597 2172; x_wconf 80' lang='grc' dir='ltr'>βοῦς,</span> <span class='ocrx_word' id='word_1_556' title='bbox 614 2138 660 2165; x_wconf 73' lang='grc' dir='ltr'>καὶ</span> <span class='ocrx_word' id='word_1_557' title='bbox 675 2138 803 2174; x_wconf 78' lang='grc' dir='ltr'>τράγους.</span> <span class='ocrx_word' id='word_1_558' title='bbox 819 2138 916 2174; x_wconf 83' lang='grc' dir='ltr'>τρυγό-</span> 
     </span>
    </p>
   </div>
   <div class='ocr_carea' id='block_1_77' title="bbox 131 2181 914 2216">
    <p class='ocr_par' dir='ltr' id='par_1_77' title="bbox 131 2181 914 2216">
     <span class='ocr_line' id='line_1_77' title="bbox 131 2181 914 2216; baseline -0.001 -8"><span class='ocrx_word' id='word_1_559' title='bbox 131 2189 181 2212; x_wconf 86' lang='grc' dir='ltr'><strong>νας</strong></span> <span class='ocrx_word' id='word_1_560' title='bbox 192 2190 220 2207; x_wconf 86' lang='grc' dir='ltr'><strong>τε</strong></span> <span class='ocrx_word' id='word_1_561' title='bbox 236 2181 281 2207; x_wconf 83' lang='grc' dir='ltr'><strong>καὶ</strong></span> <span class='ocrx_word' id='word_1_562' title='bbox 292 2181 467 2216; x_wconf 81' lang='grc' dir='ltr'>περιστεράς,</span> <span class='ocrx_word' id='word_1_563' title='bbox 489 2182 557 2208; x_wconf 71' lang='grc' dir='ltr'>Ἀλλ’</span> <span class='ocrx_word' id='word_1_564' title='bbox 570 2181 641 2208; x_wconf 80' lang='grc' dir='ltr'>ἔστιν</span> <span class='ocrx_word' id='word_1_565' title='bbox 655 2181 718 2207; x_wconf 78' lang='grc' dir='ltr'>ἰδεῖν</span> <span class='ocrx_word' id='word_1_566' title='bbox 730 2182 776 2207; x_wconf 72' lang='grc' dir='ltr'><strong>καὶ</strong></span> <span class='ocrx_word' id='word_1_567' title='bbox 788 2181 834 2207; x_wconf 82' lang='grc' dir='ltr'>τοῦ</span> <span class='ocrx_word' id='word_1_568' title='bbox 846 2190 914 2207; x_wconf 84' lang='grc' dir='ltr'>παν-</span> 
     </span>
    </p>
   </div>
   <div class='ocr_carea' id='block_1_78' title="bbox 968 1589 1750 1625">
    <p class='ocr_par' dir='ltr' id='par_1_78' title="bbox 968 1589 1750 1625">
     <span class='ocr_line' id='line_1_78' title="bbox 968 1589 1750 1625; baseline 0.004 -9"><span class='ocrx_word' id='word_1_569' title='bbox 968 1595 1043 1616; x_wconf 88' lang='lat' dir='ltr'><strong>turus</strong></span> <span class='ocrx_word' id='word_1_570' title='bbox 1056 1597 1129 1617; x_wconf 86' lang='lat' dir='ltr'><strong>esses</strong></span> <span class='ocrx_word' id='word_1_571' title='bbox 1137 1589 1170 1618; x_wconf 80' lang='grc'><strong>⁵³.</strong></span> <span class='ocrx_word' id='word_1_572' title='bbox 1185 1599 1195 1615; x_wconf 73' lang='grc' dir='ltr'><strong>ι</strong></span> <span class='ocrx_word' id='word_1_573' title='bbox 1212 1589 1298 1616; x_wconf 80' lang='lat' dir='ltr'><strong>Tanto</strong></span> <span class='ocrx_word' id='word_1_574' title='bbox 1316 1590 1387 1617; x_wconf 88' lang='lat' dir='ltr'><strong>enim</strong></span> <span class='ocrx_word' id='word_1_575' title='bbox 1408 1594 1536 1625; x_wconf 89' lang='lat' dir='ltr'><strong>stupore,</strong></span> <span class='ocrx_word' id='word_1_576' title='bbox 1553 1591 1702 1625; x_wconf 76' lang='lat' dir='ltr'><strong>pervicacia</strong></span> <span class='ocrx_word' id='word_1_577' title='bbox 1722 1597 1750 1619; x_wconf 77' lang='lat' dir='ltr'><strong>et</strong></span> 
     </span>
    </p>
   </div>
   <div class='ocr_carea' id='block_1_79' title="bbox 967 1634 1747 1670">
    <p class='ocr_par' dir='ltr' id='par_1_79' title="bbox 967 1634 1747 1670">
     <span class='ocr_line' id='line_1_79' title="bbox 967 1634 1747 1670; baseline 0.004 -9"><span class='ocrx_word' id='word_1_578' title='bbox 967 1634 1075 1662; x_wconf 83' lang='lat' dir='ltr'><strong>levitate</strong></span> <span class='ocrx_word' id='word_1_579' title='bbox 1097 1635 1256 1662; x_wconf 86' lang='lat' dir='ltr'><strong>laborabant</strong></span> <span class='ocrx_word' id='word_1_580' title='bbox 1276 1640 1380 1663; x_wconf 86' lang='lat' dir='ltr'><strong>veteres</strong></span> <span class='ocrx_word' id='word_1_581' title='bbox 1408 1635 1447 1663; x_wconf 92' lang='lat' dir='ltr'><strong>illi</strong></span> <span class='ocrx_word' id='word_1_582' title='bbox 1468 1635 1614 1667; x_wconf 55' lang='lat' dir='ltr'><strong>Israelita,</strong></span> <span class='ocrx_word' id='word_1_583' title='bbox 1631 1641 1669 1670; x_wconf 91' lang='lat' dir='ltr'><strong>ut,</strong></span> <span class='ocrx_word' id='word_1_584' title='bbox 1687 1645 1747 1664; x_wconf 89' lang='lat' dir='ltr'><strong>cttm</strong></span> 
     </span>
    </p>
   </div>
   <div class='ocr_carea' id='block_1_80' title="bbox 966 1678 1747 1714">
    <p class='ocr_par' dir='ltr' id='par_1_80' title="bbox 966 1678 1747 1714">
     <span class='ocr_line' id='line_1_80' title="bbox 966 1678 1747 1714; baseline 0 -8"><span class='ocrx_word' id='word_1_585' title='bbox 966 1678 1053 1707; x_wconf 88' lang='lat' dir='ltr'><strong>Moses</strong></span> <span class='ocrx_word' id='word_1_586' title='bbox 1068 1687 1083 1706; x_wconf 88' lang='lat' dir='ltr'><strong>a</strong></span> <span class='ocrx_word' id='word_1_587' title='bbox 1099 1679 1152 1706; x_wconf 89' lang='lat' dir='ltr'><strong>Deo</strong></span> <span class='ocrx_word' id='word_1_588' title='bbox 1172 1679 1257 1714; x_wconf 75' lang='lat' dir='ltr'><strong>legem</strong></span> <span class='ocrx_word' id='word_1_589' title='bbox 1282 1679 1419 1713; x_wconf 87' lang='lat' dir='ltr'><strong>acciperet</strong></span> <span class='ocrx_word' id='word_1_590' title='bbox 1444 1686 1476 1706; x_wconf 87' lang='lat' dir='ltr'><strong>ac</strong></span> <span class='ocrx_word' id='word_1_591' title='bbox 1499 1680 1525 1706; x_wconf 90' lang='lat' dir='ltr'><strong>iu</strong></span> <span class='ocrx_word' id='word_1_592' title='bbox 1544 1683 1634 1706; x_wconf 88' lang='lat' dir='ltr'><strong>monte</strong></span> <span class='ocrx_word' id='word_1_593' title='bbox 1655 1687 1747 1706; x_wconf 82' lang='lat' dir='ltr'><strong>versa-</strong></span> 
     </span>
    </p>
   </div>
   <div class='ocr_carea' id='block_1_81' title="bbox 967 1724 1749 1758">
    <p class='ocr_par' dir='ltr' id='par_1_81' title="bbox 967 1724 1749 1758">
     <span class='ocr_line' id='line_1_81' title="bbox 967 1724 1749 1758; baseline -0.001 -6"><span class='ocrx_word' id='word_1_594' title='bbox 967 1730 1059 1758; x_wconf 86' lang='lat' dir='ltr'><strong>retur,</strong></span> <span class='ocrx_word' id='word_1_595' title='bbox 1083 1725 1117 1752; x_wconf 83' lang='lat' dir='ltr'><strong>ad</strong></span> <span class='ocrx_word' id='word_1_596' title='bbox 1149 1724 1327 1752; x_wconf 86' lang='lat' dir='ltr'><strong>defectionem</strong></span> <span class='ocrx_word' id='word_1_597' title='bbox 1352 1725 1475 1752; x_wconf 86' lang='lat' dir='ltr'><strong>conversi</strong></span> <span class='ocrx_word' id='word_1_598' title='bbox 1508 1724 1584 1756; x_wconf 87' lang='lat' dir='ltr'><strong>sint,</strong></span> <span class='ocrx_word' id='word_1_599' title='bbox 1612 1729 1639 1752; x_wconf 88' lang='lat' dir='ltr'><strong>et</strong></span> <span class='ocrx_word' id='word_1_600' title='bbox 1664 1725 1749 1752; x_wconf 88' lang='lat' dir='ltr'><strong>vitulo</strong></span> 
     </span>
    </p>
   </div>
   <div class='ocr_carea' id='block_1_82' title="bbox 968 1769 1748 1804">
    <p class='ocr_par' dir='ltr' id='par_1_82' title="bbox 968 1769 1748 1804">
     <span class='ocr_line' id='line_1_82' title="bbox 968 1769 1748 1804; baseline -0.001 -7"><span class='ocrx_word' id='word_1_601' title='bbox 968 1769 1072 1798; x_wconf 89' lang='lat' dir='ltr'><strong>divinos</strong></span> <span class='ocrx_word' id='word_1_602' title='bbox 1097 1770 1214 1797; x_wconf 84' lang='lat' dir='ltr'><strong>honores</strong></span> <span class='ocrx_word' id='word_1_603' title='bbox 1235 1770 1294 1796; x_wconf 83' lang='lat' dir='ltr'><strong>ausi</strong></span> <span class='ocrx_word' id='word_1_604' title='bbox 1316 1769 1370 1796; x_wconf 87' lang='lat' dir='ltr'><strong>sint.</strong></span> <span class='ocrx_word' id='word_1_605' title='bbox 1391 1769 1528 1801; x_wconf 82' lang='lat' dir='ltr'><strong>tribuere,</strong></span> <span class='ocrx_word' id='word_1_606' title='bbox 1556 1770 1651 1804; x_wconf 85' lang='lat' dir='ltr'><strong>hisque</strong></span> <span class='ocrx_word' id='word_1_607' title='bbox 1679 1770 1748 1797; x_wconf 85' lang='lat' dir='ltr'><strong>omi-</strong></span> 
     </span>
    </p>
   </div>
   <div class='ocr_carea' id='block_1_83' title="bbox 967 1815 1746 1850">
    <p class='ocr_par' dir='ltr' id='par_1_83' title="bbox 967 1815 1746 1850">
     <span class='ocr_line' id='line_1_83' title="bbox 967 1815 1746 1850; baseline 0 -8"><span class='ocrx_word' id='word_1_608' title='bbox 967 1815 1046 1843; x_wconf 86' lang='lat' dir='ltr'><strong>nibus</strong></span> <span class='ocrx_word' id='word_1_609' title='bbox 1060 1823 1121 1843; x_wconf 90' lang='lat' dir='ltr'><strong>eum</strong></span> <span class='ocrx_word' id='word_1_610' title='bbox 1141 1815 1286 1850; x_wconf 88' lang='lat' dir='ltr'><strong>prosequi,</strong></span> <span class='ocrx_word' id='word_1_611' title='bbox 1305 1815 1441 1843; x_wconf 89' lang='lat' dir='ltr'><strong>dicendo:</strong></span> <span class='ocrx_word' id='word_1_612' title='bbox 1463 1825 1472 1840; x_wconf 77' lang='grc' dir='ltr'>α</span> <span class='ocrx_word' id='word_1_613' title='bbox 1493 1815 1524 1842; x_wconf 94' lang='lat' dir='ltr'><strong>Ili</strong></span> <span class='ocrx_word' id='word_1_614' title='bbox 1550 1820 1613 1843; x_wconf 88' lang='lat' dir='ltr'><strong>sunt</strong></span> <span class='ocrx_word' id='word_1_615' title='bbox 1633 1817 1670 1843; x_wconf 87' lang='lat' dir='ltr'><strong>dii</strong></span> <span class='ocrx_word' id='word_1_616' title='bbox 1696 1817 1746 1848; x_wconf 88' lang='lat' dir='ltr'><strong>tui,</strong></span> 
     </span>
    </p>
   </div>
   <div class='ocr_carea' id='block_1_84' title="bbox 966 1861 1746 1897">
    <p class='ocr_par' dir='ltr' id='par_1_84' title="bbox 966 1861 1746 1897">
     <span class='ocr_line' id='line_1_84' title="bbox 966 1861 1746 1897; baseline 0 -9"><span class='ocrx_word' id='word_1_617' title='bbox 966 1861 1058 1895; x_wconf 88' lang='lat' dir='ltr'><strong>Israel,</strong></span> <span class='ocrx_word' id='word_1_618' title='bbox 1075 1862 1120 1897; x_wconf 90' lang='lat' dir='ltr'><strong>qui</strong></span> <span class='ocrx_word' id='word_1_619' title='bbox 1137 1861 1290 1889; x_wconf 80' lang='lat' dir='ltr'><strong>eduxerunt</strong></span> <span class='ocrx_word' id='word_1_620' title='bbox 1305 1866 1330 1889; x_wconf 91' lang='lat' dir='ltr'><strong>te</strong></span> <span class='ocrx_word' id='word_1_621' title='bbox 1344 1861 1378 1889; x_wconf 89' lang='lat' dir='ltr'><strong>de</strong></span> <span class='ocrx_word' id='word_1_622' title='bbox 1393 1866 1463 1888; x_wconf 87' lang='lat' dir='ltr'><strong>terra</strong></span> <span class='ocrx_word' id='word_1_623' title='bbox 1479 1861 1588 1897; x_wconf 66' lang='lat' dir='ltr'><strong>Egypti</strong></span> <span class='ocrx_word' id='word_1_624' title='bbox 1601 1861 1634 1888; x_wconf 64' lang='grc' dir='ltr'>Μ.</span> <span class='ocrx_word' id='word_1_625' title='bbox 1652 1871 1662 1887; x_wconf 64' lang='grc' dir='ltr'>θ</span> <span class='ocrx_word' id='word_1_626' title='bbox 1679 1862 1746 1889; x_wconf 87' lang='lat' dir='ltr'><strong>Cum</strong></span> 
     </span>
    </p>
   </div>
   <div class='ocr_carea' id='block_1_85' title="bbox 968 1906 1747 1942">
    <p class='ocr_par' dir='ltr' id='par_1_85' title="bbox 968 1906 1747 1942">
     <span class='ocr_line' id='line_1_85' title="bbox 968 1906 1747 1942; baseline 0.001 -8"><span class='ocrx_word' id='word_1_627' title='bbox 968 1911 1055 1934; x_wconf 89' lang='lat' dir='ltr'><strong>autem</strong></span> <span class='ocrx_word' id='word_1_628' title='bbox 1070 1907 1137 1934; x_wconf 88' lang='lat' dir='ltr'><strong>adeo</strong></span> <span class='ocrx_word' id='word_1_629' title='bbox 1152 1906 1285 1934; x_wconf 81' lang='lat' dir='ltr'><strong>infirmam</strong></span> <span class='ocrx_word' id='word_1_630' title='bbox 1303 1912 1329 1934; x_wconf 87' lang='lat' dir='ltr'><strong>et</strong></span> <span class='ocrx_word' id='word_1_631' title='bbox 1340 1906 1462 1942; x_wconf 80' lang='lat' dir='ltr'><strong>fragilem</strong></span> <span class='ocrx_word' id='word_1_632' title='bbox 1476 1911 1591 1934; x_wconf 89' lang='lat' dir='ltr'><strong>mentem</strong></span> <span class='ocrx_word' id='word_1_633' title='bbox 1605 1907 1747 1940; x_wconf 87' lang='lat' dir='ltr'><strong>haberent,</strong></span> 
     </span>
    </p>
   </div>
   <div class='ocr_carea' id='block_1_86' title="bbox 967 1953 1748 1989">
    <p class='ocr_par' dir='ltr' id='par_1_86' title="bbox 967 1953 1748 1989">
     <span class='ocr_line' id='line_1_86' title="bbox 967 1953 1748 1989; baseline 0.001 -9"><span class='ocrx_word' id='word_1_634' title='bbox 967 1961 1020 1987; x_wconf 85' lang='lat' dir='ltr'><strong>quo</strong></span> <span class='ocrx_word' id='word_1_635' title='bbox 1046 1957 1125 1988; x_wconf 89' lang='lat' dir='ltr'><strong>pacto</strong></span> <span class='ocrx_word' id='word_1_636' title='bbox 1148 1953 1314 1988; x_wconf 88' lang='lat' dir='ltr'><strong>disciplinam</strong></span> <span class='ocrx_word' id='word_1_637' title='bbox 1340 1953 1524 1988; x_wconf 75' lang='lat' dir='ltr'><strong>evangelicum</strong></span> <span class='ocrx_word' id='word_1_638' title='bbox 1545 1955 1748 1989; x_wconf 85' lang='lat' dir='ltr'><strong>suscepissent,</strong></span> 
     </span>
    </p>
   </div>
   <div class='ocr_carea' id='block_1_87' title="bbox 968 1997 1748 2032">
    <p class='ocr_par' dir='ltr' id='par_1_87' title="bbox 968 1997 1748 2032">
     <span class='ocr_line' id='line_1_87' title="bbox 968 1997 1748 2032; baseline -0.001 -8"><span class='ocrx_word' id='word_1_639' title='bbox 968 2003 997 2024; x_wconf 90' lang='lat' dir='ltr'><strong>ut</strong></span> <span class='ocrx_word' id='word_1_640' title='bbox 1025 1997 1084 2025; x_wconf 90' lang='lat' dir='ltr'><strong>loco</strong></span> <span class='ocrx_word' id='word_1_641' title='bbox 1113 1997 1246 2032; x_wconf 83' lang='lat' dir='ltr'><strong>spiritalis</strong></span> <span class='ocrx_word' id='word_1_642' title='bbox 1272 1998 1388 2026; x_wconf 70' lang='lat' dir='ltr'><strong>victimae</strong></span> <span class='ocrx_word' id='word_1_643' title='bbox 1412 1998 1620 2026; x_wconf 71' lang='lat' dir='ltr'><strong>intellectualem</strong></span> <span class='ocrx_word' id='word_1_644' title='bbox 1646 1999 1748 2026; x_wconf 85' lang='lat' dir='ltr'><strong>cultum</strong></span> 
     </span>
    </p>
   </div>
   <div class='ocr_carea' id='block_1_88' title="bbox 967 2045 1750 2079">
    <p class='ocr_par' dir='ltr' id='par_1_88' title="bbox 967 2045 1750 2079">
     <span class='ocr_line' id='line_1_88' title="bbox 967 2045 1750 2079; baseline 0.003 -9"><span class='ocrx_word' id='word_1_645' title='bbox 967 2045 1021 2070; x_wconf 92' lang='lat' dir='ltr'><strong>Deo</strong></span> <span class='ocrx_word' id='word_1_646' title='bbox 1043 2048 1233 2071; x_wconf 86' lang='lat' dir='ltr'><strong>eonsecrarent</strong></span> <span class='ocrx_word' id='word_1_647' title='bbox 1247 2062 1255 2076; x_wconf 86' lang='lat'><strong>,</strong></span> <span class='ocrx_word' id='word_1_648' title='bbox 1276 2049 1304 2072; x_wconf 89' lang='lat' dir='ltr'><strong>et</strong></span> <span class='ocrx_word' id='word_1_649' title='bbox 1322 2052 1371 2079; x_wconf 86' lang='lat' dir='ltr'><strong>pro</strong></span> <span class='ocrx_word' id='word_1_650' title='bbox 1397 2045 1576 2072; x_wconf 79' lang='lat' dir='ltr'><strong>animantium</strong></span> <span class='ocrx_word' id='word_1_651' title='bbox 1598 2045 1671 2072; x_wconf 69' lang='lat' dir='ltr'><strong>crede</strong></span> <span class='ocrx_word' id='word_1_652' title='bbox 1693 2046 1750 2072; x_wconf 88' lang='lat' dir='ltr'><strong>vir-</strong></span> 
     </span>
    </p>
   </div>
   <div class='ocr_carea' id='block_1_89' title="bbox 968 2089 1748 2124">
    <p class='ocr_par' dir='ltr' id='par_1_89' title="bbox 968 2089 1748 2124">
     <span class='ocr_line' id='line_1_89' title="bbox 968 2089 1748 2124; baseline 0 -8"><span class='ocrx_word' id='word_1_653' title='bbox 968 2094 1051 2116; x_wconf 90' lang='lat' dir='ltr'><strong>tutum</strong></span> <span class='ocrx_word' id='word_1_654' title='bbox 1068 2089 1260 2124; x_wconf 77' lang='lat' dir='ltr'><strong>fragrautiam?</strong></span> <span class='ocrx_word' id='word_1_655' title='bbox 1273 2089 1450 2117; x_wconf 81' lang='lat' dir='ltr'><strong>[inmolabant</strong></span> <span class='ocrx_word' id='word_1_656' title='bbox 1470 2090 1550 2124; x_wconf 81' lang='lat' dir='ltr'><strong>igitur</strong></span> <span class='ocrx_word' id='word_1_657' title='bbox 1569 2098 1643 2123; x_wconf 89' lang='lat' dir='ltr'><strong>oves,</strong></span> <span class='ocrx_word' id='word_1_658' title='bbox 1657 2091 1748 2122; x_wconf 78' lang='lat' dir='ltr'><strong>boves,</strong></span> 
     </span>
    </p>
   </div>
   <div class='ocr_carea' id='block_1_90' title="bbox 967 2135 1748 2166">
    <p class='ocr_par' dir='ltr' id='par_1_90' title="bbox 967 2135 1748 2166">
     <span class='ocr_line' id='line_1_90' title="bbox 967 2135 1748 2166; baseline 0.001 -5"><span class='ocrx_word' id='word_1_659' title='bbox 967 2135 1073 2166; x_wconf 85' lang='lat' dir='ltr'><strong>hircos,</strong></span> <span class='ocrx_word' id='word_1_660' title='bbox 1102 2139 1222 2162; x_wconf 91' lang='lat' dir='ltr'><strong>turtures</strong></span> <span class='ocrx_word' id='word_1_661' title='bbox 1249 2139 1276 2162; x_wconf 89' lang='lat' dir='ltr'><strong>et</strong></span> <span class='ocrx_word' id='word_1_662' title='bbox 1298 2135 1448 2163; x_wconf 87' lang='lat' dir='ltr'><strong>columbas.</strong></span> <span class='ocrx_word' id='word_1_663' title='bbox 1475 2135 1528 2162; x_wconf 84' lang='lat' dir='ltr'><strong>Sed</strong></span> <span class='ocrx_word' id='word_1_664' title='bbox 1552 2136 1748 2163; x_wconf 85' lang='lat' dir='ltr'><strong>consideranda</strong></span> 
     </span>
    </p>
   </div>
   <div class='ocr_carea' id='block_1_91' title="bbox 967 2180 1749 2215">
    <p class='ocr_par' dir='ltr' id='par_1_91' title="bbox 967 2180 1749 2215">
     <span class='ocr_line' id='line_1_91' title="bbox 967 2180 1749 2215; baseline 0.001 -9"><span class='ocrx_word' id='word_1_665' title='bbox 967 2185 1017 2212; x_wconf 85' lang='lat' dir='ltr'><strong>est,</strong></span> <span class='ocrx_word' id='word_1_666' title='bbox 1030 2184 1110 2214; x_wconf 89' lang='lat' dir='ltr'><strong>atque</strong></span> <span class='ocrx_word' id='word_1_667' title='bbox 1130 2180 1202 2207; x_wconf 90' lang='lat' dir='ltr'><strong>omni</strong></span> <span class='ocrx_word' id='word_1_668' title='bbox 1225 2180 1404 2208; x_wconf 85' lang='lat' dir='ltr'><strong>admiratione</strong></span> <span class='ocrx_word' id='word_1_669' title='bbox 1429 2181 1630 2215; x_wconf 78' lang='lat' dir='ltr'><strong>prosequenda,</strong></span> <span class='ocrx_word' id='word_1_670' title='bbox 1656 2181 1749 2214; x_wconf 78' lang='lat' dir='ltr'><strong>singu-</strong></span> 
     </span>
    </p>
   </div>
   <div class='ocr_carea' id='block_1_92' title="bbox 130 2224 914 2261">
    <p class='ocr_par' dir='ltr' id='par_1_92' title="bbox 130 2225 914 2261">
     <span class='ocr_line' id='line_1_92' title="bbox 130 2225 914 2261; baseline 0.001 -10"><span class='ocrx_word' id='word_1_671' title='bbox 130 2225 178 2256; x_wconf 76' lang='grc' dir='ltr'><strong>τὸς</strong></span> <span class='ocrx_word' id='word_1_672' title='bbox 192 2226 304 2258; x_wconf 81' lang='grc' dir='ltr'>ἀξιῶσαι</span> <span class='ocrx_word' id='word_1_673' title='bbox 321 2225 459 2260; x_wconf 81' lang='grc' dir='ltr'>θαύματος</span> <span class='ocrx_word' id='word_1_674' title='bbox 480 2226 529 2261; x_wconf 87' lang='grc' dir='ltr'>τῆς</span> <span class='ocrx_word' id='word_1_675' title='bbox 551 2226 625 2257; x_wconf 85' lang='grc' dir='ltr'>θείας</span> <span class='ocrx_word' id='word_1_676' title='bbox 644 2226 798 2260; x_wconf 85' lang='grc' dir='ltr'>οἰκονομίας</span> <span class='ocrx_word' id='word_1_677' title='bbox 820 2227 866 2252; x_wconf 78' lang='grc' dir='ltr'><strong>καὶ</strong></span> <span class='ocrx_word' id='word_1_678' title='bbox 885 2226 914 2252; x_wconf 77' lang='grc' dir='ltr'><strong>τὸ</strong></span> 
     </span>
    </p>
   </div>
   <div class='ocr_carea' id='block_1_93' title="bbox 965 2224 1751 2261">
    <p class='ocr_par' dir='ltr' id='par_1_93' title="bbox 968 2225 1751 2253">
     <span class='ocr_line' id='line_1_93' title="bbox 968 2225 1751 2253; baseline 0 -2"><span class='ocrx_word' id='word_1_679' title='bbox 968 2226 1031 2252; x_wconf 79' lang='lat' dir='ltr'><strong>laris</strong></span> <span class='ocrx_word' id='word_1_680' title='bbox 1048 2227 1074 2252; x_wconf 93' lang='lat' dir='ltr'><strong>in</strong></span> <span class='ocrx_word' id='word_1_681' title='bbox 1092 2225 1142 2253; x_wconf 85' lang='lat' dir='ltr'><strong>hoc</strong></span> <span class='ocrx_word' id='word_1_682' title='bbox 1158 2226 1226 2253; x_wconf 88' lang='lat' dir='ltr'><strong>ratio</strong></span> <span class='ocrx_word' id='word_1_683' title='bbox 1240 2226 1323 2252; x_wconf 88' lang='lat' dir='ltr'><strong>divini</strong></span> <span class='ocrx_word' id='word_1_684' title='bbox 1349 2226 1467 2253; x_wconf 88' lang='lat' dir='ltr'><strong>consilii.</strong></span> <span class='ocrx_word' id='word_1_685' title='bbox 1482 2226 1548 2253; x_wconf 88' lang='lat' dir='ltr'><strong>Cum</strong></span> <span class='ocrx_word' id='word_1_686' title='bbox 1570 2226 1641 2252; x_wconf 91' lang='lat' dir='ltr'><strong>enim</strong></span> <span class='ocrx_word' id='word_1_687' title='bbox 1667 2226 1751 2253; x_wconf 86' lang='lat' dir='ltr'><strong>sacri-</strong></span> 
     </span>
    </p>
   </div>
   <div class='ocr_carea' id='block_1_94' title="bbox 131 2271 912 2307">
    <p class='ocr_par' dir='ltr' id='par_1_94' title="bbox 131 2271 912 2307">
     <span class='ocr_line' id='line_1_94' title="bbox 131 2271 912 2307; baseline 0 -10"><span class='ocrx_word' id='word_1_688' title='bbox 131 2271 161 2298; x_wconf 79' lang='grc' dir='ltr'><strong>ἔν</strong></span> <span class='ocrx_word' id='word_1_689' title='bbox 173 2280 204 2305; x_wconf 85' lang='grc' dir='ltr'>γε</span> <span class='ocrx_word' id='word_1_690' title='bbox 215 2271 246 2307; x_wconf 84' lang='grc' dir='ltr'><strong>δὴ</strong></span> <span class='ocrx_word' id='word_1_691' title='bbox 270 2271 376 2302; x_wconf 81' lang='grc' dir='ltr'>τούτοις</span> <span class='ocrx_word' id='word_1_692' title='bbox 400 2271 533 2306; x_wconf 72' lang='grc' dir='ltr'>ἔντεχνον.</span> <span class='ocrx_word' id='word_1_693' title='bbox 560 2272 661 2305; x_wconf 78' lang='grc' dir='ltr'>Ἐφιεὶς</span> <span class='ocrx_word' id='word_1_694' title='bbox 677 2272 729 2307; x_wconf 82' lang='grc' dir='ltr'><strong>γάρ</strong></span> <span class='ocrx_word' id='word_1_695' title='bbox 753 2273 912 2307; x_wconf 79' lang='grc' dir='ltr'>ἱερουργεῖν,</span> 
     </span>
    </p>
   </div>
   <div class='ocr_carea' id='block_1_95' title="bbox 131 2316 916 2352">
    <p class='ocr_par' dir='ltr' id='par_1_95' title="bbox 131 2316 916 2352">
     <span class='ocr_line' id='line_1_95' title="bbox 131 2316 916 2352; baseline 0.001 -9"><span class='ocrx_word' id='word_1_696' title='bbox 131 2317 177 2343; x_wconf 85' lang='grc' dir='ltr'><strong>διά</strong></span> <span class='ocrx_word' id='word_1_697' title='bbox 195 2326 235 2343; x_wconf 87' lang='grc' dir='ltr'><strong>τοι</strong></span> <span class='ocrx_word' id='word_1_698' title='bbox 252 2317 283 2343; x_wconf 81' lang='grc' dir='ltr'>τὸ</span> <span class='ocrx_word' id='word_1_699' title='bbox 298 2318 327 2343; x_wconf 84' lang='grc' dir='ltr'><strong>ὲν</strong></span> <span class='ocrx_word' id='word_1_700' title='bbox 340 2316 469 2351; x_wconf 76' lang='grc' dir='ltr'>Αἰγύπτῳ</span> <span class='ocrx_word' id='word_1_701' title='bbox 489 2318 566 2344; x_wconf 79' lang='grc' dir='ltr'>ταυτὶ</span> <span class='ocrx_word' id='word_1_702' title='bbox 591 2317 760 2344; x_wconf 76' lang='grc' dir='ltr'>κατειθίσθαι</span> <span class='ocrx_word' id='word_1_703' title='bbox 775 2317 850 2352; x_wconf 79' lang='grc' dir='ltr'>δρᾷν,</span> <span class='ocrx_word' id='word_1_704' title='bbox 870 2319 916 2344; x_wconf 76' lang='grc' dir='ltr'><strong>καὶ</strong></span> 
     </span>
    </p>
   </div>
   <div class='ocr_carea' id='block_1_96' title="bbox 130 2360 914 2399">
    <p class='ocr_par' dir='ltr' id='par_1_96' title="bbox 130 2360 914 2399">
     <span class='ocr_line' id='line_1_96' title="bbox 130 2360 914 2399; baseline 0 -10"><span class='ocrx_word' id='word_1_705' title='bbox 130 2360 187 2390; x_wconf 76' lang='grc' dir='ltr'>οἷον</span> <span class='ocrx_word' id='word_1_706' title='bbox 196 2363 367 2395; x_wconf 74' lang='grc' dir='ltr'><strong>ἀναϐιϐάζων</strong></span> <span class='ocrx_word' id='word_1_707' title='bbox 377 2363 449 2390; x_wconf 78' lang='grc' dir='ltr'>κατὰ</span> <span class='ocrx_word' id='word_1_708' title='bbox 460 2363 546 2399; x_wconf 76' lang='grc' dir='ltr'>βραχὺ</span> <span class='ocrx_word' id='word_1_709' title='bbox 558 2364 625 2398; x_wconf 80' lang='grc' dir='ltr'>πρὸς</span> <span class='ocrx_word' id='word_1_710' title='bbox 637 2364 667 2389; x_wconf 81' lang='grc' dir='ltr'>τὸ</span> <span class='ocrx_word' id='word_1_711' title='bbox 674 2364 832 2398; x_wconf 76' lang='grc' dir='ltr'>ἀμωμήτως</span> <span class='ocrx_word' id='word_1_712' title='bbox 843 2362 914 2397; x_wconf 80' lang='grc' dir='ltr'>ἕχον,</span> 
     </span>
    </p>
   </div>
   <div class='ocr_carea' id='block_1_97' title="bbox 131 2408 916 2444">
    <p class='ocr_par' dir='ltr' id='par_1_97' title="bbox 131 2408 916 2444">
     <span class='ocr_line' id='line_1_97' title="bbox 131 2408 916 2444; baseline -0.003 -8"><span class='ocrx_word' id='word_1_713' title='bbox 131 2410 196 2441; x_wconf 73' lang='grc' dir='ltr'>τοὺς</span> <span class='ocrx_word' id='word_1_714' title='bbox 220 2409 274 2436; x_wconf 83' lang='grc' dir='ltr'><strong>τῶν</strong></span> <span class='ocrx_word' id='word_1_715' title='bbox 294 2409 395 2436; x_wconf 80' lang='grc' dir='ltr'>θυσιῶν</span> <span class='ocrx_word' id='word_1_716' title='bbox 414 2408 541 2436; x_wconf 85' lang='grc' dir='ltr'>διετύπου</span> <span class='ocrx_word' id='word_1_717' title='bbox 559 2409 686 2444; x_wconf 75' lang='grc' dir='ltr'>τρόπους,</span> <span class='ocrx_word' id='word_1_718' title='bbox 704 2409 735 2435; x_wconf 83' lang='grc' dir='ltr'><strong>οὐ</strong></span> <span class='ocrx_word' id='word_1_719' title='bbox 752 2409 824 2435; x_wconf 83' lang='grc' dir='ltr'>κατὰ</span> <span class='ocrx_word' id='word_1_720' title='bbox 838 2417 870 2442; x_wconf 89' lang='grc' dir='ltr'>γε</span> <span class='ocrx_word' id='word_1_721' title='bbox 886 2408 916 2434; x_wconf 80' lang='grc' dir='ltr'>τὸ</span> 
     </span>
    </p>
   </div>
   <div class='ocr_carea' id='block_1_98' title="bbox 131 2454 915 2490">
    <p class='ocr_par' dir='ltr' id='par_1_98' title="bbox 131 2454 915 2490">
     <span class='ocr_line' id='line_1_98' title="bbox 131 2454 915 2490; baseline 0 -9"><span class='ocrx_word' id='word_1_722' title='bbox 131 2454 227 2486; x_wconf 79' lang='grc' dir='ltr'>εἰωθὸς</span> <span class='ocrx_word' id='word_1_723' title='bbox 246 2455 354 2486; x_wconf 83' lang='grc' dir='ltr'>αὐτοῖς,</span> <span class='ocrx_word' id='word_1_724' title='bbox 371 2454 428 2481; x_wconf 87' lang='grc' dir='ltr'>ἀλλ’</span> <span class='ocrx_word' id='word_1_725' title='bbox 447 2455 533 2486; x_wconf 80' lang='grc' dir='ltr'>οὕτως</span> <span class='ocrx_word' id='word_1_726' title='bbox 549 2455 764 2490; x_wconf 73' lang='grc' dir='ltr'>ἐσκευασμένους</span> <span class='ocrx_word' id='word_1_727' title='bbox 784 2454 915 2490; x_wconf 82' lang='grc' dir='ltr'>ἐντέχνως</span> 
     </span>
    </p>
   </div>
   <div class='ocr_carea' id='block_1_99' title="bbox 129 2501 913 2536">
    <p class='ocr_par' dir='ltr' id='par_1_99' title="bbox 129 2501 913 2536">
     <span class='ocr_line' id='line_1_99' title="bbox 129 2501 913 2536; baseline -0.001 -8"><span class='ocrx_word' id='word_1_728' title='bbox 129 2509 161 2528; x_wconf 84' lang='grc' dir='ltr'><strong>τε</strong></span> <span class='ocrx_word' id='word_1_729' title='bbox 177 2501 224 2527; x_wconf 75' lang='grc' dir='ltr'><strong>καὶ</strong></span> <span class='ocrx_word' id='word_1_730' title='bbox 247 2501 346 2535; x_wconf 62' lang='grc' dir='ltr'>σοφῶς,</span> <span class='ocrx_word' id='word_1_731' title='bbox 369 2501 408 2532; x_wconf 85' lang='grc' dir='ltr'>ὡς</span> <span class='ocrx_word' id='word_1_732' title='bbox 422 2501 469 2527; x_wconf 81' lang='grc' dir='ltr'><strong>καὶ</strong></span> <span class='ocrx_word' id='word_1_733' title='bbox 493 2501 589 2536; x_wconf 79' lang='grc' dir='ltr'>νοερᾶς</span> <span class='ocrx_word' id='word_1_734' title='bbox 601 2501 730 2536; x_wconf 86' lang='grc' dir='ltr'>λατρείας</span> <span class='ocrx_word' id='word_1_735' title='bbox 746 2501 850 2527; x_wconf 79' lang='grc' dir='ltr'>ὠδίνειν</span> <span class='ocrx_word' id='word_1_736' title='bbox 870 2502 913 2535; x_wconf 74' lang='grc' dir='ltr'><strong>ἐφ’</strong></span> 
     </span>
    </p>
   </div>
   <div class='ocr_carea' id='block_1_100' title="bbox 130 2544 915 2582">
    <p class='ocr_par' dir='ltr' id='par_1_100' title="bbox 130 2544 915 2582">
     <span class='ocr_line' id='line_1_100' title="bbox 130 2544 915 2582; baseline 0 -10"><span class='ocrx_word' id='word_1_737' title='bbox 130 2546 238 2578; x_wconf 78' lang='grc' dir='ltr'>ἑαυτοῖς</span> <span class='ocrx_word' id='word_1_738' title='bbox 257 2547 306 2577; x_wconf 83' lang='grc' dir='ltr'><strong>τὴν</strong></span> <span class='ocrx_word' id='word_1_739' title='bbox 333 2545 483 2582; x_wconf 87' lang='grc' dir='ltr'>μόρφωσιν.</span> <span class='ocrx_word' id='word_1_740' title='bbox 499 2544 560 2573; x_wconf 80' lang='grc' dir='ltr'><strong>Οἶόν</strong></span> <span class='ocrx_word' id='word_1_741' title='bbox 577 2547 602 2574; x_wconf 85' lang='grc' dir='ltr'><strong>τί</strong></span> <span class='ocrx_word' id='word_1_742' title='bbox 628 2555 699 2582; x_wconf 82' lang='grc' dir='ltr'>φημι</span> <span class='ocrx_word' id='word_1_743' title='bbox 710 2554 719 2562; x_wconf 73' lang='grc'><strong>⁸</strong></span> <span class='ocrx_word' id='word_1_744' title='bbox 736 2546 851 2573; x_wconf 75' lang='grc' dir='ltr'>Τέθυτιιι</span> <span class='ocrx_word' id='word_1_745' title='bbox 866 2546 915 2581; x_wconf 85' lang='grc' dir='ltr'>μὲν</span> 
     </span>
    </p>
   </div>
   <div class='ocr_carea' id='block_1_101' title="bbox 129 2591 916 2628">
    <p class='ocr_par' dir='ltr' id='par_1_101' title="bbox 129 2591 916 2628">
     <span class='ocr_line' id='line_1_101' title="bbox 129 2591 916 2628; baseline -0.001 -10"><span class='ocrx_word' id='word_1_746' title='bbox 129 2591 187 2627; x_wconf 88' lang='grc' dir='ltr'><strong>γὰρ</strong></span> <span class='ocrx_word' id='word_1_747' title='bbox 201 2592 215 2618; x_wconf 84' lang='grc' dir='ltr'><strong>δ</strong></span> <span class='ocrx_word' id='word_1_748' title='bbox 230 2591 315 2627; x_wconf 82' lang='grc' dir='ltr'>ἀμνὸς</span> <span class='ocrx_word' id='word_1_749' title='bbox 330 2593 358 2618; x_wconf 85' lang='grc' dir='ltr'>ὲν</span> <span class='ocrx_word' id='word_1_750' title='bbox 372 2591 502 2626; x_wconf 82' lang='grc' dir='ltr'><strong>Αἰγύπτῳ</strong></span> <span class='ocrx_word' id='word_1_751' title='bbox 516 2591 564 2628; x_wconf 85' lang='grc' dir='ltr'><strong>τὴν</strong></span> <span class='ocrx_word' id='word_1_752' title='bbox 580 2591 626 2618; x_wconf 76' lang='grc' dir='ltr'>ἐπὶ</span> <span class='ocrx_word' id='word_1_753' title='bbox 639 2592 668 2618; x_wconf 74' lang='grc' dir='ltr'>τὸ</span> <span class='ocrx_word' id='word_1_754' title='bbox 682 2592 777 2626; x_wconf 82' lang='grc' dir='ltr'>Πάσχα</span> <span class='ocrx_word' id='word_1_755' title='bbox 792 2592 916 2626; x_wconf 86' lang='grc' dir='ltr'>πανήγυ-</span> 
     </span>
    </p>
   </div>
   <div class='ocr_carea' id='block_1_102' title="bbox 133 2636 917 2674">
    <p class='ocr_par' dir='ltr' id='par_1_102' title="bbox 133 2636 917 2674">
     <span class='ocr_line' id='line_1_102' title="bbox 133 2636 917 2674; baseline 0.001 -11"><span class='ocrx_word' id='word_1_756' title='bbox 133 2645 178 2673; x_wconf 88' lang='grc' dir='ltr'><strong>ριν</strong></span> <span class='ocrx_word' id='word_1_757' title='bbox 191 2637 428 2673; x_wconf 80' lang='grc' dir='ltr'>ἀποπεραινόντων</span> <span class='ocrx_word' id='word_1_758' title='bbox 440 2636 469 2664; x_wconf 74' lang='grc' dir='ltr'>εὖ</span> <span class='ocrx_word' id='word_1_759' title='bbox 485 2638 556 2672; x_wconf 87' lang='grc' dir='ltr'>μάλα</span> <span class='ocrx_word' id='word_1_760' title='bbox 569 2637 622 2664; x_wconf 84' lang='grc' dir='ltr'><strong>τῶν</strong></span> <span class='ocrx_word' id='word_1_761' title='bbox 639 2637 668 2671; x_wconf 74' lang='grc' dir='ltr'>ἐξ</span> <span class='ocrx_word' id='word_1_762' title='bbox 692 2637 801 2674; x_wconf 85' lang='grc' dir='ltr'>Ἰσραήλ</span> <span class='ocrx_word' id='word_1_763' title='bbox 812 2646 819 2654; x_wconf 82' lang='lat'>&#39;</span> <span class='ocrx_word' id='word_1_764' title='bbox 837 2637 917 2664; x_wconf 85' lang='grc' dir='ltr'>τέθυ-</span> 
     </span>
    </p>
   </div>
   <div class='ocr_carea' id='block_1_103' title="bbox 131 2683 917 2719">
    <p class='ocr_par' dir='ltr' id='par_1_103' title="bbox 131 2683 917 2719">
     <span class='ocr_line' id='line_1_103' title="bbox 131 2683 917 2719; baseline 0 -10"><span class='ocrx_word' id='word_1_765' title='bbox 131 2691 180 2709; x_wconf 80' lang='grc' dir='ltr'><strong>ται</strong></span> <span class='ocrx_word' id='word_1_766' title='bbox 197 2683 227 2710; x_wconf 80' lang='grc' dir='ltr'>δὲ</span> <span class='ocrx_word' id='word_1_767' title='bbox 241 2684 290 2719; x_wconf 77' lang='grc' dir='ltr'>οὐχ</span> <span class='ocrx_word' id='word_1_768' title='bbox 312 2683 415 2716; x_wconf 85' lang='grc' dir='ltr'>ἁπλῶς,</span> <span class='ocrx_word' id='word_1_769' title='bbox 443 2683 499 2710; x_wconf 81' lang='grc' dir='ltr'>ἀλλ’</span> <span class='ocrx_word' id='word_1_770' title='bbox 514 2684 642 2718; x_wconf 73' lang='grc' dir='ltr'>ἐνσόφως,</span> <span class='ocrx_word' id='word_1_771' title='bbox 663 2683 700 2715; x_wconf 83' lang='grc' dir='ltr'>ὡς</span> <span class='ocrx_word' id='word_1_772' title='bbox 713 2684 791 2718; x_wconf 76' lang='grc' dir='ltr'><strong>ἔφην.</strong></span> <span class='ocrx_word' id='word_1_773' title='bbox 816 2683 917 2718; x_wconf 86' lang='grc' dir='ltr'>Ἐλαμ-</span> 
     </span>
    </p>
   </div>
   <div class='ocr_carea' id='block_1_104' title="bbox 132 2729 917 2766">
    <p class='ocr_par' dir='ltr' id='par_1_104' title="bbox 132 2729 917 2766">
     <span class='ocr_line' id='line_1_104' title="bbox 132 2729 917 2766; baseline -0.001 -10"><span class='ocrx_word' id='word_1_774' title='bbox 132 2729 230 2756; x_wconf 82' lang='grc' dir='ltr'>6άνετο</span> <span class='ocrx_word' id='word_1_775' title='bbox 255 2730 304 2765; x_wconf 81' lang='grc' dir='ltr'><strong>μὲν</strong></span> <span class='ocrx_word' id='word_1_776' title='bbox 334 2730 388 2766; x_wconf 78' lang='grc' dir='ltr'><strong>γάρ</strong></span> <span class='ocrx_word' id='word_1_777' title='bbox 403 2729 456 2757; x_wconf 84' lang='grc' dir='ltr'>ἀπὸ</span> <span class='ocrx_word' id='word_1_778' title='bbox 480 2730 596 2765; x_wconf 84' lang='grc' dir='ltr'>δεκάτης</span> <span class='ocrx_word' id='word_1_779' title='bbox 622 2730 668 2756; x_wconf 82' lang='grc' dir='ltr'>τοῦ</span> <span class='ocrx_word' id='word_1_780' title='bbox 685 2730 793 2765; x_wconf 85' lang='grc' dir='ltr'>πρώτου</span> <span class='ocrx_word' id='word_1_781' title='bbox 823 2729 917 2764; x_wconf 71' lang='grc' dir='ltr'>μηνὸς,</span> 
     </span>
    </p>
   </div>
   <div class='ocr_carea' id='block_1_105' title="bbox 133 2775 917 2812">
    <p class='ocr_par' dir='ltr' id='par_1_105' title="bbox 133 2775 917 2812">
     <span class='ocr_line' id='line_1_105' title="bbox 133 2775 917 2812; baseline -0.001 -10"><span class='ocrx_word' id='word_1_782' title='bbox 133 2776 268 2810; x_wconf 68' lang='grc' dir='ltr'>ἐσφάζετο</span> <span class='ocrx_word' id='word_1_783' title='bbox 286 2775 314 2803; x_wconf 79' lang='grc' dir='ltr'>δὲ</span> <span class='ocrx_word' id='word_1_784' title='bbox 336 2778 369 2812; x_wconf 86' lang='grc' dir='ltr'>τῇ</span> <span class='ocrx_word' id='word_1_785' title='bbox 398 2776 683 2812; x_wconf 80' lang='grc' dir='ltr'>τεσσαρεσκαιδεκάτῃ</span> <span class='ocrx_word' id='word_1_786' title='bbox 707 2775 775 2811; x_wconf 77' lang='grc' dir='ltr'>πρὸς</span> <span class='ocrx_word' id='word_1_787' title='bbox 799 2775 917 2802; x_wconf 73' lang='grc' dir='ltr'>ἑσπέραν</span> 
     </span>
    </p>
   </div>
   <div class='ocr_carea' id='block_1_106' title="bbox 966 2270 1747 2306">
    <p class='ocr_par' dir='ltr' id='par_1_106' title="bbox 966 2270 1747 2306">
     <span class='ocr_line' id='line_1_106' title="bbox 966 2270 1747 2306; baseline 0 -9"><span class='ocrx_word' id='word_1_788' title='bbox 966 2271 1047 2297; x_wconf 84' lang='lat' dir='ltr'><strong>ticare</strong></span> <span class='ocrx_word' id='word_1_789' title='bbox 1061 2271 1239 2304; x_wconf 86' lang='lat' dir='ltr'><strong>permitteret,</strong></span> <span class='ocrx_word' id='word_1_790' title='bbox 1259 2275 1401 2305; x_wconf 84' lang='lat' dir='ltr'><strong>propterea</strong></span> <span class='ocrx_word' id='word_1_791' title='bbox 1418 2271 1488 2305; x_wconf 89' lang='lat' dir='ltr'><strong>quod</strong></span> <span class='ocrx_word' id='word_1_792' title='bbox 1508 2271 1564 2298; x_wconf 66' lang='lat' dir='ltr'><strong>haec</strong></span> <span class='ocrx_word' id='word_1_793' title='bbox 1581 2272 1607 2297; x_wconf 92' lang='lat' dir='ltr'><strong>in</strong></span> <span class='ocrx_word' id='word_1_794' title='bbox 1626 2270 1747 2306; x_wconf 65' lang='lat' dir='ltr'><strong>Egypto</strong></span> 
     </span>
    </p>
   </div>
   <div class='ocr_carea' id='block_1_107' title="bbox 966 2316 1749 2350">
    <p class='ocr_par' dir='ltr' id='par_1_107' title="bbox 966 2316 1749 2350">
     <span class='ocr_line' id='line_1_107' title="bbox 966 2316 1749 2350; baseline -0.001 -7"><span class='ocrx_word' id='word_1_795' title='bbox 966 2317 1055 2344; x_wconf 73' lang='lat' dir='ltr'><strong>facere</strong></span> <span class='ocrx_word' id='word_1_796' title='bbox 1069 2317 1140 2344; x_wconf 87' lang='lat' dir='ltr'><strong>soliti</strong></span> <span class='ocrx_word' id='word_1_797' title='bbox 1157 2322 1259 2347; x_wconf 84' lang='lat' dir='ltr'><strong>essent,</strong></span> <span class='ocrx_word' id='word_1_798' title='bbox 1285 2324 1316 2343; x_wconf 84' lang='lat' dir='ltr'><strong>ac</strong></span> <span class='ocrx_word' id='word_1_799' title='bbox 1339 2316 1422 2343; x_wconf 85' lang='lat' dir='ltr'><strong>veluti</strong></span> <span class='ocrx_word' id='word_1_800' title='bbox 1445 2316 1608 2350; x_wconf 85' lang='lat' dir='ltr'><strong>pedetentim</strong></span> <span class='ocrx_word' id='word_1_801' title='bbox 1627 2317 1660 2342; x_wconf 88' lang='lat' dir='ltr'><strong>ad</strong></span> <span class='ocrx_word' id='word_1_802' title='bbox 1685 2323 1749 2350; x_wconf 89' lang='lat' dir='ltr'><strong>per-</strong></span> 
     </span>
    </p>
   </div>
   <div class='ocr_carea' id='block_1_108' title="bbox 965 2362 1749 2391">
    <p class='ocr_par' dir='ltr' id='par_1_108' title="bbox 965 2362 1749 2391">
     <span class='ocr_line' id='line_1_108' title="bbox 965 2362 1749 2391; baseline -0.003 -1"><span class='ocrx_word' id='word_1_803' title='bbox 965 2363 1106 2391; x_wconf 84' lang='lat' dir='ltr'><strong>fectionem</strong></span> <span class='ocrx_word' id='word_1_804' title='bbox 1131 2363 1258 2390; x_wconf 86' lang='lat' dir='ltr'><strong>eveheret</strong></span> <span class='ocrx_word' id='word_1_805' title='bbox 1283 2362 1458 2389; x_wconf 83' lang='lat' dir='ltr'><strong>sacrificandi</strong></span> <span class='ocrx_word' id='word_1_806' title='bbox 1485 2362 1577 2388; x_wconf 88' lang='lat' dir='ltr'><strong>modos</strong></span> <span class='ocrx_word' id='word_1_807' title='bbox 1603 2362 1749 2389; x_wconf 87' lang='lat' dir='ltr'><strong>adumbra-</strong></span> 
     </span>
    </p>
   </div>
   <div class='ocr_carea' id='block_1_109' title="bbox 967 2407 1746 2442">
    <p class='ocr_par' dir='ltr' id='par_1_109' title="bbox 967 2407 1746 2442">
     <span class='ocr_line' id='line_1_109' title="bbox 967 2407 1746 2442; baseline -0.004 -6"><span class='ocrx_word' id='word_1_808' title='bbox 967 2410 1021 2441; x_wconf 82' lang='lat' dir='ltr'><strong>bat,</strong></span> <span class='ocrx_word' id='word_1_809' title='bbox 1037 2417 1088 2436; x_wconf 90' lang='lat' dir='ltr'><strong>nou</strong></span> <span class='ocrx_word' id='word_1_810' title='bbox 1103 2416 1135 2435; x_wconf 89' lang='lat' dir='ltr'><strong>eo</strong></span> <span class='ocrx_word' id='word_1_811' title='bbox 1151 2409 1201 2435; x_wconf 90' lang='lat' dir='ltr'><strong>ritu</strong></span> <span class='ocrx_word' id='word_1_812' title='bbox 1219 2416 1272 2442; x_wconf 93' lang='lat' dir='ltr'><strong>quo</strong></span> <span class='ocrx_word' id='word_1_813' title='bbox 1287 2408 1361 2435; x_wconf 86' lang='lat' dir='ltr'><strong>soliti</strong></span> <span class='ocrx_word' id='word_1_814' title='bbox 1379 2412 1472 2441; x_wconf 88' lang='lat' dir='ltr'><strong>erant,</strong></span> <span class='ocrx_word' id='word_1_815' title='bbox 1489 2407 1535 2434; x_wconf 91' lang='lat' dir='ltr'><strong>sed</strong></span> <span class='ocrx_word' id='word_1_816' title='bbox 1553 2412 1606 2434; x_wconf 86' lang='lat' dir='ltr'><strong>tam</strong></span> <span class='ocrx_word' id='word_1_817' title='bbox 1630 2408 1746 2434; x_wconf 72' lang='lat' dir='ltr'><strong>solerter</strong></span> 
     </span>
    </p>
   </div>
   <div class='ocr_carea' id='block_1_110' title="bbox 969 2453 1749 2489">
    <p class='ocr_par' dir='ltr' id='par_1_110' title="bbox 969 2453 1749 2489">
     <span class='ocr_line' id='line_1_110' title="bbox 969 2453 1749 2489; baseline 0 -9"><span class='ocrx_word' id='word_1_818' title='bbox 969 2454 1160 2489; x_wconf 86' lang='lat' dir='ltr'><strong>sapienterque</strong></span> <span class='ocrx_word' id='word_1_819' title='bbox 1185 2458 1367 2488; x_wconf 66' lang='lat' dir='ltr'><strong>praeparatos,</strong></span> <span class='ocrx_word' id='word_1_820' title='bbox 1397 2459 1426 2480; x_wconf 89' lang='lat' dir='ltr'><strong>ut</strong></span> <span class='ocrx_word' id='word_1_821' title='bbox 1451 2458 1477 2480; x_wconf 90' lang='lat' dir='ltr'><strong>et</strong></span> <span class='ocrx_word' id='word_1_822' title='bbox 1503 2453 1634 2488; x_wconf 82' lang='lat' dir='ltr'><strong>spiritalis</strong></span> <span class='ocrx_word' id='word_1_823' title='bbox 1659 2454 1749 2480; x_wconf 82' lang='lat' dir='ltr'><strong>cultus</strong></span> 
     </span>
    </p>
   </div>
   <div class='ocr_carea' id='block_1_111' title="bbox 967 2498 1750 2534">
    <p class='ocr_par' dir='ltr' id='par_1_111' title="bbox 967 2498 1750 2534">
     <span class='ocr_line' id='line_1_111' title="bbox 967 2498 1750 2534; baseline -0.001 -8"><span class='ocrx_word' id='word_1_824' title='bbox 967 2499 1080 2527; x_wconf 90' lang='lat' dir='ltr'><strong>formam</strong></span> <span class='ocrx_word' id='word_1_825' title='bbox 1110 2500 1137 2527; x_wconf 92' lang='lat' dir='ltr'><strong>in</strong></span> <span class='ocrx_word' id='word_1_826' title='bbox 1165 2507 1194 2526; x_wconf 88' lang='lat' dir='ltr'><strong>se</strong></span> <span class='ocrx_word' id='word_1_827' title='bbox 1218 2505 1354 2534; x_wconf 83' lang='lat' dir='ltr'><strong>parerent.</strong></span> <span class='ocrx_word' id='word_1_828' title='bbox 1382 2498 1538 2533; x_wconf 75' lang='lat' dir='ltr'><strong>Huiusmodi</strong></span> <span class='ocrx_word' id='word_1_829' title='bbox 1567 2504 1609 2526; x_wconf 90' lang='lat' dir='ltr'><strong>est</strong></span> <span class='ocrx_word' id='word_1_830' title='bbox 1637 2499 1750 2526; x_wconf 87' lang='lat' dir='ltr'><strong>omnino</strong></span> 
     </span>
    </p>
   </div>
   <div class='ocr_carea' id='block_1_112' title="bbox 967 2544 1749 2580">
    <p class='ocr_par' dir='ltr' id='par_1_112' title="bbox 967 2544 1749 2580">
     <span class='ocr_line' id='line_1_112' title="bbox 967 2544 1749 2580; baseline -0.003 -7"><span class='ocrx_word' id='word_1_831' title='bbox 967 2546 1037 2573; x_wconf 88' lang='lat' dir='ltr'><strong>istud</strong></span> <span class='ocrx_word' id='word_1_832' title='bbox 1057 2555 1064 2572; x_wconf 93' lang='lat'>:</span> <span class='ocrx_word' id='word_1_833' title='bbox 1081 2545 1239 2573; x_wconf 88' lang='lat' dir='ltr'><strong>lmtnolatus</strong></span> <span class='ocrx_word' id='word_1_834' title='bbox 1250 2549 1292 2572; x_wconf 83' lang='lat' dir='ltr'><strong>est</strong></span> <span class='ocrx_word' id='word_1_835' title='bbox 1310 2553 1394 2580; x_wconf 83' lang='lat' dir='ltr'><strong>agnus</strong></span> <span class='ocrx_word' id='word_1_836' title='bbox 1420 2545 1446 2572; x_wconf 92' lang='lat' dir='ltr'><strong>in</strong></span> <span class='ocrx_word' id='word_1_837' title='bbox 1473 2544 1590 2579; x_wconf 72' lang='lat' dir='ltr'><strong>[Egypto</strong></span> <span class='ocrx_word' id='word_1_838' title='bbox 1615 2545 1749 2572; x_wconf 75' lang='lat' dir='ltr'><strong>lsraelitis</strong></span> 
     </span>
    </p>
   </div>
   <div class='ocr_carea' id='block_1_113' title="bbox 967 2591 1751 2626">
    <p class='ocr_par' dir='ltr' id='par_1_113' title="bbox 967 2591 1751 2626">
     <span class='ocr_line' id='line_1_113' title="bbox 967 2591 1751 2626; baseline -0.003 -7"><span class='ocrx_word' id='word_1_839' title='bbox 967 2591 1108 2619; x_wconf 83' lang='lat' dir='ltr'><strong>l&#39;ascltatis</strong></span> <span class='ocrx_word' id='word_1_840' title='bbox 1126 2592 1223 2619; x_wconf 88' lang='lat' dir='ltr'><strong>festum</strong></span> <span class='ocrx_word' id='word_1_841' title='bbox 1240 2592 1332 2626; x_wconf 88' lang='lat' dir='ltr'><strong>utique</strong></span> <span class='ocrx_word' id='word_1_842' title='bbox 1347 2592 1537 2625; x_wconf 83' lang='lat' dir='ltr'><strong>peragentibus</strong></span> <span class='ocrx_word' id='word_1_843' title='bbox 1564 2600 1571 2618; x_wconf 87' lang='lat'><strong>:</strong></span> <span class='ocrx_word' id='word_1_844' title='bbox 1594 2591 1751 2617; x_wconf 84' lang='lat' dir='ltr'><strong>immolatus</strong></span> 
     </span>
    </p>
   </div>
   <div class='ocr_carea' id='block_1_114' title="bbox 967 2636 1750 2670">
    <p class='ocr_par' dir='ltr' id='par_1_114' title="bbox 967 2636 1750 2670">
     <span class='ocr_line' id='line_1_114' title="bbox 967 2636 1750 2670; baseline -0.003 -6"><span class='ocrx_word' id='word_1_845' title='bbox 967 2642 1056 2664; x_wconf 85' lang='lat' dir='ltr'><strong>autem</strong></span> <span class='ocrx_word' id='word_1_846' title='bbox 1071 2642 1113 2664; x_wconf 85' lang='lat' dir='ltr'><strong>est</strong></span> <span class='ocrx_word' id='word_1_847' title='bbox 1129 2645 1181 2664; x_wconf 92' lang='lat' dir='ltr'><strong>non</strong></span> <span class='ocrx_word' id='word_1_848' title='bbox 1206 2643 1318 2668; x_wconf 82' lang='lat' dir='ltr'><strong>temere,</strong></span> <span class='ocrx_word' id='word_1_849' title='bbox 1344 2638 1391 2664; x_wconf 85' lang='lat' dir='ltr'><strong>sed</strong></span> <span class='ocrx_word' id='word_1_850' title='bbox 1415 2636 1544 2670; x_wconf 81' lang='lat' dir='ltr'><strong>singulari</strong></span> <span class='ocrx_word' id='word_1_851' title='bbox 1570 2636 1692 2669; x_wconf 88' lang='lat' dir='ltr'><strong>consilio,</strong></span> <span class='ocrx_word' id='word_1_852' title='bbox 1711 2637 1750 2662; x_wconf 89' lang='lat' dir='ltr'><strong>uti</strong></span> 
     </span>
    </p>
   </div>
   <div class='ocr_carea' id='block_1_115' title="bbox 966 2682 1749 2718">
    <p class='ocr_par' dir='ltr' id='par_1_115' title="bbox 966 2682 1749 2718">
     <span class='ocr_line' id='line_1_115' title="bbox 966 2682 1749 2718; baseline -0.003 -8"><span class='ocrx_word' id='word_1_853' title='bbox 966 2683 1032 2710; x_wconf 80' lang='lat' dir='ltr'><strong>dixi.</strong></span> <span class='ocrx_word' id='word_1_854' title='bbox 1048 2683 1244 2711; x_wconf 84' lang='lat' dir='ltr'><strong>Assumebatur</strong></span> <span class='ocrx_word' id='word_1_855' title='bbox 1256 2685 1328 2711; x_wconf 87' lang='lat' dir='ltr'><strong>enim</strong></span> <span class='ocrx_word' id='word_1_856' title='bbox 1348 2683 1454 2710; x_wconf 87' lang='lat' dir='ltr'><strong>decima</strong></span> <span class='ocrx_word' id='word_1_857' title='bbox 1472 2683 1550 2718; x_wconf 91' lang='lat' dir='ltr'><strong>primi</strong></span> <span class='ocrx_word' id='word_1_858' title='bbox 1568 2682 1680 2715; x_wconf 87' lang='lat' dir='ltr'><strong>mensis,</strong></span> <span class='ocrx_word' id='word_1_859' title='bbox 1699 2682 1749 2709; x_wconf 91' lang='lat' dir='ltr'><strong>im-</strong></span> 
     </span>
    </p>
   </div>
   <div class='ocr_carea' id='block_1_116' title="bbox 968 2727 1746 2764">
    <p class='ocr_par' dir='ltr' id='par_1_116' title="bbox 968 2727 1746 2764">
     <span class='ocr_line' id='line_1_116' title="bbox 968 2727 1746 2764; baseline -0.003 -9"><span class='ocrx_word' id='word_1_860' title='bbox 968 2729 1119 2756; x_wconf 85' lang='lat' dir='ltr'><strong>molabatur</strong></span> <span class='ocrx_word' id='word_1_861' title='bbox 1134 2734 1223 2756; x_wconf 85' lang='lat' dir='ltr'><strong>autent</strong></span> <span class='ocrx_word' id='word_1_862' title='bbox 1238 2734 1333 2764; x_wconf 87' lang='lat' dir='ltr'><strong>quarta</strong></span> <span class='ocrx_word' id='word_1_863' title='bbox 1359 2729 1463 2756; x_wconf 88' lang='lat' dir='ltr'><strong>decima</strong></span> <span class='ocrx_word' id='word_1_864' title='bbox 1478 2728 1528 2756; x_wconf 89' lang='lat' dir='ltr'><strong>sub</strong></span> <span class='ocrx_word' id='word_1_865' title='bbox 1552 2734 1693 2762; x_wconf 87' lang='lat' dir='ltr'><strong>vesperam</strong></span> <span class='ocrx_word' id='word_1_866' title='bbox 1712 2727 1746 2753; x_wconf 84' lang='lat' dir='ltr'><strong>ad</strong></span> 
     </span>
    </p>
   </div>
   <div class='ocr_carea' id='block_1_117' title="bbox 968 2774 1749 2810">
    <p class='ocr_par' dir='ltr' id='par_1_117' title="bbox 968 2774 1749 2810">
     <span class='ocr_line' id='line_1_117' title="bbox 968 2774 1749 2810; baseline -0.001 -9"><span class='ocrx_word' id='word_1_867' title='bbox 968 2776 1101 2803; x_wconf 86' lang='lat' dir='ltr'><strong>lucernas.</strong></span> <span class='ocrx_word' id='word_1_868' title='bbox 1127 2776 1308 2803; x_wconf 78' lang='lat' dir='ltr'><strong>Convivarum</strong></span> <span class='ocrx_word' id='word_1_869' title='bbox 1324 2783 1405 2810; x_wconf 82' lang='lat' dir='ltr'><strong>porro</strong></span> <span class='ocrx_word' id='word_1_870' title='bbox 1428 2775 1536 2802; x_wconf 83' lang='lat' dir='ltr'><strong>habitus</strong></span> <span class='ocrx_word' id='word_1_871' title='bbox 1559 2782 1573 2802; x_wconf 84' lang='lat' dir='ltr'><strong>a</strong></span> <span class='ocrx_word' id='word_1_872' title='bbox 1599 2774 1656 2808; x_wconf 76' lang='lat' dir='ltr'><strong>lege</strong></span> <span class='ocrx_word' id='word_1_873' title='bbox 1679 2780 1749 2808; x_wconf 84' lang='lat' dir='ltr'><strong>pra:-</strong></span> 
     </span>
    </p>
   </div>
   <div class='ocr_carea' id='block_1_118' title="bbox 169 2851 991 2887">
    <p class='ocr_par' dir='ltr' id='par_1_118' title="bbox 169 2851 991 2887">
     <span class='ocr_line' id='line_1_118' title="bbox 169 2851 991 2887; baseline 0 -8"><span class='ocrx_word' id='word_1_874' title='bbox 169 2853 191 2869; x_wconf 81' lang='grc'><strong>⁵¹</strong></span> <span class='ocrx_word' id='word_1_875' title='bbox 216 2853 294 2881; x_wconf 80' lang='lat' dir='ltr'><strong>Rom.</strong></span> <span class='ocrx_word' id='word_1_876' title='bbox 313 2861 342 2887; x_wconf 92' lang='lat' dir='ltr'><strong>tt,</strong></span> <span class='ocrx_word' id='word_1_877' title='bbox 360 2853 405 2881; x_wconf 82' lang='lat'><strong>‘20.</strong></span> <span class='ocrx_word' id='word_1_878' title='bbox 444 2855 466 2870; x_wconf 74' lang='grc'><strong>⁵³</strong></span> <span class='ocrx_word' id='word_1_879' title='bbox 482 2854 531 2882; x_wconf 83' lang='lat' dir='ltr'><strong>lsa.</strong></span> <span class='ocrx_word' id='word_1_880' title='bbox 550 2861 639 2885; x_wconf 80' lang='lat' dir='ltr'><strong>XLVIII,</strong></span> <span class='ocrx_word' id='word_1_881' title='bbox 658 2853 685 2880; x_wconf 89' lang='lat'><strong>8.</strong></span> <span class='ocrx_word' id='word_1_882' title='bbox 723 2852 746 2868; x_wconf 78' lang='grc'><strong>⁵⁸</strong></span> <span class='ocrx_word' id='word_1_883' title='bbox 763 2851 844 2880; x_wconf 82' lang='lat' dir='ltr'><strong>Exod.</strong></span> <span class='ocrx_word' id='word_1_884' title='bbox 863 2859 948 2887; x_wconf 80' lang='lat' dir='ltr'><strong>xxxu,</strong></span> <span class='ocrx_word' id='word_1_885' title='bbox 966 2854 991 2880; x_wconf 69' lang='grc' dir='ltr'><strong>εί.</strong></span> 
     </span>
    </p>
   </div>
  </div>
