1894 3056
160 161 213 189 975

659 157 687 184 S.
709 154 846 182 CYRILLI
865 154 1098 182 ALEXANDBINI
1119 154 1279 183 ABCHIEP.

1733 153 1788 182 976

162 222 279 257 scriptus
299 223 367 247 erat.
387 217 452 244 «Sic
464 217 546 247 enim,
570 214 668 250 inquit,
692 214 841 242 comedetis
856 222 918 242 eum
935 223 941 241 ε

1001 213 1048 240 ὃπδ
1062 213 1178 249 λύχνοις.
1191 213 1246 240 Καὶ
1260 212 1326 239 αὐτὸ
1340 212 1369 239 δὲ
1385 212 1439 239 τῶν
1458 214 1626 248 δαιτυμονων
1641 214 1672 239 τὸ
1688 214 1784 248 σχῆμα

162 268 224 294 Sint
241 272 321 293 renes
345 263 426 290 vestri
449 261 577 293 accincti,
592 264 619 287 et
640 259 821 287 caieeameuta
844 260 870 287 in
897 268 944 295 pc-

161 313 241 340 dibus
254 311 361 342 vestris,
378 312 404 335 et
421 307 508 335 baculi
534 307 560 333 in
572 306 698 334 manibus
710 306 827 339 vestris;
852 312 879 332 et
893 306 944 339 {co-

163 357 276 386 medetis
293 363 354 384 eum
372 362 432 382 cuin
460 353 642 385 festinatione,
662 352 766 380 Pascha
791 356 835 379 est
853 351 945 380 Domi-

162 406 189 434 ni
219 405 253 433 ".
274 413 284 430 ι
311 403 345 431 Ει
373 403 399 429 in
423 400 537 435 singulis
553 399 697 428 sacrificiis
719 399 862 434 peculiaris
884 399 942 426 eui-

162 459 216 487 que
250 450 320 476 ritus
345 452 405 475 erat
418 455 471 474 nou
492 451 594 474 temere
606 445 780 477 constitutus,
791 445 838 472 sed
852 445 943 472 arcani

161 496 288 532 quiddam
318 498 379 521 erat
405 494 432 521 in
457 492 491 520 iis
519 489 943 524 adumbratum.Etsingnlorum

164 543 273 578 quidem
290 541 359 568 ritus
374 545 545 575 percurrere,
570 537 678 572 langum
692 541 765 565 esset
781 544 787 563 :
811 537 845 564 ad
876 537 943 564 illud

160 597 233 617 nunc
255 586 416 615 veniendum
439 589 492 612 est.
518 583 601 612 Nobis
618 583 689 610 enim
704 583 942 611 demonstrandum

160 636 243 672 309
259 639 332 670 puto,
343 633 430 668 ipsum
445 632 546 659 cultum
558 630 680 664 legalem,
694 630 764 664 qttod
776 629 808 656 ad
825 630 943 657 litteram

161 683 289 710 nimirum
302 688 334 708 ac
349 685 426 716 typos
442 678 549 711 attinet,
568 678 621 705 Deo
636 677 726 704 minus
745 681 850 712 gratum
875 676 944 704 fuist-

161 735 202 754 se.
217 726 293 753 Illum
307 725 379 753 enim
390 731 462 759 saepe
474 723 572 758 saepius
587 722 684 749 audias
698 730 747 757 per
770 729 864 749 vocem
881 729 944 755 pro-

160 774 302 808 phetarum
318 772 376 799 hate
392 771 466 798 clare
477 769 634 804 loquentem
648 777 655 796 :
678 778 688 794 ‹
707 768 772 802 Quis
788 769 859 795 enim
871 775 944 803 qua:-

161 820 223 847 sivit
237 819 294 846 haec
312 818 345 845 de
358 817 482 844 manibus
496 815 612 843 vestris?
625 815 730 842 calcare
740 815 840 842 atrium
853 821 942 842 meum

161 863 378 900 nouapponetis.
407 863 435 890 Si
449 861 596 890 attuleritis
615 861 744 892 similam.
773 868 870 888 vanttm
896 867 942 886 au-

161 917 215 939 tem
228 911 379 939 incensum.
393 908 560 936 abominatio
574 907 640 934 mihi
651 910 702 935 est.
721 905 882 933 Neomenias
897 911 943 932 ve-

161 962 232 985 stras
247 961 273 983 et
282 954 398 982 Sabbata
414 959 503 981 vestra
513 953 570 980 odit
580 953 669 980 anima
681 958 751 983 mea,
764 956 791 978 et
801 951 871 978 diem
885 957 944 977 ma-

162 1010 244 1038 gnum
262 1008 314 1028 non
328 1000 395 1027 fero.
410 998 556 1034 Jejunium,
572 1002 600 1026 et
612 998 712 1029 otium,
737 1000 764 1024 et
789 995 869 1024 ferias
897 1003 942 1023 ve-

162 1054 235 1077 stras
249 1048 306 1076 odit
319 1047 410 1074 anitna
426 1054 484 1074 mea
499 1045 533 1072 ".
553 1055 562 1071 ι
591 1045 622 1072 Et
646 1051 758 1071 rursus:
779 1052 788 1068 ι
809 1042 942 1069 iIOIOeau-

163 1100 204 1122 sta
224 1098 314 1122 vestra
326 1100 378 1121 non
393 1095 455 1119 sunt
469 1095 591 1125 accepta,
607 1094 634 1118 et
644 1088 778 1118 sacriﬁcia
790 1093 877 1115 vestra
889 1094 942 1114 non

161 1141 332 1169 obiectarum.
346 1147 389 1165 tne
404 1138 438 1163 ".
460 1145 468 1162 ι
490 1135 542 1162 Per
568 1135 689 1162 divinum
720 1138 808 1161 autent
835 1132 941 1160 David:

165 1197 175 1213 ε
194 1186 251 1214 Non
275 1183 405 1219 accipiam
433 1182 467 1209 de
492 1182 572 1208 domo
594 1186 639 1208 ttta
667 1179 777 1210 vitulos,
810 1185 896 1212 neque
911 1177 944 1205 de

162 1233 288 1269 gregibus
303 1231 355 1258 tuis
373 1230 470 1257 hircos.
485 1227 611 1261 Nunquid
636 1225 804 1253 mauducabo
833 1231 943 1250 carnem

163 1268 311 1309 taurorum,
323 1281 369 1303 aut
385 1274 543 1309 sanguinem
556 1273 691 1300 hircorum
712 1270 828 1306 potabo?
844 1268 943 1296 immo—

163 1326 186 1352 la
205 1324 259 1351 Deo
273 1321 435 1351 sacriﬁcium
463 1319 548 1347 laudis
562 1318 596 1345 ”.
615 1326 625 1344 ι
656 1317 690 1344 Ει
712 1317 827 1344 iterum:
845 1324 854 1341 α
874 1314 942 1348 Quia

163 1369 373 1398 misericordiam
389 1367 460 1399 volo,
489 1371 516 1393 et
530 1373 582 1392 nou
600 1363 761 1392 sacrificiqu
773 1383 780 1395 ,
805 1368 833 1389 et
851 1362 942 1390 scien-

163 1417 226 1444 tiam
238 1415 283 1442 Dei
297 1414 381 1448 magis
397 1419 478 1448 quam
495 1411 651 1439 holocausta
666 1410 700 1436 ".
720 1418 730 1436 ι
748 1408 816 1442 Quin
837 1413 863 1436 et
885 1407 944 1442 ipse

161 1459 393 1489 Filiusiuducitur
406 1459 498 1485 dicens
510 1458 543 1485 ad
561 1457 666 1484 Patrem
697 1460 725 1482 et
749 1455 833 1483 Deum
852 1454 898 1489 qui
915 1454 941 1481 in

162 1508 237 1536 uelis
257 1511 299 1534 est
316 1513 323 1533 :
339 1515 348 1532 ι
376 1504 546 1532 Sacriﬁcium
575 1507 602 1531 et
627 1503 789 1530 oblationem
819 1500 941 1533 noluisti,

162 1561 260 1588 corpus
276 1558 364 1580 autem
379 1551 517 1587 perfecisti
535 1549 611 1578 mihi.
628 1536 704 1576 Ttinc
717 1548 772 1575 dixi
786 1555 793 1573 :
815 1547 883 1575 Ecce
899 1554 944 1574 ve-
956 1565 978 1594 ο

162 1601 218 1634 ttio,
232 1604 261 1627 ut
277 1599 384 1632 faciam,
405 1597 484 1630 Deus,
500 1596 665 1623 voluntatem
676 1600 748 1622 tuam
759 1594 791 1620 ⁸ο.
811 1602 821 1618 ι

200 1688 253 1717 Sed
271 1688 341 1715 dicet
364 1686 454 1714 forsan
469 1684 654 1719 [adversarius
673 1692 680 1711 :
706 1682 851 1709 Enimvero
875 1682 944 1710 Deus

163 1743 225 1762 eum
241 1734 277 1761 sit
288 1733 435 1761 secundum
453 1735 589 1763 naturam,
606 1729 767 1756 sententiam
784 1728 875 1762 utique
885 1735 944 1754 mn-

163 1787 221 1810 tare
231 1788 284 1808 non
294 1778 426 1815 oportuit,
442 1777 488 1806 sed
503 1776 575 1812 quod
592 1776 686 1804 melius
702 1780 776 1802 esset
790 1775 869 1802 initio
887 1778 943 1801 sta-

163 1832 250 1859 tuere,
266 1824 372 1859 etquod
393 1830 465 1850 nuuc
477 1822 642 1849 sacrificiqu
654 1820 753 1854 rejieit,
770 1828 803 1847 uo
825 1820 852 1848 in
869 1827 946 1847 men-

163 1871 340 1906 tetn'quidem
355 1876 448 1896 eorum
463 1868 508 1903 qui
525 1867 576 1903 legi
592 1866 702 1894 obnoxii
715 1871 789 1898 sunt,
807 1865 940 1893 unmittc-

163 1925 204 1945 re.
231 1916 284 1944 Sed
307 1915 355 1942 tibi
384 1913 615 1949 respondebimus,
645 1913 762 1940 obone:
798 1911 946 1939 Constituit

163 1963 285 1998 quidem,
298 1961 336 1988 uti
351 1960 420 1992 dixi,
438 1967 486 1994 per
507 1958 737 1994 sapientissimum
767 1957 859 1985 Mosen
876 1958 944 1984 ritus

162 2007 320 2036 umbratiles
347 2005 508 2041 actypicos,
536 2011 638 2039 gnarus
666 2009 742 2039 typos
769 2002 946 2030 iuformaudis

169 2061 263 2082 eorum
287 2052 433 2084 mentibus,
458 2051 503 2086 qui
527 2055 582 2077 tttttt
605 2050 810 2082 erudiebantur,
835 2048 946 2075 idoneos

163 2108 234 2133 esse,
251 2107 303 2127 non
315 2099 352 2126 ita
369 2103 460 2125 tamen
479 2101 509 2124 ut
527 2097 554 2124 itt
576 2097 657 2124 rebus
681 2096 748 2123 adeo
769 2095 871 2122 crassis
886 2101 946 2128 per-

163 2151 244 2182 petuo
257 2146 393 2173 haerentes
409 2143 522 2179 spiritali
538 2147 566 2170 et
579 2141 753 2170 iutellecluali
784 2141 855 2168 cultu
872 2140 946 2168 exci-

163 2195 266 2225 derent,
282 2191 328 2219 sed
342 2195 452 2225 accepta
471 2190 497 2216 in
514 2188 619 2217 umbris
633 2195 724 2216 rerum
735 2194 861 2215 verarum
877 2194 939 2221 pra:-

995 259 1065 286 κατὰ
1081 259 1110 286 τὺ
1126 259 1164 294 τῷ
1181 259 1255 294 νόμῳ
1267 257 1372 285 δοκοῦν.
1392 267 1401 284 t
1416 257 1495 285 Οὕτω
1508 259 1572 294 γὰρ,
1591 260 1685 294 φησὶν,
1698 261 1785 295 φάγε-

996 306 1041 332 σθε
1058 306 1136 332 αὐτό·
1151 306 1292 332 Ἔστωσαν
1308 304 1385 340 ὑμῶν
1398 305 1425 331 αἱ
1438 303 1535 338 ὀσφύεςΙ
1549 305 1785 340 περιεζωσμέναι,

995 353 1043 380 καὶ
1059 353 1094 379 τὰ
1117 352 1277 387 ὑποδήματα
1299 351 1328 377 ἐν
1349 351 1405 381 τοῖς
1421 350 1501 377 ποσὶν
1517 349 1606 385 ὑμῶν,
1624 351 1671 378 καὶ
1684 352 1714 377 αξ
1733 351 1785 386 βα-

995 399 1105 434 κτηρίαι
1115 399 1144 425 ἐν
1153 399 1213 430 ταῖς
1227 398 1315 433 χερσὶ,
1330 397 1377 424 καὶ
1392 396 1511 432 φάγεσθε
1526 397 1594 424 αὐτὸ
1612 397 1681 432 μετὰ
1699 406 1785 424 σπου-

994 445 1041 480 δῆς
1052 452 1058 459 ·
1076 445 1171 479 Πάσχα
1184 444 1243 470 ἐστὶ
1263 442 1376 479 Κυρίου.
1395 452 1403 469 ι
1418 443 1473 469 Καὶ
1487 443 1529 477 ἐφ’
1549 442 1652 478 ἑκάστῃ
1666 442 1722 469 τῶν
1737 442 1786 468 (ius

995 490 1060 516 σιῶν
1073 489 1173 525 τρόπος
1186 497 1228 521 τις
1238 486 1271 525 ἦν
1288 489 1337 515 οὐκ
1350 489 1468 524 ἀτέχνως
1482 488 1704 524 διατεταγμένος,
1715 489 1786 516 ἀλλά

994 544 1019 562 τι
1033 535 1087 562 τῶν
1102 535 1266 571 ἀπορρήτων
1281 534 1324 569 ἐφ’
1338 533 1427 569 ἐαυτῷ
1439 534 1612 570 γραφόμενον
1630 534 1710 570 ἔχων.
1726 535 1784 562 Καὶ

996 580 1099 615 μακρὸς
1116 580 1148 606 ἂν
1163 580 1279 614 ’γένοιτο
1301 579 1365 615 περὶ¹
1391 579 1481 606 αὐτῶν
1501 579 1515 605 ὁ
1542 580 1622 613 λόγος
1641 580 1784 614 ὲλομένοκ

993 626 1098 652 ἕκαστα
1118 625 1231 652 διειπεῖν
1257 624 1295 656 ὡς
1315 625 1387 660 ἔχει·
1402 625 1445 652 ἐπ’
1469 626 1558 652 ἐκεῖνο
1581 625 1610 652 δὲ
1635 625 1685 652 νῦν
1701 626 1783 654 ἰτέον.

994 672 1099 707 Χρῆναι
1112 671 1164 708 γὰρ
1179 669 1257 706 οἶμαι
1270 670 1452 706 πληροφορεῖν
1471 670 1508 703 ὡς
1523 670 1672 706 ἀϐούλητον
1693 671 1727 706 ἥν
1744 671 1784 706 τῷ

994 717 1053 753 Θεῷ
1064 717 1114 752 τῆς
1131 718 1161 744 ὲν
1175 717 1249 752 νόμῳ
1262 716 1389 752 λατρείας
1408 717 1438 743 τὸ
1448 717 1553 753 χρῆμα,
1569 717 1599 743 τό
1617 726 1649 751 γε
1664 715 1733 753 ἦχον
1743 719 1784 749 εἰς

994 764 1122 799 γράμμα,
1132 764 1212 798 φημὶ,
1226 764 1273 790 καὶ
1285 763 1396 795 τύπους.
1410 763 1576 798 Πλεισταχοῦ
1588 764 1641 798 γὰρ
1656 764 1783 798 λέγοντος

994 812 1085 837 ὲπαῖοι
1101 819 1143 842 τις
1157 809 1189 836 ἂν
1201 809 1244 837 διὰ
1254 810 1346 845 φωνῆς
1357 808 1504 845 προφητῶν
1519 810 1551 836 τὰ
1565 809 1654 836 τοιάδε
1670 809 1764 844 σαφῶς
1773 818 1780 823 -

997 867 1006 882 ε
1021 857 1068 889 Τίς
1089 856 1143 892 γὰρ
1158 855 1304 891 ἑξεξήτησε
1328 855 1415 883 ταῦτα
1435 856 1467 882 ἐκ
1486 855 1540 882 τῶν
1563 855 1662 890 χειρῶν
1685 855 1781 890 ὕμῶν;

959 891 980 919 Β
993 904 1093 931 Πατεῖν
1107 903 1156 938 τὴν
1172 903 1256 939 αὐλήν
1275 912 1325 938 μου
1339 903 1370 930 οὺ
1385 902 1581 938 προσθήσεσθε.
1605 901 1668 929 Ἐὰν
1679 902 1782 937 φέρητε

994 949 1145 985 σεμίδαλιν,
1163 949 1277 984 μάταιον
1291 949 1320 975 δὲ
1332 948 1468 984 θυμίαμα,
1487 948 1625 983 βδέλυγμα
1647 948 1693 983 μοί
1711 949 1781 975 ἐστι.

993 995 1049 1028 Τὰς
1062 996 1207 1031 νουμηνίας
1222 994 1310 1030 ὑμῶν,
1327 995 1373 1022 καὶ
1386 994 1421 1020 τὰ
1437 993 1564 1020 Σάὸϐατα
1583 994 1660 1029 ὑμῶν
1673 1014 1681 1026 ,
1707 995 1784 1028 μισεῖ

993 1042 1010 1076 ἡ
1024 1041 1097 1077 ψυχή
1114 1050 1175 1076 μου,
1192 1042 1239 1068 καὶ
1252 1040 1359 1076 ἡμέραν
1374 1040 1495 1074 μεγάλην
1509 1040 1559 1066 οὐκ
1573 1039 1716 1074 ἀνέχομαι.
1726 1039 1784 1074 Νη-

994 1087 1095 1120 στείαν,
1109 1088 1157 1114 καὶ
1170 1086 1318 1123 ἁργ[ε]ίαν,
1335 1087 1382 1113 καὶ
1401 1086 1450 1117 τὰς
1465 1086 1561 1121 ἑορτὰς
1578 1086 1655 1121 ὑμῶν
1673 1087 1750 1120 μισεί
1765 1086 1782 1120 ἡ

992 1132 1065 1169 ψυχή
1080 1143 1142 1169 μου.
1161 1143 1170 1160 ι
1186 1134 1240 1160 Καὶ
1263 1133 1345 1160 πάλιν
1358 1141 1364 1146 ·
1386 1143 1394 1158 ι
1415 1133 1454 1160 Τὰ
1475 1132 1688 1167 ὁλοκαυτώματα
1704 1132 1784 1167 ὑμῶν

993 1180 1042 1206 οὐκ
1055 1180 1109 1206 εἰσὶ
1123 1179 1216 1210 δεκτὰ,
1232 1180 1278 1206 καὶ
1294 1180 1322 1206 αἱ
1338 1179 1429 1206 θυσίαι
1443 1179 1520 1214 ὑμῶν
1530 1180 1579 1214 οὐχ
1591 1178 1693 1214 ἦδυνάν
1710 1187 1756 1213 με.
1771 1187 1781 1203 ι

993 1226 1041 1253 Διὰ
1053 1226 1081 1252 δέ
1092 1235 1123 1260 γε
1138 1225 1185 1252 τοῦ
1194 1225 1338 1252 θεσπεσίου
1354 1225 1448 1252 Δαϐίδ·
1470 1234 1480 1250 ί
1493 1225 1530 1251 Οὐ
1548 1223 1661 1259 δέξομαι
1684 1225 1718 1250 ὲκ
1734 1224 1784 1251 τοῦ

992 1272 1068 1298 οἴκου
1083 1279 1130 1298 σου
1145 1271 1272 1306 μόσχους,
1286 1271 1344 1297 οὐδὲ
1359 1271 1390 1297 ἐκ
1409 1271 1462 1297 τῶν
1480 1271 1613 1305 ποιμνίων
1631 1279 1678 1296 σου
1696 1270 1783 1305 χιμά-

993 1327 1067 1354 ρους.
1093 1318 1140 1354 Μὴ
1162 1317 1284 1353 φάγομαι
1312 1318 1381 1353 κρέα
1403 1317 1522 1353 ταύρων,
1543 1316 1559 1352 ἢ
1581 1314 1652 1352 αἷμα
1671 1317 1785 1352 τράγων

994 1364 1107 1399 πίομαι;
1120 1363 1206 1390 Θῦσον
1224 1364 1262 1399 τῷ
1280 1363 1340 1398 Θεῷ
1359 1363 1452 1390 θυσίαν
1464 1363 1602 1394 αἰνέσεως.
1625 1372 1634 1389 ι
1651 1363 1707 1390 Καὶ
1729 1363 1779 1389 πά-

992 1410 1033 1436 λιν
1047 1418 1053 1424 ·
1068 1420 1077 1435 ‹
1093 1410 1153 1437 ’Ὅτι
1168 1409 1242 1436 ἔλεον
1258 1409 1338 1443 Θέλω,
1352 1410 1399 1436 καὶ
1415 1409 1445 1435 οὺ
1462 1409 1576 1440 θυσίαν,
1597 1409 1644 1435 καὶ
1663 1408 1785 1442 ἐπίγνω-

994 1464 1036 1482 σιν
1050 1455 1117 1482 Θεοῦ
1142 1456 1158 1491 ῆ
1174 1455 1397 1490 ὁλοκαυτώματα.
1414 1464 1423 1480 ι
1442 1455 1497 1482 Καὶ
1515 1455 1569 1490 μὴν
1591 1454 1639 1481 καὶ
1664 1455 1748 1485 αὐτὸς
1771 1456 1786 1481 ὁ

993 1501 1058 1533 Υἱὸς
1068 1501 1271 1536 είσκεκόμισται
1287 1502 1373 1535 λέγων
1388 1501 1456 1536 πρὸς
1473 1501 1518 1528 τὸν
1537 1502 1566 1527 ὲν
1584 1502 1642 1532 τοῖς
1656 1501 1786 1535 οὐρανοῖς

995 1547 1104 1583 Πατέρα
1123 1547 1171 1574 καὶ
1185 1547 1252 1574 Θεόν
1262 1555 1270 1563 ο
1289 1557 1297 1573 ι
1315 1547 1415 1574 Θυσίαν
1425 1548 1472 1574 καὶ
1485 1547 1642 1582 προσφορὰν
1653 1547 1703 1573 οὐκ
1716 1547 1785 1581 110:-

994 1590 1090 1625 λησας,
1121 1591 1199 1626 σῶμα
1221 1591 1250 1617 δὲ
1269 1591 1425 1627 κατηρτίσω
1445 1600 1501 1626 μοι.
1521 1591 1582 1617 Τὸτ’
1598 1589 1689 1617 εἶπον·
1715 1591 1785 1617 Ἰδοὺ

994 1637 1064 1672 ἥκω,
1079 1637 1126 1663 τοῦ
1146 1637 1269 1672 ποιῆσαι,
1282 1639 1296 1664 6
1311 1638 1387 1669 Θεὸς,
1401 1638 1431 1664 τὸ
1448 1637 1554 1673 θέλημὰ
1565 1646 1623 1664 σου.
1646 1646 1656 1662 ι

1031 1684 1100 1718 Φαίη
1110 1683 1131 1710 δ’
1149 1683 1181 1710 ἂν
1200 1684 1265 1715 ἴσως
1280 1685 1293 1709 ὁ
1308 1684 1340 1710 δι’
1353 1683 1477 1714 ἐναντίας
1488 1691 1495 1698 ·
1513 1684 1608 1710 Καίτοι
1625 1683 1678 1718 χρὴ
1694 1683 1784 1719 δήπου

994 1731 1061 1757 Θεὸν
1073 1731 1136 1758 ὅντα
1150 1730 1219 1756 κατὰ
1236 1729 1316 1763 φύσιν
1328 1730 1535 1765 ὑστεροὸουλίας
1558 1730 1673 1764 ὁρᾶσθαι
1688 1730 1785 1765 κρείτ-

995 1785 1068 1809 τονα,
1086 1776 1134 1802 καὶ
1150 1776 1179 1802 ὲν
1193 1776 1291 1810 ἀρχαῖς
1306 1775 1414 1802 ἑλέσθαι
1428 1776 1459 1801 τί)
1473 1775 1595 1810 ἄμεινον,
1618 1777 1664 1802 καὶ
1682 1777 1716 1812 ἣν
1736 1776 1785 1802 νῦν

995 1822 1148 1857 ἀπόϐλητον
1167 1823 1284 1848 ποιεῖται
1296 1821 1402 1854 θυσίαν,
1418 1822 1479 1856 μηδ’
1491 1822 1530 1853 εἰς
1541 1821 1603 1848 νοῦν
1619 1823 1786 1853 ὲνεῑναιτοϊς

997 1868 1050 1895 ὑπὸ
1062 1868 1108 1894 τὸν
1131 1868 1223 1903 νόμον.
1244 1865 1345 1894 amnt)
1359 1867 1498 1903 κράτιστε.
1516 1867 1582 1903 πρὸς
1607 1868 1687 1903 ήμῶν
1705 1869 1785 1904 εῐρὴο

998 1923 1081 1946 σεται,
1098 1914 1294 1950 νενομοθέτηκε
1312 1914 1371 1949 μὲν,
1389 1914 1426 1945 ὡς
1440 1913 1518 1950 ἔφην,
1533 1914 1567 1940 τὰ
1580 1915 1608 1941 ἒν
1625 1916 1717 1947 σκιαῖς
1735 1915 1784 1941 καὶ

997 1961 1091 1993 τύποις
1114 1960 1158 1987 διὰ
1179 1960 1226 1987 τοῦ
1245 1960 1382 1995 πανσόφου
1405 1960 1527 1992 Μωσέως
1546 1961 1605 1992 ταῖς
1625 1960 1681 1986 τῶν
1705 1960 1786 1986 παιδ-

997 2010 1199 2044 αγωγουμένων
1209 2008 1339 2040 διανοίαις
1352 2007 1519 2043 κατάλληλον
1532 2007 1646 2043 μάθημα
1655 2007 1689 2034 τὰ
1698 2008 1728 2034 ἐν
1739 2009 1786 2034 τύε

997 2063 1056 2087 ποις
1072 2054 1159 2087 εἰδὼς,
1178 2055 1208 2081 οὑ
1226 2054 1277 2089 μὴν
1292 2054 1337 2081 ἵνα
1350 2055 1404 2086 τοῖς
1417 2054 1488 2081 οὓτω
1499 2054 1612 2089 παχέσιν
1628 2054 1786 2090 ἐμφιλοχω-

998 2100 1107 2136 ρθῦντες
1124 2101 1178 2133 ἀεὶ,
1199 2101 1248 2136 τῆς
1274 2101 1303 2126 ὲν
1323 2101 1457 2136 πνεύματι
1477 2101 1524 2127 καὶ
1539 2101 1636 2135 νοερᾶς
1655 2100 1785 2136 λατρείας

996 2146 1218 2182 ἁπολισθήσειαν,
1232 2145 1290 2173 ἀλλ’
1303 2146 1346 2173 ἵνα
1363 2147 1392 2173 ὲν
1408 2148 1497 2178 σκιαῖς
1507 2146 1635 2178 λαϐόντες
1651 2147 1706 2173 τῶν
1716 2147 1785 2179 ἀλη-

998 2193 1133 2228 θεστέρων
1159 2192 1209 2228 τὴν
1230 2192 1426 2228 προανάδειξιν,
1458 2193 1553 2220 είδεῖεν
1582 2191 1613 2219 εὖ
1637 2193 1715 2231 ¹μάλα
1734 2193 1784 2228 τῆς

163 2238 296 2268 dictione,
312 2237 358 2264 Dei
369 2235 527 2264 obsecrandi
553 2235 660 2262 modum
680 2234 839 2269 cttmprimis
864 2241 943 2269 agno-

1001 2238 1130 2274 προσόδου
1142 2238 1188 2264 τὸν
1200 2238 1310 2273 τρόπον,
1323 2238 1516 2273 ὲντεχνέστατα
1533 2239 1578 2265 καὶ
1591 2239 1782 2273 ἐπιστημόνως

163 2286 282 2315 scercnt,
299 2291 330 2310 ac
342 2287 415 2309 recte
429 2281 536 2309 vivendi
550 2281 673 2308 semitam
685 2281 751 2308 scite
761 2285 789 2307 et
799 2279 945 2307 artificiose

163 2333 317 2365 pergentes.
331 2326 564 2361 Quemadmodum
579 2327 650 2354 enim
666 2326 746 2360 periti
759 2325 828 2353 fabri
844 2326 943 2358 mrarii,

163 2381 192 2403 ct
206 2376 277 2402 inter
288 2382 335 2402 eos
352 2373 522 2401 celeberrimi
534 2373 644 2407 quique,
662 2371 763 2399 formas
787 2371 944 2407 imaginum,

164 2429 232 2456 qttas
247 2420 344 2447 facturi
371 2423 444 2451 sunt,
461 2419 487 2445 in
500 2425 564 2446 cera
590 2417 736 2453 liquefacta
763 2417 838 2452 prius
867 2417 945 2444 exhi-

165 2469 245 2498 bent;
262 2473 314 2492 uon
334 2470 364 2491 ut
381 2470 496 2492 eatenus
513 2466 616 2490 tantum
642 2463 749 2491 illorum
762 2470 807 2490 ars
833 2469 944 2497 progre-

165 2511 266 2543 diatur,
280 2510 326 2538 sed
343 2514 373 2536 ut
386 2510 412 2536 in
429 2509 504 2543 ipsis,
521 2508 560 2535 uti
587 2508 654 2541 dixi,
681 2515 786 2540 eorum,
803 2515 863 2542 quae
883 2514 945 2534 mox

166 2557 288 2583 facienda
305 2561 379 2586 sunt,
400 2555 482 2583 decus
498 2555 572 2589 prius
587 2553 692 2581 eluceat
710 2563 716 2581 :
743 2558 886 2588 postquam
905 2558 945 2580 ta-

166 2611 228 2629 mett
240 2600 273 2629 a'd
291 2603 394 2629 exitum
411 2601 566 2636 perductum
581 2607 650 2635 opus
671 2600 734 2633 erit,
756 2607 807 2627 non
828 2599 884 2634 jatn
902 2606 948 2626 ar-

167 2649 266 2676 tificem
280 2649 341 2683 jure
354 2648 536 2675 incusabimtts
555 2647 625 2682 quod
641 2651 718 2682 typos
743 2646 882 2681 negligat;
910 2647 949 2674 si-

167 2694 236 2726 mili,
250 2695 357 2729 opinor,
376 2694 465 2725 modo.
482 2697 657 2728 posteaquam
675 2692 756 2727 310
767 2691 890 2719 Christus
915 2692 948 2718 il-

167 2739 245 2771 luxit,
270 2739 317 2774 qui
335 2738 497 2771 cstveritas,
512 2742 539 2765 et
552 2737 724 2765 Christianus
745 2737 835 2765 cultus
863 2737 949 2764 intro-

994 2283 1061 2319 ’πρὸς
1085 2282 1134 2318 τὴν
1159 2283 1208 2318 τῆς
1236 2282 1351 2318 ἀληθοῦς
1369 2283 1486 2315 εὐζωῖας
1508 2283 1662 2319 διᾴττοντες
1677 2284 1781 2319 τρίϐον.

995 2331 1101 2365 Ὥσπερ
1110 2329 1164 2365 γὰρ
1180 2331 1203 2356 oi
1217 2329 1420 2365 χαλκουργικῆς
1434 2330 1588 2364 ἐπιστήμης
1601 2330 1630 2356 ὲν
1646 2329 1722 2365 καλῷ
1735 2338 1782 2364 γε-

995 2375 1114 2409 γονότες,
1136 2375 1183 2401 καὶ
1194 2375 1245 2401 οὐκ
1258 2374 1434 2409 ἀθαύμαστον
1447 2375 1491 2401 ἐπ’
1508 2374 1576 2409 αὐτῇ
1590 2374 1718 2409 λαχόντες
1734 2375 1783 2410 τὴν

996 2420 1086 2453 δόξαν,
1097 2419 1131 2446 τὰ
1147 2419 1202 2447 τῶν
1215 2419 1351 2455 ἐσομένων
1363 2420 1490 2455 σχήματα
1506 2420 1590 2456 κηρὸν
1609 2420 1783 2456 διατήξαντες

998 2465 1140 2501 χρησίμως
1161 2465 1407 2501 προαναφαίνουσιν
1420 2486 1427 2498 ,
1453 2466 1503 2501 οὐχ
1527 2466 1570 2492 ἵνα
1588 2467 1668 2501 μέχρι
1688 2466 1782 2493 τούτου

999 2513 1167 2546 προῖκωνται
1184 2511 1239 2538 ἀπὸ
1257 2511 1306 2546 τῆς
1317 2512 1424 2546 τέχνης,
1440 2511 1498 2537 ἀλλ’
1518 2511 1551 2537 ἵν’
1568 2512 1598 2538 ὲν
1621 2513 1730 2545 αὐτοῖς,
1747 2512 1782 2542 ὡς

999 2557 1077 2593 ἔφην,
1094 2558 1149 2584 τῶν
1156 2558 1217 2584 ὅσον
1229 2557 1334 2584 οὐδέπω
1346 2557 1569 2593 ποιηοησομένων
1582 2558 1782 2594 προαναλάμπῃ

995 2604 1026 2630 τὺ
1043 2603 1140 2635 κάλλος
1151 2611 1158 2618 °
1179 2603 1337 2639 ἀφιγμένων
1347 2611 1379 2637 γε
1402 2603 1454 2638 μὴν
1471 2605 1510 2635 εἰς
1521 2603 1610 2639 πέρας
1624 2604 1716 2635 αὐτοῖς
1732 2603 1783 2630 τῶν

997 2649 1234 2684 ἐσπουδασμένων,
1249 2649 1338 2676 οὐκέτ’
1353 2650 1382 2676 ὲν
1402 2650 1465 2686 δίκῃ
1485 2649 1531 2675 τὸν
1554 2649 1680 2685 τεχνίτην
1696 2650 1782 2676 aitu-

998 2694 1100 2730 σάμεοα
1111 2694 1289 2730 ὑπερορῶντα
1298 2694 1352 2722 τῶν
1363 2695 1454 2722 τύπων
1464 2705 1470 2710 ·
1485 2695 1557 2722 κατὰ
1566 2695 1611 2721 τὸν
1620 2695 1688 2727 ἴσον,
1697 2693 1783 2729 οἶμαι,

998 2741 1102 2768 τουτονὶ
1113 2741 1212 2776 τρόπον
1223 2750 1252 2768 τε
1269 2741 1314 2768 καὶ
1329 2741 1417 2776 λόγον,
1431 2741 1642 2777 ἀναλὰμψαντος
1659 2741 1707 2768 τοῦ
1719 2741 1783 2776 Χρι-

202 2826 225 2841 "
241 2825 324 2862 Exod.
339 2834 386 2862 xit.
403 2826 451 2862 qll.
489 2825 572 2862 "Nisa
596 2834 614 2858 ι,
632 2826 722 2853 12‹Η.
761 2826 782 2842 ⁵⁷
795 2825 895 2854 Jerctu.
912 2834 947 2861 vr,
960 2826 1005 2854 9.0.
1044 2827 1066 2843 "‘
1080 2827 1152 2856 Psal.
1169 2836 1241 2862 XLIX,
1258 2828 1285 2862 9,
1301 2829 1343 2861 l5.
1362 2829 1402 2858 Ii.
1441 2829 1462 2846 ”
1477 2830 1545 2858 Osce
1561 2838 1597 2862 \‘l,
1611 2829 1637 2857 ὃ.
1678 2830 1699 2845 ⁶⁰
1715 2828 1783 2857 l‘sal.

169 2868 262 2892 χχχιχ,
277 2861 340 2893 7—9;
363 2860 442 2887 licbr.
468 2868 493 2892 Χ,
509 2860 568 2886 5-7.
