1894 3056
136 177 187 204 631

697 178 836 206 ΕυΝΤΒᾹ
855 180 1027 208 ΗΜᾸΛΝΟΜ
1049 181 1113 209 LIB.
1135 181 1181 208 IX.

1713 181 1765 209 982

136 235 183 261 τοῦ
198 235 245 260 ἐπι
264 234 366 265 πάντας
380 233 460 267 Θεοῦ,
476 235 560 269 ἦγουν
574 235 623 262 οὐκ
640 235 777 267 ἐθέλοντος
793 236 925 271 τιμᾶσθαι

983 237 1057 272 Atqui
1073 238 1189 272 primum
1214 238 1278 265 illud
1302 238 1426 265 frivolum
1445 245 1504 264 esse
1527 237 1765 265 nemovdubitme-

136 271 281 314 navraﬁ;
299 280 370 306 Ἀλλ’
383 280 424 306 ὅτι
440 280 489 315 μὲν
504 280 536 315 δὴ
551 281 582 307 τὸ
597 281 704 316 πρῶτον
718 282 800 317 λήρου
817 282 925 316 μεστὸν,

136 325 300 352 ἐνδοιάσειεν
321 325 355 351 ἂν
370 325 467 357 οὐδείς.
489 326 693 361 Ἀπεριόριστον
712 327 767 362 γὰρ
787 328 818 353 τὸ
836 327 925 358 Θεῖον.

137 370 188 396 καὶ
200 370 249 396 οὐκ
265 370 375 404 ἐγένετό
396 379 448 397 που
467 371 497 397 τὸ
512 371 667 406 ἀσώματον,
689 373 884 408 κατευρύνεται
898 374 927 400 δὲ

138 415 274 450 πανταχῆ,
291 416 338 441 καὶ
357 415 446 442 πάντα
468 416 550 443 αὐτοῦ
571 418 667 452 μεστά.
689 418 745 444 Καὶ
761 418 821 444 καθ’
834 418 928 454 ἕτερον

138 461 169 487 δὲ
183 461 294 496 τρόπον,
310 462 340 488 τὺ
357 462 394 497 μὴ
407 462 436 489 ὲν
450 463 526 498 τόπῳ
539 464 621 490 παντὶ
633 463 763 499 τιμᾶσθαι
781 463 868 491 θέλειν
881 465 928 491 αὐ-

138 509 196 541 τὸν,
211 509 260 535 οὐκ
274 509 372 544 ἀγεννῆ
390 510 436 536 τὸν
452 510 546 545 μῶμον
565 511 622 542 τοῖς
642 511 815 546 ἐνεστηκόσιν
837 511 928 546 ἐνήσει

139 554 312 590 πράγμασιν.
330 555 527 590 Προσκυνείται
542 556 596 591 γὰρ
615 556 683 591 πρὸς
695 556 774 591 ἡμῶν
792 557 927 591 πανταχῆ,

141 600 188 626 καὶ
205 599 275 626 καθά
295 608 376 635 φησιν
389 601 403 626 ὁ
420 601 583 636 Προφήτης·
602 611 611 627 ι
625 602 704 636 Μέγα
721 601 750 628 τὸ
768 601 853 637 ὄνομα
877 602 928 628 αὺ-

140 645 189 672 τοῦ
210 647 238 672 ἐν
263 647 320 677 τοῖς
346 646 451 678 ἔθνεσι,
478 647 524 673 κα)⁸
547 647 576 673 ὲν
603 648 685 674 παντὶ
706 648 781 683 τόπῳ
805 647 930 683 θυμίαμα

141 692 326 727 προσφέρεται
338 692 376 727 τῷ
390 692 503 727 ὀνόματι
524 692 618 726 αὐτοῦ,
631 694 678 720 καὶ
692 693 773 721 θυσία
786 693 903 728 καθαρά.
916 702 926 718 ι

141 738 300 773 Γέγραπται
323 738 351 764 δὲ
376 739 422 764 καὶ
438 739 502 774 περὶ
519 738 608 773 ἡμῶν,
624 739 665 765 ὅτι
687 749 696 764 ι
709 739 930 774 Προσκυνήσουσι

141 781 183 816 τῷ
200 783 293 817 Κυρίῳ
308 783 422 813 ἕκαστος
437 784 471 809 ἐκ
484 783 531 808 τοῦ
548 783 630 809 τόπου
641 783 735 810 αὐτοῦ.
750 783 828 809 »Ὅτε
842 783 930 810 τοίνυν

141 827 173 852 ἐν
193 828 274 854 παντὶ
298 828 372 863 τόπῳ
402 827 582 862 δοξολογεῖται
613 828 696 860 Θεὸς,
720 829 765 855 καὶ
784 829 834 855 οὐκ
863 829 931 855 ἁπό-

142 873 241 908 6λητον
264 875 380 900 ποιεῖται
395 873 424 899 τὸ
445 874 548 908 χρῆμα,
571 873 669 909 μᾶλλον
689 874 717 900 δὲ
737 873 828 900 καὶτὸ
850 873 931 908 ῥᾴθυ-

978 285 1023 311 ι-ἰι.
1054 285 1124 312 Deus
1145 285 1215 311 enim
1250 285 1322 312 nullo
1349 284 1407 311 loco
1434 284 1679 316 circumscribitur,
1714 292 1766 311 nec

978 330 1082 364 uspiam
1106 331 1225 357 locorum
1246 335 1297 362 est,
1313 338 1373 357 cum
1390 330 1425 356 sil.
1436 330 1620 364 incorporeus,
1638 330 1684 356 sed
1700 338 1765 364 quo-

978 384 1126 411 quoversus
1151 376 1319 408 diffunditur,
1344 381 1372 402 et
1396 375 1455 410 ipso
1476 375 1553 409 plena
1575 381 1638 402 sunt
1662 376 1763 402 omnia.

977 422 1098 449 Alterum
1126 425 1225 454 autent,
1243 422 1313 455 quod
1336 421 1362 448 in
1379 421 1451 447 omni
1471 420 1530 447 loco
1558 420 1685 446 nimirum
1708 421 1766 453 ipse

979 466 1086 494 adorari
1107 466 1183 498 nolit,
1201 471 1361 501 praesentem
1382 473 1472 492 rerutn
1493 470 1645 492 nostrarum
1662 468 1764 492 statum

979 520 1032 540 non
1050 512 1191 545 levi‘culpa
1210 511 1323 538 notabit.
1340 511 1476 538 Adoratur
1495 511 1566 538 enim
1582 518 1596 536 a
1611 510 1688 537 nobis
1706 510 1766 537 ubi-

979 565 1041 592 que,
1064 563 1092 584 et
1107 562 1134 585 ut
1155 558 1192 584 ait
1213 557 1363 592 propheta:
1379 566 1388 582 (
1405 556 1530 591 Magnum
1546 564 1643 583 nomen
1661 556 1720 590 ejus
1737 555 1763 582 in

980 603 1114 636 gentibus,
1140 608 1167 629 et
1188 602 1214 628 in
1236 602 1308 629 onmi
1326 602 1384 628 loco
1403 601 1567 628 sacriﬁcium
1584 599 1698 628 oll'ertur
1715 608 1765 627 no<

980 650 1045 676 mini
1066 649 1133 682 ejus,
1149 653 1175 675 et
1192 648 1280 675 hostia
1295 655 1360 682 pura
1376 648 1410 673 '“.
1425 657 1435 673 ι
1456 647 1592 682 Scriptum
1613 651 1703 674 autem
1721 651 1764 674 est

980 694 1061 721 etiam
1074 694 1107 721 de
1124 694 1221 721 nobis:
1246 703 1256 719 ί
1272 693 1429 721 Adorabunt
1461 693 1603 720 Dominum
1617 693 1714 728 singuli
1731 692 1765 719 de

960 757 962 759 ν
981 740 1041 768 loco
1059 748 1117 767 suo.
1137 741 1160 756 ⁷³
1179 749 1188 765 ι
1213 740 1278 767 Cum
1300 740 1383 774 igitur
1398 741 1424 766 in
1438 739 1512 766 omni
1528 739 1587 766 loco
1599 739 1766 773 glorificatur

982 786 1063 819 Deus,
1075 794 1160 821 neque
1172 786 1302 812 honorem
1314 785 1388 812 illum
1405 791 1525 820 respuat,
1538 785 1586 812 sed
1596 788 1765 818 contempto-

982 839 1025 859 res
1036 832 1124 866 potius
1133 831 1235 866 puniat,
1246 831 1339 865 qttidni
1350 831 1430 858 etiam
1440 831 1571 858 lsraelitis
1579 830 1643 864 ipsis
1651 829 1764 856 liberum

983 885 1044 905 esse
1057 878 1171 910 videtur,
1185 877 1206 903 si
1221 877 1314 909 velint,
1327 877 1425 910 ubique
1437 876 1524 909 patrio
1537 876 1677 904 ritusacra
1691 874 1764 901 facc-

144 927 194 952 μον
213 919 241 945 ἐν
263 919 366 950 τούτοις
388 920 437 946 οὐκ
463 919 514 951 ἔξω
534 919 629 955 δίκης,
651 919 679 945 τί
707 919 744 954 μὴ
769 920 815 946 καὶ
841 920 932 951 αὐτοῖς

984 924 1030 950 re?
1043 922 1257 949 Prudentissime
1268 921 1483 955 ergolegislator,
1496 928 1557 948 cum
1570 921 1660 947 futura
1670 920 1766 954 praevi—

141 963 174 995 ὲξ
186 963 300 998 αἵματος
327 964 434 1000 Ἰσραὴλ
453 965 548 1000 ὁρᾶται
569 965 649 1000 μετὸν
662 965 812 1000 ἐλευθέρως
831 965 871 997 τὸ,
893 964 931 990 εἴ-

143 1018 197 1045 περ
221 1009 333 1042 ἕλοιντο,
354 1010 492 1046 πανταχοῦ
517 1010 659 1046 καθιεροῦν
682 1011 722 1046 τῷ
745 1010 804 1046 Θεῷ
827 1010 861 1037 τὰ
888 1020 931 1038 νε-

143 1055 316 1090 νομισμένα;
353 1055 570 1091 Προμηθέστατα
602 1058 692 1084 τοίνυν
719 1058 733 1083 ό
762 1057 930 1091 νομοθέτης,

143 1100 192 1127 ἅτε
208 1101 240 1136 δὴ
265 1101 311 1128 καὶ
335 1101 545 1136 προαναθρήσας
571 1102 606 1128 τὰ
632 1102 766 1138 ἐσόμενα,
790 1103 820 1129 ὲν
841 1102 932 1137 μόνοις

142 1145 176 1180 δὴ
204 1147 301 1181 χρῆναι
330 1147 386 1178 τοῖς
410 1146 607 1183 Ἱεροσολύμοις
633 1148 817 1184 προσ-τέταχεν
846 1157 932 1175 κατα-

145 1191 220 1217 θύειν
235 1193 343 1225 αὺτοὺς,
359 1192 392 1219 ἵν’
406 1193 444 1225 ὡς
465 1193 495 1226 ὲξ
516 1195 639 1230 ἀνάγκης
658 1194 711 1221 τῶν
727 1195 847 1230 ἀρχαίων
863 1196 931 1222 ἀπο-

145 1237 291 1270 φοιτιὶντες
302 1238 381 1271 ὲθῶν,
399 1239 558 1274 μετάθοιντο
577 1239 645 1275 πρὸς
658 1240 692 1266 τὰ
710 1240 817 1275 βελτίω.
831 1241 932 1275 Ἔμελ-

144 1282 190 1308 λον
203 1283 253 1318 μὲν
265 1284 329 1320 γὰρ,
347 1284 488 1319 γεγονότες
501 1285 688 1320 Κυριοκτόνοι,
704 1286 754 1321 τῆς
766 1286 932 1322 ἐνεγκούσης

144 1329 349 1364 ἐκπέμπεσθαι,
368 1331 415 1357 καὶ
430 1332 491 1363 ταῖς
504 1331 559 1358 τῶν
577 1331 661 1358 ὲθνῶν
674 1331 858 1359 ἐνδιαιτᾶσθαι
877 1332 931 1367 χώ-

147 1383 218 1409 ραις.
237 1375 306 1402 Ἀλλ’
317 1374 351 1412 ἦν
379 1386 438 1409 πως
454 1377 596 1411 ἀπίθανον,
613 1378 714 1414 μᾶλλον
734 1379 763 1405 δὲ
782 1379 853 1414 τάχα
879 1387 931 1405 που

146 1420 193 1446 καὶ
209 1422 264 1453 τοῖς
286 1421 316 1454 ἐξ
334 1422 418 1449 ἐθνῶν
438 1424 635 1459 ἐπιστρέφουσι
651 1424 720 1460 πρὸς
740 1425 837 1457 κακοῦ,
853 1424 884 1451 τὸ
902 1425 931 1452 ὲν

146 1467 228 1493 παντὶ
243 1467 319 1503 τόπῳ
331 1469 478 1503 γεγονότας
493 1470 647 1506 ἱερουργεῖν
666 1470 774 1502 αὐτούς.
791 1471 821 1497 El
834 1470 887 1506 γὰρ
907 1471 931 1497 οί

146 1512 196 1547 μὲν
211 1512 371 1548 καλούμενοι
379 1514 424 1541 διὰ
431 1515 559 1549 πίστεως,
572 1516 627 1544 τῶν
638 1517 759 1552 ἀρχαίων
769 1517 839 1545 ὲθῶν
852 1527 932 1545 κατα-

143 1557 240 1593 λήγειν
251 1558 372 1594 ἔμελλον,
385 1561 410 1587 οἱ
425 1560 453 1586 δὲ
466 1561 504 1593 ὡς
521 1561 580 1597 Θεῷ
598 1562 758 1597 φιλαιτάτας
772 1563 821 1596 τὰς
832 1564 865 1591 δι’
885 1565 930 1591 αἱ-

981 970 1067 999 deret.
1076 969 1101 995 in
1112 969 1167 995 sola
1176 968 1267 1002 utique
1277 967 1521 1001 Hierosolymorum
1531 967 1595 993 urbe
1603 973 1650 993 eos
1661 967 1730 992 sacri
1736 967 1750 991 li
1757 979 1764 984 -

981 1022 1044 1042 care
1064 1013 1144 1049 313
1159 1013 1249 1046 juSsit,
1271 1018 1300 1039 ut
1322 1012 1402 1039 veluti
1426 1011 1591 1038 necessitate
1620 1011 1735 1045 quadam
1751 1019 1765 1036 a

981 1060 1077 1096 priscis
1102 1059 1222 1086 moribus
1249 1058 1405 1085 recedentes
1427 1057 1460 1083 ad
1483 1056 1594 1083 meliora
1621 1059 1765 1083 converte-

983 1110 1086 1133 rentur.
1101 1104 1191 1131 Patria
1207 1104 1278 1131 ettim
1291 1103 1405 1139 pellendi
1420 1107 1508 1135 erant,
1525 1102 1637 1130 Domino
1649 1109 1663 1129 τι
1681 1108 1711 1128 se
1724 1101 1765 1127 in-

982 1151 1105 1183 terfecto,
1128 1155 1155 1177 et
1177 1150 1203 1177 iu
1227 1149 1347 1185 gentium
1373 1148 1526 1183 regionibus
1549 1147 1709 1174 habitaturi.
1729 1146 1765 1173 At

982 1196 1140 1224 incredibile
1167 1194 1363 1230 quodammodo
1387 1199 1457 1226 erat,
1480 1200 1526 1220 eos
1549 1192 1577 1219 in
1605 1192 1676 1220 otnni
1706 1191 1766 1218 loca

982 1242 1192 1273 sacriﬁcaturos,
1207 1241 1260 1267 imo
1280 1247 1344 1267 vero
1361 1246 1437 1266 noxa:
1450 1238 1541 1266 forsan
1556 1238 1588 1264 iis
1601 1243 1708 1272 quoque
1722 1236 1764 1262 fu-

983 1293 1095 1320 turum,
1116 1287 1161 1321 qui
1188 1289 1409 1313 converterentur
1433 1292 1467 1311 ex
1491 1283 1625 1318 gentibus.
1642 1282 1670 1309 Si
1695 1283 1766 1310 enim

983 1333 1028 1368 qui
1044 1340 1092 1368 per
1110 1332 1189 1359 ﬁdem
1205 1332 1380 1362 vocabantur,
1399 1337 1415 1357 a
1442 1329 1542 1364 priscis
1563 1329 1659 1356 ritibus
1677 1335 1767 1355 cessa-

983 1379 1034 1406 turi
1049 1382 1145 1411 erant,
1164 1377 1191 1404 hi
1217 1382 1306 1404 autem
1333 1381 1445 1403 cruenta
1471 1375 1604 1403 sacriﬁcia
1630 1381 1679 1401 ceu
1710 1373 1767 1400 Deo

983 1424 1135 1460 gratissima
1161 1423 1290 1455 oblaturi,
1311 1430 1364 1449 non
1391 1429 1484 1455 parum
1509 1421 1569 1448 illos
1590 1420 1767 1448 oﬂ‘endissent

982 1472 1028 1505 qui
1044 1478 1129 1506 nuper
1155 1470 1188 1497 ad
1205 1470 1347 1497 veritatem
1367 1469 1475 1496 adducti
1491 1473 1579 1498 erant,
1595 1472 1623 1494 et
1639 1467 1768 1494 doctrinis

983 1516 1144 1552 evangelicis
1156 1516 1189 1543 ad
1213 1515 1362 1550 spiritalem
1375 1520 1403 1541 et
1419 1514 1542 1541 materia:
1561 1517 1698 1548 expertem
1711 1512 1768 1541 cul-

984 1568 1040 1591 tum
1055 1562 1256 1590 erudiebantur.

144 1604 240 1638 μάτων
262 1607 396 1634 ποιεῖσθαι
421 1608 620 1643 προσαγωγάς·
644 1609 778 1645 ἠδίκησαν
807 1610 839 1637 ἂν
864 1611 894 1636 οὐ
923 1609 1042 1646 μετρίως
1071 1609 1171 1640 αὐτοὺς
1195 1609 1258 1645 ἄρτι
1288 1607 1537 1643 σεσαγηνευμένους
1559 1607 1599 1638 εἰς
1618 1605 1763 1642 ἀλήθειαν.

145 1649 192 1675 καὶ
204 1650 360 1686 μαθήμασιν
378 1653 567 1688 εὐαγγελικοῖς
583 1655 622 1686 είς
634 1655 730 1690 νοεράν
745 1664 774 1682 τε
789 1656 837 1683 καὶ
851 1656 932 1683 ᾶῦλον
952 1655 1231 1690 παιδαγωγουμένους
1260 1654 1399 1688 λατρείαν.

179 1699 416 1735 Μετερῤυηκότων
429 1701 461 1738 δὴ
474 1700 521 1730 οὖν
538 1705 577 1735 εἰς
589 1704 717 1739 ἀλήθειαν
733 1705 787 1732 τῶν
801 1706 931 1741 πραγμά-

1018 1705 1151 1739 Quocirca
1169 1705 1249 1732 rebus
1267 1704 1300 1731 ad
1316 1703 1457 1731 veritatem
1478 1701 1623 1734 traductis,
1634 1705 1660 1728 et
1674 1701 1768 1736 ﬁguris

144 1753 210 1777 των,
225 1746 273 1771 καὶ
298 1745 351 1772 τῶν
366 1747 395 1773 ἐν
421 1748 517 1781 τύποις
542 1750 589 1776 καὶ
605 1750 750 1785 αἰνίγμασι
764 1751 813 1786 τὴν
837 1752 876 1783 εἰς
897 1751 932 1778 τὰ

144 1792 251 1827 ἀμείνω
271 1793 407 1821 λαόόντων
427 1796 589 1832 μεταὸολὴν,
609 1797 639 1824 οὐ
663 1797 860 1827 καταλελύσθαι
881 1807 932 1832 φα-

146 1838 198 1874 μὲν
212 1839 258 1866 τὸν
270 1840 362 1875 νόμον,
378 1842 582 1878 ὲκπεπεράνθαι
596 1843 625 1870 δὲ
643 1843 743 1879 μᾶλλον
760 1844 807 1871 ἐπὶ
823 1844 931 1880 καιροῦ,

145 1884 207 1911 καθ’
220 1884 249 1910 ὃν
265 1886 332 1920 ἡμῖν
353 1886 542 1923 ἑπέλαμψενή
567 1888 690 1924 ἀλήθεια,
709 1889 843 1921 τουτέστι,
864 1889 933 1924 Χρι-

146 1930 219 1962 στός.
232 1931 264 1957 Et
277 1931 305 1958 δὲ
322 1932 364 1958 ὃτι
379 1932 434 1960 τῶν
456 1934 550 1961 τύπων
575 1934 744 1969 ἀπεχόμεθα,
763 1934 811 1961 καὶ
834 1935 932 1970 ἰσχνοῖς

144 1975 266 2008 διανοίας
298 1977 402 2013 ὕμμασι
431 1979 462 2006 τδ
490 1980 539 2014 τῆς
562 1980 692 2016 ἀληθείας
710 1980 934 2017 καταθρήσαντες

147 2021 217 2056 φῶς,
244 2022 294 2058 τὴν
320 2025 377 2055 τοῖς
400 2024 537 2058 Ἰουδαίοις
562 2027 770 2063 ἀνεπιτήδευτον
796 2028 934 2055 πολιτείαν

147 2068 299 2103 κατορθοῦν
312 2070 449 2105 ᾑρήμεθα,
469 2071 519 2106 τὴν
537 2073 726 2109 πνευματικὴν
738 2074 872 2108 τιμῶντες
885 2074 933 2100 λα-

147 2114 252 2148 τρείαν,
269 2116 298 2141 ὲν
311 2115 386 2151 αἰτίᾳ
413 2118 529 2144 ποιεῖται
542 2117 576 2144 τὰ
598 2119 658 2145 καθ’
681 2119 771 2154 ἡμᾶς·
799 2119 933 2154 ἐπιπλητ-

147 2159 217 2187 τέτω
236 2161 282 2187 καὶ
305 2162 366 2193 ταῖς
391 2162 499 2198 ἑτέραις
523 2163 577 2191 τῶν
604 2165 783 2200 ἐπιστημῶν,
807 2165 854 2192 καὶ
878 2167 934 2197 τοῖς

147 2203 207 2240 δ’[ι]
219 2205 308 2232 αὐτῶν
322 2206 389 2233 ἰέναι
405 2207 610 2241 σπουδάζουσιν,
625 2209 728 2235 ἐπείτοι
746 2209 850 2244 μεθείσι
861 2210 895 2236 τὰ
906 2211 935 2236 ὲν

148 2250 258 2286 ἀρχαῖς,
277 2251 372 2278 καὶτὰ
386 2251 440 2278 τῶν
466 2253 636 2288 μαθημάτων
658 2254 837 2289 είσαγωγικὰ,
861 2255 892 2281 τὸ
906 2255 935 2282 ἐν

150 2295 226 2330 καλῷ
240 2295 368 2330 γενέσθαι
389 2297 442 2323 τῶν
461 2298 689 2333 ἐσπουδασμένων
704 2299 748 2326 διὰ
769 2299 867 2334 πολλῆς
889 2299 935 2334 γέ-

153 2349 231 2375 γονεν
245 2342 337 2374 αὐτοῖς
361 2343 510 2378 φροντίδος.
527 2343 591 2371 Ἴδοι
609 2344 632 2370 δ’
647 2345 680 2371 ἄν
696 2354 737 2377 τις
759 2346 807 2372 καὶ
831 2346 860 2372 ὲν
875 2347 936 2377 ταῖς

983 1751 1011 1778 in
1025 1751 1121 1778 melius
1138 1750 1258 1781 mutatis,
1271 1757 1323 1777 non
1339 1749 1528 1776 solutamesse
1545 1747 1629 1782 legem
1641 1747 1766 1778 dicimus,

982 1797 1028 1824 sed
1045 1800 1110 1824 tunc
1128 1795 1258 1830 temporis
1271 1795 1360 1829 potius
1378 1794 1526 1828 impletam,
1540 1801 1601 1821 cum
1618 1793 1728 1824 veritas,
1741 1793 1766 1819 id

982 1845 1043 1875 est,
1067 1841 1212 1873 Christus,
1232 1841 1308 1868 nobis
1333 1839 1444 1866 affulsit.
1468 1838 1543 1871 Quod
1567 1839 1589 1865 si
1611 1838 1766 1873 religionem

982 1887 1166 1916 Christianam
1186 1887 1211 1914 in
1224 1887 1327 1913 crimen
1346 1889 1434 1918 vocat,
1454 1888 1595 1919 propterea
1612 1884 1682 1918 quod
1699 1883 1768 1918 typis

983 1932 1161 1964 abstinemus,
1186 1939 1218 1958 ac
1242 1931 1386 1958 subtilibus
1411 1930 1511 1957 mentis
1536 1929 1622 1956 oculis
1647 1929 1767 1956 veritatis

984 1978 1043 2006 luce
1058 1981 1200 2012 conspecta
1219 1977 1280 2004 vita:
1294 1984 1378 2011 genus
1393 1975 1492 2004 Iudaeis
1510 1975 1673 2010 neglectum,
1688 1975 1769 2009 spiri-

985 2025 1063 2051 talem
1076 2024 1202 2050 nimirum
1212 2023 1325 2054 cultum,
1336 2022 1522 2056 suscepimus:
1534 2026 1642 2049 accuset
1652 2021 1768 2055 reliquas

984 2069 1095 2103 perinde
1110 2068 1249 2102 scientias,
1264 2073 1290 2094 et
1305 2071 1435 2102 quotquot
1457 2074 1503 2094 eas
1521 2070 1676 2100 capessunt,
1694 2065 1766 2100 quod

984 2114 1069 2142 initiis
1079 2119 1106 2142 et
1119 2114 1279 2141 rudimentis
1290 2113 1492 2146 disciplinarum
1505 2112 1616 2144 relictis,
1626 2112 1660 2138 ad
1674 2118 1767 2138 earum

985 2159 1176 2195 perfectionem
1188 2166 1293 2187 sutntno
1303 2159 1393 2186 studio
1406 2158 1582 2185 contendunt.
1596 2157 1712 2192 ldipsutn
1729 2156 1768 2185 vi-

986 2207 1049 2232 dere
1073 2209 1114 2233 est
1135 2205 1162 2233 in
1182 2205 1287 2232 artibus
1303 2211 1410 2239 quoque
1435 2203 1609 2236 mechanicis,
1626 2203 1652 2231 in
1670 2202 1769 2236 quibus

987 2258 1081 2284 magna
1103 2257 1168 2277 sane
1194 2250 1221 2276 in
1235 2249 1330 2276 melius
1355 2248 1426 2275 facta
1450 2253 1491 2275 est
1505 2247 1658 2283 progressio
1674 2257 1680 2275 :
1697 2246 1770 2281 quod

988 2301 1078 2323 tamen
1102 2303 1181 2323 nemo
1202 2295 1383 2330 reprehendit.
1403 2294 1487 2321 Primi
1511 2294 1627 2329 pictores
1648 2294 1769 2328 picturas

988 2342 1068 2369 aliter
1087 2343 1115 2368 in
1143 2341 1241 2369 tabulis
1268 2341 1440 2368 formabant:
1459 2341 1623 2375 posteriores
1644 2339 1777 2367 statuarii.

153 2385 330 2420 βαναυσικαίς
347 2387 401 2415 τῶν
426 2387 539 2423 τεχνῶν,
554 2389 591 2419 ὡς
611 2388 723 2425 πλείστη
752 2390 800 2425 μὲν
819 2390 868 2426 ὅση
889 2390 932 2424 γέ-

988 2387 1159 2415 artificiosius
1169 2394 1248 2422 quam
1262 2387 1365 2421 priores
1382 2391 1485 2414 statuas
1499 2386 1636 2421 ﬁngebant
1647 2393 1656 2412 :
1667 2390 1694 2413 et
1706 2386 1770 2413 dee-

151 2438 230 2464 γονεν
241 2431 258 2466 ἠ
273 2431 393 2463 ἐπίδοσις
412 2432 589 2469 ἀποφέρουσα
602 2433 670 2468 πρὸς
683 2434 718 2461 τὰ
736 2434 832 2469 βελτίω
844 2443 851 2450 ·
869 2435 938 2470 γρά-

150 2484 232 2510 φεται
253 2476 281 2503 δὲ
304 2477 335 2504 τὸ
363 2478 457 2513 χρῆμα
481 2478 578 2510 οὐδείς.
597 2479 760 2506 Ἀνετύπουν
786 2481 886 2516 ἑτέρως
913 2481 938 2507 οἱ

150 2520 255 2557 πρῶτοι
285 2522 334 2553 τὰς
365 2523 394 2547 ὲν
417 2522 509 2554 πίναξι
532 2522 656 2558 γραφάς·
680 2523 880 2559 ὲντεχνέστεροι
910 2524 938 2550 δὲ

149 2566 204 2592 τῶν
219 2567 405 2602 ἀρχαιοτέρων
420 2568 444 2593 οἱ
460 2567 518 2602 μετ’
535 2568 632 2599 αὐτοὺς
647 2568 681 2595 τὰ
699 2568 753 2594 τῶν
772 2569 939 2604 ἀνδριάντων

150 2611 283 2638 ἔπλαττον
300 2613 438 2647 σχήματα,
455 2613 502 2639 καὶ
516 2613 545 2639 τὸ
566 2613 626 2640 λίαν
649 2614 760 2649 ἀκριϐὲς
776 2616 833 2645 τοῖς
852 2615 939 2641 ταῦτα

153 2657 286 2692 τεχνίταις
298 2658 348 2684 οὐκ
360 2658 423 2693 ἐνῆν
436 2658 556 2691 πώποτε,
573 2660 739 2694 προσγέγονε
753 2660 782 2686 δὲ
792 2661 847 2692 τοῖς
858 2661 938 2687 ὑστέ-

151 2711 218 2738 ροις.
233 2703 266 2730 Τί
281 2703 304 2729 δ’
320 2703 353 2730 ἂν
374 2703 480 2739 λέγοιμι
502 2704 552 2740 τὴν
575 2705 739 2743 ὑφαντικὴν..
757 2706 806 2741 τὴν
828 2706 939 2733 λατυπι-

151 2749 211 2783 μὴν,
227 2748 276 2780 τάς
291 2749 346 2776 τῶν
362 2750 494 2776 τεκτόνων
507 2750 648 2786 εὑρέσεις;
662 2752 699 2778 Οὐ
714 2752 791 2787 παρὰ
803 2753 869 2780 πολὺ
884 2753 937 2779 τῶν

152 2794 267 2829 πρώτων
278 2795 406 2830 ἀμείνους
418 2795 521 2823 κατίδοι
539 2805 579 2828 τις
593 2796 625 2824 ἂν
642 2797 745 2832 αὑτάς;
769 2798 799 2825 Εἰ
820 2798 869 2834 μὲν
891 2796 936 2825 οὖν

187 2874 208 2890 ⁷³
230 2874 342 2902 Mulach.
362 2883 380 2908 I,
403 2875 442 2902 ll.
482 2877 504 2893 ⁷²
521 2876 623 2911 Sphon.
638 2885 668 2911 It,
689 2877 730 2904 ll.

985 2439 1028 2461 rat
1060 2434 1125 2461 olim
1152 2433 1300 2460 artiﬁcibus
1336 2432 1538 2460 accuratissima
1570 2432 1615 2460 illa
1644 2431 1766 2464 solertia,

986 2488 1045 2515 qua;
1060 2479 1253 2515 posterioribus
1278 2479 1399 2514 contigit.
1425 2478 1493 2512 Quid
1508 2478 1595 2506 dicam
1612 2482 1697 2504 artem
1713 2482 1770 2504 tex-

988 2526 1094 2559 toriam,
1110 2525 1287 2560 sculpturam,
1299 2525 1406 2552 inventa
1423 2525 1466 2551 illa
1488 2524 1646 2552 fabrorum?
1672 2523 1770 2552 Annon

987 2578 1018 2598 ea
1035 2571 1129 2605 primis
1141 2570 1220 2606 longe
1234 2576 1363 2606 praestare
1377 2570 1488 2597 videas?
1502 2570 1530 2597 Si
1545 2576 1610 2603 ergo
1623 2569 1771 2604 sapientis-

989 2617 1050 2643 simi
1069 2616 1150 2643 Mosis
1174 2616 1258 2651 legem
1284 2615 1422 2643 contendit
1438 2617 1465 2642 in
1488 2615 1564 2650 pejus
1581 2621 1596 2641 a
1614 2614 1692 2641 nobis
1718 2618 1772 2641 tra-

989 2662 1108 2696 ductam,
1123 2663 1253 2690 adversus
1269 2663 1354 2696 legem
1369 2661 1466 2688 fecisse
1488 2669 1537 2688 nos
1560 2665 1668 2695 arguat,
1684 2667 1716 2687 ac
1732 2660 1773 2686 di-

987 2708 1051 2735 vina
1067 2713 1198 2743 praecepta
1216 2707 1419 2742 contempsisse,
1435 2711 1462 2734 et
1484 2707 1631 2741 primorum
1653 2712 1698 2733 res
1713 2706 1772 2732 exi-

988 2754 1056 2781 mias
1068 2754 1145 2781 nihili
1161 2753 1267 2782 fecisse.
1283 2754 1328 2781 Sin
1346 2758 1435 2781 autent
1448 2753 1540 2788 legalis
1556 2752 1658 2779 umbrae
1669 2750 1770 2778 crassi-

989 2800 1080 2828 tuditte
1099 2805 1243 2828 extenuata
1258 2800 1290 2828 ad
1316 2800 1438 2827 veritatis
1461 2798 1689 2835 pulchritudinem
1713 2804 1772 2824 eam
