1894 3056
178 151 232 179 985

708 151 738 180 S.
757 151 891 186 CYRILLI
909 151 1142 182 ALEXANDRINI
1160 154 1318 183 ARCHIEP.

1768 152 1825 180 93$

181 209 381 239 transierimus.
391 212 415 235 cl
424 208 494 242 quod
505 207 531 235 in
541 208 635 244 ﬁguris
644 208 781 236 veteribus
788 208 903 236 obscure
912 216 956 244 pro

1008 236 1010 240 ,
1023 208 1070 235 ἐπὶ
1083 209 1113 236 τὸ
1130 210 1221 245 χεῖρον
1233 209 1279 237 τὸν
1293 209 1341 236 τοῦ
1358 209 1499 243 πανσόφου
1519 209 1642 240 Μωσέως
1659 217 1826 236 κατακεκη-

175 257 266 284 'dilum
277 261 330 288 est,
337 263 407 282 nunc
415 253 498 291 314
505 260 579 282 certe
590 254 690 282 clarius
699 254 876 288 contemplari
886 254 966 283 licet:

180 302 273 330 audiat
299 300 363 327 illud
385 308 399 326 τι
413 301 491 327 nobis
518 300 709 327 adversarius:
724 299 763 327 Nc
782 301 967 328 accusatorius

179 349 228 379 sis,
246 353 327 382 grave
353 346 425 373 enim
438 351 501 373 est:
528 353 616 380 neque
642 354 721 381 porro
754 347 967 381 reprehendendi

173 393 303 434 icupidus,
318 396 461 427 exasperat
475 393 557 419 enim.
575 392 766 419 Verumtamen
783 399 836 420 non
855 397 967 420 eatenus

178 438 317 472 sistitejus
333 438 360 465 in
376 445 426 465 nos
440 439 538 470 oratio,
556 446 609 472 qua
624 446 726 473 susque
741 439 828 473 deque
852 443 966 466 conten-

178 485 218 512 dit
242 483 397 511 Graecorum
427 483 550 510 instituta
573 491 634 510 cum
658 483 814 512 Iudaeorum
845 484 966 512 moribus

177 530 335 562 convenire,
350 537 404 557 uno
432 535 557 564 excepto.
574 529 605 556 lli
621 530 704 561 enim,
720 529 818 564 inquit,
836 537 917 556 unum
933 537 966 557 ac

177 575 263 603 solum
281 575 363 603 Deum
381 576 491 609 colunt;
507 576 543 602 illi
561 575 652 610 plures
673 583 734 603 esse
749 576 849 603 dicunt.
861 575 915 603 Nos
932 576 965 603 ab

178 627 356 656 utrorumque
377 622 503 656 opinione
523 621 667 651 aberrasse
683 625 770 655 putat,
787 621 859 656 quod
877 630 964 657 neque

177 667 277 695 mullos
303 667 477 695 admittamus
499 667 574 699 deos,
590 674 676 701 neque
704 674 784 701 porro
807 674 900 699 unum,
921 675 964 694 se-

176 714 294 740 cundum
311 713 406 746 legem,
417 713 463 740 sed
480 718 533 740 tres
547 718 635 740 tamen
648 720 697 748 pro
710 720 764 740 uno
775 713 962 740 conliteamur.

177 757 257 785 Forte
284 757 355 784 enim
378 757 481 792 putavit
505 762 625 785 sanctam
651 762 679 784 et
702 757 961 785 consubstantialem

177 802 409 836 Trinitatem,sive
424 803 494 830 illam
512 803 592 831 ullius
611 803 764 831 divinitatis
783 809 920 835 naturam,
935 803 961 830 in

177 853 232 877 tres
245 850 310 877 deos
324 856 339 875 a
361 849 438 878 nobis
452 848 547 876 dividi.
565 848 640 882 Quod
656 854 744 876 autem
765 853 867 876 rectam
881 854 907 876 et
922 850 962 876 in-

1020 255 1114 290 μίσθαι
1141 255 1223 291 νόμον
1254 256 1322 291 πρὸς
1345 255 1425 291 ἡμῶν
1449 255 1634 291 ἰσχυρίζεται,
1659 255 1825 291 γραφέσθω

1018 301 1280 337 παρανομήσαντας,
1302 302 1349 328 καὶ
1367 300 1422 328 τῶν
1437 301 1518 328 θείων
1542 301 1720 335 ὲνταλμάτων
1743 301 1824 334 ὀλιγ-

1017 347 1098 381 ωρεῖν
1108 345 1274 382 ᾑρημένους.
1284 346 1330 373 καὶ
1343 347 1372 373 ἐν
1386 346 1475 373 οὐδενὶ
1487 346 1582 377 θέντας
1595 346 1668 381 λόγῳ
1682 347 1718 372 τὰ
1736 346 1806 381 πρῲ
1815 361 1822 365 -

1016 399 1071 419 των
1093 391 1231 426 ἐξαίρετα.
1247 393 1278 419 Εἰ
1303 392 1333 419 δὲ
1354 392 1402 428 τῆς
1424 393 1453 419 ὲν
1472 392 1546 428 νόμῳ
1564 393 1644 423 σκιᾶς
1665 393 1698 418 τὸ
1719 393 1820 426 πάχος

1017 437 1276 471 καταλεπτύνοντες,
1292 438 1338 465 ἐπὶ
1355 439 1385 465 τὸ
1404 439 1456 474 τῆς
1476 439 1606 474 ἀληθείας
1620 440 1708 475 αὐτὴν
1724 448 1822 474 μετα-

1015 482 1148 518 τάττομεν
1162 483 1271 516 κάλλος.
1289 484 1335 512 καὶ
1349 484 1380 510 τὸ
1399 485 1528 520 ἀμυδρῶς
1543 486 1572 512 ὲν
1588 485 1736 520 αἰνίγμασι
1753 486 1817 514 τοῖς

1016 527 1100 555 πάλαι
1126 528 1322 565 διηγγελμένον
1343 529 1401 556 νυνὶ
1430 529 1463 566 δὴ
1484 530 1585 565 μᾶλλον
1602 530 1819 565 ὲκφανεστέραν

1014 573 1072 609 ἔχει
1085 574 1135 610 τὴν
1157 574 1286 610 Θεωρίαν,
1304 575 1428 602 ἀκουέτω
1451 576 1520 611 πρὸς
1542 576 1622 611 ήμῶν
1644 577 1658 602 ὁ
1674 576 1710 602 δι’
1735 576 1818 602 ἐναν-

1014 619 1093 650 τίας·
1118 619 1164 654 Μὴ
1195 619 1337 653 φιλαίτιος,
1366 620 1436 656 βαρὺ
1462 620 1533 656 γάρ’
1565 621 1634 656 μήτε
1662 621 1718 656 μὴν
1748 621 1817 656 φιλ-

1014 664 1186 700 επιτιμητὴς,
1209 665 1408 700 παροξυντικὸν
1435 666 1500 701 γάρ.
1526 666 1605 693 "Hui
1634 675 1666 700 γε
1695 666 1753 701 μὴν
1780 667 1813 693 οὺ

1015 709 1097 744 μέχρι
1109 710 1213 737 τούτων
1226 710 1241 736 ό
1256 710 1319 737 καθ’
1329 711 1409 746 ἡμῶν
1423 710 1499 746 αὺτῴ
1513 711 1602 745 λόγος,
1615 712 1812 747 συμφέρεσθαι

1012 756 1046 782 τὰ
1063 755 1198 791 Ἑλλήνων
1212 758 1268 788 τοῖς
1291 757 1426 784 Ἰουδαίων
1441 757 1529 785 ἔθεσιν
1544 758 1600 786 ἀνω
1613 767 1643 784 τε
1660 759 1709 785 καὶ
1728 759 1810 785 κάτω

1011 800 1219 836 διατεινόμενος,
1242 801 1312 838 πλὴν
1335 803 1406 834 ἑνός.
1427 803 1460 830 Oi.
1487 803 1536 838 μὲν
1555 803 1620 839 γὰρ,
1644 804 1739 838 φησὶν,
1767 804 1809 830 ἑνὶ

1014 846 1086 882 μόνῳ
1100 846 1260 881 λατρεύουσι
1273 847 1333 883 Θεῷ
1343 856 1350 864 ·
1365 850 1389 874 οἱ
1400 848 1428 875 δὲ
1443 849 1490 875 καὶ
1501 849 1609 881 πλείους
1619 846 1692 875 εἷναί
1707 858 1805 883 φασιν.

175 893 311 929 culpatam
339 894 419 929 plane
434 894 468 922 de
491 894 533 922 his
557 894 718 923 sententiam
743 895 769 921 in
791 895 910 921 animum
932 899 956 922 el

1011 891 1068 927 Τῆς
1082 893 1111 919 έν
1127 893 1228 928 ἀμφοῖν
1244 893 1326 929 δόξης
1351 894 1542 929 ἡμαρτηκέναι
1563 894 1668 929 νομίζει
1687 895 1721 922 τά
1743 895 1806 922 καθ’

175 943 269 973 pectus
286 939 452 972 induximus,
466 943 494 965 et
513 939 609 967 horum
625 945 657 964 ac.
680 937 786 965 illorum
801 937 909 964 vesania
925 937 957 964 li-

174 983 261 1016 berati
284 984 317 1011 ad
329 984 453 1012 veritatis
476 991 587 1018 scopum
603 988 676 1012 recta
690 984 888 1015 contendimus,
907 992 958 1010 non

174 1029 288 1061 imbelli,
302 1033 331 1056 ut
346 1030 453 1064 opinor,
466 1034 544 1057 antea
557 1029 636 1058 nobis
653 1031 777 1057 oratione
792 1029 963 1056 demonstra-

1012 937 1095 972 ἡμᾶς,
1117 937 1162 964 διά
1183 946 1224 964 τοι
1247 938 1277 965 τὸ
1297 939 1365 974 μήτε
1387 939 1465 970 θεοὺς
1490 939 1649 975 προσίεσθαι
1673 940 1804 972 πολλοὺς,

1013 981 1083 1016 μήτε
1100 981 1154 1017 μὴν
1169 981 1217 1009 ἕνα
1230 983 1301 1010 κατά
1315 984 1360 1010 τὸν
1376 983 1468 1019 νόμον,
1482 985 1556 1019 τρεῖς
1576 984 1603 1011 δέ
1619 993 1651 1019 γε
1669 985 1725 1020 μὴν
1740 985 1802 1011 ἀνθ’

1011 1028 1071 1061 ἐνὸς
1089 1028 1243 1064 ὁμολογεῖν.
1267 1029 1349 1065 ᾨήθη
1363 1029 1418 1065 γὰρ
1440 1030 1506 1062 ἴσως
1528 1030 1576 1065 τὴν
1601 1030 1682 1064 ἁγίαν
1709 1039 1740 1056 τε
1755 1031 1804 1057 καὶ

175 1080 231 1110 ψη)
253 1080 305 1102 est.
320 1075 384 1109 Qum
398 1082 462 1104 vero
476 1080 574 1110 praeter
588 1083 618 1103 ea
632 1082 692 1110 quae
712 1075 783 1103 dicta
797 1081 870 1107 sunt,
886 1074 956 1103 nobis

1009 1073 1153 1109 ὁμοοὺσιον
1167 1074 1282 1110 Τριάδα,
1301 1075 1361 1111 ἦτοι
1375 1075 1426 1110 τὴν
1445 1075 1494 1109 τῆς
1514 1076 1580 1110 μιᾶς
1602 1075 1730 1111 θεότητος
1748 1075 1803 1110 φύ-

173 1120 277 1155 objicit,
288 1128 319 1148 ea
333 1129 386 1148 non
400 1121 449 1148 abs
464 1128 494 1148 re
507 1128 571 1151 mox
583 1121 813 1149 commemorabo.
827 1120 874 1148 llis
885 1121 956 1148 enim

1010 1128 1062 1152 σιν,
1077 1120 1117 1152 εἰς
1129 1121 1206 1154 τρεῖς
1228 1120 1297 1156 πρὸς
1310 1120 1390 1156 ἡμῶν
1416 1120 1611 1156 διατέμνεσθαι
1628 1120 1719 1152 θεούς.
1735 1121 1803 1148 ὀτι

173 1173 269 1199 rursus
284 1166 376 1194 addit:

1009 1165 1038 1192 δὲ
1049 1165 1133 1201 ὀρθὴν
1149 1166 1196 1192 καὶ
1214 1166 1418 1200 ἀνεπίπληκτον
1432 1166 1572 1198 παντελῶς
1585 1166 1635 1202 τὴν
1647 1166 1677 1193 εν
1691 1174 1725 1201 γε
1738 1166 1802 1193 τού-

172 1220 230 1244 τοις
243 1212 284 1243 είς
297 1212 359 1239 νοῦν
371 1213 418 1247 καὶ
437 1212 552 1248 καρδίαν
568 1212 790 1248 είσκομισάμενοι
805 1211 894 1249 δόξαν,
906 1211 957 1247 τῆς
975 1220 1004 1239 τε
1036 1211 1121 1247 οὔσης
1151 1213 1181 1239 ἐν
1203 1213 1305 1248 ἀμφοῖν
1325 1212 1488 1247 ἀϐελτηρίας
1509 1212 1726 1248 ἀπηλλάγμεθα,
1755 1213 1802 1239 καὶ

174 1256 228 1293 μὴν
252 1257 300 1284 καὶ
323 1258 388 1285 εὐθὺ
417 1257 521 1285 σκοποῦ
547 1258 601 1286 τῶν
624 1257 704 1293 ἱερῶν
723 1258 896 1293 Γραμματων
925 1257 1176 1293 ἐνεσπουδάζομεν,
1196 1259 1246 1285 οὐκ
1278 1258 1394 1293 ἀγεννὴς
1411 1259 1489 1294 ἡμῖν,
1506 1258 1544 1290 ὥς
1565 1267 1596 1293 γε
1617 1257 1705 1294 οἶμαι,
1730 1267 1798 1294 προ-

172 1303 294 1338 απέφηνι
318 1303 408 1338 λόγος.
436 1304 469 1330 ’Δ
489 1303 517 1330 δέ
538 1312 570 1338 γε
592 1303 660 1339 πρὸς
679 1305 735 1335 τοῖς
755 1303 806 1340 ήδη
822 1303 957 1338 φθάσασιν
994 1303 1115 1338 ἐγκαλεῖ,
1136 1303 1240 1331 τούτων
1260 1305 1373 1336 εἰκότως
1394 1304 1625 1340 διαμεμνήσομαι.
1659 1304 1730 1339 Φησὶ
1745 1303 1802 1340 γὰρ

173 1351 255 1387 πάλιν
271 1351 319 1378 ἐπὶ
332 1350 436 1384 τούτοις
446 1359 453 1368 ⁸

477 1407 654 1443 JULIANUS,

207 1465 262 1497 Cur
275 1465 301 1492 in
315 1465 399 1497 victu,
415 1467 528 1499 perinde
539 1473 572 1493 ac
581 1465 677 1499 Judaei,
693 1468 784 1494 mundi
803 1475 856 1494 non
871 1468 955 1495 estis:

1305 1408 1491 1436 ιοΥΛιΑΝυΣ

1053 1465 1123 1492 Ἀνθ’
1140 1466 1200 1492 ὅτου
1214 1466 1277 1500 περὶ
1291 1465 1341 1500 τὴν
1352 1465 1457 1492 δίαιταν
1473 1465 1533 1501 οὐχὶ
1547 1465 1684 1498 Ἰουδαίοις
1696 1466 1799 1500 ὁμοίως

172 1511 219 1538 sed
230 1510 321 1538 omnia
347 1511 451 1538 edenda
468 1518 529 1539 esse
554 1511 626 1540 sicut
648 1512 721 1540 olera
752 1512 841 1547 pabuli
856 1513 956 1546 dicitis,

1010 1511 1071 1537 ἐστὲ
1086 1509 1214 1545 καθαροὶ,
1232 1510 1319 1541 πάντα
1342 1510 1371 1536 δὲ
1390 1510 1490 1540 ἐσθίειν
1513 1511 1550 1542 ὡς
1570 1510 1673 1545 λάχανα
1699 1511 1797 1546 χόρτου

171 1555 253 1589 Petro
276 1556 429 1588 credentes.
453 1557 579 1593 quoniam
607 1558 665 1592 ipse
679 1558 763 1585 dixit:
781 1568 790 1584 ι
812 1558 877 1592 Quae
887 1558 958 1586 Deus

172 1601 335 1635 puriﬁcavil,
353 1606 382 1629 tu
408 1609 442 1630 ne
457 1609 602 1631 commune
618 1603 720 1631 dixeris
731 1603 772 1630 "7
791 1614 800 1630 ι
823 1605 957 1638 Quidnam

172 1647 244 1684 istud
257 1648 326 1683 signi
339 1653 392 1680 est,
406 1649 478 1683 quod
488 1656 518 1675 ea
533 1649 641 1684 quidem
654 1650 717 1678 olim
734 1651 803 1678 Deus
820 1651 957 1679 immunda

172 1695 325 1729 putaverit,
350 1702 422 1722 nunc
441 1700 530 1723 autem
558 1696 614 1730 ipsa
640 1703 706 1731 pura
732 1697 847 1725 fecerit?
871 1698 958 1726 Moses

171 1740 244 1774 enim
257 1741 290 1768 de
303 1742 521 1778 quadrupedibus
533 1741 656 1776 loquens,
668 1744 848 1779 quodcunque
860 1744 957 1771 dividit

170 1786 310 1820 ungulam.
323 1792 348 1820 et
363 1787 491 1820 rmninat,
508 1788 547 1815 ait
570 1788 699 1816 mundum
716 1796 794 1823 esse;
821 1791 891 1824 quod
907 1798 956 1817 au-

173 1837 226 1859 tem
243 1833 392 1861 istiusmodi
410 1840 462 1860 non
484 1838 536 1867 est,
549 1834 717 1862 immundum
735 1843 795 1863 esse
804 1836 837 1863 ".
852 1836 880 1863 Si
892 1844 957 1872 ergo

170 1885 185 1905 a
213 1879 317 1906 visione
339 1878 413 1907 Petri
438 1886 537 1914 porcos
557 1881 584 1908 id
598 1889 670 1909 nunc
689 1883 768 1909 habet
786 1887 815 1910 ut
829 1883 955 1916 ruminet.

170 1924 314 1951 credamus
336 1923 359 1951 ei
376 1933 383 1951 :
401 1925 552 1961 prodigium
567 1927 639 1953 enim
661 1932 702 1954 est
717 1927 847 1962 profecto,
860 1927 881 1955 si
896 1933 956 1963 post

169 1970 243 1998 Petri
258 1971 387 1999 visionem
404 1971 467 2001 illud
479 1973 592 2009 accepit.
611 1974 658 2001 Sin
675 1979 764 2002 autem
776 1975 820 2004 ille
832 1976 911 2008 hanc,
926 1981 956 2003 ut

168 2016 251 2050 verbo
261 2021 349 2044 vestro
358 2021 429 2050 utar,
438 2018 630 2053 revelationem
641 2021 711 2054 apud
722 2021 866 2048 curiarium
878 2021 956 2049 ﬁnxit

168 2070 198 2089 se
213 2062 321 2095 vidisse,
339 2070 387 2093 cur
398 2063 425 2091 in
439 2071 468 2092 re
481 2069 555 2092 tanta
571 2069 624 2093 tam
637 2067 690 2093 cito
713 2067 874 2095 credemus?
885 2066 953 2101 Quid

167 2107 238 2134 enim
262 2107 338 2134 ardui
367 2108 443 2137 vobis
467 2111 654 2145 praecepisset,
676 2111 713 2145 si,
737 2117 834 2146 praeter
859 2113 953 2147 suilla,

167 2153 298 2187 vetuisset
318 2153 402 2183 edere,
420 2154 502 2182 etiam
518 2156 648 2189 volatilia,
666 2161 694 2184 et
719 2158 854 2192 aquatica,
881 2157 954 2185 ailir-

167 2204 244 2225 mans
267 2198 323 2226 hazc
348 2199 441 2233 etiam,
469 2206 567 2235 praeter
602 2201 656 2235 illa,
680 2210 694 2228 a
730 2202 784 2229 Deo
812 2203 953 2238 repudiata

166 2252 237 2279 esse,
248 2250 274 2272 el
288 2245 423 2282 immunda
437 2247 589 2275 exsistere?

464 2386 646 2424 CYRILLUS.

197 2441 350 2469 audmorum
363 2443 454 2477 itaque
469 2443 592 2471 instituta
608 2444 724 2478 miraris,
734 2445 816 2481 315
826 2447 949 2481 obsecro,

163 2492 189 2521 ct
204 2495 250 2514 cos
266 2488 292 2514 in
311 2488 380 2516 victu
398 2496 464 2523 pure
477 2495 597 2517 versatos
610 2491 657 2522 ais,
677 2498 708 2518 ac
723 2486 754 2519 in
764 2492 885 2519 ciborum
904 2494 950 2520 de-

163 2533 234 2567 lectu
266 2533 429 2562 Christianis
456 2536 636 2569 prastitisse?
656 2537 739 2571 Igitur
763 2539 912 2570 videamus,
924 2540 948 2566 si

162 2579 238 2611 libet,
261 2579 423 2614 qnibusnant
444 2581 511 2609 cibis
531 2582 646 2613 Mosaica
663 2583 703 2610 lex
714 2584 754 2611 eis
769 2584 948 2618 interdixerit,

162 2631 189 2652 el
205 2625 269 2660 quid
293 2625 333 2653 eis
350 2627 515 2655 vescendum
539 2628 701 2662 permiserit.
717 2629 851 2664 Scriptum
867 2636 909 2658 est
922 2632 949 2658 in

160 2670 281 2702 Levitico
303 2680 310 2698 :
330 2680 339 2697 ι
360 2671 393 2699 Et
407 2672 510 2700 locutus
535 2679 576 2701 est
594 2673 720 2703 Dominus
734 2676 766 2702 ad
785 2675 906 2711 Moysen,
923 2683 950 2705 cl

160 2718 260 2750 Aaron,
276 2718 370 2745 dicens
389 2727 396 2746 :
414 2718 566 2754 Loquimini
593 2721 656 2748 liliis
683 2721 776 2756 Israel,
803 2724 924 2751 dicentes
941 2734 948 2752 :

162 2762 224 2796 [huc
248 2764 377 2791 animalia
402 2766 549 2794 comedetis
578 2767 611 2794 dc
635 2768 760 2797 omnibus
789 2770 949 2799 animalibus

198 2839 220 2856 ⁷³
236 2840 297 2874 Act.
312 2848 340 2874 κ,
358 2841 400 2874 Ιδι

1009 1557 1063 1583 δεῖν
1080 1563 1158 1590 φατε,
1182 1555 1279 1591 Πέτρῳ
1308 1555 1511 1589 πιστεύσαντες,
1531 1557 1583 1588 ὅτι,
1604 1557 1700 1592 φησιν,
1721 1555 1796 1583 εἶπεν

1010 1602 1126 1632 ἐκεῖνος·
1146 1610 1154 1626 ι
1168 1601 1202 1627 Ἀ
1213 1600 1227 1627 ό
1244 1601 1310 1633 Θεὸς
1326 1600 1484 1637 ἑκαθάρισε,
1505 1602 1537 1628 σὺ
1557 1601 1594 1637 μὴ
1611 1601 1718 1634 κοίνους
1738 1611 1747 1627 ι
1765 1602 1796 1628 Τί

1007 1646 1088 1675 τοῦτο
1103 1649 1263 1682 τεκμήριον,
1279 1647 1321 1673 ὅτι
1332 1646 1417 1674 πάλαι
1432 1648 1481 1682 μὲν
1489 1648 1560 1675 αὺτά
1574 1648 1698 1682 ἐνόμιζεν
1707 1649 1721 1674 ὁ
1731 1648 1795 1679 Θεὸς

1010 1692 1108 1728 μιαρὰ,
1123 1693 1181 1719 νυνὶ
1192 1692 1220 1719 δε
1240 1692 1347 1728 καθαρὰ
1364 1693 1513 1728 πεποίηκεν
1529 1694 1728 1728 αὑτά;Μωσῆς
1748 1693 1795 1729 μὲν

1008 1738 1063 1773 γὰρ
1077 1739 1125 1765 ἐπὶ
1145 1738 1199 1765 τῶν
1217 1739 1390 1774 τετραπόδων
1406 1738 1673 1774 ὲπισημαινόμενος,
1688 1741 1743 1766 πᾶν
1765 1739 1794 1765 τὺ

1006 1783 1134 1819 διχηλοῦν
1144 1792 1228 1820 φησιν
1245 1784 1342 1820 ὁπλὴν,
1367 1785 1416 1811 καὶ
1438 1785 1654 1820 ἀναμαρυκίζον,
1675 1786 1795 1821 καθαρὸν

1007 1827 1074 1856 εἶναι
1086 1837 1094 1845 ·
1113 1829 1144 1856 τὸ
1158 1829 1186 1856 δὲ
1205 1829 1241 1865 μὴ
1256 1829 1387 1863 τοιοῦτον,
1407 1829 1562 1866 ἀκάθαρτον
1582 1828 1662 1858 εἶναι.
1688 1831 1720 1857 Εἰ
1746 1831 1795 1865 μὲν

1005 1872 1053 1902 οὖν
1068 1875 1082 1901 ὁ
1102 1875 1192 1910 χοῖρος
1207 1875 1262 1902 ἀπὸ
1282 1875 1333 1910 τῆς
1350 1875 1503 1910 φαντασίας
1525 1874 1628 1911 Πέτρου
1642 1876 1690 1903 νῦν
1710 1885 1795 1912 προσ-

1006 1919 1087 1946 έλαϐε
1103 1917 1133 1949 τὸ
1159 1920 1343 1954 μαρυκᾱσθαι,
1360 1920 1517 1956 πεισθῶμεν
1542 1921 1631 1956 αὐτῷ’
1650 1922 1793 1957 τεράστιον

1006 1965 1061 2001 γὰρ
1083 1965 1120 1997 ὼς
1143 1965 1263 2001 ἀληθῶς,
1290 1967 1314 1993 εἰ
1342 1966 1411 2001 μετὰ
1439 1967 1488 2002 τὴν
1508 1967 1659 2002 φαντασίαν
1688 1968 1792 2003 Πέτρου

1005 2010 1174 2046 προσέλαόεν
1200 2011 1283 2041 αὑτό·
1302 2012 1326 2038 εἰ
1345 2012 1375 2039 δὲ
1400 2013 1503 2045 ἐκεῖνος
1533 2013 1668 2048 ἐψεύσατο
1690 2013 1792 2048 ταύτην

1004 2058 1168 2094 ἑωρακέναι,
1182 2058 1216 2085 ἶν’
1235 2059 1305 2085 εῐπω
1319 2059 1379 2085 καθ’
1391 2059 1473 2094 ὑμᾶς,
1483 2059 1533 2095 τὴν
1550 2059 1725 2095 ἀποκάλυψιν
1739 2061 1791 2094 ,ἐπὶ

1003 2102 1052 2129 τοῦ
1073 2102 1267 2138 βυρσοδεψίου,
1283 2103 1310 2129 τί
1332 2103 1378 2130 ἐπὶ
1399 2103 1568 2139 τηλικούτων
1592 2104 1663 2130 οὕτω
1686 2105 1790 2140 ταχέως

1006 2148 1208 2184 πιστεύσομεν;
1236 2148 1268 2175 Τί
1283 2149 1336 2184 γὰρ
1352 2149 1416 2184 ὑμῖν
1438 2150 1554 2182 ἐπέταξε
1574 2149 1629 2177 τῶν
1653 2150 1788 2185 χαλεπῶν,

1005 2195 1030 2220 εἰ
1046 2193 1235 2229 ἀπηγόρευσεν
1253 2193 1354 2222 ἐσθίειν
1368 2194 1435 2229 πρὸς
1445 2196 1501 2227 τοῖς
1512 2195 1596 2227 ὑείοις
1610 2195 1644 2222 τά
1656 2204 1686 2221 τε
1700 2195 1787 2230 πτηνὰ

1005 2239 1053 2266 καὶ
1073 2240 1108 2266 τὰ
1130 2239 1271 2272 θαλάττια,
1295 2239 1504 2275 ἀποφηνάμενος
1516 2240 1569 2267 ὑπὸ
1583 2240 1631 2267 τοῦ
1655 2240 1723 2267 Θεοῦ
1743 2241 1788 2268 καὶ

1003 2285 1089 2312 ταῦτα
1116 2286 1185 2321 πρὸς
1208 2285 1322 2318 ἐκείνοις
1347 2285 1548 2322 ἐκϐεϐλῆσθαι,
1576 2288 1624 2314 καὶ
1645 2288 1786 2322 ἀκάθαρτα

1003 2331 1152 2366 πεφηνέναι
1162 2340 1170 2364 ;

1301 2399 1483 2427 ΚΥΡΙΛΛΟΣ.

1042 2454 1225 2489 Τεθαύμακας
1239 2452 1296 2486 οὖν,
1310 2454 1370 2481 εἰπέ
1385 2463 1448 2490 μοι,
1462 2456 1497 2482 τὰ
1517 2456 1649 2483 Ἰουδαίων
1661 2476 1668 2488 ,
1683 2457 1730 2483 καὶ
1742 2465 1782 2482 κα-

1003 2499 1093 2535 θαρῶς
1108 2501 1199 2532 αὐτοῖς
1211 2500 1245 2527 τὰ
1257 2500 1322 2536 περὶ
1336 2500 1385 2536 τὴν
1400 2501 1505 2530 δίαιταν
1517 2502 1651 2537 ἠσκῆσθαι
1664 2503 1728 2538 φὴς.
1739 2503 1781 2529 καὶ

999 2546 1047 2580 τῆς
1068 2546 1132 2581 παρ’
1160 2547 1252 2579 αὐτοῖς
1278 2547 1399 2579 εὺσιτίας
1424 2547 1557 2583 ἡττῆσθαι
1582 2549 1778 2584 Χριπιανούς;

1000 2592 1103 2618 Οὐκοῦν
1116 2592 1308 2628 καταθρῶμεν,
1324 2596 1348 2621 εὶ
1364 2595 1447 2627 δοκεῖ,
1462 2594 1564 2621 ὁποίων
1584 2595 1633 2629 μὲν
1650 2594 1724 2629 ὄψων
1734 2596 1778 2621 αὑ-

997 2637 1059 2668 τοὺς
1073 2637 1086 2663 ὁ
1100 2636 1146 2664 τοῦ
1163 2638 1300 2673 πανσόφου
1316 2638 1439 2670 Μωσέως
1451 2638 1533 2674 νόμος
1549 2639 1718 2674 ἀπεσόδησε,
1738 2640 1779 2666 καὶ

998 2682 1024 2708 τί
1047 2682 1077 2708 τὸ
1109 2682 1238 2721 ἐδώδιμον
1264 2684 1400 2710 ποιεῖσθαι
1427 2684 1607 2719 προστέταχε.
1628 2684 1780 2719 Γέγραπται

997 2727 1083 2753 τοίνυν
1100 2728 1129 2754 ὲν
1142 2727 1180 2763 τῷ
1195 2728 1330 2764 Δευῐτικῷ
1342 2737 1348 2742 ·
1367 2737 1376 2755 ι
1395 2729 1449 2755 Καὶ
1465 2727 1579 2763 ἐλάλησε
1597 2728 1701 2762 Κύριος
1719 2728 1780 2763 πρὸς

997 2773 1100 2809 Μωσῆν
1129 2774 1175 2801 καὶ
1203 2774 1324 2810 Ἀαρὼν,
1346 2775 1452 2809 λέγων·
1473 2774 1616 2810 Λαλήσατε
1640 2774 1697 2806 τοῖς
1718 2774 1778 2804 υἱοῖς

445 2844 466 2858 ⁷⁸
481 2843 566 2877 Levit.
581 2852 619 2877 χι,
633 2845 649 2872 5
665 2853 762 2886 scqq.;
786 2847 862 2875 Deut.
880 2856 934 2881 λιν,
951 2850 967 2876 3
983 2857 1057 2884 seqq.
