1894 3056
111 181 172 211 983i

684 187 823 217 CONTRA
842 189 1014 218 JULlANUll
1037 190 1100 219 LIB.
1121 191 1168 219 lX.

1698 195 1749 223 936

121 241 233 286 Ἰσραὴλ
245 260 252 273 ,
275 241 416 275 λέγοντες·
434 241 526 269 Ταῦτα
544 243 578 270 τὰ
603 244 689 280 κτήνη
715 245 834 280 φάγεσθε
852 246 891 272 ἀπ

958 253 1016 280 qum
1035 247 1332 281 snperterram.0mne
1349 250 1449 277 animal
1468 250 1538 284 quod
1551 251 1645 278 dividit
1663 260 1748 286 ungu-

113 278 227 314 πάιῖτων
254 288 309 314 τῶν
332 289 379 315 ἐπὶ
410 289 459 324 τῆς
485 290 546 324 γῆς.
575 290 632 316 Πᾶν
656 291 754 325 κτῆνος
779 291 906 327 διχηλοῦν

111 333 213 369 ὁπλὴν,
241 335 288 361 καὶ
305 335 484 370 ὀνυχιστῆρας
506 336 630 371 ὀνυχὶζον
655 336 702 363 δύο
727 337 833 372 χηλῶν,
858 338 906 365 καὶ

111 378 218 412 ἀνάγον
234 380 418 415 μηρυκισμὸν,
431 381 459 406 ὲν
469 382 525 412 τοῖς
540 382 659 416 κτήνεσι,
672 384 759 409 ταῦτα
770 384 902 418 φάγεσθε.

112 423 191 459 Πλὴν
207 424 261 451 ἀπὸ
276 425 379 452 τούτων
401 427 432 452 οὺ
449 426 568 461 φάγεσθε
578 447 586 459 ,
601 428 656 454 ἀπὸ
673 428 728 455 τῶν
744 429 902 463 ἀναγόντων

113 470 304 506 μηρυκισμὺν,
322 472 368 498 καὶ
379 472 439 505 ίάπὺ
457 472 512 498 τῶν
527 472 716 508 ἵδιχηλούντων
735 475 785 506 τὰς
805 475 902 508 ὁπλὰς,

111 517 165 543 καὶ
193 517 371 552 ὀνυχιζόντων
397 518 594 554 ὸνυχιστῆρας·
623 519 668 546 τὸν
696 521 832 556 κάμηλον,
861 522 902 548 ὅτι

111 562 212 597 ἀνάγει
242 565 416 599 μηρυκισμὸν
440 565 528 596 τοῦτο,
558 566 644 601 ὁπλὴν
671 567 700 593 δὲ
731 567 761 594 οὺ
787 568 901 603 διχηλεῖ,

109 609 268 645 ἀκάθαρτον
285 610 365 637 τοῦτο
384 611 458 645 ὑμῖν.
485 611 539 638 Καὶ
563 612 608 638 τὸν
631 612 778 646 δασύποδα,
794 615 840 641 καὶ
854 615 900 641 τὸν

109 653 328 690 χοιρογρύλλιον,
347 655 393 682 καὶ
408 656 453 682 τὸν
476 653 517 690 ὗν,
532 657 573 683 ὅτι
586 657 690 694 διχηλεῖ
709 660 794 694 ὁπλὴν
808 660 898 693 τοῦτο,

109 699 161 726 καὶ
177 700 296 735 όνυχίζει
310 701 493 738 ὀνυχιστῆρας
510 702 611 738 ὁπλῆς,
626 704 673 730 καὶ
693 704 772 732 τοῦτο
787 707 836 732 οὐκ
850 707 898 733 ἀνα

108 744 175 778 ἀγει
190 753 225 780 μη
232 745 374 780 ρυκισμδν,
386 746 541 783 ἀκάθαρτον
552 748 631 774 τοῦτο
644 749 719 784 ὑμῖν.
732 759 740 775 ι
755 750 810 776 Kal
820 752 899 778 ταυτὶ

112 791 165 823 μὲν
181 791 372 827 περὶτούτων.
394 792 532 825 Μεθιστὰς
547 794 574 820 δὲ
593 794 638 821 τὸν
660 794 739 829 λόγον
753 796 799 822 ἐπί
818 805 848 823 τε
863 797 897 824 τὰ
908 785 915 796 ⁸

107 837 167 863 τῶν
178 837 297 873 ἐνύδρων
313 838 408 865 καὶτὰ
423 839 477 866 τῶν
491 840 610 875 πτηνῶν,
625 841 674 867 καὶ
697 841 750 876 μὴν
769 842 816 868 καὶ
838 843 896 869 ἐτέ-

109 891 170 918 ρων
181 883 262 910 τινῶν
274 884 341 919 γένη
358 892 388 911 τε
403 885 450 911 ml
462 885 529 921 εἴδη.
546 886 626 913 πάλιν
637 887 686 913 ωδὲ
700 895 802 922 φησιν·
822 897 831 914 ι
843 889 897 915 Καὶ

959 291 1023 323 lam,
1037 297 1064 319 et
1078 294 1187 320 lissuras
1202 293 1278 321 (indit
1293 296 1409 322 duarum
1428 296 1599 330 ungularum,
1609 301 1635 324 et
1646 298 1749 325 reducit

959 338 1178 371 ruminationem,
1193 340 1264 367 inter
1275 341 1415 374 animalia,
1428 343 1484 369 luce
1501 344 1659 370 comedetis.
1677 343 1733 370 Tm

958 388 1014 411 tum
1026 385 1059 412 ab
1074 385 1116 412 his
1139 394 1190 413 non
1217 389 1423 420 manducabitis,
1437 389 1471 415 ab
1487 389 1519 416 iis
1539 397 1598 423 qnzc
1616 391 1747 417 reducunt

957 431 1174 464 ruminationem,
1188 438 1214 459 et
1246 434 1279 460 ab
1300 434 1332 460 iis
1358 442 1417 469 qua:
1438 435 1561 462 dividunt
1580 436 1703 470 ungulas.
1720 442 1747 462 (ιι

958 476 1062 504 [indunt
1087 477 1199 504 ﬁssurae
1224 480 1354 513 unguium
1368 490 1374 507 ί
1390 481 1534 514 caun-lum,
1560 482 1622 516 quia
1640 483 1745 509 reducit

957 523 1163 550 ruminationem
1196 524 1248 556 hic,
1277 528 1401 557 ungulam
1435 532 1524 554 autem
1552 536 1604 554 non
1630 528 1742 559 dividit;

956 566 1122 594 imtnundmn
1143 569 1193 595 hoc
1208 569 1293 597 vobis.
1308 570 1340 596 Et
1363 570 1491 604 leporem,
1509 572 1740 606 clnrrogryllinm,

954 616 980 638 ct
993 620 1079 645 suem,
1098 615 1224 647 quoniam
1247 623 1340 649 nempe
1365 616 1417 642 lroc
1441 617 1536 643 dividit
1559 619 1696 651 ungulam,
1714 622 1741 644 et

954 658 1031 685 findit
1058 659 1168 687 ﬁssuras
1182 661 1297 694 nngttlzn,
1319 667 1344 687 et
1371 662 1421 688 hoc
1439 670 1489 688 non
1504 663 1738 689 reducitrmnina-

953 705 1052 732 tionem
1074 713 1082 732 :
1102 707 1268 732 intmntnluin
1295 708 1344 734 hoc
1375 709 1450 734 vobis
1466 708 1499 734 ".
1525 718 1534 733 ›
1565 709 1653 743 Atque
1682 711 1739 735 lia-c

952 750 1058 784 quidem
1074 751 1107 778 de
1123 752 1191 778 istis.
1205 751 1347 778 Translato
1376 760 1466 779 amem
1487 761 1611 781 sermone
1633 754 1665 780 ad
1693 762 1739 778 vo-

951 794 1033 822 latilia
1045 800 1071 821 et
1084 796 1221 830 aquatilia,
1233 800 1260 822 et
1275 798 1307 822 ad
1321 797 1433 824 aliorum
1448 799 1625 832 quorumdam
1638 807 1737 832 genera

951 843 978 865 et
990 840 1105 874 species,
1123 841 1157 867 ita
1175 849 1266 868 rursus
1285 842 1322 868 nit
1340 851 1346 868 :
1361 852 1369 867 ι
1392 843 1423 869 Ει
1450 843 1507 870 lucc
1533 843 1681 869 contedetis
1703 851 1735 869 cx

951 884 984 911 iis
999 892 1058 919 quae
1084 885 1109 912 in
1132 886 1220 920 aquis.
1235 887 1341 919 Omnia,
1359 888 1385 914 in
1414 889 1510 922 quibus
1542 893 1604 914 sunt
1631 889 1679 914 :nlm
1709 895 1737 914 et

109 925 199 953 ταῦτα
212 927 333 962 φάγεσθε
348 928 402 955 ἀπὸ
421 928 476 955 τῶν
496 929 526 955 ἐν
548 931 605 961 τοῖς
623 930 712 957 ὕδασι.
735 931 829 959 Πάντα
848 933 892 959 ὅσα

949 938 1067 965 sqnanue
1078 931 1104 958 in
1116 932 1206 966 aquis,
1218 936 1245 958 et
1256 932 1282 959 in
1298 934 1378 963 mari,
1396 939 1422 959 ct
1442 935 1466 960 in
1492 933 1667 967 torrentibus,
1679 933 1735 960 lneu

108 972 187 998 ἐστὶν
216 972 308 1005 αὐτοῖς
329 973 467 1010 πτερύγια
487 973 535 1001 καὶ
554 974 663 1007 λεπίδες
685 977 713 1002 ὲν
730 978 786 1008 τοῖς
809 977 897 1009 ὕδασι,

109 1018 160 1044 καὶ
172 1018 200 1044 ὲν
212 1019 271 1049 ταῖς
281 1017 442 1051 θαλάσσαις,
453 1020 501 1046 καὶ
516 1021 545 1046 ὲν
563 1021 620 1052 τοῖς
635 1021 898 1057 χειμάρῥοις,ταῦτα

109 1063 241 1098 φάγεσθε.
262 1065 317 1091 Καὶ
333 1065 423 1092 πάντα
438 1065 487 1092 ὅσα
511 1065 560 1092 οὐκ
583 1065 657 1092 ἔστιν
674 1067 702 1093 ἐν
720 1067 811 1099 αὐτοῖς
830 1076 896 1094 πτε-

111 1110 194 1145 ρύγια
209 1110 256 1137 καὶ
273 1110 380 1142 λεπίδες
392 1131 400 1142 ,
416 1111 555 1147 βδέλυγμα
573 1113 637 1147 ὑμῖν
654 1114 722 1145 ἐστι,
738 1113 785 1140 καὶ
804 1112 897 1148 βδελυ-

109 1156 166 1183 κτὰ
189 1155 296 1184 ἔσονται
312 1157 386 1192 ὑμῖν.
405 1167 414 1183 ›
441 1158 496 1184 Καὶ
517 1158 577 1193 μεθ’
593 1158 689 1194 ἕτερα·
711 1167 721 1184 ι
740 1159 795 1185 Καὶ
812 1159 897 1186 ταῦτα

110 1201 272 1236 βδελύξεσθε
290 1202 345 1229 ἀπὸ
361 1203 415 1230 τῶν
434 1203 576 1235 πετεινῶν,
592 1204 637 1230 καὶ
656 1205 686 1230 οὐ
703 1204 873 1241 βρωθήσεται
888 1214 895 1221 ·

108 1246 155 1273 τὸν
171 1247 258 1280 ἀετὸν,
276 1247 320 1274 τὸν
336 1247 440 1282 γρῦπα,
464 1247 510 1274 τὸν
527 1247 673 1281 ἁλιαίετον,
689 1248 734 1274 τὸν
749 1249 834 1283 γῦπα,
848 1250 896 1277 καὶ

112 1293 213 1326 ἰκτῑνα,
230 1294 276 1319 καὶ
289 1292 323 1319 τὰ
345 1293 426 1328 ὃμοια
441 1293 544 1320 αὐτῶν·
568 1294 614 1320 καὶ
627 1293 768 1329 στρουθὸν,
785 1295 832 1320 καὶ
847 1294 897 1322 λά-

111 1346 170 1374 ρον,
187 1340 236 1366 καὶ
252 1339 370 1375 κόρακα,
384 1339 432 1366 καῖι
447 1338 482 1366 τὰ
501 1339 581 1375 ὃμοια
601 1340 689 1375 αὐτῷ·
715 1341 762 1367 καὶ
787 1341 895 1377 ἱέρακα,

108 1385 160 1411 καὶ
178 1386 383 1422 νυκτικὸρακα,
401 1386 447 1412 καὶ
470 1386 656 1422 καταράκτην,
680 1387 728 1413 καὶ
755 1387 824 1419 ἶϐιν,
849 1387 896 1414 καὶ

108 1431 301 1466 πορφυρίωνα,
316 1431 363 1458 καὶ
378 1431 528 1465 πελεκᾶνα,
540 1431 588 1458 καὶ
601 1431 709 1464 κύκνον,
719 1431 766 1458 καὶ
778 1432 894 1466 γλαῦκα,

107 1479 158 1505 καὶ
171 1478 294 1513 ὲρωδιὸν,
310 1477 357 1504 καὶ
372 1478 527 1512 χαράδριον.
539 1486 547 1502 ι
562 1477 618 1504 Kal
634 1477 693 1512 μεθ’
707 1477 790 1513 ἔτερα
803 1478 894 1504 πάλιν·

110 1531 122 1549 ι
145 1523 201 1550 Καὶ
213 1522 300 1550 ταῦτα
314 1523 379 1558 ὑμῖν
396 1522 539 1558 ἀκάθαρτα
552 1522 606 1549 ἀπὸ
622 1521 677 1548 τῶν
690 1523 824 1558 ἑρπετῶν,
840 1523 895 1550 τῶν

109 1569 250 1605 ἑρπόντων
265 1568 312 1596 ἐπὶ
334 1569 383 1604 τῆς
407 1569 474 1604 γῆς·
492 1569 510 1604 ὴ
524 1568 608 1604 γαλῆ,
633 1568 680 1595 καὶ
703 1569 718 1595 ὸ
742 1568 804 1604 μῦς,
821 1569 896 1595 me

106 1614 279 1649 κροκόδειλος
301 1615 318 1642 ὀ
339 1615 478 1650 χερσαῖος,
505 1614 625 1649 μνγάλη,
652 1614 699 1640 καὶ
722 1615 892 1649 χαμαιλέων,

107 1661 157 1687 καὶ
171 1660 343 1696 χαλαεώτης,
362 1661 408 1686 καί
425 1660 524 1695 σαῦρα,
540 1660 586 1687 καὶ
600 1660 735 1693 ἀσπάλαξ.
749 1669 758 1686 ι
769 1660 812 1692 Ὠς
824 1661 893 1687 πολὺ

106 1706 138 1733 τὺ
154 1706 248 1742 θαῦμα
268 1706 402 1733 Ἰουδαίων
421 1706 635 1741 καθαριότητος,
659 1706 706 1732 καὶ
730 1706 821 1740 μέντοι
846 1707 894 1733 καὶ

106 1751 245 1783 εὒσιτίαςῑ
261 1751 380 1786 ἐδώδιμα
394 1752 447 1787 γὰρ
459 1751 508 1778 οὐκ
521 1751 642 1784 ἀξιοῦσιν
656 1751 728 1787 ἔχειν
738 1751 784 1778 τὸν
802 1751 889 1787 κάμη-

105 1799 163 1831 λον,
187 1797 257 1835 τὺιν]
278 1798 494 1833 χοιρογρύλλιον,
510 1798 556 1824 τὸν
571 1798 658 1830 ἀετὸν,
679 1797 726 1824 τὸν
741 1797 832 1831 γῦπα,
849 1797 894 1824 τὸν

106 1844 295 1880 καταράκτην,
310 1844 356 1870 τὸν
371 1843 460 1870 ἔποπα
471 1864 477 1872 .
493 1843 542 1878 τὴν
559 1843 680 1877 γλαῦκα·
697 1843 893 1879 παραιτοῦνται

105 1890 136 1916 δὲ
153 1890 221 1926 πρὸς
234 1889 338 1921 τούτοις
353 1889 477 1925 κόρακάς
493 1897 523 1916 τε
541 1889 590 1916 καὶ
608 1889 686 1920 ῑὸεις,
709 1889 756 1915 καὶ
774 1888 895 1924 νυκτερί-

105 1937 163 1968 δας,
178 1936 224 1962 καί
240 1935 361 1971 ὲρωδιδν,
379 1935 425 1962 καὶ
442 1935 495 1971 μῦν
507 1935 553 1962 τὸν
568 1934 698 1970 ψοφοδεᾶ,
707 1935 792 1970 γαλῆν
803 1943 832 1960 τε
846 1933 894 1961 καὶ

108 1981 249 2018 μυγάλην,
267 1982 314 2008 καὶ
333 1981 540 2016 ἀσκαλαϐώτην,
556 1981 604 2008 καὶ
618 1981 774 2009 ἁσπάλακα.
793 1981 849 2008 Καὶ
867 1981 893 2007 τί

108 2027 164 2062 γὰρ
180 2027 239 2062 οὐχὶ
255 2026 309 2053 τῶν
323 2027 452 2054 τοιούτων
468 2027 631 2062 πεποίηνται
647 2028 713 2062 παρ’
728 2027 803 2053 οὐδὲν
825 2027 895 2054 αἰδοῖ

106 2075 140 2109 τῇ
153 2075 229 2108 παρὰ
242 2073 288 2100 τὸν
299 2074 381 2109 νόμον
393 2083 400 2107 ;
415 2074 502 2101 Βαῦαὶ
513 2074 561 2109 τῆς
576 2074 742 2105 ἐπιεικείαςὶ
754 2073 841 2106 οὐδὲν,
854 2073 892 2105 ὡς

107 2120 211 2152 ἔοικεν,
230 2120 320 2152 αὐτοῖς
336 2121 367 2147 τδ
386 2121 623 2156 κατευμεγεθῆσαι
638 2120 768 2155 γαστρὸς,
785 2120 894 2154 καὶτῆς

107 2165 194 2198 οὕτως
215 2166 330 2202 ἀρίστης
352 2166 504 2201 ὀψοφαγίας
525 2166 692 2199 ἀλλάξασθαι
714 2166 763 2202 τὴν
780 2175 893 2193 κακοσι-

107 2213 179 2245 τίαν,
189 2213 233 2240 ἵνα
246 2213 283 2248 μὴ
293 2213 331 2248 τῷ
346 2213 479 2249 νομοθέτῃ
492 2213 719 2249 προσκρούσειαν.
728 2212 894 2248 Ἐπιτιμῷτο

106 2259 128 2286 δ’
147 2259 189 2291 ἂν,
204 2259 274 2285 κατὰ
287 2257 317 2285 τὺ
328 2259 411 2291 εἰκὸς,
425 2260 454 2285 ὲν
466 2259 527 2295 δίκῃ
539 2259 574 2285 τὰ
584 2258 756 2294 Χριστιανῶν
766 2266 774 2274 ·
786 2258 894 2294 χαίρειν

107 2305 162 2340 γὰρ
175 2305 269 2340 ὥσπερ
283 2304 322 2340 τῷ
341 2305 415 2340 νόμῳ
441 2305 605 2340 φράσαντες,
631 2304 738 2336 οὐδενὸς
762 2305 810 2339 μὲν
838 2305 892 2331 τῶν

107 2351 312 2386 ὠνομασμένων
330 2351 500 2387 ἀποσχέσθαι
517 2350 705 2386 βεϐούληνται,
722 2350 850 2386 βρώσιμα
863 2349 891 2376 δὲ

108 2397 197 2424 πάντα.
211 2397 303 2429 αὐτοῖς
326 2397 364 2428 ὡς
380 2397 484 2432 λάχανα
508 2397 615 2432 χόρτου,
631 2396 677 2423 καὶ
696 2396 728 2422 τὰ
743 2397 772 2422 ὲν
790 2396 893 2432 τραπέα

109 2443 168 2475 ζαις
190 2443 280 2478 τίμια,
295 2443 418 2478 κόρακάς
440 2452 470 2469 τε
501 2443 546 2469 καὶ
574 2442 652 2475 ἴδεις,
673 2442 720 2469 καὶ
740 2441 775 2468 τὰ
797 2441 890 2468 λοιπά.

114 2489 284 2524 Ἐπαινῶμεν
297 2489 330 2524 δὴ
344 2487 390 2516 οὖν
403 2489 448 2515 τὸν
465 2489 557 2524 νόμον,
575 2489 616 2515 ὅτι
629 2489 685 2520 τοῖς
699 2487 728 2520 ἐξ
740 2487 848 2523 Ἰσραὴλ
860 2487 894 2514 τὰ

108 2534 148 2567 εις
171 2535 280 2562 δίαιταν
301 2535 350 2570 τὴν
372 2535 544 2571 ὲξῃρημένην
570 2532 598 2561 εὖ
621 2535 694 2570 μάλα
710 2533 893 2570 θεσμοθετῶν,

110 2581 261 2616 ἀποφοιτᾷν
286 2580 439 2612 ἐκέλευσεν,
457 2577 494 2606 ὧν
512 2581 563 2606 οὐκ
587 2580 619 2607 ἄν
642 2588 684 2612 τις
705 2579 809 2613 γένοιτο
828 2579 893 2614 παρ’

109 2627 197 2654 οὐδενὶ
216 2626 295 2661 λόγος
308 2647 315 2660 ,
337 2626 436 2662 μᾶλλον
458 2626 486 2652 δὲ
505 2625 559 2652 τῶν
582 2625 668 2658 οὕτως
691 2625 892 2661 ἀπηχθημένων

108 2673 182 2708 ἁγνῷ
206 2673 310 2706 παντὶ,
328 2672 366 2704 ὡς
389 2670 458 2699 εἷναί
487 2681 513 2698 τι
536 2672 590 2699 τῶν
614 2672 821 2708 βδελυρωτάτων
846 2671 893 2698 καὶ

112 2718 193 2753 μόνην
218 2718 302 2753 αὐτὴν
317 2718 400 2745 θέσιν.
422 2718 502 2744 Ἀλλὰ
523 2718 603 2744 ταυτὶ
627 2718 699 2753 μάλα
725 2717 825 2752 αἰσχρὰ
844 2717 892 2743 καὶ

110 2763 249 2799 ἀπόϐλητα
260 2762 341 2790 παντὶ
353 2763 449 2797 γένοιτ’
464 2764 507 2796 ἂν,
519 2763 566 2790 καὶ
578 2763 680 2799 σφόδρα
691 2761 892 2798 εἰκότως-Πλὴν

110 2810 170 2840 τοὺς
182 2809 234 2835 ὑπὸ
244 2808 326 2844 νόμον
339 2808 482 2835 ἐπαινέσαι
496 2817 538 2840 τις
551 2808 594 2842 ἂν,
605 2809 652 2836 καὶ
667 2810 716 2844 τῆς
729 2807 892 2844 ἐγκρατείας

144 2886 165 2903 ’⁸
183 2886 269 2914 chit.
284 2893 321 2920 xl,
343 2886 405 2913 1-8.
445 2886 467 2901 7‘
486 2885 551 2914 ibid.
570 2886 596 2920 θ,
621 2886 660 2913 l0.

950 977 1107 1004 comedetis.
1117 977 1149 1004 Et.
1171 977 1260 1003 omnia
1284 978 1309 1004 in
1323 979 1420 1012 quibus
1432 987 1484 1005 non
1506 983 1569 1006 sunt
1588 979 1636 1006 ala:
1647 987 1734 1013 neque

948 1030 1079 1056 squamae,
1099 1023 1263 1050 abominatio
1288 1023 1366 1051 vobis
1381 1030 1454 1058 sunt,
1484 1030 1511 1052 et
1544 1024 1734 1051 abominabilia

949 1067 1023 1094 vobis
1041 1072 1118 1095 ertmt
1139 1068 1172 1096 ⁷⁸.
1191 1078 1201 1095 ι
1226 1069 1258 1096 Et
1275 1069 1356 1104 paulo
1371 1074 1430 1104 post
1450 1079 1456 1096 :
1480 1079 1488 1095 ι
1506 1069 1540 1097 Ει
1556 1070 1613 1097 lucc
1631 1069 1736 1096 abomi-

949 1112 1077 1140 nabitnini
1092 1113 1124 1139 de
1138 1113 1302 1146 volatilibus,
1313 1119 1339 1141 et
1351 1122 1402 1141 non
1416 1114 1564 1142 comedetis
1579 1124 1585 1141 :
1604 1114 1734 1149 aquilam,

947 1160 1093 1194 gryplmm,
1107 1160 1275 1193 lialitcetnm,
1288 1161 1434 1193 vulturem,
1449 1164 1476 1188 et.
1487 1161 1609 1192 milvum,
1621 1165 1648 1187 et
1659 1160 1735 1186 simi-

947 1204 982 1231 lia
1009 1206 1104 1239 eis;et
1124 1206 1314 1239 strnlhionem,
1338 1212 1365 1233 et
1391 1206 1488 1239 larum,
1514 1213 1541 1233 et
1565 1214 1687 1237 corvum,
1708 1211 1735 1234 et

947 1251 1047 1277 similia
1062 1251 1087 1279 ei
1103 1260 1111 1284 ;
1124 1256 1151 1279 et
1166 1252 1334 1286 accipitrem,
1347 1258 1374 1280 et
1388 1253 1599 1289 nycticoracem,
1613 1257 1641 1280 et
1659 1259 1732 1279 mer-

947 1297 1049 1332 gulnm,
1064 1301 1091 1323 et
1106 1297 1172 1328 ibin,
1183 1303 1209 1324 et
1235 1298 1455 1332 porpliyrionem,
1469 1303 1495 1324 et
1510 1298 1680 1331 pelecannm.
1706 1301 1734 1324 et

946 1350 1070 1378 cycnum,
1092 1347 1120 1369 et
1146 1348 1283 1382 noctuam,
1303 1349 1327 1371 et
1360 1345 1544 1375 herodioncm,
1586 1349 1612 1371 ct
1635 1345 1734 1371 chara-

946 1387 1034 1414 driuin
1051 1387 1084 1415 ".
1101 1396 1110 1413 ι
1139 1387 1172 1414 Ει
1197 1393 1258 1422 post
1284 1389 1341 1416 lucc
1368 1397 1460 1416 rursus
1480 1398 1486 1416 :
1508 1398 1517 1414 ‹
1533 1389 1565 1415 Ει
1585 1390 1642 1416 lucc
1659 1389 1735 1416 vobis

947 1432 1096 1466 immunda,
1109 1433 1142 1460 de
1165 1434 1305 1468 reptilibns
1319 1443 1378 1468 qum
1394 1440 1491 1469 repunt
1509 1443 1589 1469 super
1606 1442 1707 1462 terram
1723 1445 1732 1463 :

946 1479 1074 1510 mustela,
1088 1484 1114 1506 et
1140 1487 1209 1512 mus,
1225 1485 1252 1507 et
1270 1480 1422 1508 crocodilus
1446 1482 1594 1513 terrestris,
1615 1481 1731 1516 mygalo,

946 1530 973 1552 et
983 1525 1190 1557 chainteleon,et.
1206 1526 1371 1557 chalabotcs,
1380 1533 1406 1553 et
1424 1527 1537 1558 Incerta,
1552 1532 1579 1553 et
1595 1527 1663 1562 talpa
1674 1529 1706 1556 "'.
1721 1538 1731 1553 ι

946 1571 968 1599 0
983 1579 1106 1607 magnam
1129 1570 1283 1599 Iud-reorum
1305 1573 1450 1606 puritatem
1476 1578 1503 1599 et
1520 1573 1641 1600 ciborum
1657 1573 1731 1600 (lele-

945 1621 1018 1644 ctum
1032 1617 1217 1644 admirabilem
1230 1618 1238 1644 ι
1257 1616 1353 1644 Nolunt
1369 1618 1394 1644 in
1408 1618 1484 1645 cibos
1507 1620 1627 1653 recipere
1641 1627 1732 1646 canic-

945 1661 1010 1694 lnm,
1022 1661 1250 1697 chmrogryllium,
1266 1663 1395 1698 aquilam,
1410 1663 1557 1697 vulturem,
1568 1664 1730 1699 inergnltnn,

944 1714 1072 1742 upupam,
1087 1712 1228 1741 noctuam;
1241 1709 1274 1735 ad
1291 1709 1348 1736 haec
1372 1710 1514 1744 repudiarit
1539 1717 1647 1741 corvos,
1664 1711 1731 1743 ibes,

945 1758 1069 1787 noetnas,
1084 1755 1267 1788 herodionem,
1285 1759 1313 1782 et
1327 1763 1434 1782 murem
1454 1755 1653 1788 meticulosum,
1670 1763 1732 1782 mn-

945 1801 1050 1834 stelam,
1065 1805 1093 1828 et
1118 1801 1252 1836 mygalen,
1284 1801 1367 1837 316
1389 1801 1551 1834 stellionem,
1576 1806 1600 1828 ε·
1620 1801 1732 1835 talpam.

944 1846 1010 1873 Nam
1034 1847 1097 1881 quid
1124 1854 1178 1874 non
1193 1847 1344 1874 istiusmodi
1374 1848 1441 1874 citra
1467 1847 1533 1883 legis
1553 1849 1732 1875 reverentiam

944 1891 1141 1926 despexerunt?
1155 1891 1253 1926 Papae!
1274 1897 1376 1927 quanta
1402 1891 1542 1928 frugalitas
1556 1911 1563 1924 ,
1584 1900 1632 1926 pro
1649 1893 1734 1919 nihilo

944 1938 1069 1965 videlicet
1083 1938 1149 1973 ipsis
1174 1945 1245 1970 esse,
1262 1938 1373 1965 domare
1391 1943 1526 1970 ventrem,
1544 1946 1576 1965 ac
1592 1943 1645 1965 tam
1665 1938 1732 1965 deli-

944 1989 1017 2011 catas
1030 1985 1122 2019 epulas
1138 1984 1210 2012 victu
1234 1983 1335 2012 infelici
1360 1989 1475 2017 mutare,
1493 1992 1526 2012 ne
1551 1984 1731 2020 legis-latorem

943 2029 1127 2057 oﬂ‘enderentl
1151 2030 1367 2057 Christianorum
1398 2035 1488 2057 autem
1515 2031 1637 2057 instituta
1670 2030 1734 2064 jure

945 2075 1042 2101 merito
1054 2075 1294 2109 reprehendantur,
1302 2075 1358 2109 qui,
1367 2074 1425 2110 lege
1437 2075 1630 2109 propemodum
1642 2075 1735 2102 valere

942 2120 1029 2155 jussa,
1045 2119 1110 2147 nihil
1125 2128 1231 2152 eorum,
1241 2127 1301 2155 quae
1316 2120 1386 2147 dicta
1404 2125 1478 2152 sntit,
1499 2120 1630 2147 intactum
1647 2120 1731 2147 relin-

943 2174 1027 2201 quere
1048 2165 1193 2199 voluerint,
1211 2167 1258 2194 sed
1282 2166 1372 2194 omnia
1398 2166 1423 2193 in
1446 2166 1536 2193 cibum
1568 2167 1732 2200 receperint,

944 2213 1020 2247 quasi
1036 2212 1108 2239 olera
1135 2211 1235 2246 pabuli,
1255 2219 1466 2247 mensarumque
1480 2212 1592 2239 delicias
1615 2212 1731 2240 fecerint

945 2265 1049 2289 corvos,
1064 2261 1091 2284 et
1106 2256 1173 2288 ibes,
1189 2261 1217 2283 et
1241 2262 1351 2284 cratera.
1366 2257 1465 2292 Legem
1482 2263 1546 2291 ergo
1575 2256 1732 2290 laudemus,

944 2304 1027 2338 quod,
1043 2311 1103 2330 cum
1119 2302 1260 2335 lsraelilis,
1279 2310 1311 2330 ea
1325 2311 1385 2337 qua:
1401 2304 1434 2330 ad
1449 2303 1551 2330 victum
1565 2302 1732 2338 peculiarem

945 2349 1070 2381 attinent,
1097 2354 1224 2376 accurate
1253 2349 1450 2383 praescriberet,
1479 2348 1616 2376 abstinere
1649 2348 1731 2383 jussit

945 2398 979 2422 ab
1000 2396 1033 2423 iis
1055 2403 1114 2431 qua:
1139 2404 1219 2424 nemo
1247 2404 1299 2424 non
1323 2395 1492 2430 repudiarit,
1514 2395 1568 2422 imo
1587 2402 1652 2421 vero
1671 2402 1731 2428 quas

944 2441 1017 2468 lauto
1035 2441 1120 2469 cuivis
1137 2442 1237 2469 homini
1253 2442 1293 2469 sic
1307 2449 1389 2470 exosa
1404 2445 1476 2474 sunt,
1486 2446 1515 2468 ut
1535 2441 1557 2468 si
1574 2440 1615 2468 vel
1625 2444 1732 2469 tantum

942 2492 1123 2522 apponuntur,
1140 2496 1170 2515 ca
1200 2489 1377 2515 vehementer
1405 2487 1587 2515 abominetur.
1603 2487 1656 2515 Sed
1673 2487 1731 2514 haec

942 2534 1011 2561 forda
1031 2534 1164 2569 sintapud
1179 2541 1285 2566 omnes,
1299 2541 1349 2561 nec
1368 2534 1524 2561 immerito:
1543 2538 1728 2560 verumtamen

941 2579 1007 2614 legis
1021 2579 1138 2607 cultores
1164 2579 1297 2612 laudabis,
1307 2586 1457 2614 eorumque
1474 2578 1609 2606 mirabere
1628 2584 1729 2613 tempe-

942 2625 1067 2652 rantiam.
1092 2624 1197 2653 Etenim
1228 2633 1243 2652 a
1269 2626 1356 2653 suillis
1389 2625 1517 2653 carnibus
1541 2624 1731 2652 abstinuerunt

941 2669 1054 2704 aliisque
1084 2671 1288 2706 compluribus,
1311 2671 1465 2699 volatilibus
1497 2675 1526 2698 et
1552 2670 1726 2705 aquatilibus,

941 2721 970 2742 ut.
985 2717 1148 2749 struthione,
1161 2723 1187 2744 et
1204 2719 1238 2746 iis
1259 2727 1319 2754 quae
1332 2718 1453 2753 squamis
1479 2722 1527 2745 aut
1547 2715 1666 2752 pinnulis
1685 2723 1729 2742 ca-

942 2767 1010 2790 rcnt.
1026 2762 1123 2791 lsthaac
1135 2764 1206 2790 enim
1222 2765 1355 2799 attingere
1369 2764 1413 2792 lex
1423 2764 1520 2792 vetuit.
1529 2764 1599 2798 Ergo
1613 2763 1635 2790 si
1650 2769 1727 2790 com-

941 2814 1046 2843 pcrnun
1070 2809 1159 2842 habet,
1175 2810 1225 2837 ista
1251 2811 1400 2838 secundum
1412 2815 1536 2839 naturam
1551 2810 1640 2837 minus
1654 2807 1727 2836 bona

699 2887 721 2903 "7
735 2886 798 2915 ibid.
818 2888 860 2920 l3,
880 2885 921 2912 19.
960 2886 981 2902 ⁷⁸
994 2886 1057 2913 ibid.
1078 2886 1120 2919 ‘29,
1137 2887 1180 2914 50.
