1894 3056
165 147 217 176 987

674 149 704 176 S.
723 148 862 177 CYRILLI
882 150 1116 178 ALEXANDRINI
1135 151 1294 179 ARCHIEP.

1747 149 1810 178 988

167 213 240 239 esse,
272 206 416 234 multorum
440 207 523 234 etiam
546 207 755 242 exquisitiorum
789 217 864 241 usus,
899 210 950 236 nisi

1006 209 1145 243 ἀγάσαιτο.
1170 210 1225 236 Καὶ
1248 209 1302 244 γὰρ
1327 209 1374 236 καὶ
1393 209 1473 236 ὑείων
1498 210 1669 245 ἀπέσχηνται
1693 208 1806 244 κρεῶν,

168 252 229 278 aliis
252 252 376 279 omnibus
407 252 478 286 apud
504 252 607 287 peritos
634 253 811 281 obsonatores
841 255 951 289 praelata

168 301 269 328 essent,
288 303 341 323 una
363 303 425 323 cum
449 297 508 323 aliis
527 297 682 324 damnetur.
696 297 743 324 Sin
771 306 820 325 nsu
843 299 951 333 quidem

167 343 238 369 bona
255 347 328 375 sunt,
344 349 438 369 verum
457 343 514 377 lege
534 343 686 377 reprobata,
702 351 856 378 quaeramus
873 345 907 372 ab
920 353 952 372 eo

167 389 231 422 quid
252 387 278 415 in
306 388 387 415 rebus
406 396 457 416 non
482 388 562 416 {tedis
588 389 653 417 insit
673 390 741 416 vitii.
764 389 863 425 Rejicit
888 398 952 426 ergo

167 441 255 466 suem,
276 434 402 467 quoniam
434 435 522 467 ﬁndit,
538 435 635 470 inquit,
665 436 775 463 lissuras
796 437 910 471 ungulae,
926 441 953 463 et

167 486 220 505 non
231 480 358 506 ruminat.
374 479 506 507 Nonnulla
519 481 583 508 item
608 481 735 516 aquatilia
758 482 876 512 damnat.
890 483 951 517 quia

167 525 287 559 squamis
303 526 430 553 destituta
450 531 524 559 Slllll,
543 535 630 562 neque
646 527 765 562 pinnulis
778 527 898 555 horrent.
911 529 950 555 An

167 578 232 605 ergo
251 572 316 599 satis
329 577 381 605 est,
404 578 512 608 ut,qn:e
539 579 637 601 natura
662 574 754 601 insunt
768 575 801 601 iis
816 582 877 609 quae
892 575 951 601 lau-

167 618 299 650 davimus,
314 620 476 646 damnentur
487 620 499 646 ?
510 619 578 652 Quid
586 619 669 652 enim,
679 628 781 654 quazso,
802 621 824 648 si
842 629 888 648 sns
902 629 951 647 un-

167 662 257 696 gulam
270 663 378 696 quidem
396 663 479 691 ﬁndat
495 665 523 691 in
549 673 653 700 ungues
682 666 762 699 duos,
780 674 831 693 non
863 671 952 693 tamen

170 708 304 735 ruminet?
320 708 388 742 Quid
411 717 487 741 vero.
502 711 572 743 quod
603 711 730 738 nonnulla
753 719 812 745 que
830 711 856 738 in
875 711 952 745 aquis

168 754 267 787 degunt
277 755 393 788 pinnulis
408 761 434 782 et
446 757 568 790 squamis
593 757 722 784 destituta
737 757 821 784 sunt?
836 756 877 783 An
888 764 961 791 ergo.

169 799 210 825 lex
226 801 358 833 peccavit,
376 809 407 828 ac
435 802 570 829 immunda
586 806 690 829 temere
708 804 802 829 statuit
825 811 856 830 ea
879 809 950 833 esse,

168 852 228 878 qua:
243 845 393 874 fmditatem
408 855 461 874 non
474 846 660 874 liabent?Non
674 849 724 875 hoc
736 848 860 875 dicimus.
873 847 953 875 Juvat

168 892 240 918 enim
257 892 328 919 haud
345 900 439 927 parum
452 900 499 920 eos
518 893 565 928 qui
583 894 672 920 subtili
695 895 793 922 mentis
808 895 867 921 acie
877 902 952 922 area-
968 885 989 912 Β

169 944 265 963 norum
294 944 422 964 sensuum
448 937 616 965 altitudinem
648 939 674 965 in
692 938 748 973 ipsa
774 939 949 974 contemplari

169 988 282 1017 queunt.
304 983 370 1010 Nam
399 992 459 1010 cum
486 983 634 1018 legislatori
659 985 825 1019 propositum
848 985 884 1012 sit
905 993 952 1013 eos

168 1029 266 1056 docere
282 1028 363 1064 317
378 1037 446 1062 quos
462 1029 589 1062 instituit,
599 1030 760 1064 quibusnam
784 1031 952 1060 familiariter

169 1075 218 1106 nti,
235 1080 261 1101 et
279 1083 393 1108 quorum
415 1076 580 1103 consortium
599 1078 685 1104 vitare
713 1077 839 1110 debeant,
857 1085 953 1104 unum-

167 1120 292 1154 quodque
301 1128 475 1155 eorunnqua:
489 1122 558 1148 dicta
575 1127 649 1154 Stllll,
663 1122 689 1148 in
703 1122 858 1156 exentplunt
870 1124 954 1150 sumit

168 1173 260 1192 eorum
276 1173 335 1200 quae
349 1174 453 1193 morum
467 1167 669 1194 similitudinem
693 1168 837 1201 quamdam
854 1168 953 1195 habent

169 1212 296 1239 nimirum
308 1220 367 1239 eum
381 1213 454 1247 ipsis.
469 1213 538 1246 Quid
549 1218 639 1240 autem
652 1213 684 1240 iis
696 1214 860 1248 intelligatur
874 1221 953 1248 porro

167 1257 338 1290 patefaciam.
365 1259 506 1285 lnterdicit
529 1267 576 1285 esu
603 1259 699 1286 cameli
727 1263 754 1285 et
775 1259 854 1286 suis:
871 1259 951 1293 illius,

167 1303 294 1336 quoniam
306 1304 438 1335 ruminat,
453 1305 499 1331 sed
529 1304 639 1332 bilidum
664 1305 758 1338 pedem
780 1312 832 1331 non
851 1305 950 1337 habet;

169 1347 248 1382 hujus
260 1353 362 1382 autem,
377 1349 501 1382 quoniam
513 1349 538 1376 in
556 1349 623 1376 duas
635 1348 746 1376 ﬁssuras
759 1348 884 1384 ungulam
901 1349 951 1376 ﬁn-

167 1393 217 1425 dit,
235 1396 282 1421 sed
297 1402 349 1422 non
375 1395 504 1422 ruminat.
517 1395 597 1429 Atqui
618 1394 718 1422 dixerit
735 1395 842 1430 aliquis,
860 1396 885 1422 in
909 1396 949 1422 al-

169 1443 271 1466 terutro
283 1447 343 1466 esse
356 1441 426 1474 quod
441 1440 515 1467 deest
539 1441 628 1468 alteri.
645 1441 697 1468 Sus
721 1441 806 1473 enim.
828 1441 865 1468 uti
884 1441 950 1473 dixi,

169 1486 244 1512 lindit
260 1487 369 1520 quidem
387 1487 525 1521 ungulam,
551 1487 598 1514 sed
624 1495 677 1514 non
701 1488 832 1515 ruminat.
852 1487 951 1515 Contra

168 1539 232 1558 vero
247 1532 272 1558 in
284 1532 396 1559 camelo.
417 1533 457 1559 Au
483 1540 548 1567 ergo
560 1533 603 1560 lex
631 1534 812 1568 impuritatem
828 1533 854 1560 in
869 1533 949 1560 iisita

167 1585 322 1605 conunensa
336 1583 378 1605 est
392 1584 421 1605 ut
436 1579 508 1605 velut
519 1579 628 1606 dimidia
653 1587 685 1606 ex
711 1584 787 1613 parte
801 1579 870 1606 mala
896 1580 951 1606 sint

169 1629 201 1648 ae
215 1623 340 1657 impura?
358 1624 391 1649 At
411 1623 457 1658 qui
474 1631 567 1650 verum
584 1624 655 1652 istud
671 1625 729 1651 est?
743 1624 811 1657 Quid
826 1624 864 1650 rei
876 1624 921 1656 sit,
934 1632 950 1651 ο

168 1668 248 1699 bone,
264 1668 382 1702 quidque
406 1669 470 1695 inibi
483 1668 574 1701 lateat,
595 1668 619 1696 si
645 1669 744 1702 placet,
763 1669 950 1703 dispiciamus.

1004 256 1136 282 πλείστων
1149 264 1178 282 τε
1187 256 1258 282 ὂσων
1269 256 1370 291 ἑτέρων
1379 256 1488 291 πτηνῶν
1499 265 1528 282 τε
1542 256 1589 283 καὶ
1602 255 1734 281 ἐναλίων·
1743 251 1807 280 οἷον

1003 302 1144 337 στρουθοῦ,
1161 302 1207 328 καὶ
1226 301 1280 328 τῶν
1297 303 1326 328 ἐν
1341 301 1432 328 λεπίσι
1447 302 1495 328 καὶ
1513 301 1672 336 πτερυγίοις
1686 300 1742 326 οὐκ
1758 300 1808 326 δν-

1003 354 1065 373 των·
1075 346 1198 381 ἀπέφησε
1207 346 1261 381 γὰρ
1273 347 1287 372 ὁ
1297 346 1377 380 νόμος
1386 346 1416 372 τὺ
1427 345 1544 380 ἐδώδιμα
1555 344 1691 371 ποιεῖσθαι
1701 343 1803 369 ταυτί.

1003 391 1107 418 Οὐκοῦν
1121 392 1145 417 εἰ
1161 391 1210 426 μὲν
1227 388 1296 417 οἶδεν
1311 391 1380 417 αὑτὰ
1393 390 1482 422 καλῶς
1504 389 1598 425 ἔχοντα
1615 389 1688 416 κατὰ
1700 388 1803 422 φύσιν,

1003 437 1019 471 ἠ
1035 436 1090 462 τῶν
1112 435 1218 462 πολλῶν
1233 436 1278 462 καὶ
1292 435 1472 470 ἐντιμοτέρων
1495 434 1609 469 χρῆσις,
1633 434 1659 460 ει
1677 433 1717 468 μὴ
1742 432 1803 458 τῶν

1002 482 1089 508 ἄλλων
1105 482 1234 508 ἁπάντων
1247 482 1322 516 παρά
1347 489 1378 514 γε
1402 482 1458 511 τοῖς
1482 478 1511 506 εὖ
1529 479 1626 506 εἰδόσιν
1642 479 1802 513 ὀψοφαγεῖν

1003 527 1224 563 προτετίμηνται,
1243 527 1293 562 τὴν
1312 527 1411 561 αἰσχίω
1436 526 1526 561 ψῆφον
1547 526 1616 560 μετὰ
1629 526 1686 551 τῶν
1703 525 1802 552 ἄλλων

1002 574 1105 608 ὲχέτω*
1120 574 1144 599 εἰ
1157 573 1184 599 δὲ
1208 573 1278 599 καλὰ
1300 573 1350 608 μὲν
1368 574 1396 599 ὲν
1414 573 1521 608 χρήσει,
1537 571 1751 606 κεκιὸδήλευται
1770 570 1804 597 δὲ

1002 619 1041 653 τῷ
1056 619 1140 653 νόμῳ,
1159 619 1431 653 πολυπραγμονῶμεν
1455 619 1519 652 παρ’
1544 618 1626 644 αὑτοῦ
1642 617 1676 644 τὰ
1693 617 1800 650 ἐγκλή-

1004 673 1075 698 ματα
1098 664 1151 690 τῶν
1174 665 1224 690 οὒκ
1245 663 1330 690 ὄντων
1353 664 1484 698 αἰσχρῶν.
1510 663 1675 697 ’Δπόδλητον
1700 662 1800 688 τοίνυν

1002 711 1117 736 ποιεῖται
1141 709 1186 736 τὸν
1206 706 1249 741 ὗν,
1265 710 1306 736 ὅτι
1328 710 1446 745 ὀνυχίζει
1460 731 1467 743 ,
1486 710 1568 745 φησὶν
1581 730 1588 742 ,
1606 708 1799 744 ὀνυχιστ-ῆρας

1002 755 1095 790 ὁπλῆς,
1119 756 1166 781 καὶ
1186 755 1359 790 μηρυκισμὺν
1378 756 1428 782 οὐκ
1443 756 1549 790 ἀνάγει.
1567 755 1748 789 Κατέψεκτα..
1768 754 1797 780 δὲ

1003 801 1066 834 παρ’
1082 799 1155 834 αὐτῷ
1175 800 1220 826 καὶ
1233 799 1287 826 τῶν
1300 799 1416 834 ἐνύδρων
1433 800 1503 831 τινὰ,
1517 799 1557 825 ὅτι
1572 798 1609 833 μὴ
1622 798 1693 824 εἰσὶν
1705 797 1737 823 ἐν
1752 795 1798 822 λε-

1003 845 1073 875 πίσι,
1090 845 1159 879 μήτε
1172 844 1225 880 μὴν
1238 845 1267 871 ὲν
1280 844 1435 880 πτερυγίων
1450 841 1651 878 ὲκϐολαῖςΪΑβ
1663 840 1712 869 οὖν
1723 841 1795 868 ἁπό-

1004 899 1057 926 χρη
1075 892 1131 922 τοῖς
1146 891 1349 926 ὼνομασμὲνοις
1371 890 1438 925 πρὸς
1457 889 1488 916 τὸ
1506 889 1671 916 κακύνεσθαι
1686 889 1745 914 δεῖν
1761 888 1796 913 τὰ

1006 936 1076 963 κατὰ.
1087 937 1166 970 φύσιν
1178 937 1270 963 ἐνόντα
1281 936 1388 969 αὑτοῖς;
1402 935 1434 962 Τί
1445 936 1499 972 γὰρ
1510 936 1578 967 ὅλως
1591 937 1616 962 εί
1636 935 1725 970 σχίζοι
1745 935 1799 969 μὲν

1004 980 1035 1014 ὗς
1044 982 1093 1018 τὴν
1103 983 1187 1018 ὁπλὴν
1203 984 1243 1014 εἰς
1259 982 1357 1017 ὄνυχας
1368 982 1424 1015 δύο,
1443 982 1600 1017 μαρυκᾶται
1617 990 1649 1016 γε
1662 981 1717 1017 μὴν
1731 981 1795 1007 οὐκ-

1004 1029 1059 1062 ἐτι;
1085 1028 1118 1055 Τί
1133 1029 1161 1055 δὲ
1180 1029 1212 1064 δὴ
1231 1029 1261 1054 τὸ
1282 1028 1436 1063 πτερυγίων
1456 1029 1503 1055 και¹
1527 1029 1580 1063 μὴν
1602 1027 1652 1054 καὶ
1672 1026 1794 1053 λεπίδων

1003 1074 1168 1109 ὲστερῆσοαί
1190 1082 1251 1100 τινα
1267 1074 1320 1100 τῶν
1340 1075 1395 1104 τοῖς
1407 1073 1500 1100 ὕδασιν
1515 1072 1623 1099 ὲκῦιοῦν
1635 1072 1792 1103 εἰωθότων;

1003 1119 1067 1155 Ἀρ*
1079 1118 1125 1147 οὖν
1134 1120 1309 1155 ἁμαρτοεπὴς
1322 1121 1336 1146 ὁ
1344 1120 1434 1154 νόμος,
1444 1119 1629 1154 κατηγόρευσε
1638 1118 1706 1145 δὲτὸ
1716 1118 1794 1152 βέῦη-

1003 1166 1047 1192 λον
1056 1166 1117 1201 εἰκῆ
1127 1166 1181 1192 τῶν
1189 1166 1238 1192 οὐκ
1246 1166 1330 1192 ὄντων
1339 1165 1459 1200 αἰσχρῶν
1470 1166 1521 1198 ;Οὑ
1534 1165 1612 1191 τοῦτό
1624 1173 1728 1201 φαμεν·
1737 1165 1793 1190 ὀνι-

1003 1221 1064 1247 νησι
1075 1212 1129 1247 γὰρ
1139 1212 1169 1238 οὐ
1182 1211 1298 1247 μετρίως
1315 1212 1377 1242 τοὺς
1394 1211 1470 1246 ῑσχνῇ
1481 1211 1585 1245 διανοίᾳ
1602 1211 1655 1236 τῶν
1669 1211 1700 1236 ὲν
1717 1210 1793 1245 αὐτῷ

1003 1257 1202 1293 κεκρυμμένων
1225 1257 1333 1284 ἐννοιῶν
1355 1257 1385 1284 τὸ
1407 1257 1488 1292 βάθος
1509 1256 1656 1292 καταθρεῖν
1686 1257 1794 1291 ἰσχύον-

1002 1313 1060 1336 τας.
1079 1303 1187 1338 Ἐπειδὴ
1203 1302 1258 1338 γὰρ
1271 1303 1366 1337 γέγονε
1391 1303 1430 1337 τῷ
1451 1303 1583 1339 νομοθέτῃ
1609 1302 1710 1334 σκοπὸς
1734 1303 1791 1328 εἱσ-

1002 1348 1155 1385 ηγήσασθαι
1176 1351 1231 1380 τοῖς
1256 1349 1541 1384 παιδαγωγουμένοις,
1560 1348 1630 1375 τίσιν
1656 1348 1690 1375 ἂν
1711 1348 1792 1383 μαλι-

1004 1405 1054 1424 στα
1076 1396 1131 1423 τῶν
1152 1396 1200 1422 ἐπὶ
1220 1397 1270 1431 τῆς
1288 1397 1339 1432 γῆς
1360 1395 1598 1432 προσοικειοῦσθαι
1620 1394 1793 1430 πρέποι,καὶ

1002 1442 1082 1469 τίνων
1103 1442 1264 1477 ἀποφοιτᾷν,
1277 1442 1383 1477 δέχεται
1396 1442 1449 1469 τῶν
1461 1442 1662 1478 ὠνομασμένων
1678 1441 1792 1467 ἕκαστον

1001 1488 1042 1519 εἰς
1058 1487 1236 1523 παράδειγμα
1245 1487 1299 1513 τῶν
1310 1488 1437 1514 ἐοικότων
1448 1488 1549 1519 αὐτοῖς,
1562 1487 1633 1513 κατὰ
1645 1495 1687 1520 γε,
1704 1494 1741 1520 φη
1747 1485 1788 1520 μὶ,

1002 1531 1050 1566 τὴν
1073 1532 1204 1567 ποιότητα
1222 1532 1276 1558 τῶν
1296 1531 1379 1566 ἠθῶν.
1405 1532 1558 1567 Ποιήσομαι
1581 1531 1609 1558 δὲ
1632 1530 1708 1565 σαφῆ
1739 1530 1791 1556 τῶν

1003 1578 1110 1605 ἐννοιῶν
1123 1578 1171 1613 τὴν
1182 1578 1305 1613 δύναμιν.
1315 1579 1482 1613 Ἀποφάσκει
1500 1579 1548 1613 μὲν
1562 1577 1616 1613 γὰρ
1629 1579 1669 1608 εἰς
1690 1576 1792 1612 βρῶσιν

1004 1624 1126 1658 κάμηλόν
1146 1632 1177 1650 τε
1198 1624 1245 1650 καὶ
1264 1624 1308 1650 τὲιν
1329 1620 1375 1651 ὗν·
1397 1624 1444 1659 τὴν
1467 1624 1528 1659 μὲν,
1550 1624 1591 1650 ὅτι
1613 1622 1770 1658 μαρυκάζει
1783 1641 1790 1653 ,

1003 1669 1098 1704 τέμνει
1118 1670 1146 1696 δὲ
1169 1669 1229 1705 οὐχὶ
1247 1670 1315 1706 πρὸς
1336 1670 1457 1705 διχηλίαν
1480 1670 1526 1696 τὸν
1547 1669 1690 1696 πόδα’τὸν
1701 1667 1792 1699 δὲ,δτι

167 1715 326 1750 κατασχίζει
340 1715 388 1751 μὲν
400 1717 438 1748 εἰς
451 1716 549 1752 ὄνυχας
567 1715 614 1743 δύο
623 1717 673 1752 τὴν
690 1716 785 1751 ὁπλὴν,
801 1716 952 1752 μαρυκάζει
975 1716 1004 1743 δὲ
1021 1717 1157 1752 οὐδαμῶς.
1186 1717 1283 1744 Καίτοι
1299 1718 1365 1752 φαίη
1377 1726 1418 1748 τις
1429 1717 1461 1744 ἂν
1473 1717 1510 1749 ὠς
1520 1717 1594 1744 ἐστιν
1609 1717 1633 1742 ἐκ
1650 1716 1753 1751 ἀμφοῖν
1762 1717 1791 1742 τὺ

167 1763 288 1796 mare;
310 1763 480 1799 ἐκατέρῳ.Ὁ
503 1765 551 1800 μὲν
573 1764 627 1800 γὰρ
645 1762 734 1796 ὗς,ώς
752 1764 830 1799 ἔφην,
850 1764 955 1798 διχηλεῖ
973 1764 1023 1798 μὲν
1044 1765 1140 1799 ὁπλὴν,
1153 1766 1183 1790 οὐ
1196 1764 1509 1799 μαρυκάζειδέ.”Ενεστι
1536 1764 1608 1799 δὲτῇ
1619 1763 1737 1798 καμήλῳ
1762 1762 1792 1790 τὸ

167 1807 416 1845 ἔμπαλιν.⁷Αρόὖν
428 1810 651 1845 συνεμέτρησενό
663 1811 742 1844 νόμος
753 1810 801 1846 τὴν
811 1809 950 1846 βδελυρίαν
969 1810 1070 1841 αὐτοῖς,
1109 1811 1146 1842 ὡς
1168 1810 1197 1842 ἐξ
1233 1810 1361 1845 ἡμισείας
1382 1808 1453 1837 εἶναι
1476 1810 1582 1846 πονηρὰ
1601 1809 1649 1836 καὶ
1671 1808 1791 1844 βέσηλα;

168 1856 264 1883 Καίτοι
281 1856 340 1888 πῶς
351 1856 430 1884 τοῦτό
445 1865 476 1891 γε
487 1856 602 1892 ἀληθές;
620 1857 652 1884 Τί
663 1857 693 1883 τὸ
700 1857 804 1892 χρῆμα,
816 1853 838 1883 ὦ
849 1857 909 1889 τᾶν,
921 1856 946 1882 τί
966 1857 996 1883 τὸ
1007 1856 1132 1891 αἴνιγμα,
1145 1857 1336 1892 καταθρῶμεν,
1348 1858 1371 1884 εἰ
1383 1857 1465 1885 δοκεῖ.

204 1926 281 1954 Solet
301 1927 430 1955 divinitus
457 1928 586 1962 inspirata
612 1927 750 1962 Scriptura
777 1928 851 1963 pedis
876 1936 952 1962 gres-

168 1980 238 2005 sum,
258 1980 290 2000 ac
316 1977 401 2000 totum
433 1975 527 2008 pedem
554 1974 688 2001 interdum
711 1975 844 2009 accipere,
863 1981 892 2002 ut
912 1975 951 2002 rei

169 2017 287 2051 cujusvis
307 2019 416 2053 agendae
443 2019 495 2046 iter
523 2019 636 2054 ﬁgurate
661 2019 837 2047 demonstret.
854 2020 951 2055 Cujus-

169 2064 241 2091 modi
262 2068 303 2091 est
328 2064 391 2091 illud
419 2064 444 2091 in
473 2065 541 2092 libro
571 2064 803 2093 Proverbiornm:
827 2075 836 2091 ‹
855 2065 952 2093 Rectus

168 2109 270 2137 orbitas
285 2110 329 2137 fac
347 2110 461 2145 pedibus
488 2112 551 2143 tuis,
571 2116 598 2138 et
614 2111 672 2138 vias
701 2115 761 2138 tuas
791 2111 919 2146 dirige".
939 2121 948 2137 ι

168 2153 231 2180 item
254 2161 319 2182 voce
346 2155 470 2182 Davidis:
486 2164 496 2180 ‹
527 2155 560 2182 Et
586 2156 707 2182 converti
724 2157 805 2190 pedes
827 2164 900 2184 meos
924 2156 950 2184 in

171 2200 323 2228 testimonia
342 2205 386 2227 tua
403 2200 437 2227 °°.
455 2210 465 2227 ι
477 2200 514 2227 En
531 2201 612 2236 igitur
621 2210 664 2236 pes
679 2202 890 2237 uniuscujusque
912 2203 950 2229 rei

169 2246 279 2279 agendae
293 2246 345 2273 iter
356 2246 499 2281 signiﬁcat.
518 2247 616 2282 Duplex
637 2251 725 2274 autem
740 2250 808 2282 apud
827 2256 874 2274 nos
888 2247 951 2274 illud

168 2296 210 2318 est
223 2300 230 2318 :
245 2296 291 2319 aut
309 2293 379 2319 enim
398 2293 544 2320 virtutibus
573 2293 700 2328 opitulari
723 2294 800 2321 nobis
824 2294 950 2326 solemus,

168 2345 229 2364 cum
260 2338 359 2372 aliquid
377 2339 472 2366 melius
486 2339 632 2366 identidem
654 2347 855 2374 comparamus,
871 2344 898 2366 et
924 2339 950 2365 in

168 2383 258 2411 cordis
277 2384 411 2411 thesauris
425 2385 558 2412 sinceram
580 2385 628 2412 Dei
644 2385 824 2420 cognitionem
849 2385 951 2412 claudi-

168 2437 248 2462 Inus;
265 2429 317 2462 vel,
342 2430 369 2457 in
385 2431 456 2457 hisce
478 2431 595 2457 studium
622 2430 806 2464 impendimus,
822 2430 951 2465 multipli-

169 2475 245 2502 cibus
260 2480 354 2503 euntes
373 2477 469 2504 modis.
489 2477 581 2511 Itaque
603 2477 705 2504 bisulco
723 2477 789 2511 pede
812 2478 951 2511 pra-diuum

168 2529 246 2553 esse,
260 2521 330 2548 ultro
348 2522 469 2556 citroque
489 2530 643 2550 connueare
667 2531 744 2556 posse
765 2524 873 2550 denotat
888 2532 894 2549 :
908 2531 952 2549 ru-

168 2567 274 2594 minare
292 2572 391 2599 autem,
412 2568 572 2596 eruditionis
598 2575 640 2596 est
666 2569 828 2604 symbolum.
846 2569 953 2595 Sanctis

166 2613 252 2645 enim,
270 2617 298 2639 et
308 2614 484 2647 sapientibus,
497 2619 524 2642 et
546 2622 671 2642 verorum
697 2615 852 2650 dogmatum
873 2615 951 2641 inda-

166 2659 307 2692 gatoribus
321 2668 373 2686 non
397 2661 490 2693 semel,
506 2660 552 2688 sed
581 2660 726 2693 multoties,
741 2669 841 2695 susque
865 2663 952 2695 deque

169 2703 317 2730 versandos
331 2711 389 2730 esse
400 2704 578 2738 quaestionum
594 2711 689 2731 sensus
702 2705 755 2735 aio,
770 2708 796 2730 et
811 2704 951 2730 ruminan-

169 2749 217 2776 dos
229 2749 386 2783 identidem,
403 2757 436 2777 ac
454 2750 589 2777 indefesso
615 2750 704 2777 studio
722 2750 892 2778 diﬁieillimas
909 2757 950 2777 res

207 2836 230 2851 ⁷⁹
244 2835 322 2863 Prov.
341 2845 375 2870 Iv,
390 2838 433 2864 ‘26.
449 2838 471 2853 ⁸⁰
486 2837 556 2864 Psal.
582 2845 678 2869 cum,
695 2837 736 2863 59.

1042 1927 1122 1958 Ἔοος
1141 1926 1286 1962 τοιγαροῦν
1308 1928 1340 1962 τῇ
1365 1925 1535 1961 θεοπνεύστῳ
1555 1926 1650 1961 Γραφῇ
1677 1925 1726 1960 τὴν
1745 1925 1792 1952 τοῦ

1005 1973 1085 2004 ποδὸς
1097 1973 1175 2007 βάσιν
1187 1974 1234 1999 καὶ
1257 1972 1316 2000 ὅλον
1334 1972 1389 1998 ἔσθ·
1401 1973 1445 1999 ὅτε
1454 1972 1499 1998 τὸν
1511 1971 1578 1998 πόδα
1588 1970 1713 2006 δέχεσθαι
1726 1970 1792 2005 πρὸς

1000 2019 1138 2052 ἀπόδειξιν
1159 2018 1366 2053 αἰνιγματωδῶς
1387 2018 1437 2052 τῆς
1460 2018 1502 2052 ἐφ’
1523 2017 1631 2052 ἑκάστῳ
1649 2017 1704 2043 τῶν
1725 2025 1792 2052 πμ-

1000 2065 1085 2092 κτὲων
1101 2064 1178 2091 ὀδοῦ·
1202 2065 1292 2091 ὁποῖόν
1313 2065 1370 2090 ἐστι
1391 2064 1422 2090 τὸ
1442 2065 1472 2090 ὲν
1495 2063 1590 2099 βιϐλίῳ
1610 2063 1789 2098 Παροιμιῶν·

1003 2121 1012 2138 ‹
1024 2111 1125 2146 Ὀρθὰς
1142 2112 1252 2146 τροχιὰς
1271 2110 1343 2136 ποίει
1366 2111 1422 2140 σοῖς
1435 2110 1507 2142 ποσὶ,
1521 2110 1567 2136 καὶ
1579 2109 1628 2141 τὰς
1648 2109 1724 2140 ὁδούς
1746 2117 1789 2134 σου

1003 2157 1159 2184 κατεύθυνε.
1178 2166 1187 2181 ι
1202 2157 1256 2182 Καὶ
1268 2157 1322 2190 μὴν
1334 2155 1380 2182 καὶ
1392 2155 1435 2181 διὰ
1447 2156 1539 2190 φωνῆς
1550 2153 1597 2180 τοῦ
1609 2153 1700 2181 Δαϐίδ·
1717 2163 1726 2179 ι
1739 2154 1790 2179 Καὶ

1003 2202 1158 2237 ἐπέστρεψα
1179 2202 1242 2232 τοὺς
1265 2201 1347 2233 πόδας
1368 2209 1420 2236 μου
1439 2201 1478 2232 εἰς
1501 2200 1534 2226 τὰ
1557 2199 1694 2235 μαρτύριά
1707 2208 1762 2226 σου.
1778 2209 1786 2224 ι

1008 2249 1072 2275 Ἰδοὺ
1083 2247 1228 2283 τοιγαροῦν
1239 2247 1288 2282 τῆς
1299 2247 1340 2281 ἐφ’
1353 2245 1460 2281 ἑκάστῳ
1479 2245 1533 2272 τῶν
1551 2245 1721 2281 πραγμάτων
1732 2244 1790 2271 ὁδοῦ

1001 2295 1041 2326 εἰς
1052 2294 1137 2320 τύπον
1151 2295 1166 2320 o'
1178 2293 1266 2325 ποῦς.
1279 2292 1359 2328 Διττὴ
1372 2292 1400 2318 δέ
1412 2301 1471 2323 πως
1482 2291 1551 2326 αὕτη
1565 2292 1629 2326 παρ’
1640 2292 1703 2326 ἡμῖν
1716 2291 1770 2317 ἐστι
1779 2299 1785 2305 ·

1000 2340 1017 2375 ἦ
1033 2340 1208 2375 γὰρέαυτοὺς
1221 2340 1279 2370 ταῖς
1291 2338 1451 2369 ἑπιεικείαις
1462 2337 1575 2372 ὠφελεῖν
1587 2335 1787 2371 εἰθίσμεθα,ὰεί

1000 2395 1026 2412 τι
1047 2385 1101 2411 τῶν
1122 2385 1272 2419 ἀμεινόνων
1293 2383 1508 2418 προσκτώμενοι,
1522 2382 1568 2410 κα)¹
1584 2384 1641 2414 τοῖς
1659 2382 1710 2416 τῆς
1721 2390 1784 2415 καρ-

1003 2431 1062 2462 δίας
1076 2430 1297 2461 ὲναποκλείοντες
1317 2429 1465 2464 θησαυροῖς
1482 2429 1534 2464 τὴν
1546 2429 1687 2464 ἀκραιφνῆ
1701 2427 1785 2453 ποιού-

1008 2475 1076 2510 μεθα
1087 2475 1180 2511 [όδὺνι,
1192 2475 1236 2501 διὰ
1257 2474 1390 2500 πλείστων
1402 2474 1471 2500 ὃσων
1486 2474 1570 2504 ἰόντες
1589 2473 1710 2508 τρόπων.
1722 2473 1785 2499 Οὐκ-

1005 2522 1051 2549 οῦν
1068 2522 1098 2548 τὸ
1107 2522 1195 2548 διττὸν
1205 2522 1245 2552 εἰς
1255 2521 1332 2555 βάσιν
1344 2520 1390 2546 τοῦ
1402 2520 1489 2550 ποδὸς,
1509 2519 1539 2544 τὸ
1548 2520 1590 2544 ἐπ’
1599 2519 1683 2553 ἄμφω
1692 2519 1784 2553 βαίνειν

1003 2567 1132 2594 δύνασθαι
1146 2568 1365 2601 κατασημῆνειεν
1386 2565 1428 2591 ἄν.
1441 2564 1477 2590 Τό
1493 2573 1524 2598 γε
1545 2565 1598 2599 μὴν
1612 2564 1782 2599 μαρυκάζειν,

1001 2612 1207 2647 ἐλλογιμότητος
1229 2611 1261 2643 ᾃν
1283 2611 1324 2646 εἴη
1347 2610 1489 2646 σύμϐολον.
1502 2610 1610 2645 Χρῆναι
1631 2610 1684 2645 γὰρ
1706 2610 1784 2644 ἔγωγέ

1003 2667 1076 2692 φημι
1087 2658 1149 2689 τοὺς
1161 2657 1239 2692 οἵπερ
1252 2657 1284 2684 ἂν
1297 2655 1351 2684 εἷεν
1363 2657 1455 2682 σεπτοὶ
1468 2656 1514 2682 καὶ
1533 2656 1735 2690 σεσοφισμένοι,
1747 2657 1784 2682 καὶ

1001 2703 1056 2730 τῶν
1076 2703 1183 2738 ἀληθῶν
1202 2703 1345 2736 δογμάτων
1369 2702 1528 2737 ὲρευνηταὶ,
1550 2701 1600 2736 οὐχ
1621 2700 1707 2733 ἅπαξ,
1729 2701 1784 2727 ἀλλὰ

1007 2748 1165 2780 πλειστάκις
1177 2749 1232 2776 ἄνω
1247 2757 1275 2775 τε
1289 2747 1335 2774 καὶ
1349 2748 1423 2775 κάτω
1436 2748 1563 2783 στρέφειν
1573 2747 1622 2779 τὰς
1636 2748 1679 2782 ἐφ’
1688 2748 1784 2782 ἑκάστῳ
