1894 3056
105 165 164 196 989

676 170 816 199 CONTRA
837 172 1009 202 JllLlANUM
1029 175 1092 203 LIB.
1110 177 1154 206 IX.

1683 188 1734 216 990

105 226 169 252 τῶν
190 226 386 262 ἀπορουμένων
414 228 537 261 ἐννοίας,
559 229 606 255 καὶ
632 227 687 256 οἷον
709 231 868 266 ἀναμασᾶσθ

930 233 1085 262 ,subtiliter
1108 237 1312 266 examinandas.
1339 239 1404 266 Nam
1428 240 1499 274 quod
1521 242 1679 277 simpliciter
1702 253 1734 272 ac

106 271 228 306 συχνῶς,
239 272 287 298 καὶ
299 270 353 298 οἷον
362 273 561 309 ἀκαταλήκτοις
571 274 725 310 ἀκριὸείαις
736 277 895 312 κατισχνοῦν

104 316 268 351 ἐπείγεσθαι
276 317 310 344 τὰ
321 317 469 352 δυσέφικτα
479 319 532 346 τῶν
541 319 738 356 θεωρημάτων.
746 322 782 348 Τὸ
793 323 847 358 γάρ
855 331 895 349 τοι

104 363 280 398 παραδεχθὲν
294 363 386 396 ἁπλῶς
396 365 442 391 καὶ
462 365 660 398 ἀὸασανίστως,
671 367 719 393 καὶ
737 368 797 399 ταῖς
816 368 895 403 ἐρεύ-

103 415 168 439 ναις
190 408 220 434 οὐ
232 410 423 444 τετριμμένον,
435 410 578 444 γένοιτ’ἃν
600 411 656 438 ἔσθ’
665 412 708 438 ὅτε
732 414 778 439 καί
798 414 894 449 ἐπιζή-

105 461 181 488 μιον.
195 454 426 490 Κατακιὸδηλεύει
437 456 524 483 τοίνυν
538 458 552 483 ὸ
566 458 647 492 νόμος
663 459 707 484 τὸν
719 458 834 492 ὠφελεῖν
845 460 895 494 μὲν

104 499 200 526 εἰδότα
212 501 370 535 πρακτικῶς
388 502 483 528 ἑαυτὸν
494 503 542 529 καὶ
553 503 673 538 ἐτέρους,
685 504 714 530 οὐ
728 507 781 540 μὴν
799 505 894 540 ἔχοντα

102 545 177 580 πρὸς
197 545 284 581 τούτῳ
305 547 352 573 καὶ
371 547 401 573 τὸ
422 547 574 582 ἐλλόγιμον.
590 549 634 582 Ἐξ
653 550 832 584 ἀντιστρόφου
853 551 891 583 δὲ,

103 590 201 627 ὥσπερ
211 593 355 626 ἀποφαίνει
368 593 571 628 μεμολυσμένον
582 595 627 620 τὸν
637 595 826 631 ὲλλογιμότητι
844 597 893 631 μὲν

101 636 147 663 ὅτι
162 637 276 672 μάλιστα
290 638 376 672 φίλον,
387 639 418 665 οὺ
437 639 490 674 μὴν
505 639 544 665 ἔτι
557 640 605 666 καὶ
619 641 778 675 πρακτικῶς
788 642 892 668 εὐδοκι-

103 683 168 717 μεῖν
187 684 310 711 εἰωθότα.
326 685 391 716 «Ὃς
400 685 454 721 γὰρ
470 685 503 712 ἂν
516 686 614 721 ποιήσῃ
628 687 676 713 καὶ
695 686 797 723 διδάξῃ.
809 688 891 722 φησιν

99 729 118 755 ὁ
137 729 242 765 Σωτὴρ,
256 727 332 762 οὗτος
355 730 440 766 μέγας
460 731 625 768 κληθήσεται
646 734 675 759 ὲν
696 732 818 769 βασιλείᾳ
837 734 891 760 τῶν

99 774 236 809 οὐρανῶν.
251 785 260 801 ι
284 777 330 802 Δεῖ
350 777 404 811 γὰρ
423 775 493 804 εῖναι
514 780 575 805 κατ’
590 779 673 814 ἄμφω
693 779 779 811 δεξιὸν
797 779 842 805 τὸν
862 780 890 806 ἐν

101 821 205 857 σπουδῇ
217 822 264 849 καὶ
278 823 347 858 λόγῳ
360 824 494 850 ποιεῖσθαι
514 825 738 860 προθυμούμενον
751 825 780 852 τὸ
791 827 889 861 χρῆναι

99 867 350 903 θαυμάζεσθαι.Τὰ
362 870 389 896 δέ
408 879 439 903 γε
456 872 512 902 τοῖς
533 870 624 898 ὕδασιν
636 871 833 906 ἐμϐεϐιωκότα,
849 869 889 903 οἷς

948 280 1019 307 nude
1042 282 1157 316 capitur,
1185 291 1216 310 ac
1245 285 1313 311 citra
1346 286 1563 320 disquisitionem
1595 295 1732 321 exactam.

947 323 1055 351 noxium
1072 327 1232 361 quandoque
1260 329 1349 356 fuerit.
1367 330 1420 357 Lex
1438 339 1502 366 ergo
1517 334 1643 366 reprobat
1659 342 1732 366 οιηιι,

947 370 990 403 qui
1006 375 1066 397 actu
1083 372 1210 406 prodesse
1224 379 1313 408 potest
1336 376 1387 403 sibi
1404 384 1435 403 ac
1453 379 1569 412 caeteris,
1580 380 1627 407 sed
1641 382 1732 407 erudi-

946 416 1045 444 tionem
1060 417 1172 453 insuper
1187 427 1239 446 non
1255 420 1350 455 habet;
1363 430 1378 449 e
1401 430 1534 450 converso
1554 424 1628 452 velut
1644 425 1729 459 inqui-

945 464 1037 487 natum
1055 469 1116 488 eum
1134 465 1300 496 pronuntiat,
1316 466 1357 492 cui
1376 467 1492 495 maxime
1512 469 1585 495 cordi
1608 474 1650 496 est
1667 477 1731 496 eru-

943 506 1020 537 ditio,
1037 508 1081 540 qui
1094 509 1212 536 nondum
1227 515 1314 537 tamen
1336 513 1498 547 conspicuus
1509 519 1548 540 est
1564 515 1631 542 bene
1645 523 1728 549 agen-

943 550 987 577 do.
1004 551 1087 587 318
1109 564 1118 579 ι
1147 553 1197 587 Qui
1213 556 1284 582 enim
1310 556 1406 585 fecerit
1436 564 1463 585 et
1489 560 1623 592 docuerit,
1637 561 1727 595 inquit

943 597 1078 631 Salvator,
1110 600 1152 626 hic
1181 609 1294 636 magnus
1318 604 1458 630 vocabitur
1477 605 1502 630 in
1531 613 1614 639 regno
1643 608 1726 634 cmlo-

943 650 1001 670 rum
1013 643 1046 670 ⁸¹.
1066 653 1075 670 ι
1092 644 1212 680 Utroque
1234 647 1305 673 cuitu
1323 652 1451 680 prmstare
1466 654 1581 682 oportet,
1596 651 1639 684 qui
1655 659 1726 679 verae

942 689 1027 715 laudis
1039 694 1065 715 et
1077 690 1169 724 gloriae
1183 692 1272 718 studio
1288 692 1411 720 allicitur.
1441 693 1525 720 Porro
1542 703 1601 729 quae
1613 697 1637 722 in
1649 698 1726 730 aquis

941 734 1033 760 vivunt
1051 740 1077 761 et
1090 737 1211 770 squamis
1231 745 1262 764 ac
1280 738 1396 771 pinnulis
1417 740 1555 773 destituta,
1569 742 1594 768 in
1616 743 1725 776 profun-

941 780 1052 807 dissimo
1067 781 1130 808 limo
1151 782 1207 808 fere
1230 790 1337 817 semper
1361 786 1463 811 versari
1485 787 1583 818 solent,
1604 792 1630 813 et
1653 795 1724 822 trgre

939 831 1059 858 enatant,
1074 828 1147 854 tarda
1163 833 1236 860 sunt,
1262 837 1312 856 nec
1329 829 1407 857 facile
1436 838 1588 860 moventur.
1601 832 1663 860 Hinc
1676 842 1724 860 au-

941 877 991 898 tem
1006 880 1052 899 eos
1068 874 1230 907 significant,
1249 876 1294 909 qui
1320 876 1346 901 in
1366 876 1419 902 luto
1447 877 1662 912 intemperantiae
1676 888 1723 905 vo-

97 912 164 940 οὔτε
183 913 289 946 λεπίδες
310 916 389 947 εἰσὶν,
406 915 468 942 οὔτε
492 916 546 952 μὴν
571 917 726 951 πτερυγίων
747 917 868 952 ἐκφύσεις

939 918 1071 950 lutantur,
1090 925 1117 946 et
1127 920 1271 953 voluptatis
1284 928 1361 947 coeno
1385 927 1446 947 suut
1473 910 1604 955 innuersi,
1621 925 1722 958 quique

98 959 145 985 ἀεί
158 967 201 986 πω
211 961 265 992 τοῖς
277 961 426 987 κατωτάτω
436 961 565 996 τέλμασιν
577 962 793 996 ὲγκαλινδεῖσθαι
805 963 886 997 φιλεῖ,

97 1006 147 1032 καὶ
163 1006 194 1032 τὺ
204 1006 385 1041 ἀνανήχεσθαι
402 1009 486 1042 μισεῖ,
501 1007 592 1044 νωθρά
603 1009 634 1034 τέ
651 1010 719 1039 ἐστι,
732 1010 778 1035 καὶ
794 1009 884 1035 δυσκίο

97 1060 178 1086 νητα.
190 1052 276 1078 Τύποι
287 1052 310 1078 δ’
323 1052 355 1079 ἂν
366 1051 421 1079 εἷεν
432 1054 479 1079 καὶ
491 1054 578 1080 ταῦτα
595 1054 650 1080 τῶν
667 1056 723 1086 τοῖς
741 1055 791 1088 τῆς
808 1055 886 1081 ἀσελς

95 1099 176 1130 γείας
195 1098 333 1135 βορϐόροις
353 1100 599 1135 ἑγκεκυλισμὲνων,
612 1101 659 1127 καὶ
682 1102 735 1132 τοῖς
759 1102 809 1136 τῆς
827 1102 886 1136 φιλ-

95 1144 206 1179 ηδονίας
235 1144 455 1179 ὲγκεχωσμένων
484 1145 618 1180 τέλμασι,
642 1146 689 1173 καὶ
709 1146 797 1174 πάντα
819 1146 885 1182 δρᾷν

94 1188 232 1217 causam
250 1190 391 1224 μονονουχὶ
406 1189 517 1224 γυμνῶς
529 1191 576 1217 καὶ
585 1192 789 1226 ἀναμφιέστως.
803 1193 885 1219 Τουτὶ

93 1235 151 1271 γὰρ
171 1236 236 1270 ήμῖν
254 1235 419 1270 ὑπεμφαίνοι
436 1236 469 1263 ἂν
488 1236 518 1262 τὸ
538 1237 574 1271 μὴ
595 1237 625 1263 ὲν
644 1237 749 1263 λεπίσιν
758 1235 826 1264 εἶναι
838 1238 884 1264 καὶ

93 1282 220 1316 φυσικοῖς
231 1281 416 1317 περιϐλήμασι
427 1282 462 1308 τὰ
482 1282 520 1317 τῷ
538 1283 612 1318 νόμῳ
624 1282 832 1318 διαϐεϐλημένα,
847 1284 884 1310 Τό

92 1335 126 1360 γε
140 1326 193 1362 μὴν
205 1326 366 1363 ἐστερῆσθαι
381 1327 428 1354 καὶ
446 1328 612 1363 πτερυγίων,
625 1328 706 1355 πάλιν
716 1328 883 1363 ὑπεμφαίνει

91 1371 124 1398 τὸ
143 1372 329 1407 ἀνεπιτήδειον
341 1373 410 1407 πρός
421 1381 453 1407 γε
466 1372 497 1399 τδ
509 1373 564 1399 δεῖν
582 1373 763 1408 ἀνανήχεσθαι
784 1374 881 1407 θέλειν,

92 1417 142 1444 καὶ
149 1417 286 1448 ἀνακύψαι
299 1417 385 1453 βραχὺ
397 1418 451 1444 τῶν
462 1419 491 1444 ἐν
502 1417 542 1449 οἷς
553 1419 606 1445 εἰσι
617 1419 791 1446 κακῶν.”Ᾱνθ
797 1428 881 1454 ρωποι

90 1463 121 1490 δὲ
132 1459 207 1490 οὗτοι
226 1463 332 1499 φθοροὶ,
346 1465 393 1491 καὶ
405 1464 621 1499 ἁπεγνωσμένοι,
635 1466 682 1492 καὶ
693 1466 810 1500 γαστρὸς
821 1466 881 1501 ήδο-

91 1511 152 1542 ναῖς
163 1510 345 1543 δουλεύοντες,
358 1511 471 1546 πορνείᾳ
483 1519 523 1542 τε,
535 1510 573 1542 ὡς
592 1510 671 1545 ἔφην,
684 1511 732 1537 καὶ
752 1512 881 1547 ἀσελγείᾳ

93 1555 248 1591 σύντροφοι,
270 1557 396 1590 μαλακοὶ,
411 1557 457 1583 καὶ
480 1556 598 1592 βέϐηλοι,
612 1557 658 1584 καὶ
676 1557 710 1584 τὰ
731 1558 798 1584 πᾶσι
820 1566 876 1584 στυ-

89 1602 165 1636 γητὰ
176 1602 231 1628 τῶν
243 1602 393 1638 θηλυδριῶν
404 1603 481 1637 γένη,
495 1603 542 1629 καὶ
554 1603 610 1630 ὅσοι
622 1603 822 1629 δυσέκπλυντον
833 1604 878 1631 τὸν

90 1649 133 1683 ἐφ’
153 1649 238 1675 ἆπασι
257 1650 314 1680 τοῖς
333 1649 456 1684 αἰσχροῖς
477 1648 568 1683 έχουσι
591 1649 696 1683 μῶμον.
715 1649 776 1675 Τῶν
792 1649 878 1681 οὕτως

89 1696 142 1731 ζῇν
153 1695 287 1722 εἰωθότων
298 1695 450 1730 ὰμετόχους
461 1695 577 1722 είσάπαν
588 1693 658 1722 εἶναι
679 1695 802 1730 βούλεται
814 1696 878 1727 τοὺς

90 1741 254 1776 σεὸομένους
274 1741 365 1773 αὐτὸν,
376 1742 422 1768 καὶ
443 1741 495 1777 μὴν
516 1742 563 1768 καὶ
587 1741 699 1777 ἐτέρων,
712 1740 752 1773 οἷς
772 1742 845 1773 ἅπας
863 1743 877 1768 ό

90 1787 148 1822 βίος
166 1788 195 1813 ἑν
216 1788 354 1823 ἁρπαγαῖς
364 1789 434 1819 ἐστι,
447 1787 494 1813 καὶ
505 1787 684 1820 πλεονεξίαις,
698 1787 745 1814 καὶ
758 1788 786 1813 ὲν
800 1787 877 1814 ἐκτό-

90 1843 152 1866 ποις
174 1834 439 1870 φιλοκερδείαις,οὒς
459 1831 488 1860 εὖ
509 1833 540 1868 δὴ
560 1833 632 1868 μάλα
653 1834 876 1869 κατασημήνειοιν

89 1881 165 1908 ἀετοὶ
186 1881 233 1907 καὶ
250 1881 367 1917 ἱέρακες,
381 1881 427 1906 καὶ
440 1879 530 1914 μέντοι
549 1880 597 1906 καὶ
616 1879 795 1913 καταράκται,
807 1878 875 1914 γρῦ-

91 1928 142 1959 πές
161 1936 191 1954 τε
209 1927 256 1954 καὶ
268 1926 365 1961 γῦπες.
380 1926 465 1952 Τύποι
485 1925 514 1952 δὲ
533 1925 633 1960 ὁμοίως
649 1925 701 1952 τῶν
713 1927 741 1952 ὲν
759 1934 876 1961 πανουρ-

88 1975 162 2009 γίαις
175 1973 259 2009 κόραξ
272 1982 302 1999 τε
316 1973 363 1999 καὶ
381 1974 414 2000 τὰ
432 1974 513 2009 ὅμοια
524 1971 607 2007 αὐτῷ.
623 1972 678 1999 Καὶ
700 1971 753 2007 μὴν
770 1972 824 1998 τῶν
846 1972 875 1998 ἐν

88 2019 228 2054 ἀμαθίαις,
240 2019 287 2044 καὶ
308 2015 364 2045 οἷον
385 2019 413 2044 ὲν
436 2018 524 2053 σκότῳ
543 2017 590 2044 καὶ
609 2017 698 2050 νυκτὶ,
711 2018 757 2043 καὶ
776 2017 807 2043 τὸ
826 2017 874 2052 τῆς

89 2065 221 2096 συνέσεως
241 2064 298 2099 φῶς
317 2064 570 2100 κατεστυγηκότων,
581 2063 652 2099 ἔποψ
662 2072 692 2090 τε
713 2064 759 2090 καὶ
777 2063 871 2098 γλαὺξ,

87 2111 135 2136 καὶ
148 2110 258 2145 προσέτι
277 2110 413 2145 νυκτερὶς,
427 2110 473 2136 καὶ
493 2110 543 2136 ὅσα
563 2110 631 2144 πρὸς
649 2109 755 2140 τούτοις
773 2109 823 2140 τὰς
844 2110 873 2135 ὲν

86 2156 166 2182 νυκτὶ
185 2156 232 2182 καὶ
251 2155 339 2191 σκότῳ
350 2157 467 2182 ποιεῖται
482 2156 606 2191 πτήσεις.
618 2156 690 2190 Γαλῆ
700 2155 728 2182 δὲ
752 2155 798 2182 καλ¹
820 2155 872 2190 μῦς

87 2202 222 2236 γράφουσί
243 2210 301 2233 πως
313 2202 355 2236 ἐφ’
369 2202 475 2233 ἑαυτοῖς
492 2202 526 2228 τὰ
541 2201 615 2228 δειλά
628 2202 675 2228 καὶ
685 2202 813 2237 ἄνανδρα,
825 2201 872 2228 καὶ

938 963 1028 990 omnia
1045 964 1115 991 nude
1128 965 1320 998 propemodum
1348 974 1379 992 ac
1393 967 1452 993 sine
1470 973 1545 994 veste
1564 968 1652 996 facere
1675 977 1720 996 sc.-

938 1008 1002 1034 lent.
1018 1009 1088 1036 lslud
1113 1009 1186 1036 enim
1214 1011 1291 1037 nobis
1315 1012 1434 1044 indicat,
1454 1013 1574 1046 squamis
1596 1019 1624 1041 et
1644 1020 1722 1042 natu-

936 1053 1095 1079 raliamictu
1114 1061 1144 1081 ea
1163 1054 1282 1086 destitui,
1297 1063 1357 1089 qum
1376 1064 1389 1082 a
1417 1057 1473 1092 lege
1491 1058 1618 1085 damnata
1645 1063 1720 1086 sunt.

935 1096 1057 1125 Piunulis
1071 1103 1160 1126 autem
1175 1107 1278 1132 carere,
1296 1108 1389 1128 rursus
1409 1102 1553 1136 signiﬁcat.
1573 1108 1650 1137 aptos
1665 1113 1719 1132 non

935 1151 995 1171 esse
1007 1145 1039 1171 ad
1050 1145 1214 1172 enatandum
1233 1151 1260 1172 et
1275 1146 1472 1180 aliquantulum
1498 1150 1689 1183 emergendum
1704 1159 1719 1176 e

935 1189 1023 1223 malis,
1038 1190 1171 1225 inquibus
1184 1195 1257 1218 sunt.
1276 1191 1307 1219 Hi
1322 1198 1411 1219 autem
1436 1199 1497 1220 sunt
1515 1195 1640 1222 homines
1658 1204 1719 1222 cor—

934 1236 1016 1269 rupti,
1034 1243 1066 1262 ac
1098 1236 1242 1271 desperati,
1269 1242 1297 1264 et
1322 1239 1424 1266 ventris
1455 1240 1639 1274 voluptatibus
1659 1250 1718 1268 scr-

934 1281 1047 1314 vientes,
1065 1282 1246 1316 etadulterio,
1268 1284 1305 1310 uti
1327 1284 1393 1317 dixi,
1410 1290 1438 1312 et
1460 1286 1576 1314 lascivia:
1605 1289 1717 1319 assueti,

933 1326 1027 1354 molles
1044 1327 1191 1362 etimpuri,
1207 1333 1234 1355 et
1255 1330 1359 1356 cunctis
1387 1331 1472 1358 invisa
1503 1331 1716 1360 cll‘eminatormn

932 1372 1017 1403 natio,
1033 1377 1061 1399 et
1081 1377 1213 1407 quotquot
1241 1375 1419 1404 obscenitatis
1434 1379 1524 1405 omnis
1545 1379 1716 1406 indelebilem

933 1419 958 1444 in
977 1426 1007 1445 se
1020 1423 1111 1445 notam
1128 1420 1236 1447 habent.
1250 1421 1291 1448 Ab
1307 1421 1458 1449 istiusmodi
1485 1423 1638 1451 hominibus
1652 1433 1717 1451 suos

931 1462 1049 1491 cultores
1060 1464 1197 1492 abstinere
1209 1465 1262 1492 vult
1283 1474 1409 1500 prorsus;
1426 1473 1453 1494 et
1466 1469 1500 1495 ab
1522 1468 1582 1495 aliis
1594 1470 1713 1503 insuper,

930 1510 1028 1544 quibus
1044 1510 1097 1536 vita
1110 1512 1198 1537 omnis
1208 1516 1249 1538 est
1269 1512 1294 1538 in
1312 1513 1422 1546 rapinis,
1442 1519 1468 1540 et
1481 1515 1605 1546 avaritia,
1620 1519 1647 1541 et
1662 1515 1714 1541 im-

931 1556 1002 1582 mani
1021 1560 1141 1590 quzestus
1154 1557 1255 1590 studio,
1272 1564 1339 1591 quos
1363 1558 1462 1593 aquila:
1488 1565 1560 1587 recte
1575 1560 1713 1595 signiﬁca-

929 1601 1027 1632 verint,
1056 1606 1083 1629 et
1105 1602 1255 1636 accipitres,
1280 1608 1308 1629 et
1343 1604 1467 1638 merguli,
1485 1608 1510 1631 et
1542 1606 1668 1639 gryphas,
1687 1610 1713 1632 et

928 1647 1061 1674 vultures.
1085 1647 1247 1682 Vcrsipelles
1286 1650 1410 1677 similiter
1443 1657 1540 1678 corvus
1568 1651 1713 1685 designat,

928 1693 1035 1727 aliaque
1050 1701 1132 1719 corvo
1149 1694 1258 1720 similia.
1274 1694 1399 1722 lndoctos
1412 1703 1493 1729 porro
1508 1700 1534 1723 et
1545 1701 1623 1723 nocte
1646 1705 1713 1732 quo-

927 1739 1070 1766 dammodo
1082 1747 1114 1766 ac
1127 1739 1245 1766 tenebris
1262 1739 1375 1772 oll'usos,
1401 1741 1501 1775 quique
1528 1741 1712 1777 intelligentia:

927 1785 1012 1812 lucem
1024 1786 1147 1817 oderunt,
1172 1793 1258 1820 upupa
1286 1791 1312 1812 et
1336 1791 1443 1820 noctua,
1457 1787 1576 1822 adeoque
1603 1796 1712 1823 vesper-

927 1831 996 1863 tilio,
1014 1835 1041 1858 et
1054 1839 1222 1866 quascunque
1238 1838 1367 1865 praeterea
1386 1838 1466 1860 noctu
1491 1839 1518 1860 et
1542 1834 1567 1860 in
1594 1835 1712 1861 tenebris

926 1877 1049 1906 volitant.
1071 1876 1181 1904 Mustela
1208 1885 1281 1909 vero,
1304 1882 1332 1904 et
1366 1886 1436 1910 mus,
1459 1878 1593 1906 latronum
1625 1887 1710 1914 genus

930 1923 1092 1950 adumbrant
1110 1923 1233 1949 timidum
1249 1928 1275 1949 et
1294 1924 1413 1955 imbelle,
1427 1925 1509 1958 quod,
1522 1924 1652 1959 quidquid
1669 1925 1710 1951 in-

925 1968 1070 2002 crepuerit,
1096 1968 1273 2002 pertimescit.
1309 1968 1429 2003 Denique
1470 1968 1569 1996 nullius
1611 1970 1708 2003 negotii

924 2015 1006 2042 fuerit
1026 2013 1171 2048 unicuique
1189 2021 1282 2041 eorum
1303 2021 1363 2049 qua:
1387 2015 1456 2042 dicta
1475 2020 1548 2047 sunt,
1572 2023 1652 2042 veras
1675 2023 1708 2042 ac

924 2060 1092 2088 necessarias
1107 2067 1154 2094 per
1177 2060 1261 2095 legem
1282 2061 1402 2088 rationes
1424 2061 1638 2088 accommodare.
1651 2060 1705 2088 Lex

923 2113 1014 2135 autem
1028 2106 1158 2142 spiritalis
1178 2111 1230 2140 est,
1244 2114 1333 2142 neque
1349 2114 1477 2134 sensuum
1498 2107 1706 2141 explicationem

923 2153 1006 2186 sistit,
1024 2153 1111 2180 donec
1135 2153 1256 2187 attigerit
1277 2152 1393 2181 notiora.
1417 2152 1483 2179 Cum
1513 2160 1578 2188 ergo
1599 2153 1706 2181 divinus

922 2199 1018 2227 Petrus
1028 2199 1183 2227 Judzeorum
1199 2198 1267 2226 ritus
1281 2199 1368 2226 adhuc
1390 2204 1553 2230 sectaretur,
1562 2204 1589 2226 et
1602 2200 1634 2226 ad
1647 2206 1705 2226 me-

86 2246 197 2281 ψοφώδη
216 2246 271 2273 τῶν
290 2246 415 2273 κλεπτῶν
433 2247 515 2282 γένη·
531 2246 578 2273 καὶ
589 2246 754 2278 ἁπαξαπλῶς
765 2246 868 2281 ἑκάστῳ

934 2246 988 2272 iora
1003 2252 1115 2280 pergere
1138 2249 1320 2277 cunctaretur,
1349 2244 1476 2279 quoniam
1507 2245 1578 2280 typis
1599 2245 1704 2279 impen-

86 2293 141 2319 τῶν
170 2293 373 2328 ὠνομασμένων
393 2293 438 2320 διὰ
468 2292 517 2319 τοῦ
544 2292 627 2327 νόμον
652 2292 769 2327 χαλεπὸν
796 2292 870 2319 οὐδὲν

86 2338 240 2373 ἐφαρμόσαι
259 2338 354 2372 λόγους
368 2338 477 2372 ἀληθεῖς
496 2346 524 2363 τε
540 2338 586 2364 καὶ
598 2337 774 2371 ἀναγκαίους.
789 2338 871 2364 Πνευ-

88 2383 201 2417 ματικὸς
212 2383 240 2409 δὲ
252 2384 266 2409 ὁ
283 2383 374 2418 νόμος,
385 2384 432 2409 καὶ
446 2383 476 2408 οὐ
497 2383 576 2417 μέχρι
588 2383 642 2409 τῶν
662 2382 871 2418 ἐμφανεστέρων

87 2427 162 2459 ἱστὰς
185 2427 238 2455 τῶν
259 2427 368 2454 ἐννοιῶν
396 2427 446 2462 τὴν
472 2427 610 2454 ἀπόδοσιν.
624 2428 685 2454 Ἔτι
712 2429 801 2454 τοίνυν
823 2427 869 2454 τοῦ

85 2472 227 2499 θεσπεσίου
247 2472 352 2507 Πέτρου
372 2474 428 2505 τοῖς
447 2472 580 2500 Ἰουδαίων
605 2473 693 2499 ἔθεσιν
713 2473 864 2508 ἐμφιλοχω-

86 2519 140 2551 ρεῖν
153 2517 300 2551 ἐθέλοντος,
313 2519 359 2545 καὶ
373 2516 428 2546 οἷον
443 2518 584 2551 ὀκνοῦντος
598 2519 665 2546 ἱέναι
683 2520 751 2554 πρὸς
761 2520 794 2546 τὰ
808 2519 867 2554 βελ-

84 2564 141 2595 τίω,
154 2564 200 2590 διά
212 2572 253 2590 τοι
264 2564 294 2590 τὸ
307 2564 438 2598 ἡττᾶσθαι
450 2565 543 2596 δεινῶς
553 2566 586 2599 τῇ
600 2565 664 2600 περὶ
682 2565 745 2596 τοὺς
765 2565 866 2597 τύπους

84 2610 159 2641 αἰδοῖ,
171 2609 282 2644 καθίησι
297 2610 342 2645 τὴν
355 2609 451 2645 ὀθόνην
463 2610 491 2643 ἐξ
502 2609 618 2645 οὐρανοῦ
633 2610 698 2642 Θεὺς
710 2611 866 2646 ἐγγεγραμ-

86 2656 174 2689 μένων
193 2655 261 2690 αὐτῇ
281 2655 334 2682 τῶν
352 2656 429 2688 ζώων
443 2676 451 2688 ,
471 2656 489 2682 ἂ
513 2658 573 2688 ταῖς
592 2656 638 2683 τοῦ
658 2657 740 2692 νόμου
767 2657 866 2693 ψήφοις

83 2701 287 2736 αἰνιγματωδῶς
317 2701 386 2736 μὲν,
416 2702 453 2734 ὡς
482 2702 549 2737 ἐφη-λ
565 2722 572 2735 ,
603 2703 671 2738 πλὴν
699 2703 737 2735 ὡς
766 2704 866 2738 βέϐηλοι

85 2747 272 2782 κατεκρίνετο·
300 2748 347 2774 καὶ
369 2749 400 2783 δὴ
430 2749 557 2783 σφάττειν
573 2749 692 2781 ἐκέλευε,
716 2750 763 2776 καὶ
787 2750 866 2785 εἴπερ

82 2792 166 2819 ἕλοιτο
194 2794 328 2820 ποιεῖσθαι
344 2795 456 2830 τροφήν.
478 2796 617 2828 ’Δλύοντος
632 2796 660 2822 δὲ
673 2796 719 2822 καὶ
735 2796 806 2823 οὕτω
817 2797 864 2823 τοῦ

117 2871 137 2886 ¹¹
153 2870 250 2898 Matth.
269 2879 293 2904 v,
313 2871 351 2898 l9.
390 2873 411 2889 ε’
423 2873 483 2901 Act.
500 2882 527 2907 x,
545 2874 583 2901 Η.
623 2875 644 2891 ⁸³
659 2875 722 2903 ibid.
739 2875 780 2903 l5.

919 2292 976 2318 sius
987 2296 1045 2318 erat
1056 2291 1189 2324 addictus,
1205 2291 1316 2318 linteum
1337 2291 1443 2318 caelitus
1455 2291 1563 2318 demisit
1582 2291 1662 2323 Deus,
1677 2292 1704 2319 in

919 2345 972 2372 quo
984 2337 1087 2371 depicta
1103 2341 1181 2364 erant
1192 2337 1330 2369 animalia,
1350 2344 1410 2371 quae
1423 2337 1489 2371 legis
1509 2337 1625 2364 decretis
1639 2338 1704 2365 teni-

919 2384 1034 2418 gmatice
1044 2384 1163 2418 quidem,
1177 2384 1214 2409 uti
1227 2383 1293 2415 dixi,
1312 2388 1496 2410 verumtamen
1522 2383 1626 2416 impura
1640 2392 1703 2410 cen-

919 2430 1047 2457 sebantur
1058 2438 1065 2462 ;
1078 2429 1160 2464 319
1175 2437 1206 2456 ea
1218 2429 1299 2463 jussit
1315 2429 1447 2462 occidere,
1469 2433 1496 2456 et
1509 2430 1580 2457 vesci
1600 2430 1640 2457 eis
1652 2451 1659 2462 ,
1679 2431 1701 2456 si

919 2475 1010 2503 vellet.
1027 2475 1197 2503 Abhorrente
1211 2480 1301 2502 autem
1318 2475 1459 2510 discipulo,
1480 2479 1504 2501 et
1518 2475 1629 2502 Judaice
1641 2483 1703 2510 pro-

919 2520 988 2547 lecto
1008 2520 1171 2547 reclamante
1189 2520 1230 2547 bis
1243 2519 1352 2547 verbis:
1371 2529 1379 2546 ι
1398 2520 1483 2552 Absit,
1501 2519 1622 2552 Domine,
1639 2521 1701 2555 quia

918 2574 1053 2601 nunquam
1077 2566 1235 2593 manducavi
1261 2574 1340 2593 omne
1363 2573 1505 2593 commune
1532 2569 1559 2593 et
1586 2566 1702 2592 immun-

917 2613 991 2645 dum,
1011 2619 1098 2647 neque
1115 2612 1234 2647 ingressa
1257 2616 1297 2639 est
1319 2612 1345 2639 in
1367 2619 1397 2639 os
1421 2619 1508 2638 meum
1530 2611 1618 2646 aliqua
1637 2619 1700 2638 caro

915 2659 1052 2685 immunda
1064 2658 1105 2691 ⁸¹;
1125 2667 1134 2683 ν
1150 2666 1200 2685 vox
1219 2658 1322 2685 Domini
1343 2657 1447 2685 reddita
1461 2663 1513 2690 est,
1530 2662 1632 2684 tantum
1647 2665 1700 2684 non

916 2705 1072 2738 increpante
1086 2709 1113 2731 et
1135 2703 1161 2730 ei
1177 2703 1249 2731 clare
1270 2703 1395 2738 loquente
1414 2703 1467 2730 Deo
1483 2711 1490 2729 :
1510 2712 1519 2728 ι
1535 2703 1599 2736 Qua:
1625 2703 1696 2729 Dens

914 2749 1062 2782 mandavit,
1082 2754 1109 2776 tu
1131 2757 1163 2776 uc
1185 2751 1338 2777 communia
1356 2749 1457 2777 dixeris
1469 2749 1502 2775 ⁸⁸.
1522 2758 1531 2774 ›
1555 2749 1622 2775 Tum
1643 2752 1699 2774 sta-

915 2799 960 2825 tim
984 2797 1114 2825 intellexit
1139 2797 1278 2825 advenisse
1303 2801 1416 2831 tempus,
1435 2803 1486 2829 quo
1507 2795 1540 2822 ad
1558 2795 1698 2821 veritatem
