1894 3056
84 147 149 175 995

663 145 802 174 CONTRA
819 146 995 175 .IULIANUM
1014 146 1078 174 ΜΒ.
1099 145 1142 173 IX.

1675 148 1728 175 θοι

86 205 255 242 προσθεῖναι
282 205 338 236 τοῖς
357 203 560 240 γεγραμμένοις
581 205 610 230 ὲν
624 204 663 240 τῷ
688 205 762 241 νόμῳ
789 207 885 242 μικρὸν

942 211 1028 233 manet
1046 206 1072 232 in
1089 205 1215 232 omnibus
1227 205 1261 231 ⁵⁵.
1282 213 1291 230 ι
1307 203 1360 232 Vos
1375 209 1464 232 autem
1481 204 1624 233 detrahere
1639 211 1666 233 et
1680 208 1728 234 ad-

85 252 240 286 ὲνομίσατε
252 260 259 266 ”
274 251 304 278 τὺ
320 251 348 278 δὲ
363 250 520 286 παραϐῆναι
534 250 644 283 τελείως
661 252 750 283 αὑτὸν,
765 253 885 288 ἀνδρειό-

84 305 176 332 τερον
191 297 229 332 τῷ
243 298 334 330 παντὶ,
355 298 402 324 καὶ
420 297 680 335 μεγαλοψυχότερον,
693 300 723 326 οὐ
739 300 807 336 πρὸς
822 300 886 336 ἁλή-

87 342 184 375 θειαν,
201 343 259 370 ἀλλ’
274 344 313 374 είς
328 342 358 370 τὺ
371 344 437 370 πᾶσι
455 342 569 370 πιθανὸν
584 343 737 379 βλέποντες.

396 455 583 484 ΚΥΡΙΛΛΟΣ.

138 522 223 558 ᾮήθη
242 521 290 558 μὲν
303 518 358 554 οὖν,
375 521 413 554 ὼς
428 521 506 558 ἔφην,
522 524 597 559 ἡμᾶς
612 523 700 550 καίτοι
721 523 887 560 πρεσϐεύον-

89 575 148 600 τας
162 568 265 603 τάληθῆ
283 568 454 603 βατταρίζειν
466 569 527 603 εἰκῆ
540 576 548 584 ⁸
565 569 581 604 ἦ
603 570 673 605 τάχα
687 578 738 596 που
754 571 801 596 καὶ
817 579 886 597 παν-

89 615 210 650 οὑργοις
223 614 372 650 κεχρῆσθαι
385 614 591 650 κομψοεπείαις,
610 617 660 642 οὑκ
674 617 749 648 δντος
764 625 886 652 πνευμα-

90 660 177 686 τικοῦ
192 660 239 687 τοῦ
259 660 342 696 νόμου
354 667 360 675 ·
385 661 531 696 πειρᾶσθαι
551 660 579 687 δὲ
603 662 732 698 μεθιστᾷν
748 663 789 697 ἐφ’
806 663 888 698 ἕτερα

91 706 154 733 τῶν
177 708 206 733 ὲν
226 706 299 742 αὐτῷ
322 707 524 742 γεγραμμένων
544 707 590 734 τὸν
610 708 682 740 νοῦν,
707 708 749 735 ἵνα
768 709 817 743 τὴν
841 709 887 735 ἐπὶ

92 753 160 784 ταῖς
177 753 364 789 παραϐάσεσιν
381 753 635 789 ἀποσκευασώμεθα
649 755 758 790 γραφήν
769 763 775 768 ·
791 755 847 790 ἔχει
859 755 886 781 δὲ

92 799 149 834 οὐχ
164 795 215 825 ὦδε
238 798 268 825 τὸ
284 799 378 834 χρῆμά
397 800 489 826 ποθεν.
513 801 551 826 Οὐ
568 801 622 836 γάρ
643 809 683 826 τοι
697 801 795 836 χρῆναι
819 801 887 836 πρὸς

93 843 179 879 ήμῶν
195 843 240 870 τὸν
254 842 325 869 θεῖον
343 844 460 871 είσάπαν
475 845 631 872 διωθεῖσθαι
644 846 736 880 νόμον,
756 846 793 877 ὡς
810 845 887 872 οὐδὲν

936 252 1000 279 dere
1012 252 1055 284 iis,
1071 258 1132 285 qua:
1153 251 1253 285 scripta
1272 255 1334 278 sunt
1354 251 1380 276 in
1406 250 1476 285 lege,
1492 258 1586 285 parum
1599 259 1660 278 esse
1676 261 1727 286 pn—

936 298 1030 330 lastis;
1049 299 1096 325 sed
1117 304 1177 324 eam
1196 297 1304 324 demum
1335 296 1501 331 transgredi,
1517 305 1677 331 generosum
1700 299 1726 325 in

936 344 1030 379 primis
1051 349 1078 370 et
1100 342 1320 377 magnanimum;
1340 350 1507 377 nequaquam
1533 344 1566 370 ad
1586 344 1727 371 veritatem

936 389 1121 424 rcSpicicnlcs,
1139 388 1186 416 sed
1198 388 1231 415 ad
1246 388 1271 415 id
1285 389 1356 422 quod
1369 388 1447 423 vulgo
1463 388 1601 423 probetur.

1242 455 1427 484 CYRILLUS.

972 520 1064 555 Itaque
1077 521 1223 548 arbitratus
1239 527 1298 553 est,
1315 522 1353 548 uti
1374 522 1450 554 dixi,
1469 529 1518 549 nos
1530 523 1629 549 frustra
1650 531 1727 550 men-

937 566 993 598 tiri,
1009 567 1115 594 tametsi
1134 574 1195 594 vera
1214 567 1359 601 loquimur,
1376 571 1423 594 aut
1445 566 1513 594 forte
1527 568 1632 594 callidis
1643 569 1724 595 etiam

938 612 1049 646 argutiis
1066 613 1116 643 uti,
1130 619 1192 640 cum
1215 613 1256 639 lex
1280 613 1411 647 spiritalis
1433 621 1484 640 non
1502 614 1546 646 sit,
1562 621 1726 649 setisnmqn-a

938 657 1084 693 Scriptura:
1100 658 1151 685 alio
1166 659 1312 686 transferre
1326 662 1431 691 conari,
1453 664 1482 686 ut
1502 661 1726 695 transgressioriis

937 704 1042 738 culpam
1059 712 1073 730 a
1091 705 1167 731 nobis
1184 705 1359 739 depellamus.
1383 705 1435 733 Sed
1457 714 1508 733 non
1525 706 1560 733 ita
1576 714 1605 733 se
1622 715 1664 733 res
1679 707 1727 734 ha-

938 750 999 782 bet,
1017 750 1090 777 nnllo
1115 750 1203 777 modo.
1224 750 1283 778 Non
1299 751 1369 779 enim
1389 752 1485 779 stolide
1500 752 1624 785 dicimus,
1640 753 1725 787 legem

938 795 1056 822 divinam
1085 803 1195 830 prorsus
1220 804 1234 823 a
1250 797 1328 824 nobis
1348 804 1409 824 esse
1437 798 1626 832 repellendam,
1649 799 1725 833 quasi

938 841 1004 868 nihil
1022 841 1048 868 in
1069 849 1099 869 se
1121 842 1245 869 utilitatis
1270 842 1385 875 haheat;
1413 844 1460 870 sed
1484 844 1621 871 veteribus
1636 843 1726 878 prodi-

95 889 197 924 ἔχοντα
221 888 251 915 τὸ
269 888 363 915 τελοῦν
385 889 425 921 εἰς
447 890 550 925 ὕνησιν,
572 889 763 921 ἁσυνετοῦντες
785 898 885 924 φαμεν,

942 891 994 914 tam
1010 888 1107 921 potius.
1124 893 1151 914 nl
1167 895 1213 915 eos
1235 888 1337 916 Christi
1363 889 1522 923 mysterium
1544 889 1678 921 edoceret,
1699 893 1727 915 (-t

95 935 360 971 προεισκεκομίσθαι
377 935 405 962 δὲ
422 936 520 971 μᾶλλον
537 936 665 971 ἐσόμενον
683 937 738 968 τοῖς
750 935 888 972 ἀρχαιοτέ-

98 989 160 1015 ροις
174 980 347 1014 παιδαγωγὸν
360 981 406 1007 ἐπὶ
418 981 449 1006 τὸ
464 981 510 1007 τοῦ
525 980 644 1016 Χριστοῦ
660 981 819 1016 μυστήριον,
840 980 887 1007 καὶ

96 1026 133 1053 δι’
159 1027 327 1060 αἰνιγμάτων
357 1026 449 1058 αὐτοῖς
472 1027 653 1060 ὑποφαίνοντα
679 1027 728 1062 τὴν
749 1026 886 1062 ἀλήθειαν.

97 1071 180 1098 Οὕτω
203 1072 256 1107 γὰρ
281 1070 349 1098 εἶναι
375 1071 549 1108 διοριζόμεθα
573 1072 709 1107 πλήρωμα
737 1071 819 1105 νόμου
841 1070 888 1096 καὶ

98 1117 248 1152 προφητῶν
266 1117 311 1144 τὸν
338 1117 466 1153 Χριστὸν,
496 1118 543 1143 καὶ
571 1117 643 1152 μάλα
664 1117 768 1152 ὀρθῶς·
792 1116 808 1151 ἢ
834 1117 887 1150 γὰρ

98 1162 161 1197 οὐχὶ
181 1162 279 1194 παντὸς
296 1162 455 1198 αἰνίγματος
470 1162 591 1196 ἀσαφοῦς
614 1161 694 1188 νοοῖτ¹
719 1161 751 1188 ἂν
775 1160 888 1192 εἰκότως

99 1209 239 1243 πλήρωμα
259 1209 390 1244 ὑπάρχειν
411 1208 442 1235 τὸ
463 1209 578 1244 ἀληθὲςς
600 1209 695 1235 Καίτοι
715 1208 773 1239 πῶς
797 1208 831 1234 ἂν
844 1208 888 1233 ὲν-

98 1257 217 1283 δοιάσειέ
232 1265 290 1290 τις;
307 1256 412 1283 Οὐκοῦν
425 1256 475 1282 οὐκ
492 1256 631 1291 ἀναίρεσιν
643 1256 697 1283 τῶν
709 1255 752 1282 διὰ
768 1255 888 1287 Μωσέως

101 1304 221 1330 ποιεῖται
235 1302 324 1338 νόμων
343 1304 359 1337 ὴ
373 1303 440 1337 πρὸς
463 1310 494 1336 γε
506 1301 537 1328 τὸ
555 1301 656 1337 ἀληθὲς
669 1301 722 1329 τῶν
746 1302 775 1327 ἐν
800 1303 888 1333 σκιαῖς

101 1349 308 1384 μεταφοῑτησις,
333 1348 391 1375 ἀλλ’
413 1347 614 1383 ὲκφανεστέραν
634 1347 717 1374 αὑτοῦ
742 1347 888 1383 καθίστησι

100 1395 152 1429 τὴν
169 1394 298 1421 διάνοιαν.
313 1393 406 1425 Οὕτως
422 1393 530 1420 αίώνιον
554 1393 710 1428 ὠνομάσθαι
732 1393 824 1428 φαμὲν
843 1393 888 1419 τὸν

101 1442 183 1478 νόμον
193 1449 199 1456 ·
215 1441 352 1468 πέπαυται
363 1441 417 1476 γὰρ
432 1440 532 1475 ἥκιστά
544 1448 586 1474 γε,
599 1440 667 1476 πρὸς
676 1439 755 1474 ἡμῶν
769 1438 888 1476 πληρού-

103 1495 183 1524 μενος
203 1487 275 1514 κατά
295 1495 327 1521 γε
349 1487 399 1518 τῆς
419 1487 517 1522 νοητῆς
539 1486 664 1521 λατρείας
680 1486 742 1517 τοὺς
762 1486 888 1520 τρόπους.

108 1533 233 1568 Ἀφίκται
249 1533 303 1569 γὰρ
323 1533 337 1559 ό
352 1533 483 1569 Χριστὸς,
498 1533 528 1559 οὺ
550 1531 711 1559 καταλύσων
731 1531 778 1558 τὸν
796 1531 887 1567 νόμον,

102 1578 119 1613 ἢ
143 1578 207 1609 τοὺς
231 1577 391 1612 προφήτας,
411 1576 602 1611 ἀποπεραίνων
625 1577 653 1603 δὲ
677 1576 794 1612 μᾶλλον,
819 1576 891 1604 καθά

102 1631 186 1658 φησιν
202 1623 293 1654 αὐτός.
315 1623 371 1650 Καὶ
385 1622 428 1650 ἵνα
442 1622 487 1649 τὸν
501 1624 530 1649 ὲν
546 1623 624 1658 χερσὶ
641 1622 689 1649 καὶ
710 1622 891 1658 παροισθέντα

103 1669 169 1704 παρ’
196 1667 278 1695 αὐτοῦ
304 1667 502 1703 διερμηνεύσας
522 1668 613 1703 νόμον,
644 1668 824 1703 σαφεστέραν,
854 1668 891 1699 ὡς

103 1714 183 1749 ἔφην,
200 1714 355 1749 ποιήσωμαι
366 1713 415 1748 τὴν
431 1713 577 1745 ἀπόδειξιν,
590 1714 745 1748 ἀναγκαίως
757 1713 825 1748 ἐρῶ·
840 1714 890 1740 Γέ-

103 1769 224 1795 γραπται
237 1759 328 1787 τοίνυν
338 1760 460 1795 περὶτῆς
474 1759 528 1786 τῶν
541 1759 664 1795 ἀζύμωνο
680 1769 689 1786 ι
711 1760 767 1787 Καὶ
780 1760 856 1787 ἔσται
873 1761 890 1796 ή

103 1806 195 1841 ἡμέρα
212 1805 281 1841 αὕτη
299 1805 363 1841 ὑμῖν
379 1805 560 1841 μνημόσυνον·
579 1806 626 1832 καὶ
643 1806 790 1840 ἐορτάσατε
806 1805 890 1840 αὐτὴν

104 1851 200 1886 ἑορτὴν
212 1850 305 1886 Κυρίῳ
320 1851 360 1881 εἰς
375 1849 424 1881 τὰς
439 1850 535 1884 γενεὰς
548 1849 634 1885 ὑμῶν·
652 1849 767 1885 νόμιμον
782 1850 890 1876 αἰώνιον

103 1896 250 1931 ἕορτάσατε
265 1896 359 1931 αὑτήν.
376 1895 463 1922 Ἑπτὰ
474 1895 580 1931 ἡμέρας
592 1895 685 1930 ἄζυμα
697 1895 799 1922 ἐδεσθε.
813 1905 822 1921 ι
835 1896 889 1922 Καὶ

102 1941 182 1968 ταυτὶ
200 1942 248 1976 μὲν
261 1941 306 1968 διὰ
319 1941 439 1973 Μωσέως
457 1941 629 1975 ἑθεσμοθέτει
648 1941 724 1974 Θεός.
744 1942 794 1969 Διὰ
813 1942 841 1968 δέ
857 1951 889 1977 γε

104 1987 195 2022 φωνῆς
216 1987 326 2014 Ἡσαΐου
346 1987 403 2019 τοῖς
419 1986 449 2019 ὲε
467 1987 583 2022 αἳματος
602 1987 710 2023 Ἰσραὴλ
736 1988 888 2022 διαλέγεται

104 2033 152 2060 καί
164 2042 199 2069 φη
206 2041 246 2060 τιν
254 2041 260 2048 ·
281 2042 290 2059 ι
302 2033 359 2064 Τὰς
368 2033 524 2068 Νεομηνίας
536 2033 623 2068 ὑμῶν,
638 2033 674 2060 τὰ
686 2034 823 2066 Σάϐὃατα,
841 2035 889 2061 καὶ

103 2079 154 2111 τὰς
175 2078 271 2114 ἑορτὰς
300 2079 392 2114 ὑμῶν,
414 2079 488 2113 μισεῖ
506 2079 522 2114 ἡ
544 2079 617 2114 ψυχή
635 2087 696 2115 μου.
726 2080 888 2116 Ἐγενήθητέ

107 2133 151 2160 μοι
167 2125 206 2156 είς
223 2124 392 2160 πλησμονήν,
405 2133 414 2150 ι
433 2122 500 2151 Εἶτα
515 2125 584 2157 πῶς,
602 2126 663 2152 εἰπέ
682 2135 737 2161 μοι,
754 2126 889 2162 διηνεκεῖς

105 2171 152 2198 καὶ
161 2171 365 2207 ἀχαταλήκτους
373 2171 422 2203 τὰς
433 2171 472 2206 τῷ
481 2171 540 2207 Θεῷ
549 2173 789 2208 κατεστυγημένας
800 2174 888 2210 ὑπάρ-

938 940 986 967 per
1002 933 1100 968 iignras
1113 934 1254 960 veritatem
1269 933 1308 960 eis
1329 934 1493 961 ostenderet.
1518 933 1563 961 Sic
1583 934 1653 960 enim
1670 938 1726 960 sta—

939 979 1050 1012 luimus,
1071 979 1207 1007 Christum
1231 980 1423 1014 plenitudinem
1446 987 1507 1006 esse
1529 979 1595 1013 legis
1611 988 1643 1006 ac
1665 987 1727 1014 pro-

938 1027 1099 1061 phetarum;
1118 1028 1210 1062 utique
1227 1033 1310 1054 recte.
1340 1028 1436 1054 Annon
1458 1027 1528 1054 enim
1547 1027 1655 1055 obscuri
1679 1035 1727 1054 cu-

935 1073 1021 1108 jusvis
1033 1073 1184 1109 muigmatis
1200 1073 1337 1108 plenitudo
1350 1082 1411 1102 esse
1422 1074 1523 1101 veritas
1539 1073 1704 1108 intclligeltll‘
1716 1075 1729 1101 ’ἶ

939 1119 1056 1146 llnccine
1068 1119 1138 1145 cnim
1159 1119 1269 1146 dubium
1286 1119 1332 1146 ulli
1347 1127 1407 1146 csse
1417 1120 1528 1154 potest?
1551 1120 1643 1156 Itaque
1654 1121 1728 1155 quod

939 1173 981 1193 res
998 1165 1166 1192 adumbratae
1188 1166 1221 1192 ad
1253 1165 1393 1192 veritatem
1420 1166 1608 1198 traducantur.
1626 1166 1726 1194 Mosai-

938 1219 986 1239 cas
1000 1211 1071 1246 leges
1086 1219 1139 1238 non
1155 1211 1232 1243 tollit,
1253 1212 1300 1238 sed
1313 1212 1395 1246 ipsius
1407 1212 1473 1247 legis
1486 1213 1652 1240 intellectum
1665 1214 1726 1241 reti—

939 1257 978 1284 dit
992 1257 1144 1284 clariorcm.
1161 1257 1199 1284 lla
1219 1257 1304 1292 legem
1319 1262 1449 1285 aeternam
1468 1265 1648 1294 nuncupatam
1665 1267 1725 1287 esse

939 1302 1064 1330 dicimus.
1073 1302 1130 1329 Non
1143 1303 1215 1329 enim
1227 1302 1353 1333 cessavit,
1364 1309 1424 1328 cum
1442 1310 1456 1328 a
1469 1303 1546 1330 nobis
1555 1304 1660 1330 ratione
1670 1304 1725 1338 spi-

940 1348 1026 1376 ritalis
1038 1348 1125 1375 cultus
1138 1348 1290 1382 impleatur.
1301 1346 1379 1374 Venit
1390 1348 1461 1374 enim
1471 1348 1604 1382 Christus,
1614 1357 1666 1376 non
1679 1356 1725 1376 so-

940 1393 1043 1420 luturus
1060 1393 1144 1428 legem
1161 1399 1209 1420 aut
1223 1394 1382 1428 prophetas,
1396 1394 1442 1421 sed
1457 1398 1484 1420 ut
1498 1401 1528 1421 ea
1543 1395 1642 1429 potius,
1655 1395 1726 1423 sicut

938 1439 1017 1474 321
1044 1439 1101 1474 ipse
1127 1439 1165 1466 ait
1188 1439 1227 1470 '°,
1246 1440 1399 1473 perliceret.
1427 1439 1515 1474 Atque
1538 1444 1567 1467 ut
1591 1441 1726 1475 explicata

939 1486 1008 1519 lt-ge,
1022 1492 1081 1519 qua:
1098 1485 1123 1511 in
1138 1485 1261 1512 manibus
1275 1486 1351 1512 nobis
1362 1490 1414 1518 est,
1429 1490 1457 1512 et
1471 1493 1553 1520 quam
1571 1486 1629 1520 ipse
1648 1486 1720 1518 tulit,

941 1537 1009 1563 rem,
1029 1530 1066 1557 uti
1082 1530 1149 1562 dixi,
1166 1530 1267 1558 clarius
1281 1531 1477 1564 demonstrem,
1494 1531 1650 1559 necessario
1667 1533 1726 1560 haec

943 1575 1064 1602 addenda
1087 1580 1149 1603 sunt
1166 1584 1173 1602 :
1190 1576 1326 1611 Scriptum
1352 1581 1394 1604 est
1423 1576 1457 1604 de
1480 1576 1523 1603 die
1548 1584 1725 1611 azymorum:

945 1630 954 1646 ι
973 1622 1005 1648 Ει
1028 1622 1080 1649 erit
1105 1622 1163 1649 dies
1186 1622 1230 1649 hic
1251 1623 1328 1650 vobis
1344 1622 1524 1650 mcmoriale:
1541 1627 1570 1650 et
1585 1623 1725 1651 celebrate

941 1675 1003 1695 eum
1018 1668 1116 1696 festum
1130 1668 1243 1695 Domino
1258 1669 1284 1695 in
1300 1669 1492 1704 generationes
1509 1673 1614 1697 vestras
1631 1678 1639 1697 :
1657 1669 1726 1705 legi-

943 1715 1037 1742 timum
1064 1715 1260 1750 sempiternum
1283 1715 1420 1742 celebrate
1442 1722 1515 1742 eum.
1533 1715 1643 1750 Septem
1666 1716 1725 1743 dies

941 1768 1036 1796 azyma
1059 1761 1207 1788 comedetis
1219 1761 1254 1789 "'.
1276 1770 1286 1787 ι
1309 1761 1342 1788 Ει
1361 1761 1420 1789 haec
1436 1761 1545 1796 quidem
1559 1769 1608 1796 per
1625 1761 1723 1789 Mosen.

941 1807 1036 1834 statuit
1058 1806 1139 1835 Deus.
1156 1806 1208 1834 Per
1220 1814 1314 1834 vocem
1337 1811 1427 1835 autem
1449 1807 1526 1834 Isaia
1543 1807 1672 1835 lsraelitis
1690 1807 1726 1835 lo-

940 1853 1043 1888 quitur,
1065 1857 1093 1881 et
1113 1853 1172 1880 ait:
1196 1862 1206 1878 ι
1222 1852 1385 1880 Neomenias
1407 1856 1525 1885 vestras,
1552 1860 1580 1880 et
1599 1853 1724 1885 sabbata,

939 1905 966 1927 et
980 1898 1141 1926 festivitates
1153 1902 1257 1926 vestras
1273 1898 1331 1926 odit
1358 1899 1447 1925 anima
1473 1906 1543 1925 mea.
1568 1898 1645 1926 Facti
1658 1898 1725 1926 estis

941 1946 1005 1972 mihi
1022 1946 1049 1973 in
1064 1945 1218 1973 satietatem
1227 1945 1263 1972 ".
1282 1954 1291 1971 ι
1310 1945 1342 1972 Et
1357 1946 1414 1980 qui,
1428 1946 1524 1972 amabo
1541 1951 1577 1977 te,
1590 1945 1725 1972 festivita—

941 1997 981 2019 tes
996 1999 1064 2027 quas
1075 1992 1146 2020 Deus
1161 1991 1220 2019 odit
1235 1995 1373 2027 perpetua:
1386 1991 1441 2018 sint
1455 1999 1487 2018 ac
1510 1999 1648 2027 nunquam
1668 1999 1725 2019 ces-

939 2037 1057 2065 saturae?
1069 2037 1137 2065 Num
1149 2045 1214 2072 ergo
1228 2043 1346 2065 mentem
1360 2043 1480 2064 mutasse
1494 2037 1578 2065 Deum
1587 2038 1724 2070 ‘dicemus,

943 2089 971 2111 et.
987 2091 1047 2118 qua;
1060 2083 1139 2111 initio
1154 2083 1225 2111 bona
1245 2090 1306 2111 esse
1322 2084 1498 2118 putabantur,
1514 2091 1546 2110 ac
1568 2091 1615 2118 per
1632 2083 1724 2111 Mosen

938 2130 1095 2164 constituta,
1119 2137 1151 2157 ea
1180 2137 1230 2165 per
1254 2130 1402 2164 prophetas
1433 2129 1628 2163 subsannasse,
1652 2134 1680 2157 et
1707 2137 1723 2158 a

939 2181 1014 2204 recto
1043 2176 1197 2209 aberrasse,
1215 2181 1298 2210 atque
1320 2176 1466 2203 humanum
1489 2176 1591 2211 aliquid
1613 2184 1721 2211 passum

105 2225 163 2252 χειν
193 2216 478 2253 [φήσομεν]ὲορτάς;
495 2215 559 2253 Ἆρ’
583 2216 630 2245 οὖν
655 2219 771 2254 ἐροῦμεν
796 2220 887 2256 ἑτερο-

942 2222 1020 2250 esse?
1033 2221 1111 2249 Ultro
1121 2221 1193 2248 enim
1209 2221 1309 2253 odiSse,
1330 2227 1390 2255 quae
1412 2220 1582 2254 laudaveris,
1604 2222 1722 2248 levitatis

105 2264 278 2299 γνωμονῆσαι
292 2263 362 2298 Θεῷ,
382 2264 429 2290 καὶ
447 2263 482 2291 τὰ
502 2264 530 2290 ἐν
550 2264 648 2300 ἀρχαῖς
670 2263 700 2292 εὖ
720 2265 791 2301 ἔχειν
812 2266 890 2293 ὑπει-

105 2310 239 2345 λημμένα,
257 2310 306 2336 καὶ
328 2309 471 2345 ὁρισθέντα
488 2309 532 2336 διὰ
550 2311 672 2343 Μωσέως
683 2331 691 2344 ,
709 2312 888 2347 κατασκῶψαι

106 2355 149 2383 διὰ
169 2355 225 2382 τῶν
248 2355 407 2391 προφητῶν,
423 2356 471 2382 καὶ
487 2356 682 2393 ἀφαμαρτῆσαι
704 2358 750 2384 τοῦ
770 2358 886 2391 δέοντος,

107 2401 152 2428 καί
173 2402 266 2428 τιτῶν
290 2401 351 2428 καθ’
372 2403 447 2437 ἡμᾶς
473 2402 617 2437 ὑπομεῖναι
642 2403 753 2438 «eam;
777 2403 814 2430 Τὸ
834 2405 889 2440 γὰρ

109 2447 215 2474 ἑλέσθαι
231 2449 321 2484 μισεῖν
337 2448 409 2484 ειπερ
422 2449 455 2475 ἂν
469 2449 622 2476 ἐπαινέσειὲ
642 2458 693 2482 τις,
708 2450 752 2476 τὸν
767 2451 810 2477 ἐπ’
827 2451 890 2477 ὲλα-

109 2492 174 2527 φρίᾳ
190 2492 286 2528 μῶμον
302 2491 377 2528 αὐτῷ
391 2493 599 2528 προστρίψεται.
609 2494 641 2520 Τί
653 2492 700 2520 οὖν
710 2493 826 2529 ὲροῢμεν
836 2495 890 2522 τῶν

108 2537 175 2564 οὕτω
192 2537 404 2573 κατεψεγμένων
419 2538 636 2572 ἀπαλλάττοντες
659 2539 741 2574 Θεόν;
756 2541 891 2576 Τεθεσμο-

109 2584 220 2619 θέτηκεν
231 2584 319 2619 ὀρθῶς
332 2584 377 2612 διὰ
390 2585 437 2612 τοῦ
450 2586 589 2621 πανσόφου
603 2587 734 2620 Μωσέως,
745 2587 776 2614 τὸ
791 2587 891 2623 χρῆναι

109 2629 228 2665 πληροῦν
247 2630 297 2661 τὰς
318 2632 348 2658 ὲν
366 2631 463 2663 τύποις
476 2632 587 2668 ἑορτὰς,
603 2633 678 2668 μισεῖ
698 2632 726 2659 δὲ
745 2632 894 2668 μελλούσας

108 2676 152 2704 καὶ
170 2675 202 2712 [ί.
216 2673 299 2713 εἶναι]
312 2678 509 2713 κτηνουμένας,
522 2678 564 2705 ὅτι
585 2677 621 2713 μὴ
632 2679 690 2711 τοῖς
706 2678 804 2710 τύποις
823 2679 894 2705 ἐνδε-

109 2722 196 2750 δέσθαι
208 2722 306 2756 φιλεῖν,
318 2723 385 2758 πρὸς
397 2723 481 2751 καλοῦ
492 2724 549 2755 τοῖς
558 2723 746 2759 ἀρχαιοτέροις
757 2721 801 2758 ἦν,
813 2723 893 2759 ἤθελε

110 2770 135 2796 δὲ
150 2769 250 2805 μᾶλλον
265 2769 303 2800 ὡς
314 2770 346 2796 ὲκ
356 2769 442 2796 τύπου
454 2770 501 2796 καὶ
517 2770 595 2800 σκιᾶς
606 2770 652 2796 ἐπὶ
662 2769 692 2796 τὺ
704 2769 753 2804 τῆς
765 2769 893 2803 ἀληθείας

943 2268 1037 2302 utique
1052 2267 1100 2294 tibi
1118 2270 1209 2293 notam
1224 2265 1343 2300 aﬂlnget.
1363 2265 1432 2298 Quid
1449 2272 1515 2301 ergo
1532 2265 1653 2294 dicemus
1668 2287 1676 2298 ,
1695 2272 1725 2294 ut

943 2318 1018 2340 tanto
1036 2313 1136 2347 probro
1155 2311 1239 2339 Deum
1263 2311 1429 2339 liberemus?
1450 2311 1535 2339 Recte
1550 2319 1598 2346 per
1616 2312 1724 2346 sapien-

942 2357 1078 2384 tissimum
1102 2356 1193 2384 Mosen
1218 2356 1334 2389 statuit,
1362 2355 1515 2390 implendas
1535 2363 1597 2383 esse
1619 2357 1722 2392 typicas

942 2404 1125 2436 festivitates;
1149 2403 1196 2430 sed
1217 2402 1273 2430 odit
1292 2402 1398 2429 futuras
1417 2407 1445 2430 et
1471 2402 1629 2437 degeneres,
1657 2411 1725 2438 quo-

940 2451 1011 2477 niam
1034 2457 1050 2477 e
1068 2457 1097 2477 re
1116 2454 1238 2477 veterum
1256 2454 1329 2481 erat,
1349 2457 1397 2477 eos
1419 2456 1472 2477 non
1492 2457 1554 2477 esse
1578 2450 1648 2485 typis
1667 2450 1725 2476 alti.

941 2501 1030 2530 gatos,
1048 2495 1220 2530 malebatqne
1232 2503 1279 2523 eos
1296 2503 1312 2522 a
1327 2500 1388 2531 typo
1409 2500 1437 2523 et
1453 2495 1549 2523 umbra
1566 2497 1600 2522 ad
1621 2496 1724 2523 verita-

942 2541 976 2568 tis
988 2541 1071 2569 decus
1085 2546 1229 2576 pergentes
1251 2542 1436 2576 gratissimum
1461 2542 1512 2569 sibi
1539 2542 1642 2569 cultum
1664 2550 1723 2576 per-

941 2595 1045 2623 agere,
1082 2587 1290 2616 intellectualem
1330 2589 1456 2616 nimirum
1492 2596 1524 2616 ac
1563 2589 1722 2624 spiritalem.

941 2633 1027 2661 Jussit
1042 2635 1114 2661 enim
1138 2638 1169 2661 ut
1187 2633 1233 2669 qui
1256 2633 1354 2662 festum
1382 2634 1452 2662 diem
1473 2636 1590 2670 agebant
1608 2653 1617 2668 ,
1641 2642 1723 2668 panes

941 2680 1107 2707 conﬁcerent
1119 2700 1126 2713 ,
1144 2679 1190 2707 sed
1208 2680 1312 2716 absque
1327 2681 1470 2708 fermento.
1490 2681 1548 2708 Hoc
1563 2689 1625 2709 cum
1639 2681 1723 2708 Judaei

941 2725 1073 2757 facerent,
1088 2733 1120 2753 ac
1135 2725 1202 2753 nihil
1217 2727 1344 2762 amplius,
1361 2727 1473 2762 implere
1498 2735 1528 2755 se
1547 2728 1632 2762 legem
1647 2733 1725 2764 puta-

941 2772 1015 2798 bant.
1032 2770 1102 2804 Quid
1114 2778 1180 2806 ergo
1193 2771 1257 2799 hinc
1274 2772 1307 2799 ad
1321 2780 1367 2801 eos
1382 2773 1506 2801 utilitatis
1519 2773 1599 2801 rediit
1615 2773 1628 2801 ?
1654 2774 1722 2802 Num

143 2859 164 2875 "
179 2859 257 2887 Deut.
273 2858 359 2892 alvu,
376 2859 422 2888 27.
459 2861 482 2876 ⁹⁰
495 2859 590 2888 Matth.
603 2866 630 2894 v,
648 2860 689 2887 l7.
729 2861 748 2876 "
762 2859 847 2888 Exod.
865 2868 889 2888 xu

948 2861 974 2894 4,
993 2862 1035 2889 15.
1075 2862 1305 2890 “15:14.13”.
