1894 3056
191 128 243 156 995

682 128 711 155 S.
730 126 868 155 CYRILLI
886 126 1121 156 ALEXANDRINI
1141 127 1300 156 ARCIIIEP.

1771 127 1827 156 996

191 195 224 214 ea
240 194 270 214 re
291 186 361 214 Deus
385 186 476 220 aliquo
493 185 572 213 modo
592 190 634 212 est
652 185 824 214 oblectatus?
846 186 879 212 At
901 185 974 213 enim

1029 187 1183 223 διᾴττοντας
1211 189 1328 220 κάλλος,
1352 188 1402 224 τὴν
1431 187 1641 224 θυμηρεστάτην
1667 186 1748 222 αὐτῷ
1773 189 1837 214 ’πε-³

191 234 276 265 dices.
303 238 414 260 necesse
438 231 472 258 iis
500 231 593 266 utique
615 231 700 259 fuisse
726 236 756 258 ut
778 231 913 266 purificati
942 233 976 259 ad

192 279 276 307 festos
293 278 350 305 dies
366 276 536 311 perageudos
553 277 723 304 accederent.
751 277 850 304 Verum
873 277 896 304 si
922 277 978 304 fer-

192 329 311 352 tnentum
324 323 467 357 inquinare
479 327 585 357 poterat
597 329 644 350 eos
663 322 709 357 qui
726 322 771 349 illo
787 322 975 354 vescebantur,

192 370 284 403 quidni
303 377 335 396 eo
361 377 475 404 prorsus
494 369 677 400 abstinebant.
703 376 735 396 ac
754 377 806 395 non
831 369 857 395 in
873 373 975 402 septem

193 422 305 441 numero
334 416 466 441 duntaxat
492 414 568 446 dies,
604 414 762 448 quicunque
794 413 848 440 Deo
874 413 975 439 addicti

193 459 300 486 vivendi
318 467 402 494 genus
423 459 448 486 ei
473 464 614 493 acceptum
636 458 780 486 colebant?
797 458 862 490 Sed,
879 458 976 490 utjam

192 511 272 532 antea
282 505 349 538 dixi,
361 505 443 532 etiam
457 505 482 531 in
496 505 546 532 hac
557 505 625 539 lege,
638 503 865 539 quemadmodum
880 511 978 537 nempe

190 557 217 577 et
236 552 262 578 in
277 551 348 582 aliis,
361 551 552 577 intellectualis
568 550 606 577 rei
620 550 785 584 signiﬁcatio
801 549 977 584 :enigmatice

193 597 298 632 prodita
313 603 355 624 est
373 597 417 629 iis,
435 597 481 631 qui
504 596 560 623 acri
587 600 614 622 et
638 601 750 631 purgata
772 601 862 622 mente
883 595 976 622 istius-

193 643 266 671 modi
282 650 326 670 res
341 641 518 676 contemplari
538 641 653 675 possint.
671 640 726 667 Lex
747 640 847 675 quippe
860 640 894 667 de
914 647 975 674 azy-

193 691 245 717 mis
270 697 284 716 a
305 689 383 716 nobis
395 688 523 722 impletur
540 687 676 718 maxime.
706 687 751 721 qui
769 687 796 713 in
821 687 872 714 fide
897 687 978 720 prsti-

193 736 267 762 llcatt
283 754 290 766 ,
315 739 342 761 et
372 734 398 761 in
426 734 529 768 Spiritu
555 732 720 760 sanctiﬁcati
745 739 854 764 sumus,
877 732 978 767 quique

190 781 273 816 322
302 779 452 815 spiritalem
479 779 583 806 cultum
612 778 778 813 peregimus.
814 778 870 805 lloc
898 779 978 805 modo

192 827 333 860 Scriptura
363 824 454 851 divina
481 824 642 851 fermentum
675 824 701 850 iu
730 823 858 858 nequitia:
883 827 974 858 typum

1028 233 1131 268 ραίνειν
1152 233 1290 269 λατρείαν,
1310 233 1389 269 δῆλον
1404 233 1432 260 δὲ
1458 234 1500 260 ὅτι
1520 234 1571 269 τὴν
1587 233 1684 269 νοεράν
1711 233 1767 260 καὶ
1795 234 1825 260 ἐν

1028 279 1174 314 πνεύματι.
1200 280 1372 315 Προστέταχε
1393 280 1443 315 μὲν
1464 280 1518 315 γὰρ
1540 280 1719 315 ἑορτάζοντας
1739 279 1826 315 ἀρτο-

1028 327 1115 352 ποιεῖν
1143 326 1251 358 αὐτοὺς,
1278 325 1368 361 ζύμης
1388 325 1416 352 δὲ
1440 325 1511 360 δίχα.
1535 325 1620 352 Τοῦτο
1645 325 1770 361 δρῶντες
1800 325 1825 351 οἱ

1035 372 1166 402 Ἰουδαῖοι,
1185 372 1232 398 καὶ
1247 371 1326 398 πλέον
1339 371 1425 402 οὐδὲν,
1443 371 1637 406 ἀποπεραίνειν
1660 371 1750 406 ᾤοντο
1776 371 1825 396 τὸν

1027 418 1119 452 νόμον.
1129 417 1196 445 Ποία
1210 418 1301 445 τοίνυν
1314 417 1439 444 ἐντεῦθεν
1450 418 1542 448 αὐτοῖς
1553 418 1569 452 ἡ
1579 416 1689 452 δνησις;
1705 416 1824 451 Ἡσθείη

1028 463 1051 490 δ’
1068 463 1101 490 ἂν
1119 464 1181 491 τίνα
1202 464 1304 499 τρόπον
1317 463 1363 490 ἐπὶ
1387 463 1473 497 τούτῳ
1487 463 1566 495 Θε6ς;
1587 462 1658 488 Ἀλλ’
1676 463 1766 497 ἐρεῖς,
1781 462 1824 488 ὅτι

1027 511 1097 546 χρῆν
1109 511 1194 546 δήπου
1212 509 1438 546 κεκαθαρμένους
1459 508 1601 544 ἑορτάζειν
1620 507 1731 539 αὐτούς.
1751 508 1825 534 Καί-

1027 565 1068 583 τοι
1082 556 1150 588 πῶς,
1174 557 1197 582 εὶ
1218 556 1409 591 καταμιαίνειν
1423 552 1520 589 οἶδενὴ
1541 554 1614 589 ζύμη
1635 555 1700 585 τοὺς
1723 553 1824 588 ἐδηδο-

1028 603 1121 634 κότας,
1135 603 1185 629 οὐκ
1196 602 1313 629 είσάπαν
1326 601 1424 633 αὐτοὺς
1439 599 1654 628 ἀπαλλάττεσθαι
1671 599 1756 635 χρῆν,
1775 599 1825 625 καὶ

1027 649 1078 675 οὐκ
1094 649 1133 680 εὶς
1149 648 1233 683 μόνας
1247 647 1318 674 ἑπτὰ
1331 647 1377 674 τὸν
1392 647 1508 682 ἀριθμὸν
1521 646 1635 682 ἡμέρας,
1651 647 1731 681 εἴπερ
1744 645 1823 676 τινὲς

1027 692 1098 730 ἦσαν
1114 694 1151 725 ὡς
1173 693 1232 729 Θεῷ
1255 693 1448 728 προσκείμενοι
1473 693 1523 726 τῆς
1548 692 1714 726 ἁνδανούσης
1742 691 1823 726 αὑτῷ

1028 740 1164 772 πολιτείας
1189 739 1371 775 ἐπιμεληταί;
1392 739 1462 766 Ἀλλ’
1481 739 1519 770 ὡς
1534 739 1583 774 ἥδη
1601 740 1746 774 προεῖπον,
1768 738 1822 764 κάν

1027 786 1094 821 τῷδε
1107 786 1145 821 τῷ
1159 786 1243 821 νόμῳ,
1260 786 1385 822 καθάπερ
1403 785 1498 820 ἀμέλει
1515 785 1562 811 καὶ
1576 786 1604 811 ὲν
1624 786 1680 816 τοῖς
1696 784 1819 819 ἑτέροις,

1028 832 1125 866 νοητοῦ
1148 832 1312 868 πράγματος
1325 831 1441 867 δήλωσις
1466 830 1673 866 αἰνιγματωδῶς
1690 830 1822 856 εἰσκεκὸ-

191 872 314 906 accipere
334 872 469 898 interdum
487 870 564 897 solet.
586 870 655 904 Ergo
673 869 814 896 mundulos
838 877 869 896 ac
888 869 977 904 puriﬁ-

1031 861 1125 913 μισται
1139 861 1193 909 τοίς
1278 861 1324 904 καὶ
1340 861 1592 912 κεκαθαρμένω-νῷ
1611 877 1644 903 τὰ
1659 861 1752 902 τοιάδε
1765 876 1821 902 τῶν

192 923 268 945 catos
280 917 363 945 festas
380 917 437 944 dies
452 923 532 950 agere
553 916 642 950 jussit,
657 920 685 942 et
704 915 737 942 ab
750 915 822 942 ontni
840 915 906 942 vitio
922 916 979 942 lon-

191 965 303 998 gissime
316 969 445 994 remotos.
463 961 624 989 fermentum
641 961 759 988 carnalis
774 961 939 996 impnritatis
952 966 980 988 et

193 1018 269 1037 vana:
288 1010 314 1036 in
339 1009 428 1035 stultis
453 1007 532 1034 rebus
553 1007 739 1041 occupationis
761 1014 814 1034 non
838 1007 978 1034 habentes.

193 1056 259 1082 Nam
273 1055 317 1090 qui
331 1054 462 1088 ejusmodi
477 1057 527 1084 est,
540 1053 686 1087 praeclarus
700 1053 792 1086 utique
814 1052 980 1079 celebritatis

191 1103 282 1129 cultor
305 1100 451 1128 exstiterit.
487 1099 617 1132 Quocirca
651 1099 758 1126 divinus
783 1099 826 1125 ille
854 1098 977 1125 Paulus:

195 1157 205 1174 ‹
228 1149 318 1182 Itaque
330 1146 480 1180 epulemnr,
498 1146 595 1179 inquit,
616 1152 667 1171 non
685 1145 710 1170 in
731 1144 862 1170 fermento
883 1143 977 1173 veteri.

193 1202 280 1229 neque
296 1194 322 1220 in
339 1194 472 1219 fermento
487 1191 595 1218 malitia:
612 1195 639 1217 et
658 1190 793 1224 nequiter,
809 1190 854 1216 sed
871 1190 896 1216 in
914 1197 977 1224 azy-

195 1243 246 1268 mis
263 1239 427 1267 sinceritatis
441 1244 467 1264 et
481 1237 604 1264 veritatis
619 1236 652 1262 ".
673 1245 682 1261 »
702 1234 814 1262 Ᾱίῑρτιιιι
833 1235 915 1270 igitur
936 1235 978 1261 lex

193 1292 236 1313 est
259 1289 361 1313 :vetus
382 1284 489 1318 quidem
513 1283 554 1308 illa
579 1281 648 1316 apud
671 1281 777 1308 1ιιι1ιιξο5
799 1283 977 1316 tcnigntatice.

192 1333 288 1359 eadem
303 1338 365 1357 vero
381 1337 451 1356 nunc
468 1329 536 1363 apud
556 1335 604 1354 nos
622 1327 841 1354 intellectualiter
857 1332 883 1353 et
900 1327 976 1361 spiri-

194 1378 294 1410 taliter,
309 1382 337 1405 et
353 1376 500 1404 secundum
526 1374 679 1401 veritatem.
705 1373 738 1399 Et
758 1373 865 1406 quidem
886 1373 979 1408 ﬁguris

192 1431 340 1459 congruum
363 1428 468 1457 tempus
491 1423 555 1449 illud
578 1426 648 1452 erat,
664 1421 735 1454 quod
757 1420 910 1447 Servatoris
931 1420 980 1447 ad-

193 1475 302 1496 ventura
331 1468 487 1504 prmcessit;
508 1466 614 1494 veritati
634 1471 735 1498 autem,
754 1466 824 1500 quod
853 1466 916 1493 illud
934 1474 977 1493 sc-

193 1521 285 1542 cutum
304 1519 355 1546 est,
373 1515 481 1549 quando
507 1514 606 1540 veritas
628 1511 737 1538 cifulsit.
763 1512 878 1539 Decebat
894 1512 976 1543 enim.
993 1527 1014 1556 ο

193 1562 305 1588 decebat
315 1560 451 1587 lsraelitas
460 1567 506 1594 per
517 1557 744 1592 sapientissimum
757 1557 856 1584 lilosem
867 1558 977 1590 erudiri,

195 1609 312 1635 infantes
326 1608 415 1634 adhuc
432 1614 492 1633 cum
510 1609 609 1638 essent,
627 1611 658 1631 ac
675 1603 776 1630 rudiori
800 1608 889 1630 mente
911 1611 980 1638 pra:-

193 1654 266 1681 diti:
295 1661 344 1688 per
369 1652 505 1680 Christum
527 1658 591 1678 vero
616 1650 800 1688 universorum
824 1649 978 1681 Dominum,

197 1710 208 1726 ι
221 1699 248 1726 In
267 1707 320 1734 quo
335 1703 397 1726 sunt
413 1705 507 1725 omnes
523 1696 643 1723 thesauri
660 1696 780 1723 scientiae
800 1699 828 1722 et
842 1695 979 1729 sapientia:

194 1745 355 1776 altsconditi,
374 1752 383 1769 ι
398 1743 469 1770 sicut
481 1743 611 1776 scriptum
632 1746 674 1768 est
685 1741 719 1774 “,
733 1749 826 1768 veram
840 1746 866 1768 et
888 1741 978 1776 perfe-

194 1791 343 1818 ctissimam
356 1789 434 1816 nobis
448 1788 630 1823 cognitionem
644 1787 746 1820 aﬂerri,
768 1794 820 1814 uoa
847 1794 906 1821 qua:
923 1787 979 1814 Μο-

194 1838 267 1864 saica
281 1835 453 1867 convelleret,
475 1834 521 1862 sed
543 1841 574 1860 ca
598 1833 688 1868 potius
715 1833 747 1860 ad
773 1833 914 1860 clariorem
935 1840 979 1860 re-

197 1890 257 1910 rum
282 1881 445 1909 intellectum
465 1879 634 1912 transferret.
657 1879 789 1911 Quocirca
811 1877 897 1906 Moses
917 1886 978 1906 cum

194 1929 229 1956 ad
245 1927 351 1955 Judaeos
365 1927 445 1954 verba
463 1925 571 1957 faceret,
587 1925 682 1952 faciem
698 1925 813 1958 velabat,
828 1933 859 1952 ea
876 1934 905 1953 re
919 1930 979 1952 tan-

195 1981 251 2002 tunt
271 1981 322 2000 non
345 1973 486 2000 declarans
502 1979 548 1999 eos
571 1979 662 1999 veram
682 1971 748 2006 legis
770 1972 864 2000 faciem
887 1973 979 2001 videre

194 2028 247 2048 non
268 2027 355 2054 posse.
372 2019 448 2052 Quod
474 2018 497 2045 si
523 2018 616 2045 dicant
644 2018 792 2045 adversarii
814 2027 820 2044 :
840 2017 867 2045 Si
885 2019 979 2052 primis

193 2065 312 2094 secunda
342 2064 519 2099 praestabant,
550 2067 632 2097 atque
666 2063 734 2089 adeo
768 2062 845 2096 longe
875 2064 977 2098 potiora

193 2116 281 2143 erant,
297 2110 390 2145 quidni
407 2109 496 2144 potius
516 2116 547 2136 ea
564 2108 701 2143 legislator
723 2108 787 2136 olim
803 2113 884 2142 atque
902 2109 978 2136 initio

194 2157 356 2187 constituit?
373 2164 431 2190 qua:
458 2162 641 2190 saepenumero
659 2155 714 2182 dixi
727 2174 734 2186 .
754 2155 836 2181 etiam
859 2162 930 2182 nunc
951 2155 976 2182 in

1029 922 1215 957 θεωρημάτων
1237 922 1383 957 καταθρεῖν
1405 921 1578 957 δυναμένοις.
1604 920 1766 957 Πληροῦταί
1787 930 1820 954 γε

1030 966 1084 1001 μὴν
1096 967 1110 992 6
1125 966 1172 992 ἐπὶ
1189 967 1245 998 τοῖς
1260 965 1376 1001 ἀζύμοις
1393 968 1475 1001 νόμος
1496 966 1564 1001 πρὸς
1580 966 1661 1002 ἡμῶν
1683 966 1819 1002 μάλιστα.

1028 1011 1083 1037 τῶν
1107 1011 1136 1037 ὲν
1158 1011 1249 1038 πίστει
1271 1011 1489 1046 δεδικαιωμένων
1515 1011 1563 1038 καὶ
1590 1011 1771 1047 ήγιασμένων
1790 1013 1819 1037 ἐν

1029 1055 1179 1090 Πνεύματι,
1195 1057 1242 1082 καὶ
1252 1056 1301 1091 τὴν
1313 1056 1410 1092 νοητὴν
1421 1056 1568 1083 τελούντων
1583 1056 1722 1092 λατρείαν.
1737 1057 1819 1082 Κατά

1028 1102 1127 1128 τοιόνδε
1146 1102 1207 1128 τινὰ
1234 1102 1335 1137 τρόπον
1356 1103 1395 1134 εἰς
1422 1102 1508 1128 τύπον
1528 1102 1693 1137 φαυλότητος
1718 1103 1736 1137 ἡ
1759 1103 1819 1128 θεό-

1029 1156 1159 1179 πνευστος
1172 1148 1267 1183 Γραφὴ
1284 1147 1334 1183 τὴν
1351 1147 1440 1183 ζύμην
1455 1148 1510 1174 ἔσθ’
1524 1149 1568 1174 ὅτε
1584 1148 1710 1183 δέχεσθαι
1731 1148 1816 1182 φιλεῖ.

1029 1193 1135 1229 Χρῆναι
1159 1194 1190 1229 δὴ
1215 1191 1261 1221 οὖν
1288 1194 1428 1228 ἑορτάζειν
1453 1195 1551 1226 αὐτοὺς
1576 1195 1757 1230 προστέταχε,
1779 1195 1820 1221 δι-

1029 1240 1221 1275 εσμηγμένους
1237 1238 1267 1266 εὖ
1284 1241 1356 1276 μάλα
1370 1241 1417 1267 καὶ
1432 1240 1666 1276 κεκαθαρμένους,
1681 1242 1730 1268 καὶ
1743 1242 1818 1268 ἀπά-

1030 1294 1079 1320 σης
1091 1285 1256 1321 φαυλότητος
1269 1286 1357 1318 ἰόντας
1368 1286 1406 1318 ὡς
1417 1287 1553 1318 ἀποτάτω,
1568 1286 1658 1322 ζύμην
1677 1287 1729 1314 οὐκ
1742 1287 1818 1321 ἕχον-

1028 1340 1078 1362 τας
1094 1332 1228 1367 σαρκικῆς
1242 1332 1412 1367 ἀκαθαρσίας
1426 1333 1473 1359 καὶ
1491 1333 1683 1369 περισπασμοῦ
1698 1333 1816 1363 εἰκαῖον,

1031 1376 1085 1403 τῶν
1109 1377 1152 1403 ἐπ’
1168 1377 1292 1413 ἀνοήτοις
1307 1378 1462 1413 πράγμασι,
1480 1379 1562 1414 φημί.
1576 1378 1721 1413 Θιασώτης
1736 1379 1793 1414 γὰρ
1804 1380 1818 1404 ὁ

1028 1422 1149 1453 τοιοῦτος
1172 1422 1248 1449 ἔσται
1272 1423 1408 1458 λαμπρός.
1423 1423 1526 1458 Γράφει
1552 1423 1617 1457 γοῦν
1634 1423 1648 1448 6
1670 1423 1817 1455 θεσπέσιος

1029 1467 1133 1498 Παῦλος
1145 1475 1153 1482 ·
1168 1476 1177 1493 t
1190 1467 1271 1494 Ὥστε
1292 1468 1475 1503 ἑορτάζωμεν,
1493 1470 1530 1504 μὴ
1553 1469 1582 1494 ὲν
1602 1468 1675 1504 ζύμῃ
1699 1469 1815 1505 παλαιᾷ,

1032 1512 1100 1548 μηδὲ
1118 1513 1146 1539 ὲν
1163 1512 1238 1549 ζύμῃ
1250 1514 1350 1545 κακίας
1367 1514 1413 1540 καὶ
1427 1515 1569 1550 πονηρίας,
1584 1514 1642 1541 ἀλλ’
1657 1515 1687 1542 ὲν
1701 1514 1816 1550 ἀζύμοις

1031 1557 1208 1594 είλικρινείας
1234 1560 1282 1585 καὶ
1304 1559 1444 1594 ἀληθείας.
1463 1569 1473 1585 ι
1494 1560 1606 1592 Δίώνιος
1627 1561 1719 1588 τοίνυν
1738 1562 1752 1587 6
1775 1561 1815 1587 v6-

1031 1613 1097 1639 μος·
1114 1605 1128 1631 6
1145 1605 1230 1632 πάλαι
1243 1606 1292 1640 μὲν
1315 1606 1391 1641 παρὰ
1412 1608 1468 1638 τοῖς
1492 1607 1629 1639 Ἰουδαίοις
1649 1608 1812 1642 αἰνιγματω-

1033 1650 1096 1683 δῶς,
1109 1651 1122 1677 6
1139 1651 1221 1682 αὐτὸς
1235 1651 1264 1678 δὲ
1279 1652 1339 1678 νυνὶ
1354 1652 1418 1687 παρ’
1431 1653 1496 1688 ἡμῖν
1512 1653 1615 1688 νοητῶς
1633 1653 1682 1679 καὶ
1694 1663 1814 1689 πνευμα-

1028 1697 1123 1729 τικῶς,
1137 1699 1184 1724 καὶ
1202 1697 1273 1724 κατὰ
1284 1706 1316 1732 γε
1328 1698 1359 1724 τὸ
1376 1697 1485 1732 ἀληθές.
1501 1699 1554 1724 Καὶ
1574 1700 1669 1734 καιρὸς
1692 1699 1745 1734 μὲν
1761 1701 1814 1731 τοῖς

1029 1741 1171 1776 αἰνίγμασι
1190 1742 1302 1778 πρέπων
1321 1744 1335 1769 ὁ
1360 1743 1413 1777 πρὸ
1432 1744 1481 1778 τῆς
1497 1742 1543 1769 τοῦ
1571 1744 1696 1779 Σωτῆρος
1723 1745 1813 1779 ἐπιδη-

1031 1788 1095 1822 μίας
1106 1797 1112 1803 ·
1132 1790 1189 1820 τοῖς
1209 1797 1241 1823 γε
1260 1789 1312 1823 μὴν
1326 1789 1516 1824 ἀληθεστέρως
1531 1790 1544 1815 ό
1559 1790 1618 1824 μετ’
1633 1791 1738 1817 ἐκεῖνον
1762 1792 1812 1817 εἱσ-

1031 1834 1163 1869 6ε6ηκὼς,
1186 1835 1247 1861 καθ’
1261 1835 1290 1860 ὃν
1310 1835 1468 1870 ἐπέλαμψεν
1483 1836 1500 1870 ἡ
1518 1835 1641 1870 ἀλήθεια.
1656 1835 1732 1862 Ἔδει
1750 1838 1813 1872 γὰρ,

1030 1880 1083 1906 ἔδει
1096 1880 1139 1907 διὰ
1161 1880 1212 1915 μὲν
1231 1881 1279 1907 τοῦ
1293 1881 1432 1915 πανσόφου
1450 1881 1572 1912 Μωσέως
1587 1881 1812 1917 παιδοκομεῖσθαι

1029 1927 1075 1953 τὸν
1093 1926 1212 1962 Ἰσραὴλ,
1239 1928 1415 1962 νηπιοπρεπῆ
1433 1928 1481 1954 καὶ
1504 1927 1695 1963 ἁμαθεστέραν
1718 1929 1811 1963 ἔχοντα

1029 1972 1078 2007 τὴν
1093 1973 1225 2000 διάνοιαν
1241 1972 1283 1999 διὰ
1296 1973 1323 1999 δὲ
1340 1973 1388 1999 τοῦ
1404 1972 1514 2000 πάντων
1534 1974 1669 2000 Δεσπότου
1682 1975 1810 2009 Χριστοῦ,

1033 2027 1042 2043 ι
1059 2017 1103 2045 Ἐν
1116 2015 1138 2051 ᾧ
1158 2019 1258 2050 πάντες
1283 2019 1351 2045 εἰσὶν
1367 2020 1390 2045 oi
1410 2019 1544 2055 θησαυροὶ
1557 2019 1606 2054 τῆς
1623 2019 1752 2053 γνώσεως
1767 2021 1810 2047 καὶ

1030 2063 1124 2097 σοφίας
1134 2064 1298 2098 ἀπόκρυφοι,
1311 2073 1320 2089 ι
1332 2064 1402 2091 κατά
1411 2065 1440 2091 τδ
1455 2065 1656 2101 γεγραμμένον,
1666 2065 1716 2100 τὴν
1727 2066 1810 2102 ἀληθῆ

1029 2111 1075 2136 καὶ
1100 2110 1269 2146 τελεωτάτην
1299 2110 1364 2145 ἡμῖν
1395 2110 1598 2144 εἰσκομίζεσθαι
1623 2111 1735 2144 γνῶσιν,
1766 2113 1810 2139 of»!

1029 2155 1235 2190 ἀνατρέπουσαν
1257 2155 1292 2182 τὰ
1319 2155 1450 2187 Μωσέως,
1469 2156 1640 2191 μεθιστῶσαν
1662 2157 1692 2184 δὲ
1714 2158 1809 2192 μᾶλλον

194 2205 312 2233 medium
337 2203 458 2230 aderam.
474 2202 542 2228 Cum
558 2201 684 2228 Israelita:
702 2201 818 2229 nandum
843 2201 910 2228 satis
933 2201 977 2228 lir-

1030 2201 1099 2228 αὑτὰ
1114 2201 1182 2236 πρὸς
1208 2201 1312 2232 ἐννοίας
1340 2203 1509 2237 πραγμάτων
1532 2203 1742 2238 ὲναργεστέρας.
1762 2205 1808 2231 Καὶ

194 2259 266 2278 utam
277 2250 303 2277 in
321 2249 366 2276 Dei
379 2249 534 2282 cognitione
548 2252 664 2274 tuentem
678 2247 824 2280 haberent,
843 2247 877 2274 ab
892 2247 979 2274 ollicio

194 2305 243 2324 suo
260 2297 314 2323 cito
330 2295 513 2326 discedebant,
530 2299 558 2320 et
571 2294 605 2320 ad
618 2293 796 2320 deiiciendum
808 2300 823 2319 a
838 2292 892 2320 Deo
903 2293 980 2320 valde

193 2341 325 2376 proclives
345 2344 432 2372 erant,
455 2345 481 2365 et
504 2339 634 2372 instigare
654 2346 706 2364 non
728 2338 890 2365 cessabant:
913 2339 980 2364 vitu-

195 2386 248 2413 lum
262 2386 360 2420 quippe
384 2384 546 2415 conflarunl,
563 2390 595 2410 ac
619 2383 709 2410 dicere
733 2383 790 2410 ausi
814 2389 898 2410 sunt:
918 2392 927 2408 ι
948 2383 979 2410 Hi

194 2433 230 2459 dii
245 2433 293 2464 tui,
306 2431 398 2462 Israel.
411 2431 456 2465 qui
469 2430 620 2457 eduxerunt
634 2434 660 2456 te
674 2429 706 2456 de
717 2434 788 2456 terra
800 2428 950 2463 Egypti”.
965 2439 975 2454 ι

195 2479 363 2512 Ρωίηιίοψιο
388 2477 438 2509 iis,
466 2484 514 2503 ceu
544 2475 647 2503 levibus
678 2482 710 2502 ac
739 2475 908 2506 rudiorihus,
931 2475 980 2501 oh-

194 2532 273 2552 scura
291 2524 332 2551 lex
347 2524 408 2550 data
430 2527 481 2553 est.
508 2528 568 2556 qua:
592 2529 641 2555 per
669 2525 758 2556 typum
781 2520 823 2546 vix
838 2520 872 2546 ad
890 2527 980 2546 rerum

196 2577 319 2596 verarum
356 2569 522 2596 intellectum
555 2569 701 2599 evelleret,
741 2566 854 2593 necdum
890 2569 979 2593 tamen

195 2621 294 2642 sancta:
307 2616 368 2642 vita:
398 2615 449 2642 iter
474 2613 617 2641 manifeste
641 2613 782 2646 panderet.
798 2611 875 2644 Quod
889 2617 978 2638 autem

194 2661 274 2695 323
302 2660 372 2687 Deus
397 2660 482 2694 legem
507 2659 533 2686 in
559 2658 657 2686 litteris
683 2661 711 2685 et
736 2657 839 2684 umbris
864 2656 976 2691 positam

195 2705 285 2732 lsraeli
299 2705 439 2738 desipieuti
453 2710 480 2732 et
495 2705 596 2739 peccati
610 2712 666 2736 reo,
680 2711 711 2730 ac
728 2703 794 2730 reeti
814 2702 915 2733 nescio,
927 2709 976 2728 cett

196 2750 283 2777 adhuc
298 2750 455 2782 infantibus,
467 2751 569 2782 tulerit,
586 2749 702 2784 accipies
714 2750 747 2776 ab
763 2749 820 2782 ipso
833 2755 880 2783 per
900 2747 975 2774 Isaia:

231 2827 254 2842 "
270 2825 279 2852 1
294 2827 356 2853 Cor.
372 2834 397 2859 ν,
414 2828 440 2854 8.
478 2827 500 2842 9‘
516 2827 618 2854 Coloss.
633 2834 662 2859 ιι,
679 2826 706 2852 3.

745 2825 766 2840 "
785 2825 868 2852 lixod.
886 2832 971 2857 xxx",
986 2826 1012 2851 4.

1027 2247 1093 2281 γοῦν
1110 2248 1124 2273 6
1134 2247 1237 2281 Μωσῆς
1252 2247 1301 2278 τὰς
1316 2247 1385 2282 πρός
1400 2256 1431 2281 γε
1444 2248 1506 2280 τοὺς
1523 2249 1666 2281 Ἰουδαίους
1682 2250 1807 2283 διαλέξεις

1029 2292 1200 2327 ποιούμενος,
1214 2293 1346 2327 κάλυμμα
1359 2293 1441 2319 ἐτίθει
1453 2294 1499 2319 ἐπὶ
1511 2293 1542 2319 τὸ
1557 2294 1703 2329 πρόσωπον
1718 2296 1807 2326 αὐτοῦ.

1031 2339 1171 2374 μονονουχὶ
1195 2337 1263 2373 βοῶν
1292 2337 1326 2364 δι’
1344 2338 1426 2364 αὐτοῦ
1453 2339 1500 2364 τοῦ
1528 2340 1700 2374 πράγματος,
1727 2341 1764 2372 ὡς
1781 2342 1806 2368 τὸ

1029 2384 1128 2419 ἀληθὲς
1141 2383 1189 2410 τοῦ
1204 2383 1286 2418 νόμου
1302 2383 1446 2417 πρόσωπον
1468 2383 1589 2410 ἄποπτον
1610 2382 1644 2419 ἧν
1662 2385 1764 2417 αὐτοῖς.
1781 2387 1806 2412 Ei

1030 2429 1059 2455 δὲ
1073 2430 1153 2463 φαῖεν
1168 2429 1191 2454 οἱ
1203 2428 1236 2454 δι’
1251 2428 1373 2459 ἐναντίας
1388 2436 1394 2443 ·
1410 2428 1441 2454 El
1454 2428 1488 2454 τὰ
1497 2428 1612 2464 δεύτερα
1629 2429 1683 2455 τῶν
1700 2429 1807 2464 πρώτων

1027 2473 1061 2510 ἦν
1085 2473 1263 2510 αἱρετώτερα,
1287 2473 1333 2500 καὶ
1347 2473 1379 2509 δὴ
1399 2473 1446 2500 καὶ
1465 2474 1568 2508 ἀμείνω
1594 2475 1669 2510 παρὰ
1694 2475 1772 2506 πολὺ,
1786 2476 1808 2502 τί

1029 2521 1066 2556 μὴ
1085 2521 1186 2556 μᾶλλον
1201 2519 1272 2546 αὐτὰ
1286 2521 1342 2551 τοῖς
1359 2519 1477 2555 πρώτοις
1491 2520 1539 2546 καὶ
1551 2521 1580 2546 ὲν
1594 2521 1691 2556 ἀρχαῖς
1707 2522 1721 2547 6
1736 2530 1800 2556 νομο

1028 2566 1109 2601 θέτης
1139 2566 1300 2601 διωρίσατο;
1326 2565 1518 2597 ἆπλειστάκις
1550 2565 1639 2600 ἔφην,
1665 2567 1707 2598 είς
1734 2567 1808 2602 μέσον

1028 2613 1094 2639 οἴσω
1105 2613 1152 2640 καὶ
1163 2613 1210 2639 νῦν
1220 2621 1226 2628 ·
1246 2612 1330 2639 Οὔπω
1348 2612 1393 2639 τὸν
1408 2612 1470 2640 νοῦν
1492 2612 1597 2648 ἔχοντες
1613 2613 1723 2647 ἀσφαλῆ
1748 2613 1808 2647 πρὸς

1031 2657 1193 2692 θεογνωσίαν
1210 2658 1236 2684 οἱ
1255 2657 1285 2689 ἐξ
1307 2657 1432 2693 Ἰσραὴλ,
1454 2657 1660 2693 εὐτρεπέστατα
1687 2660 1737 2693 μὲν
1761 2659 1808 2686 ἀπ-

1031 2703 1158 2738 εφέροντο
1169 2703 1223 2730 τῶν
1236 2702 1311 2737 σφίσι
1323 2702 1565 2737 πρεπωδεστάτων,
1574 2702 1682 2729 εὔκολοι
1698 2703 1726 2729 δὲ
1745 2700 1809 2738 ἦσαν

1031 2748 1070 2780 εἰς
1087 2747 1236 2775 ἀπόστασιν
1259 2747 1306 2782 τὴν
1320 2747 1373 2774 ἀπὸ
1388 2746 1456 2774 Θεοῦ
1467 2755 1473 2762 ·
1495 2747 1541 2774 καὶ
1556 2747 1771 2783 παροτρύνοντες
1782 2747 1808 2773 οὐ
