1894 3056
104 149 161 177 997

671 146 809 176 CONTRA
817 141 1001 176 ’.ιυιιΑΝυΜ
1020 147 1084 176 LIB.
1108 148 1154 176 IX.

1685 149 1737 177 898

102 206 307 233 διαλελοίπασιν
319 215 326 223 ·
345 207 596 243 μεμοσχοποιὴκασι
612 206 677 244 γὰρ,
688 208 735 234 καὶ
746 207 827 242 φάναι
846 216 891 234 τε·

944 214 1035 235 vocem
1048 208 1082 235 ita
1098 207 1205 236 dicente
1223 216 1229 234 :
1246 216 1255 233 ι
1271 207 1303 235 Et
1319 207 1405 236 levavi
1433 214 1542 235 manum
1555 214 1641 235 meam
1655 215 1737 244 super

101 253 278 288 τολμήκασιν
291 261 298 268 ·
312 261 322 278 ι
337 249 417 279 Οὗτοι
428 253 453 279 oi.
468 252 522 279 θεοί
535 261 593 286 σου,
606 253 725 288 Ἰσραὴλ,
739 254 836 284 οἵτινες
847 253 896 279 ἀν-

103 299 213 334 ήγαγον
223 307 253 324 σε
263 299 295 325 ἐκ
305 299 357 333 γῆς
368 299 518 332 Αἰγύπτου.
530 308 539 323 ι
549 299 652 325 Οὐκοῦν
660 299 697 330 ὡς
706 298 896 333 ἀμαθεστέραν

104 346 156 372 καὶ
167 344 408 380 εὐπαρακόμιστον
419 344 510 379 ἔχουσι
518 345 568 380 τὴν
580 345 704 380 καρδίαν,
717 344 838 380 ἀμυδρὺς
848 344 896 370 αὐ-

103 393 163 422 τοῖς
175 391 280 418 δέδοται
293 391 384 425 νόμος,
395 391 438 417 διὰ
453 390 538 417 τύπου
554 390 631 426 μόλις
642 391 683 422 είς
698 390 748 421 τὰς
759 390 813 417 τῶν
827 390 895 424 ἀλη-

104 437 185 464 θεστέ
191 446 244 472 ρων
255 437 358 468 ἑννοίας
369 436 544 468 ἀναϐιϐάζειν
558 435 730 468 εἰδὼς,οΰπω
741 444 772 470 γε
781 436 835 471 μὴν
846 435 896 471 τὴν

103 483 157 518 τῆς
167 483 285 517 εὐαγοῦς
297 482 433 514 πολιτείας
444 483 502 509 ὁδὸν
515 482 666 517 ἀναφανδὸν
679 482 824 517 εἰσφέρων.
835 482 895 508 ’Ότι

101 529 133 556 δὲ
145 529 377 566 προσκεκρουκότι
389 537 418 555 τε
430 528 478 555 καὶ
491 529 651 564 ἀφραίνοντι
664 529 701 564 τῷ
721 528 838 564 Ἰσραὴλ,
847 529 896 555 καὶ

102 576 261 610 ὀρθοποιεῖν
286 575 335 601 οὐκ
354 574 443 610 ἔχοντι
457 575 503 601 τὸν
524 576 553 601 ἐν
574 576 663 606 σκιαῖς
685 574 731 601 καὶ
748 575 895 611 γράμμασι

102 623 198 657 νόμον,
211 621 249 653 ὡς
263 621 303 648 ἔτι
317 621 425 657 νηπίοις
436 620 610 656 ἐθεσμοθέτει
624 621 700 653 Θεὸς,
709 621 843 656 ἀναμάθοι
854 629 896 652 τις

102 668 150 699 ἂν,
174 668 223 694 ὡδὶ
243 667 368 701 λέγοντος
389 667 434 693 διὰ
451 667 543 702 φωνῆς
561 667 687 693 Ἡσαΐου·
707 676 716 692 ι
736 667 792 693 Καὶ
811 666 895 702 ἐξῆρα

102 714 155 749 τὴν
171 713 251 748 χεῖρά
267 721 317 748 μου
332 713 375 739 ἐπ’
397 713 496 743 αὐτοὺς
511 713 539 738 ὲν
551 713 584 747 τῇ
605 713 700 747 ἐρήμῳ
713 711 759 738 τοῦ
772 712 896 748 διασκορ-

103 760 184 786 πίσαι
199 759 297 790 αὐτοὺς
309 759 337 785 ἐν
354 759 414 790 ταῖς
430 758 543 794 χώραις,
552 758 610 785 ἀνθ’
623 755 659 784 ὧν
678 758 711 784 τὰ
724 757 896 793 δικαιώματά

105 815 160 841 μου
180 805 230 832 οὐκ
254 804 396 840 ἐποίησαν,
419 805 466 831 καὶ
485 804 520 831 τὰ
542 804 743 839 προστάγματα
766 812 818 839 μου
841 804 895 830 ἀπ-

102 851 214 878 ώσαντο
225 872 232 884 ,
247 852 294 877 καὶ
308 850 342 876 τὰ
357 849 486 877 Σάϐϐατα
503 858 553 885 μου
569 849 727 885 ὲϐεὸήλουν,
744 850 791 876 καὶ
807 848 895 876 ὀπίσω

103 896 160 923 τῶν
189 896 388 931 ἐνθυμημάτων
415 894 468 922 τῶν
500 895 626 930 πατέρων
654 894 744 921 αὐτῶν
771 892 842 930 ἦσαν
868 894 893 921 οἱ

103 942 241 977 ὀφθαλμοὶ
260 942 359 969 αὐτῶν.
387 941 442 968 Καὶ
467 940 523 975 ἐγὼ
546 941 635 967 ἔδωκα
656 941 747 971 αὐτοῖς
773 940 893 975 προστά-

103 996 200 1023 γματα
216 988 245 1014 οὺ
263 987 344 1019 καλὰ,
360 988 408 1015 καὶ
421 986 603 1022 δικαιώματα,
618 987 647 1013 ὲν
661 984 702 1018 οἷς
714 986 745 1013 οὐ
767 986 894 1022 ζήσονται

104 1033 135 1060 ὲν
150 1034 249 1065 αὐτοῖς.
264 1042 272 1058 ι
291 1033 365 1059 Ἔδει
382 1033 446 1068 γὰρ,
462 1032 515 1058 ἔδει
529 1032 592 1064 τοὺς
607 1032 656 1067 τῆς
675 1032 744 1066 πρὸς
760 1031 827 1058 Θεοῦ
848 1032 894 1058 εὐ-

104 1080 180 1111 νοίας
205 1080 462 1115 ἀποσκιρτήσαντας
475 1099 482 1111 ,
505 1079 553 1106 καὶ
573 1079 629 1110 τοῖς
645 1079 694 1113 τῆς
715 1078 894 1114 μοσχοποιίας

105 1126 221 1157 ἁλόντας
248 1125 402 1162 ἐγκλήμασι
428 1124 524 1159 (τοῦτο
549 1124 604 1160 γὰρ
629 1121 705 1160 οἶμαι
729 1124 824 1160 δηλοῦν
851 1124 891 1155 τὸ,

107 1171 234 1198 (Ὀπίσω
261 1171 315 1198 τῶν
341 1170 540 1206 ἐνθυμημάτων
569 1170 624 1197 τῶν
650 1170 776 1206 πατέρων
803 1170 893 1198 αὐτῶν

103 1219 168 1248 τοὺς
184 1217 338 1252 ὀφθαλμοὺς
357 1216 472 1252 ἕχειν›,)
486 1216 536 1251 τῆς
561 1216 628 1252 πρὸς
641 1216 708 1242 Θεοῦ
725 1216 892 1251 οἰκειότητος

107 1263 265 1290 ἀπολισθεῖν
280 1263 450 1298 όλοτρόπως,
468 1263 515 1289 καὶ
534 1263 563 1289 ἐν
579 1264 639 1294 ταῖς
654 1262 709 1289 τῶν
726 1263 812 1290 ἐθνῶν
826 1263 892 1290 ἀλᾶ-

106 1311 170 1337 σθαι
184 1310 287 1346 χώραις
307 1309 413 1344 φειδοῦς
429 1310 538 1344 ἁπάσης
555 1310 763 1345 ἐστερημένους,
784 1310 892 1345 Ἐπειδὴ

103 1356 134 1382 δέ
160 1356 234 1382 ἐστιν
256 1355 377 1390 ἀγαθὸς,
396 1355 443 1382 καὶ
467 1355 516 1390 τὴν
539 1354 586 1381 τοῦ
610 1355 748 1390 πανσόφου
771 1356 893 1387 Μωσέως

105 1402 189 1437 ἐτίμα
202 1401 287 1437 λιτὴν,
304 1401 407 1437 νόμιμα
420 1400 469 1436 μὲν
479 1401 570 1432 αὐτοῖς
588 1401 674 1428 ἐδίδου
686 1401 891 1436 παιδαγωγικὰ,

105 1447 177 1482 πλὴν
190 1447 220 1474 οὐ
235 1447 314 1478 καλὰ,
339 1445 411 1473 καθά
436 1454 518 1480 φησιν
533 1445 624 1477 αὐτὸς,
646 1445 707 1472 οὔτε
725 1447 779 1481 μὴν
793 1445 893 1473 ἐνιέναι

105 1492 155 1528 τὴν
172 1491 244 1527 ζωὴν
257 1492 312 1523 τοῖς
327 1490 396 1517 αὐτὰ
411 1490 559 1526 πληροῦσιν
576 1490 714 1526 ἰσχύοντα.
727 1490 766 1518 Οὐ
782 1491 853 1518 καλὰ
864 1491 893 1518 δὲ

909 879 930 906 Β

947 260 994 281 eos
1015 254 1042 280 in
1058 254 1176 287 deserto,
1190 258 1221 281 ut
1235 253 1421 289 dispergerem
1442 261 1490 281 eos
1512 253 1538 280 in
1567 254 1735 288 regionibus,

947 307 979 327 eo
1002 301 1073 334 quod
1093 300 1301 335 justiﬁcationes
1321 307 1394 327 meas
1411 307 1463 327 non
1479 299 1609 332 fecerant,
1626 304 1653 327 et
1667 307 1737 335 pra:-

947 351 1023 381 Cepta
1039 354 1098 373 mea
1115 346 1279 380 repulerunt,
1297 351 1323 373 et
1345 346 1461 373 Sabbata
1474 353 1534 372 mea
1549 345 1727 376 violaverant,

947 397 974 419 et
985 396 1045 426 post
1056 393 1233 427 cogitationes
1244 397 1350 427 patrum
1365 400 1474 419 suorum
1487 392 1593 419 fuerant
1606 393 1676 420 oculi
1689 401 1736 420 eo-

947 446 1018 466 rum.
1029 438 1062 466 Et
1072 446 1120 473 ego
1133 438 1193 466 dedi
1208 438 1248 466 eis
1264 443 1396 473 praecepta
1408 446 1461 465 non
1475 438 1555 469 bona,
1568 439 1735 472 etjustiﬁca-

947 485 1044 517 tiones,
1063 485 1090 512 in
1115 485 1212 519 quibus
1238 492 1290 511 non
1306 484 1398 511 vivent
1422 484 1448 511 in
1471 484 1511 511 eis
1536 484 1568 511 ".
1588 493 1598 509 )
1616 484 1733 512 Decebnt

946 531 1030 563 enim,
1044 530 1156 558 decebat
1172 538 1229 563 eos,
1250 531 1295 565 qui
1319 538 1334 556 ιι
1357 529 1544 557 benevolentia
1560 530 1606 557 Dei
1634 531 1735 557 resilie-

946 581 1007 604 rant
1024 581 1051 604 et
1073 577 1182 604 conﬂati
1202 576 1278 604 vituli
1300 576 1338 603 rei
1368 577 1541 609 tenebantur,
1558 577 1584 604 id
1605 577 1677 604 enim
1694 577 1733 604 si-

946 623 1075 657 gniﬁcare
1088 623 1206 650 arbitror
1221 623 1296 657 illud,
1319 632 1328 648 ι
1343 622 1408 650 Post
1422 623 1601 657 cogitationes
1625 627 1732 658 patrum

946 675 1057 695 suorum
1069 668 1162 695 oculos
1180 668 1288 701 habere,
1305 677 1314 693 ι
1332 668 1378 695 Dei
1399 668 1537 695 consortio
1554 675 1666 703 prorsus
1683 676 1732 696 ex-

945 713 1046 746 cidere,
1063 719 1091 741 et
1105 715 1131 741 in
1147 714 1266 750 gentium
1281 714 1437 749 regionibus
1460 714 1552 750 vagari
1566 714 1638 744 omni
1652 714 1734 742 misc-

946 759 1062 786 ricordia
1080 760 1202 787 orbatos.
1214 759 1281 787 Cum
1296 765 1386 787 autem
1411 760 1497 787 bonus
1520 761 1566 793 sit,
1582 765 1608 787 et
1622 760 1732 794 sapien-

946 805 1041 832 tissimi
1070 805 1152 832 Mosis
1177 813 1272 841 preces
1287 805 1460 840 'respiceret,
1477 805 1595 840 legitima
1622 806 1732 840 quidem

945 851 986 878 eis
999 850 1072 878 dedit
1083 850 1116 877 ad
1129 858 1176 878 eos
1186 850 1357 882 erudiendos,
1371 850 1418 877 sed
1431 857 1484 877 non
1498 850 1578 882 bona,
1594 850 1664 877 sicut
1676 850 1733 885 ipsc

945 897 992 930 ait,
1003 903 1090 931 neque
1099 901 1172 924 certe
1180 896 1265 924 vitam
1275 897 1308 923 iis
1317 897 1362 931 qui
1373 896 1416 924 illa
1426 896 1596 932 impleverint
1604 901 1733 931 praestare

944 944 1072 972 valentia.
1086 943 1144 971 Non
1159 944 1228 971 bona
1245 949 1334 971 autem
1352 947 1486 978 praecepta
1507 951 1514 971 :
1530 943 1683 977 quomodo?
1702 943 1731 970 Si

945 990 1070 1018 veritatis
1097 989 1224 1017 nimirum
1253 989 1335 1016 decus
1367 988 1506 1023 respicias.
1532 988 1639 1016 Veritas
1659 989 1732 1015 enim

944 1036 1037 1072 ﬁguris
1056 1035 1302 1070 incomparabiliter
1316 1039 1437 1070 praestat.
1455 1034 1594 1070 Siquidem
1608 1035 1731 1062 ﬁctitiuIn

943 1089 996 1109 non
1011 1085 1064 1114 est,
1077 1080 1214 1109 Israelitas
1229 1080 1329 1108 nullum
1344 1081 1424 1116 plane
1443 1081 1548 1116 cepisse
1567 1081 1684 1108 lructum
1698 1088 1731 1108 ex

944 1136 977 1155 eo
1018 1129 1088 1163 quod
1115 1128 1230 1160 panibus
1253 1134 1306 1155 non
1335 1127 1506 1154 fermentatis
1538 1131 1731 1158 vescerentur,

944 1174 1028 1202 Deum
1045 1178 1134 1201 tamen
1149 1173 1194 1206 iis,
1210 1173 1255 1208 qui
1270 1173 1399 1207 nequitiae
1411 1172 1574 1200 fermentum
1590 1173 1730 1207 abjiciunt,

944 1224 973 1248 et
985 1223 1178 1256 perpurgatum
1191 1227 1239 1247 cor
1256 1219 1366 1251 habent,
1382 1226 1432 1245 nec
1443 1218 1543 1254 impuri
1564 1223 1611 1245 aut
1625 1218 1730 1254 profani

944 1266 1090 1302 quidquam
1106 1269 1246 1301 appetunt,
1263 1268 1392 1301 tanquam
1415 1264 1551 1300 singulare
1568 1272 1665 1292 munus
1677 1264 1732 1292 lur-

945 1313 996 1347 giri
1010 1317 1038 1340 ut
1051 1317 1159 1340 aeternae
1172 1312 1234 1339 vitae
1247 1312 1302 1339 sint
1315 1311 1469 1346 participes.
1483 1312 1559 1345 Quod
1572 1317 1661 1339 autem
1677 1319 1730 1339 non

944 1359 1036 1386 liceret
1054 1366 1102 1394 per
1117 1359 1240 1386 umbram
1260 1358 1374 1394 legalem
1398 1358 1512 1392 adipisci
1532 1365 1623 1385 veram
1646 1358 1732 1385 honc-

944 1409 1053 1438 statem,
1075 1411 1161 1439 neque
1181 1412 1263 1438 porro
1278 1404 1310 1431 ad
1326 1403 1409 1430 Deum
1434 1408 1509 1430 recta
1532 1404 1732 1439 quodammodo

943 1456 1066 1484 pergere,
1079 1449 1291 1476 animadvertere
1306 1448 1379 1481 licet,
1391 1448 1459 1475 lsaia
1474 1455 1508 1475 ex
1520 1455 1634 1482 persona
1647 1448 1732 1476 Israe-

945 1495 1054 1522 litarnm
1071 1495 1155 1522 Deum
1168 1495 1194 1522 in
1213 1495 1283 1522 hunc
1298 1495 1407 1522 modum
1422 1493 1574 1528 alloquenle
1588 1503 1596 1522 :
1617 1504 1627 1521 ι
1645 1495 1732 1522 Sedu-

107 1537 144 1563 τὰ
157 1537 270 1572 νόμιμα,
283 1536 343 1563 τίνα
354 1535 453 1571 τρόπον
464 1544 471 1568 ;
484 1535 528 1567 Ὠς
540 1536 607 1571 πρός
620 1545 661 1570 γε,
674 1537 754 1572 φημὶ,
767 1537 817 1572 τῆς
829 1537 891 1572 ἀλη-

945 1541 1008 1569 xisti
1020 1541 1208 1574 nos,Domine,
1222 1541 1254 1568 de
1266 1540 1309 1567 via
1329 1544 1373 1568 tua
1385 1541 1407 1557 ’⁷
1419 1549 1427 1574 ;
1445 1549 1454 1566 ι
1468 1545 1495 1567 et
1508 1541 1588 1568 beato
1604 1540 1706 1569 Davide
1720 1549 1729 1569 :

105 1583 183 1614 θείας
207 1582 320 1613 κάλλος·
339 1581 545 1617 προφερεστέρα
567 1581 621 1617 γὰρ
644 1582 818 1618 ἀσυγκρίτως
838 1583 893 1610 τῶν

105 1629 278 1663 αἰνιγμάτων
301 1627 425 1664 ἀλήθεια.
442 1628 529 1663 Ετπερ
543 1628 616 1654 ἐστὶν
630 1628 660 1654 οὐ
675 1629 894 1665 κατεψευσμένον

105 1676 145 1707 ὼς
160 1676 216 1707 τοῖς
237 1675 287 1710 μὲν
310 1674 340 1706 ἐξ
361 1674 479 1709 αἵματος
498 1673 606 1709 Ἰσραὴλ
622 1674 735 1709 οὐδεμία
755 1674 894 1707 παντελῶς

105 1722 201 1758 ὄνησις
222 1718 267 1757 ἧν,
285 1720 323 1753 ὡς
345 1721 399 1748 ἀπό
414 1729 446 1754 γε
463 1719 510 1746 τοῦ
531 1720 586 1746 δεῖν
607 1720 705 1755 ἄρτους
729 1720 829 1748 ἐσθίειν
844 1721 894 1747 οὐκ

108 1767 304 1802 ἐζυμωμένους
318 1786 325 1799 ,
349 1767 406 1798 τοῖς
427 1775 458 1801 γε
478 1765 530 1801 μὴν
552 1765 603 1801 τῆς
622 1766 790 1801 φαυλότητος
805 1767 893 1802 ζύμην

107 1813 301 1849 ἐξωθουμένοις
315 1813 362 1840 καὶ
382 1812 584 1848 διεσμηγμένην
602 1811 693 1847 ἔχουσι
706 1812 756 1848 τὴν
770 1813 892 1848 καρδίαν,

106 1860 156 1887 καὶ
171 1859 268 1895 μιαρὸν
283 1859 300 1895 ἢ
313 1859 426 1894 βέϐηλον
444 1858 587 1893 ἀγαπῶσιν
600 1857 686 1891 οὐδὲν,
702 1858 787 1894 γέρας
800 1858 893 1895 ὥσπερ

107 1906 248 1941 ξξαὶρετον
259 1905 418 1941 ἑκνενόμικε
432 1905 497 1936 Θεὸς
513 1905 543 1932 τὸ
557 1905 656 1941 χρῆναι
673 1905 833 1939 μεταλαχεῑν
843 1906 894 1940 τῆς

106 1953 147 1983 είς
167 1951 251 1977 αἰῶνα
273 1950 357 1986 ζωῆς.
372 1950 434 1977 Ὅτι
449 1950 477 1977 δὲ
491 1950 536 1977 διὰ
547 1950 597 1985 τῆς
613 1950 642 1975 ἐν
656 1950 731 1985 νόμῳ
747 1951 826 1981 σκιᾶς
843 1950 893 1976 οὑκ

104 1995 140 2033 ἦν
157 1996 301 2032 ἐφικέσθαι
314 1997 363 2031 τῆς
379 1996 493 2032 ἀληθοῦς
510 1995 637 2028 εὐζωῖας,
655 1995 717 2022 οὔτε
736 1996 788 2031 μὴν
801 1995 834 2022 δι’
847 1996 893 2022 εὑ-

106 2042 183 2073 οείας
205 2041 299 2078 ὥσπερ
321 2042 388 2068 ἱέναι
415 2041 482 2076 πρὸς
504 2041 580 2074 Θεὸν,
601 2041 772 2077 καταθρήσαί
793 2050 834 2073 τις
859 2042 892 2068 ἂν

111 2087 223 2114 Ἡσαΐου
241 2087 289 2122 μὲν
309 2086 432 2121 λὲγοντος
457 2087 489 2113 ὲκ
504 2086 650 2122 προσώπου
664 2086 718 2114 τῶν
735 2086 764 2120 ἐξ
787 2087 893 2122 Ἰσραὴλ

105 2133 175 2169 πρὸς
190 2133 267 2166 Θεὸν,
282 2133 323 2160 ὅτι
339 2143 348 2159 I
370 2133 543 2168 Ἐπλάνησας
557 2132 641 2168 ἡμᾶς,
655 2132 753 2168 Κύριε,
771 2132 826 2159 ἀπὸ
843 2133 893 2168 τῆς

105 2179 167 2205 ὁδοῦ
195 2187 257 2205 σου·
277 2188 287 2205 ι
312 2178 358 2205 τοῦ
381 2178 410 2205 δὲ
428 2179 562 2214 μακαρίου
584 2178 685 2205 Δαϐίδ·
706 2187 716 2204 ‹
739 2178 892 2211 Ἐξέκλινας

948 1596 958 1614 ι
975 1587 1247 1622 Declinaslisemitas
1259 1590 1366 1614 nostras
1380 1593 1395 1612 a
1417 1586 1461 1613 via
1483 1590 1527 1612 tua
1547 1586 1580 1612 ’⁸.
1600 1595 1609 1612 ι
1628 1586 1730 1614 Semita

944 1633 1017 1661 enim
1037 1633 1128 1660 brevis
1147 1640 1179 1659 ac
1199 1632 1297 1665 facilis,
1313 1639 1374 1668 qua;
1384 1632 1458 1660 ducit
1482 1631 1516 1659 ad
1540 1632 1635 1664 Deum,
1651 1637 1730 1668 typus

945 1685 999 1705 non
1023 1681 1076 1710 est,
1096 1680 1126 1704 ut
1144 1676 1210 1710 dixi,
1222 1684 1239 1704 ο
1259 1678 1349 1704 bone:
1364 1677 1410 1704 sed
1433 1676 1533 1704 veritas
1552 1677 1655 1711 potius,
1669 1684 1731 1711 quae

944 1722 971 1749 in
992 1723 1050 1757 ipso
1063 1722 1206 1757 ﬁguratur.
1221 1722 1287 1748 Cum
1306 1726 1395 1748 autent
1407 1728 1546 1749 sacrarum
1559 1721 1729 1749 Litterarum

945 1768 1102 1796 criminator
1125 1767 1169 1796 ille
1187 1768 1270 1800 dicat,
1289 1775 1376 1802 neque
1393 1767 1475 1794 aliam
1497 1767 1584 1802 legem
1599 1767 1730 1795 lsraelitis

944 1815 1063 1842 universi
1076 1814 1160 1841 Deum
1173 1814 1278 1849 uspiam
1293 1813 1460 1849 promisisse,
1475 1821 1562 1849 neque
1572 1821 1636 1842 vero
1646 1815 1729 1842 ullam

944 1861 1140 1888 correctionem
1172 1859 1296 1887 Mosaicis
1323 1860 1465 1894 prmeeptis
1490 1859 1645 1887 adhibuisse
1668 1871 1674 1886 :
1702 1860 1728 1887 in

943 1908 1058 1938 utroque
1070 1903 1178 1930 mentiri
1194 1903 1314 1931 conabor
1330 1904 1482 1935 ostendere,
1498 1903 1580 1939 324
1592 1905 1730 1939 prophetat

950 1957 1015 1977 voce
1027 1951 1053 1977 in
1069 1950 1185 1977 medium
1204 1949 1296 1981 allata,
1310 1957 1368 1984 qua:
1389 1950 1427 1976 sic
1443 1950 1543 1977 habet:
1559 1959 1569 1975 ι
1586 1950 1657 1978 Ecce
1672 1951 1730 1979 dies

943 1996 1063 2029 veniunt,
1072 1996 1136 2023 dicit
1145 1996 1283 2028 Dominus,
1294 2000 1320 2022 et
1328 1997 1521 2024 consummabo
1530 2003 1611 2031 super
1619 1996 1729 2024 domum

943 2042 1036 2074 lsrael,
1048 2047 1075 2070 et
1090 2050 1171 2077 Super
1192 2042 1302 2069 domum
1318 2041 1386 2069 Juda
1403 2047 1593 2069 testamentum
1610 2050 1728 2077 novum;

943 2096 996 2116 non
1011 2088 1158 2116 secundum
1174 2092 1376 2119 testamentum,
1390 2088 1461 2122 quod
1477 2088 1596 2122 disposui
1608 2089 1730 2123 patribus

943 2139 1037 2160 eorum
1064 2132 1091 2160 in
1111 2132 1155 2159 die
1177 2139 1239 2159 cum
1265 2131 1429 2167 apprehendi
1445 2139 1495 2166 ego
1511 2139 1620 2159 manum
1634 2139 1729 2159 eorum

945 2178 977 2204 ad
990 2177 1157 2205 educendum
1174 2184 1222 2205 eos
1246 2180 1280 2204 de
1300 2175 1410 2211 Egypti
1432 2181 1522 2209 terra;
1538 2177 1601 2211 quia
1622 2177 1674 2205 hoc
1688 2183 1731 2204 est

104 2224 153 2255 τὰς
168 2224 278 2259 τρίδους
297 2223 375 2259 ἡμῶν
397 2223 450 2249 ἀπὸ
472 2223 520 2258 τῆς
534 2222 594 2249 ὁδοῦ
619 2230 676 2250 σου.
697 2232 706 2248 ι
725 2222 821 2258 Τρίὸοι,
838 2223 891 2257 γὰρ

947 2227 1146 2256 testamentum,
1159 2223 1230 2257 quod
1247 2222 1387 2256 disponam
1410 2223 1450 2250 eis
1463 2222 1490 2249 in
1505 2223 1600 2250 diebus
1612 2223 1676 2255 illis,
1689 2224 1730 2250 di-

105 2268 201 2303 ὥσπερ
216 2268 280 2303 ψιλὴ
295 2268 342 2295 καὶ
368 2268 497 2302 εὐήλατος
514 2267 720 2302 ἀποκομίζουσα
733 2268 801 2303 πρὸς
815 2268 892 2299 Θεὸν,

103 2315 142 2346 ὡς
157 2315 234 2350 ἔφην,
249 2316 297 2350 οὐχ
309 2317 323 2341 ὁ
335 2315 430 2346 τύπος,
447 2312 469 2341 ὧ
482 2316 542 2347 τᾶν,
559 2314 616 2341 ἀλλ’
631 2315 687 2350 ὴὲν
698 2314 773 2349 αὐτῷ
788 2323 892 2350 γραφο-

107 2361 174 2396 μένη
190 2361 289 2397 μᾶλλον
304 2361 427 2396 ἀλήθεια.
448 2360 558 2395 Ἐπειδὴ
572 2361 600 2387 δὲ
617 2369 699 2397 φησιν
717 2362 731 2387 ὁ
744 2361 798 2387 τῶν
813 2361 892 2396 ἱερῶν

105 2407 280 2442 γραμμάτων
293 2407 455 2442 κατήγορος,
469 2407 538 2442 μήτε
552 2407 633 2442 νόμον
652 2406 744 2441 ἕτερον
759 2406 892 2441 ἐπαγγεί-

105 2452 202 2478 λασθαί
216 2461 267 2479 που
282 2453 339 2483 τοῖς
349 2452 378 2484 ἐξ
398 2452 506 2487 Ἰσραὴλ
521 2451 567 2478 τὸν
581 2451 635 2478 τῶν
650 2451 718 2478 ὅλων
732 2451 808 2485 Θεὸν,
824 2452 894 2487 μήτε

106 2499 358 2534 μὴνιὲπανόρθωσίν
372 2507 432 2525 τινα
446 2500 502 2530 τοῖς
514 2498 558 2525 διὰ
574 2498 696 2530 Μωσέως
709 2497 890 2534 τεθεσπισμέ-

104 2553 159 2576 νοις
178 2545 347 2578 ἐπενεγκεῖν,
362 2543 581 2579 ψευδηγοροῦντα
593 2544 653 2571 κατ’
665 2543 749 2578 ἄμφω
761 2543 889 2577 διαδεῐξαι

105 2591 284 2625 πειράσομαι,
297 2591 440 2626 Προφήτου
454 2590 546 2626 φωνὴν
558 2589 692 2624 παραθεὶς
701 2589 814 2624 ἔχουσαν
826 2589 874 2617 ὡδί
883 2599 889 2605 ε

107 2646 116 2663 ι
139 2637 205 2664 Ἰδοὺ
221 2636 324 2672 ἡμέραι
342 2636 487 2672 ἔρχονται,
505 2636 579 2670 λέγει
596 2635 709 2671 Κύριος,
724 2637 772 2662 καὶ
798 2644 892 2662 συντε-

103 2683 173 2710 λέσω
189 2683 236 2709 ἐπὶ
252 2683 298 2709 τὸν
311 2681 385 2710 οἷκον
406 2683 525 2718 Ἰσραὴλ,
541 2683 589 2709 καὶ
600 2683 646 2710 ἐπὶ
657 2682 703 2709 τὸν
719 2680 793 2709 οἷκον
808 2683 893 2710 Ἰούδα

104 2730 235 2764 διαθήκην
251 2729 358 2764 καινὴν,
377 2729 408 2756 οὺ
422 2729 494 2756 κατὰ
510 2728 558 2763 τὴν
573 2728 704 2764 διαθήκην
721 2727 755 2763 ἢν
767 2727 894 2762 διεθέμην

104 2776 158 2808 τοῖς
173 2776 308 2811 πατράσιν
329 2775 438 2808 αὐτῶν,
461 2775 490 2802 ὲν
512 2774 603 2811 ἡμέρᾳ
629 2773 826 2809 ἐπιλαϐομένου
845 2774 894 2808 τῆς

122 2854 146 2872 ³⁸
160 2853 258 2883 Ezech.
277 2862 323 2887 .u,
339 2854 432 2882 21-25.
471 2855 493 2870 ³⁷
506 2854 554 2882 lsa.
572 2862 648 2887 LXIII,
671 2854 711 2881 l7.
754 2853 858 2881 “Psal.
880 2860 957 2888 XLIII,
977 2853 1020 2882 l9.
1057 2853 1080 2869 θ’
1093 2851 1193 2880 Jercm.
1207 2861 1282 2881 xxxt.
1303 2852 1399 2880 51-53.

943 2271 980 2298 cit
995 2269 1147 2297 Dominus:
1166 2269 1234 2296 dans
1244 2268 1318 2303 leges
1342 2275 1417 2295 meas
1436 2268 1462 2295 in
1484 2273 1598 2296 mentem
1622 2276 1728 2301 eorum,

943 2319 971 2342 et
987 2315 1015 2342 in
1032 2314 1159 2342 cordibus
1171 2321 1265 2341 eorum
1280 2314 1427 2341 inscribam
1439 2321 1485 2341 eas
1501 2314 1535 2340 ν’,
1551 2323 1560 2339 ι
1579 2313 1654 2347 Quod
1667 2323 1727 2341 cunI

942 2362 1043 2396 optime
1068 2368 1176 2395 quoque
1201 2364 1292 2387 nosset
1316 2360 1533 2394 sapientissimus
1551 2360 1594 2387 ille
1618 2360 1727 2392 Paulus,

943 2407 1083 2435 nonnullis
1099 2406 1194 2433 scribit
1204 2411 1232 2433 et
1241 2406 1279 2433 ait
1298 2414 1306 2433 :
1324 2415 1334 2432 ι
1352 2405 1468 2439 Epistola
1482 2410 1574 2432 nostra
1589 2413 1637 2433 vos
1650 2406 1728 2438 estis,

949 2461 1010 2488 quae
1032 2453 1119 2480 scitur
1145 2452 1178 2479 ab
1200 2451 1327 2479 omnibus
1354 2451 1508 2478 hominibus
1527 2460 1535 2478 :
1566 2451 1728 2478 Inanil'estati

944 2499 1016 2534 quod
1042 2498 1154 2533 epistola
1176 2497 1243 2525 estis
1267 2496 1382 2529 Christi,
1397 2497 1550 2523 ministrata
1566 2505 1581 2524 a
1602 2497 1689 2528 nobis,
1703 2502 1730 2524 et

942 2546 1041 2580 scripta
1055 2552 1107 2572 non
1122 2547 1282 2576 atramento,
1294 2543 1340 2570 sed
1350 2542 1459 2577 ‘Spiritu
1472 2541 1518 2569 Dei
1533 2543 1616 2570 vivi‘.
1634 2553 1643 2568 ι
1661 2542 1728 2570 Nam

941 2599 1003 2619 cum
1024 2590 1093 2618 Deus
1103 2590 1179 2617 nobis
1195 2589 1325 2616 immittat
1349 2587 1472 2616 notitiam
1495 2596 1550 2616 suae
1571 2589 1725 2622 voluntatis,

943 2642 970 2664 at
989 2644 1036 2671 per
1050 2636 1229 2672 cognitionem
1255 2635 1381 2662 cordibus
1399 2634 1518 2661 ﬁdelium
1541 2634 1671 2662 inscribat
1684 2642 1728 2666 ea,

944 2689 990 2716 per
1016 2688 1075 2715 qua:
1103 2680 1269 2707 sanctissimi
1293 2680 1419 2711 evadant,
1441 2679 1486 2714 qui
1513 2679 1570 2706 ﬁeri
1593 2684 1681 2713 potest
1699 2685 1729 2706 ut

945 2727 1038 2754 umbra
1057 2734 1109 2753 non
1126 2726 1162 2753 sit
1177 2725 1299 2752 inutilis?
1314 2724 1398 2752 Porro
1419 2724 1462 2752 lex
1478 2731 1531 2751 non
1558 2724 1728 2752 additamen-

946 2779 1012 2807 tum,
1034 2781 1087 2801 non
1111 2772 1316 2800 diminutionem
1343 2772 1478 2807 patiatur;
1502 2774 1530 2797 at
1556 2773 1648 2799 eadem
1675 2772 1727 2798 erit

1732 2575 1739 2598 ί

1448 2854 1456 2868 ¹
1469 2852 1489 2880 ll
1510 2852 1574 2880 Cor.
1591 2859 1632 2884 ιιι,
1651 2851 1677 2886 2,
1695 2851 1722 2878 5.
