1894 3056
89 150 104 176 1
110 149 162 176 001

660 144 797 173 CONTRA
818 143 992 172 JULIANU“
1013 142 1077 170 LIB.
1098 142 1131 170 X.

1651 138 1720 167 1009.

89 205 166 234 εἶναι
177 213 254 240 φησι,
270 204 317 230 καὶ
332 202 492 239 ὲληλὲγχθαι
508 203 552 229 διὰ
567 201 614 228 τοῦ
631 203 747 235 Παύλου,
765 202 802 234 ὣς
817 211 882 229 ποτε

943 202 980 233 'it,
995 207 1074 235 atque
1088 209 1102 227 ιι
1121 199 1201 226 Paulo
1223 199 1425 234 reprehensum,
1440 198 1509 232 quod
1524 197 1604 224 modo
1616 196 1722 224 Gram-o-

90 253 148 287 μὲν
165 253 221 282 τοῖς
248 250 380 285 Ἑλλήνων
394 249 466 276 ἔθεσι
486 248 580 284 διαζῇν
601 249 792 281 σπουδάζοντα,
815 249 882 276 ποτὲ

89 298 122 324 δὲ
139 298 193 329 τοῖς
214 295 356 327 Ἰουδαίων,
371 294 512 330 ἡγνοηκὼς
528 295 644 322 εισάπαν
660 296 709 330 τὴν
723 295 752 321 ἐν
771 304 802 329 γε
819 294 882 321 τού-

90 351 153 374 τοις
169 341 380 377 εὐτεχνεστάτην
407 341 575 376 οἰκονομίαν.
602 341 639 367 Οὐ
661 341 714 376 γὰρ
735 339 769 376 ἦν
792 342 884 376 ἑτερο-

92 386 214 422 γνώμων
229 386 243 413 6
259 385 392 421 μαθητὴς,
412 385 469 413 ἀλλ’
487 385 533 411 ἐπὶ
553 385 649 421 καιροῦ
666 387 725 418 ταῖς
743 384 880 420 καθηκού-

93 441 159 465 σαις
175 431 340 467 οἰκονομίαις
354 430 503 467 χρώμενος,
519 431 563 458 διὰ
575 431 675 467 τρόπου
692 431 792 463 παντὸς
807 431 880 465 ὠφε-

91 476 154 504 λεῖν
181 475 330 508 ἐσπούδαζε
353 476 417 507 τοὺς
441 476 601 510 προσιόντας
615 476 699 511 αὐτῷ,
721 475 831 511 Ἐπειδὴ
854 476 882 502 δὲ

94 522 264 558 μονότροπος
272 519 306 557 ἧν
316 523 330 548 ὁ
339 521 472 557 μακάριος
481 521 595 555 Παῦλος,
604 523 743 557 ὑπέμνησε
751 523 880 558 προσιών.

101 568 214 595 Ἐδεδιει
232 567 286 604 γὰρ
308 567 345 603 μὴ
361 568 415 603 ἄρα
431 569 519 603 πωςή
537 568 632 602 σκέψις
653 568 783 603 ἁγνοηθῇ,
807 568 854 594 καὶ
868 568 883 594 ὁ

93 613 148 648 τῆς
161 613 314 649 οἰκονομίας
326 613 426 649 τρόπος
440 613 555 649 ἀδικήσῃ
571 613 655 645 τινάς.

133 701 145 716 ⁵
158 699 248 728 Galat.
263 707 296 732 ιι,
315 700 408 727 Ιὶ-Ιᾷ.

459 873 573 916 ΤΟΥ
608 873 680 915 ΕΝ
716 872 896 915 ΑΓΙΟΙΣ

937 255 1006 279 rum,
1031 247 1109 274 modo
1129 246 1281 274 Juda'orum
1306 244 1357 271 ritu
1377 244 1466 270 vivere
1489 242 1577 275 vellet,
1593 242 1720 277 ignorans

938 294 1016 328 plane
1039 292 1203 328 singularem
1231 291 1256 318 in
1287 291 1337 318 biS'
1362 289 1465 317 consilii
1495 289 1636 315 rationein.
1662 287 1720 315 Non

933 339 1005 366 enim
1022 339 1126 366 diversa
1141 337 1275 365 sentiebat
1291 336 1335 363 ille
1353 335 1510 370 discipulus,
1535 335 1581 361 sed
1600 341 1720 368 congrua

935 384 1119 412 moderatione
1135 382 1293 418 tempestive
1318 386 1406 414 utens,
1425 381 1497 407 omni
1515 380 1617 407 ratione
1638 380 1720 414 prod-

935 439 995 459 esse
1020 431 1052 458 iis
1070 430 1206 462 studebat,
1221 429 1265 464 qui
1283 428 1315 454 ad
1336 435 1366 455 se
1390 428 1521 454 venirem.
1539 426 1605 454 Cum
1630 430 1718 452 autem

935 477 995 503 nuis
1013 476 1108 503 ritibus
1121 474 1246 501 addictus
1260 478 1331 501 esset
1346 474 1439 500 beatus
1455 472 1564 502 Paulus,
1576 478 1720 506 aggressus

935 519 1172 550 commonefecit!
1188 519 1406 546 Metuebatcnitn
1432 525 1464 545 ne
1491 517 1654 551 propositum
1684 516 1720 541 lu-

936 571 1013 599 tcret,
1033 571 1060 593 et
1081 565 1126 592 ille
1151 564 1322 599 dispensandi
1343 563 1437 591 modus
1463 561 1604 590 nonnullos
1635 560 1720 587 offert-

936 613 1023 640 deret.

1300 797 1619 802 —..____...—
1626 795 1721 802 —————

934 871 1149 914 ΠΑΤΡΟΣ
1186 871 1349 914 ΗΜΩΝ

622 965 1202 1053 ΚΥΡΙΛΛΟΥ

188 1122 335 1166 ΥΠΕΡ
369 1121 477 1165 ΤΗΣ
513 1119 626 1164 ΤΩΝ
661 1117 995 1164 ΧΡΙΣΤΙΑΝΩΝ
1032 1117 1287 1161 ΕΥΑΓΟΥΣ
1324 1116 1632 1161 ΘΡΗΣΚΕΙΑΣ

567 1212 664 1239 ΠΡΟΣ
685 1212 727 1237 TA
750 1210 821 1237 ΤΟΥ
835 1209 884 1236 EN
902 1210 1039 1236 ΑΘΕΟΙΣ
1057 1209 1261 1236 ΙΟΥΛΙΑΝΟΥ

565 1293 828 1355 ΛΟΓΟΣ
871 1295 1245 1355 ΔΕΚΑΤΟΣ.

501 1531 580 1611 S.
642 1536 727 1609 P.
789 1535 881 1612 N.

945 1532 1332 1610 CYRILLI

261 1673 381 1720 PRO
418 1674 636 1720 SANCTA
674 1675 1174 1721 CHRISTIANORUM
1215 1673 1577 1737 RELIGIONE,

580 1771 775 1801 ADVERSUS
796 1771 930 1801 LIBROS
952 1771 1065 1801 ΛΤΗΕΙ
1086 1771 1234 1802 JULIANI

666 1862 842 1907 LIBER
882 1861 1161 1907 DECIMUS.

145 2034 260 2071 Ἀκριϐῆ
278 2035 339 2071 μὲν,
351 2034 389 2067 ὥς
401 2043 434 2070 γε
454 2033 542 2069 οἶμαι.
557 2033 604 2061 τὸν
618 2034 683 2069 περί
694 2042 726 2068 γε
747 2034 797 2069 τῆς
821 2035 890 2062 κατὰ

976 2034 1059 2070 326
1071 2034 1205 2061 Accurate
1220 2034 1339 2069 quidem,
1355 2039 1384 2062 ut
1403 2043 1474 2068 reor,
1492 2037 1525 2064 de
1542 2038 1634 2065 umbra
1651 2038 1727 2073 legali

104 2082 186 2117 νόμον
208 2081 287 2113 σκιᾶς
307 2080 482 2116 πεποιήμεθα
500 2079 589 2113 λόγον,
615 2079 724 2106 διώκειν
742 2080 816 2114 ἡμᾶς
838 2080 889 2106 οὐκ

104 2125 152 2154 οἷδ’
164 2127 237 2158 ὂτυς
251 2127 474 2162 ἐπιχειρήσαντος
493 2125 539 2152 τοῦ
556 2125 606 2159 τῆς
627 2123 755 2159 ἀληθείας
780 2124 888 2159 ἐχθροῦ,

107 2173 153 2200 καὶ
169 2172 343 2207 παρανομίας
365 2172 474 2207 γραφὴν
493 2170 645 2202 ἁλλοκότως
666 2171 814 2204 ἐπάγοντος
833 2171 890 2202 τοῖς

107 2219 146 2245 ὅτι
170 2217 291 2254 μάλιστα
317 2217 382 2249 τοὺς
410 2217 497 2247 Θείους
522 2215 715 2251 ἁποπεραινειν
739 2216 838 2251 νόμους
860 2213 889 2242 εὖ

110 2265 180 2300 μάλα
195 2263 365 2298 διεγνωκόσι,
381 2262 560 2298 λογικώτερὸν
576 2270 606 2289 τε
620 2262 668 2288 καὶ
681 2261 890 2297 ἀκριϐέστερον,

107 2310 178 2346 ἥπερ
189 2311 213 2337 oi
230 2309 318 2344 ψιλοῖς
336 2308 384 2335 καὶ
401 2309 492 2344 μόνοις
507 2307 694 2342 ὲνομιλοῦντες
713 2308 769 2339 τοῖς
783 2307 890 2339 τύποις.

115 2355 220 2391 Ἐπειδὴ
239 2355 268 2382 δὲ
286 2355 342 2382 τῶν
364 2354 426 2381 καθ’
441 2355 514 2390 ἡμᾶς
527 2354 715 2388 ἀκατάψεκτον
732 2353 796 2388 παρ’
818 2354 892 2388 αὐτῷ

109 2399 246 2432 παντελῶς
259 2399 346 2431 οὐδὲν,
363 2400 417 2426 ἰδοὺ
431 2399 463 2434 δὴ
479 2400 525 2426 καὶ
539 2399 642 2434 ἑτέροις
653 2399 747 2432 ὥσπερ
762 2400 835 2433 ἡμᾶς
851 2400 892 2425 αι-

109 2447 236 2482 τιάμασιν
263 2446 355 2478 ἐνιεὶς,
386 2446 435 2473 καὶ
463 2446 554 2477 αὐτοῖς
578 2446 806 2480 ἀντεπενηνέχοαι
826 2446 892 2479 φησὶ

110 2494 162 2525 τοῖς
186 2492 274 2527 ἁγίοις
292 2493 491 2528 μυσταγωγοῖς,
508 2492 554 2518 καὶ
575 2491 740 2525 πεποιῆσθαι
756 2491 805 2526 μὲν
826 2491 891 2526 παρ’

111 2539 183 2565 οὐδὲν
207 2538 256 2573 τὴν
283 2537 466 2572 ἀποστολικὴν
497 2536 663 2571 παράδοσιν,
688 2536 840 2571 τραπέσθαι
864 2536 893 2562 δὲ

113 2584 220 2619 μᾶλλον,
234 2583 282 2610 καὶ
294 2583 372 2610 τοῦτο
384 2583 592 2617 ἀκαταψέκτως,
604 2581 676 2619 ᾗπερ
687 2582 720 2609 ἂν
734 2583 809 2617 ἡμᾶς
825 2583 893 2609 ἀπο-

113 2629 218 2665 φέροιτο
231 2629 336 2656 δοκοῦν.
354 2629 456 2663 Γράφει
470 2629 499 2655 δὲ
512 2629 583 2655 οὓτω
597 2629 677 2654 πάλιν
690 2637 696 2643 ·

411 2685 607 2712 ΙΟΥΛΙᾹΝΟΣ.

146 2742 222 2770 Οὕτω
236 2742 264 2769 δέ
284 2743 346 2769 ἐστε
364 2742 512 2777 δυστυχεῖς,
526 2741 596 2768 ὥστε
618 2741 678 2768 οὐδὲ
695 2741 751 2771 τοῖς
768 2740 819 2767 ὑπὸ
838 2741 893 2767 τῶν

115 2788 265 2815 ἀποστόλων
290 2788 355 2822 ὑμῖν
374 2787 598 2823 παραδεδομέναις
614 2787 830 2822 ἐκμεμενήκατε,
847 2787 894 2813 καὶ

907 2714 929 2743 C

940 2079 1128 2114 disseruimus,
1137 2087 1281 2108 accusante
1294 2088 1354 2113 nos,
1365 2082 1455 2109 nescio
1466 2090 1520 2117 quo
1529 2083 1618 2117 modo,
1631 2085 1729 2111 verita-

942 2126 975 2153 tis
989 2126 1067 2153 hoste
1083 2131 1111 2153 et
1126 2127 1357 2161 praevaricationis
1372 2127 1446 2155 litem
1466 2129 1582 2156 absurde
1599 2130 1676 2156 nobis
1689 2131 1729 2157 in-

943 2172 1080 2204 tendente,
1095 2173 1140 2207 qui
1149 2173 1255 2200 divinas
1266 2173 1339 2208 leges
1345 2175 1456 2209 exsequi
1467 2176 1587 2209 apprime
1595 2176 1727 2209 novimus,

942 2219 1157 2253 prudentiusque
1170 2224 1198 2246 et
1211 2220 1374 2252 accuratius,
1387 2227 1467 2254 quam
1480 2221 1525 2255 qui
1543 2221 1621 2249 nudis
1638 2229 1670 2249 ac
1684 2230 1729 2249 so-

943 2264 976 2291 lis
991 2263 1017 2291 in
1039 2264 1110 2299 typis
1138 2268 1290 2291 versantur.
1314 2264 1382 2292 Cum
1401 2270 1491 2292 autem
1513 2266 1579 2293 nihil
1593 2267 1662 2301 apud
1681 2276 1729 2294 nos
1746 2295 1749 2297 _

943 2309 1000 2344 eius
1015 2310 1122 2336 dentem
1143 2309 1278 2344 effugerit,
1299 2318 1362 2338 ecce
1385 2312 1491 2337 demum
1512 2311 1572 2339 aliis
1597 2313 1729 2347 quodam-

944 2356 1023 2382 modo
1039 2363 1089 2383 nos
1105 2355 1215 2390 insuper
1239 2356 1398 2383 criminibus
1426 2356 1557 2391 implicat,
1575 2363 1602 2384 et
1627 2359 1729 2385 sanctis

944 2401 1010 2435 ipsis
1021 2401 1205 2428 initiatoribus
1221 2409 1269 2429 nos
1283 2401 1432 2436 refragatus
1443 2402 1490 2434 ait,
1513 2407 1540 2429 et
1555 2403 1728 2437 apostolicam

946 2447 1119 2474 traditionem
1145 2447 1221 2474 nihili
1243 2447 1364 2480 duxisse,
1386 2455 1471 2481 eoque
1489 2449 1596 2483 impune
1613 2450 1728 2481 delatos,

945 2500 1000 2527 quo
1017 2500 1066 2520 nos
1087 2492 1210 2520 voluntas
1227 2492 1343 2527 impulit.
1366 2493 1467 2521 Scribit
1487 2497 1577 2520 autem
1594 2501 1686 2521 rursus
1702 2495 1729 2520 in

946 2538 1017 2566 bune
1034 2537 1142 2566 modum
1155 2547 1162 2564 ε

1200 2687 1280 2722 327
1295 2687 1472 2716 JULIANUS.

986 2742 1052 2769 Tam
1066 2742 1221 2770 infortunati
1238 2752 1301 2771 vero
1318 2745 1393 2777 estis,
1412 2749 1440 2771 ut
1453 2752 1487 2771 ne
1503 2747 1655 2774 manseritis
1676 2748 1732 2782 qui-

949 2789 1009 2815 dem
1030 2789 1056 2816 in
1080 2789 1123 2821 iis,
1139 2796 1198 2824 quae
1220 2790 1294 2816 vobis
1325 2792 1358 2816 ab
1384 2791 1512 2825 apostolis
1535 2797 1597 2818 sunt
1613 2794 1727 2820 tradita:

115 2833 193 2860 ταῦτα
207 2834 235 2860 δὲ
250 2834 297 2859 ἐπὶ
315 2833 345 2859 τὺ
358 2835 447 2868 χεῖρον
468 2831 516 2859 καὶ
535 2832 744 2867 δυσσεϐέστερον
767 2832 818 2858 ὑπὸ
839 2833 890 2858 τῶν

947 2841 1034 2869 eaque
1061 2834 1159 2862 fuerint
1186 2835 1220 2862 ab
1238 2835 1344 2862 illorum
1363 2837 1480 2870 posteris
1497 2837 1589 2870 majori
1614 2839 1730 2873 nequrtia

251 2894 388 2924 Ριτιιοι.
410 2893 468 2923 Gn.
485 2891 615 2923 LXXW.

1515 2894 1551 2924 32
