1894 3056
191 126 260 154 1003

695 124 724 150 S.
746 121 881 150 CVRILLI
902 117 1136 148 ALEXANDRINI
1154 120 1315 151 ARCHIEP.

1752 123 1828 151 ION

188 192 213 212 et
238 185 375 220 illlpit‘lale
401 189 526 211 tractata.
553 182 644 210 Jesnm
664 183 766 220 quippe
790 182 863 209 illiilli
892 189 963 214 nequ

1030 181 1228 216 ἐπιγινομένων
1261 181 1434 217 ἐξειργάσθη.
1451 181 1503 208 Τὸν
1529 182 1593 216 γοῦν
1625 181 1735 217 Ἰησοῦν
1762 182 1828 208 οὔτε

187 231 285 258 Paulus
311 232 392 257 Deum
415 231 505 257 dicere
525 236 607 256 ausus
632 234 685 262 est,
709 236 796 263 neque
811 227 969 258 Mattheus,

186 285 274 312 neque
295 273 393 308 Lucas,
409 283 497 310 neque
514 275 640 308 Marcus;
664 275 711 302 sed
727 274 813 303 bonus
832 275 876 301 ille
889 273 971 301 Joan-

186 331 244 355 nes,
258 330 317 349 cum
335 322 466 349 sensisset
479 329 604 356 magnam
619 321 819 348 multitudinem
831 321 859 347 in
876 319 972 355 pleris-

186 375 239 403 que
258 367 370 395 urbibus
390 367 492 395 Grzecis
511 372 539 394 et
562 366 664 395 Italicis
684 367 740 402 jam
756 371 810 394 tum
827 374 859 394 eo
877 366 972 394 morbo

186 419 292 450 captam
306 421 387 441 esse:
406 414 573 448 audiretque,
589 414 695 448 opinor,
713 417 887 440 monumenta
903 419 972 446 quo-

185 466 238 494 que
253 458 322 486 Petri
335 463 363 486 et
377 457 462 490 Pauli,
477 458 546 486 clam
561 458 681 493 quidem,
695 459 743 486 sed
761 463 851 486 tamen
867 458 972 486 audiret

186 512 216 531 ea
231 504 294 536 coli,
313 504 417 539 primus
431 504 457 531 id
469 504 584 538 prodere
601 512 683 532 ausus
701 508 753 532 est.

221 546 320 575 Paucis
331 552 420 575 autem
434 548 467 576 de
485 547 590 576 Joanne
602 547 723 584 Baptista
740 549 970 582 commemoratis,

186 600 293 620 rursum
315 595 348 621 ad
372 593 486 621 Verbum
498 614 507 628 ,
528 595 598 629 quod
613 595 648 622 ab
667 594 725 630 ipso
740 595 909 630 praedicatur,
928 603 972 623 re-

186 647 297 671 versus,
322 649 332 666 ‹
350 639 384 666 Et
406 639 533 673 Verbum,
559 640 656 675 inquit,
674 647 738 668 caro
761 640 860 668 factum
879 645 930 673 est,
945 645 973 668 et

185 685 316 712 habitavit
337 685 362 711 in
377 684 454 712 nobis
468 686 479 701 '
489 694 497 719 ;
509 695 518 711 ι
535 685 581 713 sed
593 686 737 719 quomodo,
749 686 837 713 dicere
850 686 970 718 veritus;

185 731 335 758 nullatenus
356 736 445 758 autem
470 731 557 766 ipsum
576 739 661 766 neque
675 731 779 764 Jesum,
796 740 881 767 neque
895 731 972 759 Chri-

184 781 253 802 stum
272 776 396 811 appellat,
426 784 510 811 usque
524 784 556 803 eo
571 777 633 803 dum
649 776 731 803 Deum
745 784 775 804 ac
789 775 906 804 Verbum
924 784 972 803 no-

184 823 268 850 minet
294 831 301 849 :
328 824 375 850 sed
395 823 494 849 sensim
517 827 544 849 et
567 822 635 850 clam
660 822 752 849 fallens
775 822 972 857 quodammodo

184 873 291 896 nostras
304 875 392 901 aures_
402 868 532 895 Joannem
546 867 696 903 Baptistam
711 868 748 895 ait
758 869 808 895 hoc
818 869 850 896 de
861 869 969 896 Christo
986 859 1007 888 Β

182 912 245 940 Jesu
265 914 447 940 testimonium
474 914 656 948 perhihuisse.
679 914 804 941 nimirum
827 915 897 942 hunc
910 922 970 942 esse

182 967 261 993 quem
280 964 404 994 oporteat
417 960 528 986 credere
544 959 626 986 Deum
642 966 703 987 esse
717 958 844 986 Verbum.

483 1017 666 1046 CYRILLUS.

219 1073 326 1108 Ecquod
340 1082 416 1106 Vero,
429 1082 520 1108 qu-eso
544 1079 581 1107 te,
600 1074 754 1101 mandatum
771 1074 967 1109 apostolicum",

182 1127 228 1147 seu
249 1127 372 1154 parvum,
395 1128 442 1147 seu
470 1128 607 1154 magnum,
623 1128 637 1146 a
656 1121 733 1147 nobis
758 1125 893 1148 servatum
915 1128 967 1148 non

179 1164 243 1193 est?
259 1165 327 1198 Quid
344 1166 369 1191 iu
385 1165 461 1199 pejus
480 1166 631 1192 traductum
645 1169 685 1193 est
700 1167 734 1193 ab
749 1173 842 1193 eorum
859 1173 968 1193 succes~

180 1211 300 1240 soribus.
313 1211 411 1245 quibus
428 1211 502 1237 verbi
517 1211 590 1238 vices
608 1219 621 1236 a
637 1210 692 1238 Deo
707 1211 876 1239 demandata:
893 1216 965 1244 sunt,

178 1257 278 1292 quique
299 1265 373 1283 sacra
390 1257 514 1292 dogmata
535 1265 586 1284 non
601 1258 721 1291 segniter
737 1259 965 1292 propugnaruut?

178 1302 206 1328 Si
220 1303 291 1328 enim
309 1302 398 1328 licebit
418 1303 548 1330 conviciis
570 1310 616 1329 eos
639 1308 776 1337 appetere,
796 1304 842 1338 qui
867 1305 966 1332 nullius

178 1347 301 1374 criminis
316 1348 352 1375 rei
376 1352 448 1380 sunt,
464 1347 543 1382 idque
559 1348 649 1376 facere
663 1349 782 1383 impune.
802 1350 858 1377 suis
874 1351 899 1377 in
915 1358 964 1378 nos

179 1394 305 1420 convitiis
330 1394 492 1427 triumphet;
520 1395 617 1429 quippe
635 1403 696 1422 cum
719 1396 785 1422 nihil
800 1395 906 1423 facilius
929 1397 964 1424 sit

182 1439 219 1470 ei,
237 1439 280 1465 cui
302 1447 350 1474 pro
367 1439 449 1466 nihilo
467 1443 507 1467 est
530 1439 706 1466 maledicendi
733 1441 861 1472 stmlium,
885 1449 964 1475 quam

182 1484 302 1515 mentiri,
324 1488 352 1510 et
382 1484 476 1511 alienae
501 1484 579 1511 fama;
605 1489 706 1512 temere
731 1486 883 1514 detrahere.
917 1487 963 1514 Sin

180 1533 270 1556 autem
308 1529 447 1556 existimat
481 1535 690 1557 consentaneam
728 1531 808 1558 dictis
830 1528 996 1567 factisqueC

176 1573 255 1600 ﬁdem
271 1580 331 1600 esse
349 1578 484 1608 oportere,
507 1582 540 1601 ne
559 1578 658 1601 temere
675 1577 844 1609 convitielur,
859 1577 905 1604 sed
921 1586 965 1604 ar-

176 1620 311 1653 gumentis
323 1620 411 1654 potius
431 1620 583 1647 convincat.
597 1620 641 1648 Sic
653 1621 725 1648 enim
743 1622 803 1656 ejus
823 1623 901 1650 dictis
917 1624 964 1651 ad-

179 1665 313 1692 hibebitur
330 1665 406 1693 lides.
425 1665 507 1693 Miror
528 1671 616 1693 autem
639 1667 710 1701 quod
727 1675 787 1694 cum
812 1669 910 1702 saepius
924 1670 964 1696 di-

175 1712 244 1738 vina:
261 1711 407 1746 Scriptura:
426 1712 506 1738 verba
529 1719 635 1739 sursum
662 1719 693 1739 ac
713 1712 838 1740 deorsum
855 1720 962 1747 verset.

174 1764 206 1782 ac
223 1757 351 1784 doctrinae
367 1757 465 1783 famam
485 1756 554 1783 haud
570 1757 708 1792 vulgarem
724 1764 848 1791 venetur,
871 1764 962 1788 tamen

175 1810 189 1828 a
205 1809 267 1829 vero
284 1811 395 1837 prorsus
411 1803 541 1830 exciderit
559 1811 568 1830 :
585 1803 655 1837 quod
670 1803 741 1830 enim
756 1804 880 1832 Christus
893 1806 963 1834 Deus

173 1849 218 1880 sit,
242 1857 329 1883 neque
353 1849 436 1884 328
459 1848 569 1876 Paulum
583 1849 696 1881 dixisse,
725 1857 812 1884 neque
830 1851 960 1883 Marcum,

172 1902 262 1928 neque
275 1894 445 1927 Maulueum,
465 1892 552 1929 neque
572 1893 684 1921 Lucam.
707 1895 742 1922 At
769 1896 791 1922 si
815 1897 860 1930 qui
879 1897 963 1925 velint

172 1948 263 1967 eorum
291 1941 390 1974 scriptu
415 1939 592 1974 perpendere.
619 1939 681 1967 licet
705 1939 800 1974 utique
820 1941 962 1969 manifeste

172 1986 263 2012 videre
288 1986 435 2012 divinitatis
460 1984 664 2020 dignationibus
689 1984 776 2018 ipsum
799 1985 834 2012 ab
850 1986 890 2013 eis
913 1993 960 2013 or-

172 2032 240 2061 nari,
256 2036 282 2058 et
295 2038 462 2066 quacunque
476 2031 519 2057 uni
534 2037 668 2064 suprema:
682 2037 714 2056 ac
727 2033 961 2065 praestantissimae

173 2076 209 2102 illi
232 2081 335 2102 natura:
363 2076 538 2106 conveniunt,
555 2083 586 2102 ea
601 2082 707 2109 quoque
724 2075 774 2110 ipsi
790 2077 889 2111 passim
905 2078 960 2105 tri-

171 2121 226 2152 bui,
247 2121 368 2154 adeoque
384 2121 463 2146 Deum
481 2119 567 2154 ipsum
583 2119 727 2146 nominari.
747 2119 824 2146 Unde
851 2121 959 2155 sapien-

171 2167 291 2193 tissimus
317 2165 359 2192 illc
386 2165 504 2192 Paulus:
524 2174 533 2190 ι
566 2165 697 2200 Optabam
726 2166 796 2192 enim
815 2174 866 2201 ego
891 2167 957 2201 ipse,

170 2212 266 2246 inquit,
288 2211 432 2237 anathema
452 2218 513 2237 esse
525 2218 541 2236 a
555 2210 664 2238 Christo
677 2219 725 2246 pro
735 2211 866 2239 fratribus
879 2213 956 2245 meis,
975 2207 996 2234 Ι)

170 2257 214 2292 qui
243 2262 304 2284 sunt
319 2256 426 2292 cognati
454 2255 506 2282 mei
533 2257 681 2283 secundum
696 2265 816 2289 carnem,
834 2258 880 2292 qui
893 2263 958 2285 sunt

169 2301 307 2332 lsraelitae,
325 2309 438 2335 quorum
462 2301 570 2335 adoptio
593 2305 634 2328 est
655 2301 783 2335 filiorum,
804 2307 832 2329 et
847 2302 956 2338 legisla-

169 2348 216 2379 tin,
233 2351 260 2373 et
283 2351 484 2377 testamentum,
502 2351 529 2372 et
543 2346 696 2380 promissa:
714 2355 827 2381 quorum
844 2351 955 2381 patres,

167 2399 195 2418 ct
206 2400 238 2418 ex
257 2392 353 2425 quibus
369 2391 544 2418 estChristns
558 2392 705 2418 secundum
718 2399 837 2425 carnem,
854 2393 899 2427 qui
916 2398 956 2419 est

167 2445 248 2472 super
260 2445 354 2463 omnes
367 2437 436 2463 Deus
456 2437 613 2464 benedictus
634 2437 659 2464 in
673 2437 782 2465 sa‘cula.
799 2437 884 2464 Amen
900 2438 920 2464 ⁸.
943 2447 951 2463 ι

168 2484 286 2517 Ecquam
302 2491 365 2510 vero
382 2489 419 2514 tu,
437 2488 533 2517 prater
549 2484 631 2515 hanc,
648 2491 741 2510 vocem
761 2484 841 2510 aliam
866 2485 954 2518 requi-

166 2529 230 2556 res?
250 2529 319 2556 Ecce
334 2529 418 2560 enim,
436 2536 511 2561 ecce,
532 2529 606 2556 illum
629 2530 776 2556 secundum
792 2537 901 2556 carnem
920 2537 953 2556 ex

166 2574 276 2606 Judaeis.
301 2574 352 2601 hoc
375 2580 417 2601 est
430 2575 581 2607 Christum,
596 2579 623 2602 ct
644 2574 727 2603 Deum
742 2583 822 2610 supra
837 2582 931 2602 omnes
946 2584 952 2601 :

169 2621 291 2654 adeoque
317 2620 487 2648 benedictum
523 2628 582 2648 esse
608 2627 715 2655 quoque
745 2621 820 2647 aitin
844 2620 953 2648 saecula.

167 2667 264 2694 Amen.
295 2667 368 2694 Dixit
387 2668 450 2694 item
476 2668 529 2694 alio
553 2668 581 2694 in
612 2668 692 2695 loco:
717 2676 727 2693 ι
746 2668 796 2701 Qui
817 2674 905 2695 autem
928 2669 954 2696 in

166 2720 249 2739 carne
270 2718 343 2745 sunt,
370 2713 425 2740 Deo
450 2713 555 2748 placere
573 2721 624 2740 non
651 2720 774 2746 possunt.
795 2713 848 2741 Vos
864 2720 953 2742 autem

168 2758 194 2785 in
210 2767 291 2786 carne
303 2767 356 2787 non
370 2761 446 2794 estis,
459 2761 506 2788 sed
525 2761 550 2788 in
564 2761 669 2795 spiritu,
684 2761 707 2789 si
723 2767 812 2789 tamen
831 2762 948 2797 Spiritus

203 2827 213 2841 '
228 2825 305 2853 Joan.
322 2835 342 2860 I,
359 2827 402 2855 Η.
439 2829 449 2844 ⁸
463 2828 542 2855 Rom.
557 2837 612 2860 nx,
627 2829 684 2856 5-5.

1026 226 1130 258 Παῦλος
1148 226 1295 262 ἐτόλμησεν
1314 228 1401 265 εἰπεῖν
1414 227 1491 260 Θεὸν,
1506 227 1568 254 οὗτε
1582 227 1740 259 Ματθαῖος,
1761 227 1828 253 οὕτε

1024 271 1141 303 Λουκᾶς,
1167 272 1228 299 οὗτε
1255 273 1383 309 Μάρκος⁶
1411 273 1470 300 ἀλλ’
1490 273 1504 300 ὀ
1524 273 1640 309 χρηστὸς
1676 273 1827 309 Ἰωάννης,

1025 318 1185 354 αίσθόμενος
1199 319 1248 355 ήδη
1260 318 1325 346 πολὺ
1340 319 1443 354 πλῆθος
1457 311 1576 351 ὲᾶλωκὸς
1591 321 1619 346 έν
1635 319 1755 351 πολλαῖς
1768 319 1828 346 τῶν

1030 362 1189 398 Ἐλληνίδων
1216 364 1264 390 καὶ
1299 363 1482 390 Ἰταλιωτίδων
1502 364 1605 390 πόλεων
1631 363 1685 391 ὑτιὸ
1712 364 1827 399 ταύτης

1024 409 1073 444 τῆς
1092 409 1186 436 νόσου·
1208 409 1315 436 ἀκούων
1329 409 1368 442 δὲ,
1384 407 1471 445 οἶμαι,
1489 410 1535 437 καὶ
1558 410 1592 436 τὰ
1618 411 1754 446 μνήματα
1770 410 1826 436 Πέ-

1023 463 1088 490 τρου
1104 455 1151 481 καὶ
1166 455 1284 488 Παύλου,
1299 455 1387 492 λάθρα
1407 456 1467 491 μὲν,
1483 456 1589 483 ἀκούων
1603 457 1631 483 δὲ
1645 457 1724 492 ὅμως
1748 457 1824 484 αὐτά

1024 500 1241 536 θεραπευόμενα,
1258 501 1365 537 πρῶτος
1380 503 1529 538 ἐτόλμησεν
1543 503 1640 530 εἰπεῖν.

1059 545 1154 581 Μικρὰ
1175 545 1204 572 δὲ
1231 546 1316 573 εἰπὼν
1339 548 1404 583 περὶ
1426 548 1548 575 Ἰωάννου
1571 548 1618 575 τοῦ
1645 548 1820 579 Βαπτιστοῦ,

1024 591 1105 618 πάλιν
1125 593 1269 626 ἐπανάγων
1294 593 1341 620 ἐπὶ
1366 593 1411 620 τὸν
1432 593 1477 619 ὑπ’
1505 593 1588 620 αὑτοῦ
1610 594 1822 630 κηρυττόμενον

1024 638 1125 672 Λόγον·
1151 649 1160 664 ι
1180 639 1235 666 Καὶ
1263 640 1278 666 ὁ
1305 639 1401 673 Λόγος,
1427 639 1504 674 φησὶ,
1535 639 1604 675 σὰρξ
1625 640 1748 674 ἐγένετο,
1772 641 1822 666 καὶ

1024 684 1178 719 ἐσκήνωσεν
1192 685 1221 712 ὲν
1236 685 1302 719 ἡμῖν
1313 693 1319 700 ·
1346 694 1355 711 ι
1373 685 1404 711 τὸ
1417 685 1444 711 δὲ
1462 686 1534 717 ὅπως
1549 685 1636 720 λέγειν
1652 686 1821 721 αἰσχυνόμε-

1024 738 1085 762 νος·
1107 730 1225 765 οὐδαμοῦ
1245 730 1274 757 δὲ
1297 730 1377 757 αὐτὸν
1395 730 1458 757 οὔτε
1479 731 1590 766 Ἰησοῦν,
1607 731 1668 758 οὔτε
1685 731 1818 766 Χριστὸν,

1024 776 1103 812 ἄχρις
1125 774 1156 803 οὗ
1184 776 1250 803 Θεὸν
1275 777 1322 803 καὶ
1347 777 1434 811 Λόγον
1461 777 1601 809 ἀποκαλεῖ,
1632 777 1760 805 κλέπτων
1789 777 1818 804 δὲ

1024 821 1119 857 ὥσπερ
1135 822 1226 858 ἠρέμα
1241 823 1288 849 καὶ
1302 822 1389 858 λάθρα
1407 823 1457 854 τὰς
1473 823 1557 854 ἀκοὰς
1575 823 1663 859 ἡμῶν,
1686 823 1818 858 Ἰωάννην

1022 867 1088 901 φησὶ
1115 867 1161 893 τὸν
1189 867 1344 903 Βαπτιστὴν
1359 868 1429 902 ὑπὲρ
1454 868 1572 903 Χριστοῦ
1598 868 1687 904 Ἰησοῦ
1710 867 1817 903 ταύτην

1020 910 1148 938 ἐκθέσθαι
1163 912 1220 951 τὴν.
1228 913 1390 948 μαρτυρίαν,
1406 913 1447 940 ὅτι
1461 913 1514 948 ἄρα
1528 910 1604 946 οὗτός
1620 915 1696 941 ἐστιν
1712 914 1743 941 ὃν
1763 915 1816 951 χρὴ

1020 946 1233 986 πεπιστευκέναι
1247 946 1312 986 Θεὸν
1322 946 1397 986 ἐἶναι
1414 946 1511 992 Λόγον.

1323 1015 1510 1043 ΚΥΡΙΛΛΟΣ.

1055 1073 1109 1100 Καὶ
1124 1074 1209 1105 ποῖον,
1221 1073 1283 1099 εἰπέ
1297 1081 1353 1107 μοι,
1363 1073 1417 1099 τῶν
1433 1073 1620 1099 ἀποστολικῶν
1635 1073 1816 1108 ὲνταλμάτων

1018 1119 1034 1154 ἢ
1051 1119 1148 1154 μικρὸν
1163 1119 1179 1154 ἢ
1197 1119 1269 1154 μέγα
1284 1118 1352 1154 πρὸς
1367 1118 1444 1154 ήμῶν
1459 1119 1490 1145 οὐ
1504 1120 1671 1154 τετήρηται;
1689 1119 1723 1145 Τί
1745 1120 1815 1154 πρὸς

1017 1164 1048 1190 τὸ
1062 1165 1152 1200 χεῖρον
1175 1163 1366 1198 παρεὸιϐάσθη
1381 1164 1457 1200 παρά
1474 1173 1505 1198 γε
1527 1164 1580 1190 τῶν
1605 1165 1665 1199 μετ’
1688 1165 1814 1195 ἐκείνους

1017 1209 1066 1244 τὴν
1088 1210 1135 1236 τοῦ
1164 1210 1244 1244 λόγου
1265 1209 1359 1245 χρείαν
1381 1210 1625 1244 ἐγκεχειρισμένων
1640 1210 1720 1245 παρὰ
1732 1209 1813 1241 Θεοῦ,

1017 1256 1063 1282 καὶ
1077 1257 1133 1287 τοῖς
1149 1256 1230 1290 ἱεροῖς
1245 1255 1378 1290 δόγμασιν
1392 1255 1442 1282 οὐκ
1457 1256 1578 1289 ἀγεννῶς
1601 1257 1810 1291 συναγηγερκὸ-

1016 1309 1086 1333 τωνς
1097 1302 1128 1328 Ei
1142 1302 1190 1336 μὲν
1205 1301 1260 1336 γὰρ
1274 1303 1329 1332 τοῖς
1344 1301 1464 1328 ἐθέλουσι
1477 1301 1704 1336 διαλοιδορεῖσθαι
1721 1303 1811 1338 μάτην

1016 1349 1072 1379 τοῖς
1086 1348 1128 1373 ἐπ’
1144 1347 1231 1374 οὐδενὶ
1245 1347 1299 1373 τῶν
1314 1348 1421 1374 ἀτόπων
1432 1347 1579 1374 ἐαλωκόσιν
1595 1348 1810 1384 ἀνεπιπλήκτως

1017 1393 1123 1426 ἐξέσται
1143 1392 1221 1418 τοῦτο
1241 1392 1317 1427 δρᾷν,
1342 1393 1389 1419 καὶ
1411 1393 1442 1419 τὸ
1462 1393 1557 1429 χρῆμα
1574 1393 1665 1425 αὐτοῖς
1680 1393 1810 1428 ἀζήμιον,

1017 1438 1205 1473 ἐναϐρυνέσθω
1223 1439 1280 1468 τοῖς
1303 1437 1363 1464 καθ’
1382 1439 1471 1473 ἡμῶν,
1487 1438 1523 1470 ὡς
1538 1439 1615 1465 οὐδέν
1629 1447 1662 1470 γε
1681 1440 1748 1474 ῥᾷον
1762 1440 1809 1466 τοῦ

1015 1485 1162 1520 ψεύδεσθαι
1183 1486 1231 1511 καὶ
1257 1486 1450 1522 καταγορεύειν
1476 1487 1548 1522 εικῆ.
1570 1486 1609 1521 τῷ
1635 1486 1702 1522 παρ’
1731 1486 1808 1512 οὐδὲν

1017 1531 1160 1567 ἡγουμένῳ
1178 1532 1208 1558 τὸ
1232 1531 1435 1567 φιλοσκώμμων
1457 1530 1527 1558 εἶναι
1541 1532 1639 1559 δοκεῖν.
1660 1532 1692 1558 Et
1707 1532 1737 1558 δὲ
1754 1532 1809 1558 δεῖν

1017 1578 1102 1605 οἴεται
1123 1578 1187 1609 τοὺς
1201 1578 1328 1613 ἐλέγχους
1352 1578 1506 1605 ἀκολουθεῖν
1521 1575 1561 1610 οἷς
1576 1578 1608 1604 ἄν
1627 1586 1669 1610 τις
1691 1579 1806 1606 ποιοῖτο.

1015 1625 1031 1660 ἢ
1047 1625 1108 1651 καθ’
1123 1623 1160 1652 ὧν
1173 1624 1207 1651 ἂν
1221 1624 1307 1651 ἕλοιτο
1321 1624 1428 1659 λόγους,
1445 1625 1482 1660 μὴ
1498 1624 1678 1659 φιλοψογείτω
1702 1626 1802 1659 μάτην,

1015 1669 1180 1704 ὲξελεγχέτω
1195 1669 1222 1696 δὲ
1239 1670 1349 1704 μᾶλλον.
1367 1670 1481 1704 Ἔψεται
1495 1669 1549 1705 γὰρ
1570 1669 1642 1696 οὕτω
1663 1671 1721 1701 τοῖς
1737 1670 1801 1705 παρ’

1014 1715 1096 1742 αὑτοῦ
1111 1715 1201 1749 λόγοις
1217 1717 1233 1750 ἡ
1249 1716 1349 1747 πίστις.
1365 1715 1502 1750 Θαυμάζω
1518 1716 1545 1742 δὲ
1559 1716 1600 1742 ὅτι
1615 1716 1706 1742 καίτοι
1728 1715 1804 1742 πλει-

1015 1760 1113 1795 σταχοῦ
1136 1761 1170 1787 τὰ
1197 1761 1230 1787 ὲκ
1244 1761 1294 1795 τῆς
1310 1761 1488 1788 θεοπνεύστου
1502 1762 1614 1797 Γραφῆς
1629 1762 1686 1789 ἀνω
1701 1770 1732 1789 τε
1754 1763 1801 1789 καὶ

1014 1807 1089 1833 κάτω
1105 1807 1237 1842 στρέφων,
1255 1808 1302 1834 καὶ
1317 1807 1492 1842 φιλομαθείας
1507 1808 1617 1843 δόκησιν
1631 1808 1681 1834 οὐκ
1701 1808 1802 1843 ἀγεννῆ

1014 1852 1188 1887 θηρώμενος,
1207 1853 1378 1888 διημάρτηκε
1401 1853 1550 1889 τάληθοῦς,
1573 1854 1620 1880 καὶ
1642 1853 1722 1880 τοῦτο
1746 1855 1802 1880 εἰσ-

1013 1897 1101 1924 άπαν·
1118 1898 1148 1924 οὑ
1164 1898 1218 1934 γὰρ
1233 1899 1264 1934 δὴ
1282 1899 1365 1933 φάναι
1379 1898 1417 1930 ὡς
1432 1898 1474 1933 εἴη
1495 1899 1561 1930 Θεὸς
1576 1899 1590 1925 ὁ
1605 1898 1733 1934 Χριστὸς,
1742 1898 1802 1925 οὔτε

1013 1943 1128 1974 Ιίαῦλον,
1149 1943 1210 1970 οὔτε
1225 1945 1348 1979 Μάρκον,
1364 1943 1426 1971 οὔτε
1441 1943 1589 1976 Ματθαῖον,
1604 1943 1667 1970 οὔτε
1682 1945 1800 1971 Δουκᾶν.

1014 1989 1122 2014 ’Ένεστι
1136 1989 1164 2015 δὲ
1178 1989 1234 2020 τοῖς
1255 1988 1376 2015 ἐθέλουσι
1391 1989 1454 2020 τοὺς
1474 1989 1542 2024 πρὸς
1555 1989 1638 2016 αὑτὸν
1652 1989 1800 2023 γεγονότας

1013 2033 1167 2068 βασανίζειν
1192 2034 1297 2067 λόγους,
1324 2034 1508 2069 ἐναργέστατα
1533 2035 1607 2066 ἰδεῖν,
1630 2035 1660 2061 ὲν
1679 2036 1736 2067 τοῖς
1751 2036 1801 2070 τῆς

1012 2080 1138 2116 θεότητος
1157 2080 1294 2116 ἀξιώμασι
1322 2080 1522 2115 στεφανοῦντας
1549 2080 1640 2113 αὐτὸν,
1661 2081 1710 2107 καὶ
1730 2081 1800 2116 ἅπερ

1011 2125 1044 2153 ἂν
1059 2126 1159 2161 πρέπει
1175 2125 1242 2161 μόνῃ
1258 2127 1291 2161 τῇ
1315 2126 1410 2152 πασῶν
1436 2126 1565 2152 ἐπέκεινα
1593 2126 1640 2152 καὶ
1661 2126 1798 2162 ὑπερτάτη

1011 2172 1103 2206 φύσει,
1119 2172 1204 2198 ταῦτα
1217 2172 1262 2198 καὶ
1277 2172 1350 2207 αὐτῷ
1368 2172 1571 2206 προσνέμοντας
1586 2171 1737 2207 πανταχοῦ,
1753 2173 1798 2198 καὶ

1014 2219 1067 2253 μὴν
1083 2219 1130 2244 καὶ
1144 2217 1211 2244 Θεὸν
1225 2217 1407 2252 ὀνομάζοντας
1421 2217 1512 2244 αὐτόν.
1530 2217 1585 2244 Καὶ
1595 2216 1661 2251 γοῦν
1673 2218 1687 2243 ὁ
1701 2218 1797 2245 πάνσο-

1012 2273 1061 2297 φος
1091 2263 1213 2294 Παῦλος·
1233 2272 1241 2287 ι
1261 2262 1390 2298 Ιίὺχόμην
1416 2263 1469 2297 γὰρ
1497 2262 1596 2295 αὐτὸς,
1618 2262 1712 2296 φησὶν,
1733 2264 1795 2289 ἀνά-

1011 2309 1081 2344 θεμα
1096 2307 1164 2336 εἶναι
1180 2309 1233 2335 ἀπὸ
1249 2308 1366 2343 Χριστοῦ
1384 2309 1454 2343 ὑπὲρ
1467 2307 1522 2335 τῶν
1537 2308 1661 2343 ἀδελφῶν
1677 2317 1729 2343 μου
1743 2310 1795 2336 τῶν

1011 2354 1149 2388 συγγενῶν
1172 2354 1243 2380 κατὰ
1265 2354 1370 2389 σάρκα·
1401 2353 1499 2385 οἵτινές
1526 2355 1595 2380 εἰσιν
1623 2354 1793 2390 Ἰσραηλῖται,

1009 2397 1047 2427 ὧν
1062 2401 1078 2435 ἡ
1095 2400 1227 2430 υἱοθεσία,
1244 2400 1290 2426 καὶ
1304 2400 1320 2434 ὴ
1336 2400 1489 2434 νομοθεσία,
1507 2400 1553 2427 καὶ
1566 2401 1583 2436 ή
1605 2400 1734 2436 διαθήκη,
1751 2403 1794 2427 καὶ

1008 2447 1037 2472 αι
1052 2446 1228 2479 ἐπαγγελίαι·
1253 2442 1290 2472 ὢν
1311 2446 1336 2471 οἱ
1354 2445 1482 2480 πατέρες,
1508 2445 1556 2472 καὶ
1575 2445 1604 2478 ἐξ
1626 2442 1664 2472 ὤν
1681 2446 1713 2472 τὸ
1727 2447 1791 2473 κατά

1009 2491 1099 2526 σάρκα
1116 2490 1242 2526 Χριστὸς,
1258 2492 1272 2516 ὁ
1286 2490 1324 2516 ὢν
1339 2491 1385 2517 ἐπὶ
1401 2491 1505 2522 πάντας
1519 2490 1585 2522 Θεὸς
1599 2491 1742 2526 εὐλογητὸς
1756 2492 1791 2522 εἰς

1007 2536 1071 2567 τοὺς
1085 2536 1196 2567 αἰῶνας.
1220 2536 1316 2571 ’Λμήν.
1336 2545 1345 2560 ι
1363 2534 1431 2564 Εἶτα
1447 2537 1527 2563 ποίαν
1541 2537 1588 2563 ἐπὶ
1602 2537 1689 2573 ταύτῃ
1707 2538 1790 2572 φωνὴν

1005 2581 1180 2616 έπιζητήσεις
1195 2581 1307 2616 έτέραν;
1329 2581 1395 2608 Ἰδοὺ
1411 2581 1475 2617 γὰρ,
1492 2582 1548 2609 ἰδοὺ
1562 2582 1608 2609 τὸν
1621 2584 1694 2610 κατά
1708 2583 1789 2618 σάρκα

1004 2627 1033 2660 ἐξ
1056 2627 1200 2659 Ἰουδαίων,
1215 2627 1339 2654 τουτέστι
1368 2628 1496 2663 Χριστὸν,
1520 2628 1568 2655 καὶ
1585 2629 1651 2657 Θεὸν
1666 2630 1714 2656 ἐπὶ
1727 2629 1788 2656 πάν-

1003 2681 1052 2705 τας
1073 2673 1120 2700 καὶ
1140 2673 1194 2709 μὴν
1221 2674 1268 2700 καὶ
1293 2673 1440 2709 εὐλογητὸν
1454 2674 1495 2705 εἰς
1509 2675 1572 2706 τοὺς
1586 2674 1698 2707 αἰῶνας,
1711 2674 1787 2710 ἀμην,

1004 2716 1073 2744 εἷναί
1089 2727 1180 2754 φησιν.
1200 2719 1272 2754 Ἔφη
1287 2719 1316 2746 δὲ
1337 2721 1383 2747 καὶ
1406 2721 1520 2757 ἑτέρωθί
1544 2730 1611 2748 που·
1630 2732 1639 2748 ι
1662 2724 1694 2750 Οἱ
1714 2723 1741 2749 δὲ
1763 2723 1788 2749 ἐν

1005 2765 1086 2799 σαρκὶ
1100 2763 1176 2795 ὄντες
1195 2764 1254 2798 θεῷ
1268 2765 1364 2803 ἀρέσαι
1381 2767 1410 2794 οὐ
1426 2766 1564 2796 δύνανται.
1588 2767 1682 2804 Ὑμεῖς
1699 2768 1727 2795 δὲ
1743 2768 1787 2796 οὐκ
