1894 3056
93 181 164 208 1005

657 180 796 209 CONTRA
815 181 987 210 JULIANUM
1007 183 1070 210 LIB.
1090 183 1123 212 X.

1643 187 1654 213 1
1660 186 1710 213 (106

90 239 154 265 ἐστὲ
169 238 198 265 ἐν
212 239 305 274 σαρκὶ,
322 238 378 265 ἀλλ’
394 239 422 266 ἐν
438 239 582 275 πνεύματι,
592 240 670 276 εἴπερ
686 241 795 276 Πνεῦμα
810 241 875 268 Θεοῦ

933 243 977 269 Dei
993 243 1097 270 habitat
1113 245 1138 270 in
1161 244 1247 272 vobis.
1265 244 1292 271 Si
1311 245 1370 280 quis
1385 249 1473 273 autent
1489 246 1619 283 Spiritum
1634 247 1710 275 Citri-

89 287 163 312 οἰκεῖ
176 286 204 311 ἐν
221 285 293 320 ὑμῖν.
311 285 342 311 Εἰ
356 285 384 311 δέ
406 294 448 317 τις
465 287 576 321 Πνεῦμα
597 287 714 322 Χριστοῦ
736 288 786 314 οὐκ
810 287 876 322 ἔχει,

89 327 169 362 οὗτος
183 330 233 357 οὐκ
245 330 318 356 εστιν
333 331 426 357 αὑτοῦ.
441 341 449 356 ι
460 332 515 358 Καὶ
524 332 604 358 πάλιν
613 341 619 347 ·
631 342 640 357 ι
655 333 876 368 Ἀναμιμνήσκω,

91 377 186 411 φησὶν,
202 375 274 411 ὑμᾶς
287 376 330 403 διὰ
345 376 393 412 τὴν
408 377 486 412 χάριν
500 377 549 413 τὴν
563 378 684 405 δοθεῖσάν
701 388 745 414 μοι
764 380 816 406 ὑπὸ
829 379 877 406 τοῦ

91 422 172 452 Θεοῦ.
188 423 227 454 εἰς
241 422 271 448 τὸ
286 420 354 449 εἷναί
371 431 404 457 με
419 422 573 458 λειτουργὸν
593 424 710 458 Χριστοῦ
731 424 816 459 Ἰησοῦ
838 426 878 457 εις

91 467 125 495 τὰ
140 468 215 503 ἔθνη,
245 467 438 504 ἱερουργοῦντα
462 468 492 494 τὺ
513 468 676 502 Εὐαγγὲλιον
699 469 744 496 τοῦ
768 470 844 497 Θεοῦ.
865 480 874 495 ι

91 513 159 540 Ὅτε
173 515 262 540 τοίνυν
276 515 300 540 oi
315 513 346 540 τὸ
360 513 405 540 τοῦ
422 514 540 549 Χριστοῦ
555 514 666 550 Πνεῦμα
681 515 878 551 πλουτήσαντες

90 558 173 585 θεῖον
185 560 275 594 ἔχουσι
294 559 424 594 Πνεῦμα,
436 561 484 587 καὶ
500 560 552 596 μὴν
568 561 615 587 καὶ
631 562 769 598 ἱερουργὸν
783 562 877 589 ἐαυτὸν

91 605 219 639 τετάχθαι
235 606 315 640 φησὶν
334 607 362 633 ἐν
384 609 439 640 τοῖς
454 607 558 635 ἔθνεσιν
578 610 616 639 ὡς
642 611 715 638 Θεοῦ
740 612 793 639 τοῦ
810 613 877 646 Χρι-

92 652 178 681 στοῦ.
196 653 242 678 καὶ
255 652 428 686 εὐαγγέλιον
442 654 514 681 Θεοῦ
525 654 554 681 τὸ
570 655 638 691 ὑπὲρ
653 656 734 683 αὑτοῦ
748 658 878 693 κήρυγμα

92 697 181 729 καλεῖ,
206 697 332 733 ὀνομάζει
349 698 378 725 δὲ
400 699 481 726 αὐτὸν
499 701 546 726 καὶ
560 701 610 736 τῆς
633 701 725 735 δόξης
751 703 875 737 Κύριον·

94 754 104 769 ι
123 744 156 770 Et
176 744 230 779 γὰρ
251 744 382 778 ἔγνωσαν,
399 745 491 780 φησιν,
513 747 564 773 οὐκ
583 747 617 773 ἂν
637 747 683 774 τὸν
705 747 807 783 Κύριον
830 749 878 782 τῆς

91 791 172 826 δόξης
194 791 379 826 ἐσταύρωσαν
402 801 411 818 ι
430 793 488 824 πῶς
504 793 554 820 οὐκ
573 794 696 829 ἐναργῶς
711 795 877 829 σεσυκοφάν-

91 845 176 871 τηκεν
199 838 213 864 ὀ
233 837 266 864 δι’
285 837 418 870 ἐναντίας,
435 839 481 865 καὶ
504 841 559 871 τοῖς
572 840 621 875 τῆς
635 840 810 875 ψευδοεπείας
832 841 878 874 ὲγ-

92 883 229 918 κλήμασιν
243 883 273 909 οὐ
290 884 407 919 μετρίως
423 885 598 919 ἐνισχημένος
607 885 693 920 ὁρῷτο
706 886 739 912 ἂν
753 886 875 917 εἰκότως.

93 929 190 955 Καίτοι
211 929 311 965 σπουδὴ
335 929 351 964 ἢ
368 929 468 961 σκοπὸς
483 931 538 962 τοῖς
559 930 698 967 θεηγόροις
716 929 760 967 ἦν,
778 932 879 966 καίπερ

92 974 191 1001 εἰδόσιν
204 974 241 1006 ὡς
255 974 312 1001 ἐστι
336 975 402 1006 Θεὸς
417 976 486 1002 κατὰ
501 977 582 1010 φύσιν
602 977 648 1003 καὶ
666 976 783 1012 ἀληθῶς,
810 977 878 1003 flor

92 1019 173 1045 αὑτὸν
188 1018 330 1054 ὀνομάζειν
345 1020 419 1046 Θεοῦ
448 1020 494 1047 καὶ
511 1021 561 1055 τῆς
574 1021 621 1047 τοῦ
636 1021 762 1052 τεκόντος
783 1021 875 1053 οὐσίας

92 1065 204 1098 γνήσιον
219 1065 351 1100 γέννημα,
367 1065 405 1097 ὡς
420 1066 463 1092 ἀεὶ
479 1066 593 1093 συνόντα
612 1067 659 1093 καὶ
675 1067 880 1102 συνυπάρχοντα

91 1109 131 1145 τῷ
145 1110 317 1145 γεννήσαντι,
333 1111 380 1137 καὶ
403 1112 433 1137 ἐν
457 1112 490 1146 τῇ
512 1112 561 1147 μιᾷ
580 1112 631 1146 τῆς
653 1111 778 1147 θεότητος
799 1111 880 1146 φύσει

93 1155 238 1190 νοούμενον
251 1156 314 1182 ὄντα
329 1157 375 1182 καὶ
389 1157 580 1184 ὲνυπόστατον.
590 1156 682 1193 Ταύτῃ
692 1165 733 1184 τοι
748 1158 796 1184 καὶ
808 1159 822 1184 ὀ
837 1167 880 1184 σο-

94 1203 142 1237 φὸς
162 1203 290 1237 Ἰωάννης
315 1204 344 1230 ἐν
362 1204 433 1239 ἀρχῇ
451 1204 496 1230 τὸν
517 1204 602 1238 Λόγον
624 1201 694 1229 εἷναί
716 1212 808 1239 φησιν,
833 1204 880 1230 καὶ

93 1249 157 1275 Θεὸν
171 1246 244 1275 εἶναι
258 1249 326 1285 πρὸς
340 1249 385 1276 τὸν
399 1249 476 1276 Θεὸν.
488 1247 554 1276 Εἶτα
568 1249 636 1284 μετὰ
648 1249 736 1282 τοῦτο,
753 1250 880 1284 γενέσθαι

93 1296 141 1321 καὶ
154 1295 254 1329 σάρκα,
271 1294 344 1322 τοῦτ’
361 1295 435 1322 ἐστιν
461 1295 612 1330 ἄνθρωπον.
629 1293 675 1327 Εἷς
691 1293 738 1322 οῦν
752 1295 817 1330 ἄρα,
833 1296 880 1322 καὶ

94 1341 144 1368 οὐκ
164 1341 267 1375 άσοφός
288 1349 319 1375 γε
342 1342 398 1372 τοῖς
420 1341 561 1376 θεηγόροις
582 1343 595 1367 ὸ
611 1341 720 1374 σκοπὸς,
736 1342 766 1368 τὸ
781 1343 879 1377 χρῆναι

94 1387 184 1421 λέγειν
205 1387 269 1413 Υίὺν
285 1385 354 1414 εἶναι
376 1387 446 1414 κατὰ
467 1387 547 1421 φύσιν
568 1387 650 1419 Θεοῦ,
672 1388 710 1419 ὡς
736 1388 765 1414 ἓν
791 1396 822 1422 γε
847 1388 879 1424 δὴ

94 1432 180 1468 τούτῳ
198 1433 286 1466 πάντη
299 1441 329 1459 τε
344 1432 389 1459 καὶ
402 1433 510 1464 πάντως
525 1433 583 1459 ἐνὸν
597 1433 642 1460 τὸν
657 1433 722 1460 Θεὸν
737 1431 804 1460 εἶναι
820 1434 879 1460 κατ’

95 1477 225 1512 ἀλήθειαν
245 1477 290 1504 τὸν
316 1478 348 1503 ἐκ
369 1476 436 1503 Θεοῦ
460 1476 530 1503 κατὰ
553 1477 642 1510 φύσιν.
662 1477 754 1508 Φωνὰς
770 1478 818 1512 μὲν
833 1477 879 1503 οὖν

96 1523 145 1558 ἠδη
159 1522 359 1558 παρηγάγομεν
372 1522 419 1548 τοῦ
435 1522 577 1548 θεσπεσίου
593 1522 708 1555 Παύλου,
726 1523 818 1557 σαφῶς
833 1524 879 1550 καὶ

96 1568 344 1604 ἀναμφισϐητήτως
369 1567 444 1594 Θεὸν
468 1567 646 1602 ὀνομάζοντος
661 1569 705 1595 τὸν
732 1569 785 1594 τῶν
810 1569 877 1595 ὅλων

95 1614 209 1648 Σωτῆρα
223 1613 349 1648 Χριστόν.
371 1614 430 1639 Δεῖν
444 1612 472 1639 δὲ
487 1610 562 1648 οἶμαι
578 1613 624 1640 καὶ
638 1614 687 1645 τὰς
700 1614 754 1640 τῶν
777 1615 876 1650 ἐτέρων

95 1657 265 1693 παραθέσθαι
288 1658 410 1693 χρήσεις,
424 1658 457 1684 δι’
474 1654 511 1684 ὧν
533 1658 571 1690 ὡς
594 1658 662 1684 θεοῦ
682 1658 877 1695 διαμέμνηνται

95 1704 141 1732 τοῦ
155 1703 285 1739 Χριστοῦ.

131 1751 203 1784 Ἔφη
216 1750 304 1776 τοίνυν
315 1750 330 1776 ό
342 1748 480 1780 Ματθαῖος
493 1749 556 1783 περὶ
568 1748 616 1776 τοῦ
631 1749 729 1784 Ἰωσήφ
741 1758 748 1765 υ
762 1760 771 1776 ι
785 1750 877 1777 Ταῦτα

95 1796 123 1823 δὲ
147 1795 231 1822 αὐτοῦ
254 1794 469 1829 ἐνθυμηθέντος,
497 1794 551 1820 ἰδοὺ
567 1794 682 1828 ἄγγελος
699 1796 801 1830 Κυρίου
817 1796 876 1822 κατ’

95 1842 161 1877 Βναρ
186 1841 274 1875 ἐφάνη
290 1840 374 1875 αὐτῷ,
390 1840 492 1874 λέγων·
508 1849 517 1865 ι
537 1839 636 1874 Ἰωσὴφ
659 1840 715 1871 υἱὸς
732 1841 823 1873 Δαὸὶδ,
840 1842 877 1877 μὴ

96 1886 217 1922 φοὸηθῇς
234 1885 404 1921 παραλαϐεῖν
425 1884 541 1920 Μαριὰμ
562 1885 613 1920 τὴν
634 1887 751 1918 γυναῖκα
766 1895 811 1912 σου
822 1894 829 1900 ·
847 1888 877 1912 τὸ

97 1934 156 1968 γὰρ
169 1933 199 1959 ἐν
220 1932 288 1967 αὐτῇ
302 1931 441 1966 γεννηθὲν,
462 1932 494 1957 ἐκ
521 1930 677 1965 Πνεύματός
691 1932 763 1958 ἐστιν
786 1932 875 1966 ἁγίου.

95 1979 207 2010 Τέξεται
237 1977 265 2004 δὲ
284 1977 361 2009 υιὺν,
390 1977 437 2003 καὶ
468 1976 594 2008 καλέσεις
622 1977 653 2003 τὸ
682 1978 766 2011 δνομα
795 1979 876 2005 αὑτοῦ

101 2025 220 2061 Ἰησοῦν·
234 2025 314 2056 αὐτὸς
334 2024 389 2060 γὰρ
410 2024 493 2050 σώσει
516 2025 561 2050 τὸν
581 2025 643 2050 λαὸν
664 2025 747 2051 αὑτοῦ
759 2025 812 2051 ἀπὸ
823 2025 877 2052 τῶν

95 2070 236 2105 ἁμαρτιῶν
259 2069 358 2096 αὐτῶν.
381 2079 391 2095 ι
416 2069 488 2103 Ἔφη
512 2068 540 2094 δὲ
569 2069 614 2094 καὶ
641 2069 686 2095 τὸν
713 2069 876 2102 ἀξιὰγαστον

101 2115 326 2150 Ἰωάννηνείπείν·
336 2123 345 2139 ι
358 2113 428 2148 Ἐγὼ
437 2113 486 2148 μὲν
496 2113 566 2147 ὑμᾶς
578 2114 607 2139 ὲν
618 2112 694 2139 ὕδατι
707 2113 828 2147 βαπτίζω
838 2114 877 2144 εἰς

97 2161 238 2196 μετάνοιαν
248 2168 254 2175 ·
266 2161 280 2186 ὁ
287 2160 315 2186 δὲ
325 2160 412 2186 ὀπίσω
424 2168 473 2194 μου
483 2159 628 2193 ἐρχόμενος
641 2159 812 2194 ἰσχυρότερός
826 2160 876 2194 μού

95 2202 215 2237 teruncii
226 2206 276 2231 οὐκ
284 2205 341 2239 εἰμὶ
354 2203 444 2234 ἱκανὸς
455 2203 488 2230 τὰ
501 2203 662 2238 ὑποδήματα
673 2203 805 2238 βαστάσαι
816 2213 822 2220 ·
832 2204 877 2230 αὺ-

931 289 964 314 sti
980 296 1032 315 non
1051 290 1139 322 habet,
1157 291 1199 317 ltic
1212 299 1263 317 tton
1277 296 1319 318 est
1336 292 1393 325 ejus
1407 292 1429 318 ".
1449 301 1458 317 ι
1478 292 1510 318 Et
1527 300 1640 320 rursus:
1657 302 1667 318 ι
1683 294 1709 320 Ιιι

932 335 1111 368 memoriam,
1139 337 1235 370 inquit,
1257 344 1305 363 Vos
1328 337 1438 369 reduco,
1461 344 1570 373 propter
1596 339 1710 372 gratiam

931 387 990 413 quae
1007 381 1068 407 data
1086 386 1127 408 est
1149 382 1213 409 mihi
1237 390 1251 408 τι
1268 382 1333 414 Deo,
1358 388 1386 411 ut
1407 384 1457 410 sim
1474 385 1596 411 minister
1611 384 1710 412 Christi

930 425 992 453 Jesu
1017 426 1043 453 iu
1067 427 1202 462 gentibus,
1221 429 1393 456 sanctilicans
1413 429 1585 465 Evangelium
1602 430 1648 458 Dei
1658 431 1678 457 ³.
1701 442 1709 456 ι

930 472 996 499 Cum
1025 480 1089 508 ergo
1116 473 1214 500 Christi
1240 474 1337 508 spiritu
1362 475 1438 502 ditati
1460 475 1582 503 homines
1595 476 1710 503 divinum

931 517 1060 551 Spiritum
1085 519 1226 552 habeant;
1249 527 1364 555 cumque
1390 520 1487 547 Paulus
1507 521 1659 549 ministrum
1683 531 1712 549 su

934 564 1087 592 ordinatum
1111 565 1181 592 inter
1203 571 1294 600 gentes
1321 571 1447 601 tanquam
1476 567 1522 593 Dei
1549 567 1658 601 Chrim‘,
1686 574 1713 594 et

933 611 1148 644 prtedicationem
1160 611 1194 638 de
1212 612 1257 639 illo
1274 613 1369 640 factam
1383 615 1542 648 euangelium
1560 615 1607 641 Dei
1631 617 1714 642 nomi-

932 661 992 688 net;
1022 663 1137 691 cumque
1165 657 1251 691 ipsum
1277 658 1368 693 gloriae
1401 659 1540 686 Dominum
1575 661 1711 695 appellet:

934 708 943 725 ι
963 699 990 726 Si
1003 701 1074 727 enim
1089 702 1286 736 cognovissent,
1303 703 1399 737 inquit,
1418 711 1554 738 nunquam
1570 703 1710 731 Dominum

935 745 1027 779 gloria:
1039 747 1235 774 crncilixissent
1247 747 1258 763 ³
1273 756 1279 773 :
1300 757 1308 773 ι
1328 756 1415 775 annon
1432 755 1503 776 certe
1515 750 1656 776 cavillatnr
1670 751 1714 775 ad-

933 791 1078 823 versarius,
1096 796 1123 818 et
1139 793 1273 820 manifesti
1300 795 1430 821 mendacii
1459 803 1520 821 rens
1536 796 1594 830 jure
1611 795 1712 822 tenebi-

932 835 993 862 tur?
1018 835 1099 870 Atqui
1119 837 1234 872 theologi
1258 839 1387 873 singulari
1406 847 1470 866 cura
1493 846 1518 866 et
1534 841 1647 867 consilio
1662 841 1712 867 ob-

932 880 1086 913 servabant,
1105 886 1134 908 ut
1146 883 1269 916 quamvis
1291 890 1351 910 eum
1373 890 1485 910 nossent
1509 890 1602 912 natura
1620 893 1651 912 ac
1665 894 1712 912 ve-

893 922 915 949 B
931 925 1011 952 ritate
1027 925 1108 953 Deum
1128 934 1199 958 esse,
1224 932 1312 954 tamen
1328 928 1414 962 ipsum
1428 929 1476 956 Dei
1490 929 1590 957 Filium
1607 939 1712 958 nuncu-

931 976 1035 1005 parent,
1058 976 1086 998 et
1109 973 1266 1000 substantia:
1296 973 1383 1001 Patris
1410 982 1564 1009 germanam
1589 977 1709 1010 prolem;

930 1017 1029 1051 quippe
1041 1017 1087 1051 qui
1103 1025 1154 1044 una
1169 1025 1229 1045 cum
1243 1017 1325 1046 Patre
1337 1020 1372 1046 sit
1382 1027 1414 1046 ac
1431 1021 1554 1052 exsistat,
1571 1027 1596 1048 et
1614 1023 1639 1048 in
1657 1030 1709 1048 una

931 1063 1037 1090 deitatis
1060 1067 1155 1090 natura
1179 1071 1240 1091 esse
1255 1069 1282 1091 et
1305 1065 1453 1093 subsistere
1470 1067 1644 1102 intelligatur.
1662 1069 1712 1095 ld~

930 1108 1004 1135 circo
1016 1109 1123 1143 sapiens
1141 1108 1184 1136 ille
1198 1117 1305 1145 quoque
1320 1110 1437 1139 Joannes
1457 1113 1482 1139 in
1497 1114 1629 1148 principio
1648 1113 1712 1141 Ver-

931 1154 993 1181 bum
1010 1162 1070 1182 esse
1088 1156 1226 1189 praedicat,
1251 1161 1279 1183 et
1304 1156 1386 1183 Deum
1410 1165 1469 1184 esse
1485 1159 1553 1193 apud
1568 1159 1652 1186 Deum
1670 1160 1709 1188 ":

930 1201 1028 1228 deinde
1039 1209 1147 1228 carnem
1161 1203 1243 1229 etiam
1268 1202 1369 1230 factum
1389 1211 1449 1230 esse
1467 1204 1500 1235 ¹¹,
1517 1205 1541 1231 id
1557 1210 1597 1232 est
1626 1206 1711 1233 homi-

931 1253 1003 1274 nem.
1021 1246 1109 1274 Unum
1132 1254 1195 1282 ergo
1209 1248 1349 1283 theologis.
1375 1257 1462 1283 neque
1484 1250 1508 1276 id
1526 1255 1637 1281 temere,
1650 1259 1712 1286 pro-

931 1293 1046 1326 positum
1059 1297 1113 1325 est,
1129 1293 1220 1320 dicere
1244 1294 1369 1321 nimirum
1390 1295 1463 1321 illum
1480 1303 1540 1323 esse
1555 1297 1600 1323 Dei
1613 1297 1709 1324 Filium

931 1338 1079 1364 secundum
1093 1343 1227 1370 naturam,
1244 1339 1326 1374 329
1341 1341 1410 1374 quod
1427 1341 1462 1367 ita
1479 1349 1588 1368 necesse
1602 1343 1637 1369 sit
1651 1351 1710 1369 om-

931 1383 995 1410 nino
1014 1383 1097 1410 Deum
1113 1391 1172 1411 esse
1185 1387 1331 1412 secundum
1356 1387 1495 1413 veritatem
1511 1387 1596 1421 illum,
1617 1389 1661 1422 qui
1678 1397 1709 1416 cx

932 1429 1037 1456 Deoest
1067 1431 1214 1457 secundum
1244 1436 1376 1458 naturam.
1400 1432 1492 1466 Itaque
1523 1435 1602 1461 verba
1627 1435 1710 1462 divini

931 1474 1005 1502 Pauli
1025 1475 1080 1509 jam
1097 1476 1251 1510 attulimus,
1274 1478 1317 1511 qui
1340 1477 1473 1505 Christum
1496 1479 1567 1506 illum
1590 1481 1709 1507 omnium

931 1522 1099 1549 Salvatorem
1115 1523 1187 1549 clare
1203 1528 1228 1549 et
1245 1523 1393 1550 indubitate
1414 1524 1496 1550 Deum
1512 1527 1641 1552 nominat.
1657 1525 1709 1552 Sed

930 1569 1042 1595 aliorum
1061 1568 1131 1595 dicta
1154 1568 1230 1602 juvat
1254 1577 1397 1603 apponere,
1420 1571 1516 1605 quibus
1530 1571 1629 1598 tlhristi
1644 1578 1710 1598 tan-

929 1621 1010 1648 quam
1031 1613 1075 1640 Dei
1093 1614 1256 1640 mentionem
1274 1614 1385 1641 faciunt.

966 1748 1037 1774 Dixit
1055 1747 1136 1782 igitur
1148 1746 1289 1774 Matth-nus
1303 1747 1335 1774 de
1349 1746 1447 1781 Joseph
1463 1755 1470 1774 :
1496 1757 1505 1772 ‹
1531 1748 1593 1775 [hec
1618 1755 1706 1776 autent

929 1801 960 1821 eo
971 1793 1121 1828 cogitante,
1138 1799 1200 1820 ecce
1218 1793 1327 1827 angelus
1348 1792 1451 1820 Domini
1478 1796 1599 1829 apparuit
1615 1795 1640 1822 in
1665 1804 1708 1822 so-

929 1840 1000 1866 tnnis
1015 1840 1050 1870 ei,
1069 1839 1161 1865 dicens
1177 1847 1182 1865 :
1202 1848 1211 1864 ι
1230 1837 1341 1874 Joseplt,
1359 1840 1393 1866 lili
1413 1839 1515 1873 David,
1532 1841 1586 1867 noli
1615 1843 1709 1868 timere

928 1886 1049 1919 accipere
1064 1884 1175 1911 Mariam
1201 1885 1342 1920 coniugem
1370 1891 1442 1912 tuam
1466 1894 1473 1912 :
1495 1887 1565 1920 quod
1583 1887 1653 1913 enim
1680 1889 1706 1914 in

928 1939 958 1958 ea
971 1936 1062 1958 natum
1078 1935 1130 1962 est,
1147 1932 1180 1957 de
1197 1930 1300 1964 Spiritu
1316 1935 1410 1958 sancto
1431 1936 1481 1958 est.
1504 1931 1595 1958 Pariet
1618 1938 1707 1959 autem

930 1976 1024 2006 lilium.
1051 1979 1079 2001 et
1100 1974 1209 2002 vocabis
1229 1981 1325 2001 nomen
1348 1974 1406 2009 t'jlls
1430 1973 1521 2008 Iesum
1537 1985 1544 2001 :
1561 1976 1620 2010 ipse
1636 1977 1708 2003 enim

928 2021 1030 2049 salvum
1049 2020 1128 2047 faciet
1142 2019 1266 2054 populum
1280 2027 1358 2046 suum
1377 2027 1392 2045 ιι
1408 2020 1523 2053 peccatis
1539 2028 1632 2047 eorum
1647 2022 1679 2048 η.
1697 2031 1706 2047 ι

928 2067 997 2099 Quin
1007 2070 1033 2092 et
1046 2064 1229 2092 admirabilem
1244 2064 1317 2091 illum
1328 2064 1458 2092 Joannem
1476 2065 1517 2092 his
1530 2066 1619 2093 verbis
1631 2075 1707 2094 nsum

928 2112 1034 2139 dicebat
1048 2120 1055 2138 :
1077 2120 1086 2136 I
1103 2110 1159 2145 Ego
1175 2110 1283 2145 quidem
1298 2110 1404 2144 baptizo
1417 2118 1465 2138 vos
1479 2112 1504 2137 in
1525 2119 1594 2145 aqua
1608 2113 1634 2139 in
1649 2121 1706 2146 pa:-

929 2157 1070 2184 nitentiam
1087 2165 1093 2183 :
1108 2157 1152 2190 qui
1168 2160 1257 2182 autent
1273 2161 1331 2190 post
1352 2163 1393 2182 tne
1410 2161 1538 2182 venturus
1553 2161 1615 2189 est,
1647 2158 1702 2184 tor-

928 2205 980 2229 tior
1001 2210 1042 2228 tne
1062 2206 1114 2233 est,
1135 2200 1211 2233 cujtts
1234 2208 1286 2226 non
1309 2209 1368 2226 sutn
1393 2201 1504 2227 idoneus
1525 2202 1707 2230 calceamenta

93 2252 136 2284 τὸς
149 2252 221 2287 ὑμᾶς
235 2250 360 2286 βαπτίσει
371 2250 398 2275 ὲν
411 2249 548 2283 Πνεῦματι
562 2248 631 2283 ἁγίῳ
642 2249 689 2275 καὶ
703 2249 769 2284 πυρί
780 2257 786 2263 ·
804 2246 833 2275 οὗ
847 2249 875 2275 τὸ

930 2254 1059 2281 portare:
1081 2247 1138 2280 ipse
1155 2253 1203 2272 vos
1215 2245 1362 2278 baptizabit
1387 2245 1411 2271 in
1428 2244 1530 2278 Spiritu
1562 2253 1656 2274 sancto
1682 2254 1706 2273 et

95 2297 176 2325 πτύον
191 2298 220 2323 ἐν
235 2297 269 2332 τῇ
282 2296 355 2332 χειρὶ
366 2295 461 2326 αὑτοῦ,
475 2296 523 2321 καὶ
536 2294 708 2330 διακαθαριεῖ
722 2295 771 2330 τὴν
785 2294 875 2322 ἅλωνα

92 2344 182 2371 αὑτοῦ.
190 2353 199 2368 ι
210 2343 264 2369 Καὶ
277 2342 330 2378 μὴν
338 2342 385 2368 καὶ
395 2341 475 2368 αὑτὸν
485 2341 530 2367 τὸν
538 2341 639 2376 Κύριον
649 2341 731 2375 φάναι
743 2350 794 2367 που
806 2341 875 2376 πρὸς

92 2391 163 2426 ἡμᾶς
179 2389 358 2424 ἰσχυρίζεται·
372 2397 381 2412 ι
393 2387 475 2414 Δεῦτε
486 2387 554 2422 πρός
566 2396 609 2421 με,
617 2387 716 2419 πάντες
726 2389 750 2414 oi
762 2388 875 2414 κοπιῶν-

90 2445 145 2468 τες,
156 2435 203 2463 καὶ
215 2433 436 2470 πεφορτισμένοι,
443 2433 522 2467 κάγὼ
529 2432 677 2459 ἀναπαύσω
684 2434 764 2468 ὑμᾶς.
770 2434 872 2468 Ἄρατε

90 2484 134 2510 τὸν
144 2483 226 2517 ζυγόν
238 2490 288 2517 μου
298 2480 341 2515 ἐφ’
356 2480 427 2514 ὑμᾶς
436 2487 442 2493 ·
459 2489 468 2505 ι
479 2479 527 2505 καὶ
538 2479 573 2505 τὰ
587 2478 708 2513 περὶτῆς
719 2479 874 2510 συντελείας

89 2529 136 2556 τοῦ
155 2528 254 2558 αἰῶνος
272 2526 368 2553 τούτου
382 2524 610 2560 προαναγγέλλων
619 2525 657 2559 (1)
674 2524 754 2550 πάλιν
766 2526 850 2552 εἰπεῖν
863 2534 870 2541 ·

92 2586 101 2601 ι
113 2576 220 2609 ’Ὥσπερ
237 2571 283 2599 οὖν
300 2571 459 2604 συλλέγεται
471 2570 505 2597 τὰ
518 2570 634 2602 ζιζάνια,
645 2571 691 2597 καὶ
704 2571 770 2606 πυρὶ
785 2579 871 2598 καται

91 2621 208 2651 καίεται,
229 2618 316 2649 οὕτως
339 2617 416 2644 ἔσται
431 2617 460 2642 ἐν
481 2617 514 2651 τῇ
536 2616 675 2651 συντελείᾳ
692 2615 737 2642 τοῦ
757 2616 868 2647 αἰῶνος·

90 2665 233 2692 ἀποστελεῖ
244 2665 258 2690 ὁ
283 2663 346 2694 Υἱὸς
366 2662 413 2688 τοῦ
437 2660 581 2696 ανθρώπου
597 2662 660 2691 τοὺς
675 2661 807 2695 ἀγγέλους
823 2663 872 2688 αὑ-

90 2711 144 2738 τοῦ.
161 2720 171 2736 ι
190 2709 252 2744 ⁷Δρ¹
276 2707 333 2740 οὖν,
354 2705 377 2734 ὦ
392 2707 532 2742 κράτιστε,
548 2706 579 2732 τὸ
603 2706 762 2742 ἐλευθεροῦν
781 2708 870 2743 ἁμαρ-

933 2295 988 2330 igni
1007 2303 1012 2321 :
1027 2293 1105 2327 cujus
1119 2292 1298 2319 ventilabrqu
1315 2292 1341 2318 in
1357 2298 1438 2318 ntanu
1454 2299 1518 2324 sua,
1543 2297 1568 2318 et
1582 2301 1710 2327 permun—

928 2341 1003 2368 dnbit
1019 2346 1110 2374 :tre‘am
1127 2345 1202 2364 suam
1223 2337 1254 2363 ".
1273 2346 1282 2362 ι
1303 2336 1436 2363 Praeterea
1453 2337 1595 2364 Dominum
1621 2339 1708 2373 ipsum

928 2394 977 2414 nos
989 2385 1085 2412 alicubi
1100 2383 1265 2417 compellare
1277 2384 1376 2409 asserit
1393 2391 1401 2410 :
1417 2382 1528 2410 «Venite
1540 2385 1573 2410 ad
1587 2392 1639 2417 me,
1652 2394 1709 2412 utn-

930 2440 977 2459 nes
1005 2432 1049 2465 qui
1066 2430 1195 2457 laberatis
1227 2434 1254 2456 et
1269 2429 1371 2456 onerati
1390 2429 1468 2460 estis,
1482 2434 1508 2455 et
1523 2437 1572 2463 ego
1588 2431 1707 2458 reﬁciant

927 2485 986 2505 vos.
1008 2475 1105 2503 Tollite
1126 2475 1218 2508 jngum
1233 2482 1321 2500 meum
1337 2481 1418 2507 super
1441 2481 1487 2499 vos
1503 2474 1544 2506 ¹⁸;
1563 2484 1572 2499 ι
1594 2481 1623 2501 et
1644 2482 1706 2502 cum

927 2522 1007 2555 hujus
1021 2520 1111 2547 saeculi
1134 2520 1394 2546 consummationem
1411 2519 1606 2552 prtenuutiaret
1618 2540 1625 2552 ,
1640 2529 1702 2547 rur-

926 2577 973 2596 sus
991 2567 1091 2594 dixisse
1110 2575 1116 2592 :
1133 2575 1143 2591 ι
1175 2565 1252 2592 Sicut
1273 2572 1337 2600 ergo
1362 2565 1524 2599 Collignnlur
1546 2567 1661 2598 zizania.
1680 2572 1708 2594 et

926 2615 979 2649 igni
995 2613 1192 2640 comburuntur
1205 2631 1212 2643 ,
1239 2612 1278 2638 sic
1295 2611 1347 2638 erit
1364 2611 1390 2638 itt
1407 2613 1642 2639 ctmsunttnntione
1658 2621 1707 2640 sa:-

925 2661 977 2688 culi
997 2668 1003 2686 :
1022 2659 1110 2685 mittet
1124 2658 1207 2684 Filius
1223 2657 1339 2684 hominis
1355 2657 1464 2691 angelos
1474 2665 1539 2683 suos
1556 2657 1588 2683 ¹⁸.
1611 2667 1620 2683 ι
1633 2658 1704 2684 -Νιιιιι

927 2707 1019 2740 igitur,
1034 2712 1049 2730 ο
1072 2703 1296 2738 praestantissime
1311 2723 1317 2735 ,
1343 2702 1458 2728 liberare
1479 2709 1557 2736 posse
1584 2705 1704 2737 peccatis

121 2782 129 2796 ⁷
145 2780 221 2808 Rom.
238 2787 296 2809 rut.
313 2779 340 2810 8,
356 2779 382 2805 9.
419 2778 430 2793 ⁸
446 2778 522 2804 Rom.
539 2785 583 2809 xv,
600 2777 643 2809 15,
662 2778 705 2805 16.
743 2779 753 2794 θ
766 2777 774 2804 1
788 2778 849 2805 Cor.
865 2787 871 2806 ι

930 2799 937 2805 .
978 2779 999 2794 ¹⁰
1012 2777 1089 2804 Joan.
1107 2785 1126 2810 ι,
1140 2777 1166 2804 2.
1211 2777 1230 2792 “
1245 2777 1308 2804 ibid.
1330 2777 1371 2803 14.
1413 2777 1432 2792 ¹²
1451 2776 1542 2803 Matth.
1559 2785 1584 2809 ι,
1599 2777 1645 2809 20,
1660 2777 1705 2805 2-1.

89 2816 110 2839 1³
121 2815 213 2842 Matth.
230 2823 271 2847 ιιι,
287 2814 330 2846 ll,
350 2814 391 2840 12.
431 2812 451 2828 ιλ
466 2813 560 2840 Matth.
577 2820 615 2844 xt,
629 2812 675 2845 29,
688 2812 731 2839 50.
772 2814 794 2829 ’⁵
810 2814 872 2841 Matt

930 2821 982 2845 ιιιι,
997 2812 1041 2844 40,
1056 2813 1100 2838 ιι.

121 2885 157 2920 (1)
177 2884 335 2921 chcndum
350 2883 455 2910 videtur
471 2880 733 2916 προαναγγέλλοντα.
