1894 3056
111 136 185 165 1909
203 133 206 136 ’

664 141 801 170 CONTRA
818 140 992 169 JULIANUM
1013 141 1076 170 LIB.
1098 142 1127 171 Χ.

1663 144 1734 173 ιοιθ

108 196 184 230 πρὸς
208 198 254 225 τὸν
276 198 411 232 Ζαχαρίαν
428 199 525 232 εἰπεῖν,
543 199 571 231 ὃς
593 197 628 235 ἦν
645 201 769 228 Ἰωάννου
793 202 884 236 πατήρ

958 201 1038 228 Dcttm
1053 210 1131 229 suum
1148 204 1181 229 ⁸³⁸.
1198 212 1207 229 ι
1224 203 1307 236 Quem
1323 210 1386 238 ergo
1405 203 1582 230 annuntiabat
1605 211 1653 238 per
1671 206 1732 231 uni-

113 249 123 264 ι
142 241 198 267 Καὶ
210 241 287 268 ἔσται
305 242 378 276 χαρά
406 251 457 275 σοι,
473 244 521 270 καὶ
540 245 698 278 ἀγαλλίασις
709 265 716 275 .
738 246 786 273 καὶ
808 245 900 272 πολλοὶ

108 286 159 311 ἐπὶ
174 288 207 321 τῇ
222 287 328 318 γενέσει
343 288 425 314 αὑτοῦ
439 290 617 324 χαρήσονται·
635 300 644 316 ι
664 291 711 317 καὶ
729 291 789 326 μεθ’
801 291 898 327 ἕτεραι

112 340 122 356 ‹
140 332 196 358 Καὶ
226 332 340 364 πολλοὺς
363 334 418 360 τῶν
447 335 514 360 υἱῶν
544 336 652 372 Ἰσραὴλ
676 337 834 372 ἐπιστρέψει
854 338 900 364 ἐπὶ

111 376 215 411 Κύριον
234 377 280 405 τὸν
295 378 360 405 Θεὸν
378 380 472 407 αὐτοῦ.
489 390 498 405 ι
516 381 583 408 Τίνα
602 382 692 410 τοίνυν
709 383 899 418 εὐηγγελίζετο

108 422 165 448 ἀνὰ
189 423 279 449 πᾶσαν
304 425 354 459 τὴν
375 425 504 452 Ἰουδαίαν
527 428 541 453 ό
565 427 708 460 θεσπέσιος
724 429 897 464 Βαπτιστήςς

108 465 177 502 'Ap‘
193 469 252 503 οὐχὶ
268 469 312 496 τὸν
338 470 451 504 Ἰησοῦν,
472 471 502 498 ὅν
522 473 653 500 διεδείκνυ
666 474 770 508 λέγων’
788 484 798 500 ι
811 475 863 501 Ἴδε
884 476 899 502 ὸ

117 512 216 547 Ἀμνὸς
223 514 270 540 τοῦ
286 514 353 541 Θεοῦ
364 517 378 541 ὸ
389 515 473 551 αἴρων
487 517 535 552 τήν
546 518 683 554 ἁμαρτίαν
692 520 740 547 τοῦ
758 521 875 556 κόσμου;
886 532 896 548 ι

109 558 195 590 Τίνας
216 559 383 595 ἐπέστρεφεν
399 561 436 592 ὡς
463 563 531 597 πρὸς
548 565 648 599 Κύριον
662 565 707 592 τὸν
728 567 812 599 Θεόν;
834 566 898 603 'Ap'

108 603 172 639 οὐχὶ
200 605 267 640 πρὸς
290 606 372 632 αὑτὸν
398 606 486 640 λέγων
510 609 550 635 ὅτι
583 619 591 635 ι
613 611 683 644 Ἐγὼ
707 612 828 645 ἑώρακα,
851 614 898 640 καὶ

110 650 324 686 μεμαρτύρηκα,
341 652 382 678 ὅτι
406 650 483 685 οὗτός
502 655 576 681 ἐστιν
592 657 606 681 ό
629 656 692 688 Υίὺς
713 658 760 684 τοῦ
783 659 868 693 Θεοῦ;
885 670 894 687 ι

108 694 166 721 Καὶ
179 696 232 730 μὴν
245 697 293 723 καὶ
307 698 389 724 αὑτὸν
410 700 456 725 τὸν
475 700 613 736 Ζαχαρίαν
630 704 835 738 προφητεύοντά
847 715 898 741 φη-

172 742 217 787 επὶ
231 742 269 776 τῷ
286 743 342 778 ἰδίῳ
360 744 451 771 παιδί·
471 755 480 770 t
496 746 550 772 Καὶ
565 747 608 780 σὺ,
627 749 741 782 παιδίον,
755 752 898 787 προφήτης

113 784 244 832 Ὑψίστου
259 787 383 825 κληθήσῃ
394 798 401 804 ⁸
416 792 592 828 προπορεύσῃ
612 794 666 829 γὰρ
683 796 736 831 πρὸ

107 830 224 866 Κυρίου,
241 833 384 869 ἑτοιμάσαι
409 836 485 868 ὀδοὺς
501 838 584 865 αὐτοῦ
607 840 654 866 τοῦ
673 830 778 868 δουναι.
796 844 897 876 γνῶσιν

109 878 245 913 σωτηρίας
257 879 296 914 τῷ
305 880 363 916 λαῷ
373 882 466 915 αὐτοῦ,
477 884 505 909 ὲν
518 885 614 919 ἀφέσει
626 887 768 922 ἁμαρτιῶν
777 889 875 916 αὐτῶν.
882 900 892 917 ι

109 923 182 971 Ἔφη
197 924 225 971 δε
245 925 338 958 πάλιν,
357 927 435 962 ἆγιον
450 929 565 964 ἄγγελον
581 932 651 966 πρδς
663 933 712 968 τὴν
725 934 806 968 ἁγίαν
821 937 895 971 Παρ-

106 968 286 1016 θένον-ε-ίπείν
297 973 362 1007 περὶ
374 973 421 1000 τοῦ
435 975 553 1010 Χριστοῦ
564 986 570 992 ·
590 987 598 1004 ι
610 975 693 1011 Οὗτος
707 979 782 1006 ἔσται
797 968 895 1016 μέγας,

107 1013 158 1039 καὶ
174 1013 238 1047 Υίὺς
254 1015 385 1050 Ὑψίστου
399 1019 576 1055 κληθήσεται.
598 1032 606 1047 ι
626 1013 807 1059 Προφητεύων
817 1013 897 1053 δέπαζ

104 1059 140 1105 τή
145 1068 172 1105 ρ,
187 1060 342 1094 "Yth-totos-
356 1063 442 1098 λέγων
453 1063 522 1092 εἶναι
535 1067 580 1093 τὸν
602 1069 713 1103 Ἰησοῦν,
732 1071 856 1105 Ὑψίστου
867 1072 895 1099 δὲ

103 1104 188 1130 αὑτὸν
209 1105 273 1132 my
287 1107 358 1134 καὶὸ
374 1108 517 1142 θεσπέσιος
538 1111 651 1146 ἄγγελος
668 1104 805 1149 ὀνομάζει.
828 1116 887 1143 Ἰσο-

105 1149 258 1198 κλεὴςλγὰρ
274 1153 313 1188 τῷ
330 1154 457 1188 φύσαντι,
472 1157 519 1184 καὶ
540 1159 610 1186 κατὰ
627 1161 680 1186 πᾶν
694 1161 782 1188 ὁτιοῦν
799 1163 892 1198 ἰσομέ-

102 1203 177 1231 τρως
187 1196 259 1232 ἔχων
275 1200 289 1225 ὁ
303 1200 334 1232 ἐξ
346 1201 429 1227 αὑτοῦ
448 1202 576 1238 πεφηνὼς
601 1204 664 1236 Υἱὸς
681 1207 758 1233 νοοῖτ¹
773 1207 806 1233 ἂν
822 1196 893 1235 είκό-

102 1249 170 1273 τως.
197 1243 236 1269 Οὐ
257 1244 311 1280 γὰρ
329 1245 369 1272 ὅτι
394 1246 506 1280 γέγονεν
537 1249 680 1285 ἄνθρωπος
701 1252 890 1287 οἰκονομικῶς,

105 1289 289 1320 μειονεκτοίτο
313 1289 346 1316 ἂν
363 1292 434 1318 κατά
455 1301 481 1319 τι
510 1294 575 1326 γοῦν
591 1295 659 1326 ὅλως
675 1296 757 1323 αὐτοῦ
768 1317 776 1328 ,
803 1298 861 1324 ἀλλ’
877 1300 892 1325 ό

104 1330 156 1378 μὲν
246 1334 400 1370 οἰκονομίας
416 1338 514 1372 τρόπος
539 1339 568 1365 ὲν
587 1340 662 1372 ἰδίοις
689 1341 765 1368 ἔσται
784 1343 887 1378 λόγοις.

111 1375 188 1422 ἐπεὶ
205 1378 232 1404 δὲ
251 1380 296 1406 καὶ
313 1381 524 1417 ἀπαράλλακτός
548 1393 578 1411 τε
597 1386 643 1412 καὶ
669 1387 802 1422 ἄτρεπτος
819 1375 890 1418 iteca:

951 255 1056 275 versam
1071 247 1191 275 Judtcam
1205 248 1282 283 331
1302 248 1418 282 Baptista
1438 248 1482 275 ille
1496 249 1623 276 divinus?
1636 250 1731 276 Annon

949 293 1051 328 Jcsum,
1067 301 1146 327 quem
1161 294 1329 329 designabat,
1341 294 1449 321 dicens:
1465 304 1474 320 ι
1487 294 1556 322 Ecce
1570 295 1662 329 Agnus
1673 294 1735 325 Dci,

949 339 994 373 qui
1004 340 1072 366 tollit
1084 345 1223 374 peccatum
1234 340 1325 367 mundi
1341 340 1363 355 "
1374 341 1403 366 Τ»
1415 339 1731 374 ρυοδοδιηεοηνετιίιειί

950 386 1092 413 Dominum
1114 386 1218 413 Deum?
1237 386 1331 413 Annon
1345 387 1377 412 ad
1392 386 1479 420 ipsum
1498 386 1611 413 dicendo
1630 394 1636 412 :
1654 395 1662 410 ι
1677 386 1736 419 Ego

949 431 1014 464 vidi,
1028 436 1056 459 et
1063 436 1176 459 testatus
1184 439 1242 459 sum
1257 432 1327 465 quod
1336 432 1379 459 hic
1386 436 1427 459 est
1438 431 1522 459 Filius
1535 432 1582 458 Dei
1592 432 1649 457 “ir
1662 431 1734 464 Quin

949 478 1030 506 etiam
1046 477 1204 505 Zachariam
1225 478 1312 511 ipsum
1340 479 1373 505 de
1400 477 1453 504 lilio
1478 486 1528 505 suo
1555 478 1733 512 prophetasse

950 525 989 551 ait
1007 532 1015 550 :
1036 533 1046 549 ι
1063 524 1096 551 Et
1108 529 1147 555 tu.
1162 531 1228 558 puer
1243 544 1250 556 ,
1276 524 1405 559 propheta
1417 524 1546 551 Altissimi
1568 523 1707 551 vocaberis
1722 530 1729 548 :

948 569 1058 604 prazibis
1072 569 1145 596 enim
1158 574 1220 596 ante
1236 568 1334 596 faciem
1352 569 1456 596 Domini
1468 577 1565 603 parare
1576 569 1636 596 vias
1649 569 1707 603 ejus
1721 577 1729 594 :

949 616 983 643 ad
1001 614 1116 642 dandam
1135 615 1276 641 scientiam
1298 615 1393 642 salutis
1412 615 1481 649 plebi
1501 614 1570 648 ejus,
1595 615 1620 641 in
1635 615 1730 641 remis-

949 662 1053 689 sionem
1066 666 1238 695 peccatorum
1250 669 1345 689 eorum
1360 661 1395 688 ".
1414 670 1423 686 ι
1438 660 1543 687 Rursus
1552 665 1641 687 autem
1655 660 1726 687 scri-

948 707 988 735 bit
1000 713 1124 735 sanctum
1146 707 1273 741 angelum
1288 707 1322 734 ad
1340 711 1461 733 sanctam
1478 705 1615 741 Virginem
1629 706 1730 736 dixisse

949 753 981 780 de
995 752 1106 780 Christo
1123 762 1130 780 :
1154 762 1163 778 ι
1179 752 1228 779 Hic
1238 753 1290 779 erit
1303 759 1416 786 magnus
1427 772 1435 784 ,
1460 756 1487 779 et
1503 751 1586 778 Filius
1599 751 1729 778 Altissim't

948 799 1089 825 vocabitur
1118 798 1153 825 ".
1181 807 1190 823 ι
1222 797 1303 833 [Vide
1337 797 1419 832 igitur
1440 796 1575 831 quomodo
1599 796 1728 823 Altiuimi

948 844 1101 878 prophetam
1127 843 1257 870 Joannem
1280 843 1354 870 dicat
1380 842 1470 869 vocari
1494 841 1544 877 (1)]
1566 842 1730 877 prophetans

950 890 1030 917 Pater
1043 889 1211 916 Altim’mum
1236 889 1329 916 dicens
1342 895 1403 915 esse
1422 887 1523 920 Jesum,
1549 895 1665 922 eumque
1683 887 1728 913 Αί-

949 935 1044 961 tiuimt‘
1072 933 1174 961 Filium
1201 933 1313 966 angelus
1333 940 1441 967 quoque
1466 933 1572 960 divinus
1597 933 1726 960 nominet.

947 977 1047 1005 Eadem
1063 978 1135 1005 enim
1149 977 1233 1012 gloria
1254 977 1382 1010 praeditus
1399 982 1441 1003 est
1453 985 1514 1003 cum
1528 977 1618 1008 Patre,
1640 982 1668 1003 et
1681 985 1727 1011 per

947 1024 1037 1051 omnia
1052 1023 1182 1057 aequalem
1198 1023 1294 1050 Filium
1312 1030 1346 1049 ex
1368 1023 1426 1056 ipso
1448 1022 1568 1057 genitum
1580 1023 1642 1056 jure
1661 1030 1727 1049 con-

947 1070 1042 1104 cipies.
1060 1069 1128 1096 Nam
1146 1076 1179 1096 ex
1205 1076 1249 1100 eo,
1260 1068 1332 1102 quod
1354 1068 1437 1094 homo
1457 1067 1543 1094 l‘actus
1564 1071 1604 1094 est
1625 1067 1729 1094 ratione

947 1115 1170 1150 dispensationis,
1190 1114 1275 1141 nihilo
1285 1118 1374 1140 tamen
1387 1119 1465 1140 certe
1476 1113 1590 1140 inferior
1601 1116 1644 1140 est
1658 1112 1727 1147 ipso,

945 1163 992 1190 sed
1009 1162 1038 1189 in
1047 1161 1103 1189 suis
1116 1160 1267 1187 rationibus
1275 1160 1405 1187 consistet
1418 1159 1613 1186 incarnationis
1622 1160 1725 1185 modus.

944 1209 1011 1237 Cum
1029 1210 1064 1236 sit
1077 1209 1149 1236 enim
1168 1216 1216 1243 per
1227 1208 1318 1235 omnia
1336 1207 1425 1233 simile
1439 1214 1465 1235 et
1491 1207 1659 1234 immutabile
1682 1215 1726 1234 sc-

945 1255 1061 1281 cundum
1074 1260 1198 1281 naturam
1216 1261 1249 1281 ex
1268 1254 1323 1281 Deo
1347 1254 1426 1282 Patre
1448 1253 1575 1284 Verbum,
1604 1252 1669 1279 nihil
1700 1252 1726 1278 in

945 1308 994 1326 sua
1010 1304 1106 1326 natura
1121 1299 1191 1327 labis
1208 1300 1323 1333 accepit,
1336 1308 1369 1327 ex
1385 1308 1417 1327 eo
1431 1300 1501 1333 quod
1518 1299 1604 1327 factus
1616 1303 1657 1326 est
1677 1306 1725 1325 no—

944 1348 985 1376 bis
999 1350 1108 1381 propter
1125 1353 1175 1373 nos
1193 1345 1290 1372 similis
1304 1367 1311 1376 ,
1330 1346 1377 1372 sed
1392 1345 1530 1372 utPaulus
1547 1346 1600 1372 ait:
1622 1353 1632 1370 ι
1648 1343 1727 1371 .lesns

937 1392 1063 1420 Christus
1075 1391 1133 1417 lteri
1147 1396 1175 1416 et
1191 1390 1289 1417 hodie:
1309 1390 1366 1424 ipse
1381 1395 1408 1417 et
1419 1390 1446 1417 in
1461 1390 1558 1417 secula
1575 1390 1608 1416 ²⁷.
1629 1398 1639 1414 ι

103 1421 187 1474 φύξιν
199 1425 272 1474 ἐξῆν
290 1426 305 1452 ὁ
316 1427 348 1453 ἐκ
363 1427 431 1454 Θεοῦ
448 1429 555 1465 Πατρδς
565 1431 659 1465 Λόγος,
675 1421 750 1459 οὐδὲν
766 1435 805 1466 εἷς
841 1436 908 1465 ἰδίαν
927 1437 1045 1474 ἠδικήθη
1068 1436 1148 1470 φύσιν
1165 1435 1219 1462 ἀπό
1239 1444 1271 1469 γε
1302 1421 1348 1462 τοῦ
1365 1435 1425 1462 καθ’
1450 1436 1525 1471 ἡμᾶς
1545 1435 1671 1470 γενέσθαι
1692 1430 1725 1460 δι’

104 1471 189 1522 mli“
207 1472 264 1522 tu}.
283 1474 326 1522 fi"
350 1476 365 1502 ὁ
387 1476 493 1509 Παῦλδς
519 1486 612 1513 φησιν.
631 1490 639 1505 ¹
660 1481 762 1515 Ἰησοῦς
775 1483 890 1518 Χριστὸς
910 1471 974 1522 χθὲς
990 1485 1037 1512 καὶ
1069 1485 1190 1519 σήμερον
1203 1485 1218 1510 ὀ
1231 1483 1321 1515 αὐτὸς,
1336 1484 1383 1510 καὶ
1398 1483 1437 1514 εἰς
1450 1483 1513 1515 τοὺς
1526 1483 1636 1514 αιῶνας.
1661 1493 1670 1510 ι

141 1516 223 1553 Οἶμαι
235 1520 264 1546 δὲ
279 1521 334 1548 δεῖν
349 1524 395 1550 καὶ
411 1525 472 1556 ταῖς
492 1525 615 1553 Ἰωάννου
630 1529 733 1560 φωναῖς
747 1516 887 1565 οὑχέὸσίως

973 1531 1034 1559 Jam
1046 1531 1230 1558 adversarium
1240 1531 1328 1558 minus
1339 1531 1383 1566 pie
1395 1530 1505 1558 Joannis
1515 1532 1628 1560 vocibus
1638 1532 1722 1559 refra-

106 1565 301 1600 μεμαχημένον
320 1567 482 1604 ἀπελέγχειν
504 1571 595 1597 αὐτόν.
614 1572 653 1597 Οὐ
669 1574 721 1608 γάρ
749 1583 801 1607 τοι,
820 1576 891 1603 καθὰ

103 1617 187 1645 φησιν
196 1611 289 1644 αὐτὸς,
302 1613 504 1648 θεραπεύοντας
518 1625 594 1648 τινας
608 1617 643 1644 τὰ
655 1619 710 1646 τῶν
724 1620 808 1654 ἁγίων
824 1623 892 1657 μνή-

105 1664 178 1703 ματα
188 1657 365 1703 τερεαμένος,
381 1661 486 1687 Παύλου
504 1662 534 1688 τά
541 1671 611 1698 φημι
627 1664 673 1690 καὶ
693 1665 808 1701 Πέτρου,
824 1675 892 1703 προ-

103 1701 176 1736 ήχθη
200 1701 291 1736 λέγειν
304 1704 342 1735 ὼς
363 1705 406 1741 εἴη
421 1707 488 1738 Θεὸς
511 1708 613 1743 Ἰησοῦς
631 1711 755 1745 Χριστός.
781 1701 891 1740 Ἀπιδα-

104 1755 150 1772 νον
162 1747 223 1793 ,γὰρ
239 1749 270 1775 τὸ
283 1750 385 1786 ταύτης
403 1751 484 1779 ἓνεκα
499 1753 549 1789 τῆς
576 1755 665 1787 αἰτίας
686 1758 890 1793 παρωρμῆσθαι

104 1792 224 1841 νομίζειν
234 1794 317 1841 αὐτὸν
330 1797 379 1823 ἐπὶ
390 1797 421 1824 τὸ
433 1798 533 1833 χρῆναι
541 1799 693 1836 θεηγορεῖν,
705 1801 890 1841 διανιστάντος

103 1838 133 1864 δὲ
150 1838 233 1865 αὐτὸν
245 1840 293 1866 τοῦ
308 1841 388 1875 ἁγίου
403 1843 571 1878 Πνεύματος.
585 1845 657 1881 Ἔφη
678 1847 733 1881 γάρ
754 1856 804 1874 που
820 1838 888 1883 Χριέ

104 1884 166 1916 στὺς
182 1888 239 1918 τοῖς
255 1887 342 1920 ἁγίοις
368 1891 556 1924 μυσταγωγοῖς
566 1899 572 1906 ·
593 1901 601 1916 ι
614 1892 670 1927 Οὐχ
685 1893 766 1928 ὑμεῖς
785 1895 848 1921 ἐστε
861 1895 886 1921 οί

103 1929 256 1962 λαλοῦντες,
280 1932 348 1960 ἀλλὰ
371 1933 401 1960 τὸ
425 1934 536 1969 Πνεῦμα
560 1935 607 1962 τοῦ
630 1937 737 1973 Πατρὺς
759 1939 836 1974 ὑμῶν
859 1940 890 1967 τὸ

102 1975 200 2004 λαλοῦν
214 1978 242 2004 ἐν
257 1979 331 2013 ὑμῖν.
353 1989 362 2004 ι
385 1980 454 2007 Ἀλλ’
468 1982 528 2008 οὐδὲ
545 1982 653 2018 πρῶτος
671 1983 722 2019 ἔφη
737 1985 804 2013 Θεὸν
818 1984 888 2013 εἶναι

101 2021 149 2048 τὸν
165 2022 279 2056 Ἰησοῦν.
310 2025 389 2052 Ἀλλὰ
412 2026 467 2060 γὰρ
479 2028 504 2053 οἰ
528 2028 580 2063 πρὸ
598 2029 680 2056 αὐτοῦ
707 2031 886 2066 γεγραφότες,

103 2067 210 2100 Λουκᾶς
225 2078 266 2102 τε,
283 2071 364 2105 φημὶ,
391 2072 438 2098 καὶ
460 2073 608 2108 Ματθαῖος,
625 2075 672 2102 καὶ
701 2077 750 2111 μέν
774 2087 815 2104 τοι
841 2079 888 2105 καὶ

103 2112 226 2159 μαριυς,
251 2115 361 2148 Κύριόν
371 2124 401 2142 τε
419 2117 466 2143 καὶ
482 2118 556 2146 Θεὸν
570 2120 710 2155 ὠνόμαζον
728 2123 819 2156 αὐτὴν,
837 2124 886 2159 τὴν

103 2157 257 2193 ὑπερτάτην
273 2160 352 2192 δόξαν
375 2162 558 2197 ἀπονέμοντες
586 2166 734 2200 πανταχοῦ.
758 2167 787 2193 '0
810 2168 839 2194 δὲ
855 2157 886 2195 τὸ

942 1578 999 1612 gari
1011 1585 1075 1605 accu
1082 1582 1137 1604 nte
1145 1577 1232 1609 nobis,
1240 1577 1346 1611 opinor,
1357 1577 1595 1604 demonstrandum
1605 1582 1655 1604 est.
1667 1577 1724 1604 Non

942 1625 1025 1655 enim,
1036 1623 1130 1656 utipse
1139 1623 1187 1653 ait,
1203 1621 1273 1656 quod
1288 1627 1442 1648 sanctorum
1454 1622 1629 1654 monimenta,
1639 1621 1723 1650 Petri.

942 1668 1052 1703 inquam
1068 1675 1100 1694 ac
1113 1666 1204 1697 Pauli,
1226 1665 1362 1693 nonnullis
1382 1667 1409 1692 in
1422 1666 1508 1699 pretio
1532 1673 1591 1693 esse
1610 1667 1723 1697 viderat,

942 1714 1075 1740 adductus
1086 1717 1130 1740 est
1143 1717 1172 1739 ιιι
1183 1711 1274 1739 Jesum
1287 1711 1424 1738 Christum
1437 1710 1522 1739 Deum
1536 1719 1597 1739 esse
1611 1712 1721 1740 diceret.

941 1759 1077 1787 Credibile
1086 1759 1158 1786 enim
1176 1766 1228 1786 non
1241 1763 1293 1789 est.
1313 1758 1388 1785 illum
1400 1765 1460 1786 eam
1484 1758 1519 1785 ob
1536 1765 1647 1785 causam
1676 1759 1723 1785 ad-

942 1805 1052 1832 ductum
1069 1809 1097 1831 ut
1116 1804 1200 1831 Deum
1221 1803 1295 1830 illutn
1319 1803 1477 1838 praedicaret
1490 1822 1498 1834 ,
1519 1805 1566 1830 sed
1588 1811 1603 1830 a
1622 1803 1721 1838 Spiritu

941 1854 1037 1879 sancto
1052 1851 1208 1885 impulsum.
1233 1850 1303 1876 Dixit
1318 1849 1390 1876 enim
1411 1849 1508 1876 alicubi
1521 1849 1645 1876 Christus
1661 1857 1723 1876 san—

941 1897 994 1924 ctis
1010 1896 1149 1931 discipulis
1167 1904 1174 1922 :
1193 1904 1203 1921 (
1221 1894 1279 1922 Non
1297 1902 1343 1921 vos
1354 1894 1421 1922 estis
1437 1895 1482 1929 qui
1496 1894 1647 1928 loquimini.
1674 1896 1720 1921 sed

941 1942 1059 1977 Spiritus
1082 1942 1170 1968 Patris
1199 1941 1280 1968 vestri
1301 1940 1346 1974 qui
1379 1941 1498 1974 loquitur
1523 1941 1549 1967 in
1572 1940 1647 1967 vobis
1657 1941 1692 1967 ".
1710 1950 1718 1966 ι

941 1987 994 2014 Sed
1009 1995 1097 2022 neque
1110 1987 1215 2021 primus
1231 1985 1402 2013 dixitlcsum
1419 1992 1480 2012 esse
1498 1985 1592 2013 Deum.
1615 1985 1721 2014 Etenim

938 2034 987 2068 qui
1004 2038 1066 2060 ante
1097 2033 1171 2060 illum
1201 2032 1375 2067 scripserant,
1391 2032 1480 2059 Lucas
1493 2031 1632 2065 ,inqnam,
1655 2033 1722 2059 Mat-

938 2079 1024 2106 thazus
1037 2083 1066 2106 et
1081 2078 1204 2111 Marcus,
1227 2077 1368 2105 Dominum
1393 2085 1425 2104 ac
1450 2077 1533 2104 Deum
1547 2078 1719 2105 nominarunt

937 2125 1036 2160 ipsum,
1052 2132 1207 2160 supremam
1240 2124 1265 2151 ei
1292 2123 1403 2158 gloriam
1433 2123 1533 2156 ubique
1560 2123 1717 2150 tribuentes.

938 2169 988 2197 Hic
1018 2174 1108 2197 autem
1137 2169 1305 2196 mendacium
1335 2169 1406 2195 inter
1430 2169 1558 2203 praeclara
1595 2169 1715 2196 facinora

102 2203 200 2238 χρῆναι
216 2204 373 2239 ψευδοεπεῖν
389 2208 419 2234 ὲν
438 2207 488 2244 ἴσῳ
505 2210 574 2245 τάχα
596 2220 648 2238 που
667 2213 752 2244 τιθεὶς
770 2215 825 2245 τοῖς
842 2214 886 2246 ἐξ-

943 2218 1070 2246 statuens,
1080 2213 1215 2246 pertendit
1225 2213 1316 2240 divum
1329 2202 1520 2247 evangelistam
1532 2212 1632 2240 dixisse
1645 2221 1652 2239 :
1665 2221 1673 2237 ι
1689 2213 1719 2239 Et

102 2249 221 2283 αιρέτοις
239 2251 294 2278 τῶν
311 2253 574 2288 ἀνδραγαθημάτων,
597 2257 758 2284 διατείνεται
779 2259 828 2293 μὲν
846 2261 887 2287 εἰ-

102 2294 164 2340 πεῖν
185 2294 232 2322 τὸν
257 2296 399 2324 θεσπέσιον
418 2300 633 2337 εὐαγγελιστήν·
658 2312 668 2328 α
686 2304 741 2330 Καὶ
766 2305 781 2330 δ
801 2305 887 2340 Λόγος

103 2338 171 2386 σξὶρξ
187 2341 310 2374 ἐγένετο·
325 2352 334 2367 ι
350 2344 380 2370 οὑ
393 2344 447 2380 μὴν
462 2345 502 2372 ἔτι
519 2347 567 2373 καὶ
578 2348 662 2380 ὅπως,
679 2338 884 2386 αἰσχυνόμενον,

101 2382 178 2432 οἶμαι
198 2394 264 2412 που’
291 2388 409 2423 οὐδαμοῦ
428 2391 458 2417 δέ
480 2400 562 2425 φησιν
586 2394 667 2421 αὑτὸν
687 2382 748 2422 οὔτε
771 2382 885 2432 Ἰησοῦν,

100 2429 161 2457 οὔτε
184 2432 311 2467 Χριστὸν,
334 2434 414 2471 ἄχρις
428 2433 458 2461 οὗ
480 2437 547 2464 Θεὸν
573 2439 658 2473 Λόγον
673 2429 815 2468 ἀποκαλεί.
829 2429 883 2470 Καί

99 2483 139 2503 τοι
156 2476 214 2508 πῶς
228 2478 259 2504 οὑ
276 2479 334 2506 λίαν
350 2481 449 2513 λεπτὸς
464 2483 513 2509 καὶ
531 2484 620 2519 ἰσχνὸς
636 2485 706 2519 ἄγαν
730 2486 883 2523 ἁπεξεσμέ-

100 2529 141 2568 νος
157 2523 197 2554 εις
211 2523 340 2559 ἀλήθειαν
353 2526 368 2551 ὸ
381 2528 446 2562 περί
463 2536 495 2561 γε
517 2529 620 2556 τούτων
641 2531 717 2565 αὺτῷ
735 2533 883 2568 πεποίηται

101 2565 197 2612 λέγοκ
212 2568 270 2595 ’Ἰνα
293 2570 345 2605 γὰρ
372 2571 409 2606 μή
426 2573 476 2607 τῆς
496 2575 598 2609 σαρκὸς
613 2575 720 2609 γενέσει
737 2565 884 2612 σύγχρονον

100 2608 167 2637 εἷναί
179 2621 222 2644 τις
235 2614 414 2650 ὑποτοπήσειε
427 2617 472 2643 τὸν
491 2608 740 2655 ἐνανθρωπήσαντςι
755 2608 851 2655 Λέξον,
867 2622 883 2657 ἢ

100 2658 232 2694 ἀρτιφανῆ
253 2660 299 2685 καὶ
316 2662 485 2696 πρόσφατον,
511 2662 581 2691 εἶναι
605 2665 679 2700 λέγοι
696 2666 771 2699 Θεὸν,
790 2667 882 2701 προδι-

133 2736 235 2774 ¹Ῑηιυιμ
254 2747 273 2774 ι,
294 2740 336 2767 l6.
370 2740 393 2757 ’⁸
409 2740 486 2768 Joan.
500 2750 519 2774 ι,
530 2743 574 2770 29.

102 2772 183 2803 ι,20.
222 2773 332 2802 "10a".
348 2783 366 2802 ι.
388 2776 429 2803 14.

614 2744 636 2758 ³⁸
652 2744 717 2771 ibid.
733 2744 778 2771 54.

469 2777 490 2792 ¹⁰
511 2778 575 2804 ibid.
597 2778 622 2806 1.

943 2260 1061 2287 Verbmn
1076 2267 1141 2287 caro
1155 2259 1255 2286 factum
1268 2263 1310 2286 est
1322 2259 1355 2291 ",
1374 2268 1384 2284 ι
1400 2266 1452 2285 non
1473 2263 1560 2285 tamen
1573 2259 1718 2294 quomodo,

938 2306 1061 2340 pudore,
1085 2305 1181 2339 opinor
1195 2323 1202 2336 ,
1217 2304 1388 2331 deterritum.
1410 2303 1547 2337 Nusquam
1568 2309 1657 2331 autem
1681 2305 1718 2330 ait

938 2351 1045 2384 ipsum,
1076 2357 1163 2385 neque
1187 2348 1278 2377 Iesum
1296 2369 1304 2381 ,
1335 2356 1424 2384 neque
1447 2349 1583 2377 Christum
1598 2370 1605 2381 ,
1632 2350 1718 2377 donec

940 2397 1022 2423 Deum
1046 2395 1162 2423 Verbum
1178 2395 1303 2430 appellet.
1326 2395 1425 2423 Verum
1441 2395 1563 2429 nunquid
1583 2395 1718 2423 subtiliter

940 2441 1016 2468 valde
1029 2446 1056 2468 et
1071 2441 1104 2468 ad
1130 2440 1210 2476 332
1228 2441 1368 2467 veritatem
1391 2441 1593 2468 accuratissime
1618 2441 1651 2468 de
1675 2441 1718 2468 bis

935 2488 979 2515 ille
995 2489 1123 2515 disseruit
1138 2488 1149 2514 ?
1170 2488 1210 2515 Ne
1224 2488 1286 2523 quis
1299 2488 1372 2514 enim
1390 2487 1481 2514 carnis
1495 2487 1630 2513 nativitati
1650 2485 1715 2513 Ver—

935 2534 998 2561 bum
1013 2534 1151 2561 hominem
1171 2534 1274 2561 factum
1300 2538 1558 2567 contemporaneum
1581 2539 1641 2559 esse
1655 2539 1716 2564 sus-

934 2581 1081 2613 picaretur,
1095 2585 1141 2606 aut
1152 2584 1286 2607 recentem
1301 2587 1333 2606 ac
1347 2586 1431 2613 nuper
1441 2579 1542 2606 editum
1558 2585 1618 2605 esse
1632 2577 1717 2605 Deum

935 2625 1056 2656 diceret,
1077 2627 1230 2653 necessario
1248 2625 1378 2660 praefatur
1397 2625 1468 2658 quod
1494 2633 1502 2648 ι
1532 2625 1557 2651 in
1582 2624 1718 2659 principio.

934 2673 995 2695 erat
1011 2669 1127 2696 Verbum
1144 2669 1177 2702 ³ο,
1203 2679 1213 2695 ι
1241 2669 1310 2696 Deus
1327 2671 1470 2700 exsistcns,
1498 2673 1524 2695 et
1552 2675 1622 2702 qnou
1642 2667 1713 2695 Patri

815 2745 838 2760 "
853 2744 887 2772 Lu

943 2753 958 2775 ι,
975 2745 1072 2777 76,77.
1117 2746 1139 2761 ’⁵
1154 2747 1219 2773 ibid.
1232 2747 1276 2773 5‘1.
1313 2747 1334 2762 ’7
1350 2747 1430 2774 Hebr.
1442 2754 1499 2776 χιιι.
1516 2747 1542 2773 8.
1580 2747 1604 2764 ν
1621 2746 1712 2773 Matth.

133 2842 173 2877 (It
195 2843 259 2876 Quae
275 2845 350 2872 uncis
367 2846 469 2873 inclusa
483 2851 556 2880 sunt,
584 2848 680 2876 desunt
709 2850 736 2877 in
750 2849 844 2876 Grch
870 2850 1026 2884 exetuplnn.
