1894 3056
168 89 232 116 1011

667 89 697 116 5.
719 88 858 116 CYRlLLI
879 88 1114 120 ALEXANDRINI
1132 94 1291 123 ARCHIEP.

1723 97 1805 126 1019

165 149 340 177 cumlerttum,
357 151 438 180 atque
454 153 465 171 ι
487 145 556 180 apud
569 145 650 172 Deum
669 151 738 174 erat.
756 155 764 171 ι
782 145 870 173 Unum
880 146 948 173 ettitu

1012 149 1102 184 ἔξεισιν
1114 152 1279 186 ἀναγκαίως,
1293 153 1330 185 ὡς
1345 154 1392 181 καὶ
1417 163 1426 180 ι
1437 151 1472 189 ἦν
1499 155 1527 182 ὲν
1542 155 1613 190 ἀρχῇ
1638 155 1708 186 Θείας
1723 155 1771 182 ὣν
1789 155 1803 181 c'

166 196 208 218 est
234 200 295 218 eunt
321 192 400 218 Patre
425 198 475 218 suo
502 191 642 218 identitate
668 192 802 224 naturali,
828 191 951 226 quamvis

166 239 312 266 secundum
330 237 465 272 propriam
478 237 656 273 bypostasim,
684 242 712 264 et
735 238 911 272 intelligatur,
924 243 950 265 et

166 285 212 311 sit.
230 284 261 310 Et
281 293 290 307 ι
309 283 360 310 Per
375 283 462 317 ipsum
491 283 582 310 omnia
603 283 673 311 facta
688 288 751 311 sunt
768 284 801 311 ".
822 292 831 310 ι
855 283 951 311 Omnia

167 339 227 358 cmn
240 330 399 362 simpliciter
411 330 488 357 initio
502 331 635 364 dixisset,
652 331 689 358 ita
704 338 734 358 se
751 331 783 358 ad
811 339 946 358 enarran-

152 380 155 383 ’
167 377 229 403 dtnn
240 376 434 404 lncarnationis
449 377 608 412 mysterium
623 378 766 405 convertit.
779 377 850 405 Dixit
858 378 930 404 enim
941 398 948 410 ,

139 414 147 427 Ι
170 433 179 448 ι
194 423 312 450 Verbnm
331 431 439 450 rarnent
454 423 553 451 factum
569 431 631 451 esse
649 433 658 450 ι
675 445 682 457 ,
696 424 723 451 id
741 429 782 451 est
799 424 948 456 hominem,

166 468 266 495 nullam
281 476 388 502 passum
406 470 581 496 mutationem
604 470 630 497 itt
659 470 684 497 id
706 470 778 504 quod
800 478 852 498 tton
867 474 949 497 erat:

168 514 325 541 mutationis
339 515 410 542 enim
422 523 520 550 expers
541 516 613 544 Deus
636 521 679 544 est
704 522 732 544 et
752 517 895 544 mutationi
920 517 946 543 in

168 561 210 587 bis
224 568 275 587 non
291 568 350 588 esse
367 562 526 594 obnoxium,
540 569 593 589 non
609 562 729 594 aliunde,
752 563 798 589 sed
815 562 841 588 in
857 569 886 589 se
902 569 950 596 po-

169 607 222 635 tius
237 607 454 635 substantialiter
470 608 560 636 habet.
590 609 667 642 Quod
692 614 783 636 autem
803 616 835 635 ex
850 609 950 642 {sancta

168 653 279 688 Virgine
291 654 462 681 sanctissima
476 662 558 682 carne
569 659 704 689 assumpta
716 655 796 682 homo
809 654 950 688 prodierit,

117 709 120 715 ι
170 704 198 726 ct
216 701 286 734 qttod
301 705 361 726 erat
377 700 517 731 manserit,
533 699 612 733 plane
629 698 826 733 comprobavit,
841 697 949 724 dicens:

170 754 180 770 ι
201 743 235 771 Ει
261 744 391 771 habitavit
410 743 436 770 in
460 744 555 776 nobis;
569 753 577 768 ι
597 743 666 776 quod
684 751 736 770 non
753 750 785 770 ex
803 743 951 770 mutatione

168 795 196 817 et
216 791 394 817 conversione
408 790 433 816 in
451 790 542 816 carnis
564 789 694 816 transisse
719 793 842 815 naturam
862 788 949 822 ipsum

169 837 281 868 iudicat,
296 837 343 863 sed
359 836 385 862 in
403 844 434 863 ea
454 836 603 867 habitasse,
629 839 676 862 aut
699 835 724 861 in
749 839 843 861 sancto
866 833 949 860 veluti

169 882 278 917 templo,
301 889 414 916 corpore
441 881 567 908 nitnirttnt
593 888 653 912 suo,
673 879 767 907 fuisse.
790 878 839 905 Hic
858 883 949 906 autem

168 936 261 955 eortun
277 935 336 962 qua;
351 928 422 954 dicta
437 931 501 954 sunt
525 927 603 961 plane
624 925 708 958 rudis,
736 926 762 952 in
782 924 950 959 Theologum

168 973 399 1008 impudentissime
408 972 601 1004 dchacchatur,
613 978 728 1005 eumque
739 970 852 998 Joannis
861 970 951 998 verbis

168 1020 366 1046 inconsiderate
381 1018 512 1046 conlisum
528 1018 567 1045 ait
581 1018 614 1045 de
643 1017 788 1052 Unigeuito
810 1017 892 1044 verba
908 1015 949 1044 fe-

168 1067 250 1098 cisse,
265 1073 351 1100 neque
375 1073 455 1099 porro
467 1065 603 1092 Christum
628 1063 716 1097 ipstnn
729 1068 774 1090 aut
786 1062 878 1090 Iesum
902 1070 951 1089 no-

167 1112 298 1139 minasse.
315 1110 511 1138 SedJulianum
526 1114 627 1136 temere
639 1116 711 1136 nunc
727 1115 834 1143 quoque
854 1107 949 1142 nugari

167 1164 194 1186 et
205 1158 431 1185 inconsideratmn
446 1164 556 1191 prorsus
573 1155 775 1182 accusationem
790 1155 948 1185 instituere,

167 1213 200 1232 ex
215 1205 280 1238 ipsis
294 1203 404 1231 Litteris
418 1204 506 1230 sacris
520 1202 611 1229 videre
624 1201 697 1228 licet.
712 1200 859 1228 Verissime
875 1199 948 1227 enim

167 1251 266 1284 accipit
280 1250 358 1277 verba
374 1249 461 1277 sancti
475 1248 546 1275 illius
560 1247 697 1281 Baptistae,
708 1254 767 1282 qua:
781 1246 815 1274 de
825 1246 949 1273 omnium

168 1302 288 1324 nostrum
308 1296 448 1323 Salvatore
462 1294 570 1321 Christo
582 1293 704 1328 protulit.
714 1292 859 1326 Postquam
875 1292 949 1318 enim

171 1352 180 1369 ι
198 1343 314 1370 Carnem
335 1342 451 1369 Verbum
467 1340 569 1367 factum
584 1347 644 1367 esse
663 1348 673 1365 ι
694 1338 773 1371 dixit,
790 1343 854 1365 tunc
870 1344 946 1370 sane,

170 1395 234 1416 tttuc
251 1393 402 1424 opportune
422 1387 564 1414 admodum
583 1390 612 1413 et
628 1385 761 1413 Christum
778 1385 909 1415 nominat,
922 1388 950 1411 et

168 1436 270 1468 Jesum,
297 1440 323 1462 et
345 1434 496 1461 divinitatis
516 1433 718 1468 dignationibus
743 1432 883 1467 pr'editum
900 1432 948 1462 ait.

1002 197 1098 231 Λόγος,
1113 208 1122 224 ι
1137 199 1185 225 καὶ
1197 199 1238 226 ὅτι
1251 201 1386 232 συναῖδιος
1393 200 1432 235 τῷ
1442 201 1537 236 Πατρὶ,
1551 202 1600 228 καὶ
1612 210 1622 227 ι
1643 201 1716 237 πρὸς
1725 201 1805 227 Θεὸν

1000 241 1044 278 ἦν.
1060 253 1069 269 t
1081 244 1128 270 "Ev
1143 244 1198 280 γάρ
1211 246 1268 272 ἐστι
1284 245 1351 281 πρὸς
1363 246 1408 272 τὸν
1424 247 1506 273 αὑτοῦ
1522 247 1675 282 Γεννήτορα
1691 247 1804 273 ταυτό-

1001 297 1063 324 τητι
1076 292 1189 325 φυσικῇ,
1210 291 1299 318 καίτοι
1323 292 1384 318 καθ’
1404 292 1551 319 ὑπόστασιν
1570 292 1640 319 ἰδίαν
1655 292 1804 327 ὑπάρχων

1001 335 1050 362 καὶ
1073 336 1226 372 νοούμενος.
1243 347 1251 363 ι
1265 338 1362 372 Γέγονε
1384 338 1412 365 δὲ
1430 338 1477 365 καὶ
1495 339 1583 366 πάντα
1607 339 1641 366 δι’
1658 339 1746 366 αὐτοῦ
1757 347 1767 354 ο
1788 348 1800 364 υ

1001 381 1079 406 ταυτὶ
1093 381 1256 416 σύμπαντα
1280 383 1419 418 προειπὼν
1433 383 1564 418 ἀτέχνως,
1578 384 1704 414 καθῆκεν
1720 383 1804 410 οὕτω

1002 426 1047 452 τὸν
1066 427 1162 453 ἑαυτοῦ
1176 428 1253 461 λόγον
1274 428 1319 454 ὲπί
1344 438 1376 462 γε
1396 429 1426 456 τὸ
1442 430 1496 456 δεῖν
1520 430 1570 465 τῆς
1596 430 1668 466 μετὰ
1687 430 1803 465 σαρκὸς

1002 472 1158 508 οἰκονομίας
1180 474 1373 509 ἀφηγήσασθαι
1401 474 1431 501 τὸ
1457 476 1616 511 μυστήριον.
1639 474 1716 510 Ἔφη
1736 475 1802 510 γὰρ

1005 527 1014 543 ι
1031 518 1120 553 σάρκα
1134 519 1261 552 γενέσθαι
1274 520 1319 546 τὸν
1343 519 1439 553 Λόγον,
1457 529 1466 545 ι
1486 520 1559 546 τοῦτ’
1578 520 1666 551 ἐστιν,
1681 519 1801 554 ἂνθρω-

1002 572 1063 595 πον,
1081 564 1110 590 οὐ
1125 564 1174 599 τὴν
1187 566 1225 596 εἰς
1238 565 1306 600 ὅπερ
1318 565 1368 592 οὐκ
1380 563 1414 600 ἦν
1426 565 1566 592 ἀλλοίωσιν
1582 566 1779 600 ὑπομείναντα
1791 572 1799 578 ·

1001 611 1105 646 τροπῆς
1119 611 1174 646 γὰρ
1189 611 1330 646 ἐλεύθερον
1345 611 1375 638 τὸ
1387 611 1474 644 Θεϊον,
1492 611 1580 638 καὶτὸ
1594 611 1746 645 ἀκλόνητον
1763 610 1800 635 ἐν

1001 655 1107 687 τούτοις
1122 656 1153 682 οὐ
1168 656 1285 691 θύραθεν
1302 657 1388 692 αὐτῷ,
1405 656 1564 692 ἐμπεφυκὸς
1579 656 1608 682 δὲ
1624 655 1729 691 μᾶλλον
1745 655 1799 681 οὺ-

1002 701 1115 734 σιωδῶς.
1135 702 1196 728 Ὅτι
1212 702 1241 729 δὲ
1261 704 1310 738 τὴν
1335 704 1367 728 ἐκ
1387 702 1438 736 τῆς
1458 702 1537 736 ἁγίας
1559 701 1698 736 Παρθένου
1722 701 1800 728 πάν-

1002 756 1084 782 αγνον
1103 748 1192 783 σάρκα
1206 747 1296 775 λαϐὼν
1317 748 1451 784 προῆλθεν
1468 748 1620 784 ἄνθρωπος,
1633 748 1683 774 καὶ
1702 747 1797 781 μεμέ-

1001 802 1083 829 νηκεν
1094 793 1163 830 ὅπερ
1173 791 1217 829 ἦν,
1229 794 1486 829 πεπληροφόρηκεν,
1502 793 1586 820 εἰπών
1597 802 1604 808 ·
1619 803 1627 818 ι
1638 793 1695 819 Καὶ
1709 792 1797 827 ἐσκή-

1001 848 1086 866 νωσεν
1099 840 1128 867 ὲν
1147 841 1230 875 ἡμῖν·
1251 850 1260 865 ›
1277 839 1292 866 ὃ
1311 840 1361 866 οὐκ
1379 839 1409 872 ἐξ
1435 838 1606 870 ἀλλοιώσεως
1620 839 1669 865 καὶ
1684 839 1797 873 τροπῆς

1000 885 1051 920 τῆς
1069 885 1170 920 σαρκὸς
1186 886 1423 921 μεταφοιτήσαντα
1439 885 1520 919 φύσιν
1547 885 1738 920 ὑπεμφήνειεν
1755 883 1796 910 ἄν

1001 931 1093 964 αὑτὸν,
1110 931 1167 958 ἀλλ’
1182 932 1222 958 ὃτι
1237 931 1407 968 κατῴκηκεν,
1420 932 1478 968 ἤτοι
1490 930 1608 966 γεγονὼς
1622 931 1661 962 ὼς
1675 931 1705 956 ἐν
1718 929 1796 964 ἁγίῳ

1001 976 1058 1012 ναῷ
1074 977 1112 1012 τῷ
1127 977 1184 1012 ἰδίῳ
1206 976 1323 1012 σώματι.
1346 977 1375 1004 '0
1389 977 1417 1004 δὲ
1439 977 1540 1008 συνιεὶς
1561 977 1616 1003 τῶν
1631 975 1795 1010 εἰρημένων

1001 1024 1088 1056 οὐδὲν,
1101 1023 1306 1058 προαλεστάτην
1324 1023 1371 1050 τοῦ
1387 1023 1518 1059 θεηγόρον
1535 1024 1652 1050 ποιεῖται
1670 1021 1722 1057 τὴν
1740 1030 1790 1048 καί

1000 1068 1146 1103 τάῤῥησιν,
1162 1068 1210 1094 καὶ
1228 1067 1296 1103 πρός
1309 1076 1340 1101 γε
1363 1067 1451 1102 τούτῳ
1480 1067 1572 1101 φησὶν,
1584 1067 1644 1097 ταῖς
1661 1064 1794 1092 Ἰωάννου

1000 1115 1104 1148 φωναῖς
1118 1113 1308 1144 άὸασανίστως
1322 1113 1554 1149 ἐπιθαρρήσαντα,
1570 1111 1616 1137 τὸν
1633 1110 1681 1136 ὲπί
1695 1119 1728 1144 γε
1743 1109 1793 1135 τοῦ

1000 1159 1170 1194 Μονογενοῦς
1188 1159 1354 1195 ποιήσασθαι
1372 1159 1461 1192 λόγον,
1475 1158 1506 1184 οὐ
1528 1158 1582 1193 μὴν
1602 1157 1642 1183 ἔτι
1659 1156 1707 1182 καὶ
1722 1157 1793 1189 Χρι-

1001 1206 1077 1233 στὸν
1092 1206 1173 1232 αὑτὸν
1184 1205 1268 1240 ἤγουν
1289 1204 1411 1238 Ἰησοῦν
1425 1203 1559 1238 ὠνόμασε.
1575 1201 1741 1236 Βατταρίξει
1761 1200 1793 1226 δὲ

1000 1252 1041 1279 ὃτι
1069 1252 1115 1278 καὶ
1140 1251 1188 1278 νῦν
1218 1250 1298 1286 εἰκῆ,
1327 1250 1374 1276 καὶ
1403 1249 1612 1276 ἀκατάσκεπτον
1646 1245 1794 1276 παντελῶς

1001 1298 1118 1324 ποιεῖται
1134 1297 1183 1333 τὴν
1200 1296 1377 1332 κατηγορίαν,
1390 1295 1419 1328 ἐξ
1434 1294 1523 1321 αὐτῶν
1536 1293 1625 1320 ἔνεστι
1638 1292 1694 1319 τῶν
1708 1291 1794 1325 ἱερῶν

1000 1342 1175 1378 Γραμμάτων
1195 1343 1270 1369 ἰδεῖν.
1292 1341 1406 1377 Δέχεται
1423 1341 1472 1376 μὲν
1488 1340 1543 1375 γὰρ
1564 1339 1602 1371 ὡς
1613 1338 1723 1373 άληθῶς
1740 1337 1793 1368 τὰς

999 1388 1046 1415 τοῦ
1061 1388 1139 1422 ἁγίου
1152 1387 1304 1415 Βαπτιστοῦ
1320 1387 1421 1422 φωνὰς,
1433 1386 1461 1414 αἱ
1476 1386 1619 1421 γεγόνασιν
1629 1385 1705 1420 αὑτῷ
1723 1384 1805 1419 περὶ,

999 1434 1046 1462 τοῦ
1062 1434 1171 1461 πάντων
1182 1435 1198 1469 ἡ
1203 1433 1261 1469 μῶν
1277 1433 1401 1469 Σωτῆρος
1415 1432 1545 1468 Χριστοῦ,
1558 1441 1568 1458 ι
1579 1431 1673 1467 Σάρκα
1688 1439 1721 1464 γε
1736 1430 1793 1464 μὴν

168 1483 232 1509 licet
245 1481 322 1509 nobis
335 1481 432 1509 similis
451 1479 538 1507 iactus
553 1481 589 1507 sit
607 1479 711 1506 ratione
728 1478 948 1512 dispensationis.

1012 1481 1184 1508 νενέσθαιτδν
1198 1480 1283 1514 Λόγον
1300 1490 1310 1506 ι
1329 1479 1425 1512 εἰπὼν,
1441 1479 1502 1506 τότε
1521 1478 1563 1513 δὴ,
1582 1477 1642 1504 τότε
1658 1477 1708 1503 καὶ
1728 1476 1793 1502 λίαν

172 1527 445 1563 Scripsitigituripse
458 1533 566 1561 quoque
579 1525 605 1552 in
621 1525 691 1552 hunc
703 1525 812 1552 tnodum
827 1533 833 1551 ε
852 1533 861 1549 ι
882 1523 948 1551 Cum

167 1579 256 1601 autem
273 1578 346 1600 esset
369 1571 563 1606 Hierosolymis
581 1571 606 1597 iu
621 1570 736 1602 Pascha,
765 1570 791 1596 itt
810 1569 854 1596 die
871 1569 948 1601 festo,

168 1619 243 1646 inulti
254 1619 427 1646 crediderunt
434 1619 458 1644 itt
468 1617 576 1644 nomine
583 1616 654 1651 ejus,
663 1616 782 1643 videntes
790 1616 865 1650 signa
875 1615 945 1649 ejus,

167 1674 226 1700 quae
252 1665 367 1692 faciebat
383 1671 464 1699 super
479 1664 611 1691 iulirmos.
626 1662 686 1697 Ipse
700 1667 790 1690 autem
804 1661 883 1690 Iesus
897 1669 949 1688 non

168 1713 295 1739 credebat
307 1711 481 1745 semetipsum
497 1710 561 1741 eis,
580 1717 612 1736 eo
623 1710 695 1744 qttod
719 1710 775 1744 ipse
789 1713 879 1736 nosset
891 1716 950 1735 om-

170 1758 214 1784 nia
229 1757 262 1784 “.
283 1766 292 1782 ι
309 1755 393 1784 ltent:
413 1765 423 1781 ι
437 1755 504 1782 Cum
519 1763 584 1790 ergo
600 1763 662 1782 sero
677 1759 746 1782 esset
768 1754 812 1781 die
837 1754 883 1781 illo
898 1762 950 1781 una

168 1803 360 1833 S.tbb:ttortttn,
372 1807 398 1828 et
411 1801 482 1828 fores
494 1806 585 1828 essent
601 1801 709 1833 clausae,
723 1801 766 1827 ttbi
777 1807 857 1827 erant
867 1800 950 1827 disci-

168 1847 223 1882 puli
239 1846 393 1881 congregati
405 1851 495 1880 proter
504 1850 602 1872 metum
611 1844 777 1876 Iudaeorum,
789 1845 859 1871 venit
872 1844 951 1872 Jesus

169 1893 249 1933 333
258 1897 285 1918 et
295 1891 369 1917 stetit
377 1891 403 1917 in
413 1890 508 1920 medio,
521 1890 617 1916 etdicit
625 1889 665 1916 eis
677 1888 745 1916 :Pax
755 1890 829 1916 vobis
838 1889 870 1916 ³³.
887 1898 896 1914 ι
907 1889 952 1916 Ait

168 1940 249 1967 etiam
273 1937 369 1964 alicubi
388 1936 530 1963 Dominum
549 1936 635 1968 ipsum
651 1937 684 1962 ad
702 1935 808 1962 Patrem
829 1940 857 1962 et
868 1935 950 1963 Deum

167 1986 212 2020 qui
225 1986 250 2011 in
264 1983 340 2011 caelis
352 1988 393 2010 est
405 1982 511 2009 dicere:
529 1991 537 2006 ι
550 1981 612 2008 lltec
620 1985 661 2008 est
675 1986 764 2008 autem
775 1981 828 2008 vita
840 1985 950 2012 aeterna,

168 2037 196 2058 ut
207 2034 373 2064 cognoscant
385 2033 412 2055 te
429 2028 515 2055 solum
544 2028 626 2054 Deum
642 2035 747 2060 verum,
764 2033 792 2054 et
809 2034 888 2062 quem
901 2027 952 2053 nti-

166 2078 224 2105 sisli
233 2077 323 2103 .Iesttm
333 2075 469 2103 Christum
479 2074 511 2101 ".
525 2083 534 2099 3
545 2073 620 2107 Quod
631 2079 719 2101 autent
731 2075 755 2100 ei
765 2074 867 2101 homini
881 2073 952 2101 facto

166 2123 283 2151 servarit
299 2130 329 2150 ea
343 2129 403 2156 qua:
416 2121 551 2148 divinitati
567 2121 784 2151 conveniunt,“
799 2120 953 2155 ipsiusver-

167 2171 207 2196 his
221 2169 333 2203 patebit.
350 2167 503 2201 Smpissime
517 2167 590 2193 enim
609 2165 695 2192 Vitam
709 2166 794 2199 ipsum
810 2170 837 2193 et
853 2165 947 2193 Lucem

1000 1528 1047 1555 ἐπὶ
1063 1526 1160 1562 καιροῦ
1174 1527 1221 1553 καὶ
1236 1525 1366 1560 Χριστὸν
1381 1524 1510 1560 ὀνομάζει
1524 1524 1571 1550 καὶ
1591 1522 1726 1557 Ἰησοῦν,
1742 1521 1792 1547 καὶ

1000 1574 1029 1599 ὲν
1043 1574 1099 1605 τοῖς
1113 1573 1161 1608 τῆς
1178 1572 1303 1607 θεότητος
1326 1570 1478 1606 ἀξιώμασιν
1503 1567 1572 1596 εἷναί
1589 1577 1682 1604 φησιν,
1698 1567 1792 1594 καίτοι

1001 1620 1062 1646 καθ’
1075 1620 1148 1654 ἡμᾶς
1162 1619 1294 1652 γεγονότα
1315 1616 1504 1652 οἰκονομικῶς.
1524 1616 1681 1651 Γέγραπται
1695 1614 1792 1640 τοίνυν

999 1667 1049 1694 ὡδὶ
1067 1667 1112 1694 καὶ
1123 1665 1218 1696 αὐτὸς·
1234 1673 1244 1690 t
1261 1665 1306 1696 Ὠς
1317 1664 1345 1690 δὲ
1359 1661 1395 1699 ,ἦν
1410 1664 1466 1695 τοῖς
1481 1662 1679 1698 Ἱεροσολύμοις
1697 1661 1728 1687 ὲν
1751 1659 1793 1694 τῷ

1001 1714 1098 1749 Πάσχα
1112 1714 1140 1739 ὲν
1157 1714 1188 1748 τῇ
1205 1712 1297 1747 ἑορτῇ,
1314 1710 1406 1737 πολλοὶ
1428 1709 1592 1736 ἐπίστευσαν
1603 1708 1644 1738 είς
1654 1707 1686 1734 τὸ
1702 1707 1792 1741 ὕνομα

1000 1758 1094 1791 αὑτοῦ,
1119 1756 1284 1792 θεωροῦντες
1309 1754 1392 1782 αὑτοῦ
1416 1753 1451 1780 τὰ
1467 1753 1569 1788 σημεῖα
1585 1751 1603 1778 ἃ.
1630 1750 1718 1777 ἐποίει
1741 1750 1792 1775 ἐπὶ

999 1805 1055 1832 τῶν
1071 1803 1265 1831 ἀσθενούντων.
1281 1801 1366 1833 Αὐτὸς
1377 1801 1405 1828 δὲ
1419 1801 1434 1827 ό
1451 1798 1554 1835 Ἰησοῦς
1564 1798 1615 1825 οὐκ
1627 1796 1791 1823 ἐπίστευσεν

1001 1851 1098 1878 ἑαυτὸν
1123 1850 1214 1881 αὐτοῖς
1237 1848 1281 1875 διὰ
1300 1847 1331 1874 τὸ
1349 1847 1429 1874 αὐτὸν
1452 1844 1597 1880 γινώσκειν
1612 1844 1676 1870 πᾶν.
1697 1851 1707 1868 ι
1733 1841 1792 1867 Καὶ

1001 1899 1083 1926 πάλιν
1094 1904 1100 1911 ”
1117 1907 1126 1923 ι
1141 1897 1231 1932 Οὔσης
1250 1893 1295 1922 οὖν
1314 1894 1394 1929 ὀψίας
1409 1895 1442 1929 τῇ
1467 1891 1560 1927 ἡμέρᾳ
1576 1891 1668 1925 ἐκείνῃ
1682 1890 1716 1924 τῇ
1738 1889 1791 1932 tu?

1000 1944 1056 1971 τῶν
1072 1928 1228 1973 Σαὸῦάτων,
1254 1941 1301 1968 καὶ
1329 1928 1384 1966 τῶν
1412 1938 1502 1974 θυρῶν
1523 1935 1737 1970 κεκλεισμένων,
1757 1928 1790 1959 οὗ

1000 1988 1070 2024 ἦσαν
1085 1989 1110 2015 οἱ
1125 1987 1244 2022 μαθηταὶ
1256 1985 1339 2013 αὑτοῦ
1350 1984 1514 2020 συνηγμένοι
1524 1982 1568 2009 διὰ
1578 1982 1624 2008 τὸν
1634 1980 1717 2015 φόὸον
1731 1978 1790 2005 τῶν

1007 2031 1248 2068 ἰουδαίων,ἦλθεν
1268 2032 1283 2058 ό
1302 2030 1404 2065 Ἰησοῦς
1425 2030 1473 2056 καὶ
1489 2029 1553 2063 ἔστη
1575 2028 1616 2059 είς
1637 2026 1668 2052 τὸ
1690 2025 1789 2060 μέσον,

1002 2082 1050 2108 καὶ
1063 2081 1136 2114 λέγει
1158 2080 1250 2110 αὐτοῖς
1261 2086 1267 2093 ·
1292 2077 1394 2112 Εἰρήνη
1407 2077 1484 2111 ἡμῖν.
1505 2085 1513 2101 ι
1533 2074 1605 2108 Ἔφη
1621 2072 1650 2099 δέ
1671 2080 1722 2098 που
1739 2071 1790 2098 καὶ

1003 2127 1084 2154 αὑτὸν
1096 2125 1142 2152 τὸν
1154 2124 1256 2159 Κύριον
1275 2123 1342 2157 πρὸς
1357 2122 1402 2148 τὸν
1416 2122 1444 2147 ἐν
1463 2121 1518 2151 τοῖς
1533 2119 1657 2153 οὐρανοῖς
1675 2117 1790 2152 Πατέρα

1001 2174 1050 2200 καλ¹
1068 2172 1134 2198 Θεὸν
1159 2171 1261 2197 εἰπεῖν·
1279 2179 1288 2195 ι
1303 2169 1376 2203 Λῦτη
1396 2167 1425 2194 δέ
1452 2167 1526 2193 ἐστιν
1548 2166 1565 2201 ἠ
1589 2163 1698 2194 αἰώνιος
1717 2163 1788 2197 ζωὴ,

166 2216 298 2246 nominat,
306 2214 427 2247 adeoque
438 2217 572 2247 potestate
585 2217 612 2239 et
628 2212 712 2247 gloria
721 2211 795 2239 Patri
802 2213 946 2247 aequalem,

1012 2228 1044 2246 να
1056 2216 1210 2252 γινώσκωσι
1232 2225 1263 2242 σε
1281 2216 1327 2242 τὸν
1351 2215 1430 2250 μόνον
1448 2212 1574 2248 ἀληθινὸν
1590 2211 1667 2243 Θεὸν,
1683 2210 1733 2236 καὶ
1757 2210 1788 2236 ὃν

166 2258 406 2293 ctiucomparabili
423 2265 504 2292 supra
524 2265 620 2285 omnes
630 2259 778 2285 eminentia
794 2259 945 2293 praeditum.

167 2307 216 2333 llic
238 2309 329 2332 atttem
349 2303 535 2338 vitilitigator,
554 2304 599 2337 qui
626 2303 725 2330 ntalum
753 2312 838 2338 usque
856 2305 948 2332 animo

167 2356 267 2383 versat,
282 2359 307 2378 et
321 2349 446 2384 quiddam
468 2349 575 2376 assidue
600 2353 711 2375 venatur
732 2350 948 2384 pervostigatque

167 2398 237 2424 unde
258 2396 440 2424 Christianam
462 2394 620 2428 religionem
639 2399 728 2426 vexet,
744 2400 772 2421 ut
785 2401 887 2430 sperat,
900 2404 948 2430 per

166 2444 246 2470 aliam
268 2442 348 2469 veluti
362 2442 433 2468 viam
449 2440 582 2475 graditur,
601 2446 627 2466 et
641 2442 697 2467 ait:

999 2263 1162 2295 ἀπέστειλας
1178 2261 1281 2297 Ἰησοῦν
1291 2260 1417 2295 Χριστόν.
1435 2269 1444 2286 ι
1458 2259 1519 2285 ’Ότι
1535 2258 1564 2284 δὲ
1577 2259 1625 2284 καὶ
1638 2256 1698 2283 καθ’
1711 2256 1787 2291 ἡμᾶς

999 2310 1123 2345 γεγονότι
1140 2309 1273 2345 τετήρηκε
1292 2307 1327 2334 τὰ
1348 2304 1497 2341 θεοπρεπῆ,
1514 2304 1557 2330 διὰ
1573 2303 1627 2329 τῶν
1638 2301 1721 2329 αὐτοῦ
1743 2300 1786 2328 δι-

998 2357 1161 2392 δαχθήσεται
1178 2355 1275 2389 λόγων.
1292 2351 1456 2387 Πλεισταχοῦ
1474 2350 1528 2386 γὰρ
1543 2350 1626 2376 αὐτὸν
1638 2349 1684 2375 καὶ
1698 2346 1787 2380 Ζωὴν

1000 2404 1047 2430 καὶ
1065 2401 1128 2433 Φῶς
1158 2400 1306 2435 ὀνομάζει,
1331 2399 1378 2425 καὶ
1402 2397 1494 2432 μέντοι
1519 2395 1567 2422 καὶ
1592 2393 1718 2429 ίσουργδν
1737 2392 1785 2418 καὶ

1007 2447 1116 2474 ἱσοκλεᾶ
1137 2446 1175 2481 τῷ
1202 2445 1299 2480 Πατρὶ,
1322 2445 1369 2471 καὶ
1391 2445 1451 2474 ταῖς
1468 2442 1540 2469 κατὰ
1568 2441 1678 2468 πάντων
1700 2439 1784 2472 ἀσυγ-

167 2489 269 2524 κριτοις
303 2486 331 2514 εὖ
358 2486 429 2522 μάλα
464 2486 611 2521 ὑπεροχαῖς
634 2488 864 2523 κατεστεμμένον.
896 2490 924 2518 '0
944 2493 973 2519 δὲ
996 2493 1128 2528 φιλαίτιος
1149 2493 1250 2524 οὐτοσὶ,
1279 2491 1326 2517 καὶ
1351 2490 1395 2517 διὰ
1418 2490 1508 2523 πάσης
1539 2488 1586 2515 ἰὼν
1609 2487 1714 2516 ὲννοίας
1734 2486 1784 2512 οὐκ

166 2534 281 2568 ἀγαθῆς,
314 2535 357 2560 ἀεὶ
375 2533 403 2559 δέ
421 2541 447 2559 τι
469 2532 635 2568 θηρώμενος,
669 2534 716 2560 καὶ
735 2535 872 2568 εὑρίσκειν
903 2539 1061 2575 ἐπιχειρῶν,
1087 2540 1121 2566 δι’
1135 2538 1219 2574 οὗπερ
1242 2539 1274 2565 ἂν
1289 2536 1397 2563 δύναιτο
1418 2534 1531 2566 κακοῦν,
1560 2533 1597 2565 ὡς
1622 2533 1721 2563 οἴεται.
1748 2531 1783 2557 τὰ

166 2578 345 2614 Χριστιανῶν,
358 2578 392 2604 δι’
405 2578 500 2612 ἑτέρας
511 2578 605 2614 ὥσπερ
617 2579 684 2605 ἵεται
697 2580 800 2614 τρίϐου,
815 2582 861 2608 καί
877 2591 968 2618 φησιν·

467 2637 646 2665 JULIANUS.

198 2694 249 2721 Sed
267 2693 317 2721 hoc
334 2694 441 2727 quidem
455 2694 487 2721 de
500 2694 562 2722 Jesu
580 2694 689 2723 Christo
702 2694 831 2722 Joannem
845 2696 945 2726 dicere.

166 2747 198 2766 ne
215 2740 272 2773 ipse
287 2741 393 2772 quidem
410 2740 524 2767 inticior.
539 2741 697 2775 Quanquam
711 2740 798 2775 placet
811 2741 946 2768 nonnullis

201 2801 221 2817 ³¹
242 2800 320 2829 Joan.
341 2810 359 2835 ι,
377 2803 402 2829 5.
443 2803 463 2818 "
479 2802 556 2831 Joen.
578 2812 607 2838 tt,
624 2803 724 2838 25,2l.

1294 2638 1489 2667 ΙΟΥΛΙΔΝΟΣ.

1042 2701 1109 2727 Ἀλλ·
1131 2700 1171 2725 ὅτι
1191 2698 1239 2732 μὲν
1266 2695 1345 2723 τοῦτο
1368 2695 1433 2729 περὶ
1451 2692 1540 2727 Ἰησοῦ
1559 2689 1679 2726 Χριστοῦ
1699 2697 1781 2723 φησιν

1006 2748 1148 2780 Ἰωάννης,
1169 2744 1230 2770 οὐδὲ
1251 2742 1332 2774 αὐτὸς
1353 2740 1494 2774 ἀντιλέγω.
1520 2737 1616 2766 Καίτοι
1636 2735 1711 2763 δοκεῖ
1730 2741 1783 2761 τισι

765 2805 785 2819 ³³
804 2803 881 2832 Joan.
902 2812 948 2837 xx,
970 2804 1012 2832 l9.
1051 2803 1071 2819 ³⁸
1090 2801 1169 2831 Joan.
1186 2806 1254 2831 xvtt,
1273 2798 1300 2824 5.
