1894 3056
116 139 187 166 1013

698 137 837 167 CONTRA
855 140 1028 170 JULIANUM
1045 140 1110 170 LIB.
1123 141 1159 170 Χ.

1676 146 1741 173 Ill”

113 198 170 225 τῶν
183 196 322 224 δυσσεΰῶν
339 196 420 224 ἄλλον
435 195 485 232 μὲν
503 195 608 231 Ἰησοῦν
625 193 694 223 εἶναι
709 196 838 232 Χριστὸν,
855 198 903 226 άλ-

965 199 1152 234 mpiis,falium
1167 199 1275 235 quidem
1299 206 1359 228 esse
1382 199 1475 229 .lesum
1505 202 1653 234 Christum,
1668 205 1740 231 aliud

111 244 159 271 λον
169 243 198 271 δὲ
210 243 256 270 τὸν
269 243 321 270 ὑπὸ
339 243 462 270 Ἰωάννου
475 243 676 279 κηρυττόμενον
687 243 784 277 Λόγον.
798 244 835 271 Οὐ
849 244 904 282 μὴν

111 289 201 321 οὕτως
215 289 281 325 ἔχει.
295 290 344 316 ’ον
359 290 413 325 γὰρ
431 289 512 320 αὐτὸς
530 286 600 316 εἷναί
622 297 707 324 φησιν
723 289 791 316 Θεὸν
807 290 902 324 Λόγον,

112 336 208 363 τοῦτον
234 336 286 362 ὑπὸ
312 335 436 362 Ἰωάννου
453 335 536 370 φησὶν
557 335 759 372 ἐπιγνωσθῆναι
784 335 831 362 τοῦ
848 336 903 363 Βα-

112 382 238 414 πτιστοῦ,
253 382 369 417 Χριστὸν
388 380 491 416 Ἰησοῦν
514 379 589 408 ὅντα.
612 381 743 411 Σκοπεϊτε
763 380 811 409 οὖν
830 381 904 414 ὅπως

112 427 247 459 εὐλαὸὦς,
262 427 363 462 ἡρέμα,
378 427 425 453 καὶ
441 426 602 462 λεληθότως,
619 427 763 463 ἐπεισάγει
785 427 823 463 τῷ
838 427 904 462 δρά-

113 481 182 508 ματι
195 472 240 499 τὸν
255 471 394 506 κολοφῶνα
415 472 465 508 τῆς
476 472 614 506 ἀσεϐείας,
631 472 702 500 οὕτω
716 482 746 499 τε
762 474 822 500 ἐστὶ
834 482 904 500 παν-

112 518 212 554 οῦργος
235 519 282 545 καὶ
299 517 437 550 ἀπατεὼν,
460 518 530 545 ὥστε
551 517 630 551 αὖθις
646 519 791 547 ἀναδύεται
820 527 905 555 προσ-

114 564 217 596 τιθειςο
236 573 245 590 ι
259 564 325 591 Θεὸν
339 564 425 596 οὐδεὶς
443 564 551 601 ἑώρακε
568 565 689 592 πώποτε.
711 566 741 593 '0
751 566 906 602 Μονογενὴς

113 611 190 644 Υῑδς,
206 613 220 639 ό
234 611 272 639 ὢν
288 612 318 638 ὲν
343 612 398 642 τοῖς
415 611 525 642 κόλποις
539 610 585 637 τοῦ
606 611 723 646 Πατρὺς,
738 612 841 643 ἐκεῖνος
863 612 907 644 ἐξ·

113 658 248 692 ηγήσατο.
260 666 269 683 ι
282 657 398 692 Πότερον
411 654 457 683 οὖν
469 653 545 688 οὗτός
554 657 628 682 ἐστιν
636 657 650 682 ὁ
658 656 725 688 Θεὸς
736 656 822 691 Λόγος
838 656 907 692 σὰρξ

112 703 270 738 γενόμενος,
283 703 297 730 ό
315 702 460 738 μονογενὴς
475 702 548 734 Υἱὸς,
567 711 576 727 ι
591 703 605 728 ό
619 701 657 729 ὣν
671 702 701 729 ὲν
715 703 771 734 τοῖς
787 703 900 734 κόλποις

112 749 162 776 τοῦ
179 749 302 784 Πατρός;
315 757 324 774 i
337 749 391 776 Καὶ
406 749 429 775 εἰ
442 748 491 782 μὲν
506 748 598 781 αὐτὸς,
619 749 704 784 ὅνπερ
719 746 810 784 οἶμαι,
826 749 903 777 ἐθεά-

114 795 200 821 σασθε
216 794 350 829 δήπουθεν
374 794 422 821 καὶ
447 795 526 829 ὑμεῖς
540 794 621 821 Θεόν·
643 803 652 820 ι
672 794 828 830 Ἑσκήνωσε
849 794 905 830 γὰρ

113 840 146 866 ὲν
162 840 236 874 ὑμῖν,
259 840 305 867 καὶ
328 839 477 866 ἐθεάσασθε
496 840 545 875 τὴν
566 839 645 872 δόξαν
668 839 761 867 αὑτοῦ.
777 850 786 866 ι
805 841 837 867 Τί
858 838 905 867 οὖν

954 252 1032 277 vero,
1047 244 1118 278 quod
1134 252 1149 272 a
1176 244 1281 273 Joanne
1309 247 1482 281 praedicatur,
1496 246 1624 275 Verbum.
1642 249 1740 276 Verum

954 297 1007 317 non
1044 291 1079 318 ita
1098 299 1142 318 res
1170 295 1221 318 est.
1237 291 1305 318 Nam
1320 299 1400 326 quem
1428 293 1486 328 ipse
1512 294 1550 320 ait
1571 301 1630 321 esse
1658 295 1740 321 Deum

953 335 1082 368 Verbum,
1100 336 1170 364 hunc
1187 344 1249 365 esse
1264 337 1330 364 dicit
1351 338 1424 366 illum
1451 338 1589 366 Christum
1620 339 1710 367 Jesum
1725 347 1740 366 a

952 380 1056 409 Joanne
1067 381 1188 417 Baptista
1203 382 1354 417 cognitum.
1367 384 1580 412 Animadvertite
1595 386 1678 416 igitur
1688 393 1741 420 quo

953 431 1032 460 pacto
1055 431 1145 460 caule,
1160 427 1313 460 seusim,et
1339 428 1408 455 ciam
1437 428 1534 457 fabulae
1562 430 1739 465 colophonem

954 471 1102 507 impietatis
1119 473 1239 506 inducat,
1255 478 1364 508 tamque
1380 474 1529 509 versipellis
1541 483 1571 502 ac
1587 475 1740 503 fraudulen-

956 523 998 545 Ius
1020 518 1068 550 sit,
1093 522 1123 546 ut
1148 526 1242 545 rursus
1272 519 1474 552 tergiversatur,
1493 521 1614 548 addens:
1629 530 1638 546 ι
1657 521 1740 548 Deunt

957 571 1036 591 nemo
1050 564 1116 591 vidit
1142 572 1273 598 unquam.
1300 563 1385 591 Filius
1411 565 1576 600 unigenitus,
1595 566 1641 600 qui
1657 570 1698 593 est
1714 567 1740 593 in

956 611 1015 637 slnn
1028 609 1128 642 Patris,
1147 610 1204 643 ipse
1230 611 1370 637 enarravit
1383 611 1417 638 ³⁵.
1436 621 1445 637 ›
1466 611 1559 639 Utrum
1587 612 1669 646 igitur
1697 610 1741 640 hic

955 659 996 683 est
1007 655 1076 682 Deus
1087 655 1205 682 Verbum
1217 663 1280 683 caro
1292 656 1405 688 factum,
1420 658 1575 691 unigenitus
1592 659 1635 685 ille
1645 658 1740 690 Filius,

958 710 967 726 ι
988 701 1033 727 ille
1055 701 1101 735 qui
1129 706 1170 727 est
1186 701 1212 727 in
1238 701 1299 728 sinu
1320 701 1433 730 Patris?
1455 703 1511 730 DEI.
1521 703 1542 730 si
1560 703 1666 737 quidem
1685 704 1741 738 ipsc

955 751 998 773 est
1016 753 1096 778 quem
1110 751 1185 781 puto,
1198 747 1305 774 vidistis
1320 755 1415 782 nempe
1431 751 1459 775 et
1473 755 1520 775 vos
1534 747 1618 776 Deum
1637 757 1643 775 :
1662 757 1671 774 ι
1691 747 1742 775 lla-

957 790 1051 817 bitavit
1069 791 1142 817 enim
1157 791 1182 817 in
1195 791 1279 823 vobis.
1293 795 1320 818 et
1338 792 1443 820 vidistis
1471 793 1584 828 gloriam
1609 793 1668 827 ejus
1679 793 1713 820 ³⁵.
1730 804 1738 820 ι

956 836 1011 864 Cur
1025 836 1101 864 addis
1123 836 1214 871 igitur,
1230 837 1299 871 quod
1321 837 1404 864 Deum
1429 845 1508 866 nemo
1523 839 1588 866 vidit
1604 841 1743 873 unquam?

114 873 264 921 ἐπιλέγεις,
278 886 319 912 ὅτι
335 885 402 911 θεὸν
425 885 512 916 οὐδεὶς
524 873 640 920 ’ἑώρακε
656 885 786 918 πώποτε;
811 886 904 914 Ἐθεά-

963 882 1069 909 Vidistis
1087 882 1158 910 enim
1175 890 1234 914 vos,
1249 883 1272 909 si
1299 890 1351 910 non
1380 882 1488 910 Patrem
1513 883 1609 916 Deum,
1628 890 1654 911 at
1669 891 1741 912 certe

116 933 200 960 σασθε
216 933 270 967 γάρ
286 932 376 967 ὑμεῖς.
392 932 419 958 εἰ
439 931 485 961 καὶ
503 931 541 966 μὴ
560 931 605 957 τὸν
621 931 732 967 Πατέρα
745 931 823 963 Θεὸν,
837 933 906 960 ἀλλὰ

114 977 162 1004 τὸν
176 977 242 1004 Θεὸν
256 977 351 1012 Λόγον.
367 977 398 1003 El
411 977 440 1003 δὲ
455 977 533 1008 ἄλλος
546 977 619 1003 ἐστὶν
635 977 649 1003 ό
665 977 812 1012 μονογενὴς
828 977 905 1010 Θεὸς,

115 1022 210 1058 ἔτερος
223 1021 250 1048 δὲ
269 1022 283 1048 ό
297 1022 363 1054 Θεὸς
384 1022 470 1056 Λόγος
481 1043 487 1052 ,
500 1021 538 1054 ὡς
561 1022 616 1056 ἐγώ
632 1031 714 1049 τινων
730 1022 838 1058 ἀκήκοα
855 1022 907 1057 τῆς

116 1067 255 1105 ἡμετέρας
268 1068 412 1103 αἱρέσεως,
435 1067 522 1094 ἔοικεν
533 1068 597 1095 οὐδὲ
613 1068 740 1104 Ἰωάννης
758 1068 824 1096 αὐτὸ
845 1068 907 1096 τολ-

118 1114 174 1150 μᾷν
188 1114 238 1141 ἔτι.

420 1181 606 1209 ΚΥΡΙΛΛΟΣ.

155 1249 236 1280 Ἴσως
251 1248 302 1282 μὲν
313 1245 361 1275 οὖν
374 1248 492 1282 οῑήσαιτ¹
512 1249 546 1276 ἄν
559 1257 602 1281 τις
625 1248 708 1276 αὑτὸν
722 1249 752 1282 ἐξ
771 1250 909 1285 εὐμαθοῦς

117 1293 237 1325 διανοίας
261 1295 316 1324 τοῖς
334 1293 364 1326 ἐξ
382 1293 528 1329 ὀρθότητος
551 1294 740 1329 συμφέρεσθαι
751 1295 908 1330 λογισμοῖς,

117 1339 157 1371 ὡς
170 1339 251 1366 αὐτὸν
265 1337 333 1366 εἶναι
348 1339 437 1374 λέγειν
453 1340 571 1375 Χριστὸν
589 1340 693 1375 Ἰησοῦν
708 1340 754 1367 τὸν
768 1341 909 1378 ἑνανθρω-

119 1385 246 1419 πήσαντα
269 1385 315 1412 τοῦ
333 1385 400 1412 Θεοῦ
423 1385 518 1420 Λόγον.
533 1386 595 1412 ’Ότι
609 1386 638 1412 δὲ
663 1386 821 1422 πανοῦργον
844 1387 910 1415 αὐτὸ

120 1431 167 1456 καὶ
182 1430 229 1457 νῦν
242 1431 273 1457 τὸ
287 1430 452 1466 ἐγχείρημα,
463 1431 496 1457 δι’
510 1431 601 1458 αὐτῶν
613 1432 687 1459 ἐστιν
700 1433 765 1460 ιδεῖν
778 1430 815 1459 ὧν
829 1433 908 1470 ἔφην.

126 1476 209 1512 ᾨήϐη
226 1477 280 1512 γὰρ
299 1476 440 1508 διαδεὶξειν
455 1476 585 1504 δύνασθαι
599 1477 646 1504 τὸν
672 1479 840 1515 πανάριστον
862 1480 910 1506 εὐ.

120 1521 285 1574 αγγελιστὴν
308 1523 368 1554 ταῖς
393 1522 489 1548 ἑαυτοῦ
510 1524 613 1557 φωναῖς
640 1523 842 1559 ἀντεξάγοντα,
860 1525 909 1552 καὶ
922 1543 945 1574 C

120 1565 162 1599 οἷς
183 1568 264 1600 αὐτὸς
275 1567 327 1602 ἔφη
340 1568 543 1603 μεμαχημένον.
561 1577 570 1593 ‹
594 1569 665 1595 Ἀλλ’
677 1570 727 1596 οὐκ
739 1570 908 1602 ὲπιτεύξεται

119 1613 206 1645 δόλιος
221 1613 318 1649 θήρας,
333 1623 342 1639 ι
361 1614 433 1641 κατὰ
447 1614 476 1641 τὺ
491 1615 694 1650 γεγραμμένον.
708 1616 781 1650 Ἔφη
795 1617 849 1652 γὰρ
863 1617 910 1643 καὶ

123 1659 196 1694 μάλα
209 1659 363 1695 ἐμφρόνως,
376 1660 417 1686 ὅτι
431 1669 440 1685 ι
450 1659 516 1686 Θεδν
538 1660 626 1692 οὐδεὶς
647 1660 754 1696 ἑώρακε
770 1661 907 1690 πώποτε.»

123 1706 264 1732 Ἀποπτον
279 1706 333 1740 γὰρ
347 1705 572 1740 ὁμολογουμένως
586 1706 617 1733 τὸ
629 1706 706 1732 Θείόν
721 1708 780 1733 ἐστι
790 1715 798 1723 ο
814 1708 909 1734 τεθεά-

124 1754 195 1788 μεθα
210 1754 239 1780 δὲ
252 1754 297 1780 τὸν
315 1754 377 1779 Υἱὺν
392 1755 449 1784 τοῖς
470 1753 520 1788 τῆς
541 1753 662 1785 διανοίας
685 1754 802 1789 ὄμμασι,
815 1756 849 1790 τῇ
861 1754 910 1781 τοῦ

121 1800 191 1826 Θεοῦ
209 1799 256 1826 καὶ
274 1799 378 1833 Πατρὸς
401 1799 578 1834 ἐμπρέποντα
600 1799 674 1834 δόξῃ,
691 1800 739 1826 καὶ
757 1800 788 1826 τὸ
801 1800 848 1826 τοῦ
865 1809 910 1827 τε-

123 1845 217 1876 κόντος
232 1845 314 1871 αὐτὸν
331 1844 563 1879 άπαστράπτοντα
583 1844 690 1876 κάλλος.
708 1845 762 1871 Καὶ
774 1845 808 1871 δι’
820 1845 911 1872 αὐτῶν

122 1889 203 1916 τοῦτο
222 1889 357 1916 δέδεικται
378 1889 606 1925 ἀποτελεσμάτων
618 1898 625 1904 ⁸
643 1890 701 1917 ἐστι
719 1890 770 1926 μὲν
791 1890 845 1926 γὰρ
861 1899 912 1926 χα-

124 1936 232 1971 ρακτὴρ
255 1936 302 1962 καὶ
319 1936 491 1971 ἀπαύγασμα
515 1936 563 1972 τῆς
590 1936 669 1971 δόξης
691 1936 785 1969 αὑτοῦ,
807 1937 855 1964 καὶ
879 1937 910 1963 οὺ

123 1981 197 2008 κατά
210 1989 242 2015 γε
258 1981 307 2016 τὴν
322 1981 381 2007 καθ’
394 1982 469 2016 ἡμᾶς
485 1982 577 2008 εἰκόνα
593 1982 762 2017 προσεοικὼς
775 1982 866 2015 αὺτῷ-
881 1983 912 2009 τὸ

123 2027 221 2063 γάρτοι
245 2027 333 2059 Θεῖον,
355 2027 392 2059 ὡς
407 2028 485 2063 ἔφην,
506 2028 663 2063 ἀσώματον,
683 2028 801 2055 ἀνείδεόν
817 2037 847 2055 τε
864 2029 911 2055 καὶ

124 2073 238 2106 ἇποσον,
255 2073 303 2100 καὶ
325 2073 472 2109 ἁμέγεθες,
494 2074 542 2101 καὶ¹
558 2073 736 2108 ἁπαξαπλῶς,
760 2074 830 2110 ὑπὲρ
848 2074 911 2101 νοῦν

125 2120 172 2146 καὶ
195 2119 290 2154 λόγον·
315 2120 384 2147 ἀλλὰ
399 2120 467 2146 καθὸ
483 2121 584 2147 νοεῖται
605 2120 689 2153 Θεὸς,
714 2120 803 2147 πάντα
822 2121 911 2156 ὑπάρ-

124 2174 181 2200 χων
195 2166 245 2192 ὅσα
260 2166 274 2192 ό
288 2165 393 2201 Πατὴρ,
406 2165 468 2201 δίχα
483 2165 564 2201 μόνου
584 2165 631 2192 τοῦ
649 2163 718 2192 εἶναι
733 2166 838 2201 Πατήρ.
856 2165 912 2192 Καὶ

957 927 1040 955 Deum
1058 928 1184 956 Verbum.
1204 927 1250 956 Sin
1265 933 1354 955 autem
1366 929 1434 957 alius
1445 936 1488 957 est
1509 930 1554 957 ille
1583 931 1739 965 unigenitus

958 973 1039 1004 Deus.
1051 974 1120 1001 alius
1132 982 1196 1001 vero
1209 974 1279 1002 Deus
1296 975 1425 1008 Verbum,
1441 975 1520 1003 siculi
1538 984 1588 1011 ego
1601 976 1743 1006 nonnullos

957 1028 973 1048 e
987 1026 1074 1048 vestra
1088 1025 1161 1048 secta
1174 1021 1295 1048 dicentes
1314 1021 1396 1054 audii,
1415 1022 1521 1051 videtur
1544 1029 1577 1050 ne
1590 1022 1617 1051 id
1633 1022 1741 1056 quidem

957 1066 1058 1095 audere
1070 1065 1200 1095 Joannes.

1255 1180 1438 1209 CYRILLUS.

993 1247 1136 1274 Enimvero
1153 1247 1286 1282 quispiam
1312 1248 1398 1282 ipsum
1420 1248 1511 1276 forsan
1539 1249 1674 1283 putaverit
1696 1257 1745 1284 pro

959 1292 1206 1328 ingeniidocilitate
1224 1297 1304 1321 rectae
1320 1293 1381 1320 lldei
1401 1293 1539 1326 assentiri,
1553 1293 1590 1321 ita
1614 1299 1643 1321 ut
1672 1294 1744 1322 dicat

959 1340 1046 1375 ipsum
1057 1340 1195 1368 Christum
1213 1339 1304 1367 Jesum
1327 1340 1392 1368 illud
1419 1347 1480 1368 esse
1510 1341 1676 1369 iucarnatum
1697 1341 1743 1369 Dei

961 1385 1088 1413 Verbum.
1106 1386 1141 1412 At
1166 1386 1271 1413 vafrum
1289 1387 1400 1421 insuper
1415 1387 1487 1414 istud
1507 1395 1567 1414 esse
1590 1387 1743 1421 consilium.

958 1439 991 1460 ex
1019 1433 1053 1460 iis
1077 1432 1169 1459 videre
1196 1432 1268 1466 licet,
1281 1440 1340 1466 quae
1367 1433 1496 1460 diximus.
1524 1433 1647 1468 Speravit
1671 1434 1744 1461 enim

960 1477 1039 1504 facile
1053 1484 1083 1504 se
1097 1481 1271 1504 ostensurum
1293 1478 1425 1511 optinmm
1452 1477 1525 1504 illum
1551 1478 1744 1513 evangelistam

961 1523 1017 1550 suis
1046 1523 1126 1550 dictis
1148 1523 1297 1555 adversari,
1328 1528 1356 1550 ct
1381 1531 1471 1550 secum
1494 1524 1638 1558 pugnantia
1661 1523 1744 1558 loqui.

960 1567 1041 1603 334
1054 1576 1063 1593 ι
1081 1567 1134 1594 Sed
1149 1575 1200 1594 non
1219 1573 1377 1602 assequetur
1394 1568 1500 1596 dolosus
1521 1569 1648 1603 pnedam,
1667 1578 1676 1595 ι
1694 1571 1747 1596 sic-

961 1616 999 1641 uti
1014 1614 1144 1648 scriptum
1168 1618 1208 1640 est
1227 1614 1260 1640 ³⁷.
1284 1614 1355 1641 Dixit
1380 1615 1464 1646 enim,
1481 1615 1573 1649 utique
1584 1615 1661 1642 valde
1679 1622 1745 1649 pru-

962 1659 1065 1690 denter,
1083 1658 1154 1693 quod
1168 1667 1177 1684 ι
1193 1658 1276 1686 Deum
1297 1666 1375 1686 nemo
1392 1660 1490 1686 viderit
1503 1667 1632 1694 unquam.
1650 1669 1659 1685 ι
1674 1659 1746 1687 Deus

961 1706 1032 1732 enim
1047 1710 1121 1733 certe
1129 1705 1302 1740 aspectabilis
1315 1713 1367 1732 non
1377 1711 1419 1733 est
1433 1714 1439 1733 :
1456 1707 1503 1733 sed
1519 1706 1633 1733 vidimus
1641 1706 1740 1734 Filium

962 1752 1060 1778 mentis
1090 1752 1188 1784 oculis,
1203 1751 1246 1778 Dei
1266 1757 1293 1778 et
1304 1751 1393 1778 Patris
1410 1752 1493 1786 gloria
1522 1752 1748 1787 conspicuum,et

961 1797 1100 1825 Genitoris
1121 1798 1161 1824 sui
1179 1797 1380 1831 pulchritudine
1396 1797 1581 1832 relulgentem.
1598 1798 1685 1833 Atque
1696 1798 1748 1824 hoc

962 1849 994 1868 ex
1016 1841 1081 1876 ipsis
1105 1841 1208 1870 eﬂectis
1221 1843 1440 1869 demonstratum
1457 1846 1509 1869 est.
1528 1842 1577 1869 Est
1595 1843 1667 1869 ettim
1683 1843 1747 1869 cha-

963 1893 1050 1915 racter
1067 1893 1095 1915 et
1111 1888 1239 1923 splendor
1266 1888 1357 1923 gloriae
1381 1888 1440 1923 ejus
1452 1888 1496 1922 ³⁸;
1518 1893 1545 1916 et
1568 1896 1621 1915 non
1643 1889 1747 1915 ratione

963 1934 1056 1969 ﬁgura:
1082 1940 1181 1962 nostra:
1195 1934 1219 1962 ei
1248 1935 1376 1961 assimilis
1394 1934 1485 1970 (Deus
1498 1935 1569 1962 enim
1593 1942 1706 1969 corpore
1721 1938 1748 1962 et

963 1981 1048 2008 forma
1067 1986 1151 2013 caret,
1168 1981 1206 2008 uti
1229 1981 1294 2013 dixi,
1307 1984 1334 2008 et
1348 1981 1508 2015 quantitatis
1524 1989 1556 2009 ac
1583 1981 1747 2017 magnitudi-

963 2028 1005 2055 nis
1022 2032 1064 2055 est
1090 2035 1199 2062 expers,
1217 2032 1299 2062 atque
1322 2031 1352 2054 ut
1371 2035 1423 2054 uno
1446 2028 1528 2055 verbo
1557 2027 1657 2061 dicam,
1675 2029 1747 2055 omni

964 2078 1054 2100 mente
1072 2077 1099 2100 et
1117 2073 1240 2100 oratione
1265 2072 1382 2108 major);
1399 2073 1446 2100 sed
1470 2079 1605 2108 quatenus
1620 2073 1748 2108 intelligi-

965 2125 1008 2147 tur
1034 2119 1114 2151 Deus,
1140 2119 1231 2146 omnia
1259 2119 1392 2145 exsislens
1414 2125 1580 2153 quzecunque
1593 2118 1672 2146 Pater
1694 2124 1747 2151 est,

963 2165 1071 2200 dempto
1086 2165 1138 2192 hoc
1149 2171 1213 2195 uno,
1229 2164 1298 2198 quod
1313 2164 1393 2192 Pater
1409 2169 1460 2191 est.
1480 2163 1557 2192 Unde
1573 2172 1633 2191 cum
1646 2172 1715 2191 unus
1732 2173 1748 2192 σ

124 2211 190 2246 γοῦν
215 2211 274 2242 ἑνός
299 2219 351 2238 που
381 2211 509 2246 λέγοντος
535 2211 590 2238 τῶν
617 2210 704 2245 ἁγίων
731 2211 908 2238 ἀποστόλων

964 2212 1065 2239 sanctis
1076 2210 1205 2246 apostolis
1220 2210 1316 2237 alioubi
1333 2210 1435 2238 diceret
1449 2219 1456 2238 :
1473 2219 1482 2236 ι
1500 2210 1622 2243 Domine,
1636 2211 1748 2238 ostende

128 2266 138 2282 ε
153 2255 251 2291 Κύριε,
269 2255 355 2289 δεῖξον
369 2257 436 2292 ἡμῖν
451 2256 498 2283 τὸν
517 2255 636 2292 Πατέρα,
654 2256 702 2282 καὶ
714 2257 794 2292 ἀρκεῖ
810 2257 887 2292 ἡμῖν,
899 2266 908 2283 ι

123 2302 292 2338 ἁπεκρίνατο
310 2302 417 2337 λέγων’
447 2312 456 2328 ι
473 2302 608 2329 Τοσοῦτον
633 2302 728 2337 χρόνον
755 2303 813 2337 μεθ’
835 2302 912 2336 ὑμῶν

124 2350 193 2383 ειμι,
207 2348 255 2375 καὶ
269 2348 319 2375 οὐκ
331 2348 454 2382 ἔγνωκάς
467 2357 511 2383 με,
522 2348 655 2381 Mittit-ns;
673 2348 703 2375 Ὀ
719 2348 850 2384 ἑωρακώς
866 2357 910 2383 με,

125 2394 232 2430 ἑώρακε
256 2395 302 2422 τδν
323 2395 442 2429 Πατέρα.
458 2404 468 2420 ›
495 2395 591 2421 Καίτοι
608 2394 668 2427 πῶς
683 2395 733 2421 οὐκ
757 2394 801 2427 ἂν,
817 2393 911 2429 οἶμαι,

123 2439 166 2470 τὶς
188 2437 218 2466 εὖ
244 2439 317 2474 μάλα
341 2439 565 2475 διατεκμήραιτο,
580 2440 618 2471 ὡς
631 2439 711 2475 ειπερ
726 2437 761 2475 ἦν
776 2441 790 2466 ό
811 2439 913 2470 σκοπὸς

125 2484 202 2520 αὐτῷ
219 2485 258 2520 τῷ
271 2485 319 2512 τοῦ
335 2485 460 2521 σώματος
476 2485 541 2512 εῖδει
554 2485 746 2521 προσεοικέναι
761 2485 853 2521 λέγειν
867 2485 913 2512 τδν

125 2530 259 2565 φύσαντα,
273 2531 298 2558 τί
314 2531 414 2566 μᾶλλον
433 2531 553 2565 ἔφασκεν
563 2539 570 2546 ·
585 2541 594 2557 ι
608 2532 640 2558 Εἰ
659 2531 690 2558 οὐ
710 2531 780 2558 ποιῶ
795 2532 828 2558 τὰ
843 2531 912 2566 ἔργα

125 2576 173 2603 τοῦ
188 2576 294 2612 Πατρός
312 2585 374 2612 μου,
390 2577 427 2612 μὴ
440 2576 583 2604 πιστεύετέ
599 2584 660 2611 μοι’
675 2577 700 2602 εἰ
714 2576 742 2602 δὲ
762 2575 841 2606 ποιῶ,
863 2575 914 2602 κᾶν

125 2621 188 2655 ἐμοὶ
213 2621 251 2656 μὴ
276 2621 437 2656 πιστεύητε,
451 2623 508 2653 τοῖς
527 2622 618 2657 ἔργοις
639 2630 690 2656 μου
705 2621 886 2654 πιστεύσατε;
901 2630 910 2647 ι

126 2663 178 2694 Ὧν
198 2667 253 2702 γὰρ
269 2668 313 2702 εἴη
328 2667 359 2694 τὸ
377 2668 488 2703 ἐνεργὲς
507 2668 577 2703 ἔχων
602 2667 820 2704 ἀπαραλλάκτως
845 2667 913 2699 ἴσον,

126 2713 231 2744 τούτοις
246 2713 280 2739 av
292 2713 336 2748 εἴη
357 2713 492 2749 δήπουθεν
512 2713 580 2746 ἶσον,
597 2714 644 2741 καὶ
664 2713 746 2745 αὐτὸς
768 2713 782 2739 ό
795 2713 844 2748 τῆς
863 2712 914 2747 φύ-

128 2767 197 2790 σεως
214 2758 302 2792 λόγος.
315 2759 431 2791 Οὐκοῦν,
449 2757 472 2786 ὦ
488 2760 626 2795 κράτιστε,
647 2759 729 2794 φαίην
746 2759 789 2791 ἂν,
802 2758 833 2784 οὐ
854 2758 914 2789 ταῖς

163 2852 185 2867 ⁴¹¹
203 2851 280 2882 Joan.
299 2861 318 2885 ι,
338 2853 378 2880 l8.
417 2853 438 2869 ³⁸
456 2853 518 2880 tbid.
538 2853 580 2881 Η.
617 2854 628 2869 ³
659 2852 738 2880 I‘rov.
756 2860 804 2885 xtl,
817 2853 861 2880 27.
900 2853 908 2868 ³

963 2853 1019 2880 ebr.
1040 2860 1060 2886 ι,
1074 2853 1099 2880 5.

965 2257 1042 2284 nobis
1058 2256 1213 2288 Patrem,et
1224 2255 1321 2284 sutlicit
1335 2256 1430 2290 nobis;
1449 2265 1458 2282 ι
1481 2257 1627 2290 respondit,
1641 2257 1747 2284 dicens:

968 2311 978 2328 α
997 2303 1083 2330 Tanto
1102 2307 1223 2336 tempore
1239 2302 1377 2329 vobiscum
1394 2309 1464 2334 sum,
1479 2306 1506 2329 et
1521 2310 1571 2328 non
1583 2302 1749 2336 cognovistis

966 2356 1019 2381 me,
1034 2348 1175 2383 Philippe?
1190 2347 1241 2381 Qui
1262 2347 1329 2375 vidit
1353 2355 1404 2380 me,
1420 2347 1487 2374 vidit
1510 2347 1616 2374 Patrem
1632 2347 1667 2374 ³⁹.
1686 2357 1694 2372 ι
1715 2349 1751 2374 At

966 2395 1100 2430 quomodo
1116 2402 1170 2421 non
1189 2399 1262 2421 recte
1276 2393 1373 2428 aliquis
1395 2393 1553 2427 conjecerit,
1565 2393 1635 2427 quod
1647 2391 1668 2419 si
1687 2400 1748 2426 pro-

966 2441 1082 2476 posituut
1095 2441 1119 2467 ei
1140 2445 1211 2467 esset
1228 2439 1327 2472 dicere,
1356 2439 1504 2474 genitorem
1521 2438 1605 2464 l'ortna
1619 2445 1750 2473 corporea

966 2486 1080 2514 similent
1104 2493 1174 2518 esse,
1185 2493 1233 2512 cur
1258 2485 1346 2518 potius
1375 2484 1523 2511 diceretu
1541 2484 1570 2510 Si
1602 2492 1653 2510 non
1681 2483 1750 2510 facio

967 2538 1048 2565 opera
1073 2529 1162 2557 Patris
1187 2530 1251 2562 mei,
1277 2529 1359 2557 nolite
1385 2529 1496 2556 credere
1521 2529 1604 2562 mihi;
1619 2529 1641 2555 si
1660 2533 1749 2555 autem

968 2577 1038 2604 facio
1051 2581 1077 2603 et
1093 2577 1115 2603 si
1129 2576 1192 2603 mihi
1213 2584 1265 2603 non
1292 2575 1371 2603 vultis
1396 2576 1519 2607 credere,
1534 2574 1661 2609 operibus
1690 2581 1750 2601 cre-

969 2622 1024 2649 dite
1036 2622 1075 2648 “?
1092 2631 1101 2648 ι
1119 2622 1238 2654 Quorum
1253 2622 1324 2648 ettim
1352 2621 1462 2654 aequalis
1476 2626 1518 2648 est
1547 2628 1593 2654 per
1621 2620 1711 2647 ornnia
1724 2626 1751 2648 et

968 2668 1062 2695 eadem
1088 2667 1244 2700 ellicacitas,
1262 2668 1357 2694 horutn
1383 2667 1476 2694 cadent
1495 2668 1545 2696 erit
1571 2667 1664 2701 utique
1683 2667 1753 2693 ratio

969 2718 1082 2740 naturas.
1103 2713 1195 2748 ltaquc
1208 2713 1322 2741 dixerim
1351 2720 1410 2748 ego,
1439 2713 1480 2739 vir
1506 2713 1750 2747 praestantissime:

969 2758 1025 2786 Non
1039 2759 1205 2786 inveniemus
1231 2759 1349 2786 divinum
1371 2759 1563 2794 evangelistam
1591 2759 1648 2786 suis
1673 2759 1752 2785 dictis

1140 2853 1160 2867 "
1176 2850 1243 2880 Joan
1260 2859 1313 2884 XIV,
1330 2851 1355 2886 8,
1372 2851 1398 2878 9.
1444 2851 1467 2867 δ’
1484 2851 1561 2880 Joan.
1578 2860 1604 2885 λ,
1622 2851 1666 2883 37,
1687 2850 1731 2877 38.
