1894 3056
171 133 241 161 1015

682 135 711 163 S.
731 135 870 164 CYRILLI
891 135 1126 164 ALEXANDRINI
1145 135 1304 164 ARCHIEP.

1732 137 1799 165 1016

171 202 335 230 repugnare,
351 194 475 229 quamvis
489 195 562 222 dicat
578 203 587 221 t
604 195 687 223 Deum
701 197 787 224 visum
805 204 864 224 esse
890 205 952 224 nun-

1012 197 1108 224 ἑαυτοῦ
1127 196 1231 232 φωναῖς
1251 195 1498 231 ἀντενηνεργμένον
1518 196 1675 232 εὑρήσομεν
1691 196 1739 223 τὸν
1755 197 1797 223 θε-

171 248 262 274 quam,
281 250 290 266 ι
310 243 336 267 et
347 240 565 274 quandoquidem
577 239 668 268 Jesmu
685 242 800 269 vidimus
815 243 847 269 iis
863 243 958 275 modis,

175 293 244 319 quos
262 286 336 320 prius
348 285 497 318 attulimus,
513 294 565 314 nou
581 287 634 314 erit
649 288 763 314 mendax
785 288 831 315 ille
860 296 958 323 propu-

177 335 272 366 gnator
298 330 431 363 veritatis,
461 332 526 366 quin
553 332 641 366 potius
667 339 710 360 res
730 333 871 369 utrobique
895 341 958 360 vera

175 381 226 404 est.
259 376 412 403 Divinitalis
443 377 516 404 enim
545 383 641 405 natura
670 379 810 406 invisibilis
842 384 885 406 est
914 379 958 406 Fi-

171 423 238 453 lius,
267 422 379 449 visibilis
405 427 494 450 tamen
524 423 550 450 in
575 424 658 459 gloria
691 432 752 459 qum
777 425 831 452 Deo
857 432 956 452 conve-

171 469 219 500 nit,
234 473 260 495 et
276 470 384 502 quando
395 470 474 496 homo
491 469 578 496 fartus
587 469 735 497 est.«Tunc
748 471 820 497 enim
834 476 859 497 et
870 471 956 505 ipsum

171 514 298 546 vidimus,
315 519 342 542 el
364 515 475 550 gloriam
502 516 569 549 ejus.
588 516 699 550 gloriam
715 516 792 550 quasi
821 516 956 550 Unigeuiti

171 568 186 586 a
201 559 290 592 Patre,
309 560 415 594 plenum
442 562 535 596 gratim
552 565 579 588 et
603 561 728 588 veritatis
741 561 773 588 υ.
796 571 805 587 ι
823 562 956 594 Quocirca:

172 606 279 633 divinus
302 606 346 634 ille
368 606 451 634 David
479 607 674 634 incarnationis
705 608 862 643 mysterium
889 616 958 641 prte-

172 652 289 685 dixerat,
318 653 436 680 dicens:
455 662 464 678 t
489 654 560 680 Dens
588 653 731 682 manifeste
760 655 859 685 veniet,
888 654 957 681 Deus

173 704 277 731 noster,
291 703 318 726 et
348 707 400 726 non
428 699 517 726 silebit
533 700 566 726 ".
587 710 596 726 ι
622 700 685 727 IIem
717 703 846 735 propheta
872 701 957 727 lsnias

173 744 253 772 veluti
271 750 395 779 protenso
426 753 506 772 manu
533 746 702 773 demonstrat
726 747 909 778 iucarnatum,
930 751 957 772 et

173 791 227 818 ait:
244 799 253 816 ι
267 790 338 818 Ecce
353 791 423 818 Deus
435 797 537 824 nuster,
547 800 611 819 ecce
631 793 759 819 Dominus
776 800 836 819 cum
858 793 956 818 virtute

173 837 271 868 veniet,
286 842 313 864 et
329 837 468 864 brachium
493 845 554 864 cum
577 838 761 864 dominatione
774 838 808 863 ".
827 847 836 863 ι
850 837 955 864 Addam

1012 243 1123 269 σπέσιον
1140 241 1345 276 εὐαγγελιστὴν,
1365 242 1418 268 κᾶν
1437 243 1461 268 εἰ
1478 241 1562 276 λέγει,
1581 251 1590 267 ι
1605 242 1672 269 Θεὸν
1693 242 1733 278 μὴ
1749 242 1799 269 ἑω-

1011 288 1110 324 ρᾶσθαι
1125 287 1245 320 πώποτε,
1259 297 1267 313 ι
1289 288 1350 314 οὐδὲ
1367 287 1485 322 ἐπείπερ
1506 287 1661 323 τεθεάμεθα
1679 288 1727 314 τὸν
1746 288 1798 323 Ἰη-

1010 332 1084 364 σοῦν,
1100 332 1171 359 κατά
1186 341 1217 366 γε
1241 333 1304 364 τοὺς
1328 332 1379 368 ἥδη
1404 333 1639 368 προαποδοθέντας
1664 334 1798 369 τρόπους,

1008 377 1158 413 ψευδοεπὴς
1173 378 1223 404 οὐκ
1242 378 1275 405 ἂν
1294 378 1336 410 εἴη
1352 379 1366 404 ὁ
1380 379 1429 413 τῆς
1446 378 1574 414 ἀληθείας
1599 379 1796 415 ὑπασπιστης”

1009 423 1108 458 ἀληθὲς
1122 423 1150 450 δὲ
1169 423 1268 458 μᾶλλον
1283 424 1341 449 ἐστι
1362 425 1422 450 κατ’
1436 424 1519 459 ἄμφω
1534 424 1564 451 τὸ
1587 425 1692 461 χρῆμα.
1714 426 1799 452 Φύσει

1010 470 1059 503 μὲν
1079 468 1133 504 γὰρ
1148 468 1274 503 θεότητος
1299 469 1413 504 ἀόρατος
1429 469 1502 502 Υἱὸς,
1518 471 1616 505 ὁρατός
1636 479 1668 505 γε
1693 471 1749 506 μὴν
1768 472 1798 497 ἑν

1008 514 1072 550 δόξῃ
1084 514 1240 548 θεοπρεπεῖ,
1257 514 1304 541 καὶ
1316 515 1360 542 ὅτε
1372 514 1483 548 γέγονεν
1495 514 1648 550 ἄνθρωπος.
1661 525 1671 541 1
1689 516 1728 542 Τὸ
1740 516 1797 551 γὰρ

1008 561 1056 586 καὶ
1078 560 1159 586 αὑτὸν
1173 560 1341 595 τεθεάμεθα,
1367 560 1414 587 καὶ
1436 560 1487 596 τὴν
1503 561 1584 593 δόξαν
1600 561 1696 593 αὐτοῦ,
1719 561 1800 594 δόξαν

1006 607 1044 638 ὡς
1059 605 1227 640 Μονογενοῦς
1253 606 1329 641 παρὰ
1350 606 1466 642 Πατρὸς,
1481 607 1588 642 πλήρης
1613 607 1728 642 χάριτος
1751 608 1798 634 καὶ

1007 652 1147 686 ἀληθείας.
1162 660 1172 677 ι
1187 653 1242 679 Καὶ
1263 652 1329 686 γοῦν
1346 653 1360 679 ὁ
1376 652 1519 684 θεσπέσιος
1535 652 1618 679 Δαϐὶδ
1639 653 1691 688 τῆς
1714 653 1795 679 ἐναν-

1007 698 1175 734 θρωπήσεως
1193 698 1223 724 τὸ
1249 699 1396 733 μυστήριον
1420 699 1660 734 προανακεκράγει
1686 699 1796 732 λέγων·

1010 753 1020 769 ι
1040 744 1069 770 ’0
1085 743 1152 775 Θεὸς
1173 743 1301 779 ἐμφανῶς
1315 745 1386 779 ἥξει,
1399 745 1413 771 ὁ
1431 744 1497 777 Θεὸς
1513 744 1603 780 ἡμῶν,
1626 746 1674 772 xui.
1691 745 1722 771 οὗ
1741 753 1796 771 πει-

1008 791 1222 825 ρασιωπὴσεται.
1240 800 1249 815 ι
1265 790 1320 816 Καὶ
1334 791 1389 825 μὴν
1405 791 1453 816 xui.
1473 791 1487 816 ὁ
1512 791 1654 826 προφήτης
1681 790 1798 820 'Haah;

1009 838 1149 870 μονονουχὶ
1164 836 1212 862 xui
1238 837 1318 871 χεῖρα
1343 837 1502 871 προτείνων,
1527 837 1735 863 καταδείκνυσιν
1759 836 1797 867 ὡς

173 887 200 909 et
210 882 317 910 beatum
335 882 439 909 Baruch
462 883 536 910 Isaia:
558 884 647 910 verbis
667 882 952 919 suifragantem.l)ixil

1012 881 1228 916 σεσαρκωμένον,
1242 881 1287 907 καί
1301 889 1383 916 φησιν
1393 889 1400 896 '
1415 890 1425 906 ι
1443 881 1508 908 Ἰδοὺ
1523 883 1537 908 ὁ
1551 881 1617 913 Θεὸς
1633 881 1724 916 ἡμῶν,
1741 880 1796 907 ἰδοὺ

173 929 243 955 enim
269 928 326 963 ipse
355 935 462 963 quoque
491 929 611 956 alicubi:
633 938 642 954 ι
662 928 711 956 ilic
722 933 765 955 est
783 928 874 961 Dens;
904 936 956 955 non

171 974 351 1001 restimabitur
365 974 434 1001 alius
457 975 489 1001 ad
508 983 580 1002 eum.
599 975 743 1002 Adiuveuit
756 973 836 1010 335
849 982 956 1001 omnetn

172 1019 244 1046 viam
272 1020 401 1052 scientiae,
415 1026 442 1047 et
468 1021 541 1047 dedit
567 1027 625 1047 eam
649 1020 733 1047 Jacoh
756 1028 838 1054 puero
857 1028 916 1052 suo,
930 1024 958 1047 et

173 1064 255 1091 Israel
275 1065 374 1092 dilecto
391 1074 439 1093 suo
453 1075 460 1093 :
477 1071 504 1094 et
519 1072 578 1101 post
598 1066 654 1093 haec
673 1073 754 1099 super
771 1071 871 1092 terram
883 1066 957 1092 visus

171 1113 223 1141 est,
238 1113 265 1136 et
277 1117 338 1137 cum
366 1110 521 1138 hominibus
535 1115 712 1138 conversatus
726 1115 767 1137 est
779 1110 812 1136 “.
831 1120 840 1135 ι
857 1109 956 1137 Filium

173 1153 254 1188 igitur
276 1160 305 1180 ut
322 1155 457 1182 hominem
481 1155 507 1182 iu
523 1161 593 1182 terra
613 1154 727 1182 vidimus
739 1155 880 1190 degentem
895 1163 955 1182 cum

173 1200 337 1232 hominibus,
351 1201 511 1228 inVisibilem
527 1202 635 1236 quidem
662 1209 723 1228 cum
749 1201 840 1233 Patre,
856 1209 953 1228 Secun-

171 1247 236 1272 dum
256 1246 406 1274 divinitatis
422 1252 563 1280 naturam;
581 1247 627 1274 sed
656 1247 789 1275 visibilem
814 1255 867 1274 una
894 1256 955 1275 cum

169 1289 264 1324 Patre,
279 1291 506 1324 iutellectualiter,
525 1293 674 1320 divinitatis
690 1294 817 1321 nimirum
830 1298 858 1321 et
875 1294 955 1320 mira-

174 1336 294 1363 culorum
310 1338 476 1371 praeslantia.
497 1337 592 1365 Divina
610 1338 709 1373 quippe
727 1339 801 1373 signa
818 1339 876 1366 solo
890 1345 955 1366 nutu

171 1380 335 1414 perﬁciebat.
354 1381 438 1410 Porro
452 1382 574 1409 Julianus
589 1383 621 1409 ad
631 1383 738 1417 quidvis
749 1384 956 1411 comminiscen-

171 1425 234 1453 dum
263 1434 393 1461 preceps,
417 1433 444 1454 et
470 1428 589 1461 cujusvis
618 1430 704 1456 sancti
727 1434 879 1461 accusator,
907 1438 956 1457 nos

169 1472 335 1499 venerationi
356 1480 510 1500 sanctorum
525 1479 674 1510 martyrum
691 1475 813 1502 addictos
828 1483 888 1503 esse
900 1477 954 1504 cri-

171 1517 298 1549 minatur,
312 1522 338 1544 et
353 1518 390 1544 ait
406 1527 412 1545 :

1010 928 1111 963 Κύριος
1137 927 1206 962 μετὰ
1223 927 1313 962 ἰσχύος
1337 927 1463 963 ἔρχεται,
1480 928 1527 954 καὶ
1551 928 1565 954 6
1582 927 1704 962 βραχίων
1729 926 1799 961 μετὰ

1009 974 1114 1009 κυρίας.
1130 983 1139 1000 ι
1167 974 1344 1010 Προσεποίσω
1366 973 1395 1000 δὲ
1411 973 1511 1008 ὁμοίως
1534 973 1580 1000 καὶ
1596 973 1642 1000 τὸν
1660 972 1798 1008 μακάριον

1009 1019 1115 1056 Βαροὺχ
1128 1022 1184 1052 τοῖς
1200 1020 1312 1046 Ἢσαῖου
1335 1019 1518 1055 συμϐαίνοντα
1532 1019 1632 1053 λόγοις.
1653 1019 1727 1053 Ἔφη
1743 1018 1798 1053 γάρ

1009 1075 1060 1092 που
1078 1067 1124 1092 xui.
1140 1067 1234 1098 αὐτός’
1253 1075 1262 1091 ‹
1276 1063 1358 1097 Οὗτος
1371 1065 1468 1096 ὁΘεὸς,
1483 1065 1513 1091 οὐ
1530 1064 1722 1099 λογισθήσεται
1738 1064 1799 1090 ἕτε-

1009 1121 1056 1148 ρος
1070 1113 1137 1148 πρὸς
1154 1112 1244 1139 αὐτόν,
1263 1111 1373 1147 Ἐξεῦρε
1389 1113 1478 1138 πᾶσαν
1492 1111 1552 1138 ὁδὸν
1569 1112 1735 1146 ἐπιστήμης,
1751 1111 1799 1136 καὶ

1008 1157 1108 1184 ἔδωκεν
1131 1157 1215 1192 αὐτὴν
1240 1157 1337 1184 Ἰακὼϐ
1352 1157 1392 1191 τῷ
1412 1157 1489 1183 παιδὶ
1510 1156 1603 1189 αὐτοῦ,
1622 1156 1668 1182 καὶ
1687 1156 1798 1191 Ἰσραὴλ

1006 1203 1046 1238 τῷ
1068 1203 1237 1238 ἠγαπημένῳ
1251 1203 1296 1230 ὑπ’
1309 1202 1401 1233 αὑτοῦ,
1417 1203 1465 1229 καὶ
1483 1202 1552 1237 μετὰ
1569 1201 1655 1228 ταῦτα
1676 1202 1723 1227 ἐπὶ
1743 1201 1796 1235 τῆς

1007 1249 1059 1283 γῆς
1075 1249 1163 1283 ὤφθη,
1178 1250 1225 1276 καὶ
1240 1250 1296 1280 τοῖς
1311 1247 1464 1283 ἀνθρώποις
1480 1247 1699 1282 συνανεστράφη.
1714 1256 1724 1271 ι
1743 1247 1797 1273 Οὐ-

1008 1294 1073 1321 κοῦν
1087 1295 1124 1325 ὡς
1141 1294 1282 1329 ἄνθρωπον
1295 1294 1341 1320 ἐπὶ
1355 1293 1407 1328 γῆς
1425 1293 1580 1328 ἀνθρώποις
1600 1291 1798 1326 συνδιαιτώμε-

1007 1350 1052 1367 νον
1067 1340 1220 1375 τεθεάμεθα
1234 1340 1279 1366 τὸν
1296 1340 1369 1371 Υῐὺν,
1383 1340 1499 1374 ἀόρατον
1515 1339 1565 1374 μὲν
1579 1339 1644 1365 ὄντα
1662 1338 1733 1373 μετὰ
1749 1337 1796 1364 τοῦ

1008 1386 1114 1421 Πατρδς
1128 1386 1200 1413 κατά
1219 1394 1251 1420 γε
1269 1386 1319 1421 τὴν
1332 1385 1381 1420 τῆς
1399 1384 1525 1420 θεότητος
1540 1384 1638 1419 φύσινο
1655 1383 1797 1419 ὁρώμενον

1006 1431 1034 1458 δὲ
1054 1431 1157 1467 νοητῶς
1179 1432 1226 1459 καὶ
1245 1431 1314 1466 μετὰ
1330 1431 1436 1466 Πατρδς
1457 1431 1578 1466 ὑπεροχῇ
1603 1429 1732 1465 θεότητος
1750 1430 1797 1456 καὶ

1009 1476 1220 1512 μεγαλουργίας.
1238 1476 1373 1512 Ἑπλήρου
1390 1476 1443 1511 γὰρ
1466 1476 1516 1508 τὰς
1533 1475 1696 1511 θεοσημείας
1711 1483 1797 1502 κατα-

1008 1522 1105 1553 νεύσας
1122 1523 1212 1558 μὸνον.
1231 1522 1261 1549 '0
1279 1522 1308 1549 δὲ
1324 1522 1393 1557 πρὸς
1408 1522 1462 1548 πᾶν
1481 1521 1570 1548 ὁτιοῦν
1583 1521 1638 1548 τῶν
1659 1521 1734 1548 ἰδίων
1750 1521 1795 1547 εὑ-

171 1566 300 1601 ρημάτων
315 1566 537 1602 ἀπεριμερίμνως
556 1566 613 1599 ἰὼν,
628 1568 674 1594 xui.
690 1569 788 1599 παντὸς
806 1569 883 1602 ἁγίου
903 1571 1062 1604 κατήγορος,
1094 1570 1135 1596 ὅτι
1167 1570 1215 1604 τῆς
1230 1571 1269 1602 εἰς
1302 1569 1396 1604 ἁγίους
1431 1570 1573 1606 μάρτυρας
1595 1569 1686 1601 αἰδοῦς
1704 1570 1796 1605 ἀπηρ-

173 1611 280 1646 τήμεθα
295 1613 478 1644 καταιτιᾶται,
495 1613 541 1638 καί
557 1621 655 1646 φησιν·

472 1692 647 1720 JULIANUS.

206 1770 304 1797 Verutn
317 1771 385 1798 istud
401 1772 509 1806 quidem
523 1772 585 1798 mali
604 1781 618 1799 ιι
637 1773 741 1800 Joanne
752 1774 823 1808 cepit
835 1774 953 1801 initium.

168 1815 340 1850 Quaecunque
362 1822 451 1844 autent
467 1825 513 1845 vos
529 1819 657 1854 deinceps
673 1820 860 1852 adinveuistis,
876 1820 952 1847 addi-

169 1862 204 1889 tis
216 1863 248 1889 ad
260 1863 377 1897 priscutn
402 1863 477 1890 ἱΙιιιιιι
500 1869 634 1891 mortuutn
657 1865 735 1892 novis
751 1866 877 1898 mortuis,
892 1866 952 1900 quis

167 1915 216 1943 pro
231 1908 362 1943 dignitate
375 1910 442 1936 satis
453 1905 632 1937 exsecretur?
649 1910 787 1946 Sepulcris
813 1919 845 1938 ac
859 1919 951 1939 monu-

168 1954 266 1981 mentis
293 1955 424 1988 implestis
447 1957 548 1987 omnia,
569 1956 630 1983 licet
653 1958 723 1991 apud
743 1964 789 1984 vos
819 1965 951 1991 nusquam

167 1999 268 2026 dictum
284 2000 320 2026 sit
349 2001 422 2028 circa
452 2001 573 2035 sepulcra
602 2003 764 2030 versandum
783 2011 843 2031 esse
867 2010 952 2038 eaque

166 2045 287 2073 colenda.
303 2045 341 2073 Eo
355 2054 418 2073 vero
432 2048 565 2082 progressi
578 2049 643 2076 estis
660 2048 796 2083 nequitis,
809 2054 837 2076 ut
854 2050 951 2083 putetis

166 2089 270 2118 neJesu
295 2092 402 2126 quidem
419 2092 489 2119 illius
506 2092 637 2120 Nazareni
654 2101 684 2120 ea
698 2094 731 2121 de
750 2102 778 2121 re
808 2095 887 2122 verba
902 2102 950 2122 au-

165 2136 272 2163 dienda.
287 2137 384 2164 Audite
395 2146 459 2172 ergo
473 2146 534 2172 quae
555 2139 588 2164 de
607 2140 788 2166 monumentis
804 2139 848 2166 ille
861 2140 927 2167 dicit
941 2150 948 2167 τ

167 2181 234 2209 «Vae
263 2182 349 2214 vobis,
371 2181 473 2210 Scriba:
499 2188 526 2210 et
554 2183 683 2210 Pharisaei
714 2185 871 2219 hypocriue,
887 2186 948 2219 quia

163 2226 269 2254 similes
291 2227 357 2254 estis
381 2228 514 2262 sepulcris
538 2228 683 2259 tlealbatis;
700 2228 768 2256 foris
795 2230 948 2264 sepulcrum

163 2277 275 2306 apparet
287 2272 447 2305 formosum,
464 2274 536 2301 inttts
550 2279 639 2301 autem
663 2275 770 2308 plenum
783 2280 825 2302 est
841 2276 948 2303 ossibus

1298 1694 1492 1720 ΙΟΥΛῘΔΝΟΣ.

1046 1771 1126 1798 Ἀλλὰ
1145 1771 1223 1798 τοῦτο
1243 1772 1292 1807 μὲν
1308 1772 1338 1798 τὸ
1352 1771 1436 1798 κακὸν
1457 1771 1554 1798 ἐλαϐεν
1569 1771 1644 1807 παρὰ
1666 1771 1793 1798 Ἰωάννου

1004 1818 1052 1853 τὴν
1065 1819 1162 1853 ἀρχήν.
1177 1818 1247 1844 Ὅσα
1260 1817 1289 1844 δὲ
1309 1818 1388 1852 ὑμεῖς
1403 1817 1466 1853 ἑξῆς
1483 1818 1704 1852 προσευρήκατε,
1723 1817 1790 1843 πολ-

1003 1863 1065 1895 λοὺς
1080 1864 1271 1897 ἐπεισάγοντες
1284 1862 1323 1898 τῷ
1339 1862 1424 1890 πάλαι
1436 1863 1525 1898 νεκρῷ
1539 1863 1602 1894 τοὺς
1617 1863 1794 1898 προσφάτους

1003 1909 1126 1944 νεκροὺς,
1139 1908 1180 1939 τίς
1192 1907 1224 1934 ἂν
1236 1907 1303 1942 πρὸς
1315 1907 1394 1941 ἀξίαν
1406 1907 1563 1942 βδελὺξηται
1574 1916 1581 1940 ;
1598 1908 1691 1934 Πάντα
1706 1907 1794 1942 ὲπληο

1003 1954 1108 1989 ρώτατε
1131 1954 1224 1988 τάφων
1248 1954 1294 1980 καὶ
1320 1954 1479 1989 μνημάτων,
1497 1954 1585 1980 καίτοι
1606 1954 1656 1980 οὐκ
1680 1953 1792 1988 εἴρηται

1003 2001 1067 2034 παρ’
1079 2000 1143 2034 ὑμῖν
1155 1999 1272 2034 οὐδαμοῦ
1284 2000 1341 2030 τοῖς
1358 1999 1453 2034 τάφοις
1470 1999 1724 2035 προσκυλινδείσθαι
1742 1999 1792 2026 καὶ

1002 2045 1144 2080 περιέπειν
1158 2045 1266 2076 αὐτούς.
1278 2046 1324 2076 Εἰς
1339 2045 1418 2072 τοῦτο
1430 2046 1458 2072 δὲ
1472 2045 1672 2081 προεληλύθατε
1688 2045 1792 2080 μοχθη-

1002 2091 1074 2126 ρίας,
1095 2090 1165 2117 ὥστε
1182 2090 1285 2117 οἴεσθαι
1310 2090 1366 2117 δεῖν
1387 2091 1458 2126 ὑπὲρ
1476 2090 1572 2117 τούτου
1591 2090 1658 2125 μηδὲ
1683 2091 1738 2117 τῶν
1758 2099 1791 2124 γε

1007 2135 1094 2170 Ἰησοῦ
1119 2137 1165 2162 τοῦ
1183 2135 1344 2171 Ναζωραίου
1369 2136 1500 2172 ῥημάτων
1523 2137 1642 2163 ἀκούειν.
1662 2137 1791 2163 ’Δκοὺετε

1000 2180 1046 2209 οὖν
1073 2183 1091 2209 ἆ
1108 2191 1189 2217 φησιν
1206 2184 1308 2214 ἐκεῖνος
1333 2183 1398 2218 περὶ
1423 2183 1478 2209 τῶν
1508 2183 1672 2218 μνημάτων·
1693 2193 1703 2209 ι
1721 2184 1791 2210 οὐαὶ

1001 2229 1076 2263 ὑμῖν,
1091 2228 1265 2263 Γραμματεῖς
1280 2229 1327 2255 καὶ
1336 2229 1478 2263 Φαρισαῖοι
1496 2228 1649 2261 ὑποκριταὶ,
1659 2228 1700 2255 ὅτι
1717 2236 1788 2262 παρ-

999 2274 1143 2309 ομοιάζετε
1168 2274 1263 2307 τάφοις
1288 2274 1491 2309 κεκονιαμένοις
1508 2282 1515 2289 ·
1541 2274 1640 2307 ἔξωθεν
1666 2276 1682 2302 ὁ
1703 2275 1789 2308 τάφος

164 2323 345 2351 mortuorum,
365 2324 392 2346 et
408 2320 481 2346 omni
504 2320 675 2347 inuuunditia
690 2322 723 2347 ⁸⁵.
744 2331 754 2347 ι
769 2322 796 2349 Si
823 2329 887 2358 ergo
904 2330 948 2350 suc

1012 2320 1125 2353 βαίνεται
1136 2319 1245 2354 ὡραῖος,
1262 2319 1362 2346 ἔσωθεν
1375 2319 1403 2346 δὲ
1416 2320 1496 2354 γέμει
1508 2319 1609 2347 ὀστέων
1620 2320 1726 2355 νεκρῶν
1742 2319 1788 2346 καὶ

165 2364 256 2398 pulcra
272 2363 350 2391 Jesus
366 2365 536 2392 immundilia
554 2366 632 2400 plena
644 2374 704 2394 esse
720 2368 797 2399 dixit,
813 2370 948 2402 quomodo

163 2418 211 2437 Vth
232 2419 313 2445 super
330 2411 362 2438 iis
379 2411 461 2438 Deum
482 2411 632 2439 invocatis?

198 2511 244 2538 llis
260 2511 488 2547 subjungit,quod
503 2519 565 2539 cum
581 2513 690 2547 quidam
705 2513 852 2548 discipulus
869 2515 943 2542 dice-

161 2562 218 2584 ret:
236 2565 245 2582 t
263 2557 384 2590 Domine,
408 2558 534 2592 permitte
556 2558 622 2584 mihi
650 2563 678 2585 ut
692 2559 807 2593 primum
833 2560 941 2590 abeunt.

159 2607 187 2629 et
214 2603 341 2636 sepeliant
373 2608 475 2637 patrem
502 2611 611 2637 meum;
634 2614 643 2630 ι
675 2604 730 2638 ipse
754 2607 943 2640 responderit:

163 2658 173 2674 ε
197 2648 318 2682 Sequere
329 2655 416 2682 me,et
435 2650 542 2677 dimitte
557 2655 680 2677 mortuos
694 2651 808 2685 sepelire
823 2657 944 2679 mortuos

159 2703 224 2721 suos
240 2697 271 2720 "°.
289 2707 298 2720 ι

1002 2366 1092 2401 πάσης
1108 2366 1289 2401 ἀκαθαρσίας.
1305 2376 1312 2390 ι
1334 2366 1365 2393 Εἰ
1384 2366 1473 2392 τοίνυν
1492 2366 1664 2401 ἀκαθαρσίας
1682 2365 1785 2401 Ἰησοῦς

1001 2412 1052 2446 ἔφη
1068 2409 1138 2438 εἶναι
1152 2412 1264 2448 πλήρεις
1278 2413 1340 2443 τοὺς
1352 2412 1465 2446 τάφους,
1481 2412 1538 2444 πῶς
1552 2412 1630 2446 ὑμεῖς
1642 2412 1686 2438 ἐπ’
1697 2411 1787 2438 αὐτῶν

1000 2458 1170 2484 ἐπικαλεῖσθε
1184 2458 1229 2485 τὸν
1243 2458 1309 2484 Θεόν
1319 2467 1326 2491 ;

1035 2515 1207 2549 Προσεπάγει
1220 2515 1248 2541 δὲ
1265 2515 1378 2546 τούτοις,
1394 2515 1435 2541 ὅτι
1451 2515 1499 2541 καὶ
1516 2513 1638 2549 μαθητοῦ
1654 2521 1729 2544 τινος
1743 2513 1784 2539 λέσ

998 2568 1109 2594 γοντος-
1129 2569 1137 2585 ι
1154 2560 1251 2595 Κύριε,
1274 2560 1420 2595 ἐπίτρεψόν
1438 2568 1483 2594 μοι
1508 2559 1620 2595 πρῶτον
1643 2558 1781 2589 ἀπελθεῖν.

999 2606 1046 2632 καὶ
1067 2606 1152 2640 θάψαι
1174 2606 1219 2632 τὸν
1238 2606 1346 2640 πατέρα
1367 2614 1428 2640 μου,
1446 2614 1456 2631 ι
1476 2604 1557 2636 αὐτὸς
1579 2604 1631 2640 ἔφη
1644 2612 1650 2618 ·
1675 2613 1685 2630 ι
1706 2604 1783 2632 Ἀκο-

998 2651 1086 2678 λούθει
1102 2660 1157 2686 μοι,
1171 2651 1220 2678 καὶ
1234 2651 1301 2686 ἄφες
1315 2652 1379 2683 τοὺς
1391 2651 1503 2686 νεκροὺς
1515 2651 1630 2677 θάπτειν
1642 2651 1706 2683 τοὺς
1720 2651 1782 2677 tuo.

999 2697 1053 2723 τῶν
1068 2698 1190 2732 νεκρούς.
1202 2707 1211 2722 ι

198 2798 217 2812 ⁸¹
237 2797 314 2833 Joan.
334 2806 350 2824 ι.
375 2798 415 2824 Η.
455 2799 476 2814 δ’
496 2799 567 2827 Psu'l.
585 2807 657 2831 uix.
673 2801 699 2827 3.
738 2800 760 2816 ⁸³
774 2800 825 2828 lsa.
852 2808 895 2833 λι,
918 2800 952 2827 ιο

1021 2800 1136 2828 Baruch.
1152 2808 1190 2833 Ill,
1207 2801 1302 2828 36-58.
1329 2800 1352 2816 "
1368 2799 1461 2826 Matth.
1477 2807 1555 2831 uin,
1570 2798 1615 2825 27.
1645 2798 1669 2814 “
1684 2797 1779 2825 Matth.

163 2839 220 2864 VIII,
239 2832 281 2863 2|,
296 2832 341 2858 ‘22.
