1894 3056
120 146 189 174 1017

421 206 608 235 ΚΥΡΙΛΛΟΣ.

157 273 274 299 Πλεῖστα
291 273 340 307 μὲν
352 270 398 300 οὖν
411 274 460 300 ὃσα
481 275 544 311 περὶ
560 275 664 303 τούτων
679 277 754 313 αὐτῷ
770 278 908 313 προσδιει-

117 317 257 352 λὲγμεθα,
278 318 325 344 καὶ
351 319 457 354 μακρὸς
483 320 549 355 ἡμῖν
569 321 598 348 ὲν
622 321 726 353 τούτοις
744 322 908 358 προλαὸοὖσι

118 364 302 399 δεδαπάνηται
322 364 409 398 λόγος.
435 366 541 400 Χρῆναι
566 366 595 393 δὲ
611 365 688 402 οἶμαι
703 368 751 395 καὶ
768 368 814 395 νῦν
830 369 908 403 ὀλίγα

119 409 189 436 ἄττα
208 410 275 444 πρὸς
292 410 372 436 αὐτον
389 411 487 438 εἰπεῖν,
502 411 559 443 Τὰς
578 412 626 447 μὲν
640 410 686 439 οὖν
702 413 757 439 τῶν
775 413 908 449 σωμάτων

119 454 207 489 θήκας
229 456 279 482 οὐκ
302 456 474 491 ἀπηλλάχθαι
501 458 591 492 φαμὲν
618 459 809 494 ἀκαθαρσίας’
837 459 908 495 πλὴν

118 501 181 535 οὐχὶ
193 501 294 536 ταύτης
307 501 388 528 ἕνεκα
401 502 448 536 τῆς
465 502 562 535 αἰτίας,
578 504 745 540 ἀμνημονεῖν
763 504 838 537 ἄξιον
855 505 904 540 τῆς

117 546 176 572 τῶν
189 547 343 573 τεθνεώτων
358 547 465 582 ἀρετῆς.
487 548 556 574 Ἀλλ’
568 549 628 575 οὐδὲ
643 549 683 576 ὅτι
699 550 774 585 νόμῳ
798 549 906 585 φύσεως

119 592 153 617 τὸ
171 592 202 618 ὲκ
218 591 270 626 γῆς
285 593 324 623 είς
337 594 388 626 γῆν
403 592 510 620 λέλυται
526 593 605 628 σῶμα
617 594 670 621 τῶν
683 596 731 630 τὴν
744 596 908 630 ἀξιάγαστον

119 637 309 673 ἑξησκηκότων
323 639 405 674 ζωὴν,
421 640 590 675 ποιησόμεθα
603 641 667 676 παρ’
678 642 753 669 οὐδὲν
765 643 795 669 τὸ
809 643 906 678 χρῆναι

117 683 203 718 τιμᾷν
220 684 331 715 αὐτοὺς,
357 684 417 710 ἐπεί
433 693 494 711 τινα
519 685 622 720 τρόπον
646 686 788 713 ἐπαινέσαι
806 696 847 718 τις
874 687 907 713 ἂν

117 728 229 760 αὐτοὺς,
244 729 342 764 ἄριστά
356 738 384 755 τε
402 731 448 756 καὶ
463 731 644 758 εὐκλεέστατα
659 731 780 758 διαΰιοῦν
797 733 905 767 ᾑρημέ-

117 782 193 805 νους.
207 774 254 800 καὶ
267 775 350 801 αὑτοῦ
363 775 392 802 δὲ
407 776 453 802 τοῦ
469 776 596 804 τεθνάναι
613 777 743 809 πολλάκις
760 778 905 813 ὴφειδηκόι-

116 827 179 851 τας,
197 820 241 847 ἵνα
252 822 311 852 ταῖς
325 821 379 847 τῶν
393 822 531 855 ἐσομένων
549 824 670 865 μνήμαις
686 823 866 856 ἀξιάκουστόν
879 834 905 851 τι

700 152 839 180 CONTRA
858 153 1032 183 Jl‘LlANUM
1051 156 1115 184 LIB.
1134 157 1167 184 Χ.

1675 158 1743 186 1018

1260 212 1440 240 αϊιιιιιιυδ.

994 280 1115 306 Plurima
1137 280 1229 306 dehis
1257 285 1335 306 antea
1362 288 1423 306 cutn
1442 280 1487 306 illo
1516 280 1743 311 disseruimus,et

959 325 1037 361 longa
1050 325 1128 352 nobis
1143 325 1267 359 superius
1291 326 1317 352 in
1336 325 1396 352 istis
1408 331 1567 359 consumpta
1578 331 1619 352 est
1643 327 1742 354 oratio.

958 370 1046 398 Pauca
1061 375 1151 397 tamen
1163 371 1244 396 etiam
1262 378 1332 396 nunc
1351 371 1375 396 ei
1392 371 1575 404 respondenda
1601 371 1738 398 existimo.

959 415 1087 451 Equidem
1103 423 1248 450 corporum
1266 416 1367 443 loculos
1388 416 1558 442 immunditia
1578 423 1673 443 carere
1689 425 1741 443 non

958 462 1083 489 dicimus.
1098 462 1290 489 Verumtamen
1307 469 1412 495 aequum
1443 469 1494 488 non
1521 461 1601 488 fuerit
1626 462 1694 489 hanc
1707 463 1742 489 ob

958 515 1068 535 causam
1096 513 1265 534 mortuorum
1292 507 1418 534 virtutem
1444 507 1580 534 oblivione
1597 509 1740 542 praeteriri.

958 553 1011 581 Sed
1031 561 1118 587 neque
1141 554 1211 587 quod
1239 554 1296 588 lege
1317 558 1420 579 natum:
1451 560 1550 587 corpus
1570 561 1676 584 eorum,
1696 554 1740 587 qui

958 599 1207 634 praestantissimam
1221 600 1301 625 vitam
1319 599 1465 629 duxerunt,
1481 606 1496 626 e
1509 603 1580 625 terra
1595 598 1621 626 in
1639 604 1739 625 terram

957 647 1074 672 solutum
1091 645 1136 675 sit.
1151 644 1299 671 honoribus
1311 651 1357 671 eos
1377 643 1483 670 adicere
1499 651 1547 678 pro
1560 644 1642 671 nihilo
1658 644 1741 670 habe-

957 691 1056 723 bimus,
1085 698 1146 717 cum
1174 691 1222 717 hos
1249 698 1328 717 nemo
1354 698 1405 716 non
1436 689 1517 724 336
1543 689 1741 723 quodannnodo

958 734 1115 766 laudaverit,
1128 734 1197 768 quod
1214 735 1345 768 optimum
1360 739 1387 761 ct
1405 734 1563 768 praeclarum
1580 734 1642 760 vitae
1656 741 1741 768 genus

956 782 1135 816 susceperim,
1152 789 1184 808 ac
1207 785 1319 806 mortem
1345 781 1443 814 smpius
1468 780 1691 815 contempserint.
1712 785 1740 806 ut

956 827 1056 861 aliquid
1073 827 1105 854 de
1124 835 1152 854 se
1168 827 1245 853 laude
1259 826 1370 861 dignum
1395 832 1563 861 posterorum
1595 826 1738 853 mandare—

117 865 185 900 περὶ
207 865 296 892 αὐτῶν
319 867 501 902 ὲγγράφηται.
521 868 677 904 Ἐπυθόμην
701 869 756 905 γὰρ
779 869 889 904 λέγοντό

957 878 1000 899 tur
1020 873 1168 899 memoriae.
1183 873 1279 899 Audivi
1298 873 1369 900 enim
1385 874 1530 907 quemdam
1558 872 1626 907 apud
1642 871 1739 898 llome-

115 919 191 943 τινος
205 912 234 938 ἐν
247 913 303 944 τοῖς
320 913 439 948 Ὁμήρου
455 914 588 949 ποιήμασι
598 923 606 930 ’

116 979 170 1016 Μ
186 977 243 1016 κᾶν
256 979 403 1016 ᾁσποῃδεί
423 989 455 1007 τε
476 980 525 1008 καὶ
541 981 666 1014 ἀκλειῶς
684 982 866 1016 ἀπολοίμην,

124 1014 213 1040 Ἀλλὰ
223 1013 300 1048 μέγα
308 1014 400 1048 ῥέξας
411 1024 439 1041 τι
449 1016 498 1042 καί
510 1013 679 1051 ὀψιγόνοισι
692 1013 838 1044 πυθέσθαι
853 1018 901 1053 (1).

116 1110 180 1148 Ἀρ·
193 1111 239 1140 οὖν
255 1115 300 1141 τὸν
324 1115 375 1142 οὐκ
397 1117 527 1144 ἀσπουδεί
546 1126 575 1144 τε
591 1119 639 1145 καὶ
655 1119 763 1151 ἀκλεῶς
778 1120 832 1147 τῶν
855 1122 904 1148 ἀν-

115 1157 261 1200 Θρωπίνων
276 1159 499 1195 ἀποδημήσαντα,
517 1163 718 1197 κατωρθωκότα
730 1164 758 1190 δέ
772 1173 797 1191 τι
816 1165 902 1200 μέγα,

116 1203 152 1236 ἐφ
175 1199 252 1238 ᾧπερ
265 1204 298 1230 ἄν
314 1213 356 1236 τις
373 1202 402 1231 εὖ
422 1205 495 1239 μάλα
516 1207 759 1243 κατασεμνύνοιτο,
776 1199 838 1245 σιγῇ
857 1212 903 1238 καὶ

115 1247 186 1283 λήθῃ
201 1248 359 1275 καταλιπεῖν
374 1249 487 1285 ἄξιον,ἥ
505 1250 544 1285 τῷ
560 1252 694 1287 παγκάλῳ
710 1253 829 1288 θαύματι
848 1263 905 1281 στε-

115 1293 229 1328 φανοῦν,
246 1295 339 1330 μακρᾷ
354 1296 400 1322 καὶ
423 1296 595 1332 ἀτελευτήτῳ
618 1301 807 1334 κατευφρᾶναι
822 1302 902 1336 τιμῇ,

113 1341 154 1370 ὼς
177 1340 318 1375 μονονουχὶ
340 1341 386 1367 καὶ
404 1341 621 1378 συνηθληκότας,
640 1345 685 1371 καὶ
706 1346 756 1380 τῆς
779 1347 904 1382 ἀνδρείας

114 1385 207 1418 αὐτοῖς
219 1387 466 1422 κεκοινωνηκότας;
479 1389 510 1415 Οί
525 1390 577 1424 γὰρ
591 1391 631 1416 ὅτι
643 1390 694 1426 τὴν
705 1391 843 1427 ἐξαίρετον
856 1392 903 1420 τοῦ

115 1431 175 1466 βίου
195 1432 366 1466 διελάσαντες
381 1433 484 1469 τρίϐον,
510 1434 544 1460 δι’
565 1435 671 1468 οὐδενὸς
688 1439 854 1471 πεποιήκασι
872 1439 903 1464 τὺ

115 1477 212 1505 παθεῖν
225 1478 347 1505 ἐπαινεῖν
360 1479 518 1513 ἐγνωκότες,
533 1480 593 1512 πῶς
606 1481 656 1507 οὐκ
673 1482 703 1508 ὲν
714 1482 775 1518 δίκῃ
789 1483 835 1509 καὶ
849 1484 903 1510 τῶν

114 1523 367 1576 ἀνδραγαθημάτων
381 1525 472 1557 αὐτοῖς
486 1525 594 1553 ἔσονται
608 1528 745 1559 κοινωνοί;
764 1529 796 1554 '0
809 1529 838 1555 δὲ
850 1529 899 1565 ἤδη
915 1548 935 1576 C

114 1567 221 1601 φθάσας
237 1569 315 1605 ἔφην,
329 1571 375 1597 καὶ
390 1571 512 1603 εἰσαῦθις
526 1572 593 1606 ἐρῶ.
615 1573 743 1610 Ἀθήνῃσι
761 1574 827 1608 γοῦν
843 1577 900 1607 τοῖς

112 1614 155 1640 ὃτι
178 1613 295 1648 μάλιστα
312 1615 589 1651 κατεγλωττισμένοις
605 1618 653 1645 καὶ
675 1619 818 1655 εὑηγορείν
835 1622 899 1647 εἰω-

113 1659 189 1686 θόσιν
212 1659 337 1695 ἐτησίους
358 1660 467 1694 ἀγῶνας
483 1662 674 1696 προτεθεϊσθαί
688 1673 770 1698 φασιν
785 1666 830 1692 ἐπὶ
844 1668 900 1698 τοῖς

111 1703 164 1738 τῆς
180 1703 303 1736 Ἑλλάδος
321 1705 590 1740 προκινδυνεύσασιν,
606 1708 630 1735 οἳ
647 1710 706 1740 ταῖς
720 1709 774 1735 τῶν
790 1709 897 1744 Βαρῆά-

114 1758 168 1784 ρων
191 1750 360 1782 ἀλαζονείαις
379 1752 605 1787 ἀντανιστάμενοι
628 1754 728 1790 καίπερ
748 1755 823 1787 ὄντες
838 1757 899 1791 ἀρι-

112 1795 175 1830 θμῷ
197 1795 321 1831 βραχεῖς,
337 1797 435 1832 ἥττους
455 1798 505 1832 μὲν
520 1796 590 1833 ἦσαν
609 1799 659 1834 τῆς
680 1800 734 1827 τῶν
760 1801 897 1836 πολεμίων

111 1839 300 1875 ἀναριθμήτου
329 1841 484 1877 φάλαγγος·
502 1844 595 1880 ἐπειδὴ
616 1845 644 1872 δὲ
660 1847 738 1881 νικᾷν
754 1847 805 1873 οὐκ
821 1848 895 1883 ἐξῆν,

111 1886 175 1912 ἀντὶ
192 1886 240 1913 τοῦ
260 1887 368 1922 νικῆσαι
382 1889 413 1915 τὺ
433 1890 470 1924 μὴ
487 1891 625 1926 ἀνάνδρως
641 1892 790 1920 ἀποθανεῖν
806 1895 897 1930 ἀρπά-

112 1939 224 1964 σαντες,
251 1934 360 1969 μνήμης
387 1943 416 1961 τε
442 1936 489 1961 καὶ
518 1937 663 1972 ἐγκωμίων
689 1939 755 1972 παρ’
779 1940 895 1972 ἐκείνοις

110 1977 240 2012 ἠξίωνται
249 1987 255 1992 ·
271 1978 340 2005 ὥστε
354 1981 401 2006 καὶ⁷
412 1981 504 2015 ὅρκιον
519 1983 646 2016 γενέσθαι
660 1984 689 2010 τδ
702 1985 798 2020 χρῆμά
812 1994 892 2014 τισιν,

111 2024 149 2050 Οὐ
167 2024 231 2059 γὰρ,
247 2024 375 2058 ἔφασκον,
393 2027 430 2060 μὰ
451 2027 514 2058 τοὺς
528 2029 557 2054 ὲν
582 2029 732 2065 Μαραθῶνι
749 2032 894 2067 προκινδυ-

110 2068 258 2101 νεύσαντας
269 2069 322 2096 τῶν
335 2071 484 2105 προγόνων,
500 2073 560 2099 οὐδὲ
574 2074 636 2105 τοὺς
647 2076 675 2102 ὲν
690 2076 821 2111 Σαλαμῖνι
833 2085 894 2104 ναυ-

111 2114 303 2148 μαχήσαντας,
330 2115 390 2142 οὐδὲ
409 2116 470 2147 τοὺς
491 2117 535 2143 ἐπ’
555 2119 728 2155 Ἀρτεμισίῳ,
756 2121 816 2147 οὐδὲ
831 2122 895 2153 τοὺς

109 2160 139 2186 ὲν
159 2160 303 2192 Πλατειαῖς
323 2161 577 2197 παραταξαμένους,
594 2165 654 2191 οὐδὲ
673 2166 786 2198 πολλοὺς
798 2167 892 2199 ἄλλους

958 928 1014 946 rum
1031 919 1137 946 dicere:

958 985 998 1012 Ne
1010 990 1078 1012 certe
1086 985 1214 1018 ignaviter
1227 989 1251 1010 et
1265 984 1374 1018 inglorie
1387 992 1499 1017 peream.

958 1019 1010 1047 Sed
1025 1029 1118 1054 nmgno
1129 1020 1218 1054 aliqua
1229 1025 1334 1053 patrato
1350 1019 1466 1051 facinore
1478 1024 1501 1045 ιιι
1525 1019 1588 1079 “Iris
1607 1018 1739 1078 nemyilms

1562 1055 1655 1079 mtdien
1678 1062 1703 1079 0.

1562 1062 1703 1080 «lanienae.

955 1120 996 1148 An
1013 1121 1095 1155 igitur
1107 1129 1180 1154 eum,
1197 1122 1242 1157 qui
1257 1129 1309 1148 non
1326 1123 1439 1156 ignavus
1459 1126 1486 1148 et
1504 1121 1633 1154 inglorius
1646 1128 1740 1148 exces-

956 1168 1047 1194 serite
1060 1168 1141 1194 rebus
1174 1168 1310 1200 humanis,
1329 1168 1376 1194 sed
1401 1175 1526 1201 magnum
1554 1167 1654 1201 aliquid
1668 1166 1739 1193 etil-

955 1213 1039 1240 lustre
1055 1214 1181 1247 patrarit,
1192 1214 1335 1240 silcntioet
1350 1213 1487 1240 oblivione
1502 1214 1633 1248 pne-teriri
1646 1213 1738 1244 decet;

954 1265 988 1284 an
1003 1258 1202 1286 honestissimis
1230 1259 1353 1286 laudibus
1366 1259 1469 1289 ornari.
1492 1259 1626 1293 longoque
1640 1263 1666 1285 et
1679 1265 1739 1292 per—

955 1308 1035 1338 petuo
1044 1305 1145 1331 honore
1163 1304 1232 1331 alilci
1257 1312 1271 1331 a
1295 1304 1382 1336 nobis,
1401 1309 1493 1338 utpote
1510 1304 1554 1338 qui
1569 1309 1671 1330 tantum
1685 1310 1737 1329 non

955 1349 1094 1384 cumipsis
1113 1351 1289 1384 certavimus,
1303 1356 1330 1377 et
1356 1351 1465 1378 virtutis
1483 1358 1575 1378 eormn
1601 1354 1739 1377 consortes

955 1404 986 1423 ao
1000 1397 1066 1423 socii
1080 1397 1256 1424 exstitimus?
1271 1397 1321 1430 Qui
1336 1397 1407 1424 enim
1422 1404 1469 1424 eos
1492 1396 1639 1423 laudandos
1654 1395 1739 1422 susci-

956 1442 1041 1476 piunt,
1053 1442 1123 1476 quod
1137 1443 1238 1470 eximio
1266 1442 1327 1470 vitae
1350 1443 1445 1470 itinere
1473 1442 1588 1469 decurso
1611 1442 1738 1468 adversos

954 1496 1033 1516 casus
1045 1489 1119 1516 nihili
1138 1489 1263 1522 fecerint,
1279 1489 1398 1523 nunquid
1416 1489 1477 1522 jure
1502 1488 1583 1515 etiam
1607 1486 1737 1521 praeclare

954 1533 1084 1561 factorum
1111 1541 1163 1561 una
1188 1542 1248 1561 cum
1274 1534 1341 1569 ipsis
1361 1537 1442 1560 erunt
1463 1532 1630 1567 participes?
1655 1531 1732 1564 Quod

950 1579 1005 1614 jam
1019 1579 1093 1612 prius
1104 1579 1171 1611 dixi,
1188 1584 1307 1614 repetam
1323 1579 1431 1606 iterum.
1447 1578 1561 1605 Athenis
1569 1585 1656 1605 annua
1678 1584 1738 1604 cer-

954 1627 1054 1653 tamina
1073 1625 1251 1653 disertissimo
1265 1625 1363 1660 cuique
1378 1625 1516 1660 proposita
1535 1624 1618 1651 fuisse
1643 1623 1736 1658 perhi-

951 1671 1016 1699 bent
1039 1672 1073 1699 de
1095 1671 1236 1699 laudandis
1258 1671 1307 1703 iis,
1334 1671 1379 1705 qui
1406 1670 1525 1705 periculo
1556 1677 1605 1704 pro
1629 1669 1733 1697 Graecia

951 1722 1077 1752 suscepto
1105 1718 1285 1745 Barbarorum
1315 1717 1468 1745 insolentiae
1489 1716 1595 1743 tametsi
1623 1723 1736 1743 numero

952 1763 1028 1798 pauci
1054 1762 1229 1796 obstiterunt,
1250 1763 1363 1798 ‘quique
1387 1761 1577 1790 innumerabili
1617 1761 1734 1788 hostiutn

951 1809 1057 1843 aginine
1082 1809 1159 1844 longe
1185 1809 1292 1844 quidem
1317 1809 1445 1841 minores,
1466 1816 1528 1835 cum
1557 1808 1664 1835 vincere
1681 1816 1733 1834 non

953 1859 1069 1888 possent,
1086 1862 1134 1888 pro
1148 1854 1260 1881 victoria
1278 1862 1408 1890 generosa
1428 1859 1515 1881 morte
1531 1859 1651 1887 arrepta,
1672 1860 1732 1879 mo-

951 1899 1087 1926 numentis
1103 1903 1131 1926 et
1142 1898 1266 1926 laudibus
1296 1899 1365 1934 apud
1387 1899 1568 1926 Athenienses
1583 1899 1656 1933 digni
1669 1902 1734 1925 sunt

950 1944 1127 1972 habiti.Adeo
1142 1949 1172 1972 ut
1186 1944 1320 1979 aliquibus
1330 1945 1451 1981 religioni
1468 1952 1574 1979 quoque
1586 1952 1629 1972 res
1643 1949 1713 1972 esset
1725 1953 1732 1972 :

948 1989 1006 2017 Non
1018 1990 1100 2021 enim.
1117 1990 1234 2022 aiebam,
1249 1998 1297 2025 per
1310 1998 1367 2024 eos,
1383 1991 1428 2025 qui
1447 1991 1472 2018 in
1486 1991 1643 2017 Marathone
1657 1998 1733 2018 occu-

949 2035 1062 2062 buerant
1080 2044 1087 2062 ε
1107 2043 1194 2071 neque
1225 2044 1274 2071 per
1304 2044 1362 2068 eos,
1375 2037 1420 2071 qui
1435 2038 1467 2062 :id
1496 2036 1668 2063 Artemisium
1689 2041 1735 2063 aut

948 2079 1055 2108 Platmis
1081 2080 1108 2106 in
1133 2081 1191 2107 acie
1214 2085 1348 2108 steterunt
1370 2090 1376 2108 :
1403 2087 1490 2115 neque
1516 2088 1563 2115 per
1583 2081 1734 2114 complures

948 2127 1015 2153 alios
1040 2126 1085 2160 qui
1111 2126 1136 2152 in
1166 2127 1347 2154 monumentis
1377 2126 1491 2160 publicis
1508 2126 1645 2160 iacebant.
1666 2126 1732 2153 Cum

948 2171 1029 2206 igitur
1056 2171 1222 2198 Athenarum
1260 2171 1460 2199 facundissimis
1483 2171 1536 2198 illis
1566 2171 1733 2202 oraloribns.

109 2205 173 2238 τοὺς
187 2208 216 2232 ἐν
229 2208 285 2239 τοῖς
299 2208 438 2243 δημοσίοις
453 2211 577 2245 μνήμασι
592 2211 745 2247 κειμένους.
761 2213 825 2239 Ὅτε
839 2213 893 2240 τοία

954 2217 1070 2252 luamvis
1090 2217 1159 2245 idola
1176 2217 1306 2249 colerent,
1322 2225 1428 2253 aequum
1456 2218 1543 2245 visum
1571 2218 1606 2245 sit
1634 2224 1734 2244 ornare

109 2259 158 2278 νυν
177 2252 225 2279 καὶ
243 2255 299 2285 τοῖς
319 2253 461 2290 ’Δθήνῃσιν
474 2256 690 2292 εὐπομωτάτοις
706 2259 812 2293 λογάσι,
830 2260 893 2286 καί-

109 2305 163 2333 περ
184 2295 258 2325 οὗσιν
271 2299 487 2337 εἰδωλολάτραις,
509 2300 539 2329 εὖ
554 2302 626 2337 ἔχειν
641 2303 727 2330 ἐδόκει
747 2305 777 2331 τὸ
794 2307 894 2341 χρῆναι

108 2343 192 2377 τιμῆς
209 2344 255 2370 καὶ
272 2344 361 2380 γερῶν
375 2345 466 2378 ἀξιοῦν
479 2347 542 2379 τοὺς
559 2348 605 2374 τὸν
623 2348 722 2376 εὐκλεᾶ
739 2349 776 2385 μὴ
793 2351 894 2384 φυγόν-

108 2396 157 2420 τας
174 2387 299 2423 θάνατον,
314 2391 360 2417 καὶ
375 2392 418 2418 ξπ·
428 2392 513 2424 αὑτὰς
535 2393 603 2421 ίέναι
625 2395 674 2426 τὰς
687 2394 740 2421 τῶν
757 2396 892 2430 σωμάτων

108 2432 217 2469 θήκας·
239 2435 282 2461 ἐπ’
305 2436 395 2467 αὐτοῖς
419 2438 474 2473 γὰρ
496 2439 553 2471 τοῖς
570 2439 624 2466 τῶν
640 2440 894 2476 ἀνδραγαθημάτων

107 2479 246 2513 λειψάνοις
265 2481 404 2509 ἐποιοῦντο
421 2483 483 2515 τοὺς
509 2484 605 2517 λόγους
617 2493 623 2500 ·
640 2485 698 2512 ἀνθ’
721 2487 782 2512 ὅτου
800 2487 892 2513 λοιπὸν

106 2525 121 2551 ὸ
135 2525 280 2559 κράτιστος
297 2527 439 2560 Ἰουλιανὸς
453 2529 660 2565 κατακέκραγεν
674 2531 724 2558 οὐκ
738 2531 826 2567 ὀρθῶς
843 2533 893 2568 τῆς

107 2572 279 2608 Χριστιανῶν
301 2573 466 2606 ἐπιεικείας,
487 2576 511 2602 εί
528 2576 592 2611 περὶ
617 2577 714 2603 πολλοῦ
732 2578 892 2614 πεποίηνται

106 2616 156 2652 τὴν
180 2618 220 2648 εἰς
233 2617 296 2649 τοὺς
315 2618 408 2652 ἁγίους
435 2620 577 2656 μάρτυρας
597 2620 664 2648 αἰδῶ
687 2623 736 2649 καὶ
760 2622 852 2658 τιμὴν,
867 2623 892 2650 οἳ

107 2662 209 2694 πάντες
223 2663 374 2697 γεγονότες,
392 2664 425 2691 δι’
438 2665 550 2700 αἵματος
565 2667 614 2702 τῆς
631 2668 799 2704 προσκαίρου
817 2669 892 2704 ζωῆς

106 2707 255 2742 ἠλλάξαντο
270 2709 300 2735 τὸ
316 2709 456 2746 ἱδρυμένον
471 2712 500 2737 ἐν
518 2712 619 2744 πίστει,
636 2713 683 2739 καὶ
700 2713 749 2748 τῆς
765 2715 805 2745 εἰς
821 2715 890 2750 Χρι-

107 2753 152 2780 τὸν
167 2753 308 2786 εὐσεϐείας
323 2755 357 2780 τὰ
370 2756 532 2790 αὐχήματα;
549 2758 584 2784 Ἦ
598 2759 667 2794 τάχα
681 2767 732 2786 που
749 2760 890 2787 κατασκώ-

141 2842 180 2879 (1)
195 2842 277 2871 Ih'ad.
296 2844 331 2876 Χ,
355 2851 380 2871 ν.
397 2844 459 2878 δοι,
475 2845 539 2873 505.

945 2263 1070 2290 laudibus
1081 2270 1139 2295 eos,
1154 2263 1198 2297 qui
1213 2263 1371 2298 praeclaram
1400 2268 1514 2291 mortem
1539 2271 1591 2290 non
1613 2263 1734 2298 defugis-

946 2312 1050 2340 sent,et
1061 2309 1094 2334 ad
1107 2308 1162 2342 ipsa
1173 2316 1318 2343 corporum
1330 2309 1452 2343 sepulcra
1468 2309 1613 2343 procedere
1622 2308 1732 2344 (coram

945 2352 1012 2386 ipsis
1031 2352 1101 2379 enim
1118 2353 1239 2388 reliquiis
1259 2354 1428 2388 egregiorum
1457 2354 1621 2381 facinorum-
1640 2354 1732 2381 laudes

945 2398 1068 2426 oratione
1097 2399 1344 2435 prosequebantur)
1367 2408 1375 2427 :
1399 2407 1448 2427 cur
1473 2401 1579 2427 demum
1602 2405 1732 2435 prmstan-

946 2443 1069 2470 tissimus
1097 2443 1220 2471 Julianus
1249 2444 1275 2471 in
1294 2445 1510 2472 Christianorum
1535 2440 1745 2472 humanitatem-

945 2495 1084 2523 perperam
1102 2490 1223 2517 invectus
1237 2495 1289 2521 est,
1310 2491 1381 2524 quod
1392 2491 1592 2518 venerationem
1608 2495 1636 2518 et
1646 2492 1731 2518 honon

945 2541 1001 2560 rem
1025 2542 1088 2569 erga
1116 2540 1226 2562 sanctos
1256 2542 1390 2571 martyres
1420 2537 1528 2572 plurimi
1553 2537 1662 2569 faciant,
1682 2537 1729 2572 qui

944 2587 1038 2606 omnes
1062 2585 1194 2615 quotquot
1219 2581 1336 2613 luerunt,
1355 2589 1404 2609 suo
1431 2582 1562 2616 sanguine
1594 2588 1729 2617 tempora-

944 2628 1011 2652 riam
1023 2626 1105 2654 vitam
1122 2629 1273 2655 constantia
1289 2628 1360 2659 dei,
1378 2634 1405 2656 et
1432 2629 1591 2664 gloriatione
1619 2630 1728 2663 pictatis

943 2671 970 2698 in
982 2671 1130 2704 Christum,
1140 2675 1362 2702 commutarunt?
1376 2675 1415 2702 An
1435 2676 1505 2702 forte
1523 2675 1650 2703 ridendos
1665 2675 1726 2703 illos

944 2717 1090 2751 existimat,
1105 2727 1154 2746 nec
1168 2727 1246 2754 mquo
1259 2720 1351 2748 animo
1367 2720 1438 2748 ferre
1455 2726 1553 2756 potest.
1564 2720 1643 2756 337
1655 2722 1727 2755 quod

946 2771 997 2791 non
1013 2763 1048 2791 illi
1065 2772 1170 2800 quoque
1190 2765 1291 2793 inierint
1309 2771 1448 2801 apostatw,
1460 2767 1590 2799 imbelles,
1606 2767 1725 2802 fugaces,
