1894 3056
168 145 237 174 1019

673 146 703 176 S.
723 145 862 176 CYRILLI
882 143 1113 174 ALEXANDHINI
1137 145 1295 174 ARCIIIEP.

1732 143 1801 170 Π)ὶο
1840 138 1846 191 'l

168 207 268 241 ignavi,
282 212 310 234 et
336 206 433 241 supini.
447 211 474 234 et
496 206 603 241 pietatis
627 207 654 234 in
671 206 756 234 Deum
767 220 775 228 ο
789 211 957 242 contempto-

1026 213 1086 232 ιτειν
1101 205 1186 232 οἴεται
1201 206 1255 232 δεῖν
1269 206 1384 238 αὐτοὺς,
1407 205 1454 232 καὶ
1472 204 1677 240 δεδυσφδρηκεν
1695 205 1724 230 οὑ
1754 212 1802 238 με-

168 259 221 281 res.
243 252 322 279 sicuti
355 252 481 278 nimirum
510 251 568 286 ipse
594 250 639 279 ille
664 251 709 286 qui
739 258 834 278 eorum
860 249 954 278 virtuti

167 297 301 324 delraltll?

1003 251 1096 286 τρίως,
1111 252 1152 278 ὃτι
1169 252 1206 286 μὴ
1222 253 1269 278 καὶ
1288 252 1367 278 αὐτοὶ
1388 251 1532 286 γεγόνασιν
1558 250 1729 281 ἀποστάται,
1747 250 1801 275 δει-

1005 297 1062 331 λοὶ,
1079 298 1126 324 καὶ
1148 297 1319 332 ῥιψάσπιδες,
1344 297 1461 333 ρᾴθυμοί
1484 306 1514 324 τε
1531 298 1578 324 καὶ
1601 296 1804 324 ἀναπεπτωκό-

167 353 222 376 τες,
240 345 287 371 καὶ
300 345 350 379 τῆς
382 345 423 375 εἰς
437 344 503 371 Θεὸν
527 343 668 376 εὐσεϐείας
693 343 908 379 καταφρονηταὶ,
943 344 1068 380 καθάπερ
1090 344 1186 380 ἀμέλει
1209 346 1256 372 καὶ
1291 345 1370 377 αὐτὸς
1387 345 1401 370 ὸ
1424 345 1473 380 τῆς
1495 344 1609 379 ἐνούσης
1632 344 1728 374 αὐτοῖς
1759 343 1803 369 εὑ-

168 391 279 425 ανδρίας
296 391 446 427 κατήγορος
456 399 463 424 ;

203 438 329 467 Αιειιίιη,
360 437 464 471 inquit,
487 436 610 471 fugienda
637 441 699 464 sunt
727 436 870 471 sepulcra.
895 445 955 471 quae

168 482 294 509 Christus
316 482 396 509 etiam
414 483 470 515 ipse
497 481 678 509 inimiiuditiei
696 481 774 516 plena
800 489 860 509 esse
877 482 955 509 dixit.

169 526 276 554 Sciebat
296 528 366 554 enim
392 533 528 555 niortiiiini
553 528 592 555 sic
608 528 817 554 abominandum
843 536 911 560 esse,
929 533 958 555 ut

170 580 204 599 tie
232 573 364 607 discipulo
388 574 496 608 quidem
523 573 678 606 pi-rniiserit
700 579 804 607 patrem
831 574 955 608 sepelire.

170 619 250 652 Atqui
276 627 324 645 nos
341 619 416 645 illiiin
442 627 551 646 sensum
570 628 675 652 eorum,
694 627 754 654 qua:
775 627 789 646 a
815 620 957 647 Salvatore

171 665 242 691 dicta
268 670 342 697 sunt,
368 666 477 700 penitus
502 665 642 700 ignorasse
664 666 736 692 nullo
755 667 862 701 negotio
883 667 957 693 vide-

171 718 240 737 mus.
256 710 361 737 Etenim
377 719 391 737 a
405 712 536 745 sepulcris
551 712 676 739 recedere
692 720 743 739 non
756 711 846 746 jitSsit,
860 721 957 747 quani-

172 757 212 784 vis
242 765 273 784 ea
302 763 472 785 mortuorum
505 758 614 786 ossibus
646 763 672 785 et
702 760 775 786 omni
801 759 957 793 impuritaie

171 809 277 830 scatere
294 809 399 835 nosset;
417 805 463 831 sed
486 805 618 839 sepulcris
633 805 765 833 dealbalis
780 806 868 838 potius
882 814 956 832 coni-

173 857 269 883 parare
284 849 368 876 voluit
382 850 530 884 captiosum
549 850 621 876 illam
638 855 665 877 et
683 851 838 878 simulatam
861 850 956 878 Pliari-
974 841 994 870 Β

172 901 288 921 saaorum
314 895 462 926 nationem,
479 895 524 929 qui
541 892 687 928 probitatis
703 896 800 922 famam
825 901 852 923 et
867 896 959 922 existi-

174 939 318 967 mationem
340 941 432 975 specie
445 944 524 967 tenus
537 940 750 973 sulfurabantur,
765 941 811 967 sed
830 941 958 975 improbi-

175 986 236 1012 tatis
264 990 292 1012 et
314 986 402 1013 omnis
432 986 627 1017 immunditiaa,
659 987 790 1021 spiritalis
816 987 958 1019 videlicet.

175 1031 304 1058 iefertum
318 1037 411 1066 pectus
430 1032 576 1059 habebant.
597 1032 782 1066 Przecipiendo
797 1040 861 1067 ergo
874 1032 958 1060 disci-

175 1077 248 1110 pulo.
274 1081 302 1103 ut
323 1082 482 1111 sequeretur
498 1085 537 1108 se,
563 1078 677 1112 aliisque
700 1078 816 1110 sepelire
840 1085 960 1106 mortuos

175 1122 360 1156 permitteret;
377 1123 468 1149 docuit
483 1131 532 1150 nos
547 1124 674 1150 cliaritati
688 1124 714 1150 in
732 1125 813 1151 Deum
830 1125 960 1158 essejure

174 1170 383 1202 postponeiidos,
405 1176 437 1196 eo
458 1170 528 1203 quod
551 1170 650 1204 pietate
677 1171 757 1197 etiam
784 1170 809 1197 in
833 1176 959 1206 parentes

176 1211 277 1244 majora
298 1217 360 1238 sunt
374 1220 434 1246 quae
451 1213 483 1239 ad
499 1213 582 1240 Deum
605 1215 752 1248 pertinent.
768 1215 865 1242 Rerum
887 1217 958 1242 enim

175 1262 269 1283 auctor
288 1265 319 1284 ac
334 1258 450 1284 universi
471 1259 596 1285 conditor
616 1260 673 1294 ipse
695 1265 746 1288 est.
771 1262 846 1294 Quod
870 1267 958 1288 autem

175 1310 227 1328 non
244 1303 380 1337 ignoraret
394 1304 518 1338 sepulcra
537 1305 594 1332 sive
611 1311 732 1333 mortuos
747 1307 847 1334 nullam
862 1307 960 1334 menti-

175 1348 225 1375 bus
239 1348 377 1376 hominum
398 1357 476 1385 posse
493 1350 580 1378 labem
595 1351 736 1384 inducere,
752 1352 895 1380 manifeste
911 1353 960 1380 de-

175 1395 272 1428 rlaral,
286 1403 346 1422 cum
362 1396 395 1423 ad
408 1401 529 1424 mortuos
540 1401 568 1424 et
578 1398 635 1432 ipsa
648 1404 821 1425 monumenta
832 1398 961 1434 dignatur

175 1441 314 1468 accedere.
344 1441 381 1468 Ita
409 1441 480 1469 forte
508 1441 641 1469 Lazarum
675 1443 756 1470 etiam
783 1443 894 1471 fetidum
927 1445 960 1472 ad

175 1487 258 1512 vitam
276 1486 364 1513 redire
377 1485 459 1521 jussit
470 1487 505 1514 ⁸⁷.
523 1488 560 1515 Ita
580 1488 787 1524 arcliisynagogi
804 1489 857 1517 [ilia
877 1491 960 1517 mira-

178 1532 269 1559 biliter
287 1533 395 1561 revixit.
414 1543 423 1559 i
439 1533 538 1568 Tetigit
553 1535 636 1567 enim,
651 1536 749 1569 inquit,
767 1544 876 1563 manum
891 1537 959 1572 ejus,

176 1579 404 1612 ilicens:Puella,
430 1580 553 1615 surge“.
570 1591 579 1607 ι
603 1580 738 1608 Praeterea
764 1586 793 1609 et
820 1583 846 1609 in
873 1582 962 1616 Naim,

176 1631 236 1658 qua
246 1623 345 1652 Iudae
359 1625 457 1652 civitas
474 1633 525 1653 una
537 1632 606 1658 erat,
621 1628 707 1654 viduae
722 1627 806 1655 filium
824 1629 962 1661 excitavit,

179 1675 250 1697 tacto
266 1669 364 1703 loculo,
385 1678 446 1698 cum
472 1672 646 1700 inclamasset
661 1681 667 1700 :
685 1682 695 1698 i
713 1674 890 1706 Adolescens,
914 1675 962 1701 tilii

177 1716 248 1748 ilico,
269 1724 350 1752 surge
361 1716 395 1745 δ’.
413 1725 423 1743 ι
437 1717 522 1750 Quam
537 1719 621 1751 enim,
634 1727 739 1753 quaeso,
757 1720 844 1747 laliein
863 1722 964 1748 nostris

178 1763 276 1790 animis
294 1763 423 1790 inducent
440 1763 491 1790 viri
515 1764 612 1791 mortui
634 1765 775 1797 reliquiae?
789 1767 828 1792 An
846 1772 962 1793 mentem

179 1813 298 1835 nostrain
322 1809 451 1843 polluent,
475 1814 523 1836 aut
544 1810 578 1836 ad
601 1809 714 1837 nefanda
737 1815 870 1845 pervertet
895 1811 964 1838 fetor

180 1853 226 1882 ille
238 1854 323 1888 quiin
339 1862 435 1882 sensus
451 1855 586 1882 incurrit?
600 1854 759 1891 Quanquam
773 1857 836 1891 quid
850 1857 882 1883 ad
895 1857 964 1885 hanc

180 1899 322 1926 stultitiam
349 1900 409 1927 addi
437 1901 545 1936 potest?
567 1909 628 1928 cum
651 1902 799 1936 praesertim
827 1903 966 1930 videamus

181 1950 349 1972 mortuorum
370 1947 512 1981 reliquias,
528 1955 581 1974 non
595 1947 681 1975 nudas
695 1953 740 1974 aut
756 1948 923 1983 negligenter
938 1949 964 1976 in

181 1994 282 2017 terram
300 1990 436 2024 disjectas,
455 1992 501 2018 sed
517 1992 637 2026 apprime
653 1993 815 2020 reconditas.
833 1994 860 2020 In
885 1999 965 2021 terra!

181 2035 253 2062 enim
274 2036 457 2070 penetralibus
469 2037 544 2064 velut
561 2038 587 2064 iu
608 2038 667 2065 sinu
688 2039 783 2066 matris
800 2039 894 2067 latent.
909 2040 965 2066 0b-

179 2081 256 2116 jieiet
273 2090 354 2117 porro
379 2084 425 2117 qui
447 2084 630 2111 defendendos
653 2089 774 2112 mortuos
793 2087 964 2120 susceperit:

182 2129 252 2162 Quid
268 2137 357 2157 causa:
373 2134 426 2162 est,
449 2138 500 2156 cur
519 2130 643 2164 sepulcra
665 2131 706 2158 vel
724 2136 845 2159 mortuos
864 2132 966 2159 abomi-

182 2176 286 2203 nandos
302 2176 398 2209 putes?
411 2176 495 2211 338
508 2177 591 2209 Quam
605 2177 690 2204 labem
705 2185 803 2211 corpus
818 2182 864 2205 aut
877 2178 966 2213 sepiil-
980 2183 1005 2213 υ

181 2229 258 2249 eriini
287 2223 321 2249 iis
347 2222 484 2254 immittet,
510 2223 555 2257 qui
584 2224 694 2257 propius
719 2225 901 2251 accesserint?
923 2225 965 2252 An

179 2267 290 2301 iustitiae
311 2268 441 2294 cultorem
469 2268 598 2302 injustam
621 2269 737 2295 eﬂiciet?
754 2269 916 2304 impudicum
939 2275 967 2297 et

183 2315 406 2346 intemperantem
428 2321 503 2346 eum,
521 2315 566 2348 qui
590 2315 626 2341 sit
651 2315 718 2349 frugi
741 2323 773 2342 ac
796 2317 967 2350 temperans?

181 2365 305 2389 avarum.
330 2358 375 2392 qui
400 2359 435 2385 sit
457 2358 598 2386 liberalis?
616 2360 751 2387 crudelem
774 2366 799 2387 et
824 2361 966 2393 immitem,

181 2402 226 2434 qui
244 2403 280 2429 sit
295 2402 364 2430 lenis
378 2410 410 2430 ac
427 2403 531 2430 facilis?
545 2404 669 2438 impium,
682 2404 727 2438 qui
746 2404 792 2432 Dei
806 2405 843 2432 sit
856 2406 968 2432 amans?

182 2444 293 2473 Minime
317 2454 380 2474 vero
396 2457 403 2474 ;
419 2455 470 2474 non
500 2448 571 2474 enim
598 2448 729 2480 inficient,
755 2449 862 2483 opinor.
885 2450 967 2477 animi

183 2491 254 2518 boua
280 2497 448 2520 mortuorum
476 2493 607 2528 reliquit,
625 2494 671 2521 sed
697 2494 861 2522 voluntatum
881 2495 969 2530 potius

184 2536 219 2563 ad
235 2537 322 2570 turpia
339 2539 544 2572 propensiones.
559 2538 656 2567 Cernis
670 2540 717 2568 has
731 2541 814 2576 leges.
826 2542 924 2575 quibus
935 2542 967 2568 ad

186 2584 253 2610 recti
271 2584 432 2619 honestique
449 2586 519 2612 viam
533 2586 693 2621 dirigimur?
705 2585 751 2613 lla:
766 2587 881 2621 puniunt
893 2587 970 2613 adul-

187 2633 270 2662 teros,
287 2629 410 2664 injustos,
426 2636 559 2666 raptores.
576 2636 603 2658 et
621 2632 682 2659 aliis
702 2631 863 2659 criminibus
881 2632 970 2659 irreti-

188 2679 246 2708 tos;
263 2676 395 2703 neminem
413 2681 502 2703 tamen
523 2684 630 2708 eorum,
646 2677 690 2711 qui
715 2677 838 2712 sepulcra
860 2678 970 2710 adeunt,

189 2726 234 2747 aut
257 2723 388 2749 accedunt
401 2722 433 2748 ad
451 2727 582 2754 mortuos,
599 2730 679 2757 paena
700 2723 809 2758 dignum
825 2723 898 2750 vides
913 2723 972 2750 illas

190 2770 322 2794 'Jtatucre.
342 2767 376 2794 At
390 2767 512 2802 sepulcra
530 2768 675 2795 nonnullos
688 2767 826 2803 improbos
840 2768 970 2800 alliciunt,

227 2856 247 2870 "
263 2853 339 2882 J-uu.
363 2863 398 2884 χι.
422 2855 459 2882 i5.
499 2856 520 2871 “
536 2855 617 2882 Marc.
634 2863 658 2886 ν.
672 2856 714 2884 il.
755 2857 775 2872 δ’
788 2856 852 2884 Luc.
868 2865 914 2889 vn,
933 2858 971 2884 ii.

1047 438 1126 464 ’Λλλά
1142 437 1196 473 γὰρ
1210 438 1265 467 ναὶ,
1279 437 1372 472 φησιν,
1392 437 1524 473 φευκτέον
1537 438 1601 470 τοὺς
1620 436 1739 470 τάφους.
1759 435 1804 466 οὒς

1007 483 1053 510 καὶ
1073 483 1153 515 αὐτὸς
1170 483 1183 509 ὁ
1198 483 1313 518 Χριστὸς
1330 483 1502 518 ἀκαθαρσίας
1517 482 1569 518 ἔφη
1587 480 1805 518 μεστούς.“ῌδει

1005 529 1033 556 δὲ
1058 529 1129 555 οὕτω
1151 529 1196 555 τὸν
1221 528 1354 555 τεθνεῶτα
1378 528 1514 564 βδελυρὸν,
1534 527 1605 554 ὥστε
1627 527 1690 554 οὐδὲ
1717 526 1804 560 ξφηκε

1007 574 1045 609 τῷ
1064 574 1170 609 μαθητῇ
1188 574 1300 601 θάπτειν
1324 574 1369 601 τὸν
1392 574 1509 610 πατέρα.
1533 574 1663 602 Μάλιστα
1683 573 1733 607 μὲν
1757 569 1804 597 οὖν

1008 620 1160 655 ὴγνοηκότα
1177 620 1314 651 παντελῶς
1332 620 1386 646 τῶν
1399 619 1447 647 τοῦ
1463 621 1587 655 Σωτῆρος
1605 621 1740 655 ῥημάτων
1755 617 1805 652 τὴν

1008 665 1131 700 δύναμιν,
1149 666 1267 701 ἀμογητὶ
1293 665 1479 701 κατοψόμεθα.
1495 666 1532 692 Οὐ
1560 666 1612 701 γάρ
1638 674 1680 692 τοι
1709 665 1804 698 τάφων

1009 711 1158 746 ἁποφοιτᾷν
1175 711 1369 746 προστέταχεν,
1385 711 1484 746 καίπερ
1498 710 1574 742 εἰδὼς
1585 710 1685 741 αὐτοὺς
1699 709 1804 736 ὀστέων

1009 756 1112 792 νεκρῶν
1121 757 1236 790 μεστοὺς
1246 757 1292 783 καὶ
1304 757 1393 791 πάσης
1401 756 1580 793 ἀκαθαρσίας·
1588 757 1686 791 τάφοις
1695 756 1724 782 δὲ
1736 756 1791 790 μᾶλ

1010 801 1055 828 λον
1071 803 1276 837 κεκονιαμένοις
1302 802 1452 837 ἀφομοιοῦν
1467 803 1553 829 ἐδόκει
1568 802 1614 828 τὸν
1631 802 1734 837 εῖρωνα
1755 802 1803 828 καὶ

1009 847 1157 882 ὑποκριτὴν
1165 847 1219 874 τῶν
1227 849 1382 883 Φαρισαίων
1390 849 1485 884 δῆμον,
1498 848 1649 879 ἐπιεικείας
1662 847 1713 882 μὲν
1722 847 1802 881 δόκη-

1010 901 1050 919 σιν
1060 894 1167 928 ἐμφανῆ
1175 894 1412 928 παρακλέπτοντα,
1423 894 1589 930 φαυλότητος
1597 894 1626 920 δὲ
1634 894 1683 921 καὶ
1690 894 1802 927 ἀπάσης

1009 939 1189 975 ἀκαθαρσίας,
1204 941 1302 976 νοητῆς
1319 941 1450 975 δηλονότι,
1467 940 1689 976 πεπληρωμένην
1706 939 1802 974 ἔχοντα

1009 986 1058 1021 τὴν
1069 986 1194 1021 καρδίαν.
1213 986 1258 1022 Τῷ
1280 995 1312 1020 γε
1335 986 1389 1022 μὴν
1412 987 1452 1022 τῷ
1476 987 1584 1022 μαθητῇ
1599 986 1630 1012 τὸ
1645 986 1748 1021 χρῆναι
1770 984 1803 1019 δὴ

1010 1032 1111 1067 μᾶλλον
1123 1033 1332 1059 κατακολουθεῖν
1344 1033 1441 1065 εἰπεῖν,
1451 1033 1558 1068 ἐφεῖναι
1568 1032 1597 1059 δὲ
1610 1031 1726 1059 θάπτειν
1739 1031 1802 1062 τοὺς

1009 1077 1160 1109 τεθνεῶτας
1174 1078 1288 1113 ἑτέροις,
1298 1078 1415 1110 ἐδίδαξεν
1431 1079 1473 1105 ὅτι
1488 1079 1538 1114 τῆς
1554 1079 1594 1110 εἰς
1610 1077 1678 1104 Θεὸν
1690 1076 1803 1110 ἀγάπης

1010 1123 1125 1150 κατόπιν
1146 1124 1275 1159 ἐρρῖφθαι
1291 1124 1326 1151 τὰ
1340 1124 1400 1151 καθ’
1417 1125 1489 1160 ἡμᾶς
1509 1123 1610 1159 πρέποι
1628 1123 1661 1150 ἀν
1677 1122 1804 1153 εἰκότως,

1009 1169 1050 1196 ὅτι
1068 1170 1113 1196 καὶ
1129 1170 1178 1204 τῆς
1189 1171 1228 1202 εἰς
1241 1170 1337 1204 γονέας
1350 1169 1440 1202 αἰδοῦς
1457 1170 1491 1197 τὰ
1505 1169 1572 1196 Θεοῦ
1586 1169 1709 1204 μείζονα.
1725 1168 1806 1194 Γενε-

1011 1215 1136 1249 σιουργὸς
1159 1215 1214 1250 γὰρ
1234 1215 1280 1241 καὶ
1306 1216 1423 1251 ποιητὴς
1441 1215 1497 1242 τῶν
1515 1215 1584 1242 ὅλων
1599 1214 1761 1246 αὑτός.”οτι
1777 1213 1806 1239 δὲ

1010 1260 1073 1291 τοὺς
1083 1261 1196 1294 τάφους,
1207 1261 1266 1295 ἦτοι
1283 1260 1346 1292 τοὺς
1361 1261 1486 1296 νεκροὺς,
1504 1262 1563 1292 ταῖς
1578 1259 1634 1286 τῶν
1649 1258 1807 1294 ἀνθρώπων

1010 1305 1110 1340 ψυχαῖς
1137 1306 1276 1341 μολυσμὸν
1299 1306 1396 1332 οὐδένα
1417 1306 1583 1342 δυναμένους
1599 1306 1728 1341 ἐμποιεῖν
1745 1304 1808 1339 ἠπί-

1011 1359 1104 1384 στατο,
1119 1351 1248 1384 διέξεισιν
1267 1352 1400 1387 ἐναργῶς,
1416 1353 1561 1388 ὲπιφοιτᾷν
1582 1354 1639 1382 τοῖς
1657 1351 1808 1378 τεθνεῶσιν

1011 1396 1104 1428 ἀξιῶν,
1121 1397 1167 1422 καὶ
1182 1397 1274 1428 αὐτοῖς
1297 1397 1326 1423 δὲ
1349 1399 1406 1429 τοῖς
1429 1398 1578 1433 μνήμασιν.
1597 1397 1676 1423 Οὕτω
1689 1397 1737 1424 τὸν
1750 1397 1807 1423 Λά-

1011 1441 1093 1477 ζαρον
1116 1443 1181 1473 ῖσως
1209 1443 1406 1479 παλινάγρετον
1431 1444 1567 1470 ποιεῖσθαι
1585 1443 1634 1478 τὴν
1658 1443 1733 1478 ζωὴν
1759 1444 1808 1470 καὶ

1012 1487 1128 1514 ὀδωδότα
1151 1488 1344 1523 προστέταχεν.
1361 1488 1438 1514 Οὕτω
1458 1488 1488 1514 τὸ
1507 1488 1554 1514 τοῦ
1579 1488 1808 1524 ἀρχισυναγώγου

1013 1532 1173 1567 παραδόξως
1192 1533 1291 1559 ἀνεϐίω
1310 1533 1412 1568 κόριον.
1429 1534 1553 1568 (Ἥψατο
1566 1534 1631 1570 γὰρ,
1647 1536 1743 1570 φησὶν,
1758 1535 1808 1570 τῆς

1012 1579 1103 1615 χειρὸς
1126 1579 1221 1614 αὐτῆς.
1237 1580 1325 1613 λέγων
1338 1587 1345 1594 ⁸
1370 1580 1401 1606 'll
1423 1581 1497 1612 παῖς,
1518 1580 1634 1614 ἔγειραι.
1652 1590 1661 1606 ι
1679 1581 1735 1607 Καὶ
1754 1579 1808 1615 μὴν

1013 1626 1060 1652 καὶ
1082 1626 1111 1652 ἐν
1134 1625 1202 1652 Ναΐν
1224 1625 1295 1661 (μία
1315 1625 1343 1652 δὲ
1359 1625 1427 1660 αὕτη
1445 1626 1500 1652 τῶν
1518 1625 1588 1652 κατά
1604 1625 1656 1658 τὴν
1672 1626 1809 1652 Ἰουδαίαν

1013 1671 1105 1705 πόλις)
1122 1671 1167 1698 τὸν
1179 1671 1230 1706 τῆς
1244 1672 1331 1707 χήρας
1347 1672 1496 1707 ἀνέστησεν
1515 1671 1583 1703 υἰὸν,
1602 1671 1745 1706 ἁψάμενος
1758 1671 1809 1706 τῆς

1015 1717 1107 1752 σοροῦ,
1120 1717 1169 1743 καὶ
1185 1716 1218 1751 δὴ
1240 1717 1287 1743 καὶ
1301 1717 1460 1751 ὲπιφωνῶν·
1480 1727 1489 1743 ι
1505 1717 1650 1750 Νεανίσκε,
1664 1717 1708 1744 σοὶ
1723 1716 1809 1750 λέγω.

1015 1762 1155 1798 ἐγέρθητι.
1172 1773 1180 1788 ι
1200 1763 1266 1789 Τίνα
1287 1765 1342 1798 γὰρ
1365 1763 1399 1798 δὴ
1424 1764 1485 1795 ταῖς
1509 1763 1657 1799 ἡμετέραις
1675 1763 1810 1794 διανοίαις

1014 1808 1192 1843 ἑνεργάσεται
1217 1808 1356 1843 μολυσμὸν
1378 1808 1475 1844 ἀνδρὸς
1498 1808 1645 1840 τεθνεῶτος
1660 1808 1810 1844 λείψανον;

1014 1851 1089 1887 Ἃρα
1104 1855 1271 1888 καταμιανεῖ
1285 1853 1329 1880 τὸν
1343 1854 1371 1880 ἐν
1384 1854 1450 1889 ἡμῖν
1461 1854 1526 1880 ὄντα
1537 1853 1610 1884 νοῦν.
1625 1854 1642 1889 ἢ
1657 1854 1703 1880 καὶ
1719 1863 1811 1889 παρα-

1014 1899 1109 1934 τρέψει
1125 1899 1193 1934 πρὸς
1204 1899 1222 1925 ἃ
1241 1899 1278 1934 μὴ
1293 1899 1382 1933 θέμις,
1397 1899 1428 1925 τὸ
1441 1899 1556 1931 δυσῶδες
1567 1899 1724 1934 αἰσθητῶς;
1738 1900 1809 1926 Καί-

1014 1952 1056 1970 τοι
1073 1943 1132 1975 πῶς
1150 1944 1201 1970 οὐκ
1217 1943 1344 1979 εὐηθείας
1364 1943 1490 1979 ἔμπλεως
1507 1943 1540 1970 ἂν
1557 1944 1599 1978 εἴη
1613 1944 1627 1970 ὁ
1640 1944 1746 1971 τοιόσδε
1763 1944 1810 1970 λό-

1015 1998 1062 2024 γος
1075 1999 1082 2023 ;
1097 1989 1184 2021 ἄλλως
1199 1998 1228 2015 τε
1241 1989 1296 2015 τῶν
1309 1989 1511 2024 κατοιχομένων
1529 1990 1561 2016 τὰ
1577 1989 1690 2024 λείψανα
1704 1990 1812 2016 κατίδοι

1016 2044 1058 2067 τις
1079 2035 1112 2062 av
1134 2035 1165 2061 οὺ
1191 2035 1293 2070 γυμνὰ,
1309 2035 1357 2062 καὶ
1372 2036 1516 2070 ἀτημελῶς
1533 2036 1573 2067 εἰς
1587 2035 1638 2070 γῆν
1655 2036 1810 2072 κατερριμ-

1018 2082 1096 2116 μένα,
1106 2080 1162 2107 ἀλλ’
1171 2079 1200 2107 εὖ
1213 2081 1429 2116 περιεσταλμένα
1438 2089 1445 2096 ⁸
1456 2081 1609 2117 κέκρυπται
1619 2081 1673 2117 γὰρ
1682 2082 1811 2118 καθάπερ

1017 2128 1047 2153 ὲν
1061 2127 1153 2162 κόλπῳ
1167 2127 1280 2162 μητρὸς,
1296 2127 1325 2153 ὲν
1341 2127 1479 2163 κευθμῶνι
1498 2128 1547 2163 τῆς
1563 2128 1625 2163 γῆς.
1639 2129 1709 2163 Φαίη
1729 2129 1753 2155 δ’
1764 2129 1810 2162 ἂν,

1017 2173 1096 2209 εἰπερ
1108 2181 1151 2205 τις
1166 2173 1253 2200 ἕλοιτο
1269 2175 1325 2204 τοῖς
1340 2174 1468 2200 τεθνεῶσι
1485 2175 1623 2200 συνειπεῖν
1633 2181 1640 2188 ·
1658 2173 1811 2210 Βδελυροὺς

1018 2219 1144 2254 ἡγεῖσθαι
1168 2219 1232 2250 τοὺς
1255 2219 1367 2253 τάφους,
1393 2220 1476 2255 ἡγουν
1498 2220 1561 2251 τοὺς
1587 2221 1713 2255 νεκροὺς,
1743 2221 1812 2247 ἀνθ’

1018 2265 1079 2291 ὅτου
1090 2273 1097 2298 ;
1110 2265 1143 2291 Τί
1156 2266 1211 2296 τοῖς
1227 2264 1312 2291 ἰοῦσιν
1326 2266 1409 2299 ἐγγὺς
1423 2267 1515 2300 ἐνήσει
1531 2266 1561 2292 τὸ
1576 2266 1684 2299 βλάϐος,
1697 2267 1714 2302 ἢ
1730 2267 1810 2302 σῶμα

1019 2311 1109 2345 τυχὸν,
1125 2311 1142 2346 ἢ
1159 2311 1260 2344 τάφος;
1282 2309 1356 2346 τΑρα
1373 2311 1427 2346 γὰρ
1445 2311 1536 2338 ἄδικον
1550 2312 1695 2346 ἀποφαίνει
1713 2313 1758 2338 τὸν
1772 2313 1811 2338 δι-

1020 2357 1166 2392 καιοσύνης
1183 2359 1315 2393 ὲραστήν;
1333 2359 1434 2393 ἀσελγῆ
1458 2359 1506 2386 καὶ
1522 2360 1672 2386 ἀκόλαστον
1689 2359 1735 2386 τὸν
1750 2362 1810 2386 ἐπι-

1021 2404 1082 2438 εικῆ
1105 2405 1152 2430 καὶ
1178 2405 1321 2439 σώφρονας
1340 2405 1441 2440 ἥττονα
1456 2406 1606 2441 χρημάτων
1618 2406 1663 2432 τὸν
1681 2406 1809 2442 φιλοκερ-

1020 2449 1078 2481 δίας
1093 2450 1214 2485 ἀμείνω;
1230 2451 1305 2485 ὠμὸν
1321 2451 1367 2477 καὶ
1387 2452 1524 2487 ἀνήμερον
1538 2452 1583 2479 τὸν
1599 2453 1760 2488 εὐπρόσιτόν
1780 2461 1808 2478 τε

1021 2496 1069 2522 καὶ
1085 2497 1185 2532 πρᾶονς
1201 2496 1317 2532 δυσσεϐῆ
1331 2497 1376 2524 τὸν
1393 2497 1533 2531 φιλόθεον;
1551 2498 1589 2524 Οὐ
1605 2499 1655 2534 μὲν
1669 2497 1715 2525 οὖν
1728 2507 1736 2513 ’
1752 2500 1808 2526 δια·

1022 2542 1180 2576 λυμανεῖται
1203 2542 1276 2578 γὰρ,
1300 2541 1398 2577 οἶμαι,
1423 2545 1479 2575 τοῖς
1507 2543 1557 2578 τῆς
1582 2544 1672 2579 ψυχῆς
1698 2544 1808 2579 ἀγαθοῖς

1023 2589 1122 2623 ἥκιστα
1145 2588 1194 2623 μὲν
1216 2588 1270 2615 τῶν
1292 2589 1441 2624 οἰχομένων
1456 2589 1489 2616 τά
1506 2589 1631 2624 λείψανα,
1649 2590 1809 2626 θελημάτων

1023 2634 1050 2660 δὲ
1068 2633 1167 2668 μᾶλλον
1181 2633 1234 2660 τῶν
1248 2635 1292 2660 ὲπ*
1306 2634 1456 2669 αἰσχίστοις
1477 2635 1568 2669 ῥοπαὶ.
1578 2635 1660 2671 Ὁρᾷς
1685 2636 1810 2661 τουτουσὶ

1023 2679 1086 2711 τοὺς
1099 2679 1198 2714 νόμους
1216 2679 1276 2706 καθ’
1293 2679 1340 2712 οὓς
1354 2679 1533 2707 ὲπευθύνεται
1558 2680 1625 2716 πρὸς
1647 2680 1677 2707 τὸ
1693 2679 1722 2707 εὗ
1739 2681 1809 2716 ἔχειν

1024 2724 1058 2752 τὰ
1071 2725 1132 2753 καθ’
1148 2726 1237 2761 ἡμᾶς
1251 2723 1330 2752 Οὗτοι
1345 2725 1487 2758 κολάζουσι
1498 2726 1547 2761 μὲν
1557 2726 1678 2762 μοιχοὺς,
1689 2726 1808 2758 ἀδίκους,

1025 2770 1168 2805 ἅρπαγας,
1186 2770 1232 2798 καὶ
1256 2772 1320 2803 τοὺς
1340 2772 1395 2804 τοῖς
1417 2772 1523 2807 ἑτέροις
1541 2771 1753 2808 ἐνειλημμένους
1768 2773 1810 2799 αἰ-
