  <div class='ocr_page' id='page_1' title='image "/cluster/home/n/w/nwhite01/storage/ocr_20150623/76/njp.32101007590019/570.png"; bbox 0 0 1894 3056; ppageno 0'>
   <div class='ocr_carea' id='block_1_1' title="bbox 95 138 162 164">
    <p class='ocr_par' dir='ltr' id='par_1_1' title="bbox 95 138 162 164">
     <span class='ocr_line' id='line_1_1' title="bbox 95 138 162 164; baseline 0 -3"><span class='ocrx_word' id='word_1_1' title='bbox 95 138 162 164; x_wconf 59' lang='grc'><strong>1091</strong></span> 
     </span>
    </p>
   </div>
   <div class='ocr_carea' id='block_1_2' title="bbox 658 141 1130 174">
    <p class='ocr_par' dir='ltr' id='par_1_2' title="bbox 658 141 1130 174">
     <span class='ocr_line' id='line_1_2' title="bbox 658 141 1130 174; baseline 0.006 -4"><span class='ocrx_word' id='word_1_2' title='bbox 658 141 798 170; x_wconf 79' lang='lat' dir='ltr'><strong>CONTRA</strong></span> <span class='ocrx_word' id='word_1_3' title='bbox 817 142 990 172; x_wconf 80' lang='lat' dir='ltr'><strong>JULIANUM</strong></span> <span class='ocrx_word' id='word_1_4' title='bbox 1009 143 1074 172; x_wconf 85' lang='lat' dir='ltr'><strong>LIB.</strong></span> <span class='ocrx_word' id='word_1_5' title='bbox 1097 145 1130 174; x_wconf 82' lang='grc' dir='ltr'><strong>Χ.</strong></span> 
     </span>
    </p>
   </div>
   <div class='ocr_carea' id='block_1_3' title="bbox 1652 151 1719 178">
    <p class='ocr_par' dir='ltr' id='par_1_3' title="bbox 1652 151 1719 178">
     <span class='ocr_line' id='line_1_3' title="bbox 1652 151 1719 178; baseline 0 0"><span class='ocrx_word' id='word_1_6' title='bbox 1652 151 1662 178; x_wconf 77' lang='grc' dir='ltr'><strong>Ι</strong></span> <span class='ocrx_word' id='word_1_7' title='bbox 1667 152 1719 178; x_wconf 68' lang='grc' dir='ltr'><strong>0(ξῖ</strong></span> 
     </span>
    </p>
   </div>
   <div class='ocr_carea' id='block_1_4' title="bbox 92 196 856 242">
    <p class='ocr_par' dir='ltr' id='par_1_4' title="bbox 92 196 853 235">
     <span class='ocr_line' id='line_1_4' title="bbox 92 196 853 235; baseline 0.009 -14"><span class='ocrx_word' id='word_1_8' title='bbox 92 198 225 231; x_wconf 80' lang='grc' dir='ltr'>τιάμασιν</span> <span class='ocrx_word' id='word_1_9' title='bbox 236 204 242 211; x_wconf 90' lang='grc'>·</span> <span class='ocrx_word' id='word_1_10' title='bbox 259 196 354 224; x_wconf 80' lang='grc' dir='ltr'><strong>οὐδένα</strong></span> <span class='ocrx_word' id='word_1_11' title='bbox 368 205 400 231; x_wconf 84' lang='grc' dir='ltr'><strong>γε</strong></span> <span class='ocrx_word' id='word_1_12' title='bbox 417 196 471 232; x_wconf 82' lang='grc' dir='ltr'>μὴν</span> <span class='ocrx_word' id='word_1_13' title='bbox 484 196 538 224; x_wconf 82' lang='grc' dir='ltr'><strong>τῶν</strong></span> <span class='ocrx_word' id='word_1_14' title='bbox 552 197 687 226; x_wconf 83' lang='grc' dir='ltr'><strong>ἀπιόντων</strong></span> <span class='ocrx_word' id='word_1_15' title='bbox 709 200 749 231; x_wconf 81' lang='grc' dir='ltr'>εἰς</span> <span class='ocrx_word' id='word_1_16' title='bbox 767 200 853 235; x_wconf 80' lang='grc' dir='ltr'>τάφου</span> 
     </span>
    </p>
   </div>
   <div class='ocr_carea' id='block_1_5' title="bbox 932 196 1720 242">
    <p class='ocr_par' dir='ltr' id='par_1_5' title="bbox 932 203 1720 242">
     <span class='ocr_line' id='line_1_5' title="bbox 932 203 1720 242; baseline 0.008 -12"><span class='ocrx_word' id='word_1_17' title='bbox 932 208 960 230; x_wconf 87' lang='lat' dir='ltr'><strong>et</strong></span> <span class='ocrx_word' id='word_1_18' title='bbox 975 204 1007 230; x_wconf 87' lang='lat' dir='ltr'><strong>ad</strong></span> <span class='ocrx_word' id='word_1_19' title='bbox 1025 212 1068 232; x_wconf 90' lang='lat' dir='ltr'><strong>res</strong></span> <span class='ocrx_word' id='word_1_20' title='bbox 1080 204 1198 232; x_wconf 71' lang='lat' dir='ltr'><strong>nefarias</strong></span> <span class='ocrx_word' id='word_1_21' title='bbox 1213 203 1339 232; x_wconf 80' lang='lat' dir='ltr'><strong>inducere</strong></span> <span class='ocrx_word' id='word_1_22' title='bbox 1352 211 1462 240; x_wconf 84' lang='lat' dir='ltr'><strong>queunt,</strong></span> <span class='ocrx_word' id='word_1_23' title='bbox 1481 210 1509 232; x_wconf 86' lang='lat' dir='ltr'><strong>et</strong></span> <span class='ocrx_word' id='word_1_24' title='bbox 1526 207 1634 234; x_wconf 64' lang='lat' dir='ltr'><strong>animali</strong></span> <span class='ocrx_word' id='word_1_25' title='bbox 1659 216 1720 242; x_wconf 74' lang='lat' dir='ltr'><strong>per-</strong></span> 
     </span>
    </p>
   </div>
   <div class='ocr_carea' id='block_1_6' title="bbox 93 240 883 279">
    <p class='ocr_par' dir='ltr' id='par_1_6' title="bbox 93 240 883 279">
     <span class='ocr_line' id='line_1_6' title="bbox 93 240 883 279; baseline 0.008 -13"><span class='ocrx_word' id='word_1_26' title='bbox 93 240 111 275; x_wconf 84' lang='grc' dir='ltr'>ἢ</span> <span class='ocrx_word' id='word_1_27' title='bbox 127 240 329 275; x_wconf 74' lang='grc' dir='ltr'>ὲπιιροιτὼντων</span> <span class='ocrx_word' id='word_1_28' title='bbox 343 242 448 276; x_wconf 78' lang='grc' dir='ltr'><strong>νεκροῖς</strong></span> <span class='ocrx_word' id='word_1_29' title='bbox 470 241 548 276; x_wconf 84' lang='grc' dir='ltr'>δίκης</span> <span class='ocrx_word' id='word_1_30' title='bbox 571 241 646 276; x_wconf 79' lang='grc' dir='ltr'>ἄξιον</span> <span class='ocrx_word' id='word_1_31' title='bbox 660 243 777 278; x_wconf 83' lang='grc' dir='ltr'><strong>ὁρῶνται</strong></span> <span class='ocrx_word' id='word_1_32' title='bbox 791 244 883 279; x_wconf 82' lang='grc' dir='ltr'>λέγον-</span> 
     </span>
    </p>
   </div>
   <div class='ocr_carea' id='block_1_7' title="bbox 92 286 883 324">
    <p class='ocr_par' dir='ltr' id='par_1_7' title="bbox 92 286 883 324">
     <span class='ocr_line' id='line_1_7' title="bbox 92 286 883 324; baseline 0.006 -12"><span class='ocrx_word' id='word_1_33' title='bbox 92 286 238 317; x_wconf 69' lang='grc' dir='ltr'>τες.¹Αλλὲι</span> <span class='ocrx_word' id='word_1_34' title='bbox 262 286 377 322; x_wconf 79' lang='grc' dir='ltr'>μιαρούς</span> <span class='ocrx_word' id='word_1_35' title='bbox 397 295 473 318; x_wconf 88' lang='grc' dir='ltr'>τινας</span> <span class='ocrx_word' id='word_1_36' title='bbox 495 287 671 315; x_wconf 75' lang='grc' dir='ltr'><strong>ἀποτελοῦσιν</strong></span> <span class='ocrx_word' id='word_1_37' title='bbox 685 290 710 315; x_wconf 87' lang='lat' dir='ltr'><strong>ol</strong></span> <span class='ocrx_word' id='word_1_38' title='bbox 727 289 817 324; x_wconf 87' lang='grc' dir='ltr'>τάφοι,</span> <span class='ocrx_word' id='word_1_39' title='bbox 836 291 883 318; x_wconf 72' lang='grc' dir='ltr'><strong>καὶ</strong></span> 
     </span>
    </p>
   </div>
   <div class='ocr_carea' id='block_1_8' title="bbox 93 332 882 369">
    <p class='ocr_par' dir='ltr' id='par_1_8' title="bbox 93 332 882 369">
     <span class='ocr_line' id='line_1_8' title="bbox 93 332 882 369; baseline 0.006 -11"><span class='ocrx_word' id='word_1_40' title='bbox 93 332 137 366; x_wconf 76' lang='grc' dir='ltr'><strong>ἐφ’</strong></span> <span class='ocrx_word' id='word_1_41' title='bbox 154 332 172 359; x_wconf 79' lang='grc' dir='ltr'>ἃ</span> <span class='ocrx_word' id='word_1_42' title='bbox 199 332 236 367; x_wconf 84' lang='grc' dir='ltr'><strong>μὴ</strong></span> <span class='ocrx_word' id='word_1_43' title='bbox 259 333 407 368; x_wconf 83' lang='grc' dir='ltr'>προσῆκεν,</span> <span class='ocrx_word' id='word_1_44' title='bbox 428 333 481 360; x_wconf 78' lang='grc' dir='ltr'>εἰσὶ</span> <span class='ocrx_word' id='word_1_45' title='bbox 498 334 699 369; x_wconf 70' lang='grc' dir='ltr'><strong>παρακομίζειν</strong></span> <span class='ocrx_word' id='word_1_46' title='bbox 722 336 820 368; x_wconf 79' lang='grc' dir='ltr'>ἱκανοὶ,</span> <span class='ocrx_word' id='word_1_47' title='bbox 835 337 882 363; x_wconf 83' lang='grc' dir='ltr'><strong>καὶ</strong></span> 
     </span>
    </p>
   </div>
   <div class='ocr_carea' id='block_1_9' title="bbox 91 379 882 418">
    <p class='ocr_par' dir='ltr' id='par_1_9' title="bbox 91 379 882 418">
     <span class='ocr_line' id='line_1_9' title="bbox 91 379 882 418; baseline 0.006 -13"><span class='ocrx_word' id='word_1_48' title='bbox 91 379 211 414; x_wconf 76' lang='grc' dir='ltr'>ψυχικῆς</span> <span class='ocrx_word' id='word_1_49' title='bbox 242 380 399 414; x_wconf 76' lang='grc' dir='ltr'>πιμπλῶσιν</span> <span class='ocrx_word' id='word_1_50' title='bbox 432 381 602 416; x_wconf 80' lang='grc' dir='ltr'><strong>ἀκαθαρσίας</strong></span> <span class='ocrx_word' id='word_1_51' title='bbox 625 382 669 408; x_wconf 80' lang='grc' dir='ltr'>διὰ</span> <span class='ocrx_word' id='word_1_52' title='bbox 693 384 743 418; x_wconf 83' lang='grc' dir='ltr'>τῆς</span> <span class='ocrx_word' id='word_1_53' title='bbox 769 383 882 418; x_wconf 77' lang='grc' dir='ltr'><strong>ἐνούσης</strong></span> 
     </span>
    </p>
   </div>
   <div class='ocr_carea' id='block_1_10' title="bbox 92 425 881 465">
    <p class='ocr_par' dir='ltr' id='par_1_10' title="bbox 92 425 881 465">
     <span class='ocr_line' id='line_1_10' title="bbox 92 425 881 465; baseline 0.006 -14"><span class='ocrx_word' id='word_1_54' title='bbox 92 425 247 461; x_wconf 79' lang='grc' dir='ltr'>κακοσμίας</span> <span class='ocrx_word' id='word_1_55' title='bbox 269 426 372 457; x_wconf 80' lang='grc' dir='ltr'>αὐτοῖς.</span> <span class='ocrx_word' id='word_1_56' title='bbox 398 427 503 453; x_wconf 80' lang='grc' dir='ltr'>Οὐκοῦν</span> <span class='ocrx_word' id='word_1_57' title='bbox 525 427 719 462; x_wconf 84' lang='grc' dir='ltr'>ὼφελείτωσαν</span> <span class='ocrx_word' id='word_1_58' title='bbox 735 430 881 465; x_wconf 82' lang='grc' dir='ltr'>πονηροὺς,</span> 
     </span>
    </p>
   </div>
   <div class='ocr_carea' id='block_1_11' title="bbox 92 471 882 511">
    <p class='ocr_par' dir='ltr' id='par_1_11' title="bbox 92 471 882 511">
     <span class='ocr_line' id='line_1_11' title="bbox 92 471 882 511; baseline 0.006 -15"><span class='ocrx_word' id='word_1_59' title='bbox 92 471 140 497; x_wconf 78' lang='grc' dir='ltr'>καὶ</span> <span class='ocrx_word' id='word_1_60' title='bbox 153 471 278 507; x_wconf 83' lang='grc' dir='ltr'>πονηρῶν</span> <span class='ocrx_word' id='word_1_61' title='bbox 293 471 516 507; x_wconf 76' lang='grc' dir='ltr'><strong>ἐπιτηδευμάτων</strong></span> <span class='ocrx_word' id='word_1_62' title='bbox 536 473 781 501; x_wconf 83' lang='grc' dir='ltr'>ἀπαλλαττέτωσαν</span> <span class='ocrx_word' id='word_1_63' title='bbox 797 484 882 511; x_wconf 83' lang='grc' dir='ltr'>μυρο-</span> 
     </span>
    </p>
   </div>
   <div class='ocr_carea' id='block_1_12' title="bbox 92 518 881 558">
    <p class='ocr_par' dir='ltr' id='par_1_12' title="bbox 92 518 881 558">
     <span class='ocr_line' id='line_1_12' title="bbox 92 518 881 558; baseline 0.009 -15"><span class='ocrx_word' id='word_1_64' title='bbox 92 518 183 545; x_wconf 79' lang='grc' dir='ltr'>πώλιά</span> <span class='ocrx_word' id='word_1_65' title='bbox 205 527 235 545; x_wconf 82' lang='grc' dir='ltr'><strong>τε</strong></span> <span class='ocrx_word' id='word_1_66' title='bbox 258 520 305 545; x_wconf 73' lang='grc' dir='ltr'><strong>καὶ</strong></span> <span class='ocrx_word' id='word_1_67' title='bbox 330 519 361 546; x_wconf 83' lang='grc' dir='ltr'>τὸ</span> <span class='ocrx_word' id='word_1_68' title='bbox 387 519 512 554; x_wconf 79' lang='grc' dir='ltr'>Θαμίζειν</span> <span class='ocrx_word' id='word_1_69' title='bbox 527 520 555 547; x_wconf 79' lang='grc' dir='ltr'>ὲν</span> <span class='ocrx_word' id='word_1_70' title='bbox 569 522 659 554; x_wconf 79' lang='grc' dir='ltr'>αὐτοῖς</span> <span class='ocrx_word' id='word_1_71' title='bbox 670 530 677 537; x_wconf 93' lang='grc'><strong>·</strong></span> <span class='ocrx_word' id='word_1_72' title='bbox 695 523 742 549; x_wconf 81' lang='grc' dir='ltr'><strong>καὶ</strong></span> <span class='ocrx_word' id='word_1_73' title='bbox 758 524 881 558; x_wconf 82' lang='grc' dir='ltr'>μοιχείας</span> 
     </span>
    </p>
   </div>
   <div class='ocr_carea' id='block_1_13' title="bbox 92 563 882 603">
    <p class='ocr_par' dir='ltr' id='par_1_13' title="bbox 92 563 882 603">
     <span class='ocr_line' id='line_1_13' title="bbox 92 563 882 603; baseline 0.008 -13"><span class='ocrx_word' id='word_1_74' title='bbox 92 563 174 596; x_wconf 81' lang='grc' dir='ltr'>ἁλούς</span> <span class='ocrx_word' id='word_1_75' title='bbox 186 573 228 596; x_wconf 83' lang='grc' dir='ltr'><strong>τις</strong></span> <span class='ocrx_word' id='word_1_76' title='bbox 238 566 330 600; x_wconf 78' lang='grc' dir='ltr'>γραφῇ</span> <span class='ocrx_word' id='word_1_77' title='bbox 344 566 535 599; x_wconf 79' lang='grc' dir='ltr'>στεφανούσθω</span> <span class='ocrx_word' id='word_1_78' title='bbox 547 567 642 602; x_wconf 81' lang='grc' dir='ltr'><strong>ῥόδοις,</strong></span> <span class='ocrx_word' id='word_1_79' title='bbox 653 569 882 603; x_wconf 76' lang='grc' dir='ltr'>καταμυριζέσθω</span> 
     </span>
    </p>
   </div>
   <div class='ocr_carea' id='block_1_14' title="bbox 90 611 882 650">
    <p class='ocr_par' dir='ltr' id='par_1_14' title="bbox 90 611 882 650">
     <span class='ocr_line' id='line_1_14' title="bbox 90 611 882 650; baseline 0.004 -12"><span class='ocrx_word' id='word_1_80' title='bbox 90 611 123 638; x_wconf 79' lang='grc' dir='ltr'>τὸ</span> <span class='ocrx_word' id='word_1_81' title='bbox 139 612 228 646; x_wconf 83' lang='grc' dir='ltr'>σῶμα,</span> <span class='ocrx_word' id='word_1_82' title='bbox 242 611 384 646; x_wconf 77' lang='grc' dir='ltr'>ἐλεύθερος</span> <span class='ocrx_word' id='word_1_83' title='bbox 400 613 470 639; x_wconf 73' lang='grc' dir='ltr'><strong>ἐστι.)</strong></span> <span class='ocrx_word' id='word_1_84' title='bbox 481 613 582 645; x_wconf 77' lang='grc' dir='ltr'>παντὸς</span> <span class='ocrx_word' id='word_1_85' title='bbox 596 614 769 649; x_wconf 80' lang='grc' dir='ltr'>αἰτιάματος.</span> <span class='ocrx_word' id='word_1_86' title='bbox 782 615 812 641; x_wconf 80' lang='lat' dir='ltr'><strong>Ei</strong></span> <span class='ocrx_word' id='word_1_87' title='bbox 827 615 882 650; x_wconf 70' lang='grc' dir='ltr'>γὰρ</span> 
     </span>
    </p>
   </div>
   <div class='ocr_carea' id='block_1_15' title="bbox 89 657 882 695">
    <p class='ocr_par' dir='ltr' id='par_1_15' title="bbox 89 657 882 695">
     <span class='ocr_line' id='line_1_15' title="bbox 89 657 882 695; baseline 0.005 -12"><span class='ocrx_word' id='word_1_88' title='bbox 89 657 236 692; x_wconf 74' lang='grc' dir='ltr'>ἀποφαίνει</span> <span class='ocrx_word' id='word_1_89' title='bbox 253 658 371 692; x_wconf 75' lang='grc' dir='ltr'>φαύλους</span> <span class='ocrx_word' id='word_1_90' title='bbox 395 659 411 693; x_wconf 86' lang='grc' dir='ltr'><strong>ή</strong></span> <span class='ocrx_word' id='word_1_91' title='bbox 435 658 491 685; x_wconf 87' lang='grc' dir='ltr'><strong>τῶν</strong></span> <span class='ocrx_word' id='word_1_92' title='bbox 517 658 611 692; x_wconf 77' lang='grc' dir='ltr'>τάφων</span> <span class='ocrx_word' id='word_1_93' title='bbox 633 659 817 695; x_wconf 50' lang='grc' dir='ltr'>ἀκαθαρσίαι</span> <span class='ocrx_word' id='word_1_94' title='bbox 834 661 882 687; x_wconf 74' lang='grc' dir='ltr'>καὶ</span> 
     </span>
    </p>
   </div>
   <div class='ocr_carea' id='block_1_16' title="bbox 90 703 880 742">
    <p class='ocr_par' dir='ltr' id='par_1_16' title="bbox 90 703 880 742">
     <span class='ocr_line' id='line_1_16' title="bbox 90 703 880 742; baseline 0.004 -13"><span class='ocrx_word' id='word_1_95' title='bbox 90 703 263 739; x_wconf 81' lang='grc' dir='ltr'>καθαριζέτω</span> <span class='ocrx_word' id='word_1_96' title='bbox 279 704 448 739; x_wconf 76' lang='grc' dir='ltr'>φαυλότητος</span> <span class='ocrx_word' id='word_1_97' title='bbox 460 704 495 731; x_wconf 79' lang='grc' dir='ltr'><strong>τὰ</strong></span> <span class='ocrx_word' id='word_1_98' title='bbox 510 705 681 740; x_wconf 83' lang='grc' dir='ltr'><strong>εὐοσμότατα</strong></span> <span class='ocrx_word' id='word_1_99' title='bbox 694 705 748 731; x_wconf 84' lang='grc' dir='ltr'><strong>τῶν</strong></span> <span class='ocrx_word' id='word_1_100' title='bbox 762 706 880 742; x_wconf 82' lang='grc' dir='ltr'><strong>χωρίων,</strong></span> 
     </span>
    </p>
   </div>
   <div class='ocr_carea' id='block_1_17' title="bbox 90 749 882 786">
    <p class='ocr_par' dir='ltr' id='par_1_17' title="bbox 90 749 882 786">
     <span class='ocr_line' id='line_1_17' title="bbox 90 749 882 786; baseline 0.003 -11"><span class='ocrx_word' id='word_1_101' title='bbox 90 749 142 775; x_wconf 74' lang='grc' dir='ltr'><strong>καὶ</strong></span> <span class='ocrx_word' id='word_1_102' title='bbox 156 750 209 783; x_wconf 85' lang='grc' dir='ltr'><strong>μὴν</strong></span> <span class='ocrx_word' id='word_1_103' title='bbox 224 749 270 776; x_wconf 80' lang='grc' dir='ltr'><strong>καὶ</strong></span> <span class='ocrx_word' id='word_1_104' title='bbox 281 749 393 776; x_wconf 83' lang='grc' dir='ltr'>ἀνθέων.</span> <span class='ocrx_word' id='word_1_105' title='bbox 403 749 484 776; x_wconf 79' lang='grc' dir='ltr'>Ἀλλά</span> <span class='ocrx_word' id='word_1_106' title='bbox 501 750 555 786; x_wconf 86' lang='grc' dir='ltr'>γὰρ</span> <span class='ocrx_word' id='word_1_107' title='bbox 570 749 634 782; x_wconf 70' lang='grc' dir='ltr'>ἴσως</span> <span class='ocrx_word' id='word_1_108' title='bbox 651 751 739 777; x_wconf 79' lang='grc' dir='ltr'>ἐκεῖνο</span> <span class='ocrx_word' id='word_1_109' title='bbox 756 751 882 786; x_wconf 86' lang='grc' dir='ltr'>συμπλά-</span> 
     </span>
    </p>
   </div>
   <div class='ocr_carea' id='block_1_18' title="bbox 91 794 881 830">
    <p class='ocr_par' dir='ltr' id='par_1_18' title="bbox 91 794 881 830">
     <span class='ocr_line' id='line_1_18' title="bbox 91 794 881 830; baseline 0.004 -11"><span class='ocrx_word' id='word_1_110' title='bbox 91 802 190 825; x_wconf 85' lang='grc' dir='ltr'>σαντες</span> <span class='ocrx_word' id='word_1_111' title='bbox 202 794 273 821; x_wconf 71' lang='grc' dir='ltr'>κατὰ</span> <span class='ocrx_word' id='word_1_112' title='bbox 286 795 356 828; x_wconf 76' lang='grc' dir='ltr'>σφᾶς</span> <span class='ocrx_word' id='word_1_113' title='bbox 365 795 473 826; x_wconf 71' lang='grc' dir='ltr'>αὐτοὺς,</span> <span class='ocrx_word' id='word_1_114' title='bbox 483 795 653 830; x_wconf 78' lang='grc' dir='ltr'>οίήσονταίτι</span> <span class='ocrx_word' id='word_1_115' title='bbox 662 795 716 821; x_wconf 89' lang='grc' dir='ltr'><strong>τῶν</strong></span> <span class='ocrx_word' id='word_1_116' title='bbox 726 795 881 830; x_wconf 77' lang='grc' dir='ltr'>ἀναγκαίων</span> 
     </span>
    </p>
   </div>
   <div class='ocr_carea' id='block_1_19' title="bbox 89 840 879 877">
    <p class='ocr_par' dir='ltr' id='par_1_19' title="bbox 89 840 879 877">
     <span class='ocr_line' id='line_1_19' title="bbox 89 840 879 877; baseline 0.003 -11"><span class='ocrx_word' id='word_1_117' title='bbox 89 840 292 876; x_wconf 76' lang='grc' dir='ltr'>ἐντεθυμῆσθαι</span> <span class='ocrx_word' id='word_1_118' title='bbox 317 840 364 867; x_wconf 76' lang='grc' dir='ltr'>καὶ</span> <span class='ocrx_word' id='word_1_119' title='bbox 387 841 487 875; x_wconf 82' lang='grc' dir='ltr'>λέγειν.</span> <span class='ocrx_word' id='word_1_120' title='bbox 505 841 543 867; x_wconf 81' lang='grc' dir='ltr'><strong>Τὸ</strong></span> <span class='ocrx_word' id='word_1_121' title='bbox 557 841 654 877; x_wconf 84' lang='grc' dir='ltr'>γάρτοι</span> <span class='ocrx_word' id='word_1_122' title='bbox 677 842 774 877; x_wconf 77' lang='grc' dir='ltr'>νεκρὸν</span> <span class='ocrx_word' id='word_1_123' title='bbox 796 842 879 872; x_wconf 80' lang='grc' dir='ltr'>ἆπαν.</span> 
     </span>
    </p>
   </div>
   <div class='ocr_carea' id='block_1_20' title="bbox 934 249 1718 288">
    <p class='ocr_par' dir='ltr' id='par_1_20' title="bbox 934 249 1718 288">
     <span class='ocr_line' id='line_1_20' title="bbox 934 249 1718 288; baseline 0.008 -12"><span class='ocrx_word' id='word_1_124' title='bbox 934 249 1048 277; x_wconf 78' lang='lat' dir='ltr'><strong>fundunt</strong></span> <span class='ocrx_word' id='word_1_125' title='bbox 1077 252 1231 285; x_wconf 82' lang='lat' dir='ltr'><strong>impuritate</strong></span> <span class='ocrx_word' id='word_1_126' title='bbox 1258 259 1306 286; x_wconf 81' lang='lat' dir='ltr'><strong>per</strong></span> <span class='ocrx_word' id='word_1_127' title='bbox 1329 252 1498 280; x_wconf 86' lang='lat' dir='ltr'><strong>teterrimum</strong></span> <span class='ocrx_word' id='word_1_128' title='bbox 1538 253 1611 280; x_wconf 89' lang='lat' dir='ltr'><strong>illum</strong></span> <span class='ocrx_word' id='word_1_129' title='bbox 1639 263 1718 288; x_wconf 68' lang='lat' dir='ltr'><strong>quem</strong></span> 
     </span>
    </p>
   </div>
   <div class='ocr_carea' id='block_1_21' title="bbox 933 296 1718 334">
    <p class='ocr_par' dir='ltr' id='par_1_21' title="bbox 933 296 1718 334">
     <span class='ocr_line' id='line_1_21' title="bbox 933 296 1718 334; baseline 0.006 -12"><span class='ocrx_word' id='word_1_130' title='bbox 933 296 1037 329; x_wconf 97' lang='lat' dir='ltr'><strong>spirant</strong></span> <span class='ocrx_word' id='word_1_131' title='bbox 1058 297 1180 323; x_wconf 87' lang='lat' dir='ltr'><strong>odorem.</strong></span> <span class='ocrx_word' id='word_1_132' title='bbox 1204 297 1273 330; x_wconf 71' lang='lat' dir='ltr'><strong>Ergo</strong></span> <span class='ocrx_word' id='word_1_133' title='bbox 1290 298 1394 330; x_wconf 84' lang='lat' dir='ltr'><strong>prosint</strong></span> <span class='ocrx_word' id='word_1_134' title='bbox 1415 299 1556 332; x_wconf 78' lang='lat' dir='ltr'><strong>improbis,</strong></span> <span class='ocrx_word' id='word_1_135' title='bbox 1581 307 1681 334; x_wconf 75' lang='lat' dir='ltr'><strong>eosque</strong></span> <span class='ocrx_word' id='word_1_136' title='bbox 1704 309 1718 327; x_wconf 64' lang='grc' dir='ltr'><strong>τι</strong></span> 
     </span>
    </p>
   </div>
   <div class='ocr_carea' id='block_1_22' title="bbox 933 339 1720 376">
    <p class='ocr_par' dir='ltr' id='par_1_22' title="bbox 933 339 1720 376">
     <span class='ocr_line' id='line_1_22' title="bbox 933 339 1720 376; baseline 0.008 -10"><span class='ocrx_word' id='word_1_137' title='bbox 933 339 1012 367; x_wconf 84' lang='lat' dir='ltr'><strong>malis</strong></span> <span class='ocrx_word' id='word_1_138' title='bbox 1034 341 1155 367; x_wconf 84' lang='lat' dir='ltr'><strong>moribus</strong></span> <span class='ocrx_word' id='word_1_139' title='bbox 1179 341 1316 368; x_wconf 89' lang='lat' dir='ltr'><strong>vindicent</strong></span> <span class='ocrx_word' id='word_1_140' title='bbox 1339 341 1453 369; x_wconf 69' lang='lat' dir='ltr'><strong>ofﬁcina:</strong></span> <span class='ocrx_word' id='word_1_141' title='bbox 1474 345 1670 376; x_wconf 65' lang='lat' dir='ltr'><strong>unguentariae,</strong></span> <span class='ocrx_word' id='word_1_142' title='bbox 1692 350 1720 372; x_wconf 80' lang='lat' dir='ltr'><strong>ct</strong></span> 
     </span>
    </p>
   </div>
   <div class='ocr_carea' id='block_1_23' title="bbox 933 387 1719 421">
    <p class='ocr_par' dir='ltr' id='par_1_23' title="bbox 933 387 1719 421">
     <span class='ocr_line' id='line_1_23' title="bbox 933 387 1719 421; baseline 0.005 -8"><span class='ocrx_word' id='word_1_143' title='bbox 933 387 1091 421; x_wconf 77' lang='lat' dir='ltr'><strong>frequenter</strong></span> <span class='ocrx_word' id='word_1_144' title='bbox 1119 387 1220 413; x_wconf 83' lang='lat' dir='ltr'><strong>versari</strong></span> <span class='ocrx_word' id='word_1_145' title='bbox 1246 387 1271 413; x_wconf 92' lang='lat' dir='ltr'><strong>in</strong></span> <span class='ocrx_word' id='word_1_146' title='bbox 1299 387 1372 419; x_wconf 90' lang='lat' dir='ltr'><strong>illis;</strong></span> <span class='ocrx_word' id='word_1_147' title='bbox 1396 387 1478 414; x_wconf 86' lang='lat' dir='ltr'><strong>etiam</strong></span> <span class='ocrx_word' id='word_1_148' title='bbox 1505 389 1628 416; x_wconf 82' lang='lat' dir='ltr'><strong>adulterii</strong></span> <span class='ocrx_word' id='word_1_149' title='bbox 1655 398 1719 418; x_wconf 65' lang='lat' dir='ltr'><strong>reus</strong></span> 
     </span>
    </p>
   </div>
   <div class='ocr_carea' id='block_1_24' title="bbox 933 431 1719 469">
    <p class='ocr_par' dir='ltr' id='par_1_24' title="bbox 933 431 1719 469">
     <span class='ocr_line' id='line_1_24' title="bbox 933 431 1719 469; baseline 0.006 -12"><span class='ocrx_word' id='word_1_150' title='bbox 933 431 1030 465; x_wconf 80' lang='lat' dir='ltr'><strong>aliquis</strong></span> <span class='ocrx_word' id='word_1_151' title='bbox 1046 437 1193 460; x_wconf 77' lang='grc' dir='ltr'>οοι-οιιοιιιι·</span> <span class='ocrx_word' id='word_1_152' title='bbox 1208 432 1287 464; x_wconf 82' lang='lat' dir='ltr'><strong>rosisI</strong></span> <span class='ocrx_word' id='word_1_153' title='bbox 1306 440 1405 466; x_wconf 77' lang='lat' dir='ltr'><strong>corpus</strong></span> <span class='ocrx_word' id='word_1_154' title='bbox 1418 434 1560 467; x_wconf 71' lang='lat' dir='ltr'><strong>unguentis</strong></span> <span class='ocrx_word' id='word_1_155' title='bbox 1576 435 1719 469; x_wconf 80' lang='lat' dir='ltr'><strong>perfunda-</strong></span> 
     </span>
    </p>
   </div>
   <div class='ocr_carea' id='block_1_25' title="bbox 933 478 1719 509">
    <p class='ocr_par' dir='ltr' id='par_1_25' title="bbox 933 478 1719 509">
     <span class='ocr_line' id='line_1_25' title="bbox 933 478 1719 509; baseline 0.005 -4"><span class='ocrx_word' id='word_1_156' title='bbox 933 482 986 508; x_wconf 86' lang='lat' dir='ltr'><strong>tur,</strong></span> <span class='ocrx_word' id='word_1_157' title='bbox 1005 483 1059 504; x_wconf 90' lang='lat' dir='ltr'><strong>tum</strong></span> <span class='ocrx_word' id='word_1_158' title='bbox 1076 479 1108 505; x_wconf 85' lang='lat' dir='ltr'><strong>ab</strong></span> <span class='ocrx_word' id='word_1_159' title='bbox 1123 478 1197 505; x_wconf 91' lang='lat' dir='ltr'><strong>omni</strong></span> <span class='ocrx_word' id='word_1_160' title='bbox 1211 478 1326 506; x_wconf 88' lang='lat' dir='ltr'><strong>crimine</strong></span> <span class='ocrx_word' id='word_1_161' title='bbox 1341 479 1408 506; x_wconf 86' lang='lat' dir='ltr'><strong>liber</strong></span> <span class='ocrx_word' id='word_1_162' title='bbox 1419 486 1488 506; x_wconf 89' lang='lat' dir='ltr'><strong>esto.</strong></span> <span class='ocrx_word' id='word_1_163' title='bbox 1515 479 1581 507; x_wconf 87' lang='lat' dir='ltr'><strong>Nam</strong></span> <span class='ocrx_word' id='word_1_164' title='bbox 1599 481 1620 508; x_wconf 93' lang='lat' dir='ltr'><strong>si</strong></span> <span class='ocrx_word' id='word_1_165' title='bbox 1635 482 1719 509; x_wconf 77' lang='lat' dir='ltr'><strong>mulos</strong></span> 
     </span>
    </p>
   </div>
   <div class='ocr_carea' id='block_1_26' title="bbox 932 523 1716 557">
    <p class='ocr_par' dir='ltr' id='par_1_26' title="bbox 932 523 1716 557">
     <span class='ocr_line' id='line_1_26' title="bbox 932 523 1716 557; baseline 0.004 -6"><span class='ocrx_word' id='word_1_166' title='bbox 932 523 1011 551; x_wconf 80' lang='lat' dir='ltr'><strong>eﬂlrit</strong></span> <span class='ocrx_word' id='word_1_167' title='bbox 1038 524 1220 557; x_wconf 66' lang='lat' dir='ltr'><strong>scpulvrorum</strong></span> <span class='ocrx_word' id='word_1_168' title='bbox 1248 523 1400 557; x_wconf 80' lang='lat' dir='ltr'><strong>impuritas,</strong></span> <span class='ocrx_word' id='word_1_169' title='bbox 1427 533 1440 552; x_wconf 86' lang='lat' dir='ltr'><strong>a</strong></span> <span class='ocrx_word' id='word_1_170' title='bbox 1467 526 1567 552; x_wconf 87' lang='lat' dir='ltr'><strong>malitia</strong></span> <span class='ocrx_word' id='word_1_171' title='bbox 1597 527 1716 554; x_wconf 83' lang='lat' dir='ltr'><strong>vicissim</strong></span> 
     </span>
    </p>
   </div>
   <div class='ocr_carea' id='block_1_27' title="bbox 931 568 1717 606">
    <p class='ocr_par' dir='ltr' id='par_1_27' title="bbox 931 568 1717 606">
     <span class='ocr_line' id='line_1_27' title="bbox 931 568 1717 606; baseline 0.006 -13"><span class='ocrx_word' id='word_1_172' title='bbox 931 568 1119 594; x_wconf 86' lang='lat' dir='ltr'><strong>odoratissima</strong></span> <span class='ocrx_word' id='word_1_173' title='bbox 1144 575 1255 602; x_wconf 64' lang='lat' dir='ltr'><strong>quaeque</strong></span> <span class='ocrx_word' id='word_1_174' title='bbox 1279 568 1348 600; x_wconf 86' lang='lat' dir='ltr'><strong>loca,</strong></span> <span class='ocrx_word' id='word_1_175' title='bbox 1374 569 1507 604; x_wconf 86' lang='lat' dir='ltr'><strong>ﬂoresque</strong></span> <span class='ocrx_word' id='word_1_176' title='bbox 1529 572 1607 602; x_wconf 83' lang='lat' dir='ltr'><strong>adeo,</strong></span> <span class='ocrx_word' id='word_1_177' title='bbox 1635 580 1717 606; x_wconf 77' lang='lat' dir='ltr'><strong>puros</strong></span> 
     </span>
    </p>
   </div>
   <div class='ocr_carea' id='block_1_28' title="bbox 932 613 1718 651">
    <p class='ocr_par' dir='ltr' id='par_1_28' title="bbox 932 613 1718 651">
     <span class='ocr_line' id='line_1_28' title="bbox 932 613 1718 651; baseline 0.006 -11"><span class='ocrx_word' id='word_1_178' title='bbox 932 613 1059 641; x_wconf 76' lang='lat' dir='ltr'><strong>emcienl.</strong></span> <span class='ocrx_word' id='word_1_179' title='bbox 1081 613 1187 642; x_wconf 81' lang='lat' dir='ltr'><strong>Atenim</strong></span> <span class='ocrx_word' id='word_1_180' title='bbox 1209 615 1300 641; x_wconf 76' lang='lat' dir='ltr'><strong>forsan</strong></span> <span class='ocrx_word' id='word_1_181' title='bbox 1327 615 1389 642; x_wconf 85' lang='lat' dir='ltr'><strong>illud</strong></span> <span class='ocrx_word' id='word_1_182' title='bbox 1415 617 1483 651; x_wconf 86' lang='lat' dir='ltr'><strong>apud</strong></span> <span class='ocrx_word' id='word_1_183' title='bbox 1509 625 1537 644; x_wconf 87' lang='lat' dir='ltr'><strong>se</strong></span> <span class='ocrx_word' id='word_1_184' title='bbox 1561 620 1718 650; x_wconf 83' lang='lat' dir='ltr'><strong>commenti,</strong></span> 
     </span>
    </p>
   </div>
   <div class='ocr_carea' id='block_1_29' title="bbox 933 660 1718 698">
    <p class='ocr_par' dir='ltr' id='par_1_29' title="bbox 933 660 1718 698">
     <span class='ocr_line' id='line_1_29' title="bbox 933 660 1718 698; baseline 0.008 -13"><span class='ocrx_word' id='word_1_185' title='bbox 933 667 1060 693; x_wconf 79' lang='lat' dir='ltr'><strong>magnum</strong></span> <span class='ocrx_word' id='word_1_186' title='bbox 1075 660 1201 694; x_wconf 81' lang='lat' dir='ltr'><strong>quiddam</strong></span> <span class='ocrx_word' id='word_1_187' title='bbox 1217 668 1245 687; x_wconf 92' lang='lat' dir='ltr'><strong>se</strong></span> <span class='ocrx_word' id='word_1_188' title='bbox 1261 662 1417 696; x_wconf 74' lang='lat' dir='ltr'><strong>concepisse</strong></span> <span class='ocrx_word' id='word_1_189' title='bbox 1431 667 1458 689; x_wconf 89' lang='lat' dir='ltr'><strong>et</strong></span> <span class='ocrx_word' id='word_1_190' title='bbox 1473 663 1560 696; x_wconf 85' lang='lat' dir='ltr'><strong>eloqui</strong></span> <span class='ocrx_word' id='word_1_191' title='bbox 1576 665 1718 698; x_wconf 84' lang='lat' dir='ltr'><strong>putabunt.</strong></span> 
     </span>
    </p>
   </div>
   <div class='ocr_carea' id='block_1_30' title="bbox 932 704 1718 742">
    <p class='ocr_par' dir='ltr' id='par_1_30' title="bbox 932 704 1718 742">
     <span class='ocr_line' id='line_1_30' title="bbox 932 704 1718 742; baseline 0.009 -12"><span class='ocrx_word' id='word_1_192' title='bbox 932 704 1017 731; x_wconf 90' lang='lat' dir='ltr'><strong>Omne</strong></span> <span class='ocrx_word' id='word_1_193' title='bbox 1037 705 1137 739; x_wconf 80' lang='lat' dir='ltr'><strong>quippe</strong></span> <span class='ocrx_word' id='word_1_194' title='bbox 1161 706 1287 737; x_wconf 82' lang='lat' dir='ltr'><strong>cadaver,</strong></span> <span class='ocrx_word' id='word_1_195' title='bbox 1314 714 1360 733; x_wconf 80' lang='lat' dir='ltr'><strong>seu</strong></span> <span class='ocrx_word' id='word_1_196' title='bbox 1381 715 1454 733; x_wconf 91' lang='lat' dir='ltr'><strong>mors</strong></span> <span class='ocrx_word' id='word_1_197' title='bbox 1471 708 1551 734; x_wconf 78' lang='lat' dir='ltr'><strong>etiam</strong></span> <span class='ocrx_word' id='word_1_198' title='bbox 1576 709 1645 742; x_wconf 83' lang='lat' dir='ltr'><strong>ipsa,</strong></span> <span class='ocrx_word' id='word_1_199' title='bbox 1675 717 1718 738; x_wconf 84' lang='lat' dir='ltr'><strong>res</strong></span> 
     </span>
    </p>
   </div>
   <div class='ocr_carea' id='block_1_31' title="bbox 931 750 1716 788">
    <p class='ocr_par' dir='ltr' id='par_1_31' title="bbox 931 750 1716 788">
     <span class='ocr_line' id='line_1_31' title="bbox 931 750 1716 788; baseline 0.009 -12"><span class='ocrx_word' id='word_1_200' title='bbox 931 755 972 777; x_wconf 82' lang='lat' dir='ltr'><strong>est</strong></span> <span class='ocrx_word' id='word_1_201' title='bbox 986 750 1037 777; x_wconf 82' lang='lat' dir='ltr'><strong>(liis</strong></span> <span class='ocrx_word' id='word_1_202' title='bbox 1050 751 1194 777; x_wconf 83' lang='lat' dir='ltr'><strong>admodum</strong></span> <span class='ocrx_word' id='word_1_203' title='bbox 1222 751 1319 778; x_wconf 81' lang='lat' dir='ltr'><strong>invisa.</strong></span> <span class='ocrx_word' id='word_1_204' title='bbox 1335 752 1407 779; x_wconf 87' lang='lat' dir='ltr'><strong>Idem</strong></span> <span class='ocrx_word' id='word_1_205' title='bbox 1423 760 1518 780; x_wconf 69' lang='lat' dir='ltr'><strong>sensus</strong></span> <span class='ocrx_word' id='word_1_206' title='bbox 1532 758 1573 780; x_wconf 86' lang='lat' dir='ltr'><strong>est</strong></span> <span class='ocrx_word' id='word_1_207' title='bbox 1588 755 1613 781; x_wconf 91' lang='lat' dir='ltr'><strong>in</strong></span> <span class='ocrx_word' id='word_1_208' title='bbox 1630 755 1716 788; x_wconf 81' lang='lat' dir='ltr'><strong>nobis,</strong></span> 
     </span>
    </p>
   </div>
   <div class='ocr_carea' id='block_1_32' title="bbox 932 796 1717 834">
    <p class='ocr_par' dir='ltr' id='par_1_32' title="bbox 932 796 1717 834">
     <span class='ocr_line' id='line_1_32' title="bbox 932 796 1717 834; baseline 0.008 -12"><span class='ocrx_word' id='word_1_209' title='bbox 932 796 1057 830; x_wconf 77' lang='lat' dir='ltr'><strong>idemque</strong></span> <span class='ocrx_word' id='word_1_210' title='bbox 1073 804 1105 823; x_wconf 91' lang='lat' dir='ltr'><strong>ac</strong></span> <span class='ocrx_word' id='word_1_211' title='bbox 1131 797 1168 823; x_wconf 93' lang='lat' dir='ltr'><strong>illi</strong></span> <span class='ocrx_word' id='word_1_212' title='bbox 1188 797 1277 824; x_wconf 82' lang='lat' dir='ltr'><strong>facere</strong></span> <span class='ocrx_word' id='word_1_213' title='bbox 1291 798 1419 825; x_wconf 78' lang='lat' dir='ltr'><strong>solemus.</strong></span> <span class='ocrx_word' id='word_1_214' title='bbox 1438 799 1607 834; x_wconf 67' lang='lat' dir='ltr'><strong>Ctrlcroquin</strong></span> <span class='ocrx_word' id='word_1_215' title='bbox 1627 801 1717 828; x_wconf 87' lang='lat' dir='ltr'><strong>divina</strong></span> 
     </span>
    </p>
   </div>
   <div class='ocr_carea' id='block_1_33' title="bbox 932 840 1717 875">
    <p class='ocr_par' dir='ltr' id='par_1_33' title="bbox 932 840 1717 875">
     <span class='ocr_line' id='line_1_33' title="bbox 932 840 1717 875; baseline 0.008 -8"><span class='ocrx_word' id='word_1_216' title='bbox 932 840 1072 875; x_wconf 68' lang='lat' dir='ltr'><strong>Scriptura</strong></span> <span class='ocrx_word' id='word_1_217' title='bbox 1099 842 1233 868; x_wconf 75' lang='lat' dir='ltr'><strong>sancitum</strong></span> <span class='ocrx_word' id='word_1_218' title='bbox 1261 843 1339 870; x_wconf 87' lang='lat' dir='ltr'><strong>nobis</strong></span> <span class='ocrx_word' id='word_1_219' title='bbox 1364 848 1416 873; x_wconf 86' lang='lat' dir='ltr'><strong>est.</strong></span> <span class='ocrx_word' id='word_1_220' title='bbox 1444 852 1525 871; x_wconf 91' lang='lat' dir='ltr'><strong>unum</strong></span> <span class='ocrx_word' id='word_1_221' title='bbox 1551 853 1610 872; x_wconf 83' lang='lat' dir='ltr'><strong>esse</strong></span> <span class='ocrx_word' id='word_1_222' title='bbox 1633 846 1717 874; x_wconf 88' lang='lat' dir='ltr'><strong>Deum</strong></span> 
     </span>
    </p>
   </div>
   <div class='ocr_carea' id='block_1_34' title="bbox 47 884 856 923">
    <p class='ocr_par' dir='ltr' id='par_1_34' title="bbox 47 886 856 922">
     <span class='ocr_line' id='line_1_34' title="bbox 47 886 856 922; baseline 0.002 -10"><span class='ocrx_word' id='word_1_223' title='bbox 47 896 53 903; x_wconf 87' lang='grc'><strong>·</strong></span> <span class='ocrx_word' id='word_1_224' title='bbox 88 887 176 921; x_wconf 76' lang='grc' dir='ltr'>ἦγουν</span> <span class='ocrx_word' id='word_1_225' title='bbox 199 887 246 912; x_wconf 80' lang='grc' dir='ltr'><strong>καὶ</strong></span> <span class='ocrx_word' id='word_1_226' title='bbox 269 886 351 918; x_wconf 80' lang='grc' dir='ltr'>αὐτὸς</span> <span class='ocrx_word' id='word_1_227' title='bbox 376 887 390 913; x_wconf 86' lang='grc' dir='ltr'><strong>ὀ</strong></span> <span class='ocrx_word' id='word_1_228' title='bbox 412 886 537 919; x_wconf 82' lang='grc' dir='ltr'>θάνατος,</span> <span class='ocrx_word' id='word_1_229' title='bbox 551 887 605 913; x_wconf 90' lang='grc' dir='ltr'><strong>τῶν</strong></span> <span class='ocrx_word' id='word_1_230' title='bbox 620 888 661 913; x_wconf 80' lang='grc' dir='ltr'>ὅτι</span> <span class='ocrx_word' id='word_1_231' title='bbox 683 887 800 922; x_wconf 85' lang='grc' dir='ltr'>μάλιστα</span> <span class='ocrx_word' id='word_1_232' title='bbox 818 896 856 914; x_wconf 57' lang='grc' dir='ltr'>καπ</span> 
     </span>
    </p>
   </div>
   <div class='ocr_carea' id='block_1_35' title="bbox 932 884 1720 923">
    <p class='ocr_par' dir='ltr' id='par_1_35' title="bbox 935 887 1720 923">
     <span class='ocr_line' id='line_1_35' title="bbox 935 887 1720 923; baseline 0.005 -9"><span class='ocrx_word' id='word_1_233' title='bbox 935 887 1084 914; x_wconf 80' lang='lat' dir='ltr'><strong>naturalem</strong></span> <span class='ocrx_word' id='word_1_234' title='bbox 1100 895 1132 914; x_wconf 83' lang='lat' dir='ltr'><strong>ac</strong></span> <span class='ocrx_word' id='word_1_235' title='bbox 1145 895 1252 920; x_wconf 87' lang='lat' dir='ltr'><strong>verum,</strong></span> <span class='ocrx_word' id='word_1_236' title='bbox 1268 887 1406 921; x_wconf 87' lang='lat' dir='ltr'><strong>aliumque</strong></span> <span class='ocrx_word' id='word_1_237' title='bbox 1421 895 1518 923; x_wconf 66' lang='lat' dir='ltr'><strong>praeter</strong></span> <span class='ocrx_word' id='word_1_238' title='bbox 1536 891 1621 923; x_wconf 81' lang='lat' dir='ltr'><strong>ipsum</strong></span> <span class='ocrx_word' id='word_1_239' title='bbox 1638 892 1720 918; x_wconf 86' lang='lat' dir='ltr'><strong>nemi-</strong></span> 
     </span>
    </p>
   </div>
   <div class='ocr_carea' id='block_1_36' title="bbox 88 931 882 967">
    <p class='ocr_par' dir='ltr' id='par_1_36' title="bbox 88 931 882 967">
     <span class='ocr_line' id='line_1_36' title="bbox 88 931 882 967; baseline 0.001 -9"><span class='ocrx_word' id='word_1_240' title='bbox 88 932 285 967; x_wconf 82' lang='grc' dir='ltr'>εστυγημένων</span> <span class='ocrx_word' id='word_1_241' title='bbox 299 932 358 958; x_wconf 75' lang='grc' dir='ltr'>ἐστὶ</span> <span class='ocrx_word' id='word_1_242' title='bbox 381 934 438 964; x_wconf 85' lang='grc' dir='ltr'>τοῖς</span> <span class='ocrx_word' id='word_1_243' title='bbox 462 933 541 964; x_wconf 86' lang='grc' dir='ltr'>θεοῖς.</span> <span class='ocrx_word' id='word_1_244' title='bbox 561 931 721 967; x_wconf 79' lang='grc' dir='ltr'>Σύμφρονες</span> <span class='ocrx_word' id='word_1_245' title='bbox 731 933 759 959; x_wconf 83' lang='grc' dir='ltr'>δὲ</span> <span class='ocrx_word' id='word_1_246' title='bbox 776 932 882 964; x_wconf 81' lang='grc' dir='ltr'>τούτοις</span> 
     </span>
    </p>
   </div>
   <div class='ocr_carea' id='block_1_37' title="bbox 88 977 880 1014">
    <p class='ocr_par' dir='ltr' id='par_1_37' title="bbox 88 977 880 1014">
     <span class='ocr_line' id='line_1_37' title="bbox 88 977 880 1014; baseline 0.001 -10"><span class='ocrx_word' id='word_1_247' title='bbox 88 979 183 1012; x_wconf 83' lang='grc' dir='ltr'>ἡμεῖς.</span> <span class='ocrx_word' id='word_1_248' title='bbox 201 977 248 1004; x_wconf 74' lang='grc' dir='ltr'>καὶ</span> <span class='ocrx_word' id='word_1_249' title='bbox 271 977 322 1013; x_wconf 79' lang='grc' dir='ltr'>τῆς</span> <span class='ocrx_word' id='word_1_250' title='bbox 349 977 418 1014; x_wconf 74' lang='grc' dir='ltr'>πρὸς</span> <span class='ocrx_word' id='word_1_251' title='bbox 442 978 540 1010; x_wconf 78' lang='grc' dir='ltr'>αὐτοὺς</span> <span class='ocrx_word' id='word_1_252' title='bbox 556 977 703 1013; x_wconf 83' lang='grc' dir='ltr'>ὁμοηθείας</span> <span class='ocrx_word' id='word_1_253' title='bbox 725 978 880 1013; x_wconf 80' lang='grc' dir='ltr'>ὲξήμμεθα.</span> 
     </span>
    </p>
   </div>
   <div class='ocr_carea' id='block_1_38' title="bbox 87 1020 880 1059">
    <p class='ocr_par' dir='ltr' id='par_1_38' title="bbox 87 1020 880 1059">
     <span class='ocr_line' id='line_1_38' title="bbox 87 1020 880 1059; baseline 0.001 -10"><span class='ocrx_word' id='word_1_254' title='bbox 87 1023 217 1050; x_wconf 77' lang='grc' dir='ltr'>Μάλιστα</span> <span class='ocrx_word' id='word_1_255' title='bbox 232 1023 281 1058; x_wconf 79' lang='grc' dir='ltr'><strong>μὲν</strong></span> <span class='ocrx_word' id='word_1_256' title='bbox 297 1020 344 1050; x_wconf 80' lang='grc' dir='ltr'>οὖν</span> <span class='ocrx_word' id='word_1_257' title='bbox 355 1024 403 1050; x_wconf 74' lang='grc' dir='ltr'><strong>ἕνα</strong></span> <span class='ocrx_word' id='word_1_258' title='bbox 415 1032 445 1050; x_wconf 80' lang='grc' dir='ltr'><strong>τε</strong></span> <span class='ocrx_word' id='word_1_259' title='bbox 456 1024 504 1050; x_wconf 72' lang='grc' dir='ltr'>καὶ</span> <span class='ocrx_word' id='word_1_260' title='bbox 518 1023 599 1059; x_wconf 84' lang='grc' dir='ltr'>φύσει</span> <span class='ocrx_word' id='word_1_261' title='bbox 612 1023 657 1050; x_wconf 74' lang='grc' dir='ltr'>καὶ</span> <span class='ocrx_word' id='word_1_262' title='bbox 672 1024 741 1050; x_wconf 75' lang='grc' dir='ltr'>κατὰ</span> <span class='ocrx_word' id='word_1_263' title='bbox 752 1024 880 1059; x_wconf 79' lang='grc' dir='ltr'>ἀλήθειαν</span> 
     </span>
    </p>
   </div>
   <div class='ocr_carea' id='block_1_39' title="bbox 85 1069 878 1105">
    <p class='ocr_par' dir='ltr' id='par_1_39' title="bbox 85 1069 878 1105">
     <span class='ocr_line' id='line_1_39' title="bbox 85 1069 878 1105; baseline -0.001 -9"><span class='ocrx_word' id='word_1_264' title='bbox 85 1069 156 1096; x_wconf 74' lang='grc' dir='ltr'>ὄντα</span> <span class='ocrx_word' id='word_1_265' title='bbox 179 1069 255 1099; x_wconf 81' lang='grc' dir='ltr'>Θεὸν,</span> <span class='ocrx_word' id='word_1_266' title='bbox 270 1070 287 1104; x_wconf 78' lang='grc' dir='ltr'><strong>ἡ</strong></span> <span class='ocrx_word' id='word_1_267' title='bbox 303 1069 483 1101; x_wconf 80' lang='grc' dir='ltr'>θεόπνευστος</span> <span class='ocrx_word' id='word_1_268' title='bbox 506 1070 571 1104; x_wconf 81' lang='grc' dir='ltr'>ἡμῖν</span> <span class='ocrx_word' id='word_1_269' title='bbox 597 1069 755 1104; x_wconf 76' lang='grc' dir='ltr'>διηγόρευσε</span> <span class='ocrx_word' id='word_1_270' title='bbox 771 1069 878 1105; x_wconf 74' lang='grc' dir='ltr'>Γραφὴ,</span> 
     </span>
    </p>
   </div>
   <div class='ocr_carea' id='block_1_40' title="bbox 87 1115 880 1151">
    <p class='ocr_par' dir='ltr' id='par_1_40' title="bbox 87 1115 880 1151">
     <span class='ocr_line' id='line_1_40' title="bbox 87 1115 880 1151; baseline -0.001 -9"><span class='ocrx_word' id='word_1_271' title='bbox 87 1115 184 1151; x_wconf 68' lang='grc' dir='ltr'>ἕτερον</span> <span class='ocrx_word' id='word_1_272' title='bbox 203 1116 232 1142; x_wconf 76' lang='grc' dir='ltr'>δὲ</span> <span class='ocrx_word' id='word_1_273' title='bbox 257 1115 325 1151; x_wconf 79' lang='grc' dir='ltr'>πρδς</span> <span class='ocrx_word' id='word_1_274' title='bbox 339 1116 422 1142; x_wconf 80' lang='grc' dir='ltr'>αὑτὸν</span> <span class='ocrx_word' id='word_1_275' title='bbox 440 1115 579 1146; x_wconf 82' lang='grc' dir='ltr'>παντελῶς</span> <span class='ocrx_word' id='word_1_276' title='bbox 604 1115 699 1142; x_wconf 82' lang='grc' dir='ltr'>οὐδένα</span> <span class='ocrx_word' id='word_1_277' title='bbox 717 1117 880 1150; x_wconf 83' lang='grc' dir='ltr'>προσκυνεῖν</span> 
     </span>
    </p>
   </div>
   <div class='ocr_carea' id='block_1_41' title="bbox 87 1157 881 1196">
    <p class='ocr_par' dir='ltr' id='par_1_41' title="bbox 87 1157 881 1196">
     <span class='ocr_line' id='line_1_41' title="bbox 87 1157 881 1196; baseline 0 -10"><span class='ocrx_word' id='word_1_278' title='bbox 87 1160 243 1194; x_wconf 79' lang='grc' dir='ltr'>εἰθίσμεθα.</span> <span class='ocrx_word' id='word_1_279' title='bbox 267 1160 340 1196; x_wconf 86' lang='grc' dir='ltr'>Πλὴν</span> <span class='ocrx_word' id='word_1_280' title='bbox 361 1161 386 1187; x_wconf 79' lang='grc' dir='ltr'>οἱ</span> <span class='ocrx_word' id='word_1_281' title='bbox 413 1159 469 1187; x_wconf 79' lang='grc' dir='ltr'>θεοὶ</span> <span class='ocrx_word' id='word_1_282' title='bbox 494 1160 554 1187; x_wconf 80' lang='grc' dir='ltr'>καθ’</span> <span class='ocrx_word' id='word_1_283' title='bbox 570 1161 643 1196; x_wconf 83' lang='grc' dir='ltr'>ἡμᾶς</span> <span class='ocrx_word' id='word_1_284' title='bbox 666 1160 745 1192; x_wconf 78' lang='grc' dir='ltr'>εἰσιν,</span> <span class='ocrx_word' id='word_1_285' title='bbox 771 1157 812 1191; x_wconf 69' lang='grc' dir='ltr'>οἷς</span> <span class='ocrx_word' id='word_1_286' title='bbox 834 1160 881 1186; x_wconf 79' lang='grc' dir='ltr'>καὶ</span> 
     </span>
    </p>
   </div>
   <div class='ocr_carea' id='block_1_42' title="bbox 87 1205 880 1241">
    <p class='ocr_par' dir='ltr' id='par_1_42' title="bbox 87 1205 880 1241">
     <span class='ocr_line' id='line_1_42' title="bbox 87 1205 880 1241; baseline 0.001 -9"><span class='ocrx_word' id='word_1_287' title='bbox 87 1205 265 1241; x_wconf 79' lang='grc' dir='ltr'>ἁπηχθῆσθαί</span> <span class='ocrx_word' id='word_1_288' title='bbox 282 1214 350 1240; x_wconf 85' lang='grc' dir='ltr'>φατε</span> <span class='ocrx_word' id='word_1_289' title='bbox 362 1206 408 1232; x_wconf 79' lang='grc' dir='ltr'>τὸν</span> <span class='ocrx_word' id='word_1_290' title='bbox 423 1206 548 1239; x_wconf 77' lang='grc' dir='ltr'>θάνατον,</span> <span class='ocrx_word' id='word_1_291' title='bbox 566 1205 798 1240; x_wconf 81' lang='grc' dir='ltr'>συγκαθίστανται</span> <span class='ocrx_word' id='word_1_292' title='bbox 808 1206 880 1241; x_wconf 83' lang='grc' dir='ltr'>τάχα</span> 
     </span>
    </p>
   </div>
   <div class='ocr_carea' id='block_1_43' title="bbox 87 1251 879 1287">
    <p class='ocr_par' dir='ltr' id='par_1_43' title="bbox 87 1251 879 1287">
     <span class='ocr_line' id='line_1_43' title="bbox 87 1251 879 1287; baseline 0.001 -9"><span class='ocrx_word' id='word_1_293' title='bbox 87 1261 143 1278; x_wconf 82' lang='grc' dir='ltr'><strong>που</strong></span> <span class='ocrx_word' id='word_1_294' title='bbox 158 1252 206 1279; x_wconf 73' lang='grc' dir='ltr'>καὶ</span> <span class='ocrx_word' id='word_1_295' title='bbox 219 1251 407 1287; x_wconf 81' lang='grc' dir='ltr'>συνηλγήκασι</span> <span class='ocrx_word' id='word_1_296' title='bbox 424 1252 480 1283; x_wconf 87' lang='grc' dir='ltr'>τοῖς</span> <span class='ocrx_word' id='word_1_297' title='bbox 498 1252 544 1278; x_wconf 72' lang='grc' dir='ltr'>ἐπὶ</span> <span class='ocrx_word' id='word_1_298' title='bbox 559 1251 609 1286; x_wconf 87' lang='grc' dir='ltr'>τῆς</span> <span class='ocrx_word' id='word_1_299' title='bbox 621 1251 672 1285; x_wconf 79' lang='grc' dir='ltr'>γῆς</span> <span class='ocrx_word' id='word_1_300' title='bbox 688 1251 725 1282; x_wconf 85' lang='grc' dir='ltr'>ὼς</span> <span class='ocrx_word' id='word_1_301' title='bbox 741 1251 793 1278; x_wconf 80' lang='grc' dir='ltr'>ὑπὸ</span> <span class='ocrx_word' id='word_1_302' title='bbox 813 1252 879 1287; x_wconf 84' lang='grc' dir='ltr'><strong>φθο-</strong></span> 
     </span>
    </p>
   </div>
   <div class='ocr_carea' id='block_1_44' title="bbox 88 1298 878 1334">
    <p class='ocr_par' dir='ltr' id='par_1_44' title="bbox 88 1298 878 1334">
     <span class='ocr_line' id='line_1_44' title="bbox 88 1298 878 1334; baseline 0.001 -9"><span class='ocrx_word' id='word_1_303' title='bbox 88 1298 141 1334; x_wconf 75' lang='grc' dir='ltr'>ρὰν</span> <span class='ocrx_word' id='word_1_304' title='bbox 167 1298 281 1325; x_wconf 81' lang='grc' dir='ltr'>πεσοῦσι</span> <span class='ocrx_word' id='word_1_305' title='bbox 301 1299 348 1325; x_wconf 75' lang='grc' dir='ltr'>καὶ</span> <span class='ocrx_word' id='word_1_306' title='bbox 363 1298 488 1325; x_wconf 85' lang='grc' dir='ltr'>θάνατον.</span> <span class='ocrx_word' id='word_1_307' title='bbox 497 1298 569 1324; x_wconf 85' lang='grc' dir='ltr'>Ἀλλ’</span> <span class='ocrx_word' id='word_1_308' title='bbox 584 1298 664 1333; x_wconf 80' lang='grc' dir='ltr'>εἴπερ</span> <span class='ocrx_word' id='word_1_309' title='bbox 679 1298 732 1324; x_wconf 78' lang='grc' dir='ltr'>εἰσὶ</span> <span class='ocrx_word' id='word_1_310' title='bbox 748 1298 815 1330; x_wconf 81' lang='grc' dir='ltr'>Θεοὶ,</span> <span class='ocrx_word' id='word_1_311' title='bbox 831 1299 878 1326; x_wconf 81' lang='grc' dir='ltr'>καὶ</span> 
     </span>
    </p>
   </div>
   <div class='ocr_carea' id='block_1_45' title="bbox 88 1343 878 1380">
    <p class='ocr_par' dir='ltr' id='par_1_45' title="bbox 88 1343 878 1380">
     <span class='ocr_line' id='line_1_45' title="bbox 88 1343 878 1380; baseline 0.001 -10"><span class='ocrx_word' id='word_1_312' title='bbox 88 1344 292 1379; x_wconf 79' lang='grc' dir='ltr'>συνηλγήκασιν</span> <span class='ocrx_word' id='word_1_313' title='bbox 307 1344 414 1379; x_wconf 84' lang='grc' dir='ltr'>άληθῶς</span> <span class='ocrx_word' id='word_1_314' title='bbox 426 1346 483 1374; x_wconf 84' lang='grc' dir='ltr'>τοῖς</span> <span class='ocrx_word' id='word_1_315' title='bbox 498 1344 550 1370; x_wconf 82' lang='grc' dir='ltr'>ὑπὸ</span> <span class='ocrx_word' id='word_1_316' title='bbox 565 1343 679 1380; x_wconf 74' lang='grc' dir='ltr'>φθορὰν,</span> <span class='ocrx_word' id='word_1_317' title='bbox 696 1344 754 1371; x_wconf 78' lang='grc' dir='ltr'><strong>ἀνθ’</strong></span> <span class='ocrx_word' id='word_1_318' title='bbox 768 1345 829 1371; x_wconf 81' lang='grc' dir='ltr'>ὅτου</span> <span class='ocrx_word' id='word_1_319' title='bbox 846 1345 878 1380; x_wconf 84' lang='grc' dir='ltr'><strong>δὴ</strong></span> 
     </span>
    </p>
   </div>
   <div class='ocr_carea' id='block_1_46' title="bbox 88 1390 880 1425">
    <p class='ocr_par' dir='ltr' id='par_1_46' title="bbox 88 1390 880 1425">
     <span class='ocr_line' id='line_1_46' title="bbox 88 1390 880 1425; baseline 0.001 -9"><span class='ocrx_word' id='word_1_320' title='bbox 88 1390 192 1425; x_wconf 74' lang='grc' dir='ltr'>μᾶλλον</span> <span class='ocrx_word' id='word_1_321' title='bbox 207 1391 244 1425; x_wconf 83' lang='grc' dir='ltr'>μὴ</span> <span class='ocrx_word' id='word_1_322' title='bbox 269 1391 417 1424; x_wconf 78' lang='grc' dir='ltr'>ἀφιστᾶσιν</span> <span class='ocrx_word' id='word_1_323' title='bbox 443 1390 527 1424; x_wconf 81' lang='grc' dir='ltr'>αὐτῆς</span> <span class='ocrx_word' id='word_1_324' title='bbox 553 1390 617 1421; x_wconf 82' lang='grc' dir='ltr'>τοὺς</span> <span class='ocrx_word' id='word_1_325' title='bbox 643 1390 808 1423; x_wconf 75' lang='grc' dir='ltr'>ἑαλωκότας,</span> <span class='ocrx_word' id='word_1_326' title='bbox 832 1391 880 1417; x_wconf 80' lang='grc' dir='ltr'>καὶ</span> 
     </span>
    </p>
   </div>
   <div class='ocr_carea' id='block_1_47' title="bbox 87 1436 880 1471">
    <p class='ocr_par' dir='ltr' id='par_1_47' title="bbox 87 1436 880 1471">
     <span class='ocr_line' id='line_1_47' title="bbox 87 1436 880 1471; baseline 0.001 -9"><span class='ocrx_word' id='word_1_327' title='bbox 87 1436 267 1471; x_wconf 80' lang='grc' dir='ltr'>πεπραχότας</span> <span class='ocrx_word' id='word_1_328' title='bbox 285 1436 429 1467; x_wconf 75' lang='grc' dir='ltr'>ἀθλίως.εῐ</span> <span class='ocrx_word' id='word_1_329' title='bbox 453 1437 500 1462; x_wconf 73' lang='grc' dir='ltr'><strong>καὶ</strong></span> <span class='ocrx_word' id='word_1_330' title='bbox 519 1436 556 1471; x_wconf 83' lang='grc' dir='ltr'>μὴ</span> <span class='ocrx_word' id='word_1_331' title='bbox 580 1436 683 1468; x_wconf 79' lang='grc' dir='ltr'>πάντας</span> <span class='ocrx_word' id='word_1_332' title='bbox 704 1437 794 1471; x_wconf 80' lang='grc' dir='ltr'>τυχόν.</span> <span class='ocrx_word' id='word_1_333' title='bbox 804 1437 880 1463; x_wconf 83' lang='grc' dir='ltr'>Ἀλλ’</span> 
     </span>
    </p>
   </div>
   <div class='ocr_carea' id='block_1_48' title="bbox 934 932 1719 968">
    <p class='ocr_par' dir='ltr' id='par_1_48' title="bbox 934 932 1719 968">
     <span class='ocr_line' id='line_1_48' title="bbox 934 932 1719 968; baseline 0.005 -9"><span class='ocrx_word' id='word_1_334' title='bbox 934 941 994 959; x_wconf 82' lang='lat' dir='ltr'><strong>nem</strong></span> <span class='ocrx_word' id='word_1_335' title='bbox 1013 933 1129 959; x_wconf 82' lang='lat' dir='ltr'><strong>adorare</strong></span> <span class='ocrx_word' id='word_1_336' title='bbox 1141 932 1214 959; x_wconf 89' lang='lat' dir='ltr'><strong>soliti</strong></span> <span class='ocrx_word' id='word_1_337' title='bbox 1232 941 1335 960; x_wconf 88' lang='lat' dir='ltr'><strong>smnus.</strong></span> <span class='ocrx_word' id='word_1_338' title='bbox 1353 934 1387 960; x_wconf 81' lang='lat' dir='ltr'><strong>At</strong></span> <span class='ocrx_word' id='word_1_339' title='bbox 1401 934 1436 960; x_wconf 94' lang='lat' dir='ltr'><strong>dii</strong></span> <span class='ocrx_word' id='word_1_340' title='bbox 1459 939 1532 968; x_wconf 84' lang='lat' dir='ltr'><strong>sunt,</strong></span> <span class='ocrx_word' id='word_1_341' title='bbox 1550 937 1627 963; x_wconf 84' lang='lat' dir='ltr'><strong>nobis</strong></span> <span class='ocrx_word' id='word_1_342' title='bbox 1645 937 1719 963; x_wconf 85' lang='lat' dir='ltr'><strong>sitni-</strong></span> 
     </span>
    </p>
   </div>
   <div class='ocr_carea' id='block_1_49' title="bbox 933 978 1718 1015">
    <p class='ocr_par' dir='ltr' id='par_1_49' title="bbox 933 978 1718 1015">
     <span class='ocr_line' id='line_1_49' title="bbox 933 978 1718 1015; baseline 0.005 -11"><span class='ocrx_word' id='word_1_343' title='bbox 933 978 983 1010; x_wconf 84' lang='lat' dir='ltr'><strong>les,</strong></span> <span class='ocrx_word' id='word_1_344' title='bbox 996 978 1095 1012; x_wconf 81' lang='lat' dir='ltr'><strong>quibus</strong></span> <span class='ocrx_word' id='word_1_345' title='bbox 1107 978 1222 1005; x_wconf 84' lang='lat' dir='ltr'><strong>invisam</strong></span> <span class='ocrx_word' id='word_1_346' title='bbox 1237 986 1344 1012; x_wconf 81' lang='lat' dir='ltr'><strong>quoque</strong></span> <span class='ocrx_word' id='word_1_347' title='bbox 1357 983 1471 1006; x_wconf 85' lang='lat' dir='ltr'><strong>mortem</strong></span> <span class='ocrx_word' id='word_1_348' title='bbox 1484 987 1545 1007; x_wconf 88' lang='lat' dir='ltr'><strong>esse</strong></span> <span class='ocrx_word' id='word_1_349' title='bbox 1555 981 1655 1014; x_wconf 83' lang='lat' dir='ltr'><strong>dicitis,</strong></span> <span class='ocrx_word' id='word_1_350' title='bbox 1672 982 1718 1015; x_wconf 86' lang='lat' dir='ltr'><strong>qui</strong></span> 
     </span>
    </p>
   </div>
   <div class='ocr_carea' id='block_1_50' title="bbox 933 1024 1718 1060">
    <p class='ocr_par' dir='ltr' id='par_1_50' title="bbox 933 1024 1718 1060">
     <span class='ocr_line' id='line_1_50' title="bbox 933 1024 1718 1060; baseline 0.003 -9"><span class='ocrx_word' id='word_1_351' title='bbox 933 1024 1088 1052; x_wconf 85' lang='lat' dir='ltr'><strong>hominibus</strong></span> <span class='ocrx_word' id='word_1_352' title='bbox 1103 1025 1130 1051; x_wconf 92' lang='lat' dir='ltr'><strong>in</strong></span> <span class='ocrx_word' id='word_1_353' title='bbox 1146 1029 1260 1051; x_wconf 90' lang='lat' dir='ltr'><strong>mortem</strong></span> <span class='ocrx_word' id='word_1_354' title='bbox 1283 1029 1311 1051; x_wconf 91' lang='lat' dir='ltr'><strong>et</strong></span> <span class='ocrx_word' id='word_1_355' title='bbox 1325 1024 1437 1052; x_wconf 77' lang='lat' dir='ltr'><strong>exitium</strong></span> <span class='ocrx_word' id='word_1_356' title='bbox 1455 1024 1538 1060; x_wconf 84' lang='lat' dir='ltr'><strong>lapsis</strong></span> <span class='ocrx_word' id='word_1_357' title='bbox 1562 1026 1718 1057; x_wconf 84' lang='lat' dir='ltr'><strong>condoleut.</strong></span> 
     </span>
    </p>
   </div>
   <div class='ocr_carea' id='block_1_51' title="bbox 931 1070 1719 1105">
    <p class='ocr_par' dir='ltr' id='par_1_51' title="bbox 931 1070 1719 1105">
     <span class='ocr_line' id='line_1_51' title="bbox 931 1070 1719 1105; baseline 0.001 -8"><span class='ocrx_word' id='word_1_358' title='bbox 931 1077 1080 1105; x_wconf 87' lang='lat' dir='ltr'><strong>eormnque</strong></span> <span class='ocrx_word' id='word_1_359' title='bbox 1089 1079 1154 1098; x_wconf 86' lang='lat' dir='ltr'><strong>casu</strong></span> <span class='ocrx_word' id='word_1_360' title='bbox 1167 1071 1332 1098; x_wconf 75' lang='lat' dir='ltr'><strong>alliciuntur.</strong></span> <span class='ocrx_word' id='word_1_361' title='bbox 1348 1070 1400 1098; x_wconf 85' lang='lat' dir='ltr'><strong>Sed</strong></span> <span class='ocrx_word' id='word_1_362' title='bbox 1412 1071 1434 1099; x_wconf 96' lang='lat' dir='ltr'><strong>si</strong></span> <span class='ocrx_word' id='word_1_363' title='bbox 1446 1071 1483 1098; x_wconf 85' lang='lat' dir='ltr'><strong>dii</strong></span> <span class='ocrx_word' id='word_1_364' title='bbox 1496 1076 1570 1103; x_wconf 85' lang='lat' dir='ltr'><strong>sunt,</strong></span> <span class='ocrx_word' id='word_1_365' title='bbox 1583 1076 1610 1098; x_wconf 89' lang='lat' dir='ltr'><strong>et</strong></span> <span class='ocrx_word' id='word_1_366' title='bbox 1623 1079 1719 1105; x_wconf 75' lang='lat' dir='ltr'><strong>reapse</strong></span> 
     </span>
    </p>
   </div>
   <div class='ocr_carea' id='block_1_52' title="bbox 934 1116 1718 1152">
    <p class='ocr_par' dir='ltr' id='par_1_52' title="bbox 934 1116 1718 1152">
     <span class='ocr_line' id='line_1_52' title="bbox 934 1116 1718 1152; baseline 0.001 -8"><span class='ocrx_word' id='word_1_367' title='bbox 934 1116 1088 1144; x_wconf 88' lang='lat' dir='ltr'><strong>hominibus</strong></span> <span class='ocrx_word' id='word_1_368' title='bbox 1108 1116 1189 1144; x_wconf 83' lang='lat' dir='ltr'><strong>morti</strong></span> <span class='ocrx_word' id='word_1_369' title='bbox 1204 1117 1329 1145; x_wconf 75' lang='lat' dir='ltr'><strong>obnoxiis</strong></span> <span class='ocrx_word' id='word_1_370' title='bbox 1345 1117 1501 1150; x_wconf 81' lang='lat' dir='ltr'><strong>condolent,</strong></span> <span class='ocrx_word' id='word_1_371' title='bbox 1522 1117 1614 1151; x_wconf 82' lang='lat' dir='ltr'><strong>quidni</strong></span> <span class='ocrx_word' id='word_1_372' title='bbox 1629 1117 1718 1152; x_wconf 79' lang='lat' dir='ltr'><strong>potius</strong></span> 
     </span>
    </p>
   </div>
   <div class='ocr_carea' id='block_1_53' title="bbox 932 1162 1717 1197">
    <p class='ocr_par' dir='ltr' id='par_1_53' title="bbox 932 1162 1717 1197">
     <span class='ocr_line' id='line_1_53' title="bbox 932 1162 1717 1197; baseline 0.005 -10"><span class='ocrx_word' id='word_1_373' title='bbox 932 1169 963 1188; x_wconf 84' lang='lat' dir='ltr'><strong>ea</strong></span> <span class='ocrx_word' id='word_1_374' title='bbox 981 1162 1127 1189; x_wconf 88' lang='lat' dir='ltr'><strong>obstrictos</strong></span> <span class='ocrx_word' id='word_1_375' title='bbox 1144 1162 1271 1193; x_wconf 82' lang='lat' dir='ltr'><strong>liberant,</strong></span> <span class='ocrx_word' id='word_1_376' title='bbox 1294 1170 1325 1190; x_wconf 82' lang='lat' dir='ltr'><strong>ac</strong></span> <span class='ocrx_word' id='word_1_377' title='bbox 1341 1162 1441 1189; x_wconf 76' lang='lat' dir='ltr'><strong>infelici</strong></span> <span class='ocrx_word' id='word_1_378' title='bbox 1465 1163 1490 1190; x_wconf 93' lang='lat' dir='ltr'><strong>in</strong></span> <span class='ocrx_word' id='word_1_379' title='bbox 1511 1168 1584 1190; x_wconf 81' lang='lat' dir='ltr'><strong>statu</strong></span> <span class='ocrx_word' id='word_1_380' title='bbox 1606 1163 1717 1197; x_wconf 77' lang='lat' dir='ltr'><strong>positus,</strong></span> 
     </span>
    </p>
   </div>
   <div class='ocr_carea' id='block_1_54' title="bbox 931 1206 1718 1240">
    <p class='ocr_par' dir='ltr' id='par_1_54' title="bbox 931 1206 1718 1240">
     <span class='ocr_line' id='line_1_54' title="bbox 931 1206 1718 1240; baseline 0 -6"><span class='ocrx_word' id='word_1_381' title='bbox 931 1211 970 1239; x_wconf 91' lang='lat' dir='ltr'><strong>et,</strong></span> <span class='ocrx_word' id='word_1_382' title='bbox 990 1207 1012 1234; x_wconf 87' lang='lat' dir='ltr'><strong>si</strong></span> <span class='ocrx_word' id='word_1_383' title='bbox 1030 1214 1082 1233; x_wconf 91' lang='lat' dir='ltr'><strong>non</strong></span> <span class='ocrx_word' id='word_1_384' title='bbox 1098 1214 1203 1238; x_wconf 90' lang='lat' dir='ltr'><strong>omnes,</strong></span> <span class='ocrx_word' id='word_1_385' title='bbox 1221 1206 1318 1233; x_wconf 89' lang='lat' dir='ltr'><strong>saltem</strong></span> <span class='ocrx_word' id='word_1_386' title='bbox 1338 1207 1496 1234; x_wconf 84' lang='lat' dir='ltr'><strong>adoratores</strong></span> <span class='ocrx_word' id='word_1_387' title='bbox 1510 1215 1584 1240; x_wconf 89' lang='lat' dir='ltr'><strong>suos,</strong></span> <span class='ocrx_word' id='word_1_388' title='bbox 1603 1208 1718 1235; x_wconf 84' lang='lat' dir='ltr'><strong>misera-</strong></span> 
     </span>
    </p>
   </div>
   <div class='ocr_carea' id='block_1_55' title="bbox 932 1252 1717 1286">
    <p class='ocr_par' dir='ltr' id='par_1_55' title="bbox 932 1252 1717 1286">
     <span class='ocr_line' id='line_1_55' title="bbox 932 1252 1717 1286; baseline 0.004 -8"><span class='ocrx_word' id='word_1_389' title='bbox 932 1253 1005 1279; x_wconf 84' lang='lat' dir='ltr'><strong>tione</strong></span> <span class='ocrx_word' id='word_1_390' title='bbox 1027 1253 1251 1286; x_wconf 85' lang='lat' dir='ltr'><strong>prosequuntur?</strong></span> <span class='ocrx_word' id='word_1_391' title='bbox 1268 1252 1365 1280; x_wconf 88' lang='lat' dir='ltr'><strong>Verum</strong></span> <span class='ocrx_word' id='word_1_392' title='bbox 1392 1260 1439 1279; x_wconf 85' lang='lat' dir='ltr'><strong>eos</strong></span> <span class='ocrx_word' id='word_1_393' title='bbox 1458 1253 1558 1280; x_wconf 83' lang='lat' dir='ltr'><strong>Orcum</strong></span> <span class='ocrx_word' id='word_1_394' title='bbox 1587 1258 1717 1286; x_wconf 83' lang='lat' dir='ltr'><strong>metuere,</strong></span> 
     </span>
    </p>
   </div>
   <div class='ocr_carea' id='block_1_56' title="bbox 931 1298 1717 1333">
    <p class='ocr_par' dir='ltr' id='par_1_56' title="bbox 931 1298 1717 1333">
     <span class='ocr_line' id='line_1_56' title="bbox 931 1298 1717 1333; baseline 0.003 -9"><span class='ocrx_word' id='word_1_395' title='bbox 931 1305 1072 1333; x_wconf 85' lang='lat' dir='ltr'><strong>poetarum</strong></span> <span class='ocrx_word' id='word_1_396' title='bbox 1094 1298 1138 1324; x_wconf 89' lang='lat' dir='ltr'><strong>ille</strong></span> <span class='ocrx_word' id='word_1_397' title='bbox 1152 1298 1279 1332; x_wconf 84' lang='lat' dir='ltr'><strong>princeps</strong></span> <span class='ocrx_word' id='word_1_398' title='bbox 1300 1298 1413 1330; x_wconf 82' lang='lat' dir='ltr'><strong>sciebat.</strong></span> <span class='ocrx_word' id='word_1_399' title='bbox 1432 1301 1500 1326; x_wconf 86' lang='lat' dir='ltr'><strong>adeo</strong></span> <span class='ocrx_word' id='word_1_400' title='bbox 1514 1305 1543 1325; x_wconf 88' lang='lat' dir='ltr'><strong>ut</strong></span> <span class='ocrx_word' id='word_1_401' title='bbox 1564 1299 1717 1326; x_wconf 70' lang='lat' dir='ltr'><strong>detrectare</strong></span> 
     </span>
    </p>
   </div>
   <div class='ocr_carea' id='block_1_57' title="bbox 931 1344 1715 1379">
    <p class='ocr_par' dir='ltr' id='par_1_57' title="bbox 931 1344 1715 1379">
     <span class='ocr_line' id='line_1_57' title="bbox 931 1344 1715 1379; baseline 0.001 -9"><span class='ocrx_word' id='word_1_402' title='bbox 931 1344 970 1370; x_wconf 71' lang='lat' dir='ltr'><strong>ius</strong></span> <span class='ocrx_word' id='word_1_403' title='bbox 987 1352 1039 1371; x_wconf 91' lang='lat' dir='ltr'><strong>non</strong></span> <span class='ocrx_word' id='word_1_404' title='bbox 1058 1349 1140 1376; x_wconf 88' lang='lat' dir='ltr'><strong>esset,</strong></span> <span class='ocrx_word' id='word_1_405' title='bbox 1154 1345 1225 1378; x_wconf 88' lang='lat' dir='ltr'><strong>quod</strong></span> <span class='ocrx_word' id='word_1_406' title='bbox 1239 1352 1287 1379; x_wconf 87' lang='lat' dir='ltr'><strong>per</strong></span> <span class='ocrx_word' id='word_1_407' title='bbox 1301 1352 1363 1372; x_wconf 92' lang='lat' dir='ltr'><strong>eum</strong></span> <span class='ocrx_word' id='word_1_408' title='bbox 1376 1344 1464 1371; x_wconf 87' lang='lat' dir='ltr'><strong>locum</strong></span> <span class='ocrx_word' id='word_1_409' title='bbox 1476 1345 1594 1378; x_wconf 78' lang='lat' dir='ltr'><strong>iuratum</strong></span> <span class='ocrx_word' id='word_1_410' title='bbox 1609 1345 1715 1371; x_wconf 78' lang='lat' dir='ltr'><strong>fuisset.</strong></span> 
     </span>
    </p>
   </div>
   <div class='ocr_carea' id='block_1_58' title="bbox 929 1389 1716 1425">
    <p class='ocr_par' dir='ltr' id='par_1_58' title="bbox 929 1389 1716 1425">
     <span class='ocr_line' id='line_1_58' title="bbox 929 1389 1716 1425; baseline 0.001 -9"><span class='ocrx_word' id='word_1_411' title='bbox 929 1389 1070 1416; x_wconf 81' lang='lat' dir='ltr'><strong>Jurantem</strong></span> <span class='ocrx_word' id='word_1_412' title='bbox 1090 1389 1162 1416; x_wconf 91' lang='lat' dir='ltr'><strong>enim</strong></span> <span class='ocrx_word' id='word_1_413' title='bbox 1184 1390 1289 1417; x_wconf 85' lang='lat' dir='ltr'><strong>induxit</strong></span> <span class='ocrx_word' id='word_1_414' title='bbox 1307 1391 1453 1425; x_wconf 81' lang='lat' dir='ltr'><strong>quemdam</strong></span> <span class='ocrx_word' id='word_1_415' title='bbox 1470 1392 1592 1421; x_wconf 83' lang='lat' dir='ltr'><strong>deorum,</strong></span> <span class='ocrx_word' id='word_1_416' title='bbox 1618 1398 1650 1417; x_wconf 82' lang='lat' dir='ltr'><strong>ac</strong></span> <span class='ocrx_word' id='word_1_417' title='bbox 1673 1391 1716 1417; x_wconf 82' lang='lat' dir='ltr'><strong>di-</strong></span> 
     </span>
    </p>
   </div>
   <div class='ocr_carea' id='block_1_59' title="bbox 929 1441 1064 1463">
    <p class='ocr_par' dir='ltr' id='par_1_59' title="bbox 929 1441 1064 1463">
     <span class='ocr_line' id='line_1_59' title="bbox 929 1441 1064 1463; baseline 0.007 -1"><span class='ocrx_word' id='word_1_418' title='bbox 929 1441 1036 1462; x_wconf 82' lang='lat' dir='ltr'><strong>cenlem</strong></span> <span class='ocrx_word' id='word_1_419' title='bbox 1058 1446 1064 1463; x_wconf 72' lang='grc' dir='ltr'><strong>ἶ</strong></span> 
     </span>
    </p>
   </div>
   <div class='ocr_carea' id='block_1_60' title="bbox 86 1479 1718 1518">
    <p class='ocr_par' dir='ltr' id='par_1_60' title="bbox 86 1479 1718 1518">
     <span class='ocr_line' id='line_1_60' title="bbox 86 1479 1718 1518; baseline -0.001 -10"><span class='ocrx_word' id='word_1_420' title='bbox 86 1480 157 1509; x_wconf 73' lang='grc' dir='ltr'>οἶδεν</span> <span class='ocrx_word' id='word_1_421' title='bbox 170 1482 268 1513; x_wconf 78' lang='grc' dir='ltr'>αὐτοὺς</span> <span class='ocrx_word' id='word_1_422' title='bbox 281 1481 397 1513; x_wconf 76' lang='grc' dir='ltr'>δεδιότας</span> <span class='ocrx_word' id='word_1_423' title='bbox 410 1482 455 1508; x_wconf 72' lang='grc' dir='ltr'>τὸν</span> <span class='ocrx_word' id='word_1_424' title='bbox 474 1481 541 1517; x_wconf 86' lang='grc' dir='ltr'>ᾇδην</span> <span class='ocrx_word' id='word_1_425' title='bbox 558 1483 572 1508; x_wconf 89' lang='grc' dir='ltr'>ὁ</span> <span class='ocrx_word' id='word_1_426' title='bbox 587 1482 713 1518; x_wconf 74' lang='grc' dir='ltr'>προῦχων</span> <span class='ocrx_word' id='word_1_427' title='bbox 728 1483 757 1508; x_wconf 82' lang='grc' dir='ltr'><strong>ὲν</strong></span> <span class='ocrx_word' id='word_1_428' title='bbox 768 1483 903 1518; x_wconf 76' lang='grc' dir='ltr'>ποιηταῖς,</span> <span class='ocrx_word' id='word_1_429' title='bbox 915 1481 986 1508; x_wconf 78' lang='grc' dir='ltr'>ὥστε</span> <span class='ocrx_word' id='word_1_430' title='bbox 1002 1482 1049 1508; x_wconf 76' lang='grc' dir='ltr'><strong>καὶ</strong></span> <span class='ocrx_word' id='word_1_431' title='bbox 1064 1481 1209 1516; x_wconf 83' lang='grc' dir='ltr'>ἀπώμοτον</span> <span class='ocrx_word' id='word_1_432' title='bbox 1223 1479 1357 1507; x_wconf 81' lang='grc' dir='ltr'>ποιεῖσθαι</span> <span class='ocrx_word' id='word_1_433' title='bbox 1366 1480 1411 1506; x_wconf 75' lang='grc' dir='ltr'>τὸν</span> <span class='ocrx_word' id='word_1_434' title='bbox 1425 1480 1512 1516; x_wconf 83' lang='grc' dir='ltr'>χῶρον</span> <span class='ocrx_word' id='word_1_435' title='bbox 1523 1489 1530 1496; x_wconf 90' lang='grc'>·</span> <span class='ocrx_word' id='word_1_436' title='bbox 1545 1480 1718 1516; x_wconf 72' lang='grc' dir='ltr'>εἰσκεκόμικε</span> 
     </span>
    </p>
   </div>
   <div class='ocr_carea' id='block_1_61' title="bbox 87 1527 713 1563">
    <p class='ocr_par' dir='ltr' id='par_1_61' title="bbox 87 1527 713 1563">
     <span class='ocr_line' id='line_1_61' title="bbox 87 1527 713 1563; baseline 0 -9"><span class='ocrx_word' id='word_1_437' title='bbox 87 1529 143 1562; x_wconf 68' lang='grc' dir='ltr'><strong>γὰρ</strong></span> <span class='ocrx_word' id='word_1_438' title='bbox 159 1527 278 1563; x_wconf 81' lang='grc' dir='ltr'>ὀμνύντα</span> <span class='ocrx_word' id='word_1_439' title='bbox 294 1528 354 1554; x_wconf 78' lang='grc' dir='ltr'>τινὰ</span> <span class='ocrx_word' id='word_1_440' title='bbox 367 1527 420 1554; x_wconf 90' lang='grc' dir='ltr'><strong>τῶν</strong></span> <span class='ocrx_word' id='word_1_441' title='bbox 435 1527 504 1554; x_wconf 85' lang='grc' dir='ltr'>θεῶν</span> <span class='ocrx_word' id='word_1_442' title='bbox 520 1527 567 1554; x_wconf 74' lang='grc' dir='ltr'><strong>καὶ</strong></span> <span class='ocrx_word' id='word_1_443' title='bbox 581 1527 695 1562; x_wconf 75' lang='grc' dir='ltr'>λέγοντα</span> <span class='ocrx_word' id='word_1_444' title='bbox 706 1537 713 1543; x_wconf 89' lang='grc'><strong>·</strong></span> 
     </span>
    </p>
   </div>
   <div class='ocr_carea' id='block_1_62' title="bbox 89 1578 856 1620">
    <p class='ocr_par' dir='ltr' id='par_1_62' title="bbox 89 1584 856 1620">
     <span class='ocr_line' id='line_1_62' title="bbox 89 1584 856 1620; baseline 0.003 -10"><span class='ocrx_word' id='word_1_445' title='bbox 89 1584 250 1620; x_wconf 18' lang='grc' dir='ltr'><strong>Ἰστωγνῦν</strong></span> <span class='ocrx_word' id='word_1_446' title='bbox 265 1584 331 1610; x_wconf 84' lang='grc' dir='ltr'>τόδε</span> <span class='ocrx_word' id='word_1_447' title='bbox 344 1585 422 1619; x_wconf 74' lang='grc' dir='ltr'>γαῖα,</span> <span class='ocrx_word' id='word_1_448' title='bbox 438 1585 487 1611; x_wconf 76' lang='grc' dir='ltr'>καὶ</span> <span class='ocrx_word' id='word_1_449' title='bbox 497 1586 622 1619; x_wconf 75' lang='grc' dir='ltr'>οὐρανὸς</span> <span class='ocrx_word' id='word_1_450' title='bbox 637 1585 727 1619; x_wconf 81' lang='grc' dir='ltr'>εὐρὺς</span> <span class='ocrx_word' id='word_1_451' title='bbox 736 1585 856 1620; x_wconf 56' lang='lat' dir='ltr'><strong>{ineptias</strong></span> 
     </span>
    </p>
   </div>
   <div class='ocr_carea' id='block_1_63' title="bbox 932 1578 1650 1620">
    <p class='ocr_par' dir='ltr' id='par_1_63' title="bbox 932 1583 1650 1620">
     <span class='ocr_line' id='line_1_63' title="bbox 932 1583 1650 1620; baseline -0.001 -10"><span class='ocrx_word' id='word_1_452' title='bbox 932 1583 1004 1620; x_wconf 62' lang='lat' dir='ltr'><strong>Sciat</strong></span> <span class='ocrx_word' id='word_1_453' title='bbox 1019 1591 1087 1620; x_wconf 62' lang='lat' dir='ltr'><strong>nuch</strong></span> <span class='ocrx_word' id='word_1_454' title='bbox 1103 1583 1173 1610; x_wconf 73' lang='lat' dir='ltr'><strong>istud</strong></span> <span class='ocrx_word' id='word_1_455' title='bbox 1188 1589 1309 1620; x_wconf 19' lang='lat' dir='ltr'><strong>tentaret</strong></span> <span class='ocrx_word' id='word_1_456' title='bbox 1323 1583 1418 1620; x_wconf 59' lang='lat' dir='ltr'><strong>uelum</strong></span> <span class='ocrx_word' id='word_1_457' title='bbox 1433 1583 1515 1609; x_wconf 82' lang='lat' dir='ltr'><strong>lutum</strong></span> <span class='ocrx_word' id='word_1_458' title='bbox 1529 1590 1650 1620; x_wconf 69' lang='lat' dir='ltr'><strong>superne.</strong></span> 
     </span>
    </p>
   </div>
   <div class='ocr_carea' id='block_1_64' title="bbox 88 1619 878 1655">
    <p class='ocr_par' dir='ltr' id='par_1_64' title="bbox 88 1619 878 1655">
     <span class='ocr_line' id='line_1_64' title="bbox 88 1619 878 1655; baseline 0.001 -9"><span class='ocrx_word' id='word_1_459' title='bbox 88 1619 144 1646; x_wconf 78' lang='grc' dir='ltr'><strong>Καὶ</strong></span> <span class='ocrx_word' id='word_1_460' title='bbox 158 1619 192 1646; x_wconf 82' lang='grc' dir='ltr'>τὸ</span> <span class='ocrx_word' id='word_1_461' title='bbox 207 1620 416 1654; x_wconf 76' lang='grc' dir='ltr'>κατειϐόμενον</span> <span class='ocrx_word' id='word_1_462' title='bbox 427 1621 539 1655; x_wconf 79' lang='grc' dir='ltr'>Στυγὸς</span> <span class='ocrx_word' id='word_1_463' title='bbox 554 1620 642 1655; x_wconf 74' lang='grc' dir='ltr'>ὕδωρ,</span> <span class='ocrx_word' id='word_1_464' title='bbox 656 1620 727 1647; x_wconf 85' lang='grc' dir='ltr'>ὅστε</span> <span class='ocrx_word' id='word_1_465' title='bbox 736 1620 878 1655; x_wconf 80' lang='grc' dir='ltr'>μέγιστος</span> 
     </span>
    </p>
   </div>
   <div class='ocr_carea' id='block_1_65' title="bbox 88 1689 877 1726">
    <p class='ocr_par' dir='ltr' id='par_1_65' title="bbox 88 1689 877 1726">
     <span class='ocr_line' id='line_1_65' title="bbox 88 1689 877 1726; baseline 0.004 -12"><span class='ocrx_word' id='word_1_466' title='bbox 88 1689 195 1723; x_wconf 83' lang='grc' dir='ltr'>Ὅρκος</span> <span class='ocrx_word' id='word_1_467' title='bbox 207 1689 378 1722; x_wconf 78' lang='grc' dir='ltr'>δεινότατος</span> <span class='ocrx_word' id='word_1_468' title='bbox 396 1689 518 1716; x_wconf 74' lang='grc' dir='ltr'>πέλεται</span> <span class='ocrx_word' id='word_1_469' title='bbox 531 1690 702 1725; x_wconf 65' lang='grc' dir='ltr'>μακάρεσσι</span> <span class='ocrx_word' id='word_1_470' title='bbox 721 1690 814 1718; x_wconf 81' lang='grc' dir='ltr'><strong>θεοῖσι</strong></span> <span class='ocrx_word' id='word_1_471' title='bbox 829 1691 877 1726; x_wconf 88' lang='lat' dir='ltr'><strong>(l).</strong></span> 
     </span>
    </p>
   </div>
   <div class='ocr_carea' id='block_1_66' title="bbox 86 1744 878 1782">
    <p class='ocr_par' dir='ltr' id='par_1_66' title="bbox 86 1744 878 1782">
     <span class='ocr_line' id='line_1_66' title="bbox 86 1744 878 1782; baseline 0 -11"><span class='ocrx_word' id='word_1_472' title='bbox 86 1745 174 1771; x_wconf 79' lang='grc' dir='ltr'>Φάναι</span> <span class='ocrx_word' id='word_1_473' title='bbox 191 1744 219 1771; x_wconf 81' lang='grc' dir='ltr'>δέ</span> <span class='ocrx_word' id='word_1_474' title='bbox 242 1753 309 1780; x_wconf 86' lang='grc' dir='ltr'>φησι</span> <span class='ocrx_word' id='word_1_475' title='bbox 329 1745 399 1779; x_wconf 81' lang='grc' dir='ltr'>τάχα</span> <span class='ocrx_word' id='word_1_476' title='bbox 416 1754 466 1771; x_wconf 90' lang='grc' dir='ltr'><strong>που</strong></span> <span class='ocrx_word' id='word_1_477' title='bbox 482 1745 531 1781; x_wconf 82' lang='grc' dir='ltr'>τὴν</span> <span class='ocrx_word' id='word_1_478' title='bbox 543 1746 632 1781; x_wconf 81' lang='grc' dir='ltr'>Ἥραν</span> <span class='ocrx_word' id='word_1_479' title='bbox 649 1746 716 1781; x_wconf 78' lang='grc' dir='ltr'>πρὸς</span> <span class='ocrx_word' id='word_1_480' title='bbox 730 1746 776 1772; x_wconf 73' lang='grc' dir='ltr'>τὸν</span> <span class='ocrx_word' id='word_1_481' title='bbox 798 1746 878 1782; x_wconf 81' lang='grc' dir='ltr'>ὁμαί-</span> 
     </span>
    </p>
   </div>
   <div class='ocr_carea' id='block_1_67' title="bbox 90 1789 490 1824">
    <p class='ocr_par' dir='ltr' id='par_1_67' title="bbox 90 1789 490 1824">
     <span class='ocr_line' id='line_1_67' title="bbox 90 1789 490 1824; baseline 0 -8"><span class='ocrx_word' id='word_1_482' title='bbox 90 1790 161 1824; x_wconf 82' lang='grc' dir='ltr'>μονά</span> <span class='ocrx_word' id='word_1_483' title='bbox 175 1799 205 1816; x_wconf 85' lang='grc' dir='ltr'><strong>τε</strong></span> <span class='ocrx_word' id='word_1_484' title='bbox 218 1790 266 1816; x_wconf 72' lang='grc' dir='ltr'><strong>καὶ</strong></span> <span class='ocrx_word' id='word_1_485' title='bbox 282 1789 409 1816; x_wconf 84' lang='grc' dir='ltr'>σύνευνον</span> <span class='ocrx_word' id='word_1_486' title='bbox 425 1791 490 1817; x_wconf 73' lang='grc' dir='ltr'>Δία’</span> 
     </span>
    </p>
   </div>
   <div class='ocr_carea' id='block_1_68' title="bbox 87 1847 790 1882">
    <p class='ocr_par' dir='ltr' id='par_1_68' title="bbox 87 1847 790 1882">
     <span class='ocr_line' id='line_1_68' title="bbox 87 1847 790 1882; baseline 0 -8"><span class='ocrx_word' id='word_1_487' title='bbox 87 1848 231 1874; x_wconf 62' lang='grc' dir='ltr'>Δινύτατε</span> <span class='ocrx_word' id='word_1_488' title='bbox 248 1847 382 1881; x_wconf 80' lang='grc' dir='ltr'>Κρονίδη,</span> <span class='ocrx_word' id='word_1_489' title='bbox 395 1848 481 1874; x_wconf 82' lang='grc' dir='ltr'>ποῖον</span> <span class='ocrx_word' id='word_1_490' title='bbox 498 1847 552 1874; x_wconf 74' lang='grc' dir='ltr'><strong>τὸν</strong></span> <span class='ocrx_word' id='word_1_491' title='bbox 561 1847 660 1882; x_wconf 78' lang='grc' dir='ltr'>μῦθον</span> <span class='ocrx_word' id='word_1_492' title='bbox 675 1848 790 1881; x_wconf 76' lang='grc' dir='ltr'>ἕειπες;</span> 
     </span>
    </p>
   </div>
   <div class='ocr_carea' id='block_1_69' title="bbox 89 1882 860 1917">
    <p class='ocr_par' dir='ltr' id='par_1_69' title="bbox 89 1882 860 1917">
     <span class='ocr_line' id='line_1_69' title="bbox 89 1882 860 1917; baseline 0.003 -9"><span class='ocrx_word' id='word_1_493' title='bbox 89 1882 198 1916; x_wconf 74' lang='grc' dir='ltr'>Ἄνδρα</span> <span class='ocrx_word' id='word_1_494' title='bbox 212 1882 322 1915; x_wconf 82' lang='grc' dir='ltr'><strong>θνητὸν</strong></span> <span class='ocrx_word' id='word_1_495' title='bbox 340 1883 438 1913; x_wconf 73' lang='grc' dir='ltr'>ἐόντα,</span> <span class='ocrx_word' id='word_1_496' title='bbox 456 1883 546 1909; x_wconf 83' lang='grc' dir='ltr'>πάλαι</span> <span class='ocrx_word' id='word_1_497' title='bbox 563 1882 756 1917; x_wconf 80' lang='grc' dir='ltr'>πεπρωμένον</span> <span class='ocrx_word' id='word_1_498' title='bbox 775 1883 860 1917; x_wconf 78' lang='grc' dir='ltr'><strong>αἴσῃ,</strong></span> 
     </span>
    </p>
   </div>
   <div class='ocr_carea' id='block_1_70' title="bbox 86 1916 827 1951">
    <p class='ocr_par' dir='ltr' id='par_1_70' title="bbox 86 1916 827 1951">
     <span class='ocr_line' id='line_1_70' title="bbox 86 1916 827 1951; baseline 0.003 -8"><span class='ocrx_word' id='word_1_499' title='bbox 86 1917 156 1949; x_wconf 82' lang='grc' dir='ltr'>Πῶς</span> <span class='ocrx_word' id='word_1_500' title='bbox 169 1917 283 1949; x_wconf 73' lang='grc' dir='ltr'><strong>ἐθέλεις</strong></span> <span class='ocrx_word' id='word_1_501' title='bbox 301 1916 439 1944; x_wconf 82' lang='grc' dir='ltr'>θανάτοιο</span> <span class='ocrx_word' id='word_1_502' title='bbox 454 1918 605 1951; x_wconf 76' lang='grc' dir='ltr'>δυσηχέος</span> <span class='ocrx_word' id='word_1_503' title='bbox 620 1916 827 1949; x_wconf 70' lang='grc' dir='ltr'>ἐειιναλῦσαιῖ</span> 
     </span>
    </p>
   </div>
   <div class='ocr_carea' id='block_1_71' title="bbox 88 1952 878 2015">
    <p class='ocr_par' dir='ltr' id='par_1_71' title="bbox 88 1952 878 2015">
     <span class='ocr_line' id='line_1_71' title="bbox 88 1952 878 2015; baseline 0.003 -36"><span class='ocrx_word' id='word_1_504' title='bbox 88 1952 184 1986; x_wconf 81' lang='grc' dir='ltr'>Ἐρδ’,</span> <span class='ocrx_word' id='word_1_505' title='bbox 201 1952 274 1986; x_wconf 81' lang='grc' dir='ltr'>ἀτὰρ</span> <span class='ocrx_word' id='word_1_506' title='bbox 296 1952 331 1979; x_wconf 83' lang='grc' dir='ltr'>οῦ</span> <span class='ocrx_word' id='word_1_507' title='bbox 348 1961 392 1979; x_wconf 82' lang='grc' dir='ltr'><strong>τοι</strong></span> <span class='ocrx_word' id='word_1_508' title='bbox 411 1953 523 1986; x_wconf 78' lang='grc' dir='ltr'>πάντες</span> <span class='ocrx_word' id='word_1_509' title='bbox 542 1953 878 2015; x_wconf 47' lang='grc' dir='ltr'><strong>ὲπαινέομενῌθεοῐὶῇξλ-</strong></span> 
     </span>
     <span class='ocr_line' id='line_1_72' title="bbox 750 1997 840 2015; baseline 0 0"><span class='ocrx_word' id='word_1_510' title='bbox 750 1997 777 2015; x_wconf 90' lang='grc' dir='ltr'><strong>οι</strong></span> <span class='ocrx_word' id='word_1_511' title='bbox 834 2009 840 2015; x_wconf 92' lang='grc'><strong>.</strong></span> 
     </span>
    </p>
   </div>
   <div class='ocr_carea' id='block_1_72' title="bbox 717 1989 840 2024">
    <p class='ocr_par' dir='ltr' id='par_1_72' title="bbox 717 1989 840 2024">
     <span class='ocr_line' id='line_1_73' title="bbox 717 1989 840 2024; baseline 0 -9"><span class='ocrx_word' id='word_1_512' title='bbox 717 1989 777 2023; x_wconf 78' lang='grc' dir='ltr'>[λοι</span> <span class='ocrx_word' id='word_1_513' title='bbox 792 1989 840 2024; x_wconf 69' lang='grc' dir='ltr'><strong>(Ξ).</strong></span> 
     </span>
    </p>
   </div>
   <div class='ocr_carea' id='block_1_73' title="bbox 932 1617 1716 1688">
    <p class='ocr_par' dir='ltr' id='par_1_73' title="bbox 932 1617 1716 1688">
     <span class='ocr_line' id='line_1_74' title="bbox 932 1617 1716 1688; baseline -0.004 -42"><span class='ocrx_word' id='word_1_514' title='bbox 932 1619 1014 1654; x_wconf 81' lang='lat'><strong>339</strong></span> <span class='ocrx_word' id='word_1_515' title='bbox 1029 1619 1061 1646; x_wconf 69' lang='lat' dir='ltr'><strong>Et</strong></span> <span class='ocrx_word' id='word_1_516' title='bbox 1080 1619 1137 1654; x_wconf 74' lang='lat' dir='ltr'><strong>ipsa</strong></span> <span class='ocrx_word' id='word_1_517' title='bbox 1152 1619 1329 1646; x_wconf 68' lang='lat' dir='ltr'><strong>subter-labens</strong></span> <span class='ocrx_word' id='word_1_518' title='bbox 1345 1617 1430 1653; x_wconf 74' lang='lat' dir='ltr'><strong>Stygis</strong></span> <span class='ocrx_word' id='word_1_519' title='bbox 1445 1627 1524 1652; x_wconf 81' lang='lat' dir='ltr'><strong>aqua,</strong></span> <span class='ocrx_word' id='word_1_520' title='bbox 1542 1618 1610 1688; x_wconf 54' lang='lat' dir='ltr'><strong>quo?</strong></span> <span class='ocrx_word' id='word_1_521' title='bbox 1629 1617 1716 1644; x_wconf 64' lang='lat' dir='ltr'><strong>maxi-</strong></span> 
     </span>
     <span class='ocr_line' id='line_1_75' title="bbox 1611 1660 1681 1678; baseline 0 0"><span class='ocrx_word' id='word_1_522' title='bbox 1611 1660 1681 1678; x_wconf 87' lang='lat' dir='ltr'><strong>mum</strong></span> 
     </span>
    </p>
   </div>
   <div class='ocr_carea' id='block_1_74' title="bbox 1611 1660 1681 1678">
    <p class='ocr_par' dir='ltr' id='par_1_74' title="bbox 1611 1660 1681 1678">
     <span class='ocr_line' id='line_1_76' title="bbox 1611 1660 1681 1678; baseline 0 0"><span class='ocrx_word' id='word_1_523' title='bbox 1611 1660 1681 1678; x_wconf 87' lang='lat' dir='ltr'><strong>mum</strong></span> 
     </span>
    </p>
   </div>
   <div class='ocr_carea' id='block_1_75' title="bbox 931 1687 1543 1724">
    <p class='ocr_par' dir='ltr' id='par_1_75' title="bbox 931 1687 1543 1724">
     <span class='ocr_line' id='line_1_77' title="bbox 931 1687 1543 1724; baseline -0.003 -8"><span class='ocrx_word' id='word_1_524' title='bbox 931 1689 1119 1716; x_wconf 79' lang='lat' dir='ltr'><strong>Juramenlum</strong></span> <span class='ocrx_word' id='word_1_525' title='bbox 1133 1689 1316 1724; x_wconf 72' lang='lat' dir='ltr'><strong>gravissimum</strong></span> <span class='ocrx_word' id='word_1_526' title='bbox 1331 1694 1368 1715; x_wconf 78' lang='lat' dir='ltr'><strong>est</strong></span> <span class='ocrx_word' id='word_1_527' title='bbox 1385 1688 1464 1714; x_wconf 80' lang='lat' dir='ltr'><strong>beatis</strong></span> <span class='ocrx_word' id='word_1_528' title='bbox 1483 1687 1543 1714; x_wconf 74' lang='lat' dir='ltr'><strong>diis.</strong></span> 
     </span>
    </p>
   </div>
   <div class='ocr_carea' id='block_1_76' title="bbox 929 1743 1716 1778">
    <p class='ocr_par' dir='ltr' id='par_1_76' title="bbox 929 1743 1716 1778">
     <span class='ocr_line' id='line_1_78' title="bbox 929 1743 1716 1778; baseline 0 -8"><span class='ocrx_word' id='word_1_529' title='bbox 929 1744 1062 1772; x_wconf 70' lang='lat' dir='ltr'><strong>lunonem</strong></span> <span class='ocrx_word' id='word_1_530' title='bbox 1082 1753 1144 1772; x_wconf 85' lang='lat' dir='ltr'><strong>vero</strong></span> <span class='ocrx_word' id='word_1_531' title='bbox 1161 1745 1266 1772; x_wconf 89' lang='lat' dir='ltr'><strong>inducit</strong></span> <span class='ocrx_word' id='word_1_532' title='bbox 1285 1744 1378 1771; x_wconf 78' lang='lat' dir='ltr'><strong>Jm‘em</strong></span> <span class='ocrx_word' id='word_1_533' title='bbox 1395 1744 1506 1771; x_wconf 80' lang='lat' dir='ltr'><strong>fratrem</strong></span> <span class='ocrx_word' id='word_1_534' title='bbox 1525 1748 1551 1771; x_wconf 89' lang='lat' dir='ltr'><strong>et</strong></span> <span class='ocrx_word' id='word_1_535' title='bbox 1574 1743 1716 1778; x_wconf 71' lang='lat' dir='ltr'><strong>coniugem</strong></span> 
     </span>
    </p>
   </div>
   <div class='ocr_carea' id='block_1_77' title="bbox 930 1790 1417 1823">
    <p class='ocr_par' dir='ltr' id='par_1_77' title="bbox 930 1790 1417 1823">
     <span class='ocr_line' id='line_1_79' title="bbox 930 1790 1417 1823; baseline -0.002 -6"><span class='ocrx_word' id='word_1_536' title='bbox 930 1799 1007 1817; x_wconf 85' lang='lat' dir='ltr'><strong>suum</strong></span> <span class='ocrx_word' id='word_1_537' title='bbox 1027 1790 1231 1823; x_wconf 84' lang='lat' dir='ltr'><strong>compellanlem</strong></span> <span class='ocrx_word' id='word_1_538' title='bbox 1246 1790 1288 1817; x_wconf 86' lang='lat' dir='ltr'><strong>his</strong></span> <span class='ocrx_word' id='word_1_539' title='bbox 1306 1790 1395 1816; x_wconf 78' lang='lat' dir='ltr'><strong>verbis</strong></span> <span class='ocrx_word' id='word_1_540' title='bbox 1410 1799 1417 1816; x_wconf 87' lang='lat'>:</span> 
     </span>
    </p>
   </div>
   <div class='ocr_carea' id='block_1_78' title="bbox 931 1845 1585 1880">
    <p class='ocr_par' dir='ltr' id='par_1_78' title="bbox 931 1845 1585 1880">
     <span class='ocr_line' id='line_1_80' title="bbox 931 1845 1585 1880; baseline -0.002 -7"><span class='ocrx_word' id='word_1_541' title='bbox 931 1847 1098 1873; x_wconf 67' lang='lat' dir='ltr'><strong>Set-crinium</strong></span> <span class='ocrx_word' id='word_1_542' title='bbox 1111 1847 1249 1877; x_wconf 68' lang='lat' dir='ltr'><strong>Saturnia,</strong></span> <span class='ocrx_word' id='word_1_543' title='bbox 1265 1845 1342 1880; x_wconf 78' lang='lat' dir='ltr'><strong>quale</strong></span> <span class='ocrx_word' id='word_1_544' title='bbox 1355 1845 1459 1872; x_wconf 72' lang='lat' dir='ltr'><strong>verbum</strong></span> <span class='ocrx_word' id='word_1_545' title='bbox 1471 1845 1585 1872; x_wconf 71' lang='lat' dir='ltr'><strong>dixisti?</strong></span> 
     </span>
    </p>
   </div>
   <div class='ocr_carea' id='block_1_79' title="bbox 934 1880 1646 1915">
    <p class='ocr_par' dir='ltr' id='par_1_79' title="bbox 934 1880 1646 1915">
     <span class='ocr_line' id='line_1_81' title="bbox 934 1880 1646 1915; baseline -0.001 -7"><span class='ocrx_word' id='word_1_546' title='bbox 934 1881 1039 1910; x_wconf 76' lang='lat' dir='ltr'><strong>Virum.</strong></span> <span class='ocrx_word' id='word_1_547' title='bbox 1052 1890 1161 1915; x_wconf 77' lang='lat' dir='ltr'><strong>eumque</strong></span> <span class='ocrx_word' id='word_1_548' title='bbox 1177 1881 1326 1911; x_wconf 78' lang='lat' dir='ltr'><strong>mortalem.</strong></span> <span class='ocrx_word' id='word_1_549' title='bbox 1341 1881 1387 1906; x_wconf 80' lang='lat' dir='ltr'><strong>diu</strong></span> <span class='ocrx_word' id='word_1_550' title='bbox 1403 1881 1563 1915; x_wconf 61' lang='lat' dir='ltr'><strong>{festinatum</strong></span> <span class='ocrx_word' id='word_1_551' title='bbox 1579 1880 1646 1915; x_wconf 71' lang='lat' dir='ltr'><strong>fato,</strong></span> 
     </span>
    </p>
   </div>
   <div class='ocr_carea' id='block_1_80' title="bbox 930 1913 1486 1948">
    <p class='ocr_par' dir='ltr' id='par_1_80' title="bbox 930 1913 1486 1948">
     <span class='ocr_line' id='line_1_82' title="bbox 930 1913 1486 1948; baseline 0.002 -7"><span class='ocrx_word' id='word_1_552' title='bbox 930 1917 1067 1948; x_wconf 76' lang='lat' dir='ltr'><strong>Quomodo</strong></span> <span class='ocrx_word' id='word_1_553' title='bbox 1087 1913 1125 1942; x_wconf 73' lang='lat' dir='ltr'><strong>vis</strong></span> <span class='ocrx_word' id='word_1_554' title='bbox 1144 1925 1159 1942; x_wconf 73' lang='grc' dir='ltr'><strong>(ι</strong></span> <span class='ocrx_word' id='word_1_555' title='bbox 1174 1922 1257 1942; x_wconf 81' lang='lat' dir='ltr'><strong>morte</strong></span> <span class='ocrx_word' id='word_1_556' title='bbox 1270 1916 1338 1941; x_wconf 78' lang='lat' dir='ltr'><strong>tristi</strong></span> <span class='ocrx_word' id='word_1_557' title='bbox 1354 1913 1486 1942; x_wconf 71' lang='lat' dir='ltr'><strong>libe&#39;rore?</strong></span> 
     </span>
    </p>
   </div>
   <div class='ocr_carea' id='block_1_81' title="bbox 930 1951 1578 1985">
    <p class='ocr_par' dir='ltr' id='par_1_81' title="bbox 930 1951 1578 1985">
     <span class='ocr_line' id='line_1_83' title="bbox 930 1951 1578 1985; baseline 0 -7"><span class='ocrx_word' id='word_1_558' title='bbox 930 1951 987 1978; x_wconf 81' lang='lat' dir='ltr'><strong>Fac</strong></span> <span class='ocrx_word' id='word_1_559' title='bbox 1001 1959 1010 1978; x_wconf 84' lang='lat'><strong>.&#39;</strong></span> <span class='ocrx_word' id='word_1_560' title='bbox 1023 1957 1050 1977; x_wconf 83' lang='lat' dir='ltr'><strong>at</strong></span> <span class='ocrx_word' id='word_1_561' title='bbox 1067 1959 1118 1977; x_wconf 87' lang='lat' dir='ltr'><strong>non</strong></span> <span class='ocrx_word' id='word_1_562' title='bbox 1134 1952 1301 1985; x_wconf 75' lang='lat' dir='ltr'><strong>probabimus</strong></span> <span class='ocrx_word' id='word_1_563' title='bbox 1318 1951 1355 1976; x_wconf 82' lang='lat' dir='ltr'><strong>dii</strong></span> <span class='ocrx_word' id='word_1_564' title='bbox 1371 1951 1463 1985; x_wconf 78' lang='lat' dir='ltr'><strong>reliqui</strong></span> <span class='ocrx_word' id='word_1_565' title='bbox 1479 1958 1578 1978; x_wconf 74' lang='lat' dir='ltr'><strong>omnes.</strong></span> 
     </span>
    </p>
   </div>
   <div class='ocr_carea' id='block_1_82' title="bbox 92 2041 856 2080">
    <p class='ocr_par' dir='ltr' id='par_1_82' title="bbox 92 2043 856 2080">
     <span class='ocr_line' id='line_1_84' title="bbox 92 2043 856 2080; baseline 0.001 -11"><span class='ocrx_word' id='word_1_566' title='bbox 92 2043 164 2070; x_wconf 69' lang='lat' dir='ltr'><strong>’Ave‘</strong></span> <span class='ocrx_word' id='word_1_567' title='bbox 177 2043 238 2070; x_wconf 84' lang='grc' dir='ltr'>ὅτου</span> <span class='ocrx_word' id='word_1_568' title='bbox 253 2043 318 2079; x_wconf 83' lang='grc' dir='ltr'>γὰρ,</span> <span class='ocrx_word' id='word_1_569' title='bbox 339 2043 433 2079; x_wconf 80' lang='grc' dir='ltr'>φησὶν,</span> <span class='ocrx_word' id='word_1_570' title='bbox 448 2043 509 2078; x_wconf 79' lang='grc' dir='ltr'>είκῆ</span> <span class='ocrx_word' id='word_1_571' title='bbox 525 2043 614 2070; x_wconf 87' lang='grc' dir='ltr'>πονῶν</span> <span class='ocrx_word' id='word_1_572' title='bbox 628 2043 678 2069; x_wconf 78' lang='grc' dir='ltr'><strong>οὐκ</strong></span> <span class='ocrx_word' id='word_1_573' title='bbox 693 2043 819 2080; x_wconf 70' lang='grc' dir='ltr'>αἰσθάνῃ,</span> <span class='ocrx_word' id='word_1_574' title='bbox 830 2052 856 2070; x_wconf 80' lang='lat' dir='ltr'><strong>xc</strong></span> 
     </span>
    </p>
   </div>
   <div class='ocr_carea' id='block_1_83' title="bbox 932 2041 1714 2080">
    <p class='ocr_par' dir='ltr' id='par_1_83' title="bbox 932 2041 1714 2077">
     <span class='ocr_line' id='line_1_85' title="bbox 932 2041 1714 2077; baseline -0.001 -7"><span class='ocrx_word' id='word_1_575' title='bbox 932 2043 983 2071; x_wconf 80' lang='lat' dir='ltr'><strong>Cur</strong></span> <span class='ocrx_word' id='word_1_576' title='bbox 998 2043 1082 2075; x_wconf 86' lang='lat' dir='ltr'><strong>enim,</strong></span> <span class='ocrx_word' id='word_1_577' title='bbox 1107 2042 1204 2077; x_wconf 79' lang='lat' dir='ltr'><strong>inquit,</strong></span> <span class='ocrx_word' id='word_1_578' title='bbox 1226 2042 1326 2070; x_wconf 68' lang='lat' dir='ltr'><strong>l&#39;rustra</strong></span> <span class='ocrx_word' id='word_1_579' title='bbox 1354 2048 1379 2069; x_wconf 89' lang='lat' dir='ltr'><strong>te</strong></span> <span class='ocrx_word' id='word_1_580' title='bbox 1397 2041 1520 2070; x_wconf 88' lang='lat' dir='ltr'><strong>laborare</strong></span> <span class='ocrx_word' id='word_1_581' title='bbox 1543 2049 1596 2069; x_wconf 88' lang='lat' dir='ltr'><strong>non</strong></span> <span class='ocrx_word' id='word_1_582' title='bbox 1619 2047 1714 2073; x_wconf 78' lang='lat' dir='ltr'><strong>sentis.</strong></span> 
     </span>
    </p>
   </div>
   <div class='ocr_carea' id='block_1_84' title="bbox 84 2086 856 2124">
    <p class='ocr_par' dir='ltr' id='par_1_84' title="bbox 84 2086 856 2124">
     <span class='ocr_line' id='line_1_86' title="bbox 84 2086 856 2124; baseline -0.001 -8"><span class='ocrx_word' id='word_1_583' title='bbox 84 2090 121 2116; x_wconf 82' lang='grc' dir='ltr'>τὰ</span> <span class='ocrx_word' id='word_1_584' title='bbox 145 2088 278 2124; x_wconf 74' lang='grc' dir='ltr'>ἀνέφικτα</span> <span class='ocrx_word' id='word_1_585' title='bbox 301 2089 406 2124; x_wconf 73' lang='grc' dir='ltr'>ζητῶνς</span> <span class='ocrx_word' id='word_1_586' title='bbox 433 2086 499 2115; x_wconf 86' lang='grc' dir='ltr'>Εῐτα</span> <span class='ocrx_word' id='word_1_587' title='bbox 522 2088 573 2115; x_wconf 83' lang='grc' dir='ltr'>οἴει</span> <span class='ocrx_word' id='word_1_588' title='bbox 599 2089 636 2124; x_wconf 82' lang='grc' dir='ltr'>μὴ</span> <span class='ocrx_word' id='word_1_589' title='bbox 660 2089 748 2124; x_wconf 85' lang='grc' dir='ltr'>πάντη</span> <span class='ocrx_word' id='word_1_590' title='bbox 773 2097 804 2115; x_wconf 81' lang='grc' dir='ltr'><strong>τε</strong></span> <span class='ocrx_word' id='word_1_591' title='bbox 830 2097 856 2116; x_wconf 90' lang='grc' dir='ltr'><strong>κι</strong></span> 
     </span>
    </p>
   </div>
   <div class='ocr_carea' id='block_1_85' title="bbox 932 2086 1717 2124">
    <p class='ocr_par' dir='ltr' id='par_1_85' title="bbox 932 2087 1717 2124">
     <span class='ocr_line' id='line_1_87' title="bbox 932 2087 1717 2124; baseline -0.004 -7"><span class='ocrx_word' id='word_1_592' title='bbox 932 2096 955 2117; x_wconf 83' lang='lat' dir='ltr'><strong>et</strong></span> <span class='ocrx_word' id='word_1_593' title='bbox 970 2096 1094 2124; x_wconf 66' lang='lat' dir='ltr'><strong>quaerere</strong></span> <span class='ocrx_word' id='word_1_594' title='bbox 1115 2096 1176 2124; x_wconf 71' lang='lat' dir='ltr'><strong>qua:</strong></span> <span class='ocrx_word' id='word_1_595' title='bbox 1203 2097 1255 2115; x_wconf 91' lang='lat' dir='ltr'><strong>non</strong></span> <span class='ocrx_word' id='word_1_596' title='bbox 1281 2089 1368 2123; x_wconf 87' lang='lat' dir='ltr'><strong>possis</strong></span> <span class='ocrx_word' id='word_1_597' title='bbox 1391 2087 1519 2123; x_wconf 77' lang='lat' dir='ltr'><strong>assequ‘i?</strong></span> <span class='ocrx_word' id='word_1_598' title='bbox 1539 2087 1609 2122; x_wconf 86' lang='lat' dir='ltr'><strong>Quid</strong></span> <span class='ocrx_word' id='word_1_599' title='bbox 1627 2088 1717 2121; x_wconf 71' lang='lat' dir='ltr'><strong>ergo?</strong></span> 
     </span>
    </p>
   </div>
   <div class='ocr_carea' id='block_1_86' title="bbox 85 2133 856 2176">
    <p class='ocr_par' dir='ltr' id='par_1_86' title="bbox 85 2134 856 2176">
     <span class='ocr_line' id='line_1_88' title="bbox 85 2134 856 2176; baseline -0.001 -14"><span class='ocrx_word' id='word_1_600' title='bbox 85 2136 197 2167; x_wconf 79' lang='grc' dir='ltr'>πάντως</span> <span class='ocrx_word' id='word_1_601' title='bbox 214 2136 388 2172; x_wconf 77' lang='grc' dir='ltr'>ἀφαμαρτεῖν</span> <span class='ocrx_word' id='word_1_602' title='bbox 412 2135 459 2162; x_wconf 81' lang='grc' dir='ltr'>τοῦ</span> <span class='ocrx_word' id='word_1_603' title='bbox 484 2135 649 2170; x_wconf 82' lang='grc' dir='ltr'>καθήκοντος</span> <span class='ocrx_word' id='word_1_604' title='bbox 669 2134 812 2176; x_wconf 68' lang='grc' dir='ltr'>λογισμοῦ,</span> <span class='ocrx_word' id='word_1_605' title='bbox 830 2144 856 2161; x_wconf 75' lang='grc' dir='ltr'>κε</span> 
     </span>
    </p>
   </div>
   <div class='ocr_carea' id='block_1_87' title="bbox 932 2133 1716 2176">
    <p class='ocr_par' dir='ltr' id='par_1_87' title="bbox 932 2133 1716 2170">
     <span class='ocr_line' id='line_1_89' title="bbox 932 2133 1716 2170; baseline -0.001 -8"><span class='ocrx_word' id='word_1_606' title='bbox 932 2140 1043 2170; x_wconf 72' lang='lat' dir='ltr'><strong>putasne</strong></span> <span class='ocrx_word' id='word_1_607' title='bbox 1068 2139 1094 2162; x_wconf 86' lang='lat' dir='ltr'><strong>te</strong></span> <span class='ocrx_word' id='word_1_608' title='bbox 1113 2142 1129 2162; x_wconf 92' lang='lat' dir='ltr'><strong>a</strong></span> <span class='ocrx_word' id='word_1_609' title='bbox 1155 2139 1229 2162; x_wconf 91' lang='lat' dir='ltr'><strong>recto</strong></span> <span class='ocrx_word' id='word_1_610' title='bbox 1253 2141 1306 2161; x_wconf 89' lang='lat' dir='ltr'><strong>non</strong></span> <span class='ocrx_word' id='word_1_611' title='bbox 1336 2141 1448 2168; x_wconf 82' lang='lat' dir='ltr'><strong>prorsus</strong></span> <span class='ocrx_word' id='word_1_612' title='bbox 1472 2133 1611 2165; x_wconf 77' lang='lat' dir='ltr'><strong>aberrare,</strong></span> <span class='ocrx_word' id='word_1_613' title='bbox 1634 2138 1716 2168; x_wconf 81' lang='lat' dir='ltr'><strong>atque</strong></span> 
     </span>
    </p>
   </div>
   <div class='ocr_carea' id='block_1_88' title="bbox 86 2179 877 2216">
    <p class='ocr_par' dir='ltr' id='par_1_88' title="bbox 86 2179 877 2216">
     <span class='ocr_line' id='line_1_90' title="bbox 86 2179 877 2216; baseline -0.004 -8"><span class='ocrx_word' id='word_1_614' title='bbox 86 2181 142 2216; x_wconf 84' lang='grc' dir='ltr'>μὴν</span> <span class='ocrx_word' id='word_1_615' title='bbox 166 2181 214 2208; x_wconf 78' lang='grc' dir='ltr'>καὶ</span> <span class='ocrx_word' id='word_1_616' title='bbox 239 2181 350 2207; x_wconf 66' lang='grc' dir='ltr'>ἐπαίνου</span> <span class='ocrx_word' id='word_1_617' title='bbox 375 2180 476 2211; x_wconf 83' lang='grc' dir='ltr'>παντὸς</span> <span class='ocrx_word' id='word_1_618' title='bbox 501 2181 532 2207; x_wconf 84' lang='grc' dir='ltr'>ὲν</span> <span class='ocrx_word' id='word_1_619' title='bbox 552 2179 613 2215; x_wconf 86' lang='grc' dir='ltr'>δίκῃ</span> <span class='ocrx_word' id='word_1_620' title='bbox 638 2179 791 2212; x_wconf 83' lang='grc' dir='ltr'>διαπεσείν;</span> <span class='ocrx_word' id='word_1_621' title='bbox 812 2179 877 2205; x_wconf 87' lang='grc' dir='ltr'>Ὀτε</span> 
     </span>
    </p>
   </div>
   <div class='ocr_carea' id='block_1_89' title="bbox 83 2224 877 2262">
    <p class='ocr_par' dir='ltr' id='par_1_89' title="bbox 83 2224 877 2262">
     <span class='ocr_line' id='line_1_91' title="bbox 83 2224 877 2262; baseline -0.004 -9"><span class='ocrx_word' id='word_1_622' title='bbox 83 2227 176 2253; x_wconf 81' lang='grc' dir='ltr'>τοίνυν</span> <span class='ocrx_word' id='word_1_623' title='bbox 193 2227 216 2253; x_wconf 81' lang='grc' dir='ltr'>οἱ</span> <span class='ocrx_word' id='word_1_624' title='bbox 231 2226 295 2262; x_wconf 80' lang='grc' dir='ltr'>παρ’</span> <span class='ocrx_word' id='word_1_625' title='bbox 310 2226 402 2257; x_wconf 82' lang='grc' dir='ltr'>αὐτοῖς</span> <span class='ocrx_word' id='word_1_626' title='bbox 416 2225 610 2260; x_wconf 79' lang='grc' dir='ltr'>μουσόληπτοι,</span> <span class='ocrx_word' id='word_1_627' title='bbox 626 2225 675 2252; x_wconf 80' lang='grc' dir='ltr'>καὶ</span> <span class='ocrx_word' id='word_1_628' title='bbox 689 2225 739 2260; x_wconf 83' lang='grc' dir='ltr'>τὴν</span> <span class='ocrx_word' id='word_1_629' title='bbox 754 2224 800 2251; x_wconf 84' lang='grc' dir='ltr'>τοῦ</span> <span class='ocrx_word' id='word_1_630' title='bbox 818 2224 877 2250; x_wconf 84' lang='grc' dir='ltr'>θεο-</span> 
     </span>
    </p>
   </div>
   <div class='ocr_carea' id='block_1_90' title="bbox 930 2177 1716 2215">
    <p class='ocr_par' dir='ltr' id='par_1_90' title="bbox 930 2177 1716 2215">
     <span class='ocr_line' id='line_1_92' title="bbox 930 2177 1716 2215; baseline -0.004 -7"><span class='ocrx_word' id='word_1_631' title='bbox 930 2181 1002 2208; x_wconf 91' lang='lat' dir='ltr'><strong>omni</strong></span> <span class='ocrx_word' id='word_1_632' title='bbox 1022 2179 1102 2208; x_wconf 89' lang='lat' dir='ltr'><strong>laude</strong></span> <span class='ocrx_word' id='word_1_633' title='bbox 1118 2180 1180 2215; x_wconf 86' lang='lat' dir='ltr'><strong>jure</strong></span> <span class='ocrx_word' id='word_1_634' title='bbox 1194 2179 1339 2207; x_wconf 75' lang='lat' dir='ltr'><strong>excidere?</strong></span> <span class='ocrx_word' id='word_1_635' title='bbox 1353 2178 1421 2206; x_wconf 88' lang='lat' dir='ltr'><strong>Cum</strong></span> <span class='ocrx_word' id='word_1_636' title='bbox 1438 2186 1503 2214; x_wconf 73' lang='lat' dir='ltr'><strong>ergo</strong></span> <span class='ocrx_word' id='word_1_637' title='bbox 1516 2178 1598 2205; x_wconf 83' lang='lat' dir='ltr'><strong>Musis</strong></span> <span class='ocrx_word' id='word_1_638' title='bbox 1615 2178 1652 2205; x_wconf 89' lang='lat' dir='ltr'><strong>illi</strong></span> <span class='ocrx_word' id='word_1_639' title='bbox 1674 2177 1716 2205; x_wconf 79' lang='lat' dir='ltr'><strong>af-</strong></span> 
     </span>
    </p>
   </div>
   <div class='ocr_carea' id='block_1_91' title="bbox 930 2224 1714 2262">
    <p class='ocr_par' dir='ltr' id='par_1_91' title="bbox 930 2224 1714 2262">
     <span class='ocr_line' id='line_1_93' title="bbox 930 2224 1714 2262; baseline -0.005 -8"><span class='ocrx_word' id='word_1_640' title='bbox 930 2227 984 2254; x_wconf 87' lang='lat' dir='ltr'><strong>ﬂati</strong></span> <span class='ocrx_word' id='word_1_641' title='bbox 1003 2227 1138 2260; x_wconf 82' lang='lat' dir='ltr'><strong>homines,</strong></span> <span class='ocrx_word' id='word_1_642' title='bbox 1151 2226 1196 2262; x_wconf 87' lang='lat' dir='ltr'><strong>qui</strong></span> <span class='ocrx_word' id='word_1_643' title='bbox 1210 2233 1239 2253; x_wconf 83' lang='lat' dir='ltr'><strong>se</strong></span> <span class='ocrx_word' id='word_1_644' title='bbox 1254 2225 1385 2253; x_wconf 85' lang='lat' dir='ltr'><strong>divinitus</strong></span> <span class='ocrx_word' id='word_1_645' title='bbox 1402 2225 1512 2252; x_wconf 71' lang='lat' dir='ltr'><strong>edoctus</strong></span> <span class='ocrx_word' id='word_1_646' title='bbox 1528 2224 1714 2255; x_wconf 85' lang='lat' dir='ltr'><strong>venditabant,</strong></span> 
     </span>
    </p>
   </div>
   <div class='ocr_carea' id='block_1_92' title="bbox 85 2263 856 2307">
    <p class='ocr_par' dir='ltr' id='par_1_92' title="bbox 85 2268 856 2307">
     <span class='ocr_line' id='line_1_94' title="bbox 85 2268 856 2307; baseline -0.003 -9"><span class='ocrx_word' id='word_1_647' title='bbox 85 2272 195 2298; x_wconf 84' lang='grc' dir='ltr'>κλυτεῖν</span> <span class='ocrx_word' id='word_1_648' title='bbox 207 2271 339 2307; x_wconf 83' lang='grc' dir='ltr'>ἀράμενοι</span> <span class='ocrx_word' id='word_1_649' title='bbox 353 2270 443 2304; x_wconf 82' lang='grc' dir='ltr'>δόξαν,</span> <span class='ocrx_word' id='word_1_650' title='bbox 455 2270 502 2297; x_wconf 65' lang='grc' dir='ltr'><strong>καὶ</strong></span> <span class='ocrx_word' id='word_1_651' title='bbox 517 2268 546 2297; x_wconf 79' lang='grc' dir='ltr'>εὖ</span> <span class='ocrx_word' id='word_1_652' title='bbox 561 2269 663 2302; x_wconf 85' lang='grc' dir='ltr'>εἰδότες</span> <span class='ocrx_word' id='word_1_653' title='bbox 676 2270 710 2296; x_wconf 83' lang='grc' dir='ltr'>τὰ</span> <span class='ocrx_word' id='word_1_654' title='bbox 721 2269 775 2296; x_wconf 86' lang='grc' dir='ltr'><strong>τῶν</strong></span> <span class='ocrx_word' id='word_1_655' title='bbox 787 2270 856 2296; x_wconf 60' lang='grc' dir='ltr'>Θεῶι</span> 
     </span>
    </p>
   </div>
   <div class='ocr_carea' id='block_1_93' title="bbox 932 2263 1715 2307">
    <p class='ocr_par' dir='ltr' id='par_1_93' title="bbox 932 2269 1715 2304">
     <span class='ocr_line' id='line_1_95' title="bbox 932 2269 1715 2304; baseline -0.004 -5"><span class='ocrx_word' id='word_1_656' title='bbox 932 2278 955 2299; x_wconf 83' lang='lat' dir='ltr'><strong>et</strong></span> <span class='ocrx_word' id='word_1_657' title='bbox 971 2278 1015 2298; x_wconf 81' lang='lat' dir='ltr'><strong>res</strong></span> <span class='ocrx_word' id='word_1_658' title='bbox 1029 2272 1141 2299; x_wconf 90' lang='lat' dir='ltr'><strong>deorum</strong></span> <span class='ocrx_word' id='word_1_659' title='bbox 1158 2271 1183 2298; x_wconf 92' lang='lat' dir='ltr'><strong>in</strong></span> <span class='ocrx_word' id='word_1_660' title='bbox 1194 2270 1289 2304; x_wconf 83' lang='lat' dir='ltr'><strong>primis</strong></span> <span class='ocrx_word' id='word_1_661' title='bbox 1307 2269 1452 2301; x_wconf 84' lang='lat' dir='ltr'><strong>callebant,</strong></span> <span class='ocrx_word' id='word_1_662' title='bbox 1471 2269 1536 2297; x_wconf 87' lang='lat' dir='ltr'><strong>deos</strong></span> <span class='ocrx_word' id='word_1_663' title='bbox 1550 2270 1621 2304; x_wconf 86' lang='lat' dir='ltr'><strong>ipsos</strong></span> <span class='ocrx_word' id='word_1_664' title='bbox 1634 2269 1715 2296; x_wconf 91' lang='lat' dir='ltr'><strong>morti</strong></span> 
     </span>
    </p>
   </div>
   <div class='ocr_carea' id='block_1_94' title="bbox 83 2314 874 2352">
    <p class='ocr_par' dir='ltr' id='par_1_94' title="bbox 83 2314 874 2352">
     <span class='ocr_line' id='line_1_96' title="bbox 83 2314 874 2352; baseline -0.001 -10"><span class='ocrx_word' id='word_1_665' title='bbox 83 2316 219 2352; x_wconf 73' lang='grc' dir='ltr'>ἡττῆσθαι</span> <span class='ocrx_word' id='word_1_666' title='bbox 234 2324 316 2350; x_wconf 83' lang='grc' dir='ltr'>φασιν</span> <span class='ocrx_word' id='word_1_667' title='bbox 327 2316 426 2347; x_wconf 78' lang='grc' dir='ltr'>αὐτοὺς</span> <span class='ocrx_word' id='word_1_668' title='bbox 439 2316 486 2342; x_wconf 80' lang='grc' dir='ltr'><strong>καὶ</strong></span> <span class='ocrx_word' id='word_1_669' title='bbox 498 2315 612 2342; x_wconf 85' lang='grc' dir='ltr'>θανάτου</span> <span class='ocrx_word' id='word_1_670' title='bbox 623 2315 671 2342; x_wconf 77' lang='grc' dir='ltr'><strong>καὶ</strong></span> <span class='ocrx_word' id='word_1_671' title='bbox 684 2315 797 2350; x_wconf 85' lang='grc' dir='ltr'>μοιρῶν,</span> <span class='ocrx_word' id='word_1_672' title='bbox 811 2314 874 2342; x_wconf 83' lang='grc' dir='ltr'><strong>ἀνθ’</strong></span> 
     </span>
    </p>
   </div>
   <div class='ocr_carea' id='block_1_95' title="bbox 83 2361 874 2398">
    <p class='ocr_par' dir='ltr' id='par_1_95' title="bbox 83 2361 874 2398">
     <span class='ocr_line' id='line_1_97' title="bbox 83 2361 874 2398; baseline -0.001 -10"><span class='ocrx_word' id='word_1_673' title='bbox 83 2363 147 2389; x_wconf 72' lang='grc' dir='ltr'>ὃτου</span> <span class='ocrx_word' id='word_1_674' title='bbox 163 2362 259 2398; x_wconf 67' lang='grc' dir='ltr'>νεκρὸν</span> <span class='ocrx_word' id='word_1_675' title='bbox 279 2362 407 2397; x_wconf 82' lang='grc' dir='ltr'>ὀνομάζει</span> <span class='ocrx_word' id='word_1_676' title='bbox 418 2361 535 2398; x_wconf 77' lang='grc' dir='ltr'>Χριστὸν</span> <span class='ocrx_word' id='word_1_677' title='bbox 548 2361 595 2388; x_wconf 81' lang='grc' dir='ltr'>τοῦ</span> <span class='ocrx_word' id='word_1_678' title='bbox 606 2361 722 2388; x_wconf 86' lang='grc' dir='ltr'>θανάτου</span> <span class='ocrx_word' id='word_1_679' title='bbox 733 2362 874 2398; x_wconf 84' lang='grc' dir='ltr'>κρείττονα</span> 
     </span>
    </p>
   </div>
   <div class='ocr_carea' id='block_1_96' title="bbox 83 2406 874 2443">
    <p class='ocr_par' dir='ltr' id='par_1_96' title="bbox 83 2406 874 2443">
     <span class='ocr_line' id='line_1_98' title="bbox 83 2406 874 2443; baseline 0 -9"><span class='ocrx_word' id='word_1_680' title='bbox 83 2408 133 2434; x_wconf 80' lang='grc' dir='ltr'>καὶ</span> <span class='ocrx_word' id='word_1_681' title='bbox 159 2407 275 2443; x_wconf 82' lang='grc' dir='ltr'>ὀλετῆρα</span> <span class='ocrx_word' id='word_1_682' title='bbox 300 2407 419 2442; x_wconf 79' lang='grc' dir='ltr'>φθορᾶς;</span> <span class='ocrx_word' id='word_1_683' title='bbox 442 2407 610 2442; x_wconf 78' lang='grc' dir='ltr'>Ἀπεσόὸησε</span> <span class='ocrx_word' id='word_1_684' title='bbox 636 2406 686 2442; x_wconf 84' lang='grc' dir='ltr'><strong>μὲν</strong></span> <span class='ocrx_word' id='word_1_685' title='bbox 701 2407 755 2442; x_wconf 86' lang='grc' dir='ltr'>γὰρ</span> <span class='ocrx_word' id='word_1_686' title='bbox 773 2407 874 2443; x_wconf 79' lang='grc' dir='ltr'>ἑτέρων</span> 
     </span>
    </p>
   </div>
   <div class='ocr_carea' id='block_1_97' title="bbox 81 2453 875 2490">
    <p class='ocr_par' dir='ltr' id='par_1_97' title="bbox 81 2453 875 2490">
     <span class='ocr_line' id='line_1_99' title="bbox 81 2453 875 2490; baseline 0 -10"><span class='ocrx_word' id='word_1_687' title='bbox 81 2454 164 2480; x_wconf 81' lang='grc' dir='ltr'>αὐτὸν</span> <span class='ocrx_word' id='word_1_688' title='bbox 182 2454 312 2490; x_wconf 73' lang='grc' dir='ltr'>ἀρρήτοις</span> <span class='ocrx_word' id='word_1_689' title='bbox 326 2462 355 2480; x_wconf 89' lang='grc' dir='ltr'><strong>τε</strong></span> <span class='ocrx_word' id='word_1_690' title='bbox 373 2453 420 2480; x_wconf 76' lang='grc' dir='ltr'>καὶ</span> <span class='ocrx_word' id='word_1_691' title='bbox 433 2453 598 2489; x_wconf 79' lang='grc' dir='ltr'>θεοπρεπέσι</span> <span class='ocrx_word' id='word_1_692' title='bbox 619 2454 747 2488; x_wconf 75' lang='grc' dir='ltr'>νεύμασι,</span> <span class='ocrx_word' id='word_1_693' title='bbox 764 2454 811 2480; x_wconf 80' lang='grc' dir='ltr'><strong>καὶ</strong></span> <span class='ocrx_word' id='word_1_694' title='bbox 829 2454 875 2480; x_wconf 91' lang='grc' dir='ltr'>δυ-</span> 
     </span>
    </p>
   </div>
   <div class='ocr_carea' id='block_1_98' title="bbox 81 2499 874 2536">
    <p class='ocr_par' dir='ltr' id='par_1_98' title="bbox 81 2499 874 2536">
     <span class='ocr_line' id='line_1_100' title="bbox 81 2499 874 2536; baseline 0 -9"><span class='ocrx_word' id='word_1_695' title='bbox 81 2501 165 2535; x_wconf 85' lang='grc' dir='ltr'>νάμει</span> <span class='ocrx_word' id='word_1_696' title='bbox 189 2499 324 2535; x_wconf 80' lang='grc' dir='ltr'>ζωοποιῷ,</span> <span class='ocrx_word' id='word_1_697' title='bbox 344 2500 431 2535; x_wconf 76' lang='grc' dir='ltr'>ἐφῆκε</span> <span class='ocrx_word' id='word_1_698' title='bbox 454 2500 482 2526; x_wconf 84' lang='grc' dir='ltr'>δὲ</span> <span class='ocrx_word' id='word_1_699' title='bbox 506 2500 553 2526; x_wconf 64' lang='grc' dir='ltr'><strong>καὶ¹</strong></span> <span class='ocrx_word' id='word_1_700' title='bbox 571 2500 650 2531; x_wconf 83' lang='grc' dir='ltr'>αὐτὸς</span> <span class='ocrx_word' id='word_1_701' title='bbox 668 2500 738 2527; x_wconf 80' lang='grc' dir='ltr'>ἑκὼν</span> <span class='ocrx_word' id='word_1_702' title='bbox 761 2502 794 2536; x_wconf 88' lang='grc' dir='ltr'>τῇ</span> <span class='ocrx_word' id='word_1_703' title='bbox 820 2500 874 2536; x_wconf 78' lang='grc' dir='ltr'>ἰδίᾳ</span> 
     </span>
    </p>
   </div>
   <div class='ocr_carea' id='block_1_99' title="bbox 84 2545 874 2582">
    <p class='ocr_par' dir='ltr' id='par_1_99' title="bbox 84 2545 874 2582">
     <span class='ocr_line' id='line_1_101' title="bbox 84 2545 874 2582; baseline 0.001 -11"><span class='ocrx_word' id='word_1_704' title='bbox 84 2545 168 2581; x_wconf 76' lang='grc' dir='ltr'>σαρκὶ</span> <span class='ocrx_word' id='word_1_705' title='bbox 193 2545 232 2580; x_wconf 82' lang='grc' dir='ltr'>τῷ</span> <span class='ocrx_word' id='word_1_706' title='bbox 256 2545 364 2581; x_wconf 82' lang='grc' dir='ltr'>Θανάτῳ</span> <span class='ocrx_word' id='word_1_707' title='bbox 389 2546 563 2581; x_wconf 75' lang='grc' dir='ltr'>προσϐαλεῖν,</span> <span class='ocrx_word' id='word_1_708' title='bbox 577 2546 627 2573; x_wconf 84' lang='grc' dir='ltr'>οὐκ</span> <span class='ocrx_word' id='word_1_709' title='bbox 650 2546 697 2572; x_wconf 77' lang='grc' dir='ltr'>ἐπὶ</span> <span class='ocrx_word' id='word_1_710' title='bbox 711 2547 874 2582; x_wconf 83' lang='grc' dir='ltr'>νεκρότητος</span> 
     </span>
    </p>
   </div>
   <div class='ocr_carea' id='block_1_100' title="bbox 76 2577 874 2626">
    <p class='ocr_par' dir='ltr' id='par_1_100' title="bbox 76 2577 874 2626">
     <span class='ocr_line' id='line_1_102' title="bbox 76 2577 874 2626; baseline 0.003 -10"><span class='ocrx_word' id='word_1_711' title='bbox 76 2577 231 2625; x_wconf 51' lang='grc' dir='ltr'>θβεάαιώσει</span> <span class='ocrx_word' id='word_1_712' title='bbox 246 2577 358 2625; x_wconf 46' lang='grc' dir='ltr'>μᾶλλονξ</span> <span class='ocrx_word' id='word_1_713' title='bbox 374 2577 432 2617; x_wconf 76' lang='grc' dir='ltr'>ἀλλ’</span> <span class='ocrx_word' id='word_1_714' title='bbox 446 2591 493 2617; x_wconf 77' lang='grc' dir='ltr'>ἐπὶ</span> <span class='ocrx_word' id='word_1_715' title='bbox 515 2577 591 2617; x_wconf 84' lang='grc' dir='ltr'>λύσει</span> <span class='ocrx_word' id='word_1_716' title='bbox 616 2591 718 2626; x_wconf 79' lang='grc' dir='ltr'>φθορᾶς</span> <span class='ocrx_word' id='word_1_717' title='bbox 737 2577 784 2618; x_wconf 77' lang='grc' dir='ltr'>καὶ</span> <span class='ocrx_word' id='word_1_718' title='bbox 799 2577 874 2618; x_wconf 55' lang='lat' dir='ltr'><strong>ditat:-</strong></span> 
     </span>
    </p>
   </div>
   <div class='ocr_carea' id='block_1_101' title="bbox 85 2634 872 2673">
    <p class='ocr_par' dir='ltr' id='par_1_101' title="bbox 85 2634 872 2673">
     <span class='ocr_line' id='line_1_103' title="bbox 85 2634 872 2673; baseline 0.003 -11"><span class='ocrx_word' id='word_1_719' title='bbox 85 2635 159 2671; x_wconf 78' lang='grc' dir='ltr'>ρέσει</span> <span class='ocrx_word' id='word_1_720' title='bbox 175 2635 301 2663; x_wconf 75' lang='grc' dir='ltr'>θανάτου.</span> <span class='ocrx_word' id='word_1_721' title='bbox 311 2636 420 2671; x_wconf 82' lang='grc' dir='ltr'>Ἐπειδὴ</span> <span class='ocrx_word' id='word_1_722' title='bbox 439 2636 492 2671; x_wconf 87' lang='grc' dir='ltr'>γὰρ</span> <span class='ocrx_word' id='word_1_723' title='bbox 512 2634 546 2673; x_wconf 81' lang='grc' dir='ltr'>ἦν</span> <span class='ocrx_word' id='word_1_724' title='bbox 569 2637 649 2671; x_wconf 86' lang='grc' dir='ltr'>σῶμα</span> <span class='ocrx_word' id='word_1_725' title='bbox 663 2636 736 2672; x_wconf 77' lang='grc' dir='ltr'>ζωῆς</span> <span class='ocrx_word' id='word_1_726' title='bbox 749 2637 778 2664; x_wconf 88' lang='grc' dir='ltr'>τὺ</span> <span class='ocrx_word' id='word_1_727' title='bbox 789 2637 872 2664; x_wconf 78' lang='grc' dir='ltr'>αὐτοῦ</span> 
     </span>
    </p>
   </div>
   <div class='ocr_carea' id='block_1_102' title="bbox 83 2682 872 2718">
    <p class='ocr_par' dir='ltr' id='par_1_102' title="bbox 83 2682 872 2718">
     <span class='ocr_line' id='line_1_104' title="bbox 83 2682 872 2718; baseline 0.003 -10"><span class='ocrx_word' id='word_1_728' title='bbox 83 2682 130 2709; x_wconf 81' lang='grc' dir='ltr'><strong>τοῦ</strong></span> <span class='ocrx_word' id='word_1_729' title='bbox 142 2682 208 2709; x_wconf 82' lang='grc' dir='ltr'><strong>Υἰοῦ</strong></span> <span class='ocrx_word' id='word_1_730' title='bbox 218 2682 416 2716; x_wconf 77' lang='grc' dir='ltr'>ζωογονοῦντος</span> <span class='ocrx_word' id='word_1_731' title='bbox 428 2682 462 2709; x_wconf 83' lang='grc' dir='ltr'>τὰ</span> <span class='ocrx_word' id='word_1_732' title='bbox 476 2683 572 2715; x_wconf 81' lang='grc' dir='ltr'>πάντα,</span> <span class='ocrx_word' id='word_1_733' title='bbox 585 2683 673 2718; x_wconf 80' lang='grc' dir='ltr'>ταύτῃ</span> <span class='ocrx_word' id='word_1_734' title='bbox 684 2692 726 2709; x_wconf 87' lang='grc' dir='ltr'><strong>τοι</strong></span> <span class='ocrx_word' id='word_1_735' title='bbox 741 2684 787 2710; x_wconf 81' lang='grc' dir='ltr'><strong>καὶ</strong></span> <span class='ocrx_word' id='word_1_736' title='bbox 800 2683 872 2718; x_wconf 79' lang='grc' dir='ltr'>μάλα</span> 
     </span>
    </p>
   </div>
   <div class='ocr_carea' id='block_1_103' title="bbox 84 2727 868 2763">
    <p class='ocr_par' dir='ltr' id='par_1_103' title="bbox 84 2727 868 2763">
     <span class='ocr_line' id='line_1_105' title="bbox 84 2727 868 2763; baseline 0.003 -10"><span class='ocrx_word' id='word_1_737' title='bbox 84 2727 197 2758; x_wconf 79' lang='grc' dir='ltr'>εἰκότως</span> <span class='ocrx_word' id='word_1_738' title='bbox 214 2727 269 2759; x_wconf 81' lang='grc' dir='ltr'>ζῶν</span> <span class='ocrx_word' id='word_1_739' title='bbox 282 2728 336 2754; x_wconf 87' lang='grc' dir='ltr'><strong>τῶν</strong></span> <span class='ocrx_word' id='word_1_740' title='bbox 351 2727 397 2754; x_wconf 79' lang='grc' dir='ltr'>τοῦ</span> <span class='ocrx_word' id='word_1_741' title='bbox 413 2727 528 2755; x_wconf 77' lang='grc' dir='ltr'>Θανάτου</span> <span class='ocrx_word' id='word_1_742' title='bbox 542 2728 650 2763; x_wconf 83' lang='grc' dir='ltr'>δεσμῶν</span> <span class='ocrx_word' id='word_1_743' title='bbox 664 2729 714 2755; x_wconf 77' lang='grc' dir='ltr'><strong>οὐκ</strong></span> <span class='ocrx_word' id='word_1_744' title='bbox 729 2728 868 2763; x_wconf 81' lang='grc' dir='ltr'>ἠνέσχετο.</span> 
     </span>
    </p>
   </div>
   <div class='ocr_carea' id='block_1_104' title="bbox 85 2770 869 2808">
    <p class='ocr_par' dir='ltr' id='par_1_104' title="bbox 85 2770 869 2808">
     <span class='ocr_line' id='line_1_106' title="bbox 85 2770 869 2808; baseline 0.003 -9"><span class='ocrx_word' id='word_1_745' title='bbox 85 2772 145 2803; x_wconf 77' lang='grc' dir='ltr'>Πῶς</span> <span class='ocrx_word' id='word_1_746' title='bbox 170 2770 218 2799; x_wconf 83' lang='grc' dir='ltr'><strong>οὖν</strong></span> <span class='ocrx_word' id='word_1_747' title='bbox 237 2773 297 2799; x_wconf 78' lang='grc' dir='ltr'>ἐστι</span> <span class='ocrx_word' id='word_1_748' title='bbox 313 2773 408 2808; x_wconf 78' lang='grc' dir='ltr'>νεκρὸς</span> <span class='ocrx_word' id='word_1_749' title='bbox 424 2774 438 2800; x_wconf 87' lang='grc' dir='ltr'>ὁ</span> <span class='ocrx_word' id='word_1_750' title='bbox 461 2773 525 2806; x_wconf 82' lang='grc' dir='ltr'>ζῶν,</span> <span class='ocrx_word' id='word_1_751' title='bbox 540 2774 587 2801; x_wconf 80' lang='grc' dir='ltr'><strong>καὶ</strong></span> <span class='ocrx_word' id='word_1_752' title='bbox 600 2773 731 2806; x_wconf 70' lang='grc' dir='ltr'>ζωοποιδς</span> <span class='ocrx_word' id='word_1_753' title='bbox 742 2794 749 2807; x_wconf 82' lang='grc'><em>,</em></span> <span class='ocrx_word' id='word_1_754' title='bbox 765 2774 812 2801; x_wconf 74' lang='grc' dir='ltr'>καὶ</span> <span class='ocrx_word' id='word_1_755' title='bbox 837 2774 869 2802; x_wconf 83' lang='grc' dir='ltr'><strong>ἄ-</strong></span> 
     </span>
    </p>
   </div>
   <div class='ocr_carea' id='block_1_105' title="bbox 120 2848 547 2885">
    <p class='ocr_par' dir='ltr' id='par_1_105' title="bbox 120 2848 547 2885">
     <span class='ocr_line' id='line_1_107' title="bbox 120 2848 547 2885; baseline 0.005 -10"><span class='ocrx_word' id='word_1_756' title='bbox 120 2850 157 2885; x_wconf 77' lang='grc' dir='ltr'><strong>(ι)</strong></span> <span class='ocrx_word' id='word_1_757' title='bbox 176 2848 298 2882; x_wconf 71' lang='grc' dir='ltr'><strong>ΙΙοιιιετ..</strong></span> <span class='ocrx_word' id='word_1_758' title='bbox 314 2849 396 2882; x_wconf 80' lang='lat' dir='ltr'><strong>Iliad.</strong></span> <span class='ocrx_word' id='word_1_759' title='bbox 412 2851 444 2879; x_wconf 90' lang='grc'><strong>0.</strong></span> <span class='ocrx_word' id='word_1_760' title='bbox 464 2859 488 2877; x_wconf 85' lang='lat' dir='ltr'><strong>r.</strong></span> <span class='ocrx_word' id='word_1_761' title='bbox 502 2850 547 2878; x_wconf 78' lang='lat'><strong>56.</strong></span> 
     </span>
    </p>
   </div>
   <div class='ocr_carea' id='block_1_106' title="bbox 927 2315 1715 2348">
    <p class='ocr_par' dir='ltr' id='par_1_106' title="bbox 927 2315 1715 2348">
     <span class='ocr_line' id='line_1_108' title="bbox 927 2315 1715 2348; baseline -0.004 -4"><span class='ocrx_word' id='word_1_762' title='bbox 927 2321 955 2345; x_wconf 88' lang='lat' dir='ltr'><strong>et</strong></span> <span class='ocrx_word' id='word_1_763' title='bbox 971 2317 1038 2344; x_wconf 85' lang='lat' dir='ltr'><strong>latis</strong></span> <span class='ocrx_word' id='word_1_764' title='bbox 1053 2317 1184 2344; x_wconf 84' lang='lat' dir='ltr'><strong>obnoxios</strong></span> <span class='ocrx_word' id='word_1_765' title='bbox 1207 2323 1269 2343; x_wconf 85' lang='lat' dir='ltr'><strong>esse</strong></span> <span class='ocrx_word' id='word_1_766' title='bbox 1283 2316 1391 2348; x_wconf 79' lang='lat' dir='ltr'><strong>dicunt,</strong></span> <span class='ocrx_word' id='word_1_767' title='bbox 1413 2315 1476 2348; x_wconf 85' lang='lat' dir='ltr'><strong>quid</strong></span> <span class='ocrx_word' id='word_1_768' title='bbox 1499 2323 1588 2342; x_wconf 59' lang='lat' dir='ltr'><strong>causa;</strong></span> <span class='ocrx_word' id='word_1_769' title='bbox 1608 2320 1649 2342; x_wconf 86' lang='lat' dir='ltr'><strong>est</strong></span> <span class='ocrx_word' id='word_1_770' title='bbox 1666 2322 1715 2341; x_wconf 88' lang='lat' dir='ltr'><strong>cur</strong></span> 
     </span>
    </p>
   </div>
   <div class='ocr_carea' id='block_1_107' title="bbox 927 2360 1714 2394">
    <p class='ocr_par' dir='ltr' id='par_1_107' title="bbox 927 2360 1714 2394">
     <span class='ocr_line' id='line_1_109' title="bbox 927 2360 1714 2394; baseline -0.004 -4"><span class='ocrx_word' id='word_1_771' title='bbox 927 2363 1066 2391; x_wconf 84' lang='lat' dir='ltr'><strong>Christum</strong></span> <span class='ocrx_word' id='word_1_772' title='bbox 1091 2368 1228 2390; x_wconf 91' lang='lat' dir='ltr'><strong>mortuum</strong></span> <span class='ocrx_word' id='word_1_773' title='bbox 1255 2361 1386 2394; x_wconf 85' lang='lat' dir='ltr'><strong>nominet,</strong></span> <span class='ocrx_word' id='word_1_774' title='bbox 1410 2361 1484 2387; x_wconf 90' lang='lat' dir='ltr'><strong>illum</strong></span> <span class='ocrx_word' id='word_1_775' title='bbox 1505 2362 1602 2388; x_wconf 87' lang='lat' dir='ltr'><strong>mortis</strong></span> <span class='ocrx_word' id='word_1_776' title='bbox 1628 2360 1714 2387; x_wconf 88' lang='lat' dir='ltr'><strong>victo-</strong></span> 
     </span>
    </p>
   </div>
   <div class='ocr_carea' id='block_1_108' title="bbox 927 2406 1713 2443">
    <p class='ocr_par' dir='ltr' id='par_1_108' title="bbox 927 2406 1713 2443">
     <span class='ocr_line' id='line_1_110' title="bbox 927 2406 1713 2443; baseline -0.004 -7"><span class='ocrx_word' id='word_1_777' title='bbox 927 2417 996 2441; x_wconf 87' lang='lat' dir='ltr'><strong>rem,</strong></span> <span class='ocrx_word' id='word_1_778' title='bbox 1014 2413 1040 2436; x_wconf 88' lang='lat' dir='ltr'><strong>et</strong></span> <span class='ocrx_word' id='word_1_779' title='bbox 1053 2408 1236 2443; x_wconf 85' lang='lat' dir='ltr'><strong>corruptionis</strong></span> <span class='ocrx_word' id='word_1_780' title='bbox 1248 2406 1468 2442; x_wconf 75' lang='lat' dir='ltr'><strong>proﬂigatorem?</strong></span> <span class='ocrx_word' id='word_1_781' title='bbox 1483 2406 1549 2434; x_wconf 86' lang='lat' dir='ltr'><strong>Eam</strong></span> <span class='ocrx_word' id='word_1_782' title='bbox 1561 2407 1662 2441; x_wconf 85' lang='lat' dir='ltr'><strong>quippe</strong></span> <span class='ocrx_word' id='word_1_783' title='bbox 1679 2406 1713 2433; x_wconf 83' lang='lat' dir='ltr'><strong>ab</strong></span> 
     </span>
    </p>
   </div>
   <div class='ocr_carea' id='block_1_109' title="bbox 928 2451 1714 2487">
    <p class='ocr_par' dir='ltr' id='par_1_109' title="bbox 928 2451 1714 2487">
     <span class='ocr_line' id='line_1_111' title="bbox 928 2451 1714 2487; baseline -0.004 -6"><span class='ocrx_word' id='word_1_784' title='bbox 928 2455 988 2482; x_wconf 88' lang='lat' dir='ltr'><strong>aliis</strong></span> <span class='ocrx_word' id='word_1_785' title='bbox 1001 2454 1127 2482; x_wconf 83' lang='lat' dir='ltr'><strong>inelIabili</strong></span> <span class='ocrx_word' id='word_1_786' title='bbox 1144 2462 1176 2481; x_wconf 90' lang='lat' dir='ltr'><strong>ac</strong></span> <span class='ocrx_word' id='word_1_787' title='bbox 1189 2453 1280 2480; x_wconf 88' lang='lat' dir='ltr'><strong>divina</strong></span> <span class='ocrx_word' id='word_1_788' title='bbox 1296 2457 1429 2487; x_wconf 87' lang='lat' dir='ltr'><strong>potestate</strong></span> <span class='ocrx_word' id='word_1_789' title='bbox 1443 2457 1471 2479; x_wconf 88' lang='lat' dir='ltr'><strong>et</strong></span> <span class='ocrx_word' id='word_1_790' title='bbox 1491 2451 1598 2479; x_wconf 81' lang='lat' dir='ltr'><strong>viviﬁca</strong></span> <span class='ocrx_word' id='word_1_791' title='bbox 1613 2453 1714 2479; x_wconf 86' lang='lat' dir='ltr'><strong>virtute</strong></span> 
     </span>
    </p>
   </div>
   <div class='ocr_carea' id='block_1_110' title="bbox 926 2498 1712 2535">
    <p class='ocr_par' dir='ltr' id='par_1_110' title="bbox 926 2498 1712 2535">
     <span class='ocr_line' id='line_1_112' title="bbox 926 2498 1712 2535; baseline -0.004 -8"><span class='ocrx_word' id='word_1_792' title='bbox 926 2501 1036 2535; x_wconf 84' lang='lat' dir='ltr'><strong>repulit,</strong></span> <span class='ocrx_word' id='word_1_793' title='bbox 1061 2501 1107 2528; x_wconf 88' lang='lat' dir='ltr'><strong>sed</strong></span> <span class='ocrx_word' id='word_1_794' title='bbox 1129 2500 1157 2527; x_wconf 93' lang='lat' dir='ltr'><strong>in</strong></span> <span class='ocrx_word' id='word_1_795' title='bbox 1180 2503 1293 2528; x_wconf 87' lang='lat' dir='ltr'><strong>mortem</strong></span> <span class='ocrx_word' id='word_1_796' title='bbox 1312 2499 1431 2527; x_wconf 82' lang='lat' dir='ltr'><strong>incidere</strong></span> <span class='ocrx_word' id='word_1_797' title='bbox 1452 2498 1545 2526; x_wconf 87' lang='lat' dir='ltr'><strong>volens</strong></span> <span class='ocrx_word' id='word_1_798' title='bbox 1570 2498 1712 2532; x_wconf 85' lang='lat' dir='ltr'><strong>libensque</strong></span> 
     </span>
    </p>
   </div>
   <div class='ocr_carea' id='block_1_111' title="bbox 925 2543 1712 2579">
    <p class='ocr_par' dir='ltr' id='par_1_111' title="bbox 925 2543 1712 2579">
     <span class='ocr_line' id='line_1_113' title="bbox 925 2543 1712 2579; baseline -0.005 -6"><span class='ocrx_word' id='word_1_799' title='bbox 925 2553 982 2574; x_wconf 63' lang='lat' dir='ltr'><strong>sua</strong></span> <span class='ocrx_word' id='word_1_800' title='bbox 996 2546 1073 2573; x_wconf 85' lang='lat' dir='ltr'><strong>carni</strong></span> <span class='ocrx_word' id='word_1_801' title='bbox 1089 2545 1221 2579; x_wconf 85' lang='lat' dir='ltr'><strong>permisit,</strong></span> <span class='ocrx_word' id='word_1_802' title='bbox 1238 2552 1292 2571; x_wconf 89' lang='lat' dir='ltr'><strong>non</strong></span> <span class='ocrx_word' id='word_1_803' title='bbox 1310 2544 1399 2579; x_wconf 73' lang='lat' dir='ltr'><strong>magis</strong></span> <span class='ocrx_word' id='word_1_804' title='bbox 1415 2549 1445 2571; x_wconf 94' lang='lat' dir='ltr'><strong>ut</strong></span> <span class='ocrx_word' id='word_1_805' title='bbox 1460 2543 1600 2571; x_wconf 87' lang='lat' dir='ltr'><strong>tuortalem</strong></span> <span class='ocrx_word' id='word_1_806' title='bbox 1617 2543 1712 2570; x_wconf 78' lang='lat' dir='ltr'><strong>condi-</strong></span> 
     </span>
    </p>
   </div>
   <div class='ocr_carea' id='block_1_112' title="bbox 928 2589 1710 2625">
    <p class='ocr_par' dir='ltr' id='par_1_112' title="bbox 928 2589 1710 2625">
     <span class='ocr_line' id='line_1_114' title="bbox 928 2589 1710 2625; baseline -0.005 -6"><span class='ocrx_word' id='word_1_807' title='bbox 928 2592 1029 2620; x_wconf 88' lang='lat' dir='ltr'><strong>tionem</strong></span> <span class='ocrx_word' id='word_1_808' title='bbox 1050 2591 1183 2622; x_wconf 81' lang='lat' dir='ltr'><strong>lirmaret,</strong></span> <span class='ocrx_word' id='word_1_809' title='bbox 1199 2598 1280 2625; x_wconf 84' lang='lat' dir='ltr'><strong>quam</strong></span> <span class='ocrx_word' id='word_1_810' title='bbox 1305 2595 1334 2618; x_wconf 92' lang='lat' dir='ltr'><strong>ut</strong></span> <span class='ocrx_word' id='word_1_811' title='bbox 1358 2589 1557 2624; x_wconf 87' lang='lat' dir='ltr'><strong>corruptionem</strong></span> <span class='ocrx_word' id='word_1_812' title='bbox 1581 2589 1710 2620; x_wconf 83' lang='lat' dir='ltr'><strong>solveret,</strong></span> 
     </span>
    </p>
   </div>
   <div class='ocr_carea' id='block_1_113' title="bbox 926 2635 1712 2671">
    <p class='ocr_par' dir='ltr' id='par_1_113' title="bbox 926 2635 1712 2671">
     <span class='ocr_line' id='line_1_115' title="bbox 926 2635 1712 2671; baseline -0.004 -7"><span class='ocrx_word' id='word_1_813' title='bbox 926 2641 1095 2671; x_wconf 89' lang='lat' dir='ltr'><strong>mortemque</strong></span> <span class='ocrx_word' id='word_1_814' title='bbox 1111 2636 1274 2664; x_wconf 87' lang='lat' dir='ltr'><strong>destrueret.</strong></span> <span class='ocrx_word' id='word_1_815' title='bbox 1289 2635 1355 2663; x_wconf 84' lang='lat' dir='ltr'><strong>Nam</strong></span> <span class='ocrx_word' id='word_1_816' title='bbox 1372 2643 1432 2663; x_wconf 89' lang='lat' dir='ltr'><strong>cum</strong></span> <span class='ocrx_word' id='word_1_817' title='bbox 1446 2635 1511 2662; x_wconf 89' lang='lat' dir='ltr'><strong>illud</strong></span> <span class='ocrx_word' id='word_1_818' title='bbox 1524 2639 1596 2662; x_wconf 84' lang='lat' dir='ltr'><strong>esset</strong></span> <span class='ocrx_word' id='word_1_819' title='bbox 1611 2643 1712 2670; x_wconf 84' lang='lat' dir='ltr'><strong>corpus</strong></span> 
     </span>
    </p>
   </div>
   <div class='ocr_carea' id='block_1_114' title="bbox 926 2680 1712 2717">
    <p class='ocr_par' dir='ltr' id='par_1_114' title="bbox 926 2680 1712 2717">
     <span class='ocr_line' id='line_1_116' title="bbox 926 2680 1712 2717; baseline -0.001 -9"><span class='ocrx_word' id='word_1_820' title='bbox 926 2683 997 2716; x_wconf 74' lang='lat' dir='ltr'><strong>vitae,</strong></span> <span class='ocrx_word' id='word_1_821' title='bbox 1014 2683 1099 2717; x_wconf 88' lang='lat' dir='ltr'><strong>ipsius</strong></span> <span class='ocrx_word' id='word_1_822' title='bbox 1124 2689 1222 2717; x_wconf 87' lang='lat' dir='ltr'><strong>nempe</strong></span> <span class='ocrx_word' id='word_1_823' title='bbox 1244 2682 1306 2710; x_wconf 87' lang='lat' dir='ltr'><strong>Filii</strong></span> <span class='ocrx_word' id='word_1_824' title='bbox 1329 2686 1427 2709; x_wconf 89' lang='lat' dir='ltr'><strong>cuncta</strong></span> <span class='ocrx_word' id='word_1_825' title='bbox 1449 2681 1622 2712; x_wconf 77' lang='lat' dir='ltr'><strong>viviﬁcantis,</strong></span> <span class='ocrx_word' id='word_1_826' title='bbox 1651 2680 1712 2708; x_wconf 89' lang='lat' dir='ltr'><strong>ideo</strong></span> 
     </span>
    </p>
   </div>
   <div class='ocr_carea' id='block_1_115' title="bbox 923 2726 1711 2764">
    <p class='ocr_par' dir='ltr' id='par_1_115' title="bbox 923 2726 1711 2764">
     <span class='ocr_line' id='line_1_117' title="bbox 923 2726 1711 2764; baseline -0.004 -9"><span class='ocrx_word' id='word_1_827' title='bbox 923 2729 985 2764; x_wconf 89' lang='lat' dir='ltr'><strong>jure</strong></span> <span class='ocrx_word' id='word_1_828' title='bbox 1000 2727 1098 2755; x_wconf 89' lang='lat' dir='ltr'><strong>merito</strong></span> <span class='ocrx_word' id='word_1_829' title='bbox 1119 2728 1223 2760; x_wconf 84' lang='lat' dir='ltr'><strong>vivens,</strong></span> <span class='ocrx_word' id='word_1_830' title='bbox 1245 2728 1340 2756; x_wconf 88' lang='lat' dir='ltr'><strong>tuortis</strong></span> <span class='ocrx_word' id='word_1_831' title='bbox 1355 2727 1460 2755; x_wconf 86' lang='lat' dir='ltr'><strong>vincula</strong></span> <span class='ocrx_word' id='word_1_832' title='bbox 1477 2735 1528 2755; x_wconf 85' lang='lat' dir='ltr'><strong>non</strong></span> <span class='ocrx_word' id='word_1_833' title='bbox 1550 2727 1642 2755; x_wconf 87' lang='lat' dir='ltr'><strong>subiit.</strong></span> <span class='ocrx_word' id='word_1_834' title='bbox 1659 2726 1711 2759; x_wconf 84' lang='lat' dir='ltr'><strong>Qui</strong></span> 
     </span>
    </p>
   </div>
   <div class='ocr_carea' id='block_1_116' title="bbox 925 2772 1713 2808">
    <p class='ocr_par' dir='ltr' id='par_1_116' title="bbox 925 2772 1713 2808">
     <span class='ocr_line' id='line_1_118' title="bbox 925 2772 1713 2808; baseline -0.005 -6"><span class='ocrx_word' id='word_1_835' title='bbox 925 2782 990 2808; x_wconf 78' lang='lat' dir='ltr'><strong>ergo</strong></span> <span class='ocrx_word' id='word_1_836' title='bbox 1002 2778 1124 2800; x_wconf 87' lang='lat' dir='ltr'><strong>mortuus</strong></span> <span class='ocrx_word' id='word_1_837' title='bbox 1139 2779 1182 2800; x_wconf 86' lang='lat' dir='ltr'><strong>est</strong></span> <span class='ocrx_word' id='word_1_838' title='bbox 1196 2773 1239 2802; x_wconf 94' lang='lat' dir='ltr'><strong>ille</strong></span> <span class='ocrx_word' id='word_1_839' title='bbox 1254 2774 1359 2808; x_wconf 80' lang='lat' dir='ltr'><strong>vivens,</strong></span> <span class='ocrx_word' id='word_1_840' title='bbox 1373 2782 1405 2802; x_wconf 84' lang='lat' dir='ltr'><strong>ac</strong></span> <span class='ocrx_word' id='word_1_841' title='bbox 1424 2773 1556 2808; x_wconf 82' lang='lat' dir='ltr'><strong>vivilicus,</strong></span> <span class='ocrx_word' id='word_1_842' title='bbox 1573 2777 1601 2800; x_wconf 86' lang='lat' dir='ltr'><strong>et</strong></span> <span class='ocrx_word' id='word_1_843' title='bbox 1617 2772 1713 2800; x_wconf 81' lang='lat' dir='ltr'><strong>mortis</strong></span> 
     </span>
    </p>
   </div>
   <div class='ocr_carea' id='block_1_117' title="bbox 960 2851 1223 2886">
    <p class='ocr_par' dir='ltr' id='par_1_117' title="bbox 960 2851 1223 2886">
     <span class='ocr_line' id='line_1_119' title="bbox 960 2851 1223 2886; baseline 0.004 -8"><span class='ocrx_word' id='word_1_844' title='bbox 960 2852 999 2886; x_wconf 61' lang='grc' dir='ltr'><strong>(υ)</strong></span> <span class='ocrx_word' id='word_1_845' title='bbox 1015 2851 1098 2880; x_wconf 81' lang='lat' dir='ltr'><strong>Iliad.</strong></span> <span class='ocrx_word' id='word_1_846' title='bbox 1112 2852 1145 2884; x_wconf 81' lang='grc' dir='ltr'><strong>Π,</strong></span> <span class='ocrx_word' id='word_1_847' title='bbox 1160 2851 1223 2879; x_wconf 72' lang='grc' dir='ltr'>ιιι».</span> 
     </span>
    </p>
   </div>
  </div>
