1894 3056
178 132 246 160 10.23

175 240 296 266 nominat
319 247 386 269 eos,
412 239 457 273 qui
484 246 532 272 spe
563 238 625 265 vitae
649 240 841 273 temporariam
870 241 963 267 carnis

177 289 290 311 mortem
312 288 374 310 sunt
394 284 528 318 perpessi.
553 287 662 310 sanctos
687 290 821 319 martyres
836 285 907 314 dico,
930 285 964 312 de

175 330 272 364 quibus
296 331 368 356 clare
392 329 535 357 admodum
557 330 688 364 scriptum
711 336 776 357 est:
794 339 804 356 ι
825 330 878 357 Vtsi
901 335 964 357 sunt

175 376 202 401 in
222 374 308 402 oculis
323 375 461 401 hominum
483 370 562 408 mori,
582 380 609 402 et
634 375 766 402 aestimata
787 380 829 402 est
854 375 963 402 allliclio

174 421 264 447 exitus
278 419 396 452 illorum,
427 423 455 446 et
472 419 544 454 quod
558 427 573 446 a
596 419 674 446 nobis
693 425 734 446 est
751 420 810 449 iter.
828 419 963 446 extermi-

175 466 260 491 nium.
279 464 316 491 Illi
335 469 425 492 autem
441 469 506 492 sunt
532 464 558 491 in
584 472 662 498 pace,
680 469 706 490 et
723 471 786 496 spes
799 472 892 490 eorum
914 465 963 490 im—

175 510 341 537 mortalitate
354 510 431 544 plena
444 509 480 537 '°.
498 519 507 535 ι
524 509 560 537 Ut
573 510 645 536 enim
658 510 716 544 ipse
729 510 825 536 alicubi
840 509 964 536 Salvator

174 557 212 582 ait
237 565 244 582 :
266 565 276 582 ‹
291 555 392 584 Vivunt
418 556 473 583 Deo
500 556 597 583 victuri
619 565 626 582 :
646 564 699 583 non
731 556 802 582 enim
826 560 866 582 est
895 555 964 582 Deus

176 605 356 634 mortuorum,
371 602 417 629 sed
432 603 579 629 viventium
592 602 624 632 ".
642 611 650 627 ι
668 603 691 629 is
709 607 819 636 propter
836 609 915 636 (litum
931 602 964 628 nd

176 652 230 674 tam
245 648 402 682 pmclaram
420 649 630 683 generositatem
645 649 812 680 aspirarunt.
831 647 963 681 Quocirca

177 695 233 722 hac
248 702 263 721 a
278 695 356 722 nobis
370 695 465 729 opinor
480 695 552 722 dicta
571 702 631 721 esse
655 695 747 728 utique
756 694 904 725 sapienter.
917 693 964 719 ilic

176 747 241 766 vero
260 747 321 767 cum
348 745 401 766 tam
417 741 530 767 eximias
552 748 594 767 res
611 745 657 767 aut
684 747 735 766 non
760 739 902 772 intelligat,
919 744 963 764 aut

177 787 268 814 mirari
289 791 364 814 certe
385 787 452 814 nolit
467 787 501 814 ad
523 787 662 813 mendacia
681 787 836 818 revertitur,
856 791 883 812 et
904 786 962 812 ait:

477 895 657 924 JULIANUS.

213 951 279 984 Qua:
301 960 363 979 cum
391 952 427 979 ita
453 953 519 984 sint,
548 960 596 979 cur
621 953 753 988 sepulcris
772 953 966 980 advolvimiui?

177 998 266 1026 \‘ultis
280 999 404 1033 accipere
433 999 564 1026 causam?
581 999 638 1025 Non
663 1007 723 1026 eam
751 1007 800 1033 ego
819 999 963 1034 proferam,

178 1046 226 1072 sed
244 1045 327 1072 Isaias
345 1045 388 1071 ille
399 1046 529 1079 propheta
549 1055 555 1072 :
574 1054 583 1070 ι
600 1045 628 1072 In
643 1047 776 1078 sepulcris
790 1050 817 1073 et
831 1047 965 1080 specubus

178 1089 315 1116 dormiunt
340 1094 450 1124 propter
473 1090 578 1117 somnia
589 1091 622 1116 ".
638 1100 647 1116 ι
665 1090 749 1126 340
763 1091 858 1118 Videte
883 1091 964 1124 igitur

178 1142 242 1169 ergo
269 1142 323 1168 quo
344 1140 422 1168 pacto
447 1134 547 1162 Judaais
573 1135 766 1163 iucantationis
791 1141 869 1163 vettts
893 1136 964 1163 istud

177 1187 245 1214 opus
262 1180 354 1212 fuerit,
371 1181 518 1208 indormire
532 1181 665 1215 sepulcris
682 1183 848 1209 somniorum
868 1189 962 1210 causa.

178 1226 255 1258 Quod
277 1231 351 1254 certe
365 1231 392 1253 et
416 1227 551 1260 aposlolos
565 1232 673 1254 vestros
688 1227 818 1255 credibile
841 1233 882 1255 est
904 1233 965 1263 post

179 1272 300 1306 magistri
319 1277 432 1298 mortem
452 1272 559 1304 fecisse,
573 1273 704 1307 vobisque
715 1274 760 1308 qui
774 1274 853 1307 primi
876 1274 964 1300 credi-

178 1316 256 1343 distis
277 1317 310 1343 ab
328 1317 406 1343 initio
428 1318 581 1349 tradidisse,
608 1322 634 1344 et
662 1318 861 1346 incantationes
887 1318 964 1345 calli-

178 1362 239 1388 dius
253 1370 334 1397 quatn
350 1370 396 1389 vos
414 1363 559 1396 peregisse.
575 1364 622 1390 sed
642 1365 758 1397 posteris
774 1364 965 1391 iurantationis

179 1406 256 1432 istius
269 1411 296 1433 et
317 1407 515 1433 exsecrationis
531 1408 654 1434 ollicinns
673 1409 779 1442 publice
795 1410 962 1444 exposuisse.

481 1553 660 1583 CYRILLUS.

213 1607 294 1644 Atqui
310 1610 408 1637 revixit
422 1611 546 1638 Christus
565 1612 667 1645 divina,
684 1613 722 1640 uti
741 1613 808 1647 dixi,
824 1614 963 1650 dispensu-

179 1655 262 1688 tione,
274 1662 335 1682 cum
350 1663 399 1683 suo
413 1658 520 1692 corpori
534 1663 647 1685 mortem
659 1664 770 1693 gustare
782 1660 963 1694 permisisset.

179 1700 230 1728 Per
251 1701 320 1728 hanc
333 1702 434 1736 quippe
454 1710 526 1730 mors
541 1704 640 1732 abolita
657 1710 709 1732 est.
722 1704 857 1733 Caeterum
871 1707 966 1734 doceat

178 1747 279 1780 obiter,
304 1748 414 1775 ubinam
439 1748 522 1776 divini
548 1750 672 1784 discipuli
692 1751 770 1779 nobis
794 1751 965 1786 tradiderint,

178 1799 305 1828 oportere
327 1794 460 1829 sepulcris
487 1794 606 1827 advolvi,
627 1801 656 1824 et
680 1804 693 1823 a
711 1798 826 1824 tnortuis
849 1799 966 1825 visiones

181 1844 227 1866 aut
242 1840 346 1866 somnia
369 1848 512 1874 qumrerc:
528 1842 575 1868 sed
600 1849 651 1868 non
668 1847 766 1876 potest,
782 1842 855 1869 nullo
875 1844 964 1870 modo.

181 1883 280 1912 Verum
304 1886 347 1913 hic
363 1893 412 1913 suo
429 1883 504 1913 more
519 1887 596 1914 nobis
614 1888 751 1922 imposuit.
766 1888 856 1915 Bonus
876 1894 965 1916 autem

180 1931 223 1957 vir
238 1938 290 1958 non
306 1931 506 1964 animadvertit,
520 1939 549 1960 se
567 1933 689 1960 convicia
711 1932 757 1960 illa
772 1941 824 1961 non
841 1934 925 1968 magis
940 1934 966 1961 in

181 1985 230 2005 nos
255 1986 337 2013 quam
364 1978 389 2005 in
411 1980 632 2014 superstitionem
655 1979 793 2015 gentilium
816 1980 964 2012 elhtnderc,

180 2031 280 2056 easque
295 2032 338 2051 res
351 2025 488 2057 vellicare,
504 2033 572 2060 quas
583 2033 676 2052 amore
687 2026 830 2060 studioque
847 2026 967 2060 comple-

181 2070 274 2096 ctitur.
285 2069 370 2098 Judmi
384 2072 468 2104 enim,
484 2077 511 2098 et
527 2079 575 2098 nos
586 2079 680 2099 cornuti
695 2079 878 2104 successores,
888 2078 968 2106 quot-

180 2121 246 2150 quot
260 2124 354 2144 sacras
366 2117 526 2152 divinasque
543 2117 618 2151 leges
630 2118 781 2152 sequimur,
797 2125 966 2153 nequaquam

181 2162 299 2189 visiones
319 2163 345 2189 in
371 2163 474 2190 somnis
495 2171 617 2198 quarere
639 2163 768 2195 solemus,
796 2171 883 2198 neque
905 2172 969 2190 vero

673 131 702 159 S.
723 131 859 160 CYRILLI
878 133 1109 161 ALEXANDRINI
1131 135 1290 164 AliClllEP.

174 193 348 228 proﬂigator?
363 192 457 224 Porro,
471 199 524 219 non
540 192 629 219 minus
643 197 747 225 peccat,
762 193 824 219 dum
841 199 962 221 inortnos

1028 203 1136 229 τρακτον
1154 196 1297 230 ἀποφήνας
1313 195 1359 221 τοὺ
1376 195 1493 222 θανάτου
1508 196 1556 231 τὴν
1579 197 1712 231 δύναμινς
1728 198 1814 224 Οὐδὲν

1013 239 1040 265 δὲ
1054 237 1134 275 ἦττον
1161 240 1316 276 πλημμελεῖ
1334 241 1446 275 νεκροὺς
1463 242 1605 276 ὀνομάζων
1624 245 1689 273 τοὺς
1705 243 1752 269 ἐπ’
1769 242 1812 268 ἑλ-

1014 285 1071 311 πίδι
1095 285 1167 320 ζωῆς
1191 284 1235 311 τὸν
1260 286 1424 320 πρόσκαιρον
1449 287 1498 321 τῆς
1521 287 1623 322 σαρκὸς
1638 287 1811 318 ὰνατλάντας

1014 330 1138 362 θάνατον,
1155 331 1226 366 φημὶ
1253 331 1283 366 δὴ
1308 332 1370 363 to);
1395 331 1489 366 ἁγίους
1514 332 1665 368 μάρτυρας,
1685 333 1754 368 περὶ
1772 330 1810 360 ὦν

1014 377 1179 412 γέγραπται,
1195 377 1240 404 καὶ
1255 377 1327 412 μάλα
1342 378 1450 411 σαφῶς·
1464 387 1474 404 ι
1488 378 1601 410 Ἐδοξαν
1614 380 1643 405 ὲν
1657 379 1810 414 ὀφθαλμοῖς

1013 423 1165 457 ἀνθρώπων
1187 423 1325 453 τεθνάναι,
1352 424 1398 450 καὶ
1422 423 1550 459 ἐλογίσθη
1572 425 1697 457 κάκωσις
1719 425 1810 457 ἔξοδος

1015 468 1119 495 αὐτῶν⁸
1146 468 1191 495 καὶ
1215 469 1231 504 ἡ
1254 469 1299 503 ἀφ’
1315 468 1392 503 ἡμῶν
1411 469 1518 504 πορεία,
1535 470 1702 506 σύντριμμα.
1727 471 1760 497 ΟΞ
1782 471 1812 497 δέ.

1014 513 1083 539 εἰσιν
1103 514 1131 539 ὲν
1153 513 1259 548 εἰρήνῃ,
1277 513 1324 539 καὶ
1339 514 1355 548 ἡ
1370 513 1448 544 ἐλπὶς
1465 513 1554 540 αὐτῶν
1568 514 1719 546 ἀθανασίας
1740 515 1811 549 πλή-

1018 569 1078 595 ρης.
1098 569 1107 585 r
1117 560 1160 591 Ὠς
1171 561 1225 595 γὰρ
1237 559 1318 592 αὐτός
1331 559 1383 587 πού
1399 568 1482 595 φησιν
1494 561 1508 586 ὀ
1528 561 1622 596 Σωτὴρ
1634 581 1641 593 ,
1659 570 1669 586 ι
1681 561 1754 587 Ζῶσι
1770 561 1810 595 τῷ

1014 606 1085 640 Θεῷ,
1101 606 1193 640 ζήσειν
1219 606 1364 641 μέλλοντες
1375 615 1381 620 ·
1399 606 1428 633 οὐ
1454 606 1508 641 γάρ
1531 608 1590 633 ἐστι
1606 606 1672 639 Θεὸς
1689 607 1808 642 νεκρῶν,

1014 652 1082 678 ἀλλὰ
1102 652 1220 683 ζώντων.
1237 661 1246 678 ι
1265 654 1279 679 ὁ
1291 652 1362 679 δι’δν
1378 653 1425 688 τῆς
1441 652 1512 679 οὕτω
1522 653 1651 688 λαμπρᾶς
1665 653 1810 687 ἐπέϐησαν

1015 698 1165 733 εὐανδρίας.
1188 696 1271 733 Οἶμαι
1291 698 1339 733 μὲν
1354 696 1400 724 οὖν
1416 698 1483 734 πρὸς
1497 699 1575 734 ἡμῶν
1588 699 1716 734 εἰρῆσθαι
1729 699 1810 725 ταυτὶ

1015 744 1062 770 καὶ
1087 744 1159 778 μάλα
1183 744 1375 779 ὲμφρόνως.’0
1395 744 1422 770 δὲ
1449 744 1482 771 τὰ
1506 744 1592 776 οὕτως
1609 744 1738 780 ἐξαίρετα
1754 745 1809 770 τῶν

1015 790 1184 824 πραγμάτων
1196 789 1213 824 ἦ
1229 789 1267 825 μὴ
1283 790 1418 825 συνιεὶς,ἣ
1432 790 1478 817 καὶ
1490 790 1641 825 θαυμάζειν
1650 790 1703 817 οὐκ
1713 789 1809 823 ἀξιῶν,

1015 835 1178 870 ψευδηγορεῖ
1192 835 1283 867 πάλιν,
1300 835 1346 862 καί
1361 844 1442 871 φησι·

1313 892 1507 918 ΙΟΥΛΙΛΝΟΣ.

1053 947 1162 973 Τούτων
1187 943 1235 972 οὖν
1259 946 1345 977 οὕτως
1371 946 1508 980 ἐχόντων,
1533 946 1612 981 ὑμεῖς
1635 947 1708 982 ὑπὲρ
1737 947 1809 977 τίνος

1019 991 1255 1028 προσκυλινδείσθε
1279 993 1335 1023 τοῖς
1357 993 1501 1028 μνήμασι;
1524 992 1652 1020 Ἀκοῦσαι
1678 993 1808 1028 βούλεσθε

1014 1040 1063 1074 τὴν
1081 1039 1190 1072 αὶτίαν;
1206 1039 1263 1066 Οὐκ
1279 1037 1335 1073 ἐγὼ
1348 1040 1431 1073 φαίην
1447 1039 1490 1071 ἂν,
1508 1039 1566 1065 ἀλλ’
1585 1039 1702 1070 Ἡσαΐας
1714 1039 1729 1064 ό
1741 1047 1808 1074 προ-

1015 1086 1119 1120 φήτης·
1146 1085 1212 1111 «Ἐν
1239 1086 1295 1116 τοῖς
1319 1085 1442 1120 μνήμασι
1468 1085 1515 1111 καὶ
1531 1085 1560 1111 ἐν
1582 1086 1639 1116 τοίς
1663 1085 1809 1119 σπηλαίοις

1015 1131 1164 1166 κοιμῶνται
1177 1131 1212 1157 δι’
1223 1130 1346 1157 ἐνύπνια.
1359 1141 1368 1156 ι
1386 1131 1516 1157 Σκοπεῖτε
1535 1128 1593 1161 οὖν,
1607 1131 1682 1162 ὅπως
1694 1130 1807 1156 παλαιὸν

1014 1174 1048 1211 ἦν
1063 1176 1142 1203 τοῦτο
1164 1179 1219 1208 τοῖς
1238 1177 1376 1208 Ἰουδαίοις
1399 1178 1449 1213 τῆς
1472 1177 1642 1212 μαγγανείας
1657 1177 1689 1203 τὸ
1713 1176 1807 1212 ἔργον,

1015 1223 1187 1256 ἐγκαθεύδειν
1213 1225 1269 1254 τοῖς
1295 1224 1444 1257 μνήμασιν,
1466 1223 1600 1250 ἐνυπνίων
1614 1224 1706 1258 χάριν,
1722 1224 1756 1250 Ὃ
1772 1223 1808 1258 δὴ

1015 1269 1061 1294 καί
1076 1269 1138 1299 τοὺς
1159 1269 1323 1300 ἀποστόλους
1339 1268 1416 1303 ὑμῶν
1438 1269 1511 1300 είκός
1523 1270 1597 1296 ἐστιν
1610 1269 1681 1304 μετὰ
1696 1269 1747 1303 τὴν
1761 1268 1807 1295 τοῦ

1014 1314 1173 1342 διδασκάλου
1188 1314 1316 1349 τελευτὴν
1331 1314 1570 1349 ὲπιτηδεύσαντας,
1586 1315 1651 1350 ὑμῖν
1664 1324 1694 1341 τε
1713 1315 1742 1348 ἐξ
1756 1315 1807 1349 ἀρ-

1015 1360 1066 1394 χῆς
1086 1359 1250 1394 παραδοῦναι
1264 1360 1320 1390 τοῖς
1337 1359 1454 1394 πρώτοις
1476 1360 1682 1392 πεπιστευκόσι,
1698 1361 1747 1387 καὶ
1761 1369 1806 1385 τε-

1014 1405 1178 1440 χνικώτερον
1202 1405 1267 1440 ὑμῖν
1292 1406 1370 1431 αὐτοὶ
1397 1405 1598 1440 μαΠανεῦσαι,
1613 1408 1670 1439 τοῖς
1693 1407 1723 1434 δὲ
1743 1406 1807 1441 μετ’

1014 1451 1114 1482 αὐτοὺς
1136 1451 1277 1483 ἀποδεῖξαι
1301 1451 1420 1486 δημοσίᾳ
1442 1452 1493 1487 τῆς
1518 1453 1689 1488 μαγγανείας
1705 1453 1806 1487 ταύτης

1016 1498 1065 1524 καὶ
1080 1497 1221 1533 βδελυρίας
1239 1498 1273 1524 τὰ
1287 1498 1467 1533 ἐργαστήρια.

1319 1554 1505 1582 ΚΥΡΙΛΛΟΣ.

1057 1612 1169 1639 Ἀνεὸίω
1185 1612 1234 1648 μὲν
1248 1610 1295 1639 οὖν
1309 1613 1323 1638 ὁ
1339 1612 1456 1648 Χριστὸς
1471 1613 1662 1647 οίκονομικως,
1676 1614 1714 1646 ὡς
1727 1614 1805 1649 ἔφην,

1016 1659 1091 1693 ἐφεὶς
1112 1658 1151 1693 τῷ
1170 1658 1228 1693 ἰδίῳ
1242 1657 1349 1693 σώματι
1364 1658 1393 1684 τὸ
1413 1658 1563 1692 γεύσασθαι
1580 1658 1706 1686 θανάτου.
1734 1661 1807 1686 Κατ-

1016 1705 1135 1738 ἡργηται
1150 1703 1205 1738 γὰρ
1219 1703 1263 1729 διὰ
1278 1703 1374 1730 τούτου
1393 1703 1517 1730 θάνατον.
1536 1704 1569 1730 Οἵ
1583 1713 1614 1738 γε
1633 1705 1688 1740 μὴν
1707 1705 1806 1731 Θεσπέ-

1017 1759 1069 1776 σιοι
1095 1749 1215 1784 μαθηταὶ
1239 1749 1291 1776 ποῦ
1312 1749 1474 1784 παρέδωκαν
1491 1751 1569 1785 ἡμῖν,
1582 1750 1721 1786 ἐλεγχέτω
1739 1760 1807 1786 παρ-

1016 1795 1110 1826 ελθὼν,
1121 1796 1163 1822 ὅτι
1176 1795 1222 1822 κα)⁵
1236 1795 1376 1830 μνήμασιν
1392 1795 1605 1830 ὲγκαλινδεῖσθαι
1618 1797 1683 1832 χρὴ,
1699 1797 1749 1823 καὶ
1760 1799 1807 1829 τὰς

1016 1842 1079 1876 περὶ
1086 1842 1140 1867 τῶν
1150 1841 1304 1867 τεθνεώτων
1314 1841 1422 1876 ὁράσεις
1433 1842 1529 1874 αἰτεῖν,
1541 1842 1625 1877 ἣγουν
1637 1842 1672 1869 τὰ
1682 1843 1807 1870 ἐνύπνια.

1024 1887 1092 1913 Ἀλλ’
1106 1887 1155 1913 οὐκ
1173 1887 1206 1914 ἄν
1221 1886 1276 1921 ἔχει
1291 1886 1382 1914 ποθέν.
1398 1887 1584 1920 Πεφενάκικεν
1599 1888 1628 1915 δὲ
1641 1889 1694 1915 κάν
1710 1889 1807 1924 τούτῳ.

1019 1933 1090 1968 Πλὴν
1114 1933 1247 1968 ἠγνόησεν
1260 1934 1274 1959 ὁ
1293 1933 1412 1968 Χριστὸς
1435 1934 1485 1969 οὐχ
1507 1933 1586 1969 ἡμῶν
1611 1935 1725 1970 μᾶλλον,
1741 1935 1809 1962 ἀλλὰ

1017 1978 1065 2013 τῆς
1083 1979 1216 2013 Ἑλλήνων
1229 1978 1445 2013 δεισιδαιμονίας
1466 1978 1501 2005 τὰ
1518 1979 1561 2005 ἐπ’
1576 1979 1650 2015 αὺτῷ
1666 1980 1700 2015 δὴ
1722 1980 1810 2015 τούτῳ

1018 2023 1160 2058 καταχέων
1179 2023 1351 2058 ἐγκλήματα,
1366 2023 1413 2050 καὶ
1427 2022 1463 2050 τὰ
1478 2023 1552 2058 αὐτῷ
1577 2023 1688 2060 θυμήρη
1712 2025 1761 2052 καὶ
1783 2026 1810 2051 ὲν

1019 2069 1120 2105 σπουδῇ
1135 2070 1343 2096 κατασκώπτειν
1365 2069 1520 2105 ἐπιχειρῶν.
1531 2070 1653 2096 Ἰουδαῖοι
1680 2071 1733 2106 μὲν
1757 2071 1809 2106 γὰρ

1019 2115 1066 2141 καὶ
1092 2116 1150 2149 μετ’
1164 2115 1285 2146 ἐκείνους
1311 2115 1393 2150 ἡμεῖς
1418 2115 1501 2150 ἱεροῖς
1530 2115 1576 2141 καὶ
1604 2115 1687 2147 Θείοις
1718 2116 1809 2151 νόμοις

1020 2162 1158 2196 ἑπόμενοι,
1174 2161 1204 2187 οὺ
1227 2162 1276 2193 τὰς
1293 2161 1326 2187 δι’
1343 2161 1455 2197 ὀνείρων
1477 2161 1554 2195 seu;
1569 2162 1712 2197 ἐπιζητεῖν
1728 2163 1810 2189 sidia-

180 2209 297 2242 spectris
316 2209 442 2236 inanibus
456 2210 597 2244 pueriliter
618 2210 763 2242 obiectari,
784 2211 831 2237 sed
846 2211 965 2237 aversari

1028 2207 1110 2239 1.500.,
1136 2206 1198 2233 οὒτε
1226 2206 1279 2242 μὴν
1301 2206 1394 2238 ἑώλοις
1419 2209 1581 2241 φαντασίαις
1612 2208 1809 2241 ὲπιγάννυσθαι

181 2252 276 2280 talium
305 2262 395 2282 rerum
417 2255 588 2290 interpretes.
618 2254 674 2282 Lex
702 2261 794 2283 autem
819 2256 854 2283 de
876 2256 918 2283 his
941 2256 967 2282 in

183 2301 391 2328 Deuteronomio
404 2302 441 2328 ita
463 2309 492 2329 se
515 2302 596 2328 habet
609 2310 616 2328 :
630 2310 641 2326 ί
656 2302 685 2328 Si
703 2307 794 2328 autent
817 2303 970 2329 surrexerit

182 2345 209 2372 in
224 2351 250 2371 te
267 2346 409 2380 propheta,
429 2353 476 2373 seu
498 2347 637 2373 somnians
659 2346 806 2379 somnium,
819 2351 845 2372 et
864 2346 970 2373 dederit

183 2391 230 2419 tibi
249 2392 366 2427 signum,
383 2393 425 2419 vel
445 2393 606 2427 prodigium,
621 2398 648 2419 et
669 2393 775 2420 venerit
798 2392 904 2426 signum
923 2397 971 2418 ant

183 2439 346 2473 prodigium,
365 2439 435 2473 quod
453 2439 558 2465 locutus
574 2444 617 2466 est
632 2439 665 2466 ad
682 2444 717 2471 te,
735 2439 846 2466 dicens:
860 2439 971 2470 Eamus,

182 2487 211 2509 et
226 2484 377 2511 serviamus
390 2484 442 2512 diis
457 2485 528 2516 aliis,
549 2492 618 2519 quos
633 2486 763 2517 nescitis;
782 2492 836 2511 non
854 2484 970 2511 audietis

184 2532 265 2557 verba
300 2532 437 2565 propheta:
461 2532 547 2563 illius.
577 2531 617 2558 vel
642 2530 804 2557 somniantis
834 2530 969 2556 somnium

185 2575 249 2604 illud
262 2577 298 2605 ".
313 2587 323 2603 ο
347 2578 432 2612 Igitur
461 2585 530 2605 vana
557 2578 665 2612 quidem
691 2577 824 2604 insomnia
848 2576 969 2603 aversari

183 2622 320 2656 iubemur.
332 2624 522 2651 Verumtamen
532 2624 880 2651 cultoribusdaemoniorum
889 2624 971 2650 chara

187 2667 230 2695 illa
249 2673 322 2700 sunt,
339 2673 368 2696 et
384 2677 482 2704 magno
502 2670 527 2695 in
550 2670 637 2704 pretio
656 2678 688 2696 ut:
709 2669 811 2696 honore
828 2669 971 2695 habentur.

189 2714 220 2740 Et
238 2722 303 2741 sane
316 2714 482 2750 Porphyrius
501 2715 660 2749 Pythagora:
674 2716 755 2741 vitam
773 2714 921 2748 explanatis
935 2714 972 2740 ita

188 2760 281 2786 scribit
296 2769 302 2786 :
318 2761 448 2795 Antiphon
463 2767 550 2787 autem
563 2762 589 2787 in
609 2770 638 2787 eo
652 2761 720 2787 libro
734 2767 810 2795 quem
825 2759 928 2793 scripsit
942 2759 974 2785 de

1024 2253 1224 2288 μειρακιωδῶς,
1251 2252 1387 2280 ποιεῖσθαι
1411 2253 1439 2279 δὲ
1467 2254 1725 2289 κατεστυγημένους
1751 2255 1809 2285 τοὺς

1021 2299 1075 2324 τῶν
1092 2298 1220 2324 τοιούτων
1242 2298 1482 2333 εἱσηγητάς,¹Ἐχει
1497 2299 1525 2325 δὲ
1542 2298 1629 2330 οὕτως
1643 2300 1658 2325 ὁ
1674 2300 1740 2334 περὶ
1753 2301 1808 2326 τού-

1020 2352 1074 2370 των
1088 2343 1168 2378 νόμος
1183 2344 1212 2369 ἐν
1226 2343 1265 2378 τῷ
1280 2345 1481 2379 Δευτερονομίῳ
1491 2352 1498 2359 ·
1519 2353 1528 2369 ι
1540 2343 1603 2370 Ἐὰν
1617 2344 1646 2371 δὲ
1663 2346 1767 2380 ἀναστῇ
1783 2346 1809 2370 ἐν

1022 2391 1064 2415 σοὶ
1087 2390 1229 2424 προφήτης
1255 2389 1270 2424 ἢ
1295 2390 1524 2425 ἑνυπνιαζὸμενος
1545 2390 1684 2422 ἐνύπνιον,
1706 2392 1754 2417 καὶ
1775 2391 1807 2424 δῷ

1022 2444 1062 2462 σοι
1090 2437 1210 2470 σημεῖον,
1236 2436 1253 2470 ἢ
1273 2436 1371 2471 τέρας,
1395 2436 1441 2462 καὶ
1471 2436 1535 2471 ἔλθῃ
1559 2437 1590 2462 τὸ
1610 2438 1724 2471 σημεῖον
1749 2437 1807 2471 ἣτὸ

1023 2481 1114 2514 τέρας,
1133 2481 1147 2506 ὃ
1162 2481 1276 2515 ἐλάλησε
1292 2481 1359 2516 πρὸς
1381 2482 1422 2513 σὲ,
1438 2481 1540 2515 λέγων·
1562 2482 1748 2517 Πορευθῶμεν
1764 2482 1805 2508 καὶ

1023 2526 1216 2562 λατρεὺσωμεν
1232 2527 1301 2558 θεοῖς
1316 2527 1421 2561 ἑτέροις
1433 2527 1481 2558 οὖς
1491 2528 1540 2553 οὐκ
1553 2527 1654 2560 οἴδατε,
1668 2528 1720 2554 οὐκ
1732 2529 1804 2554 ἁκού-

1024 2573 1102 2599 σεσθε
1124 2572 1178 2599 τῶν
1202 2570 1287 2607 λόγων
1312 2574 1359 2600 τοῦ
1383 2575 1522 2608 προφήτου
1544 2574 1659 2606 ἐκείνου,
1677 2574 1693 2609 ῆ
1709 2574 1754 2600 τοῦ
1766 2575 1803 2599 ἐν·

1023 2618 1219 2653 υπνιαζομένου
1233 2619 1263 2644 τὸ
1284 2619 1410 2645 ἐνύπνιον
1425 2620 1522 2646 ἐκεῖνο.
1539 2629 1549 2644 ι
1567 2619 1674 2645 Οὐκοῦν
1696 2620 1804 2653 timot-

1023 2665 1072 2699 τᾴν
1100 2665 1149 2700 μὲν
1174 2666 1254 2699 ἡμεῖς
1276 2665 1332 2691 τῶν
1358 2665 1501 2700 ἀμενηνῶν
1518 2665 1632 2700 ὀνείρων
1645 2665 1803 2700 προσ-τετάγ-

1025 2711 1108 2746 μεοα·
1125 2713 1179 2742 τοῖς
1198 2720 1229 2745 γε
1245 2712 1298 2746 μὴν
1310 2711 1364 2737 τῶν
1376 2712 1522 2746 δαιμονίων
1538 2711 1721 2746 θεραπευταῖς
1733 2711 1801 2737 ταυτὶ

1025 2757 1071 2782 καὶ
1094 2757 1170 2791 φίλα,
1188 2757 1235 2783 καὶ
1254 2758 1283 2783 ἐν
1310 2757 1422 2792 σπουδῇ,
1441 2757 1486 2783 καὶ
1508 2756 1555 2783 τοῦ
1580 2756 1683 2788 παντὸς
1700 2757 1802 2791 ἠξίωται

224 2849 250 2865 ⁸ο
268 2850 331 2884 Sap.
351 2858 392 2883 ιιι,
412 2850 440 2883 5,
458 2850 483 2876 4.
523 2849 544 2865 δ’
565 2850 629 2882 Luc.
650 2857 694 2882 xx,
712 2849 755 2876 38.
794 2850 816 2865 "
833 2849 884 2876 lsa.
902 2855 964 2881 ur,

1044 2847 1067 2863 ⁸³
1082 2846 1160 2874 Deut.
1178 2855 1237 2880 xm,
1260 2848 1317 2875 1-5.

1748 138 1816 165 ιοει
1871 136 1873 143 ’

1871 239 1873 274 l
