1894 3056
52 135 130 164 ΝΞὸ

635 134 778 164 7CONTRA
799 136 968 165 JULIANUM
988 137 1052 165 LIB.
1073 137 1106 165 Χ.

1610 145 1677 174 ιοδι

49 193 66 217 ὁ
83 191 236 223 θεσπέσιος
267 191 365 218 Δαὸἰδ·
386 200 396 217 ι
417 191 504 218 Θῦσον
528 191 566 226 τῷ
593 192 652 228 Θεῷ
676 193 771 219 θυσίαν
799 193 845 220 αἰ·-

899 200 1015 223 vestrum
1029 196 1062 222 “.
1083 204 1092 222 ι
1113 195 1188 229 Quod
1212 201 1302 224 autem
1336 198 1470 227 tsraelitas
1491 199 1516 227 in
1548 200 1678 236 legalibus

48 239 170 269 νέσεως.
187 246 196 262 ι
216 237 271 264 Καὶ
291 237 388 263 πάλιν·
411 246 420 262 ι
431 237 588 264 Ἐκύκλωσα
612 238 658 264 καὶ
671 237 755 265 ἔθυσα
771 239 800 265 ἐν
812 239 843 274 τῇ

51 284 146 317 σκηνῇ
163 282 244 309 αὑτοῦ
258 282 352 309 Θυσίαν
362 281 530 317 ἀλαλαγμοῦ.
550 291 558 308 ι
576 283 746 318 Προστέταχε
760 283 845 310 δὲκαὶ

48 329 66 354 ὁ
81 328 202 359 Παῦλος,
219 327 305 362 λέγων
315 335 322 342 ”
344 337 353 352 ι
376 328 575 363 Παραστήσατε
590 328 624 354 τὰ
643 329 756 364 σώματα
766 329 844 364 ὑμῶν

51 374 155 400 θυσίαν
165 373 265 405 ζῶσαν,
283 373 374 406 ἁγίαν,
385 373 530 408 εὐάρεστον
540 373 579 409 τῷ
589 373 658 408 Θεῷ,
672 374 721 409 τὴν
735 375 844 410 λογικὴν

50 418 187 454 λατρείαν
204 417 291 451 ὑμῶν.
315 427 324 444 ι
350 418 411 444 Ὀτι
430 418 458 445 δὲ
476 419 536 450 ταῖς
557 419 628 446 κατὰ
650 419 731 454 νόμον
754 422 844 451 σκιαῖς

50 465 121 496 τοὺς
133 464 163 498 ἐξ
178 464 292 499 αἵματος
313 464 420 500 Ἰσραὴλ
432 464 569 496 ἀσυνέτως
587 465 783 502 ὲμφιλοχωρεῖν
795 466 843 493 οὐκ

49 509 132 544 ἠφίει
148 509 224 540 Θεὸς,
236 508 282 534 καὶ
297 507 327 540 ἐξ
341 509 430 535 αὐτῶν
447 509 575 544 εἰσόμεθα
591 509 644 535 τῶν
662 509 742 545 ἱερῶν
753 510 845 545 Γραμ-

54 555 163 590 μάτων.
180 555 365 590 Προστέταχεν
380 555 429 590 μὲν
443 555 497 589 γὰρ
508 554 690 582 καταθύεσθαι
702 556 746 582 τὸν
759 556 844 591 ἀμνὸν

53 602 97 632 εἰς
122 601 208 627 -τύττο,⁸
226 600 355 634 Χριστοῦ.
383 610 392 626 ‹
418 600 490 634 Πλὴν
515 599 585 626 οὕτω
610 601 729 634 φάγεσθε
753 601 842 633 αὑτὸν,

56 644 142 679 φησιν
156 653 164 659 ·
186 645 328 671 Ἔστωσαν
345 644 421 679 ὑμῶν
444 646 470 670 αἱ
487 645 588 678 ὀσφύες
616 645 842 680 περιεζωσμέναι,

54 692 106 717 καὶ
121 691 157 716 τὰ
178 691 339 726 ὑποδήματα
362 692 391 717 ἐν
404 692 458 722 τοῖς
482 691 561 717 ποσὶν
577 690 663 726 ὑμῶν,
687 692 733 718 καὶ
748 692 776 718 αἱ
797 691 846 726 βα-

55 737 170 772 κτηρίαι
188 738 216 763 ὲν
233 738 292 768 ταῖς
307 737 399 772 χερσὶν
414 736 501 772 ὑμῶν.
521 746 530 762 ι
555 737 649 772 Ἀθρει
665 737 697 773 δὴ
714 736 759 764 οὖν
771 738 845 770 ὅπως

54 783 236 818 ὁδοιπορικῶς
254 783 433 818 ἐσταλμένους
456 782 586 809 σιτεῖσθαι
602 783 779 819 προστέταχε,
797 792 845 819 μο-

55 831 167 865 νονουχὶ
190 839 236 857 του
259 830 422 865 πράγματος
441 827 470 856 εὖ
492 830 564 865 μάλα
585 830 843 866 κατασημαίνοντος,

53 877 94 908 ὡς
112 877 192 912 μέχρι
203 877 303 907 παντὸς
314 876 344 902 οὐ
357 878 484 910 στήσεται
494 876 528 902 τὰ
539 876 567 902 ἐν
579 876 682 908 τύποις,
693 876 751 903 ἀλλ’
762 877 844 903 οἱονεὶ
859 867 881 897 Β

53 922 204 957 δραμεῖται
227 921 295 958 πρὸς
316 922 453 957 ἀλήθειαν.
478 921 673 957 Ἐκὸεσηκότος
688 921 719 957 δὴ
735 920 781 948 οὖν
796 923 843 948 τοῦ

53 968 145 993 τύπου
168 968 235 1004 πρὸς
249 967 388 1003 ἀλήθειαν,
405 967 452 993 καὶ
475 967 535 993 ἀντὶ
560 968 644 1003 πυρὸς
663 967 790 1002 αἰσθητοῦ
814 969 845 995 τὸ

55 1013 171 1047 Πνεῦμα
194 1013 342 1048 δεχόμενοι,
371 1013 419 1049 τὴν
446 1013 633 1048 πνευματικὴν
657 1014 704 1039 καὶ
733 1013 844 1048 λογικὴν

55 1059 217 1094 πληροῦμεν
248 1059 386 1094 λατρείαν.
414 1058 492 1085 Οὕτω
516 1059 569 1094 γὰρ
594 1059 702 1092 λέγεται
728 1060 845 1095 Χριστὸς

57 1105 202 1140 βαπτίζειν
223 1106 298 1140 ἡμᾶς
312 1105 340 1130 ὲν
363 1105 501 1140 Πνεῦματι
518 1104 589 1139 ἁγίῳ
611 1105 658 1131 καὶ
673 1105 750 1140 πυρί.
772 1105 803 1131 Et
816 1105 844 1132 δὲ

55 1151 136 1186 κριὸς
151 1150 259 1185 ἐδείχθη
273 1150 311 1183 τῷ
332 1150 466 1186 Ἀϐραὰμ,
482 1151 511 1176 ὃν
534 1150 566 1185 δὴ
589 1151 637 1176 καὶ
658 1149 770 1177 τέθυκεν
784 1150 845 1177 ἀντὶ

62 1198 169 1228 Ἰσαὰκ.
186 1197 277 1232 φαμὲν
296 1198 335 1224 ὃτι
351 1197 435 1228 τύπος
447 1195 481 1232 ἦν
496 1197 620 1229 κάκεῖνος
644 1195 691 1222 τοῦ
714 1195 843 1232 Χριστοῦ,

54 1244 91 1271 δι’
105 1244 182 1279 ἡμᾶς
203 1244 249 1269 καὶ
264 1242 335 1278 ὑπὲρ
361 1242 439 1278 ήμῶν
460 1242 505 1268 τὸν
530 1241 600 1269 κατὰ
620 1241 709 1277 σάρκα
732 1241 845 1268 θάνατον

56 1289 266 1325 ὑπομείναντος,
284 1289 327 1315 ἵνα
346 1289 420 1324 ἡμᾶς
435 1287 576 1324 ἀπαλλάξῃ
589 1288 703 1314 θανάτου
719 1287 766 1313 καὶ
782 1287 846 1321 φθο-

58 1337 120 1372 ρᾶς.
145 1337 201 1363 Καὶ
220 1336 244 1362 ει
268 1335 380 1362 τέθυκεν
401 1334 536 1370 Ἀὁραὰμη
550 1334 604 1370 πῦρ
620 1333 790 1364 ἐπείσακτον,
808 1333 846 1365 ὥς

57 1391 137 1417 φησι,
152 1383 208 1413 τοῖς
226 1381 343 1416 θύμασιν
355 1381 445 1413 ἐνιεὶς,
463 1381 508 1407 καὶ
521 1381 580 1415 οὐχ)⁵
593 1379 624 1415 δὴ
650 1379 757 1410 πάντως
775 1378 804 1405 τὸ
816 1378 846 1412 ἐξ

55 1428 187 1464 οὐρανοῦ,
199 1427 268 1462 προς
290 1428 364 1462 ἡμᾶς
383 1426 462 1453 τοῦτο
480 1425 618 1457 παντελῶς
637 1425 722 1452 οὐδέν.
744 1425 847 1460 Παραι-

56 1474 201 1508 τουμένοις
215 1474 263 1507 μὲν
279 1473 334 1508 γὰρ
346 1473 376 1499 τὸ
392 1471 535 1508 καθιεροῦν
547 1471 585 1506 τῷ
605 1470 664 1505 Θεῷ
677 1471 710 1498 τὰ
722 1470 760 1505 τῷ
772 1470 847 1505 νόμῳ

56 1518 275 1554 διηγορευμένα,
301 1519 349 1544 καὶ
373 1517 511 1553 πρόφασιν
538 1516 710 1551 ποιουμένοις
734 1517 783 1551 τῆς
806 1516 845 1547 είς

55 1564 138 1590 τοῦτο
153 1563 293 1599 ῥᾳστώνης
311 1563 342 1590 τὺ
357 1562 395 1598 μὴ
418 1562 520 1589 ἄνωθεν
539 1562 587 1589 καὶ
603 1561 633 1594 ἐξ
649 1561 763 1597 οὐρανοῦ
778 1561 846 1588 καθ-

58 1610 160 1636 ιεῖσθαι
173 1609 204 1636 τὺ
216 1609 280 1644 πῦρ,
295 1608 480 1644 παρεκόμισεν
501 1607 533 1634 ἂν
547 1609 588 1639 εἰς
609 1607 719 1642 ἔλεγχον
733 1607 846 1643 εὐσθενῆ

57 1655 106 1682 τοῦ
117 1655 171 1681 τῶν
184 1655 263 1681 θείων
279 1655 351 1689 ἡμᾶς
370 1654 503 1688 ἁλογῆσαι
517 1653 617 1688 νόμων,
643 1653 674 1679 τὺ
692 1652 846 1688 ἐπεισάκτῳ

57 1699 128 1733 πυρὶ
143 1698 292 1734 κεχρῆσθαι
312 1699 357 1725 τὸν
387 1698 521 1733 ’Λῦραὰμ.
555 1698 664 1733 Ἐπειδὴ
685 1698 712 1724 δὲ
735 1698 846 1732 ἄμεινον

57 1746 140 1780 ἡμεῖς
155 1745 171 1780 ἢ
187 1746 284 1771 ἐκεῖνοι
300 1743 529 1779 λελατρεύκαμεν,
545 1744 725 1776 καταθύοντες
738 1744 776 1778 τῷ
787 1744 845 1779 Θεῷ

57 1791 94 1817 τὰ
109 1790 293 1825 πνευματικὰ,
308 1790 354 1817 καὶ
368 1790 428 1816 ἀντὶ
442 1790 526 1825 πυρὸς
541 1789 670 1825 αἰσθητοῦ
683 1789 713 1815 τὸ
734 1789 846 1824 Πνεῦμα

57 1836 271 1871 πλουτήσαντες,
297 1836 334 1871 μὴ
355 1836 539 1863 καταιτιάσθω
564 1836 660 1870 λέγων,
689 1836 732 1863 διὰ
755 1836 781 1863 τί
808 1836 845 1871 μὴ

58 1884 236 1919 προσάγομεν
255 1884 342 1918 ἱερεῖα
356 1882 466 1918 βωμοῖς.
498 1883 741 1918 Ἀνταναστήσεται
755 1881 808 1918 γὰρ
831 1883 846 1909 ό

57 1927 204 1960 θεσπέσιος
227 1928 342 1960 Παῦλος,
371 1928 510 1963 μονονουχὶ
534 1927 723 1963 διακεκραγώς
745 1936 775 1953 τε
798 1927 846 1954 καὶ

55 1974 147 2008 λέγων
157 1983 164 1989 ·
184 1983 193 2000 ι
212 1974 252 2001 Τὰ
266 1974 366 2009 ἀρχαῖα
379 1973 528 2009 παρῆλθεν,
540 1973 594 2000 ίδοὺ
612 1974 706 2008 γέγονε
721 1972 812 1999 καινά.
832 1981 841 1998 ι

896 240 999 268 umbris
1029 245 1130 268 temere
1158 243 1259 269 versari
1289 251 1342 270 non
1373 245 1526 278 permiserit
1550 246 1679 277 heus.ex

896 285 962 319 ipsis
970 293 1075 320 quoque
1086 287 1170 314 sacris
1181 286 1288 314 Litteris
1299 290 1568 327 agnoscemus.346
1576 292 1679 326 Agmnn

896 331 1080 365 quippejussit
1096 332 1226 359 immolari
1238 333 1264 359 in
1275 338 1364 368 typum
1375 334 1474 362 Christi
1487 345 1512 363 τι
1531 336 1576 363 Sic
1589 344 1678 365 autent

896 376 1041 404 comedetis
1059 384 1131 411 eum,
1145 377 1244 412 inquit:
1256 377 1404 406 Sintrenes
1417 381 1498 407 vestri
1510 382 1635 414 accincti,
1654 387 1680 409 et

896 421 1076 450 calceamenta
1088 422 1114 449 in
1125 423 1237 458 pedibus
1251 424 1349 451 vestris
1360 425 1393 457 ⁸³,
1407 430 1434 452 et
1447 427 1533 454 baculi
1547 427 1574 454 in
1595 428 1680 455 mani-

897 467 948 494 bus
962 467 1071 494 vestris.
1084 477 1093 494 ι
1111 469 1227 496 Adverte
1243 470 1333 505 igitur,
1347 477 1449 506 quaeso,
1469 479 1522 506 quo
1539 477 1617 507 pacto
1634 481 1681 501 eos

896 512 1029 540 viatorum
1055 513 1146 540 habitu
1161 514 1263 549 epulari
1282 517 1462 550 prmceperit;
1492 526 1546 552 quo
1575 524 1679 547 tantum

896 565 948 585 non
963 558 1129 593 signiﬁcatur
1146 567 1190 587 res
1200 561 1287 596 typica
1304 569 1354 589 non
1363 570 1470 598 semper
1481 563 1619 597 duratura,
1632 566 1680 594 sed

896 604 930 630 ad
945 604 1083 631 veritatem
1098 607 1296 639 quodammodo
1317 613 1484 642 perrectura.
1504 610 1681 646 Typoitaque

895 646 1034 674 veritatem
1048 653 1171 676 assecuto
1191 655 1218 676 et
1228 651 1288 678 loco
1300 652 1369 687 ignis
1383 653 1519 681 sensibilis
1528 656 1588 682 dato
1603 656 1683 684 nobis

896 691 1007 726 Spiritu,
1019 694 1165 728 spiritalem
1182 700 1208 722 et
1225 697 1381 725 rationalem
1399 699 1499 726 cultum
1528 700 1679 735 implemus.

896 737 941 764 Sic
955 738 1025 765 enim
1047 738 1172 766 Christus
1185 741 1326 774 baptizare
1344 749 1392 769 nos
1416 743 1516 770 dicitur
1530 745 1555 770 in
1578 744 1681 778 Spiritu

895 789 990 811 sancto
1003 789 1031 812 et
1043 785 1096 820 igni
1110 785 1143 812 “.
1156 786 1233 818 Quod
1247 788 1269 814 si
1282 792 1446 816 monstratus
1457 794 1497 816 est
1511 791 1582 817 aries
1596 791 1682 818 Abra-

895 828 946 861 liz,
957 836 1036 863 quem
1045 830 1152 864 quidem
1169 830 1253 858 lsaaci
1270 832 1329 859 loco
1339 833 1394 860 aris
1405 833 1548 868 imposuit:
1567 835 1682 863 dicimus

896 873 969 901 illum
980 882 1086 909 quoque
1095 876 1281 911 lypuml‘uisse
1289 878 1400 911 Christi,
1412 880 1457 913 qui
1478 885 1587 914 propter
1596 888 1644 908 nos
1654 886 1682 908 et

894 928 944 955 pro
956 921 1044 954 nobis,
1052 922 1198 948 secundum
1211 930 1320 950 carnem
1331 929 1444 951 mortem
1459 926 1581 959 pertulit,
1596 931 1682 953 utnos

895 973 908 992 ιι
919 970 1005 994 morte
1012 968 1214 1002 etcorruptione
1220 968 1376 996 vindicaret.
1388 970 1587 997 EtsiAbraliam
1597 973 1682 999 sacri-

895 1011 995 1044 ﬁcavit,
1005 1012 1065 1047 igne
1074 1012 1171 1045 alieno,
1182 1017 1210 1039 ut
1220 1014 1269 1045 ait,
1282 1014 1422 1042 sacriﬁciis
1432 1015 1515 1048 illato,
1529 1024 1581 1043 non
1592 1022 1681 1044 autem

895 1056 1002 1083 coalitus
1018 1057 1146 1088 demisso,
1172 1057 1238 1084 nihil
1262 1059 1405 1086 adversum
1429 1067 1477 1087 nos
1502 1060 1571 1088 istuc
1590 1061 1680 1096 plane.

895 1101 977 1130 Nobis
985 1103 1058 1129 enim
1069 1110 1099 1130 ea
1112 1103 1252 1131 immolare
1263 1104 1318 1131 Deo
1329 1105 1515 1133 recusantibus
1527 1114 1586 1141 quae
1597 1115 1612 1133 a
1626 1107 1684 1142 lege

895 1147 1051 1182 praescripta
1060 1152 1134 1180 sunt,
1142 1148 1253 1176 etistius
1262 1151 1300 1176 rei
1309 1150 1486 1177 cessationem
1496 1151 1682 1184 causamibus,

895 1194 966 1228 quod
981 1194 1014 1220 de
1027 1193 1096 1220 caelo
1112 1193 1181 1228 ignis
1190 1201 1243 1221 non
1254 1194 1410 1228 descendat,
1423 1200 1454 1222 ut
1469 1196 1622 1224 ﬁrmissimo
1636 1204 1683 1224 ar-

896 1243 1023 1273 gumento
1032 1238 1126 1273 probet
1141 1239 1246 1267 divinas
1257 1239 1330 1273 leges
1347 1240 1424 1268 nobis
1436 1248 1496 1268 esse
1506 1242 1683 1277 contemptui.

896 1284 975 1311 aﬁ'ert
982 1284 1162 1312 Abrahamum
1172 1293 1248 1312 usum
1258 1292 1319 1313 esse
1327 1285 1387 1320 igne
1395 1285 1494 1314 alieno.
1503 1286 1624 1314 Sedcum
1635 1295 1683 1315 nos

897 1330 1034 1357 meliorem
1043 1337 1123 1364 quam
1132 1330 1169 1357 illi
1180 1330 1228 1358 Dei
1235 1331 1338 1357 colendi
1349 1331 1479 1358 rationem
1490 1332 1576 1359 secuti
1585 1333 1683 1365 simus,

897 1375 1068 1403 immolantes
1088 1377 1143 1404 Deo
1165 1376 1310 1411 spiritalia,
1326 1382 1354 1404 et
1377 1376 1436 1404 loco
1458 1377 1528 1412 ignis
1544 1379 1683 1406 sensibilis

896 1420 997 1456 Spiritu
1017 1421 1169 1456 locupletati
1193 1422 1294 1450 simus:
1311 1429 1344 1449 ne
1365 1430 1415 1450 nos
1430 1423 1555 1458 suggillet
1570 1431 1683 1458 percon-

897 1467 988 1501 tando,
997 1469 1173 1503 quamobrem
1197 1476 1246 1496 nos
1261 1469 1386 1496 victimas
1399 1470 1453 1496 aris
1468 1477 1520 1496 non
1535 1471 1681 1498 admovea-

899 1520 970 1541 mus.
997 1513 1165 1541 Reclamabit
1193 1515 1264 1541 enim
1292 1515 1399 1542 divinus
1422 1516 1467 1543 ille
1491 1516 1602 1549 Paulus,
1641 1517 1683 1543 bis

898 1560 1089 1594 propemodum
1114 1560 1225 1588 verbis:
1245 1569 1254 1586 ι
1278 1559 1373 1588 Vetera
1397 1562 1560 1589 transierunt
1586 1570 1593 1589 :
1618 1568 1683 1589 ecce

899 1605 967 1632 facta
984 1610 1047 1632 sunt
1060 1613 1126 1632 nova
1143 1605 1176 1632 ⁸⁸.
1197 1615 1207 1632 ι
1225 1605 1318 1633 Mutati
1337 1607 1408 1634 enim
1422 1614 1516 1634 sumus
1532 1607 1559 1634 in
1576 1607 1682 1633 novita-

899 1655 952 1677 tem
976 1651 1038 1678 vita
1055 1651 1227 1686 evangelica
1241 1658 1269 1680 et
1284 1652 1411 1687 perfectis
1433 1653 1564 1680 doctrinis
1587 1653 1681 1687 repleti

899 1702 1003 1726 sumus,
1018 1695 1111 1723 relicta
1139 1696 1238 1724 litterze
1263 1697 1356 1732 legalis
1386 1698 1566 1731 institutione,
1593 1703 1684 1733 utpote

899 1748 959 1775 qua;
988 1740 1136 1769 inlantibus
1160 1743 1248 1770 adhuc
1277 1748 1419 1778 congruat,
1436 1744 1514 1771 nobis
1540 1751 1605 1772 vero
1629 1752 1682 1771 non

899 1787 982 1819 item,
1013 1788 1058 1822 qui
1085 1789 1111 1814 in
1135 1789 1222 1815 virum
1250 1789 1399 1824 perfectum
1437 1789 1610 1817 occurrimus
1639 1790 1681 1822 “;

899 1833 1019 1867 adeoque
1042 1833 1214 1867 pervenimus
1236 1834 1268 1860 ad
1292 1835 1372 1861 linem
1397 1835 1486 1862 aetatis
1510 1834 1684 1869 plenitudinis

898 1878 1009 1906 Christi.
1024 1877 1109 1905 Porro
1121 1877 1245 1906 Julianus
1261 1886 1309 1914 par
1320 1879 1388 1907 illud
1404 1879 1518 1907 fratrum
1538 1881 1565 1908 in
1579 1888 1683 1909 memo-

900 1924 966 1950 riam
984 1924 1072 1950 denuo
1088 1929 1205 1957 revocat,
1222 1925 1290 1952 Abel
1313 1925 1440 1952 nimirum
1455 1930 1482 1953 et
1496 1925 1574 1959 Cain,
1586 1925 1683 1954 Adami

899 1970 978 2003 ﬁlios,
990 1974 1017 1996 et
1034 1969 1072 1996 ait
1082 1978 1101 1996 -:

56 2022 309 2056 Μετεσκευάσμεθα
332 2022 386 2057 γὰρ
422 2022 490 2057 πρὸς
513 2022 658 2056 καινότητα
684 2021 755 2056 ζωῆς
779 2019 968 2054 εὐαΠελικῆς,
1006 2018 1053 2045 καὶ
1086 2017 1141 2044 τῶν
1162 2018 1273 2045 τελείων
1299 2019 1517 2056 ἑμπεφορήμεθα
1555 2019 1686 2056 μαθημά-

57 2077 126 2102 των,
142 2069 190 2105 τὴν
203 2069 249 2096 τοῦ
280 2068 392 2103 νομικοῦ
426 2069 588 2104 γράμματος
621 2068 736 2103 ἀφέντες
757 2066 954 2101 παιδαγωγίαν,
985 2065 1033 2092 ἆτε
1053 2065 1085 2101 δὴ
1112 2065 1160 2092 καὶ
1185 2064 1292 2100 νηπίοις
1309 2066 1358 2100 μὲν
1375 2066 1415 2093 ἔτι
1440 2067 1684 2102 πρεπωδεστάτην

57 2115 127 2149 ἡμῖν
141 2115 170 2141 δὲ
182 2114 272 2141 οὐκέτι
286 2116 342 2146 τοῖς
358 2115 398 2146 εἰς
412 2114 496 2150 ἄνδρα
516 2114 617 2141 τέλειον
633 2114 841 2150 κατηντηκόσιν,
862 2111 1023 2147 ἀφιγμένοις
1041 2110 1070 2137 δὲ
1081 2108 1129 2138 καὶ
1140 2112 1180 2143 είς
1191 2112 1266 2143 τέλος
1295 2112 1404 2147 ἡλικίας
1435 2113 1482 2139 τοῦ
1502 2113 1686 2148 πληρώματος

57 2159 108 2187 τοῦ
129 2160 256 2195 Χριστοῦ.
272 2160 459 2195 Διαμέμνηται
475 2159 503 2185 δὲ
521 2159 589 2194 πρὸς
606 2159 709 2191 τούτοις
729 2159 773 2185 καὶ
794 2158 842 2193 τῆς
861 2157 914 2184 τῶν
932 2156 1054 2191 ἀδελφῶν
1073 2155 1228 2192 ξυνωρίδος,
1243 2155 1327 2183 ’Δὸελ
1340 2164 1381 2188 τε,
1396 2157 1478 2192 φημὶ,
1493 2157 1540 2183 καὶ
1559 2158 1646 2191 Κάῖνδ
1660 2157 1686 2183 οἳ

57 2206 204 2242 γεγόνασιν
218 2206 248 2239 ἐξ
269 2206 362 2241 Ἀδὰμ.
380 2206 427 2232 καὶ
440 2205 472 2241 δὴ
489 2206 535 2232 καί
551 2212 633 2240 φησι·

357 2261 550 2288 ΙΟΥΛῘΑΝΟΣ.

98 2316 153 2344 Καὶ
169 2316 201 2343 οὐ
222 2316 301 2343 τοῦτο
325 2316 414 2351 μόνον,
430 2315 497 2342 ἀλλὰ
522 2316 570 2342 καὶ
592 2315 645 2342 τῶν
669 2315 734 2341 υἱῶν
762 2314 847 2350 Ἀδὰμ

58 2362 188 2398 ἀπαρχὰς
203 2362 242 2397 τῷ
254 2361 477 2397 ,θεῷ,διδ6ντων,
498 2371 507 2387 ι
531 2361 650 2388 Ἐπεῖδεν
670 2362 684 2388 ό
698 2360 774 2393 Θεὸς,
797 2369 848 2396 φη-

59 2409 117 2441 σὶν,
137 2408 184 2434 ἐπὶ
208 2407 301 2441 Ἅϐελ,
317 2407 364 2434 καὶ
389 2407 434 2433 ἐπὶ
457 2408 513 2438 τοῖς
535 2406 630 2441 δώροις
645 2405 742 2433 αὐτοῦ’
758 2405 805 2431 ἐπὶ
818 2405 847 2432 δὲ

57 2454 133 2481 Κάῑν
159 2453 206 2480 καὶ
231 2454 276 2480 ἐπὶ
298 2454 358 2484 ταῖς
384 2453 489 2484 θυσίαις
515 2452 598 2479 αὑτοῦ
624 2453 654 2478 οὺ
679 2452 846 2488 προσέσχεν·

59 2501 110 2527 καὶ
122 2499 239 2536 ἐλύπησε
254 2500 300 2526 τὸν
325 2500 395 2527 Κάῖν
411 2499 485 2532 λίαν,
509 2499 556 2526 καὶ
573 2498 703 2525 συνέπεσε
720 2498 750 2524 τὸ
765 2498 850 2533 πρόσ-

57 2556 135 2575 ωπον
153 2546 245 2573 αὑτοῦ.
259 2546 312 2573 Καὶ
320 2544 380 2573 εἷπε
396 2545 497 2580 Κύριος
508 2544 594 2575 ὁΘεὺς
601 2543 640 2578 τῷ
655 2544 739 2571 Κάῐν·
752 2544 809 2570 ’Ίνα
824 2544 850 2570 τί

59 2592 211 2628 περίλυπος
228 2591 332 2626 ἐγένου,
351 2591 399 2618 καὶ
414 2590 457 2617 ἵνα
470 2590 496 2616 τί
512 2590 642 2615 συνέπεσε
660 2589 689 2615 τὺ
705 2589 849 2624 πρόσωπόν

61 2647 127 2672 σου;
142 2638 199 2665 Οὐκ
215 2637 262 2664 ἐὰν
277 2636 364 2673 ὀρθῶς
388 2636 585 2672 προσενέγκῃς,
602 2634 689 2669 ὀρθῶς
708 2634 735 2661 δὲ
752 2635 789 2670 μὴ
810 2634 849 2661 δι-

59 2683 135 2718 έλῃς,
150 2683 273 2718 ἥμαρτες
283 2691 290 2715 ;
302 2692 310 2707 ι
327 2681 454 2709 Ἀκοῦσαι
469 2679 516 2707 οὖν
530 2680 685 2707 ἐπιποθεῖ-τε
699 2680 769 2711 τίνες
780 2679 850 2716 ἦσαν

60 2728 149 2755 αὐτῶν
172 2728 200 2754 αἱ
222 2727 396 2763 προσφοραι;
415 2734 423 2753 ι
446 2726 501 2754 Καὶ
519 2724 630 2759 ἐγένετο
654 2725 714 2760 μεθ’
732 2726 848 2762 ἡμέρας,

60 2774 194 2809 ἀνήνεγκε
209 2773 279 2800 Κάἳν
293 2773 347 2799 ἀπὸ
363 2773 418 2799 τῶν
432 2771 546 2807 καρπῶν
562 2771 611 2806 τῆς
628 2770 681 2805 γῆς
702 2771 796 2798 θυσίαν
811 2771 849 2806 τῷ

1202 2256 1378 2285 JULIANUS.

934 2312 1026 2348 Neque
1050 2313 1121 2341 istud
1142 2317 1257 2346 tantum,
1273 2314 1321 2341 sed
1340 2318 1369 2341 et
1392 2322 1453 2341 cum
1473 2314 1520 2342 ﬁlii
1533 2315 1618 2342 Adam
1632 2315 1687 2343 Deo

900 2360 1033 2395 primitias
1044 2359 1186 2388 offerrent:
1200 2369 1210 2385 ‹
1222 2359 1352 2394 Respexit
1367 2359 1552 2395 Deus,inquit.
1565 2363 1597 2388 ad
1609 2361 1687 2396 Abel,

901 2412 929 2434 et
938 2407 970 2433 ad
991 2414 1102 2433 munera
1114 2406 1196 2442 347
1212 2406 1289 2440 ejus:
1307 2407 1340 2434 ad
1357 2406 1422 2434 Cain
1438 2411 1526 2434 autem
1540 2411 1568 2434 et
1585 2409 1618 2434 ad
1630 2407 1688 2443 ejus

902 2454 1034 2482 sacriﬁcia
1051 2462 1103 2481 non
1128 2454 1262 2481 advertit:
1277 2458 1303 2480 et
1316 2453 1418 2480 tristem
1430 2453 1493 2480 fecit
1509 2452 1576 2480 Cain
1598 2453 1687 2484 valde.

903 2505 931 2529 et
946 2500 1064 2527 concidit
1081 2500 1168 2527 vultus
1191 2499 1259 2534 ejus.
1272 2499 1305 2526 Et
1327 2499 1395 2527 dixit
1411 2499 1539 2527 Dominus
1565 2499 1634 2526 Deus
1654 2500 1690 2526 ad

904 2545 971 2574 Cain
983 2545 1090 2578 :Quare
1104 2545 1189 2573 tristis
1207 2546 1294 2573 factus
1305 2553 1344 2577 es,
1362 2550 1389 2572 et
1405 2553 1454 2573 cur
1465 2545 1585 2572 concidit
1600 2545 1689 2573 vultus

904 2589 985 2617 tuus?
998 2590 1103 2621 Nonne,
1121 2591 1142 2617 si
1155 2595 1228 2618 recte
1243 2590 1353 2623 offeras,
1368 2595 1442 2617 recte
1457 2594 1545 2617 autem
1559 2598 1612 2617 non
1623 2591 1690 2617 divi-

903 2636 963 2668 das,
972 2636 1090 2670 peccasti
1099 2636 1121 2651 "
1130 2636 1142 2663 ?
1150 2635 1254 2663 )Vultis
1262 2636 1444 2671 igituraudire
1451 2643 1572 2670 quasnam
1582 2635 1688 2663 illorum

902 2687 993 2709 essent
1006 2682 1175 2709 oblationes?
1191 2691 1200 2708 ι
1221 2682 1253 2709 Et
1263 2682 1365 2709 factum
1383 2687 1425 2709 est
1439 2686 1500 2716 post
1514 2682 1582 2714 dies,
1593 2681 1691 2709 obtulit

902 2726 968 2754 Cain
993 2728 1026 2755 de
1050 2728 1183 2755 fructibus
1208 2733 1286 2755 terra:
1298 2727 1460 2755 sacriﬁcium
1484 2727 1606 2754 Domino.
1624 2726 1690 2753 Abel

902 2777 992 2800 autem
1005 2773 1101 2800 obtulit
1114 2777 1140 2800 et
1151 2773 1207 2808 ipse
1219 2773 1252 2800 de
1265 2773 1452 2809 primogenitis
1462 2766 1551 2800 ovium
1566 2779 1689 2813 suarum,

98 2853 120 2869 ει
133 2852 212 2879 noxii.
230 2859 279 2883 xu,
299 2850 324 2877 Ι.
353 2851 375 2866 ⁸³
393 2850 477 2878 Exod.
492 2857 542 2883 XII,
563 2851 606 2879 ll.
628 2850 650 2867 ⁸⁵
666 2849 731 2878 Luc.
753 2857 796 2885 ut,
809 2850 842 2878 lb'

901 2851 911 2867 ’⁵
927 2849 948 2878 ll
967 2850 1029 2879 Cor.
1046 2858 1072 2885 ι’,
1091 2851 1134 2879 l7.
1155 2851 1178 2867 '“
1191 2850 1291 2885 Ephes.
1308 2857 1345 2884 iv,
1367 2851 1410 2879 i5.
1446 2851 1468 2866 "
1484 2850 1553 2878 Gen.
1573 2859 1609 2884 iv,
1629 2841 1688 2877 4L7.

204 2898 340 2927 PATROL.
357 2898 414 2927 Gn.
430 2897 556 2928 LXXVI.

1471 2897 1510 2926 33
