1894 3056
77 161 152 188 103Ἰ

665 159 802 187 CONTRA
822 158 995 187 JULIANUM
1015 159 1079 187 LIB.
1102 160 1135 188 Χ.

1637 168 1706 197 1058

74 221 144 248 τῶν
160 221 238 253 ζώων
254 221 360 248 θυσία·
377 220 433 254 τὴν
449 221 483 247 δὲ
497 221 595 248 αἰτίαν
602 221 739 248 λαϐοῦσα
754 221 809 248 οὐκ
822 221 866 247 εὑ-

923 220 960 247 ἱια
988 225 1065 255 grata
1082 225 1168 248 ortum
1186 226 1223 248 est
1239 230 1269 248 ac
1289 222 1359 249 illud
1382 224 1451 258 quod
1472 224 1551 258 ﬁebat
1564 234 1596 253 ea:
1612 227 1707 261 fructi-

75 265 230 301 zdpwtor
243 266 283 299 ὡς
299 267 318 300 ἡ
335 267 369 293 ἐκ
393 265 453 292 τῶν·
476 265 607 300 καρπῶν,
628 265 709 293 ἀλλὰ
731 266 829 300 λιμοῦ,
848 264 867 299 ἢ

74 321 164 346 τινος
179 312 275 346 ἄλλης
292 311 458 346 δυστυχίας
472 312 659 345 περίστασιν.
675 312 804 338 Ἥδεσθαι
816 312 870 338 τοί-

75 366 130 384 νυν
149 359 214 394 φησὶ
233 358 280 384 καὶ
293 358 357 389 τοὺς
369 357 434 393 παρ’
454 359 545 389 αὐτοῖς
560 358 638 390 θεοὺς
657 358 687 385 οὐ
702 359 762 390 ταῖς
777 358 809 384 δι’
825 358 868 384 αι-

78 403 178 438 μάτων
202 403 318 436 θυσίαις,
338 404 377 434 ὡς
399 404 556 436 νεωτάταις,
574 405 621 431 καὶ
647 405 695 431 οὐκ
709 405 870 440 εὐχάριστον

76 449 209 484 ἐχούσαις
234 449 282 484 τὴν
304 450 447 485 ἀφορμήν·
465 449 556 476 ἄνθεσι
582 449 623 482 δὲ,
644 450 692 476 καὶ
708 449 798 482 πόαις,
822 449 870 477 καὶ

76 496 138 526 τοῖς
152 495 182 528 ἐξ
195 495 284 531 ὡρῶν.
303 495 382 522 Ἀλλὰ
396 496 474 522 ταυτὶ
490 496 539 530 μὲν
552 497 664 527 ἐκεῖνος.
679 495 869 528 Βασανιζέσθω

76 540 108 566 δὲ
126 541 195 576 πρὸς
212 541 290 576 ἡμῶν
307 542 321 568 ό
335 541 379 568 διὰ
392 542 514 574 Μωσέως
526 542 617 577 νόμος,
633 542 681 569 καὶ
693 542 756 574 τοὺς
772 542 826 569 τῶν
840 543 869 569 ἐν

77 585 157 620 αὐτῷ
169 585 268 612 θυσιῶν
279 585 552 621 πολυπραγμονῶμεν
568 587 695 622 τρόπους.
715 586 820 613 Οὐκοῦν
835 586 870 613 τὰ

79 631 134 665 μὲν
152 631 206 658 τῶν
230 631 306 664 ζώων
325 632 445 668 ἀϐέϐηλα
461 632 605 667 καθιεροῦν
620 632 730 659 ἐκέλευε
752 633 790 668 τῷ
811 633 869 668 Θεῷ

77 677 138 707 τοῖς
161 675 240 703 τοῦτο
256 677 322 712 δρᾷν
348 677 486 712 ἰσχύουσι·
508 679 564 710 τοῖς
585 687 617 712 γε
641 679 694 714 μὴν
717 679 745 705 ἐν
768 679 870 715 ἀπορίᾳ

76 721 128 748 τοῦ
156 722 288 757 μείζονος,
310 723 447 759 σεμίδαλιν
473 723 666 751 ὲλαιόδευστον.
681 733 690 750 ι
725 724 788 751 Ἐὰν
815 725 869 760 γὰρ

78 767 119 803 μὴ
143 767 203 804 ἔχῃ,
221 769 314 804 φησὶν,
339 769 356 804 ἡ
379 770 439 805 χεὶρ
458 769 551 802 αὑτοῦ,
577 770 717 805 σεμίδαλις
738 770 814 796 ἔσται
838 770 870 796 τὸ

76 813 168 848 δῶρον
190 814 283 847 αὑτοῦ,
298 815 345 841 καὶ
360 817 465 850 ὲπιχεεῖ
490 816 533 842 ἐπ’
553 815 638 851 αὐτὴν
657 816 754 843 ἔλαιον.
776 825 786 842 ο
807 816 869 843 Ὅτι

76 858 108 884 δὲ
128 859 178 886 καὶ
203 862 319 895 καρποῖς
343 862 397 893 τοῖς
415 861 469 888 ἀπὸ
482 863 545 897 γῆς,
561 862 608 888 καὶ
629 862 719 897 μέντοι
738 862 768 895 ἐξ
789 862 869 897 ὡρῶν

78 904 183 939 ἐτίμων
201 906 225 931 οἱ
239 905 320 932 πάλαι
335 906 389 932 τῶν
406 906 532 934 ἁπάντων
544 908 610 942 ἡμῖν
626 907 679 934 τῶν
695 907 803 942 ἀγαθῶν
823 908 867 934 δο-

78 950 153 985 τῆρα
168 951 244 984 Θεὸν,
269 953 301 978 ὲκ
315 952 368 979 τῶν
386 953 506 985 Μωσέως
533 954 662 989 εἰσόμεθα
678 954 778 989 νόμων.
796 955 866 990 Ἔφη

77 995 136 1030 γὰρ
158 995 259 1028 οὕτως·
280 1007 289 1022 ι
318 997 373 1023 Καὶ
400 998 515 1033 ὲλάλησε
534 998 636 1034 Κύριος
660 999 728 1034 πρὸς
753 1000 866 1034 Μωσῆν,

77 1041 184 1076 λέγων·
208 1041 291 1070 Εἶπον
306 1046 361 1075 τοῖς
376 1045 443 1076 υἱοῖς
463 1045 579 1081 Ἰσραὴλ,
594 1046 641 1073 καὶ
653 1047 724 1081 ἐρεῖς
739 1047 806 1081 πρὸς
819 1047 868 1073 αὺ-

78 1088 144 1120 τούς
154 1097 161 1104 ·
179 1089 262 1116 Ὅταν
276 1090 416 1126 εἰσέλθητε
435 1091 474 1123 εὶς
489 1092 539 1127 γῆν
552 1093 584 1127 ἣν
601 1091 657 1126 ἐγὼ
672 1092 768 1127 δίδωμι
791 1093 865 1127 ὑμῖν,

78 1135 127 1160 καὶ
141 1134 266 1170 θερίζητε
280 1135 326 1162 τὸν
339 1136 467 1173 θερισμὸν
483 1137 577 1172 αὐτῆς,
595 1138 642 1164 καὶ
659 1138 745 1164 οἴσετε
757 1137 868 1173 δράγμα

79 1180 210 1215 ἀπαρχὴν
227 1181 272 1207 τοί
299 1181 430 1218 θερισμοῦ
449 1184 524 1218 ὑμῶν
541 1184 609 1218 πρὸς
631 1184 676 1210 τὸν
702 1184 795 1220 ἱερέα·
821 1185 867 1211 καὶ

79 1226 184 1252 ἀνοίσει
194 1226 224 1252 τὸ
236 1227 346 1263 δράγμα
359 1228 447 1255 ἔναντι
458 1230 559 1265 Κυρίου
570 1230 661 1256 δεκτδν
675 1231 749 1265 ὑμῖν.
767 1239 775 1256 ›
794 1231 865 1266 Ἔφη

78 1271 107 1297 δὲ
123 1272 152 1298 ὲν
166 1272 205 1307 τῷ
220 1274 438 1309 Δευτερονομίῳ⁴
465 1285 474 1300 ι
499 1275 554 1301 Καὶ
574 1275 660 1307 ἔσται,
687 1276 720 1302 ἂν
742 1276 867 1313 εἰσέλθῃς

79 1318 118 1348 εἰς
144 1318 195 1352 τὴν
222 1319 273 1353 γῆν
307 1318 341 1354 ἣν
370 1319 471 1355 Κύριος
503 1319 517 1345 ὁ
542 1320 607 1352 Θεός
633 1329 679 1347 σου
709 1321 800 1347 δίδωσί
825 1330 866 1348 σοι

79 1363 109 1388 ἐν
128 1362 232 1398 κλήρῳ,
253 1363 300 1389 καὶ
323 1363 601 1400 κατακληρονομήσῃς
617 1365 711 1400 αὐτὴν,
739 1366 785 1392 καὶ
801 1374 867 1392 κατ-

78 1409 196 1444 οικήσῃς
222 1409 266 1436 ἐπ’
295 1409 396 1444 αὐτῆς,
423 1410 470 1436 καὶ
496 1410 569 1446 λήψῃ
595 1411 642 1438 ἀπ’
667 1411 753 1444 αὐτῆς
779 1412 867 1446 ἀπαρ-

79 1455 130 1489 χὰς
143 1455 199 1482 τῶν
213 1455 326 1491 καρπῶν
338 1464 384 1482 σου
399 1457 449 1491 τῆς
464 1457 525 1491 γῆς,
538 1455 572 1492 ἧς
588 1457 690 1493 Κύριος
706 1457 721 1483 ὁ
737 1457 803 1489 Θεός
818 1466 866 1484 σου

79 1500 172 1526 δίδωσί
195 1509 247 1534 σοι,
274 1501 322 1528 καὶ
345 1502 472 1536 ἐμϐαλεῖς
495 1503 534 1534 εἰς
560 1503 719 1538 κάρταλλον,
747 1504 793 1530 καὶ
818 1512 867 1530 πο-

81 1545 166 1581 ρεύσῃ
186 1547 227 1578 εἰς
247 1547 291 1573 τὸν
305 1548 386 1573 τόπον
400 1547 429 1573 ὃν
443 1548 476 1574 ἂν
496 1547 639 1583 ἐκλέξηται
658 1549 758 1584 Κύριος
774 1551 787 1576 ό
799 1549 866 1581 Θεός

81 1579 140 1624 σου,
152 1579 337 1629 ’ἐπικληθῆναι
348 1594 379 1620 τὺ
397 1594 484 1630 ὄνομα
505 1579 593 1621 αὐτοῦ.
605 1595 672 1622 ἐκεῖ.
690 1579 755 1622 lla);
769 1579 865 1632 ὲλεὺση
879 1579 901 1609 C

81 1639 150 1674 πρὸς
166 1639 213 1665 τὸν
236 1639 320 1675 ἱερέα,
337 1639 366 1671 ὃς
380 1640 413 1666 ἂν
433 1640 526 1675 κύριος
540 1643 568 1667 ἐν
584 1642 644 1673 ταῖς
658 1641 775 1677 ἡμέραις
793 1642 867 1668 ὲκεί-

81 1693 150 1716 vutg,
164 1687 211 1712 καὶ
225 1686 296 1720 ἐρεῖς
316 1686 383 1721 πρὸς
398 1687 478 1713 αὐτόν
488 1695 495 1702 ·
522 1687 678 1721 Ἀναγγελῶ
697 1688 815 1723 σήμερον
828 1688 868 1724 τῷ

80 1731 141 1766 Θεῷ
168 1740 230 1766 μου,
252 1732 292 1758 ὅτι
313 1732 472 1768 εἰσελήλυθα
500 1734 540 1765 εἰς
563 1734 612 1769 τὴν
640 1734 692 1768 γῆν
716 1734 751 1769 ἥν
777 1733 867 1768 ὡμοσε

81 1778 183 1814 ιςύριος
198 1779 254 1810 τοῖς
275 1778 410 1814 πατράσιν
425 1779 503 1815 ἡμῶν
521 1779 612 1806 δοῦναι
625 1780 701 1814 ἡμῖν.
718 1780 773 1806 Καὶ
789 1779 869 1815 λήψε-

81 1833 125 1851 ται
142 1826 157 1851 ὁ
179 1825 267 1859 ἱερεὺς
286 1825 331 1851 τὸν
348 1824 499 1860 κάρταλλον
516 1826 548 1851 ὲκ
564 1824 618 1851 τῶν
635 1825 735 1860 χειρῶν
749 1834 806 1857 σου,
821 1826 869 1852 καὶ

83 1869 162 1906 θήσει
177 1870 259 1897 αὑτὸν
275 1871 404 1897 ἀπέναντι
428 1871 475 1898 τοῦ
493 1871 684 1907 θυσιαστηρίου
701 1871 803 1907 Κυρίου
821 1872 867 1898 τοῦ

81 1916 149 1943 Θεοῦ
165 1925 223 1943 σου.
238 1926 246 1942 ι
259 1917 324 1943 Ὅτε
339 1917 429 1944 τοίνυν
447 1918 493 1944 καὶ
506 1917 590 1952 ληῖων
606 1917 731 1953 ἀπαρχὰς
742 1917 790 1944 καὶ
802 1926 869 1952 καρ-

83 1961 141 1989 πῶν
158 1961 271 1997 ὡρίμων
287 1961 430 1996 καθιεροῦν
446 1963 624 1997 προστέταχε,
638 1961 696 1993 πῶς
717 1961 868 1996 ἀπόϐλητον

82 2008 201 2034 ἐποιεῖτο
214 2007 262 2043 τὴν
278 2007 322 2034 διά
335 2016 367 2041 γε
379 2007 427 2034 τοῦ
447 2008 516 2034 Κάἶν
532 2007 635 2040 θυσίαν,
653 2007 694 2034 ὅτι
712 2007 749 2043 μὴ
769 2007 868 2043 μᾶλλον

82 2053 116 2080 δι’
130 2054 272 2089 ἐμψύχων,
290 2053 358 2081 ἀλλὰ
375 2053 419 2080 διὰ
439 2054 493 2080 τῶν
517 2054 628 2089 ἀψύχων
641 2054 806 2089 ὲπράττετο;
821 2054 869 2080 Δέ-

82 2099 186 2126 δεικται
197 2099 251 2134 γὰρ
267 2099 300 2125 ἐκ
315 2100 417 2133 νόμων,
431 2098 477 2124 καὶ
490 2097 562 2133 μάλα
575 2098 681 2132 σαφῶς,
697 2097 735 2128 ὡς
749 2098 805 2128 τοῖς
819 2098 869 2131 ὲμ-

83 2145 178 2180 ψύχοις
194 2145 272 2179 ὁμοῦ,
289 2145 336 2171 καὶ
352 2144 396 2171 διὰ
411 2141 465 2171 τῶν
483 2144 595 2179 ἀψύχων
610 2143 773 2178 ἀναθήματα
785 2151 869 2178 προσ-

85 2190 138 2216 ίετο
153 2190 229 2221 Θεὸς.
245 2190 300 2216 Καὶ
314 2190 379 2224 γοῦν
392 2190 406 2216 ὁ
419 2189 561 2221 θεσπέσιος
575 2189 667 2219 Δαϐιδ,
683 2189 721 2220 ὡς
740 2188 799 2221 ἐξὸν
812 2189 868 2220 τοῖς

83 2237 167 2264 πάλαι
181 2238 238 2268 τοῖς
259 2237 367 2271 ἀλόγοις
382 2236 437 2262 τῶν
459 2235 537 2268 ζώων
557 2235 782 2270 συνανακομίζειν
799 2243 866 2270 καρ-
882 2249 904 2276 υ

83 2284 160 2315 ποὺς,
177 2283 250 2310 ποιεῖ
264 2282 376 2317 λέγοντα
391 2282 437 2309 τὸν
453 2282 601 2318 νομοθέτην
618 2283 673 2313 τοῖς
688 2281 718 2314 ἐξ
736 2282 845 2317 Ἰσραήλ
857 2290 864 2296 ·

86 2339 94 2355 ι
109 2330 146 2356 οὐ
161 2329 274 2364 δέξομαι
286 2329 319 2355 ὲκ
331 2328 378 2354 τοῦ
393 2328 468 2356 οῐκου
483 2336 529 2354 σου
545 2328 671 2363 μόσχους,
685 2327 746 2354 οὐδὲ
760 2328 792 2354 ὲκ
812 2327 867 2354 τῶν

83 2375 215 2411 ποιμνίων
232 2384 279 2402 σου
301 2375 454 2410 χιμάρους·
482 2374 537 2409 ἐμὰ
560 2374 614 2409 γάρ
639 2374 697 2400 ἐστι
723 2374 812 2400 πάντα
833 2373 868 2400 τὰ

83 2419 165 2457 θηρία
179 2420 227 2447 τοῦ
245 2420 360 2456 δρυμοῦ,
381 2421 468 2457 κτήνη
483 2420 513 2446 ὲν
528 2421 585 2452 τοῖς
607 2420 709 2455 ὄρεσιν,
723 2419 770 2446 καὶ
787 2419 846 2455 βόες
856 2427 864 2435 ⁸

82 2467 188 2501 ἔγνωκα
199 2467 287 2494 πάντα
300 2467 334 2493 τὰ
347 2467 459 2494 πετεινὰ
471 2466 518 2494 τοῦ
532 2466 658 2502 οὐρανοῦ,
673 2466 721 2494 καὶ
732 2467 867 2502 ὡραιότης

83 2513 168 2549 ἀγροῦ
182 2514 240 2549 μετ’
254 2512 322 2549 ἐμοῦ
334 2513 418 2540 ἐστιν.
437 2522 447 2539 ι
471 2513 643 2548 Ὠραιότητα
653 2513 708 2549 γὰρ
723 2513 818 2548 ἀγροῦ
832 2513 867 2540 τὰ

83 2559 111 2591 ἐξ
134 2559 214 2595 ὡρῶν
230 2559 368 2594 ὀνομάζει.
381 2559 443 2587 "Ut:
466 2559 495 2587 δὲ
515 2560 580 2596 περὶ
598 2560 648 2595 τὴν
669 2559 802 2596 διαίρεσιν
817 2559 867 2595 τὴν

60 2631 61 2635 η
82 2606 227 2640 ἀπότευξιν
249 2606 288 2641 τῷ
314 2607 384 2634 Κάῖν
405 2606 533 2641 γενέσθαι
557 2605 725 2641 συμϐέϐηκε,
751 2606 801 2633 οὐκ
823 2606 867 2637 ἂν,

83 2650 168 2688 οἶμαι,
183 2653 224 2684 τὶς
236 2652 410 2688 διαψεύσαιτο
419 2652 560 2687 λέγων.οὑ
573 2653 628 2687 γὰρ
643 2652 685 2679 ὅτι
705 2652 743 2688 μὴ
755 2652 869 2679 τὲθυκεν

83 2698 194 2733 ἀμνοὺς,
208 2698 258 2725 οὐκ
279 2697 429 2734 ἀμώμητον
442 2696 477 2733 ἦν
493 2699 523 2726 τὸ
547 2699 621 2725 θύειν
636 2698 727 2734 αὐτῷ·
748 2698 805 2726 ἀλλ’
827 2699 869 2726 ὅτι

83 2743 135 2770 τῶν
161 2743 277 2780 ὼρίμων
296 2742 357 2770 ὀὐκ
383 2743 536 2779 ἀπολέγδην
561 2743 659 2775 ἐξελὼν
682 2743 718 2770 τὰ
743 2743 868 2779 ἐξαίρετα

85 2789 264 2824 προσεκόμιζι
291 2787 331 2824 τῷ
358 2787 428 2824 Θεῷ,
460 2788 546 2816 καίτοι
572 2787 618 2816 τοῦ
634 2788 719 2816 ’Δσελ
732 2789 783 2816 οὐκ
799 2789 867 2823 ἀτη-

921 265 979 298 bus,
996 265 1041 292 sed
1055 274 1087 292 ea:
1099 266 1169 300 fame
1185 267 1317 301 videlicet,
1331 273 1376 295 Imt
1398 269 1451 296 alio
1467 271 1581 305 quodam
1596 273 1705 302 adt-eno

921 318 995 337 casu.
1012 310 1145 338 Obleclari
1160 311 1242 346 igitur
1260 313 1298 339 ait
1315 321 1408 340 eorum
1435 322 1543 350 quoque
1566 317 1629 345 deos
1650 327 1705 346 non

920 357 1041 384 cruentis
1056 357 1279 393 sacriﬁciis,puta
1291 360 1361 393 quod
1371 360 1424 387 sint
1434 363 1630 397 recentissima,
1640 369 1706 393 etest

920 410 1001 430 causa
1014 404 1103 431 minus
1117 409 1193 439 grata
1207 405 1316 439 quidem
1333 408 1457 438 orta,scd
1471 407 1625 442 ﬂoribus,et
1641 411 1706 439 lier-

920 449 971 482 bis,
980 453 1007 476 et
1022 449 1165 477 fructibus.
1184 451 1272 485 Atque
1286 451 1342 479 hazc
1354 453 1462 487 quidem
1479 454 1532 481 ille.
1546 454 1600 483 Nos
1615 461 1705 484 autem

920 494 1064 522 Mosaicam
1076 496 1160 531 legem
1168 498 1362 531 expendamus,
1369 498 1503 534 etjgenera
1510 501 1706 530 sacriﬁciorum

920 545 979 571 qum
995 538 1020 564 in
1033 545 1063 565 ea
1077 540 1258 572 continentur,
1271 542 1364 569 sedulo
1377 548 1538 571 scrutemur.
1553 544 1637 580 Igitur
1646 547 1705 574 ani-

921 582 1000 608 malia
1017 583 1115 610 munda
1135 585 1262 619 praecepit
1276 585 1414 613 immolare
1442 586 1507 620 Deo,
1523 588 1620 622 quibus
1634 594 1707 617 esset

920 635 951 654 ea
980 628 1109 662 facultas;
1138 631 1236 664 quibus
1261 636 1349 658 autem
1378 639 1409 660 ea
1437 641 1490 660 non
1522 639 1704 668 suppeterent,

921 671 1018 700 offerre
1036 674 1152 701 similam
1178 675 1237 703 oleo
1254 676 1402 710 perfusam.
1424 687 1433 703 ι
1457 677 1523 705 Nam
1545 679 1567 706 si
1588 687 1641 707 non
1657 681 1705 707 lm-

920 717 990 750 beat,
1007 719 1102 753 inquit,
1118 728 1213 748 manus
1239 721 1298 755 ejus
1312 723 1398 749 simila
1419 724 1470 750 erit
1483 724 1582 751 donum
1597 725 1666 759 ejus,
1678 731 1706 753 et

921 763 1042 792 infundet
1063 773 1145 800 super
1164 766 1207 793 illa
1224 767 1313 795 oleum
1326 769 1358 796 ⁶⁹.
1379 778 1388 794 ›
1405 769 1482 802 Quod
1496 776 1586 798 autem
1601 776 1705 800 veteres

923 815 1002 837 terra:
1023 810 1157 838 fructibus
1170 819 1200 839 ac
1214 812 1337 847 frugibus
1349 813 1479 842 bonorum
1492 817 1612 843 omnium
1627 817 1704 845 dato-

922 863 978 882 rem
995 855 1078 883 Deum
1098 858 1229 891 colerent,
1243 865 1276 885 ex
1290 859 1430 893 {Mosaicis
1447 861 1550 895 legibus
1571 861 1704 898 inteilige-

919 907 990 928 mus.
1000 901 1045 928 Sic
1054 902 1126 929 enim
1139 903 1177 929 ait
1190 913 1196 930 :
1211 912 1220 929 ι
1237 904 1270 930 Ει
1283 904 1385 932 locutus
1392 910 1435 932 est.
1449 907 1576 935 Dominus
1587 908 1618 934 ail
1629 907 1705 944 Moy.

919 952 968 972 sen
981 965 989 978 ,
1006 947 1117 975 dicens:
1137 948 1183 975 Dic
1197 949 1260 976 ﬁliis
1283 949 1377 983 lsrael,
1392 957 1420 978 et
1445 952 1562 987 loqueris
1573 954 1605 981 ad
1624 954 1682 981 illos
1696 963 1704 981 ε

918 990 985 1018 Cum
1006 992 1171 1021 intraveritis
1193 994 1218 1021 in
1243 999 1353 1030 terram,
1365 1004 1445 1031 quam
1465 1005 1516 1033 ego
1528 998 1563 1025 do
1576 999 1663 1033 vobis,
1677 1004 1705 1026 et

919 1038 1085 1066 messueritis
1108 1048 1222 1068 messem
1240 1042 1309 1077 ejus,
1326 1042 1418 1070 feretis
1435 1045 1598 1078 manipulum
1613 1045 1705 1080 primi-

919 1083 972 1111 tias
982 1086 1077 1112 messis
1090 1091 1186 1113 γρου-οε
1195 1086 1229 1113 ad
1240 1089 1419 1117 sacerdotem.
1434 1089 1466 1116 Et
1480 1089 1575 1117 oll‘eret
1585 1091 1706 1126 manipu-

918 1129 973 1156 lum
981 1138 1073 1158 coram
1084 1131 1207 1165 Domino,
1218 1140 1358 1168 acceptum
1371 1135 1446 1162 vobis
1462 1136 1496 1162 ⁷ο.
1512 1145 1522 1162 ι
1536 1135 1564 1163 ln
1575 1137 1706 1165 Deutero-

918 1177 1008 1204 nomio
1022 1185 1086 1205 vero
1099 1187 1105 1204 :
1121 1188 1130 1204 ι
1146 1178 1182 1205 Et
1197 1180 1258 1213 erit,
1270 1181 1366 1215 inquit,
1376 1182 1398 1208 si
1410 1181 1554 1210 intraveris
1564 1183 1588 1210 in
1603 1188 1703 1211 terram

918 1229 998 1256 quam
1006 1222 1133 1251 Dominus
1143 1224 1212 1252 Deus
1222 1231 1282 1252 tuus
1290 1226 1334 1253 dat
1343 1226 1389 1254 tibi
1401 1228 1426 1253 in
1434 1233 1545 1260 sortem,
1555 1233 1581 1256 et.
1590 1229 1704 1258 haeredi-

919 1267 1017 1294 taveris
1023 1275 1093 1299 eam,
1101 1273 1127 1294 ct
1136 1269 1300 1298 hubitaveris
1308 1270 1334 1297 in
1345 1261 1426 1305 σείει
1436 1279 1526 1300 sumes
1534 1274 1566 1301 de
1577 1274 1706 1308 primitiis

918 1311 1053 1340 fructuum
1065 1313 1147 1349 349
1162 1318 1240 1342 teme
1252 1323 1333 1350 quam
1347 1317 1475 1345 Dominus
1490 1319 1561 1346 Dens
1582 1324 1645 1348 tuus
1659 1321 1705 1348 dat

919 1359 978 1391 tibi,
995 1364 1022 1386 et.
1035 1360 1123 1388 mittes
1140 1361 1165 1388 in
1182 1363 1323 1390 cartallum
1342 1373 1350 1390 :
1367 1368 1394 1391 et
1407 1364 1458 1391 ibis
1477 1365 1504 1392 in
1522 1365 1609 1393 locum
1625 1373 1704 1400 quem

917 1404 1027 1437 elegerit
1051 1405 1179 1434 Dominus
1195 1407 1276 1435 .Deus
1301 1413 1372 1440 tuus,
1391 1414 1419 1436 ut
1436 1410 1576 1438 invocetur
1606 1420 1704 1440 nomen

917 1457 994 1478 suum
1010 1452 1057 1479 ibi.
1074 1452 1106 1478 Et
1119 1454 1212 1481 venies
1232 1455 1264 1482 ad
1282 1456 1461 1489 sacerdotem,
1479 1458 1526 1491 qui
1543 1458 1595 1485 erit
1609 1459 1635 1486 in
1649 1459 1705 1486 dic-

916 1496 966 1524 bus
983 1497 1046 1529 illis,
1060 1504 1086 1525 et
1100 1499 1174 1526 dices
1198 1500 1231 1526 ad
1254 1507 1314 1527 eum
1333 1509 1341 1528 :
1355 1501 1528 1530 Annuntiabo
1553 1504 1633 1532 hodie
1649 1505 1704 1532 Do-

917 1543 990 1570 nlino
1004 1543 1059 1571 Deo
1074 1552 1145 1577 meo,
1164 1546 1226 1580 quia
1241 1546 1340 1573 intravi
1364 1547 1391 1574 in
1413 1552 1511 1576 terram
1530 1557 1610 1584 quam
1629 1552 1704 1584 jura-

918 1588 956 1615 vit
971 1590 1099 1618 Dominus
1112 1591 1234 1625 patribus
1250 1593 1349 1620 nostris
1366 1593 1431 1621 dare
1451 1595 1538 1622 nobis.
1565 1596 1598 1622 Et
1615 1601 1704 1624 sumet

918 1636 1044 1664 sacerdos
1060 1638 1200 1665 cartallum
1220 1638 1254 1666 de
1272 1640 1397 1666 manibus
1409 1641 1472 1672 tuis,
1488 1646 1515 1668 et
1530 1647 1611 1676 ponet
1626 1643 1703 1670 illum

917 1687 980 1709 ante
997 1682 1082 1710 altare
1100 1682 1206 1711 Domini
1222 1684 1269 1711 Dei
1292 1686 1328 1712 tui
1341 1686 1374 1713 '".
1402 1695 1412 1712 ι
1430 1686 1497 1714 Cum
1514 1695 1577 1723 ergo
1597 1688 1704 1724 frugum

918 1732 945 1754 et
961 1731 1126 1755 maturorum
1145 1729 1280 1757 l'ructuum
1297 1731 1431 1765 primitias
1446 1740 1606 1761 consecrare
1615 1734 1704 1768 jusse~

919 1771 965 1804 rit,
982 1773 1116 1806 quomodo
1129 1774 1292 1801 sacriﬁcium
1309 1775 1375 1803 Cain
1393 1777 1496 1811 rejecit,
1516 1779 1587 1812 quod
1605 1787 1704 1814 nequa-

919 1825 999 1851 quam
1025 1818 1105 1846 rebus
1132 1820 1268 1854 animatis,
1287 1823 1334 1849 sed
1355 1822 1510 1851 inanimatis
1529 1824 1618 1858 potius
1643 1832 1706 1859 per-

919 1869 1008 1891 actum
1023 1865 1113 1892 esset?
1128 1866 1166 1892 Ex
1177 1866 1236 1902 lege
1252 1868 1323 1895 enim
1338 1869 1435 1903 oppido
1452 1869 1524 1898 clare
1537 1871 1706 1898 demonstra-

920 1914 974 1936 tum
989 1914 1039 1942 est,
1056 1917 1089 1938 ex
1106 1911 1232 1939 animatis
1246 1912 1323 1947 juxta
1341 1919 1369 1940 et
1383 1915 1538 1942 inanimatis
1556 1916 1706 1945 oblationes

920 1954 1002 1982 Deum
1034 1957 1183 1991 accepisse.
1215 1957 1284 1986 Hinc
1309 1958 1421 1994 divinus
1451 1960 1546 1995 David,
1575 1967 1704 1997 tanquam

921 2000 1016 2028 liceret
1037 2003 1174 2030 veteribus
1195 2011 1246 2031 una
1263 2012 1323 2031 cum
1340 2005 1425 2033 brutis
1443 2007 1627 2036 animantibus
1647 2008 1704 2036 l'ru-

920 2050 980 2073 ctus
994 2046 1101 2079 alIerre,
1117 2047 1297 2083 legislatorem
1313 2049 1443 2078 lsraelitis
1456 2051 1607 2086 loquentem
1616 2053 1681 2081 facit
1695 2064 1702 2081 :

921 2101 931 2117 ι
940 2092 998 2119 Non
1006 2094 1135 2127 accipiam
1145 2095 1178 2121 de
1186 2095 1266 2123 domo
1274 2100 1318 2123 tua
1329 2097 1437 2129 vitulos,
1445 2105 1531 2133 neque
1538 2099 1570 2126 de
1579 2100 1704 2134 gregibus

920 2138 973 2165 tuis
992 2138 1083 2166 hircos
1098 2147 1105 2165 :
1123 2147 1188 2167 meae
1213 2141 1284 2168 enim
1304 2147 1367 2169 sunt
1390 2150 1484 2170 omnes
1499 2144 1591 2171 bestia:
1610 2145 1702 2178 silvas,

918 2191 1015 2218 pecora
1029 2185 1056 2211 in
1069 2185 1214 2217 montibus,
1232 2190 1259 2214 et
1277 2187 1358 2214 boves
1371 2195 1378 2214 :
1393 2189 1504 2223 cognovi
1528 2190 1618 2217 omnia
1633 2191 1704 2218 vola-

920 2229 975 2256 tilia
996 2229 1067 2262 cteli,
1081 2235 1108 2257 et
1120 2232 1223 2265 species
1240 2232 1296 2267 agri
1312 2240 1417 2260 mecum
1435 2238 1477 2261 est
1488 2234 1521 2262 ".
1539 2244 1549 2261 ι
1565 2235 1632 2263 Nam
1646 2239 1704 2271 agri

919 2276 1030 2310 speciem
1053 2276 1144 2311 fruges
1161 2281 1280 2305 maturas
1300 2279 1431 2306 nominat.
1463 2279 1539 2312 Quod
1564 2287 1654 2309 autem
1677 2282 1704 2308 in

920 2321 1064 2350 dividendo
1086 2322 1232 2351 frustratus
1252 2323 1288 2351 sit
1305 2324 1382 2357 Cain,
1400 2325 1423 2352 si
1445 2325 1506 2360 quis
1522 2326 1630 2358 dixerit,
1651 2335 1704 2355 non

921 2367 1077 2400 mentietur,
1094 2369 1199 2404 opinor.
1223 2369 1283 2397 Non
1303 2370 1374 2398 enim
1392 2372 1462 2406 quod
1480 2379 1563 2406 agnos
1581 2379 1634 2399 non
1653 2372 1705 2399 im-

921 2413 1038 2446 molarit,
1056 2414 1117 2441 ideo
1140 2415 1218 2450 culpa
1237 2423 1291 2443 non
1308 2416 1417 2444 carebat
1437 2417 1494 2451 ejus
1520 2417 1704 2449 sacriﬁcium;

920 2460 966 2487 sed
979 2461 1051 2496 quod
1061 2461 1174 2488 selectos
1185 2465 1212 2488 et
1225 2461 1339 2489 eximius
1349 2461 1451 2489 fructus
1464 2462 1518 2489 Deo
1534 2470 1586 2490 non
1602 2463 1706 2490 obtule-

921 2507 968 2538 rit,
991 2514 1052 2534 cum
1077 2507 1144 2535 Abel
1165 2515 1217 2535 non
1244 2515 1292 2543 per
1317 2507 1459 2539 incuriam,
1486 2509 1532 2536 sed
1560 2511 1706 2544 prudenter

921 2551 1010 2585 potius
1041 2559 1126 2587 agnos
1148 2552 1305 2580 immolarit.
1334 2562 1344 2578 ι
1365 2552 1440 2581 Tulit
1456 2554 1539 2586 enim,
1556 2554 1652 2589 inquit.
1673 2555 1706 2581 de

920 2597 1108 2632 primogenitis
1121 2598 1211 2625 ovium
1225 2605 1346 2631 suarum,
1361 2603 1389 2625 et
1402 2597 1526 2632 adipibus
1537 2606 1629 2626 earum
1643 2599 1678 2631 ⁷³,
1693 2609 1702 2625 ι

920 2642 972 2669 hoc
1003 2647 1055 2674 est.
1084 2643 1259 2677 pinguissima
1286 2650 1399 2678 qumque
1421 2647 1449 2671 et
1472 2643 1550 2678 adipe
1575 2644 1704 2672 distenta.

921 2690 985 2717 Dico
1003 2695 1092 2718 autem
1109 2690 1192 2718 Deum
1208 2690 1349 2718 colendum
1362 2698 1376 2717 ιι
1391 2691 1468 2718 nobis
1480 2698 1550 2724 esse,
1565 2699 1619 2719 non
1632 2691 1705 2719 obla-

921 2734 956 2760 tis
976 2734 1008 2760 iis
1026 2741 1086 2769 qua:
1100 2735 1234 2761 deteriora
1259 2734 1337 2761 nobis
1359 2739 1432 2766 sunt,
1449 2735 1495 2761 sed
1515 2735 1625 2769 optimis
1645 2737 1705 2771 qni-

920 2779 1026 2815 busque
1047 2787 1080 2808 ac
1099 2780 1252 2815 praecipuis.
1278 2780 1312 2807 Et
1331 2787 1399 2807 sane
1419 2779 1549 2809 lsraelila‘.
1568 2782 1703 2816 quondam

116 2879 138 2895 “
151 2878 238 2907 Levii.
260 2888 290 2913 ιι,
303 2881 329 2908 1.
368 2882 391 2899 ’⁸
406 2879 490 2910 Levii.
507 2886 584 2913 xxm,
598 2877 642 2912 l0,
656 2878 697 2906 ll.
735 2878 756 2895 ⁷³
771 2878 847 2906 Deut.
863 2885 937 2913 nm,
955 2879 1011 2906 Μ.
1090 2878 1161 2907 Psal.
1179 2886 1253 2913 xux,
1272 2879 1348 2907 9-H.
1389 2878 1411 2895 "
1426 2879 1492 2909 Gen.
1513 2887 1549 2912 Iv,
1569 2880 1596 2908 4.
