1894 3056
87 199 155 227 1011

672 201 811 229 CONTRA
829 203 892 232 JUl.

894 205 1001 235 lANU}!
1021 209 1084 237 LIB.
1105 210 1149 238 x.r
1643 211 1714 238 40'»?

84 255 186 290 τομὴν
205 255 340 301 καρδίας,
355 256 425 283 ἀλλ’
442 256 509 291 οὐχὶ
528 255 580 290 τῆς
595 258 709 292 σαρκὸς
724 259 875 292 δεδόσθαι,

948 267 1006 300 ixit,
1027 269 1115 295 cordis
1135 269 1370 301 circumcisiouem,
1395 275 1420 296 at
1437 278 1487 296 non
1511 269 1597 295 carnis
1624 270 1714 295 datum

84 301 227 328 καὶτοῦτο
247 299 324 328 εἶναι
339 301 379 334 τῷ
399 303 531 337 Ἀϐραὰμ,
549 304 584 330 οὺ
600 304 664 338 μὴν·
686 304 728 331 ἔτι
748 306 785 332 τὰ
804 307 878 334 κατὰ

84 346 188 380 σάρκα
200 347 262 382 ἔφη,
275 348 321 374 καὶ
331 348 475 375 πιστεῦσαι
491 350 547 380 τοῖς
562 349 607 376 ὑπ’
621 351 703 378 αὐτοῦ
715 351 761 378 καὶ
774 353 877 388 Πέτρου

84 393 302 428 κηρυττομένοις
319 393 407 428 λόγοις
419 394 468 421 οὐκ
490 395 639 422 εὑσεϐἐσιν.
660 397 758 423 ’Ἄκουε
777 399 806 424 δὲ
827 399 879 425 πά-

85 438 141 471 λιν,
153 439 193 465 ὅτι
217 439 267 474 τὴν
282 439 354 466 κατὰ
378 440 467 474 σὰρκα
483 441 634 477 περιτομὴν
650 442 664 468 ὁ
689 442 754 474 Θεὸς
770 443 878 476 λέγεται

84 484 181 512 δοῦναι
198 487 237 517 είς
249 486 383 522 διαθήκην
398 488 446 514 καὶ
461 488 501 519 είς
516 488 546 514 τὸ
563 490 675 524 σημεῖον
684 490 724 525 τῷ
736 491 860 526 Ἀϐραάμ
871 499 877 506 ·

88 540 98 555 ε
128 531 184 558 Καὶ
201 531 270 566 αὕτη
289 533 306 567 ἡ
330 532 463 568 διαθήκη,
484 534 516 568 ἦν
541 533 715 569 διατηρήσεις
743 536 879 571 ἁναμέσον

85 577 157 612 ἐμοῦ
177 578 224 604 καὶ
240 578 328 613 ὑμῶν,
351 579 399 605 καὶ
420 579 472 605 ἀνὰ
486 579 569 614 μέσον
592 580 638 606 τοῦ
657 581 813 616 σπέρματός
832 591 878 608 σου

86 623 128 653 είς
139 622 187 655 τὰς
199 624 294 657 γενεὰς
306 624 384 659 ὑμῶν
395 633 402 640 ·
414 625 462 652 καὶ
474 625 715 660 περιτμηθήσεσθε
727 627 776 662 τὴν
790 629 878 663 σάρκα

86 668 140 704 τῆς
165 669 349 705 ἀκροϐυστίας
368 671 456 705 ὑμῶν.
477 671 524 697 καὶ
547 671 622 699 ἔσται
637 673 667 699 ὲν
692 674 797 708 σημείῳ
821 675 879 701 δια-

87 714 180 751 θήκης
191 716 242 743 ἀνὰ
262 716 345 751 μέσον
359 717 427 752 ἐμοῦ
442 717 490 744 mi.
509 717 567 750 σοῦ,
585 719 632 745 κα)⁸
646 719 697 746 ἀνὰ
713 720 795 754 μέσον
811 721 878 756 ἐμοῦ

87 761 137 788 καὶ
158 762 316 797 σπέρματός
334 771 392 790 σου.
404 772 413 788 ›

131 807 272 843 Ἑπιφέρει
285 808 313 834 δὲ
327 808 444 840 τούτοις,
458 809 499 836 ’ὁτι
516 810 563 836 καὶ
578 810 660 842 αὐτὸς
675 811 816 847 ὁΧριστδς
832 821 878 848 τη-

89 853 197 887 ρεῖσθαι
210 853 264 880 δεῖν
287 854 338 890 ἔφη
353 855 398 882 τὸν
411 855 503 889 νόμον,
523 856 590 882 ποτὲ
605 856 654 891 μὲν
673 857 760 891 λέγων
770 865 777 874 ⁸
796 867 805 884 ι
822 859 879 885 Οὐκ

87 896 173 934 ἦλθον
188 899 339 927 καταλῦσαι
353 901 398 927 τὸν
417 901 509 936 νόμον,
523 902 539 937 ἢ
557 902 621 933 τοὺς
642 904 795 938 προφήτας,
811 904 879 931 ἀλλὰ

87 944 253 980 πληρῶσαι·
272 955 280 971 ι
296 947 360 973 ποτὲ
374 947 403 973 δὲ
427 945 477 973 αὖ·
498 957 507 973 ι
522 949 569 979 ι⁸ος
584 948 633 975 ἐὰν
654 948 722 984 λύσῃ
739 949 804 984 μίαν
826 950 879 977 τῶν

87 991 206 1017 ἐντολῶν
229 991 331 1019 τούτων
357 992 412 1020 τῶν
425 993 592 1028 ἐλαχίστων,
613 994 661 1021 καὶ
685 994 778 1032 διδάξῃ
795 996 881 1028 οὕτως

86 1037 154 1068 τοὺς
167 1037 339 1073 ἀνθρώπους,
355 1039 496 1074 ἐλάχιστος
520 1040 688 1076 κληθήσεται
706 1042 736 1067 ὲν
754 1043 786 1078 τῇ
805 1041 881 1077 βασι,

88 1083 151 1120 λείᾳ
173 1084 227 1111 τῶν
246 1085 378 1120 οὐρανῶν.
396 1095 406 1111 ι
421 1085 488 1113 ’Ὁτε
504 1087 605 1119 τοίνυν,
627 1087 718 1122 φησιν,
739 1087 779 1115 ὅτι
795 1097 879 1124 προσ-

88 1132 153 1165 ήκει
168 1133 260 1166 τηρεῖν
277 1131 322 1158 τὸν
337 1132 419 1167 νόμον
437 1133 686 1168 ἀναμφισϐητήτως
700 1134 880 1169 προστέταχε,

89 1177 139 1204 καὶ
159 1178 216 1209 τοῖς
239 1177 302 1213 μίαν
330 1178 544 1213 παραϐαίνουσιν
566 1179 675 1214 ἐντολὴν
690 1180 829 1215 ὲπήρτησε
844 1180 882 1205 δί-

89 1230 142 1254 κας
154 1230 161 1236 ·
180 1223 270 1258 ὑμεῖς,
285 1224 309 1249 οί
325 1223 476 1259 συλλήϐδην
502 1224 613 1256 ἁπάσας
636 1225 879 1260 παραϐεϐηκότες,

88 1269 182 1295 ὁποῖον
199 1269 329 1304 εὑρήσετε
350 1269 400 1304 τῆς
417 1269 564 1304 ἀπολογίας
579 1270 625 1297 τὸν
641 1271 757 1306 τρόπον;
772 1272 807 1297 Ἢ
827 1271 881 1306 γὰρ

88 1313 283 1348 ψευδοεπήσει,
309 1314 401 1349 φησὶν,
415 1314 429 1340 ὁ
452 1314 569 1350 Ἰησοῦς,
588 1315 673 1350 ἤγουν
691 1315 770 1351 ὑμεῖς
793 1316 881 1350 πάντη

89 1360 139 1386 καὶ
155 1360 265 1392 πάντως
280 1360 310 1386 οὐ
328 1360 527 1394 νομοφύλακες.

125 1406 253 1432 Αίτιᾶται
268 1406 296 1432 δὲ
313 1406 380 1442 πρὸς
393 1406 509 1438 τούτοις,
523 1406 641 1442 ὡς-μήτε
657 1407 879 1440 σαϐϐατίζοντας,

93 1452 164 1486 μήτε
183 1451 236 1487 μὴν
257 1452 410 1483 Ἰουδαϊκῶς
432 1452 617 1484 καταθύοντας
632 1453 678 1480 τὸν
694 1455 790 1489 ἀμνὸν,
813 1455 881 1489 μήτε

93 1496 148 1532 μὴν
165 1497 263 1531 ἄρτους
276 1496 398 1531 ἀζύμους
409 1497 548 1529 ἐσθίοντας
564 1497 608 1524 ἐπ’
624 1498 709 1533 αὐτῷ,
723 1499 770 1525 καί
786 1507 880 1533 φησιν,

91 1542 133 1568 ὅτι
148 1541 282 1576 πρόφασις
297 1543 360 1576 ἡμῖν
379 1542 428 1577 τῆς
448 1541 476 1568 ἔν
490 1551 521 1575 γε
535 1542 622 1578 τούτῳ
647 1543 786 1578 ῥᾳστώνης
803 1552 882 1579 περι-

91 1587 232 1614 λέλειπται
249 1588 308 1622 μία,
321 1587 352 1613 τὸ
369 1587 406 1622 μὴ
421 1587 522 1620 ἐξεῖναι
539 1587 613 1615 ούειν
626 1588 678 1620 ἔξω
691 1589 815 1623 γεγονόσι
828 1589 882 1616 τῶν

98 1633 232 1668 ἰεροσολύ
237 1642 306 1668 μων.

129 1680 185 1707 Καὶ
202 1681 281 1706 ταυτὶ
298 1680 347 1714 μὲν
359 1680 464 1707 ἅπαντα
474 1679 518 1706 διὰ
533 1680 647 1716 μακρῶν
661 1679 769 1716 εἴρηται
783 1681 881 1715 λόγων.

93 1725 305 1759 Συνενεγκόντες
320 1726 348 1752 δὲ
370 1727 452 1762 ἡμεῖς
463 1725 512 1757 τὰς
531 1726 585 1752 τῶν
599 1726 752 1762 εἰρημένων
769 1727 883 1759 ἐννοίας,

93 1770 226 1805 περιττῆς
236 1771 283 1797 καὶ
297 1772 428 1806 ἀνονήτου
446 1771 632 1806 στενολεσχίας
649 1772 783 1806 τὸνλόγον
796 1773 885 1808 ἀπηλ-

93 1815 226 1851 λάξαμεν.
239 1818 284 1843 Δεῖ
294 1817 334 1851 δὲ,
349 1815 438 1854 οἶμαι,
455 1819 523 1854 πρὸς
536 1819 639 1845 ἕκαστα
653 1818 708 1845 τῶν
722 1818 787 1853 παρ’
802 1818 883 1845 αὐτοῦ

93 1863 356 1899 ψυχρολογουμένων
368 1865 398 1891 τὸ
414 1865 510 1900 ἀληθὲς
533 1864 741 1899 ἀντεξάγοντας,
756 1865 818 1899 εἰκῆ
833 1873 885 1892 κα-

93 1910 295 1937 τασκώπτοντα
310 1910 344 1938 τὰ
358 1912 529 1946 Χριστιανῶν
542 1912 679 1946 ἀποφῆναι
697 1911 788 1938 πάλιν.

397 1977 582 2004 ΚΥΡΙΛΛΟΔ.

132 2043 189 2078 Τὴν
205 2043 254 2078 μὲν
268 2041 314 2071 οὖν
330 2045 358 2071 ἐν
379 2045 461 2081 σαρκὶ
474 2046 625 2080 περιτομὴν
637 2047 749 2081 σημεῖον
766 2045 888 2072 δεδόσθαι

96 2089 136 2125 τῷ
155 2090 280 2124 ’Λϐραάμ
300 2091 349 2126 τῆς
375 2091 404 2119 ὲν
424 2091 592 2126 ἀκροϐυστίᾳ
616 2092 732 2123 πίστεως
753 2093 768 2118 ὀ
791 2091 888 2118 θεσπέ-

97 2145 156 2167 σιος
172 2135 276 2168 Παῦλος
302 2136 365 2172 ἔφη.
393 2137 591 2164 Διεσπούδαστο
602 2138 656 2173 γὰρ
670 2137 745 2172 αὐτῷ
763 2138 813 2172 τὴν
834 2137 888 2164 τῶν

103 2182 240 2209 Ἰουδαίων
260 2183 347 2218 ὀφρὺν
365 2183 488 2218 ἠρμένην
505 2183 573 2218 ὑψοῦ
595 2184 786 2216 κατασπάσαι,
807 2192 890 2218 προσ-

98 2227 237 2261 αποφῆναι
251 2227 278 2254 δὲ
294 2227 485 2263 πρεσϐυτέραν
497 2229 545 2263 τῆς
561 2230 590 2255 ὲν
611 2229 686 2264 νόμῳ
701 2229 889 2264 παιδαγωγίας

97 2272 147 2307 τὴν
165 2274 195 2299 ἐν
216 2273 306 2299 πίστει
324 2273 474 2305 δικαίωσιν,
489 2271 523 2310 ἦς
541 2272 570 2302 εὖ
597 2275 671 2310 μάλα
686 2276 754 2312 φησὶ
773 2285 888 2313 τετυχη-

99 2319 176 2345 κέναι
192 2318 236 2345 τδν
255 2319 391 2354 Ἀϐραὰμ,
418 2320 468 2346 οὐκ
483 2321 512 2347 ἐν
537 2323 671 2356 περιτομῇ
695 2322 794 2356 μᾶὶλον
813 2323 887 2355 ὄντα,

98 2364 155 2391 ἀλλ’
171 2365 200 2390 ἐν
213 2364 390 2400 ἀκροϐυστίᾳ.
414 2366 487 2401 Πλὴν
508 2367 532 2393 ει
549 2367 596 2393 καὶ
612 2367 737 2404 τεχνίτης
759 2367 796 2394 ὣν
820 2369 888 2402 ἄγαν

98 2411 280 2445 περιήνεγκεν
304 2411 344 2442 είς
363 2411 441 2437 τοῦτο
468 2412 518 2447 τῆς
544 2405 697 2448 περιτομῆς
724 2413 754 2440 τὸ
782 2414 887 2449 χρῆμα,

99 2456 157 2482 ἀλλ’
172 2454 218 2482 οὖν
230 2455 283 2482 οἶδε
300 2457 385 2492 αὐτὴν
408 2458 455 2484 καὶ
478 2458 573 2494 νοητοῦ
596 2459 759 2494 πράγματος
773 2468 887 2495 γεγενης

100 2502 184 2538 μένην
200 2502 300 2529 εἰκόνα.
317 2512 326 2527 ι
339 2503 375 2529 Οὐ
390 2503 445 2538 γὰρ
458 2503 472 2530 ὁ
488 2504 515 2530 ἐν
526 2504 566 2539 τῷ
581 2505 702 2540 φανερῷ,
712 2505 804 2539 φησὶν,
824 2505 889 2531 Ἰου-

96 2547 170 2578 δαῖός
188 2548 273 2579 ἐστιν,
289 2547 349 2574 οὐδὲ
366 2549 383 2583 ἡ
410 2549 439 2574 ἐν
462 2549 501 2584 τῷ
517 2549 636 2585 φανερῷ,
657 2551 685 2577 ὲν
702 2551 793 2585 σαρκὶ,
811 2559 888 2585 περι-

96 2594 166 2628 τομή
179 2601 185 2608 ·
202 2593 258 2619 ἀλλ’
274 2595 287 2620 ὁ
303 2595 330 2620 ἐν
346 2594 384 2629 τῷ
403 2595 516 2630 κρυπτῷ
537 2595 673 2628 Ἰουδαῖος,
692 2596 739 2622 καὶ
751 2596 885 2631 περιτομὴ

97 2639 223 2674 καρδίας,
240 2640 270 2666 ἐν
288 2639 434 2675 πνεύματι,
447 2641 478 2667 οὐ
495 2641 650 2676 γράμματι,
672 2638 702 2668 οὗ
717 2641 825 2672 ἔπαινος
837 2641 887 2667 οὐκ

98 2684 128 2717 ἐξ
149 2684 312 2720 ἀνθρώπων,
329 2685 386 2712 ἀλλ’
404 2687 436 2713 ὲκ
456 2686 503 2713 τοῦ
519 2686 597 2714 Θεοῦ.
615 2697 625 2713 ι
642 2687 710 2721 Φέρε
726 2686 791 2722 γὰρ,
808 2688 832 2713 εἰ
845 2686 887 2713 δο-

99 2731 150 2762 κεῖ,
173 2729 360 2764 βασανιζὲσοω
376 2731 445 2766 πρὸς
460 2731 537 2766 ἡμῶν
549 2733 639 2758 ὁποῖον
654 2732 688 2759 ἂν
706 2732 761 2766 ἔχοι
777 2732 855 2766 λόγον
869 2733 885 2767 ἡ

99 2776 128 2802 ὲν
147 2776 228 2811 σαρκὶ
248 2776 392 2812 περιτομὴ,
415 2777 478 2804 ὅταν
503 2779 588 2814 αὐτῆς
611 2778 642 2805 τὸ
665 2779 795 2813 μυστικὸν
818 2779 886 2804 ἁπο-

102 2822 257 2857 στήσωμεν.
276 2822 372 2849 Καίτοι
392 2823 461 2857 πῶς,
480 2824 557 2860 εἴπερ
581 2822 613 2860 ἦν
630 2825 742 2861 ἄμεινον
766 2826 821 2856 τοῖς
841 2833 887 2850 τε-

135 2907 157 2923 7“
178 2908 255 2936 Rom.
273 2916 301 2941 ιι,
317 2909 360 2935 29.
400 2911 420 2925 τε
435 2911 501 2936 Gen.
523 2919 587 2943 λιιι,
614 2912 653 2943 10,
675 2911 714 2938 il.
738 2912 759 2927 ⁸³
777 2911 900 2950 Mlltltx,

929 321 995 344 esse,
1012 320 1126 349 eamque
1148 315 1297 341 Abrahamo
1317 315 1397 349 fuisse
1415 316 1494 347 dixit,
1511 323 1561 341 non
1574 323 1632 341 vero
1655 323 1715 340 cur-

930 359 1014 386 nalam
1027 360 1060 391 ",
1077 367 1168 395 seque,
1190 369 1250 387 cum
1275 361 1343 394 ejus.
1365 365 1421 387 tum
1436 360 1518 393 Petri,
1537 367 1589 387 non
1604 361 1654 394 piis
1670 368 1716 386 vo-

929 403 1006 431 cibus
1025 405 1146 432 credere.
1179 406 1256 433 Disce
1277 413 1341 432 vero
1362 413 1468 432 rursum
1491 405 1619 440 scriptum
1643 413 1713 436 esse,

929 449 999 483 quod
1019 448 1088 477 Deus
1102 450 1334 478 circumcisionem
1352 451 1422 477 illaut
1447 451 1581 478 carnalem
1597 451 1622 477 in
1636 455 1716 477 testa-

929 500 1048 522 mentum
1072 500 1100 522 et
1122 496 1150 522 in
1174 497 1277 530 signum
1302 496 1417 522 Abrahae
1442 496 1556 523 dederit.
1588 505 1597 521 ι
1618 497 1650 523 Ει
1668 497 1716 522 hoc

929 545 970 567 est
982 544 1182 574 testamentum,
1195 543 1265 576 quod
1284 541 1456 568 couservahis
1472 542 1543 568 inter
1556 548 1599 568 me
1614 546 1641 568 et
1656 549 1713 572 ros,

928 590 957 612 et
984 586 1055 612 inter
1076 594 1166 613 semen
1190 592 1264 612 tuum
1285 587 1310 613 in
1332 588 1518 620 generationes
1540 592 1643 613 vestras
1664 596 1669 612 :
1690 591 1717 613 et

929 631 1158 658 circumcidemiui
1186 639 1295 659 carnem
1324 631 1446 667 praeputii
1468 634 1563 664 vestri,
1581 637 1607 659 et
1623 631 1673 659 erit
1689 632 1717 658 in

929 677 1034 710 signum
1065 677 1220 704 testamenti
1247 679 1316 705 inter
1337 686 1380 705 tne
1401 683 1427 705 et
1449 683 1485 710 te,
1498 684 1525 705 et
1538 679 1607 705 inter
1627 685 1668 704 me
1692 682 1721 704 et

930 728 1023 748 semen
1038 725 1113 749 tuum
1125 723 1160 748 τ’.
1183 731 1192 748 ι
1499 726 1502 729 ”

964 815 1046 842 Addit
1058 815 1112 847 his,
1131 815 1203 849 quod
1218 815 1276 850 ipse
1290 822 1397 849 quoque
1411 814 1535 841 Christus
1559 815 1725 841 servandam

930 869 989 890 esse
1014 861 1098 895 legem
1114 860 1221 893 dixerit,
1235 861 1313 887 modo
1329 860 1435 894 quidem
1460 860 1500 886 his
1513 860 1600 886 verbis
1614 868 1621 885 :
1637 869 1645 884 ι
1662 859 1718 885 Non

929 907 990 935 veni
1009 907 1113 934 solvere
1132 906 1230 940 legem.
1250 910 1295 931 aut
1309 906 1464 939 prophetas,
1477 905 1523 932 sed
1535 904 1692 939 implere”;
1708 913 1716 928 ι

897 938 916 965 Β
934 952 1013 979 modo
1037 958 1154 978 rursus:
1175 959 1184 975 ι
1209 949 1259 982 Qui
1283 948 1394 976 solverit
1417 957 1499 975 unum
1532 938 1720 976 dermandatis

934 995 993 1024 istis
1019 995 1149 1026 minimis,
1175 999 1201 1021 et
1224 994 1345 1021 docuerit
1374 994 1413 1020 sic
1437 994 1574 1025 homines.
1594 994 1720 1020 minimus

934 1042 1074 1069 vocabitur
1090 1041 1115 1068 in
1130 1047 1212 1075 regno
1228 1040 1356 1068 caelorum
1369 1040 1402 1068 ⁸¹.
1415 1049 1424 1065 ι
1436 1039 1502 1067 Cum
1518 1040 1608 1074 igitur,
1625 1040 1721 1074 inquit,

934 1088 1093 1115 servandam
1115 1095 1175 1114 esse
1192 1086 1278 1121 legem
1306 1085 1399 1121 procul
1418 1086 1498 1112 dubio
1520 1085 1639 1119 jusserit,
1653 1090 1679 1112 et.
1695 1086 1721 1112 in

934 1142 981 1161 eos
995 1135 1039 1169 qui
1063 1134 1105 1161 vel
1120 1133 1276 1161 mandatum
1300 1140 1382 1160 unum
1403 1132 1589 1167 praetergressi
1612 1131 1722 1163 ruerint,

934 1187 1028 1215 pmnas
1059 1180 1206 1207 statuerit:
1230 1187 1287 1211 ros,
1310 1179 1355 1213 qui
1382 1183 1489 1211 cuncta,
1517 1183 1545 1204 ut
1568 1178 1604 1204 ita
1624 1178 1721 1207 dicam.

935 1226 1119 1261 pra-tergressi
1142 1225 1218 1258 estis,
1235 1232 1314 1259 quem
1332 1223 1496 1251 defensionis
1516 1223 1623 1250 modum
1645 1230 1722 1257 repe-

936 1271 1034 1299 rietis?
1052 1271 1104 1298 Aut
1124 1271 1196 1298 enim
1221 1271 1365 1298 mentietur
1387 1270 1475 1302 Jesus,
1496 1269 1598 1304 inquit,
1612 1273 1657 1296 aut
1677 1276 1723 1295 vos

935 1317 1013 1352 plane
1035 1317 1101 1352 legis
1117 1319 1308 1344 observatores
1324 1323 1377 1343 non
1395 1316 1472 1343 estis.

970 1406 1087 1434 Accusat
1104 1413 1153 1433 nos
1173 1409 1302 1440 prmterea
1314 1424 1321 1436 ,
1337 1405 1408 1438 quod
1433 1411 1520 1438 neque
1537 1402 1651 1430 Sabbata
1666 1409 1723 1429 ser-

936 1460 1044 1485 vemus,
1058 1459 1144 1486 neque
1158 1459 1222 1478 vero
1238 1459 1312 1478 more
1332 1450 1484 1477 Judzeornm
1514 1457 1611 1484 agnum
1627 1449 1722 1475 inuno-

935 1498 1030 1528 lenms,
1058 1503 1146 1529 neque
1176 1503 1255 1530 porro
1280 1502 1362 1530 panes
1392 1501 1501 1529 azymos
1532 1493 1721 1521 comedamns;

935 1545 1036 1580 aitque,
1048 1543 1124 1570 nobis
1141 1544 1218 1578 hujus
1232 1542 1390 1570 cessationis
1404 1548 1512 1568 causam
1528 1540 1648 1567 relictam
1663 1546 1722 1566 esse

935 1598 1026 1622 uuam,
1042 1590 1111 1624 quod
1127 1589 1281 1616 sacrilicare
1299 1595 1350 1615 non
1365 1588 1445 1614 liceat
1464 1586 1498 1613 iis
1519 1586 1565 1620 qui
1579 1585 1632 1612 sint
1645 1589 1721 1611 extra

935 1636 1094 1664 Jerusalem.

970 1683 1059 1717 Atque
1072 1682 1129 1709 haec
1147 1680 1235 1708 omnia
1250 1680 1358 1715 quidem
1378 1679 1421 1706 ille
1443 1678 1534 1705 multis
1550 1677 1649 1704 verbis.
1668 1676 1722 1703 Nos

937 1735 1001 1755 vero
1017 1731 1154 1755 contracto
1178 1734 1265 1753 rerum
1282 1731 1360 1752 allleﬂ
1375 1725 1508 1752 dicturum
1523 1731 1614 1755 SCIISII,
1629 1730 1723 1756 super-

936 1773 997 1801 lluis
1018 1779 1046 1801 et
1062 1773 1200 1800 inutilibus
1232 1771 1346 1806 argutiis
1367 1771 1517 1798 orationem
1539 1769 1721 1797 liberavimus.

936 1819 1053 1846 Necesse
1073 1823 1162 1846 autent
1181 1823 1234 1849 est,
1246 1818 1352 1852 opinor,
1370 1821 1408 1848 ut,
1431 1815 1535 1850 frigidis
1547 1815 1608 1848 ejus
1619 1815 1723 1842 ratiun-

937 1865 1006 1892 culis
1020 1865 1142 1899 opposita
1159 1865 1284 1896 veritate,
1299 1871 1354 1890 rem
1378 1862 1561 1890 Christianam
1577 1867 1678 1889 temere
1691 1860 1727 1886 ab

937 1918 970 1939 eo
984 1911 1099 1938 derideri
1116 1918 1222 1938 rursum
1238 1909 1421 1937 ostendamus.

1241 1974 1424 2003 CYRlLLUS.

973 2044 1113 2071 (larualem
1129 2045 1212 2078 igitur
1234 2043 1473 2071 circumcisionem
1493 2042 1660 2078 signaculum
1676 2041 1725 2068 da-

940 2095 995 2117 tum
1007 2097 1066 2117 esse
1081 2090 1236 2117 Abrahamo
1251 2089 1322 2121 lidei,
1336 2097 1395 2123 qua:
1409 2094 1452 2116 est
1466 2090 1491 2115 in
1505 2087 1645 2123 praeputio,
1658 2087 1725 2113 dixit

938 2134 1038 2162 Paulus
1058 2135 1101 2162 ille
1123 2135 1229 2162 divinus
1242 2135 1276 2161 ⁸⁵.
1304 2133 1475 2168 Propositum
1498 2133 1570 2161 enim
1597 2131 1678 2167 352
1700 2133 1724 2158 ei

939 2186 998 2208 erat
1013 2180 1166 2208 Iudaeorum
1182 2188 1317 2216 arrogans.
1328 2180 1500 2214 supercilium
1517 2179 1678 2214 deprimere,
1695 2187 1725 2205 ac

940 2230 1052 2263 insuper
1076 2229 1232 2261 ostendere,
1255 2229 1426 2256 institutiOne
1446 2228 1523 2262 legali
1551 2228 1725 2255 vetustiorcm

904 2291 926 2319 Β
940 2274 1227 2309 essejustiﬁrationem
1245 2275 1270 2302 in
1286 2274 1347 2306 llde,
1364 2282 1444 2309 quam
1461 2274 1553 2308 utique
1574 2277 1724 2301 assecutum

940 2329 999 2349 esse
1017 2322 1198 2348 Abrahamnm
1219 2321 1294 2353 dicit,
1309 2328 1361 2348 non
1377 2321 1460 2355 magis
1475 2321 1501 2347 in
1522 2320 1725 2348 circumcisimie

940 2374 1000 2394 cum
1017 2372 1098 2400 esset,
1115 2374 1194 2401 quam
1210 2367 1237 2393 in
1251 2367 1390 2400 pra-putio.
1419 2366 1515 2393 Verum
1542 2366 1603 2393 licet
1619 2373 1668 2400 pro
1682 2374 1723 2398 ea,

940 2421 992 2447 qua
1018 2413 1116 2447 pollet,
1134 2413 1263 2447 singulari
1279 2412 1405 2442 isolertia.
1431 2412 1665 2439 circumcisionem
1694 2418 1725 2438 eo

940 2458 1117 2490 transtulerit.
1139 2459 1190 2486 scit
1217 2462 1305 2485 tamen
1332 2458 1416 2492 ipsam
1444 2464 1550 2491 quoque
1577 2456 1660 2484 luisse
1687 2457 1725 2482 rei

940 2503 1131 2531 intellectualis
1155 2503 1308 2538 imaginem.
1339 2513 1348 2530 ι
1365 2503 1424 2530 Non
1438 2504 1509 2531 enim
1525 2504 1569 2538 qui
1588 2504 1614 2530 in
1638 2504 1726 2529 mani-

940 2550 1019 2582 lesto,
1033 2551 1134 2584 inquit,
1146 2549 1254 2577 Judmus
1267 2554 1307 2577 est
1328 2558 1335 2577 :
1351 2558 1439 2584 neque
1458 2557 1517 2584 qua:
1529 2550 1556 2575 in
1570 2548 1723 2580 manifesto,

940 2597 967 2624 in
990 2604 1082 2628 carne,
1105 2602 1147 2624 est
1166 2596 1354 2623 circumcisio:
1378 2597 1424 2624 sed
1447 2596 1491 2629 qui
1509 2595 1535 2621 in
1557 2595 1728 2624 abscondito,

936 2641 1045 2670 Judacus
1060 2646 1102 2669 est
1122 2651 1128 2668 :
1145 2646 1173 2668 et
1188 2641 1360 2668 circumcisio
1384 2641 1472 2668 cordis
1499 2640 1525 2667 in
1546 2640 1658 2674 spiritu,
1673 2647 1724 2665 non

937 2687 1038 2720 littera,
1063 2687 1139 2721 cujus
1159 2687 1216 2715 laus
1236 2695 1287 2714 non
1312 2694 1346 2714 ex
1372 2686 1599 2719 hominibus,scd
1619 2693 1651 2712 ex
1673 2685 1726 2711 Deo

938 2737 979 2759 est
1004 2732 1037 2758 “.
1069 2741 1078 2757 ›
1115 2732 1234 2766 Agedum
1262 2731 1333 2758 enim
1359 2732 1559 2766 expendamus,
1579 2729 1602 2756 si
1628 2730 1724 2764 placet,

939 2785 1020 2812 quam
1046 2777 1177 2804 rationem
1196 2777 1318 2803 habitura
1343 2777 1378 2803 sit
1400 2775 1519 2803 carnalis
1542 2774 1585 2801 illa
1612 2775 1726 2802 circum-

938 2823 1018 2856 cisio,
1043 2830 1104 2849 cum
1138 2822 1283 2857 mysticum
1309 2821 1367 2856 ejus
1393 2828 1502 2849 sensum
1530 2821 1723 2848 amoverimus.

920 2911 959 2938 Π.
981 2912 1000 2927 ⁵¹
1024 2911 1087 2939 ibid.
1112 2911 1152 2938 19.
1175 2911 1196 2926 ⁸³
1217 2910 1295 2938 Rom.
1312 2917 1349 2943 Ir,
1371 2911 1413 2938 ll.
1435 2911 1456 2927 ⁸⁸
1475 2909 1552 2938 Rom.
1573 2919 1603 2943 ιι,
1621 2910 1723 2941 28,21)
