1894 3056
167 117 236 144 Ηὶῖδ
662 115 692 143 S.
713 115 848 144 CYRILLI
868 116 958 144 ALEX

1019 116 1100 144 )ﬂlNl
1121 117 1279 146 ARCIHEP.
1743 119 1818 146 1026

164 177 338 212 proﬂigator?
353 176 447 208 Porro,
460 183 514 203 non
530 176 619 202 minus
632 180 737 210 peccat,
752 177 814 203 dum
831 182 951 204 mortuus

1019 186 1126 212 τρακτον
1143 178 1286 213 ἀποφήνας
1302 177 1349 204 τοῦ
1366 177 1482 204 θανάτου
1498 178 1546 213 τὴν
1568 179 1704 213 admotu;
1718 179 1815 205 Οὐδὲν

164 225 286 250 nominat
308 231 375 253 eos,
402 223 447 257 qui
473 230 521 256 spe
552 222 615 248 vitae
639 222 831 256 temporariam
860 224 952 250 carnis

166 274 279 296 mortem
302 272 363 294 sunt
384 267 517 302 perpessi,
542 271 652 294 sanctos
677 273 810 302 martyres
826 268 896 298 ilico.
920 268 953 295 de

165 315 262 348 quibus
285 315 357 340 clare
382 313 525 340 admodum
548 314 677 348 scriptum
701 319 766 340 est:
784 322 794 338 ι
815 313 868 340 Visi
891 319 954 340 sunt

166 360 192 386 in
212 358 298 386 oculis
313 359 451 385 hominum
473 359 552 391 mori,
572 364 599 386 et
624 359 756 386 mittit-tata
777 363 820 386 est
844 358 953 385 alﬂictio

164 405 253 431 exitus
269 404 386 436 illorum,
418 407 445 430 et
462 403 533 438 quod
548 411 563 430 a
586 402 664 430 nobis
683 408 724 430 est
740 403 800 432 iter.
817 402 953 429 extermi-

165 451 249 475 nitim.
269 448 306 475 llli
325 453 415 476 autem
431 452 496 476 sunt
522 448 548 475 in
575 456 652 482 pace,
670 453 695 474 et
713 455 776 480 spes
789 455 881 473 eorum
904 448 953 473 im-

166 494 331 521 mortalitate
344 494 421 528 plena
434 494 470 521 ⁸⁰.
488 503 496 519 ι
514 493 550 521 Ut
563 494 636 520 enirn
648 493 706 528 ipse
718 493 815 519 alicubi
830 492 954 519 Salvator

165 541 202 567 ait
227 549 233 566 :
257 549 266 566 ι
281 539 383 568 Vivum
409 540 463 568 Deo
491 540 588 567 victuri
609 548 616 566 :
636 548 689 566 non
721 540 792 566 enim
816 544 856 566 est
885 538 954 565 Deus

167 590 346 618 mortuorum,
361 586 408 613 sed
422 586 570 613 viventium
582 586 615 615 ",
632 595 641 611 ι
658 586 681 612 is
699 591 810 619 propter
827 593 906 620 quem
921 585 954 610 ad

165 636 221 658 tam
235 632 392 666 pmclarani
410 633 621 668 generositatem
636 632 802 664 aspiraruut.
821 630 954 664 Quocirca

167 679 224 706 inec
238 687 253 705 a
268 679 346 706 nobis
361 679 456 713 opinor
471 678 542 705 dicta
561 686 621 704 esse
646 678 738 711 utique
746 677 894 709 sapienter.
907 676 954 702 llic

167 732 231 751 vero
251 732 312 751 cum
338 729 392 751 tant
407 724 521 751 eximias
542 732 584 750 res
601 729 647 750 aut
674 731 726 749 non
751 723 892 756 iutulligat,
909 727 953 747 aut

167 771 259 798 mirari
279 776 354 799 certe
375 771 442 798 nolit.
458 771 491 798 ad
513 770 652 797 mendacia
672 770 827 801 revertitur,
847 775 874 796 et
894 769 952 796 ait:

468 879 612 908 JULIANU
619 880 647 907 S.

203 935 270 969 Quae
292 944 353 964 cum
382 936 418 963 ita
444 937 510 968 sint,
539 944 587 963 cur
612 936 744 971 sepulcris
763 936 957 964 advolvimini?

168 982 256 1010 Vultis
272 984 395 1017 accipere
424 983 555 1010 causanti
572 982 630 1009 Non
654 990 714 1009 eam
741 991 791 1017 ego
809 982 954 1017 proferant,

169 1030 217 1056 sed
235 1029 318 1056 Isaias
336 1029 378 1056 ille
391 1030 520 1063 propheta
540 1038 546 1056 :
565 1038 574 1054 ι
591 1029 619 1056 In
634 1030 768 1062 sepulcris
781 1033 809 1057 et
822 1030 956 1063 specubus

169 1073 306 1100 dormiunt
331 1078 441 1108 propter
464 1074 568 1100 somnia
580 1074 613 1100 ".
630 1084 638 1099 ι
656 1073 740 1109 340
754 1074 849 1101 Videte
875 1074 955 1107 igitur

169 1126 233 1153 ergo
261 1126 314 1152 quo
335 1124 413 1152 pacto
438 1117 538 1146 Judteis
565 1119 757 1146 incautationis
783 1125 860 1146 vetus
884 1119 955 1146 istud

169 1172 236 1198 opus
253 1164 345 1196 fuerit,
363 1165 509 1192 indortnire
523 1165 656 1198 sepulcris
673 1166 840 1192 somniorum
859 1173 953 1193 causa.

169 1210 246 1242 Quod
268 1216 342 1237 certe
357 1215 384 1237 et
407 1211 542 1244 apostolos
557 1216 665 1238 vestros
680 1211 809 1238 credibile
832 1216 874 1238 est
896 1216 956 1246 post.

170 1256 291 1290 magistri
311 1261 423 1282 mortem
444 1255 550 1288 fecisse,
565 1256 695 1290 vobisque
707 1257 751 1291 qui
766 1257 845 1290 primi
868 1256 956 1284 credi-

170 1301 247 1328 distis
268 1301 302 1327 ab
319 1301 397 1327 initio
419 1302 572 1332 tradidisse.
600 1306 625 1327 et
653 1301 852 1329 incantationes
878 1301 956 1328 calli-

170 1346 231 1372 dius
245 1354 326 1381 quam
341 1354 388 1373 vos
406 1347 551 1380 peregisse,
567 1347 614 1374 sed
633 1348 750 1381 posteris
765 1348 956 1374 inrantntionis

170 1390 248 1417 istius
261 1395 288 1417 et
308 1391 507 1418 exsecrationis
523 1391 646 1417 ollicinas
665 1393 771 1426 publice
787 1393 954 1427 exposuisse.

473 1537 652 1567 CYRILLUS.

205 1592 287 1628 Atqui
302 1594 400 1622 revixit
414 1594 538 1622 Christus
557 1595 659 1628 divina,
676 1597 714 1623 uti
733 1596 800 1630 dixi,
816 1597 956 1632 dispensa-

171 1639 254 1672 tione,
267 1646 327 1666 cum
342 1648 390 1667 suo
404 1642 512 1675 corpori
526 1646 639 1669 mortem
652 1647 762 1676 gustare
775 1643 955 1677 permisisset.

171 1685 223 1712 Per
242 1685 311 1712 hanc
325 1686 425 1720 quippe
445 1694 519 1713 mors
533 1687 633 1715 abolita
649 1693 701 1715 est.
714 1687 849 1716 Caeterum
863 1689 958 1716 doceat

170 1732 271 1764 obiter,
296 1732 405 1758 ubinam
430 1732 514 1759 divini
540 1733 664 1768 discipuli
685 1733 762 1762 nobis
786 1735 957 1769 tradiderint,

170 1783 297 1813 oportere
319 1778 452 1813 sepulcris
479 1778 599 1811 advolvi,
620 1785 648 1807 et
672 1787 685 1806 a
703 1780 818 1807 tnnrtuis
841 1781 958 1808 visiones

173 1828 220 1850 aut
234 1823 338 1850 somnia
361 1831 504 1858 qumrcre:
520 1825 567 1852 sed
593 1832 644 1851 non
660 1830 759 1859 potest,
775 1825 847 1852 nullo
868 1827 957 1854 modo.

173 1867 272 1896 Verum
296 1870 340 1897 hic
355 1877 404 1896 suo
422 1877 496 1897 more
508 1871 588 1899 nobis
607 1871 744 1906 imposuit.
759 1872 849 1899 Bonus
869 1877 957 1899 autem

173 1914 215 1941 vir
231 1922 282 1941 non
298 1915 499 1948 animadvertit,
512 1923 541 1943 se
559 1917 682 1943 convicia
704 1915 750 1943 illa
765 1924 817 1944 non
834 1917 918 1952 magis
933 1918 958 1944 iu

174 1969 222 1989 nos
248 1970 329 1997 qttam
355 1962 381 1989 in
404 1963 625 1997 superstitionem
647 1962 786 1999 gentilium
809 1963 958 1995 elIundere,

173 2015 273 2039 easque
288 2015 330 2035 res
343 2008 481 2041 vrilicare,
497 2016 564 2044 quas
576 2016 669 2036 amore
680 2009 823 2044 studioque
839 2009 960 2044 comple-

174 2054 267 2080 ctitur.
279 2052 363 2082 ιιιὐωί
377 2056 461 2088 enim,
477 2060 504 2082 et
520 2063 568 2082 nos
578 2063 672 2082 eorum
688 2063 871 2088 successores,
881 2061 961 2090 ψιθί-

173 2105 239 2134 quot
253 2108 347 2128 sacras
359 2101 518 2136 divinasque
536 2101 610 2134 leges
623 2101 774 2136 sequimur,
790 2109 960 2136 nequaquam

174 2146 293 2173 visiones
312 2147 338 2173 in
364 2148 466 2174 somnis
487 2154 610 2182 qumrere
632 2147 762 2179 solemus,
789 2154 876 2182 neque
898 2155 962 2174 vum

1003 222 1030 248 δὲ
1044 220 1124 258 ἦττον
1151 223 1306 258 πλημμελεῖ
1323 223 1436 257 νεκροὺς
1453 224 1595 258 ὀνομάζων
1614 226 1679 255 τοὺς
1696 225 1748 250 ἐπ’
1767 224 1815 250 ἑλ-

1004 268 1061 294 πίδι
1084 268 1157 303 ζωῆς
1181 267 1225 294 τὸν
1250 268 1415 303 πρὸσκαιρον
1439 269 1488 303 τῆς
1512 269 1612 303 σαρκὸς
1627 268 1813 300 ἀνατλάντας

1004 313 1128 345 θάνατον,
1145 314 1216 349 φημὶ
1242 313 1274 349 δὴ
1298 315 1360 345 τοῦς
1385 314 1479 348 ἁγίους
1504 314 1654 349 μάρτυρας,
1675 314 1748 350 περὶ
1770 311 1812 340 ὧν

1003 360 1169 394 γέγραπται,
1185 360 1231 386 καὶ
1245 359 1317 394 μάλα
1332 360 1440 394 σαφῶς·
1454 370 1463 386 ι
1478 360 1591 392 Ἐδοξαν
1604 362 1633 387 ἐν
1647 361 1812 395 ὀφθαλμοῖς

1003 405 1155 440 ἀνθρώπων
1177 405 1315 435 τεθνάναι.
1343 406 1388 432 καὶ
1413 405 1540 441 ἐλογίσθη
1562 406 1687 438 κάκωσις
1709 406 1811 438 ἔξοδος

1005 451 1109 478 αὐτῶν·
1136 451 1181 478 καὶ
1206 452 1222 486 ἡ
1244 451 1289 485 ἀφ’
1305 450 1382 486 ἡμῶν
1402 451 1508 486 πορεία,
1526 452 1692 487 σύντριμμα,
1717 453 1756 479 Οἱ
1781 452 1814 478 δέ

1004 497 1073 522 εἰσιν
1093 496 1122 522 ὲν
1143 496 1250 531 εἰρήνῃ,
1267 496 1314 522 καὶ
1329 496 1345 530 ἡ
1360 495 1438 527 ἐλπὶς
1455 495 1545 522 αὐτῶν
1558 496 1710 528 ἀθανασίας
1731 496 1812 531 πλή-

1008 551 1068 578 ρης.
1088 552 1097 568 ι
1106 543 1151 574 Ὠς
1161 543 1215 577 γὰρ
1228 542 1308 574 αὑτός
1321 541 1373 569 πού
1390 551 1472 577 φησιν
1485 543 1499 569 ὀ
1519 542 1613 578 Σωτὴρ
1624 563 1631 575 ,
1649 552 1659 568 ι
1671 543 1748 569 Ζῶσι
1766 542 1811 576 τῷ

1005 589 1075 623 Θεῷ,
1091 589 1184 623 ζήσειν
1210 588 1354 623 μέλλοντες
1365 597 1371 602 ·
1390 588 1419 615 οὐ
1445 589 1499 623 γάρ
1521 589 1580 615 ἐστι
1597 588 1662 620 Θεὸς
1679 588 1808 624 νεκρῶν,

1005 635 1073 661 ἀλλὰ
1092 634 1211 666 ζώντων,
1228 644 1236 660 ι
1255 636 1270 661 ὀ
1281 635 1314 661 δι’
1324 635 1353 661 ὃν
1368 635 1416 669 τῆς
1431 634 1502 661 οὕτω
1512 635 1641 671 λαμπρᾶς
1656 635 1810 669 ἐπέδησαν

1006 681 1156 716 εὐανδρίας.
1178 678 1261 715 Οἶμαι
1279 671 1329 715 ’μὲν
1344 678 1390 707 οὖν
1407 680 1474 716 πρὸς
1488 681 1566 716 ἡμῶν
1579 681 1707 716 εἰρῆσθαι
1719 681 1808 707 ταυτὶ

1005 727 1052 752 καὶ
1078 727 1149 761 μάλα
1173 727 1366 762 ὲμφρόνως.’0
1385 726 1413 753 δὲ
1440 726 1473 753 τὰ
1497 726 1582 759 οὕτως
1599 726 1729 762 ἐξαίρετα
1746 726 1808 752 τῶν

1006 773 1175 807 πραγμάτων
1187 772 1204 807 ἦ
1220 772 1258 808 μὴ
1273 773 1409 808 συνιεὶς,ἣ
1422 772 1469 798 καὶ
1481 771 1631 808 θαυμάζειν
1641 772 1693 798 οὐκ
1704 771 1806 804 ἀξιῶν,

1005 817 1168 853 ψευδηγορεῐ
1183 818 1274 850 πάλιν,
1290 817 1337 844 καί
1352 826 1433 853 φησι·

1304 874 1395 901 ΙΟΥΛΙ
1400 874 1498 901 ΑΝΟΣ.

1044 930 1153 955 Τούτων
1178 926 1226 955 οὖν
1251 928 1336 959 οὕτως
1362 928 1500 963 ἐχόντων,
1524 929 1603 963 ὑμεῖς
1626 929 1699 963 ὑπὲρ
1728 929 1806 958 τίνος

1010 974 1246 1011 προσκυλινδεῖσθε
1270 976 1326 1006 τοῖς
1348 975 1492 1010 μνήμαις
1515 975 1643 1002 Ἀκοῦσαι
1669 974 1805 1010 βούλεσθε

1005 1023 1055 1057 τὴν
1073 1022 1181 1054 αίτίαν;
1197 1022 1254 1048 Οὐκ
1270 1020 1327 1055 ἐγὼ
1339 1021 1422 1056 φαίην
1438 1021 1482 1053 ἂν,
1499 1021 1557 1048 ἀλλ’
1575 1021 1692 1052 Ἡσαΐας
1705 1021 1721 1046 ό
1732 1029 1804 1056 προ-

1006 1069 1111 1103 φήτης·
1137 1068 1203 1094 ιῈν
1230 1068 1287 1099 τοῖς
1311 1067 1433 1102 μνήμασι
1459 1067 1506 1093 καὶ
1522 1068 1551 1093 ὲν
1573 1068 1630 1098 τοίς
1654 1066 1804 1101 σπηλαίοις

1006 1114 1155 1149 κοιμῶνται
1169 1113 1203 1140 δι’
1215 1113 1337 1140 ἐνύπνια,
1350 1123 1359 1138 ι
1377 1113 1508 1139 Σκοπεῖτε
1527 1110 1585 1143 οὖν,
1598 1113 1673 1144 ὅπως
1685 1112 1803 1138 παλαιὸν

1005 1157 1040 1194 ἦν
1054 1159 1134 1186 τοῦτο
1156 1161 1210 1191 τοῖς
1230 1159 1367 1190 Ἰουδαίοις
1390 1161 1440 1194 τῆς
1464 1159 1633 1194 μαγγανείας
1648 1159 1680 1185 τὸ
1705 1158 1801 1193 ἔργον,

1006 1205 1179 1239 ἐγκαθεύδειν
1204 1207 1260 1236 τοῖς
1286 1206 1435 1240 μνήμασιν,
1458 1205 1591 1232 ἐνυπνίων
1606 1206 1697 1240 χάριν.
1713 1206 1747 1231 ’0

1007 1251 1053 1278 καὶ
1068 1251 1130 1282 τοὺς
1151 1251 1315 1282 ἀποστόλους
1330 1251 1407 1286 ὑμῶν
1430 1251 1503 1282 εἰκός
1514 1251 1588 1278 ἐστιν
1602 1251 1672 1286 μετὰ
1686 1251 1739 1285 τὴν
1753 1250 1800 1277 τοῦ

1006 1297 1165 1324 διδασκάλου
1180 1296 1307 1331 τελευτὴν
1323 1297 1561 1331 ὲπιτηδεύσαντας,
1578 1298 1642 1332 ὑμῖν
1655 1305 1685 1323 τε
1704 1297 1734 1330 ἐξ
1748 1297 1801 1331 ἀρ-

1006 1343 1057 1377 χῆς
1077 1341 1242 1377 παραδοῦναι
1256 1343 1312 1373 τοῖς
1329 1341 1446 1376 πρώτοις
1468 1342 1672 1374 πεπιστευκόσι,
1689 1342 1739 1369 καὶ
1753 1350 1800 1368 τε-

1006 1388 1170 1423 χνικώτερον
1194 1388 1259 1422 ὑμῖν
1284 1388 1362 1414 αὐτοὶ
1388 1387 1589 1422 μαγγανεῦσαι,
1604 1390 1662 1420 τοῖς
1684 1388 1714 1415 δὲ
1734 1388 1801 1423 μετ’

1006 1434 1106 1465 αὐτοὺς
1128 1434 1269 1466 ἀποδεῖξαι
1293 1433 1411 1469 δημοσίᾳ
1434 1434 1485 1469 τῆς
1510 1435 1680 1469 μαγγανείας
1695 1435 1800 1469 ταύτης

1008 1480 1057 1507 καὶ
1072 1480 1214 1516 βδελυρίας
1231 1480 1265 1506 τὰ
1279 1481 1460 1516 ἐργαστήρια.

1311 1537 1497 1564 ΚΥΡΙΛΛΟΣ.

1049 1595 1161 1622 Ἀνεὸίω
1177 1594 1227 1630 μὲν
1240 1592 1287 1621 οὖν
1301 1595 1315 1621 ό
1331 1595 1448 1630 Χριστὸς
1463 1595 1653 1630 οίκονομικως,
1667 1596 1706 1627 ὡς
1717 1596 1798 1631 ἔφην,

1008 1642 1083 1676 ἐφεὶς
1104 1641 1143 1676 τῷ
1162 1641 1221 1676 ἰδίῳ
1235 1639 1341 1675 σώματι
1356 1640 1386 1666 τὸ
1406 1640 1555 1674 γεύσασθαι
1572 1640 1698 1668 θανάτου.
1725 1643 1799 1669 Κατ-

1009 1688 1128 1721 ήργηται
1143 1685 1197 1721 γὰρ
1212 1685 1256 1712 διὰ
1271 1685 1366 1712 τούτου
1385 1685 1510 1712 θάνατον.
1528 1685 1562 1712 Οἴ
1575 1695 1606 1720 γε
1625 1687 1680 1722 μὴν
1698 1687 1798 1713 θεσπέ-

1009 1742 1062 1759 σιοι
1088 1732 1207 1768 μαθηταὶ
1231 1731 1284 1758 ποῦ
1305 1731 1467 1766 παρέδωκαν
1483 1733 1561 1767 ἡμῖν,
1575 1732 1711 1767 ἐλεγχέτω
1729 1742 1798 1768 παρ-

1009 1778 1104 1809 ελθὼν,
1114 1779 1155 1804 ὅτι
1169 1778 1214 1804 καὶ
1229 1778 1368 1812 μνήμασιν
1384 1778 1598 1811 ἐμαλινδεῖσθαι
1610 1779 1674 1814 χρὴ,
1690 1779 1738 1805 καὶ
1750 1780 1797 1811 τὰς

1010 1824 1133 1859 περὶτῶν
1143 1823 1297 1850 τεθνεώτων
1307 1823 1414 1858 ὁράσεις
1425 1824 1522 1857 αίτείν,
1533 1824 1617 1859 {now
1629 1824 1664 1851 τὰ
1674 1824 1797 1852 ἐνύπνια.

1016 1870 1085 1896 Ἀλλ’
1099 1870 1148 1896 οὑκ
1167 1870 1199 1896 ἂν
1214 1869 1269 1903 ἔχει
1284 1869 1374 1896 ποθέν.
1391 1869 1577 1902 Πεφενάκικεν
1591 1870 1620 1897 δὲ
1633 1871 1685 1897 κάν
1700 1871 1797 1906 τούτῳ.

1011 1916 1082 1951 Πλὴν
1107 1916 1267 1951 ἠγνόησενό
1287 1915 1404 1951 Χριστὸς
1427 1916 1477 1951 οὺχ
1500 1915 1579 1951 ἡμῶν
1603 1917 1716 1952 μᾶλλον,
1731 1917 1798 1943 ἀλλὰ

1010 1961 1058 1996 τῆς
1076 1961 1209 1996 Ἑλλήνων
1222 1960 1438 1996 δεισιδαιμονίας
1459 1961 1494 1987 τὰ
1510 1961 1554 1987 ἐπ’
1569 1961 1642 1997 αὑτῴ
1658 1962 1691 1997 δὴ
1712 1961 1799 1997 τούτῳ

1011 2006 1153 2041 καταχέων
1172 2006 1344 2041 ἐγκλήματα.
1359 2005 1406 2032 καὶ
1420 2005 1455 2032 τὰ
1472 2005 1545 2040 αὐτῷ
1570 2006 1679 2042 θυμήρη
1703 2007 1749 2034 καὶ
1771 2007 1798 2032 ὲν

1012 2052 1113 2088 σπουδῇ
1128 2052 1336 2079 κατασκώπτειν
1357 2051 1513 2087 ἐπιχειρῶν.
1523 2052 1644 2078 Ἰουδαῖοι
1672 2053 1722 2087 μὲν
1745 2053 1797 2088 γὰρ

1013 2098 1059 2124 καὶ
1085 2098 1143 2132 μετ’
1158 2097 1278 2129 ἐκείνους
1304 2098 1386 2132 ἡμεῖς
1411 2098 1494 2133 ίεροῖς
1523 2097 1569 2124 καὶ
1597 2097 1678 2129 θείοις
1708 2098 1797 2133 νόμοις

1013 2145 1151 2179 ἑπόμενοι,
1168 2144 1198 2170 οὑ
1220 2144 1269 2176 τὰς
1286 2144 1319 2170 δι’
1337 2143 1448 2179 ὀνείρων
1471 2143 1546 2177 ὄψεις
1561 2144 1702 2179 ἐπιζητεῖν
1717 2144 1798 2171 εἰθίσ-

173 2193 290 2226 spectris
310 2193 435 2220 inanibus
449 2194 590 2228 pueriliter
612 2193 756 2225 obiectari,
778 2194 824 2220 sed
839 2194 958 2220 aversari

1019 2190 1104 2225 μεθα,
1129 2189 1191 2216 οὔτε
1220 2189 1272 2224 μὴν
1294 2189 1388 2220 ἑώλοις
1412 2190 1574 2224 φαντασίαις
1605 2190 1797 2223 ὲπιγάννυσϐαι

175 2236 269 2264 talium
298 2246 388 2265 rerutn
410 2239 581 2274 interpretes.
611 2238 667 2266 Lex
696 2244 787 2266 autent
812 2239 847 2266 de
869 2239 910 2266 his
934 2239 960 2266 in

176 2285 384 2312 Deuteronomio
398 2285 434 2312 ita
456 2293 485 2312 se
508 2287 589 2313 habet
601 2294 609 2312 :
623 2294 633 2311 ι
649 2285 680 2312 Si
696 2290 788 2312 autem
811 2286 963 2312 surrexerit

175 2330 202 2356 in
218 2335 243 2356 te
261 2330 403 2364 propheta.
422 2337 470 2356 seu
491 2330 630 2357 somnians
652 2329 799 2362 somnium,
812 2334 839 2356 et
857 2329 963 2356 dederit

176 2375 223 2403 tibi
242 2377 360 2410 signum,
377 2377 418 2403 vel
439 2377 599 2411 prodigium,
614 2382 641 2403 et
662 2376 769 2403 venerit
792 2375 897 2409 signum
917 2380 965 2401 aut

176 2423 340 2457 prodigium,
358 2424 429 2457 quod
446 2423 551 2449 locutus
567 2428 610 2450 est
625 2422 658 2449 ad
675 2427 710 2455 te,
729 2423 821 2449 dicens
834 2431 840 2448 :
853 2421 964 2453 Eamus,

175 2471 205 2494 et
219 2469 371 2495 serviamus
384 2468 436 2495 diis
450 2468 522 2500 aliis,
542 2476 611 2502 quos
626 2470 756 2501 nescitis;
776 2475 829 2495 non
847 2467 963 2494 audietis

178 2516 258 2542 verba
293 2516 431 2550 propheta:
455 2515 541 2547 illius,
571 2515 610 2541 vel
636 2514 797 2541 somniantis
828 2513 962 2539 somnium

179 2560 243 2587 illud
256 2561 291 2589 ".
307 2570 317 2587 ι
341 2561 426 2596 Igitur
455 2569 524 2588 vana
550 2562 658 2595 quidem
684 2560 817 2587 insomnia
841 2559 962 2586 aversari

177 2605 314 2640 iubemur.
326 2607 516 2635 Verumtamen
525 2607 874 2634 cultoribusdtemoniorum
882 2607 965 2633 chara

181 2651 224 2679 illa
243 2657 315 2685 sunt,
333 2657 362 2680 et
378 2661 476 2688 magno
495 2654 521 2679 in
544 2654 630 2687 pretio
650 2661 681 2679 ιω
703 2653 805 2679 honore
822 2652 965 2678 habentur.

183 2698 214 2724 lit
232 2707 297 2725 sane
310 2698 476 2734 Porphyrius
494 2699 654 2734 Pythagora:
668 2699 749 2724 vitam
766 2697 914 2732 explanatis
929 2697 965 2723 ita

182 2745 275 2771 scribit
289 2754 295 2771 :
312 2744 442 2779 Antiphon
457 2750 544 2771 autem
557 2746 583 2771 in
603 2754 632 2771 cu
646 2745 714 2771 libro
727 2750 804 2778 quem
819 2742 922 2777 scripsit
935 2742 968 2768 de

1017 2235 1218 2271 μειρακιωδῶς,
1244 2235 1381 2262 ποιεῖσθαι
1404 2235 1432 2261 δὲ
1460 2236 1714 2271 κατεστυγημένους
1739 2237 1797 2268 τοὺς

1015 2282 1068 2307 τῶν
1085 2281 1214 2307 τοιούτων
1235 2280 1476 2316 εἰσηγητάς.Ἔχει
1490 2281 1519 2307 δὲ
1535 2280 1622 2312 οὕτως
1636 2282 1650 2307 ό
1665 2281 1729 2316 περὶ
1742 2282 1796 2307 τού-

1014 2335 1068 2352 των
1081 2326 1162 2361 νόμος
1176 2327 1205 2352 ὲν
1219 2325 1258 2361 τῷ
1273 2327 1474 2361 Δευτερονομίῳ
1484 2335 1491 2341 ·
1512 2335 1521 2351 ι
1533 2325 1596 2352 Ἐὰν
1610 2326 1638 2352 δὲ
1655 2327 1756 2362 ἀναστῇ
1770 2328 1797 2352 ὲν

1016 2373 1057 2398 σοὶ
1081 2373 1223 2407 προφήτης
1248 2372 1264 2407 ἢ
1289 2373 1518 2407 ὲνυπνιαζὸμενος
1539 2372 1675 2404 ἐνύπνιον,
1696 2373 1742 2399 καὶ
1763 2373 1796 2407 δῷ

1016 2427 1056 2445 σοι
1083 2420 1204 2453 σημεῖον,
1230 2418 1246 2453 ἢ
1266 2418 1365 2453 τέρας,
1389 2419 1435 2444 καὶ
1465 2418 1529 2453 ἔλθῃ
1552 2419 1583 2444 τὸ
1602 2419 1715 2453 σημεῖον
1739 2419 1796 2453 ἢτὸ

1016 2464 1107 2497 τέρας,
1127 2464 1141 2489 ὃ
1156 2464 1270 2498 ὲλὰλησε
1285 2463 1352 2498 πρὸς
1375 2464 1416 2496 σὲ,
1431 2463 1517 2497 λέγων
1527 2472 1533 2478 ·
1555 2464 1737 2499 Πορευθῶμεν
1753 2464 1794 2490 καὶ

1017 2509 1210 2545 λατρεύσωμεν
1225 2510 1294 2540 θεοῖς
1309 2510 1414 2544 ἑτέροις
1427 2509 1474 2541 οὒς
1484 2510 1534 2536 οὐκ
1546 2509 1646 2542 οἴδατε,
1660 2510 1711 2536 οὐκ
1722 2510 1794 2536 ἀκού-

1018 2555 1096 2582 σεσθε
1117 2555 1171 2581 τῶν
1196 2552 1281 2590 λόγων
1306 2556 1352 2582 τοῦ
1377 2557 1516 2590 προφήτου
1538 2555 1652 2588 ἐκείνου,
1669 2556 1684 2590 ἢ
1700 2556 1744 2582 τοῦ
1756 2557 1793 2581 ὲν-

1017 2601 1213 2636 υπνιαζομένου
1226 2601 1257 2627 τὸ
1278 2601 1403 2628 ἐνύπνιον
1419 2602 1515 2628 ἐκεῖνο.
1533 2610 1543 2626 ι
1561 2600 1666 2628 υὺκοῦν
1688 2602 1794 2635 ἀποφοι-

1017 2648 1065 2682 τᾷν
1094 2647 1143 2683 μὲν
1168 2648 1248 2682 ἡμεῖς
1270 2647 1326 2674 τῶν
1352 2647 1495 2682 ἀμενηνῶν
1512 2647 1624 2682 ὀνείρων
1637 2647 1794 2682 προστετάγ-

1019 2694 1101 2729 μεθα·
1119 2695 1173 2725 τοῖς
1192 2702 1223 2727 γε
1239 2694 1292 2728 μὴν
1304 2693 1357 2719 τῶν
1370 2694 1516 2728 δαιμονίων
1532 2693 1713 2728 θεραπευταῖς
1725 2693 1793 2719 ταυτὶ

1019 2739 1065 2766 καὶ
1088 2739 1164 2773 φίλα,
1182 2740 1229 2765 καὶ
1248 2741 1277 2766 ἐν
1304 2739 1415 2774 σπουδῇ,
1435 2739 1480 2765 καὶ
1502 2738 1549 2765 τοῦ
1573 2737 1674 2769 παντὸς
1692 2738 1793 2772 ἠξίωται

218 2834 243 2850 ³⁸
261 2836 325 2870 διψ.
345 2843 385 2869 nt,
406 2835 433 2867 5,
451 2834 476 2861 4.
517 2834 538 2849 ⁸¹
559 2834 623 2866 Luc.
644 2841 688 2866 xx,
706 2833 749 2860 58.
787 2833 810 2849 ⁸³
827 2833 878 2859 lsa.
896 2838 958 2864 ur,

1039 2830 1061 2846 ⁵³
1077 2829 1155 2857 Deut.
1171 2837 1231 2863 λιιι,
1254 2831 1311 2857 1-5.
