1894 3056
77 163 154 190 1029
649 162 788 191 CONTRA
806 164 873 192 JULl

930 165 980 194 UM
1000 166 1063 194 LIB.
1085 168 1119 196 Χ.
1647 169 1714 196 1050

81 222 265 257 Ἀφροδίτης
287 222 365 257 ιερῷ,
384 222 517 256 Κινύραν
541 230 572 248 τε
589 222 637 249 καὶ
655 223 726 255 τοὺς
745 223 873 257 Κινύρου

930 232 1096 252 mortuorum
1116 226 1217 253 loculos
1235 234 1295 253 esse
1312 227 1465 258 credentes,
1483 235 1541 256 riunt
1560 226 1617 253 loca
1636 234 1712 253 sacra

73 268 253 303 ἀπογόνους
272 268 481 302 κεκηδεῦσθαι.
510 265 573 304 Ἆρ’
591 265 638 294 οὖν
653 268 694 294 ἑτι
720 268 870 304 τολμήσετε

930 271 1107 298 existimatis?
1130 271 1183 297 Sed
1209 279 1258 298 nos
1282 271 1404 298 Julianus
1428 275 1539 298 accusat
1564 275 1712 305 praeterea.

73 315 184 349 ¹τάφους
205 315 271 349 ἡμῖν
289 313 428 345 ὀνειδίζειν
451 314 498 340 καὶ
519 314 646 349 νεκρούς;
671 314 688 350 ἢ
716 314 870 341 συστελεῖτε

930 321 1052 349 tanquam
1069 316 1163 351 legalia
1182 322 1314 351 praecepta
1333 317 1586 350 couleinpseriinus.
1604 320 1631 342 et
1649 315 1687 340 ait
1705 323 1711 340 :

73 360 125 386 τδν
140 360 247 394 γέλωτα
259 361 313 392 τοῖς
332 359 437 386 ἑαυτῶν
473 359 544 392 θεοῖς
577 359 721 387 τεθνεῶσιν
755 361 1009 395 ὲπιστυγνάζοντες,
1044 362 1090 388 καὶ
1132 361 1218 397 θήκας
1243 361 1312 389 εἶναι
1341 362 1445 397 νεκρῶν
1465 361 1648 391 πιστεύοντες,
1667 358 1714 390 οὓς

76 407 172 442 ἱεροὺς
187 404 311 442 νομίζετε
344 404 466 441 χώρουςς
491 406 628 441 Γράφεται
647 405 676 432 δὲ
699 405 891 441 πρδς”τούτοις
927 407 1001 442 ἡμᾶς
1025 406 1129 440 ὼςιτῶν
1159 407 1279 442 νομικῶν
1311 407 1496 443 ἀλογήσαντας
1526 405 1712 442 ἐνταλμάτων,

75 453 130 479 καὶ
145 452 178 488 δὴ
193 452 242 479 καί
253 460 340 487 φησιν
352 460 360 468 ·

377 508 572 535 ΙΟΥΛΙΑΝΟΣ.

121 564 218 599 Ὑμεῖς
235 564 263 591 δὲ
275 564 294 592 ἃ
306 564 356 600 μὲν
374 564 390 591 ό
405 564 472 596 Θεὸς
487 564 517 596 ἐξ
534 563 623 599 ἀρχῆς
640 563 806 596 ἐϐδελύξατο
822 565 870 592 καὶ¹

74 610 123 636 διὰ
153 610 276 641 Μωσέως
310 611 358 637 καὶ
392 610 447 637 τῶν
477 610 638 645 Προφητῶν,
677 610 868 645 ἐπιτηδεύετε’

76 655 232 690 προσάγειν
245 654 275 681 δὲ
290 655 376 690 ἱερεῖα
390 654 473 690 βωμῷ
494 654 540 680 καὶ
556 653 630 680 θύειν
649 655 846 689 παρῃτήσασθε
861 663 868 670 ·

79 700 144 737 Πῦρ
158 702 223 736 γὰρ,
249 701 342 736 φησὶν,
364 701 395 727 οὐ
418 701 550 732 κάτεισιν,
566 699 661 735 ῶσπερ
674 700 721 726 ἐπὶ
738 701 871 732 Μωσέως,

76 747 131 779 τὰς
159 747 255 779 θυσίας
278 746 436 773 ἀναλίσκον.
462 746 554 779 ’Ἀπαξ
583 746 662 773 τοῦτο
679 747 724 773 ἐπὶ
751 745 873 777 Μωσέως

78 793 203 827 ἐγένετο,
220 792 269 820 καὶ
293 792 341 818 ἐπὶ
360 791 452 819 Ἦλίου
475 792 522 818 τοῦ
538 791 669 818 Θεσϐίτου
688 792 780 822 πάλιν.
805 791 874 827 μετὰ

79 839 200 871 πολλοὺς
230 838 352 874 χρόνους.
381 837 458 864 Ἐπεὶ
487 838 529 864 ὅτι
560 845 592 872 γε
627 837 684 873 πῦρ
712 838 873 864 ἐπείσακτον

78 885 167 916 αὐτὸς
204 885 219 911 ὁ
259 883 362 919 Μωσῆς
396 882 535 919 είσφέρειν
568 883 654 909 οῐεται
683 885 793 919 χρῆναι,
827 883 874 910 καὶ

86 930 216 966 ’Δϐραάμ
229 930 243 956 ὁ
257 929 432 965 πατριάρχης
447 928 487 955 ἔτι
503 929 557 965 πρὸ
572 929 679 961 τούτου,
703 928 816 964 δηλώσω
830 929 875 956 διὰ

80 976 218 1013 βραχέων.
522 985 527 989 ”

124 1022 386 1059 ’Δπομνημονεύσας
401 1022 429 1048 δὲ
452 1023 502 1057 τῆς
520 1022 566 1048 ἐπί
582 1030 614 1056 γε
628 1021 667 1057 τῷ
688 1021 781 1049 Ἰσαὰκ
801 1022 874 1048 ἱστο-

84 1069 157 1105 ρίας.
174 1069 281 1104 δέχεται
308 1068 390 1095 πάλιν
407 1068 448 1100 εἰς
465 1067 642 1104 παράδειγμα
660 1068 724 1099 τοὺς
740 1067 812 1102 ἀμφὶ
828 1067 875 1094 τὸν

84 1112 179 1145 Ἅϐελ,
198 1113 246 1139 καὶ
260 1112 292 1148 δὴ
311 1113 359 1139 καί
383 1120 477 1148 φησιν,
495 1113 532 1143 ὡς
548 1113 667 1140 κάκεῖνοι
687 1112 806 1144 θύοντες,
824 1113 875 1139 οὐκ

82 1158 115 1192 ὲξ
130 1157 244 1194 οὐρανοῦ
265 1158 365 1194 μᾶλλον
382 1159 515 1193 ἐσχήκασι
535 1157 600 1194 πῦρ,
612 1158 669 1184 ἀλλ’
685 1157 783 1191 ἔξωθεν
799 1158 875 1184 αὐτοὶ

82 1203 316 1239 προσεκομίζοντο
333 1205 390 1236 τοῖς
404 1204 516 1239 βωμοῖς.
532 1204 760 1241 Πολυπραγμονεῖ
770 1205 799 1231 δὲ
806 1205 874 1240 πρὸς

83 1248 184 1284 τούτῳ,
201 1249 243 1280 τίς
257 1250 271 1275 ὁ
288 1250 332 1276 ἐπ’
352 1250 455 1284 ἀμφοῖν
476 1250 535 1275 ἐστι
556 1249 648 1284 λόγος·
673 1249 723 1286 τὴν
749 1249 799 1284 μὲν
820 1250 874 1285 γὰρ

84 1295 134 1322 τοῦ
148 1295 232 1322 ’Ἅϐελ
258 1296 352 1322 θυσίαν
368 1296 474 1322 ἐπαινεῖ
490 1295 565 1328 Θεὸς.
582 1295 771 1332 ἀπαράδεκτον
782 1296 811 1323 δὲ
825 1296 875 1331 τὴν

85 1341 134 1367 τοῦ
147 1341 217 1368 Κάῖν
233 1341 391 1376 ἐποιήσατο·
421 1341 468 1367 καὶ
489 1341 529 1368 ὅτι
546 1341 579 1368 ἂν
599 1341 684 1368 ἕλοιτο
700 1341 798 1378 δηλοῦν
821 1342 851 1368 τό
865 1349 873 1357 ⁸

89 1395 99 1412 ε
110 1387 168 1413 οὐκ
187 1387 221 1414 ἂν
231 1386 320 1422 ὀρθῶς
334 1387 533 1424 προσενέγκῃς,
556 1387 644 1423 ὀρθῶς
661 1387 689 1414 δὲ
710 1387 748 1423 μὴ
773 1387 873 1424 διέλῃς,

84 1434 224 1469 ἡμαρτεςς
239 1433 403 1469 ἡσύχασον.»
418 1434 552 1470 Πειρᾶται
567 1433 597 1460 δὲ
608 1433 686 1468 λόγον
695 1434 875 1470 ἐφαρμόττειν

85 1478 187 1504 ’τοιόνδε
197 1478 259 1505 τινὰ
270 1480 327 1510 τοῖς
349 1478 535 1515 θεωρήμασιν.
555 1480 641 1507 Ζῶντι
659 1479 724 1517 γὰρ,
745 1480 822 1516 φησὶ,
837 1480 875 1516 τῷ

85 1525 146 1561 θεῷ
175 1524 366 1561 θυμηρεστέρα
391 1525 501 1558 πάντως
517 1527 534 1562 ἡ
549 1525 594 1553 διὰ
615 1525 692 1558 ζώων
715 1527 774 1553 ἐστὶ
794 1525 875 1553 θυσία
889 1531 911 1562 c

85 1571 135 1606 τῆς
148 1570 177 1604 ἐξ
191 1570 304 1607 ὼρίμων
318 1571 367 1598 καὶ
384 1571 439 1598 ἀπὸ
457 1572 520 1607 γῆς.

386 1627 572 1657 ΚΥΡΙΛΛΟΣ.

129 1683 174 1710 Ἐν
192 1683 297 1715 τούτοις
315 1683 365 1718 μὲν
389 1681 436 1711 οὖν
462 1684 476 1710 ὁ
496 1684 607 1720 σύμπας
626 1685 700 1722 αὐτῷ
733 1686 876 1722 διαπεραί-

88 1737 164 1756 νεται
192 1728 282 1763 λόγος.
317 1730 499 1765 Μακρηγορεῖ
524 1731 578 1766 γὰρ
600 1731 671 1766 εἰκῆ,
700 1731 876 1768 βραχυλογεῦ

88 1774 315 1810 ὑπισχνούμενος,
337 1775 380 1802 ῐνα
409 1776 538 1811 φαίνηται
564 1777 689 1812 πανταχῆ
713 1778 798 1813 μισῶν
827 1778 876 1814 τὴν

87 1820 226 1856 ἀλήθειαν.
247 1821 321 1856 ἡμᾶς
344 1821 393 1856 μὲν
412 1821 466 1856 γὰρ
492 1821 552 1848 κατ’
581 1822 676 1849 οὐδένα
697 1823 796 1859 τρόπον
820 1825 875 1856 τοῖς

87 1866 171 1898 θείοις
184 1866 316 1902 νεύμασιν
331 1866 528 1901 ἀντεξάγοντας
543 1867 592 1894 ἴδοι
607 1877 649 1899 τις
664 1868 706 1895 ἄν.
718 1868 835 1905 Εἴκομεν
847 1870 875 1896 δὲ

86 1913 144 1943 τοῖς
165 1911 209 1938 διὰ
238 1911 372 1943 Μωσέως,
404 1913 596 1947 πνευματικῶς
630 1913 796 1949 πληροῦντες
829 1915 876 1942 τὸν

87 1958 180 1993 νόμον,
189 1958 236 1985 καὶ
246 1959 302 1989 τοῖς
317 1958 360 1985 διὰ
372 1958 426 1985 τῶν
441 1959 527 1993 ἁγίων
549 1960 698 1995 προφητῶν
716 1960 875 1996 κηρύγμασι

87 2003 345 2039 πηδαλιουχούμεθα
364 2004 433 2039 πρός
442 2013 474 2038 γε
489 2005 520 2031 τὸ
531 2004 585 2031 δεῖν
600 2005 699 2032 εἰδέναι
720 2006 750 2032 τὺ
766 2006 874 2042 ἀληθὲς,

87 2049 136 2075 καὶ
146 2049 177 2075 τὺ
192 2049 349 2084 ἀμωμήτως
361 2049 422 2084 ἕχον
435 2050 475 2080 εἱς
490 2050 591 2084 γνῶσιν
605 2051 659 2077 τῶν
681 2052 760 2087 ἱερῶν
773 2052 876 2087 δογμά-

86 2104 152 2123 των.
172 2095 281 2131 Ἐπειδὴ
291 2095 319 2122 δέ
335 2103 426 2131 φησιν,
439 2096 476 2127 ὼς
498 2097 717 2124 ἀπεσπούδασται
730 2098 794 2133 παρ’
809 2099 876 2134 ἡμῖν

86 2141 117 2167 τὸ
142 2142 203 2172 ταῖς
232 2140 266 2168 δι’
283 2141 406 2176 αἱμάτων
424 2141 576 2177 κεχρῆσθαι
604 2142 720 2174 θυσίαις,
739 2142 823 2170 οἴεται
845 2143 874 2170 δὲ

88 2188 153 2218 ἴσως
173 2187 222 2222 τῆς
245 2187 376 2222 τοιαύτης
392 2188 466 2222 ἡμᾶς
491 2188 664 2222 ἀπεσχῆσθαι
680 2188 816 2224 λατρείας,
833 2190 875 2215 ὅτι

89 2231 127 2267 μὴ
143 2231 199 2266 πῦρ
217 2231 341 2258 κάτεισιν
356 2232 386 2264 ἐξ
399 2232 524 2267 ούρανοῦ,
549 2233 640 2267 φαμὲν
660 2233 826 2266 ἀναγκαίως,
838 2233 876 2265 ῶς

87 2277 220 2312 διήμαρτε
237 2276 381 2312 τάληθοῦς.
413 2277 633 2313 Ἀνεπιτήδευτον
650 2278 703 2313 γὰρ
723 2279 753 2305 τὸ
780 2279 877 2313 βουθυο

86 2323 143 2349 τεῖν
158 2322 326 2358 ἐσχήκαμεν,
349 2322 399 2349 οὐκ
413 2323 474 2348 ἐπεί
486 2332 528 2349 τοι
547 2323 603 2358 πῦρ
620 2324 650 2350 ού
671 2324 782 2359 καθίησι
798 2324 875 2357 Θεὸς,

87 2368 144 2396 ἀλλ’
161 2369 202 2395 ὅτι
215 2368 269 2394 τῶν
291 2369 321 2395 ὲν
340 2369 436 2401 τύποις
461 2369 508 2396 καὶ
533 2370 623 2402 σκιαῖς
651 2371 876 2406 μετοικισθέντων

88 2415 128 2446 είς
141 2413 281 2449 ἀλήθειαν,
304 2413 353 2450 τὴν
379 2416 568 2450 πνευματικήν
594 2416 639 2442 καὶ
655 2416 769 2452 ἄμωμον
783 2417 874 2443 καθιε-

90 2459 152 2495 ροῦν
172 2459 300 2494 λατρείαν
311 2460 350 2495 τῷ
365 2461 412 2486 ἐπὶ
428 2461 533 2492 πάντας
552 2460 611 2496 Θεῷ
637 2462 873 2498 προστετάγμεθα.

90 2517 100 2533 ι
117 2507 229 2542 Πνεῦμα
251 2507 317 2542 γὰρ,
347 2507 557 2543 φησὶν,όΘεδς,
586 2508 633 2534 καὶ
663 2509 726 2539 τοὺς
754 2517 874 2543 προσκυ-

87 2553 200 2585 νοῦντας
218 2553 300 2580 αὐτὸν
325 2555 355 2580 ἐν
387 2553 523 2589 πνεύματι
544 2554 590 2580 καὶ
613 2553 726 2590 ἀληθείᾳ
738 2554 778 2580 δεῖ
790 2563 874 2590 προσ-

88 2600 189 2626 κυνεῖν.
206 2608 216 2624 ι
230 2599 312 2625 Ἶστω
325 2607 358 2633 γε
377 2598 431 2634 μὴν
442 2598 484 2625 ὅτι
496 2597 544 2624 τοῦ
559 2598 630 2625 κατά
643 2598 761 2634 Χριστὸν
771 2607 875 2635 μυστη-

89 2647 146 2681 ρίου
156 2645 384 2681 προαναφώνησις
400 2643 434 2681 ἦν
449 2645 480 2672 τὸ
497 2644 657 2672 καθικέσθαι
670 2644 700 2671 τὸ
714 2645 769 2681 πῦρ
784 2645 829 2671 ἐπὶ
840 2644 875 2671 τὰ

88 2691 146 2718 θεῖα
177 2689 369 2726 θυσιαστήρια,
409 2690 550 2722 καθιέντος
578 2690 644 2717 αὐτὸ
672 2690 793 2726 δηλονότι
825 2690 873 2716 τοῦ

88 2737 196 2764 πάντων
213 2735 405 2772 ἀριστοτέχνου
421 2735 501 2767 Θεοῦ,
514 2736 562 2762 καὶ
574 2735 618 2762 διά
632 2735 687 2762 τῶν
700 2735 729 2761 ἐν
750 2735 874 2770 αἰσθήσει

89 2781 135 2809 καὶ
158 2779 265 2815 ὁρατῶν
288 2779 459 2816 πραγμάτων
479 2779 514 2806 τὰ
538 2779 608 2815 ὑπὲρ
637 2779 763 2815 αἴσθησίν
778 2788 807 2806 τε
828 2779 874 2806 καὶ

123 2869 147 2887 ⁸⁸
167 2868 235 2896 Gen.
255 2875 292 2903 Iv,
312 2868 327 2894 7
376 2868 399 2884 ⁸⁸
417 2867 494 2896 Joan.
511 2875 547 2899 iv,
565 2868 611 2895 24.

1228 509 1407 537 JULIANUS.

960 565 1012 592 Vos
1025 571 1114 593 autem
1128 574 1158 594 ea
1167 586 1174 598 ,
1186 574 1245 600 quae
1259 565 1327 592 Deus
1339 566 1371 592 ab
1385 565 1462 592 initio
1475 565 1582 599 quidem
1595 568 1637 591 est
1648 563 1712 591 abo-

923 612 1052 645 minatus,
1065 620 1124 638 cuiu
1140 620 1187 646 per
1200 611 1312 643 Mosein,
1326 617 1381 637 tum
1395 618 1443 645 per
1455 610 1611 644 prophetas,
1626 615 1712 636 sectu-

921 658 1004 690 niini;
1028 658 1075 684 sed
1100 658 1225 684 victimas
1250 657 1305 684 aris
1333 658 1478 683 admovere
1504 661 1530 682 et
1556 656 1714 682 sacriﬁcare

921 703 1057 737 defugilis.
1075 703 1146 736 Ignis
1164 703 1246 735 enim,
1266 703 1361 736 inquit,
1379 710 1430 728 non
1452 702 1601 731 descendit.
1620 707 1713 734 queui-

922 751 1066 777 admodum
1089 749 1171 776 Musis
1193 754 1323 783 teiupore,
1345 749 1389 782 qui
1412 747 1537 774 victimas
1561 752 1710 773 consumat.

923 795 1012 823 Semel
1030 796 1082 823 hoc
1098 796 1147 823 sub
1167 795 1240 822 blose
1259 795 1357 822 factum
1370 800 1420 824 est.
1438 799 1465 820 et
1478 794 1527 820 sub
1544 793 1600 820 Elia
1623 793 1710 820 'l‘hes-

924 842 980 870 bile
999 842 1111 874 iterum,
1130 842 1208 876 longo
1228 845 1288 875 post
1308 846 1438 873 tempore.
1458 841 1491 866 At
1524 839 1595 873 quod
1615 846 1711 872 aspor-

927 889 978 916 tari
996 888 1094 916 debere
1111 888 1230 914 alienum
1249 887 1336 921 ignem
1355 886 1442 912 Moses
1459 886 1596 916 crederet,
1615 888 1642 911 et
1655 883 1711 918 jam

924 938 988 961 ante
1010 934 1081 960 hunc
1099 933 1236 960 Abraham
1260 932 1423 966 patriarcha,
1445 931 1536 965 paucis
1558 929 1709 956 ostendam.

960 1024 1175 1052 Commemorata
1191 1031 1254 1049 vero
1270 1022 1353 1049 Isaaci
1371 1021 1494 1052 historia.
1511 1027 1605 1048 rursus
1619 1027 1712 1047 exeru-

925 1070 997 1105 pliim
1015 1069 1090 1097 all'ert
1106 1069 1212 1102 Abelis,
1230 1070 1321 1103 aitque
1340 1068 1415 1095 illiilli
1427 1088 1434 1100 ,
1452 1075 1513 1094 cuiu
1531 1066 1713 1097 sacriﬁcaret,

926 1124 977 1142 non
992 1116 1024 1142 ile
1038 1116 1107 1143 C(BIo
1123 1116 1211 1150 ignem
1227 1115 1366 1146 habuisse,
1384 1114 1430 1141 sed
1446 1113 1554 1140 aliunde
1570 1113 1625 1140 aris
1640 1113 1713 1140 iutu-

925 1163 997 1189 lisse.
1011 1162 1078 1189 Tum
1095 1162 1175 1188 anxie
1190 1165 1329 1188 scrutatur
1344 1167 1403 1194 QIIR‘
1418 1159 1454 1186 sit
1470 1159 1610 1185 amborum
1628 1159 1710 1186 ratio.

925 1208 1015 1236 Abelis
1032 1209 1104 1235 enim
1121 1207 1284 1234 sacriﬁcium
1302 1207 1398 1241 probat
1414 1205 1493 1235 Deus.
1510 1206 1556 1232 sed
1573 1205 1649 1232 Caini
1669 1214 1711 1232 rii-

925 1256 1040 1290 prohat;
1058 1259 1085 1281 et
1102 1255 1166 1289 quid
1184 1255 1234 1280 sibi
1253 1253 1319 1280 velit
1337 1253 1407 1279 istud
1428 1261 1434 1279 :
1457 1260 1466 1277 ι
1487 1250 1582 1278 Nonne
1600 1251 1622 1277 si
1642 1257 1714 1278 recte

925 1301 1035 1333 oﬂ'cras,
1058 1308 1110 1327 non
1137 1305 1211 1327 recte
1235 1304 1324 1326 autem
1351 1298 1466 1329 dividas,
1492 1297 1630 1332 peccasti?
1651 1297 1709 1332 qui-

924 1347 1030 1374 esce".
1054 1356 1064 1372 ι
1085 1346 1236 1372 Istiusmodi
1258 1350 1346 1371 autem
1366 1343 1446 1370 verba
1468 1349 1583 1370 conatur
1602 1350 1711 1370 accum-

926 1392 1034 1419 uiodare
1057 1390 1298 1426 speculationibus.
1322 1389 1425 1415 Viventi
1448 1389 1520 1415 enim
1545 1388 1598 1415 Deo
1620 1389 1713 1422 utique

925 1437 1101 1469 sacriﬁcium,
1121 1437 1223 1472 inquit,
1243 1435 1420 1463 animantium
1438 1436 1541 1469 gratius
1557 1439 1614 1466 est,
1631 1441 1711 1469 quani

925 1491 958 1510 ex
976 1488 1054 1510 terra:
1070 1483 1200 1517 I'rugilius.

1178 1627 1261 1665 31.4.
1279 1627 1459 1660 CYBILLUS.

962 1687 990 1715 lii
1007 1687 1050 1715 his
1066 1687 1156 1722 itaque
1174 1691 1227 1713 tota
1245 1685 1303 1720 ejus
1321 1686 1470 1713 absolvitur
1483 1685 1581 1714 oratio.
1592 1685 1712 1713 Verbose

925 1735 997 1761 enim
1014 1733 1115 1760 frustra
1131 1733 1266 1767 disputat,
1281 1739 1341 1758 cum
1357 1732 1465 1759 brevem
1480 1739 1509 1758 se
1522 1731 1582 1759 fore
1596 1733 1710 1767 promit-

926 1784 965 1807 tat
978 1788 985 1806 :
1000 1783 1029 1805 ut
1041 1783 1179 1813 appareat,
1193 1777 1293 1812 ubique
1304 1777 1445 1804 veritatem
1458 1777 1557 1804 odisse.
1573 1776 1627 1804 Nos
1638 1778 1710 1804 enim

926 1824 1037 1851 nutibus
1049 1823 1149 1850 divinis
1161 1823 1273 1849 minime
1286 1829 1452 1857 repugnare,
1464 1830 1544 1849 nemo
1557 1830 1610 1850 non
1622 1823 1711 1849 anim-

925 1869 1083 1897 adverterit.
1113 1869 1241 1895 Paremus
1274 1874 1363 1895 autem
1395 1868 1538 1902 praeceptis
1568 1867 1711 1897 Mosaicis.

925 1915 1011 1951 legem
1031 1914 1188 1949 spiritaliter
1204 1914 1357 1948 implentes,
1377 1919 1405 1941 et
1421 1906 1576 1941 sanctorum
1594 1914 1710 1948 prophe<

926 1966 1013 1988 tarum
1030 1959 1171 1995 praeconiis
1184 1959 1217 1985 ad
1231 1959 1352 1986 veritatis
1368 1958 1490 1985 notitiam
1505 1963 1532 1985 et
1547 1958 1710 1993 inculpataui

926 2014 1065 2035 Sacrorum
1087 2007 1239 2040 doginatum
1261 2005 1442 2039 cognitionem
1465 2005 1617 2039 dirigimur.
1635 2005 1710 2038 Quod

927 2058 1018 2080 autem
1035 2053 1088 2084 ait,
1107 2059 1156 2078 nos
1173 2056 1345 2078 cruentornm
1362 2051 1557 2078 sacriﬁciorum
1575 2059 1651 2079 usum
1667 2059 1711 2078 re-

925 2099 1061 2133 pudiasse,
1076 2104 1177 2131 nosque
1192 2095 1226 2123 ab
1239 2103 1270 2122 eo
1284 2096 1357 2123 cultu
1376 2096 1466 2123 forsan
1482 2097 1647 2123 abstinuisse
1662 2104 1711 2130 pii-

927 2149 978 2177 tat,
996 2142 1121 2178 quoniam
1138 2142 1207 2177 ignis
1223 2141 1331 2169 coalitus
1346 2149 1398 2168 non
1413 2141 1569 2174 descendit;
1588 2149 1712 2168 necessa-

927 2191 968 2217 rio
986 2189 1100 2216 dicimus
1122 2187 1196 2214 illum
1218 2195 1233 2213 a
1252 2194 1317 2214 vero
1338 2186 1476 2213 aberrare.
1495 2187 1515 2213 Α
1538 2187 1621 2214 bobus
1640 2187 1710 2214 enim

927 2234 1098 2263 iininolandis
1115 2233 1278 2265 destitimus,
1298 2240 1349 2260 non
1368 2237 1444 2259 certe
1462 2234 1532 2267 quod
1551 2233 1638 2267 ignem
1658 2240 1711 2260 non

927 2281 1051 2308 demittat
1066 2279 1146 2311 Deus,
1161 2279 1206 2306 sed
1224 2278 1305 2312 quod,
1319 2286 1379 2304 cum
1395 2278 1450 2312 typi
1466 2282 1491 2304 et
1507 2278 1608 2304 umbra:
1622 2277 1654 2304 ad
1667 2286 1712 2305 ve-

925 2327 1032 2354 ritatem
1053 2325 1183 2352 traducta:
1200 2324 1264 2355 sint,
1282 2323 1384 2350 cultum
1402 2322 1553 2357 spiritalem
1570 2327 1597 2349 et
1615 2323 1712 2349 imma-

927 2372 1043 2399 culatum
1061 2377 1187 2404 supremo
1202 2370 1321 2396 omnium
1339 2369 1393 2396 Da-o
1409 2375 1569 2403 consecrare
1583 2368 1650 2404 jiissi
1667 2377 1712 2395 su-

927 2425 998 2444 nins.
1020 2425 1029 2442 ι
1053 2416 1168 2451 Spiritus
1183 2416 1255 2442 enim
1275 2419 1316 2442 est
1335 2414 1419 2447 Deus,
1439 2413 1542 2448 inquit,
1560 2419 1652 2444 eteos
1667 2416 1712 2449 qui

929 2464 1042 2490 adorant
1067 2470 1147 2493 eum,
1172 2462 1198 2488 in
1224 2462 1320 2495 spiritu
1346 2464 1372 2487 ιιι
1397 2459 1510 2487 veritate
1533 2464 1640 2493 oportet
1665 2461 1713 2485 rid-

927 2509 1046 2536 orare".
1070 2517 1078 2534 ι
1100 2507 1174 2534 Sciat
1199 2512 1304 2538 tamen,
1324 2505 1424 2533 Christi
1450 2504 1607 2540 mysterium
1631 2503 1714 2531 [uissue

927 2555 1082 2589 praedictum
1101 2553 1128 2580 iu
1148 2560 1197 2583 eo,
1215 2552 1286 2587 quod
1307 2551 1375 2586 ignis
1393 2551 1420 2578 in
1441 2550 1535 2578 altaria
1558 2550 1646 2577 divina
1666 2550 1714 2576 de-

927 2599 1073 2630 scenderit,
1090 2598 1164 2625 illum
1177 2597 1340 2634 demittente
1354 2596 1479 2623 videlicet
1493 2595 1594 2630 optimo
1610 2594 1654 2621 illo
1670 2602 1712 2620 re-

927 2653 985 2671 rum
1005 2644 1125 2671 omnium
1145 2643 1241 2678 opiﬁce
1259 2643 1329 2675 Deo,
1347 2647 1374 2669 et
1392 2649 1440 2676 per
1458 2648 1502 2668 res
1523 2639 1664 2668 sensibiles
1681 2647 1713 2666 ac

911 2717 915 2719 _
926 2689 1045 2717 visibiles
1055 2697 1114 2722 eas,
1124 2696 1184 2723 qure
1196 2689 1221 2716 in
1234 2695 1343 2715 sensum
1356 2695 1408 2715 non
1421 2687 1521 2714 cadunt
1532 2691 1613 2721 alque
1624 2685 1713 2712 animo

926 2735 1120 2770 percipiuntur,
1136 2734 1306 2762 eﬂ‘ormanle.
1323 2733 1391 2760 Cum
1410 2733 1482 2760 enim
1499 2732 1533 2760 ab
1549 2732 1652 2767 optimo
1667 2731 1713 2758 lllu

926 2781 1017 2816 Moyse
1028 2781 1175 2809 excitatum
1188 2779 1284 2808 fuisset
1296 2780 1322 2807 in
1335 2778 1481 2807 solitudine
1495 2777 1709 2807 tabernaculum,
