1894 3056
191 158 256 185 1031

723 153 753 182 S.
773 151 912 182 CYRIHJ
932 152 1165 181 ALEXANDRINI
1186 151 1345 180 ARCHIEP.

1762 146 1823 175 103‘.

189 218 279 252 ignem
293 215 367 244 dedit
383 216 464 247 Deus,
480 215 638 250 pervigilem
653 223 718 244 vero
733 222 761 244 et
776 222 934 252 perpetuum
951 217 984 244 il-

1046 216 1117 252 ιοητὰ
1133 215 1353 246 διαπλάττοντος.
1382 211 1587 250 Ἐγηγερμένης
1614 211 1664 247 μὲν
1680 203 1738 245 γὰρ
1761 210 1825 236 κατὰ

189 263 243 289 lum
255 270 315 290 esse
325 261 404 296 jussit
413 262 434 277 ⁵⁷
449 270 456 288 :
469 261 592 296 quinitno
604 263 740 297 proposita
754 270 833 298 pt’ena
847 263 981 290 sancitum

189 318 219 334 :Il‘.
235 309 346 335 vetitum
365 313 422 338 est.
441 316 473 335 tte
489 309 553 342 quis
570 309 688 336 alienum
705 310 795 343 ignem
814 310 982 342 importatet.

190 354 246 381 llae
263 354 336 381 enim
354 355 388 381 de
406 362 487 381 causa
507 355 645 389 perierunt
669 356 715 382 lilii
734 355 836 382 Aaron.
858 353 926 386 Sed,
947 354 983 380 ttti

191 401 258 432 dixi,
273 400 377 427 Christi
395 401 515 435 mysterii
533 401 586 427 vim
606 401 707 428 umbrae
723 401 886 436 parturiunt.
902 400 984 426 Deum

190 446 263 472 enim
285 446 310 472 itt
333 446 423 479 spei-ie
447 447 515 480 ignis
538 446 678 480 Scriptura
699 454 776 474 sacra
798 445 855 473 fere
874 445 983 480 accipit.

192 491 238 518 Sic
252 491 324 519 enim
342 492 427 524 ipsum
442 492 529 518 visum
547 499 609 519 esse
625 492 663 519 ait
679 492 741 519 ﬁliis
754 492 836 519 lsrael
852 492 878 518 in
895 496 987 518 tnonte

193 535 269 564 Sina.
292 535 386 570 Itaque
409 537 454 563 ille
478 537 572 564 altaris
602 537 672 571 ignis
697 538 813 565 eximius
836 541 915 569 eral,
937 545 986 564 nec

193 591 253 609 rum
272 582 324 609 alio
343 583 447 611 misttts.
466 583 550 609 Alteri
571 583 644 610 enim
667 583 720 610 Deo
739 583 911 610 adnumerari
933 591 985 610 non

194 633 282 662 potest
304 627 373 654 Deus
391 628 479 660 solus,
499 635 530 655 ac
550 629 698 655 secundum
718 634 844 656 naturam
863 629 907 656 ille
925 636 985 656 out-

196 674 269 700 nitttn
294 681 445 707 supremus.
471 674 536 700 Nam
562 675 696 708 quomodo
722 682 830 702 sacrum
857 683 889 702 ac
915 675 985 702 divi-

197 727 260 746 num
290 719 492 746 tabernaculum
521 719 650 747 violaSset
678 721 758 748 alieni
786 721 856 756 ignis
883 721 986 755 impor-

197 768 273 798 latio.
298 767 349 794 nisi
377 767 466 794 forsan
491 768 634 795 existimes
660 769 743 803 quod,
765 769 788 796 si
816 770 921 796 alienus
947 769 989 797 itt-

197 814 324 846 fcrretur,
353 818 431 850 typus
459 814 598 840 nociturus
626 819 698 841 esset
722 814 850 846 veritati.
877 823 930 842 non
956 822 988 842 eo

198 861 287 892 modo,
302 867 355 894 quo
371 867 419 894 par
430 864 481 890 est.
497 859 569 886 illam
585 860 754 894 exprimens;
769 860 902 895 siquidem
919 868 988 888 unus

1034 263 1084 298 τὴν
1107 262 1209 298 ἔρημον
1228 261 1278 296 τῆς
1294 261 1374 294 ἁγίας
1390 259 1493 294 σκηνῆς
1518 258 1570 286 ὑπὸ
1590 257 1638 284 τοῦ
1658 256 1825 291 παναρίστηο

1034 309 1167 342 Μωσέως,
1186 309 1217 335 τὸ
1235 300 1290 343 πῦρ
1310 307 1395 334 ἐδίδου
1409 307 1486 338 Θεὸς,
1503 304 1710 332 ἀκατεύναστον
1733 303 1764 329 δὲ
1784 302 1828 328 καὶ

1034 355 1156 390 διηνεκὲς
1182 352 1251 381 εἶναι
1278 353 1462 388 προστέταχεν
1475 361 1483 368 ·
1508 352 1643 386 ἀπείρητο
1667 350 1696 377 δὲ
1716 347 1828 384 μᾶλλον,

1035 402 1084 429 καὶ
1114 400 1179 437 Θέίῳ
1212 401 1287 436 νόμῳ
1313 399 1476 427 ὲκεκόλαστο
1502 398 1533 424 τὺ
1557 397 1745 431 ὲπεισφρῆσαι
1776 393 1830 429 πῦρ

1036 447 1187 482 ἀλλότριον.
1201 447 1347 474 Διο).ώλασι
1361 446 1416 480 γὰρ
1428 445 1514 476 οὓτως
1526 444 1550 470 οἱ
1564 443 1662 478 φύντες
1674 439 1830 475 ὲξἈαρών.

1038 493 1122 528 Πλὴν,
1135 492 1173 524 ὡς
1188 493 1267 528 ἔφην,
1291 492 1338 518 τοῦ
1368 490 1440 518 κατὰ
1462 489 1581 524 Χριστὸν
1604 487 1760 524 μυστηρίου
1784 484 1831 518 τὴν
1850 497 1854 499 -

1037 539 1151 574 δύναμιν
1164 538 1304 565 ὼδίνουσιν
1317 538 1345 564 αί
1358 537 1440 563 σκιαί.
1468 536 1513 563 ‘Ev
1528 535 1594 561 εῖδει
1610 534 1663 568 γὰρ
1677 533 1728 559 τοῦ
1746 530 1832 566 πυρὸς

1037 585 1144 620 δέχεταί
1170 593 1229 616 πως
1252 584 1295 612 ἀεὶ
1322 584 1352 610 τὸ
1380 583 1451 609 θεῖον
1479 582 1510 608 τὸ
1537 581 1657 616 Γράμμα
1687 579 1718 605 τὸ
1750 577 1832 612 ἱερόν.

1038 628 1140 664 Ὦφθαι
1155 630 1210 664 γὰρ
1226 629 1297 656 οὕτω
1313 629 1396 664 φησὶν
1415 628 1496 655 αὑτὸν
1508 628 1563 658 τοῖς
1582 627 1650 657 υἱοῖς
1668 623 1782 658 Ἰσραὴλ
1805 623 1834 648 ἐν

1038 675 1076 711 τῷ
1096 676 1155 711 ὄρει
1183 676 1258 702 Σινᾶ.
1280 675 1426 710 Ἐκκριτον
1440 672 1487 701 οὖν
1504 673 1551 700 καὶ
1565 671 1664 708 ἀμιγὲς
1683 670 1772 704 ἑτέρῳ
1785 668 1833 695 τοῦ

1040 720 1236 756 θυσιαστηρίου
1252 721 1283 748 τὸ
1306 720 1373 756 πῦρ.
1396 719 1631 755 ’Δσυναρίομητος
1661 717 1716 751 γὰρ
1745 715 1834 749 ὲτὲρῳ

1039 767 1100 802 Θεῷ
1115 767 1181 800 Θεὸς
1196 766 1235 794 ὣν
1252 767 1342 802 μόνος,
1361 766 1408 792 καὶ
1425 765 1496 792 κατὰ
1516 764 1598 799 φύσιν
1618 764 1632 790 ὁ
1650 763 1764 789 πάντων
1787 762 1836 787 ἐπα

1041 813 1143 841 ἐκείνας
1167 813 1244 840 Ἐπεὶ
1271 812 1343 840 κατὰ
1364 812 1425 838 τίνα
1449 811 1548 847 τρόπον
1574 810 1706 845 ἠδίκησεν
1724 808 1760 835 ἂν
1785 808 1835 842 τὴν

1040 861 1120 895 ἱεράν
1135 867 1166 886 τε
1179 859 1227 885 καὶ¹
1241 857 1317 884 θείαν
1335 857 1438 892 σκηνὴν
1460 857 1491 883 τὸ
1513 857 1561 883 καὶ
1584 855 1685 888 ἔξωθεν
1707 855 1731 881 εἰ
1758 853 1836 888 τύχοι

197 911 239 933 est
253 910 347 933 natura
357 925 365 936 ,
379 913 411 932 ac
426 912 490 932 vere
506 906 592 938 Deus,
609 906 688 940 eique
704 906 794 934 nullus
809 908 889 940 plane
903 907 989 933 adnu-

1046 907 1097 936 τοῖς
1108 904 1228 940 θύμασιν
1241 902 1362 930 ἐνίεσθαι
1376 903 1406 928 τὸ
1419 903 1519 937 πῦρ,εί
1536 901 1574 937 μὴ
1590 901 1645 936 ἄρα
1659 909 1719 930 πως
1730 898 1837 926 διενθυ-

199 956 331 985 tneratur,
347 950 428 986 3&5
451 951 630 986 quiprofecto
656 951 748 979 verius
773 951 987 984 tabernaculum,

200 998 252 1025 hoc
276 1003 318 1025 est
348 997 494 1025 Ecclesia!!!
522 997 579 1025 lttce
604 999 717 1033 spiritali
744 998 896 1032 cullustrat,
909 1003 935 1025 et
956 998 990 1026 al)

198 1044 324 1071 omnibus
340 1051 447 1078 quoque
475 1044 618 1072 rationales
641 1045 742 1072 hostias
760 1045 846 1071 libens
880 1046 988 1080 accipit.

199 1089 275 1116 Alius
296 1090 388 1124 itaque
411 1089 445 1116 ab
468 1090 527 1123 ipso
555 1089 643 1116 nullus
656 1090 827 1124 concipiatur
845 1090 926 1123 Deus,
942 1090 990 1118 sed

199 1134 340 1169 rejiciatur
356 1143 369 1161 a
385 1135 463 1162 nobis
479 1135 554 1162 velut
571 1135 641 1170 ignis
655 1135 770 1162 alienus.
782 1135 840 1162 Alia
858 1137 931 1163 enint
947 1136 989 1163 di-

199 1181 319 1208 vinitatis
334 1186 428 1208 natura
445 1187 542 1216 praeter
554 1181 626 1208 illam
658 1189 718 1216 quae
732 1185 783 1212 est.
802 1189 856 1208 non
871 1182 989 1209 exsistit.

199 1225 300 1253 Eadem
319 1233 402 1259 porro
426 1227 459 1252 de
483 1226 637 1258 sacriﬁciis.
649 1234 709 1261 qute
725 1227 759 1253 ab
775 1225 831 1253 Elia
854 1228 989 1261 quondam

201 1272 270 1299 facta
295 1278 367 1303 sunt,
385 1273 454 1299 ratio
467 1273 558 1300 fuerit.
575 1273 665 1307 Ignem
691 1273 792 1308 quippe
816 1278 880 1300 tunc
907 1274 989 1300 etiam

200 1317 309 1344 demisit
334 1318 453 1344 universi
483 1319 569 1350 Dens,
591 1319 722 1352 propheta
747 1319 868 1354 mysterii
890 1319 991 1346 Christi

201 1367 293 1398 typum
313 1363 378 1390 olim
403 1364 578 1397 atlimplente.
596 1364 678 1398 lgitttr
704 1364 833 1398 qttoniam
850 1364 919 1399 ignis
938 1373 990 1391 nntt

203 1407 356 1438 descendit,
369 1407 403 1434 ab
425 1408 520 1435 ovibus
533 1408 705 1435 immolandis
728 1408 892 1435 desistimus.
908 1408 991 1436 Nobis

200 1454 271 1479 enim
285 1453 352 1480 satis
376 1458 418 1480 est
445 1461 492 1488 per
505 1461 548 1486 ea,
566 1461 626 1488 quae
646 1459 710 1481 tunc
734 1456 863 1489 tetnporis
879 1455 991 1488 ﬁebant,

200 1499 272 1526 velut
289 1499 315 1526 in
341 1499 443 1531 tabula,
460 1499 583 1526 veritatis
598 1499 790 1526 adumbratam
810 1500 991 1534 pulchritudi-

201 1552 262 1572 nem
281 1545 379 1571 meutis
397 1545 484 1571 oculis
500 1544 612 1572 intueri.
628 1545 820 1572 Sacrillcamus
836 1552 926 1572 autem
943 1553 991 1574 nos

1042 950 1117 986 μοῖτό
1141 958 1193 982 τις,
1211 949 1249 980 ὠς
1263 947 1557 983 εὶὲπεισκρίνοιτοπῦρ
1574 946 1727 981 ἀλλότριον,
1744 944 1838 979 ἀδική-

1040 1005 1112 1023 σειεν
1134 996 1167 1023 ἂν
1185 996 1200 1021 ό
1220 995 1304 1026 τύπος
1316 994 1365 1030 τὴν
1381 994 1522 1030 ἀλήθειαν,
1537 993 1571 1021 ,οὺ
1584 992 1646 1019 καθ’
1657 992 1686 1018 ὃν
1699 991 1838 1027 προσήκει

1039 1042 1140 1077 τρόπον
1153 1041 1312 1076 διαμορφῶν
1325 1040 1409 1075 αὑτήν
1419 1049 1427 1074 ;
1437 1040 1517 1075 εῐπερ
1530 1039 1603 1066 ἐστὶν
1616 1035 1656 1070 εἷς
1670 1037 1717 1064 καὶ
1729 1037 1813 1072 μόνος
1824 1037 1838 1062 ό

1042 1087 1124 1122 φύσει
1135 1087 1183 1114 καὶ
1197 1086 1306 1122 ἀληθῶς
1319 1086 1395 1118 Θεὸς,
1411 1084 1639 1120 ὲπαριθμεῖταιδὲ
1649 1083 1725 1118 αὐτῷ
1736 1090 1839 1108 παντε-

1040 1133 1094 1165 λῶς
1109 1134 1206 1165 οὐδεὶς,
1220 1133 1248 1165 ὃς
1263 1133 1295 1168 δὴ
1307 1133 1409 1168 σκηνὴν
1425 1133 1474 1166 τὴν
1489 1130 1684 1166 ἀληθεστέραν,
1709 1129 1838 1155 τουτέστι

1041 1180 1090 1214 τὴν
1113 1179 1276 1214 Ἐκκλησίαν
1290 1178 1377 1214 νοητῷ
1406 1177 1573 1212 καταυγάζει
1596 1176 1676 1211 φωτὶ,
1693 1174 1839 1211 προσίεται

1041 1225 1070 1252 δὲ
1093 1225 1140 1252 καὶ
1163 1225 1212 1257 τὰς
1231 1225 1307 1260 παρὰ
1328 1225 1437 1251 πάντων
1455 1224 1548 1255 Θυσίας
1570 1222 1695 1257 λογικάς.
1721 1221 1837 1256 Ἕτερος

1041 1270 1087 1298 οὖν
1101 1271 1144 1298 ἐπ’
1161 1271 1236 1306 αὺτῷ
1256 1271 1322 1302 Θεὸς
1339 1271 1452 1298 νοείσθω
1475 1270 1578 1306 μηδεὶς,
1593 1267 1785 1296 ἀποσοὸείσθω
1810 1266 1838 1293 δὲ

1042 1317 1111 1352 πρὸς
1131 1316 1210 1351 ἡμῶν
1236 1317 1274 1347 ὡς
1298 1316 1354 1351 πῦρ
1377 1316 1527 1350 ἀλλότριον.
1555 1314 1653 1348 Ἐτέρα
1676 1313 1732 1348 γὰρ
1758 1313 1839 1346 φύσις

1043 1362 1169 1397 θεότητος
1190 1362 1266 1397 παρὰ
1281 1361 1330 1398 τὴν
1347 1359 1429 1388 οὖσαν
1449 1361 1499 1387 οὐκ
1513 1361 1586 1386 ἐστιν
1624 1360 1652 1386 '0
1668 1360 1751 1391 αὐτὸς
1772 1360 1793 1385 δ’
1807 1360 1838 1386 ἂν

1042 1409 1084 1443 εἴη
1097 1408 1175 1442 λόγος
1191 1409 1237 1435 καὶ
1249 1407 1295 1434 ὲπί
1310 1417 1342 1442 γε
1358 1409 1416 1440 τοῖς
1434 1407 1536 1443 θύμασι
1548 1408 1603 1438 τοῖς
1622 1406 1838 1442 προτεθυμένοις

1042 1452 1075 1479 δι’
1098 1452 1190 1479 Ἡλίου
1214 1452 1289 1479 ποτέ.
1314 1451 1411 1479 Καθίει
1436 1452 1490 1487 γὰρ
1507 1452 1538 1486 δὴ
1564 1451 1611 1477 καὶ
1626 1451 1687 1477 τότε
1704 1451 1734 1477 τὸ
1751 1451 1807 1483 πῦρ
1825 1451 1838 1476 ό

1042 1498 1096 1524 τῶν
1109 1497 1176 1524 ὅλων
1189 1497 1265 1529 Θεὸς,
1282 1497 1327 1523 τοῦ
1344 1498 1413 1524 κατὰ
1429 1497 1544 1533 Χριστὸν
1566 1496 1718 1531 μυστηρίου
1733 1497 1782 1522 τὸν
1795 1496 1839 1521 τύ-

1044 1553 1094 1569 πον
1126 1543 1355 1578 ἁποπεραίνοντος
1379 1542 1426 1569 τοῦ
1450 1544 1589 1578 προςήτου
1616 1543 1686 1569 κατὰ
1713 1542 1838 1575 καιρούς.

201 1591 280 1626 longe
303 1591 399 1618 melius
419 1599 500 1623 nunc,
518 1599 598 1625 quam
621 1591 657 1618 illi
678 1592 827 1626 quondam.
845 1593 991 1619 Desrendit

1046 1588 1158 1619 Οὐκοῦν,
1173 1589 1215 1615 ὅτι
1228 1589 1265 1623 μὴ
1277 1588 1382 1615 κάτεισι
1395 1589 1425 1614 τι
1442 1589 1506 1624 πῦρ,
1522 1589 1552 1615 τδ
1570 1588 1758 1623 μηλοσφαγεῖν
1772 1596 1841 1614 πασ-

201 1638 273 1664 enitu
290 1637 398 1665 ccelitus
414 1646 466 1665 non
483 1638 552 1672 ignis
565 1638 712 1671 sensibilis,
728 1637 871 1664 itteﬂabilis
890 1643 992 1665 natura:

203 1684 315 1718 ﬁguram
340 1683 464 1718 impleas,
479 1683 526 1710 sed
549 1691 582 1710 ex
598 1683 679 1711 Patre
699 1691 746 1718 per
763 1683 860 1710 Filium
876 1684 994 1718 Spiritus

202 1734 312 1756 sanctus
331 1729 472 1756 illustraus
483 1728 642 1761 Ecclesiam,
656 1733 684 1756 et
711 1729 834 1756 victimas
852 1737 961 1764 quoque
978 1738 992 1756 a

204 1775 280 1801 uobis
298 1773 444 1809 accipiens.
460 1774 597 1809 spiritales
610 1775 737 1801 nimirum
749 1779 776 1802 et
788 1775 991 1802 lntellecluales.

203 1820 333 1846 Israelita:
347 1821 419 1846 enim
439 1820 522 1847 boves
535 1825 562 1847 et
577 1827 653 1850 oves,
666 1824 786 1847 turtures
802 1825 829 1847 et
843 1821 992 1852 columbas,

205 1866 295 1901 fruges
310 1870 337 1892 et
353 1865 468 1892 similam
483 1865 544 1892 oleo
558 1865 708 1900 perfusam,
720 1865 858 1900 placentas
871 1874 902 1893 ac
914 1867 992 1894 thura

206 1913 259 1940 Deo
272 1912 436 1944 olferebant;
460 1912 578 1939 sed'nos
597 1919 689 1939 crasso
713 1911 758 1939 illo
785 1912 858 1939 cultu
883 1913 991 1946 rejecto,

202 1959 268 1993 jussi
284 1966 377 1986 sumus
394 1964 501 1985 tenuem
524 1962 550 1984 et
575 1963 712 1990 exactum,
732 1958 941 1986 intellectualem
967 1963 994 1986 et

205 2003 352 2038 {piritaleut
380 2010 518 2038 peragere.
535 2001 679 2030 Oll‘erimus
695 2004 768 2030 enim
783 2003 838 2030 Deo
863 2005 887 2030 in
902 2005 993 2032 sunt-i-

206 2049 269 2075 iatis
283 2049 393 2075 odorem
408 2055 489 2075 ontne
501 2048 608 2075 virtutis
619 2056 713 2083 genus,
727 2049 817 2081 lidem,
830 2056 916 2083 spem,
928 2049 994 2076 cha-

205 2097 324 2124 ritatem.
334 2093 479 2128 justitiam,
494 2094 699 2127 continentiam,
713 2095 885 2128 obsrquiunt,
898 2101 923 2121 ct
935 2095 995 2122 ohe-

205 2141 345 2172 :iientiam,
363 2146 452 2166 rerum
477 2139 630 2166 divinarum
654 2140 747 2175 jugetu
772 2139 993 2173 eelebraliouettt,

203 2192 231 2212 ιιι
243 2186 360 2220 reliquas
372 2186 494 2213 virtutes.
514 2185 752 2219 Simplicissitnum
764 2187 862 2221 quippe
875 2192 916 2213 est
929 2187 993 2214 illud

204 2232 380 2264 sacrificium.
395 2233 467 2268 quod
491 2233 607 2260 naturali
623 2241 656 2260 ac
678 2233 794 2267 simplici
812 2233 866 2260 Deo
885 2240 994 2267 prorsus

204 2279 346 2311 convenit;
375 2284 402 2306 et
438 2279 628 2306 intellectualis
655 2279 811 2314 fragrantia:
843 2270 1033 2306 oblationes”

204 2329 267 2351 sunt
284 2325 397 2352 honeste
407 2332 440 2352 ac
454 2330 528 2352 recte
541 2325 651 2352 vivendi
671 2325 799 2351 rationes.
814 2324 861 2351 Sic
872 2325 944 2351 enim
959 2324 997 2351 ait

205 2371 263 2406 ipse
278 2371 376 2398 alicubi
393 2379 400 2397 :
418 2379 427 2396 t
452 2370 668 2398 Misericordiatu
686 2370 757 2404 volo,
774 2375 802 2398 et
822 2379 875 2398 non
891 2370 996 2398 sat-rill-

205 2418 288 2447 cium.
302 2421 329 2444 et
344 2417 485 2445 scientiam
499 2418 546 2444 Dei
566 2417 652 2452 magis
662 2425 743 2452 qttam
758 2417 913 2445 holocausta
931 2417 964 2444 ⁸⁸.
982 2427 992 2444 ι

205 2463 273 2496 Quin
297 2463 378 2490 etiatn
409 2464 526 2498 optimus
558 2463 602 2490 ille
629 2463 735 2490 Samuel
753 2471 759 2489 :
777 2472 786 2488 ι
813 2463 881 2490 Ecoe
905 2470 994 2490 annon

205 2511 307 2537 auditio
327 2510 395 2537 bona
409 2517 490 2544 super
508 2510 682 2541 sacrilicium,
696 2515 721 2536 et
738 2510 898 2537 auscultatio
911 2518 994 2545 super

205 2557 309 2589 adipem
327 2556 441 2582 arietum
451 2555 495 2582 ⁶⁹¹ί
513 2565 522 2581 ι
540 2556 620 2582 David
634 2563 746 2590 quoque
765 2555 872 2582 divinus
893 2558 965 2582 cauit
986 2563 994 2582 ε

207 2610 216 2626 t
234 2601 343 2628 ltutnola
368 2601 424 2628 Deo
442 2601 603 2628 sacriﬁcium
626 2601 713 2628 laudis
729 2602 763 2629 σθ.
782 2611 792 2626 ι
816 2601 848 2627 Et
875 2610 990 2629 rursus:

207 2655 216 2669 ι
233 2646 351 2672 Circuivi
368 2651 396 2673 et
412 2646 548 2674 immolavi
563 2647 588 2673 itt
609 2647 783 2673 tabernaculo
797 2648 854 2682 ejus
877 2647 992 2675 hostiam

205 2692 451 2719 vociferationis“.
463 2701 472 2717 ι
493 2692 626 2726 Praecepit
641 2697 732 2720 autem
750 2691 849 2720 Paultts
871 2694 912 2721 Itis
934 2702 993 2721 ver-

205 2737 246 2763 bis
261 2745 268 2762 :
286 2746 295 2762 ι
311 2736 442 2765 Exhibcte
461 2745 574 2772 corpora
595 2743 685 2766 vestra
707 2738 822 2766 hostium
837 2739 972 2766 viventem
985 2759 993 2772 ,

205 2787 336 2815 sanctam,
365 2783 418 2810 Deo
450 2783 614 2818 placentem,
641 2784 799 2811 rationabile
831 2785 991 2820 obsequium

240 2869 261 2884 "’
281 2869 364 2896 Levil.
382 2878 418 2903 γι,
443 2871 473 2897 l‘2
487 2879 561 2906 seqq.
602 2872 625 2888 ⁵⁵
640 2872 708 2900 Osee
724 2881 759 2905 \'t,
778 2873 803 2900 ϐ.

859 2874 882 2889 ⁸ο
896 2872 906 2899 l
926 2872 992 2907 Reg.
1010 2879 1054 2905 av,
1070 2872 1114 2899 2-2.

1043 1633 1203 1669 αιτοὺμεθα.
1227 1635 1348 1669 ’Λπόχρη
1375 1634 1430 1668 γὰρ
1452 1635 1516 1669 ἡμῖν
1539 1635 1582 1661 διὰ
1604 1635 1659 1660 τῶν
1675 1634 1840 1668 τοτηνικάᾶε

1042 1681 1189 1717 δρωμένων
1203 1681 1329 1716 καθάπερ
1352 1682 1380 1707 ὲν
1400 1682 1492 1708 πίνακι
1508 1682 1557 1716 τῆς
1572 1682 1703 1717 ἀληθείας
1727 1682 1759 1707 τὸ
1773 1682 1841 1707 κάλ-

1043 1727 1088 1759 λος
1111 1727 1347 1762 διαμρφοὺμενον
1371 1729 1428 1759 τοῖς
1445 1728 1494 1762 τῆς
1509 1727 1628 1759 διανοίας
1643 1727 1756 1762 ὄμμασι
1774 1728 1841 1753 καθ-

1043 1775 1119 1810 ορᾷν.
1134 1774 1241 1808 Θύομεν
1250 1773 1278 1800 δὲ
1292 1772 1391 1808 μακρῷ
1407 1773 1530 1808 κρεῖττον
1545 1773 1625 1808 ἡμεῖς
1636 1773 1695 1799 νυνὶ
1709 1772 1726 1808 ἧ
1741 1773 1841 1799 ἐκεῖνοι

1044 1821 1138 1847 πάλαι.
1154 1821 1269 1847 Κάτεισι
1286 1820 1339 1855 γὰρ
1356 1819 1502 1854 οὐρανόθεν
1514 1819 1544 1845 οὗ
1560 1819 1616 1854 πῦρ
1634 1819 1780 1854 αἰσθητὸν,
1793 1819 1842 1853 τῆς

1044 1869 1162 1904 ἀρρήτου
1180 1868 1288 1901 φύσεως
1306 1867 1398 1894 εἰκόνα
1414 1867 1547 1902 πληροῦν,
1561 1867 1618 1894 ἀλλ’
1636 1867 1668 1893 ἐκ
1685 1867 1797 1901 Πατρὸς
1809 1867 1842 1892 δι’

1045 1913 1109 1940 Υἱοῦ
1125 1915 1156 1940 τδ
1173 1913 1286 1948 Πνεῦμα
1301 1913 1331 1939 τὸ
1352 1914 1429 1947 ἅγιον
1447 1914 1636 1947 καταφωτίςον
1656 1913 1707 1948 τὴν
1724 1913 1842 1947 Ἐκκλη-

1045 1960 1116 1992 σίαν,
1130 1959 1309 1994 προσιέμενον
1323 1959 1351 1985 δὲ
1367 1959 1414 1985 καὶ
1426 1958 1476 1990 τὰς
1490 1957 1586 1989 θυσίας
1598 1957 1648 1989 τὰς
1662 1957 1732 1992 πρὸς
1749 1957 1840 1992 ἡμῶν,

1045 2004 1232 2040 πνευματικὰς
1255 2003 1375 2038 δηλονότι
1397 2004 1443 2030 καὶ
1466 2003 1575 2038 νοητὰς.
1600 2004 1631 2029 ΟΞ
1656 2002 1707 2038 μὲν
1731 2002 1790 2037 γὰρ
1813 2002 1841 2034 ἐξ

1045 2051 1160 2085 αἵματος
1183 2049 1290 2086 Ἰσραὴλ
1310 2049 1372 2084 βοῦς
1396 2057 1425 2076 τε
1442 2050 1488 2075 καὶ
1509 2049 1559 2080 ὗῖς.
1576 2049 1712 2082 τρυγόνας
1729 2049 1779 2075 καὶ
1794 2057 1842 2074 πε-

1046 2097 1183 2133 ριστερὰς.
1211 2096 1258 2122 καὶ
1290 2096 1381 2131 μέντοι
1409 2095 1443 2121 τὰ
1466 2095 1495 2128 ἐξ
1517 2094 1596 2130 ὡρῶν
1626 2095 1674 2120 καὶ
1698 2094 1841 2129 σεμίδαλιν

1045 2142 1220 2178 ἑλαιοῦρακῆ.
1244 2141 1355 2168 ’πόπανα
1373 2141 1420 2167 καὶ
1444 2141 1612 2172 λιὸανωτοὺς
1637 2140 1842 2175 προσεκόμιζον

1043 2187 1083 2223 τῷ
1097 2187 1172 2222 Θεῷ’
1198 2187 1295 2222 Ἡμεῖς
1314 2187 1342 2213 δὲ
1366 2186 1414 2222 τὴν
1431 2186 1502 2213 οὕτω
1518 2187 1635 2220 παχεῖαν
1654 2187 1772 2220 ἀφέντες
1794 2187 1827 2213 λα

1044 2232 1148 2268 τρείαν,
1174 2233 1267 2267 ἰσχνὴν
1287 2233 1333 2258 καὶ
1353 2231 1551 2265 ἀπεξεσμένην,
1578 2231 1676 2266 νοητὴν
1691 2232 1740 2257 καὶ
1759 2240 1828 2258 πνευ

1048 2279 1164 2314 ματικὴν
1178 2277 1352 2313 ἀποπληροῦν
1365 2276 1600 2313 προστετόψμεθα.
1612 2277 1841 2312 Προσκομίζομεν

1044 2326 1098 2361 γὰρ
1116 2326 1156 2357 εἰς
1173 2325 1262 2360 ὀσμὴν
1279 2325 1392 2356 εὐωδίας
1406 2325 1444 2359 τῷ
1458 2324 1517 2360 Θεῷ
1534 2325 1624 2351 πάντα
1634 2325 1738 2359 τρόπον
1754 2326 1841 2351 ἐπιει-

1044 2372 1131 2404 κείας,
1148 2371 1248 2403 πίστιν,
1269 2371 1376 2402 ἐλπίδα,
1394 2371 1515 2406 ἀγάπην,
1531 2370 1716 2405 δικαιοσύνην,
1735 2371 1839 2406 ἐγκρά-

1043 2425 1129 2449 τειαν,
1146 2417 1177 2444 τὸ
1193 2417 1327 2449 εὐπειθὲς,
1344 2416 1392 2443 καὶ
1406 2417 1524 2451 εὐήνιον,
1539 2416 1746 2451 ἀκαταλήκτους
1768 2417 1839 2450 δοξο-

1043 2464 1146 2498 λογίας,
1163 2464 1210 2490 καὶ
1224 2463 1273 2495 τὰς
1288 2463 1384 2499 ἑτέρας
1404 2463 1458 2489 τῶν
1477 2462 1593 2498 ἀρετῶν.
1616 2463 1769 2498 Ἀὓλοτὰτη
1786 2465 1838 2499 γὰρ

1045 2510 1115 2546 αὕτη
1128 2510 1207 2537 θυσία
1219 2509 1258 2544 τῷ
1273 2510 1344 2536 κατὰ
1358 2509 1439 2543 φύσιν
1451 2509 1529 2543 ἁπλῷ
1547 2509 1594 2535 καὶ
1607 2509 1684 2544 ἀΰλῳ
1695 2509 1839 2544 πρέπουσα

1046 2556 1121 2592 Θεῷσ
1147 2557 1194 2583 καὶ
1212 2556 1309 2591 νοητῆς
1329 2555 1443 2586 εὐωδίας
1460 2555 1633 2590 ἀναθήματα,
1653 2555 1704 2590 τῆς
1723 2555 1838 2590 ἀληθοῦς

1046 2602 1161 2634 εὐζωῗας
1186 2603 1210 2628 οἱ
1237 2602 1342 2636 τρόποι.
1370 2599 1449 2627 Οὕτω
1475 2600 1531 2635 γάρ
1554 2599 1606 2626 πού
1627 2608 1710 2635 φησιν
1739 2600 1835 2631 αὑτός·

1050 2657 1060 2674 t
1080 2648 1173 2674 Ἕλεον
1183 2647 1262 2678 θέλω,
1278 2647 1326 2673 καὶ
1340 2646 1370 2673 οὐ
1386 2646 1491 2678 θυσίαν,
1505 2645 1551 2671 καὶ
1564 2645 1714 2679 ἐπίγνωσιν
1738 2645 1806 2671 Θεοῦ
1819 2645 1835 2680 ῆ

1046 2692 1269 2728 ὁλοκαυτώματα.
1300 2702 1309 2718 ι
1336 2692 1390 2718 Καὶ
1417 2691 1470 2727 μὴν
1494 2692 1542 2717 καὶ
1562 2691 1576 2716 ό
1597 2691 1767 2725 πανάριστος
1789 2691 1835 2716 Σα-

1049 2738 1150 2775 μουήλ·
1169 2747 1178 2764 t
1197 2739 1254 2764 Οὐκ
1270 2738 1334 2768 ἰδοὺ,
1352 2737 1445 2773 φησὶν,
1462 2736 1530 2772 ἀκοὴ
1546 2737 1617 2772 ὑπὲρ
1630 2736 1728 2763 θυσίαν
1739 2737 1833 2770 ἀγαθὴ.

1048 2785 1095 2811 καὶ
1108 2783 1274 2819 ἐπακρόασις
1287 2783 1355 2818 ὑπὲρ
1369 2783 1453 2818 στέαρ
1473 2782 1577 2815 κριῶν;
1600 2792 1609 2808 ι
1627 2782 1735 2809 Ψάλλει
1749 2782 1777 2809 δὲ
1791 2781 1834 2807 καὶ

1172 2872 1193 2887 ⁶⁰
1214 2871 1284 2899 Psal.
1303 2879 1375 2906 λιιι,
1391 2871 1434 2900 Η.
1473 2872 1494 2887 “
1515 2870 1586 2898 Psal.
1604 2873 1723 2903 σιω-ιώ.
