1894 3056
87 132 161 161 1⁸055

666 132 808 162 CONTRA
829 134 998 163 IULIANU.“
1019 135 1082 164 LIB.
1104 135 1137 164 Χ.

1641 144 1707 173 1058

82 189 100 214 ὁ
118 188 267 220 θεσπέσιος
298 188 396 215 Δαὸἱδ’
417 198 426 214 ι
448 189 535 216 Θῦσον
558 189 597 225 τῷ
623 190 683 226 Θεῷ
707 191 802 218 θυσίαν
829 191 872 218 αι-

928 199 1046 221 vestrum
1060 195 1092 221 “.
1114 204 1123 220 ›
1144 194 1219 228 Quod
1243 200 1332 223 autem
1367 197 1501 226 tsraelitas
1521 198 1547 226 in
1579 199 1708 235 legalibus

81 237 200 266 νέσεως.
217 244 226 260 ι
246 235 302 261 Καὶ
321 234 418 261 πάλων
441 244 450 260 ι
462 234 618 262 Ἑκύκλωσα
643 236 688 262 καὶ
702 236 785 264 ἔθυσα
801 237 830 263 ὲν
842 238 874 272 τῇ

83 282 176 315 σκηνῇ
193 280 274 306 αὐτοῦ
288 280 382 307 ουσίαν
392 279 561 315 ἀλαλαγμοῦ.
580 289 589 306 ι
606 281 777 316 Προστέταχε
790 281 817 308 δὲ
828 283 875 308 καὶ

80 326 100 351 ὁ
115 325 232 357 Παῦλος,
249 325 352 359 λέγων·
374 334 383 350 ι
406 326 605 361 Παραστήσατε
621 327 655 352 τὰ
673 327 786 362 σώματα
797 327 874 362 ὑμῶν

83 371 185 398 θυσίαν
195 371 295 402 ζῶσαν,
313 371 404 404 ἁγίαν,
415 371 560 406 εὐάρεστον
570 371 609 407 τῷ
620 371 689 407 Θεῷ,
702 373 751 407 τὴν
765 373 874 408 λογικὴν

82 415 217 452 λατρείαν
234 415 321 449 ὑμῶν.
345 425 355 441 ι
380 416 442 442 Ὅτι
460 416 489 442 δὲ
507 417 566 448 ταῖς
588 417 658 444 κατὰ
681 417 761 452 νόμον
784 420 875 449 σκιαῖς

81 462 152 494 τοὺς
165 462 193 495 ἐξ
208 462 322 497 αἵματος
343 461 450 498 Ἰσραὴλ
462 462 599 494 ἀσυνέτως
618 463 813 500 ὲμφιλοχωρεῖν
825 465 874 491 οὐκ

80 507 163 541 ἠφίει
178 506 253 537 Θεὸς,
266 506 312 532 καὶ
327 505 357 538 ἐξ
371 506 460 533 αὐτῶν
477 507 605 542 εἰσόμεθα
621 507 675 534 τῶν
692 507 772 543 ιερῶν
784 508 875 544 Γραμ-

85 553 192 587 μάτων.
210 553 395 588 Προστέταχεν
411 553 459 588 μὲν
473 552 527 587 γὰρ
538 552 720 580 καταθύεσθαι
731 554 776 580 τὸν
789 554 874 589 ἀμνὸν

83 599 129 629 εἰς
153 599 237 625 τύποι
256 598 384 632 Χριστοῦ.
412 607 422 623 ι
447 597 520 632 Πλὴν
545 597 615 624 οὕτω
639 599 759 633 φάγεσθε
782 599 872 631 αὑτὸν,

86 642 173 677 φησίν
186 650 194 657 ·
215 643 358 669 Ἔστωσαν
375 642 451 676 ὑμῶν
473 644 500 668 at
518 642 618 676 ὀσφύες
646 644 872 679 περιεζωσμέναι,

85 689 137 714 καὶ
152 687 186 714 τὰ
207 688 369 723 ὑποδήματα
392 690 420 715 ἐν
434 690 488 720 τοῖς
512 689 591 716 ποσὶν
606 688 693 724 ὑμῶν,
717 690 763 716 καὶ
777 691 806 716 at
827 690 876 725 βα-

84 734 200 770 κτηρίαι
217 735 246 760 ἐν
263 735 322 766 ταῖς
336 735 429 770 χερσὶν
444 734 530 769 ὑμῶν.
551 744 560 760 ι
584 735 679 770 Ἀθρει
695 735 727 770 δὴ
743 734 789 762 οὖν
801 736 875 768 ὅπως

83 780 266 816 ὁδοιπορικῶς
283 780 463 815 ἐσταλμένους
485 780 616 807 σιτεῖσθαι
632 782 809 817 προστέταχε,
827 791 875 818 μο-

84 828 196 863 νονουχὶ
220 836 265 854 του
289 828 452 863 πράγματος
470 825 500 854 εὖ
522 828 594 862 μάλα
614 829 872 864 κατασημαίνοντος,

83 874 126 906 ὡς
144 874 222 909 μέχρι
233 874 332 905 παντὸς
344 874 374 899 οὐ
386 875 513 908 στήσεται
523 874 557 900 τὰ
568 874 597 899 ἐν
609 874 712 906 τύποις,
724 874 781 901 ἀλλ’
792 875 873 901 οἱονεὶ
889 865 911 895 Β

83 919 233 954 δραμεῖται
256 919 325 955 πρὸς
345 919 483 954 ἀλήθειαν.
507 919 702 955 Ἐκὸεὸηκότος
717 920 749 956 δὴ
765 918 811 947 οὖν
826 921 872 947 τοῦ

84 965 175 991 τύπου
198 965 264 1001 πρὸς
278 965 418 1001 ἀλήθειαν,
435 965 481 991 καὶ
505 965 564 991 ἀντὶ
589 966 674 1000 πυρὸς
692 966 820 1000 αἰσθητοῦ
843 967 874 993 τὸ

87 1010 201 1045 Πνεῦμα
224 1011 372 1046 δεχόμενοι,
400 1011 450 1046 τὴν
475 1011 663 1046 πνευματικὴν
686 1012 734 1038 καὶ
762 1011 874 1047 λογικὴν

87 1056 247 1091 πληροῦμεν
277 1056 415 1091 λατρείαν.
443 1056 522 1083 Οὕτω
545 1057 598 1092 γὰρ
624 1056 732 1090 λέγεται
758 1058 874 1093 Χριστὸς

89 1102 231 1137 βαπτίζειν
252 1103 327 1138 ἡμᾶς
342 1103 370 1128 ἐν
393 1102 531 1137 Πνεύματι
547 1102 618 1137 ἁγίῳ
640 1103 687 1129 καὶ
703 1103 779 1137 πυρί.
801 1103 832 1130 El
846 1103 873 1130 δὲ

87 1148 166 1183 κριὸς
181 1148 288 1183 ἐδείχθη
302 1148 341 1181 τῷ
361 1147 495 1183 Ἀϐραὰμ,
512 1148 541 1174 ὃν
564 1148 596 1183 δὴ
618 1149 667 1175 καὶ
687 1148 799 1175 τέθυκεν
814 1148 874 1174 ἀντὶ

94 1196 198 1226 Ἰσαὰκ,
215 1195 306 1230 φαμὲν
325 1195 365 1221 ὃτι
380 1194 464 1226 τύπος
476 1193 510 1230 ἦν
525 1195 650 1226 κάκεῖνος
673 1193 720 1220 τοῦ
743 1193 873 1229 Χριστοῦ,

85 1242 122 1269 δι’
136 1241 212 1277 ἡμᾶς
232 1241 278 1267 καὶ
293 1240 364 1276 ὑπὲρ
390 1240 468 1276 ἡμῶν
489 1240 534 1266 τὸν
559 1239 629 1266 κατὰ
649 1239 738 1275 σάρκα
761 1239 874 1266 θάνατον

87 1287 295 1322 ὑπομείναντος,
313 1286 356 1312 ῐνα
375 1287 450 1321 ἡμᾶς
463 1285 605 1322 ἀπαλλάξῃ
618 1285 732 1312 θανάτου
748 1285 794 1311 καὶ
811 1285 875 1319 φθο-

90 1335 151 1369 ρᾶς.
175 1334 230 1360 Καὶ
248 1333 273 1359 εἰ
297 1332 409 1359 τέθυκεν
430 1332 565 1368 Ἀδραὰμ,
579 1332 633 1368 πῦρ
649 1331 819 1362 ἐπείσακτον,
837 1331 875 1363 ὥς

88 1388 167 1414 φησι,
181 1380 237 1410 τοῖς
254 1379 372 1414 θύμασιν
383 1379 474 1411 ἐνιεὶς,
492 1379 537 1405 καὶ
550 1378 609 1412 οὐχ).
622 1378 653 1413 δὴ
679 1377 786 1408 πάντως
804 1376 833 1403 τὸ
845 1376 875 1410 ὲξ

84 1425 216 1461 οὐρανοῦ,
228 1425 297 1460 πρὸς
319 1426 393 1460 ἡμᾶς
412 1424 490 1450 τοῦτο
509 1423 647 1455 παντελῶς
666 1423 751 1450 οὐδέν.
773 1422 876 1458 Παραι-

87 1471 229 1505 τουμένοις
244 1471 292 1505 μὲν
308 1471 363 1506 γὰρ
375 1470 405 1496 τὸ
421 1469 563 1506 καθιεροῦν
576 1469 614 1504 τῷ
635 1468 694 1504 Θεῷ
705 1469 740 1495 τὰ
751 1468 789 1503 τῷ
801 1468 875 1504 νόμῳ

87 1515 303 1551 διηγορευμένα,
330 1516 377 1542 καὶ
402 1514 540 1550 πρόφασιν
567 1514 739 1549 ποιουμένοις
763 1515 812 1550 τῆς
835 1514 874 1546 εἰς

86 1561 168 1588 τοῦτο
182 1560 322 1596 ῥᾳστώνης
339 1560 370 1587 τὸ
386 1559 423 1596 μὴ
447 1560 549 1587 ἄνωθεν
567 1560 616 1587 καὶ
631 1559 661 1592 ἐξ
678 1560 792 1595 οὐρανοῦ
807 1560 875 1586 καθ-

89 1607 190 1634 ιεῖσθαι
202 1606 233 1633 τὺ
245 1606 309 1641 πῦρ,
323 1606 509 1641 παρεκόμισεν
529 1606 562 1632 ἂν
576 1606 616 1637 εἰς
637 1605 748 1641 ἔλεγχον
761 1605 875 1641 εὐσθενῆ

87 1653 135 1679 τοῦ
146 1653 200 1679 τῶν
213 1652 291 1678 θείων
307 1653 380 1687 ἡμᾶς
399 1652 531 1686 ἁλογῆσαι
545 1651 646 1686 νόμων,
672 1652 702 1677 τὸ
720 1651 874 1686 ἐπεισάκτῳ

88 1696 157 1731 πυρὶ
171 1696 321 1731 κεχρῆσθαι
340 1696 386 1722 τὸν
417 1696 550 1731 ’Λϐραάμ,
583 1696 692 1732 Ἐπειδὴ
713 1696 741 1723 δὲ
764 1697 874 1731 ἄμεινον

87 1744 169 1777 ἡμεῖς
184 1742 200 1777 ἢ
216 1743 313 1769 ἐκεῖνοι
329 1741 557 1777 λελατρεύκαμεν,
574 1742 754 1774 καταθύοντες
766 1742 805 1777 τῷ
815 1742 874 1777 Θεῷ

87 1788 123 1814 τὰ
138 1787 322 1823 πνευματικὰ,
336 1788 383 1814 καὶ
397 1788 456 1814 ἀντὶ
471 1788 555 1823 πυρὸς
570 1787 699 1823 αἰσθητοῦ
712 1788 742 1814 τὸ
763 1787 875 1823 Πνεῦμα

88 1833 300 1869 πλουτήσαντες,
326 1833 363 1869 μὴ
383 1834 568 1860 καταιτιάσθω
593 1834 688 1868 λέγων,
717 1834 761 1861 διὰ
783 1835 809 1861 τί
837 1835 874 1870 μὴ

88 1881 264 1916 προσάγομεν
284 1881 370 1916 ἱερεῖα
384 1880 494 1916 βωμοῖς.
526 1881 770 1916 Ἀνταναστήσεται
783 1880 837 1916 γὰρ
860 1881 875 1907 ό

87 1925 231 1958 θεσπέσιος
255 1925 370 1958 Παῦλος,
399 1926 538 1961 μονονουχὶ
563 1925 752 1961 διακεκραγώς
774 1934 803 1952 τε
827 1926 874 1952 καὶ

86 1971 174 2005 λέγων
186 1980 192 1987 ·
212 1980 221 1997 ι
240 1972 280 1998 Τὰ
294 1971 394 2007 ἀρχαῖα
407 1971 556 2007 παρῆλθεν,
569 1971 623 1998 ἰδοὺ
640 1972 734 2006 γέγονε
749 1970 840 1997 καινά.
860 1980 869 1996 ι

927 239 1030 266 umbris
1059 243 1160 267 temere
1188 241 1289 268 versari
1319 249 1372 269 non
1403 244 1556 277 permiserit
1581 245 1710 276 Deus,“

926 283 992 317 ipsis
1000 291 1105 319 quoque
1117 286 1200 312 sacris
1212 285 1318 312 Litteris
1329 289 1598 326 agnoscemusaﬁe
1606 291 1709 326 Agutuu

926 329 1111 364 quippejussit
1127 331 1256 358 immolari
1269 332 1294 358 in
1305 337 1394 367 typum
1405 333 1504 361 Christi
1516 344 1523 362 :
1533 344 1543 360 ι
1561 335 1606 362 Sic
1619 342 1708 364 autem

926 375 1071 402 comedetis
1089 383 1162 410 eum,
1175 376 1275 410 inquit:
1286 375 1434 405 Sintreues
1447 380 1528 406 vestri
1541 381 1665 414 accincti,
1683 387 1711 409 et

926 419 1106 448 calceamenta
1118 421 1144 448 in
1156 421 1268 456 pedibus
1282 423 1379 450 vestris
1390 424 1423 456 “,
1437 429 1464 451 et
1478 425 1563 453 baculi
1577 426 1604 453 in
1625 427 1710 454 mani-

926 465 977 492 lllIS
992 466 1100 493 vestris.
1114 475 1123 492 ι
1142 467 1258 495 Adverte
1273 469 1363 504 igitur,
1377 477 1479 504 quaeso,
1499 478 1552 505 quo
1569 476 1647 506 pacto
1664 481 1711 500 eos

926 511 1059 538 viatorum
1085 512 1176 539 habitu
1191 513 1293 548 epulari
1311 516 1492 550 prazceperit;
1522 525 1576 552 quo
1604 523 1709 546 tantum

926 563 978 583 non
993 557 1159 592 signiﬁcatur
1177 566 1220 586 res
1230 559 1317 595 typica
1334 568 1384 588 nou
1393 569 1500 597 semper
1511 563 1648 596 duratura,
1662 565 1710 593 sed

926 602 959 628 ad
974 602 1113 630 veritatem
1128 605 1326 638 quodammodo
1347 613 1514 641 perrectum.
1534 609 1710 646 Typoitaquc

924 645 1064 672 veritatem
1078 652 1201 674 assecuto
1221 653 1248 675 et
1258 649 1318 676 loco
1330 651 1399 686 ignis
1413 652 1548 680 sensibilis
1557 655 1618 681 dato
1633 645 1712 683 nobis

925 690 1036 724 Spiritu,
1049 693 1194 726 spiritalem
1211 699 1237 721 et
1254 696 1410 724 rationalem
1429 698 1529 725 cultum
1557 699 1709 735 implexi-us.

925 735 971 763 Sic
984 737 1055 764 enim
1076 737 1202 765 Christus
1215 739 1356 774 baptizare
1374 748 1422 768 nos
1446 742 1545 770 dicitur
1559 744 1584 770 in
1607 744 1710 777 Spiritu

924 787 1019 810 sancto
1033 788 1060 810 et
1072 783 1126 819 igni
1140 784 1173 811 “.
1186 784 1263 817 Quod
1276 787 1298 813 si
1311 791 1476 815 monstratus
1486 793 1527 816 est
1540 790 1611 817 aries
1626 790 1712 817 Abra-

925 826 976 859 liz,
987 835 1065 861 quem
1075 829 1182 863 quidem
1199 829 1283 858 lsaaci
1300 831 1359 858 loco
1369 832 1424 859 aris
1435 832 1577 866 imposuit:
1596 835 1712 862 dicimus

926 872 999 900 illum
1010 880 1116 907 quoque
1125 879 1214 909 typum
1222 875 1310 903 tuisse
1319 876 1430 910 Christi.
1441 879 1486 912 qui
1508 884 1616 913 propter
1625 888 1673 908 nos
1683 886 1712 908 et

923 926 973 954 pro
986 920 1073 952 nobis,
1082 920 1228 947 secundum
1240 929 1350 949 carnem
1361 928 1474 950 mortem
1489 925 1610 958 pertulit,
1625 929 1712 953 utnos

924 972 938 990 π
948 969 1034 992 morte
1041 967 1243 1000 etcorruptioue
1249 967 1406 995 vindicaret.
1417 969 1475 996 Etsi
1483 969 1616 997 Abraham
1625 972 1712 998 sacri-

924 1009 1024 1043 ﬁcavit,
1034 1011 1094 1046 igne
1103 1011 1200 1044 alieno,
1212 1016 1240 1038 ut
1250 1012 1299 1044 ait,
1311 1013 1451 1042 sacriﬁciis
1462 1014 1544 1047 illato,
1558 1024 1610 1043 non
1622 1021 1710 1044 autem

924 1055 1031 1082 coalitus
1048 1055 1176 1088 demisso,
1201 1056 1268 1083 nihil
1292 1057 1434 1085 adversum
1459 1066 1507 1086 nos
1531 1059 1600 1088 istuc
1619 1060 1709 1095 plane.

924 1099 1006 1128 Nobis
1015 1101 1086 1128 enim
1098 1108 1129 1128 ea
1142 1101 1281 1129 immolare
1293 1103 1347 1130 Deo
1359 1104 1545 1132 recusantibus
1556 1113 1615 1140 qua:
1627 1114 1641 1132 a
1655 1107 1713 1141 lego

924 1145 1079 1180 praescripta
1089 1151 1164 1179 sunt,
1171 1151 1198 1174 et
1205 1147 1282 1174 istius
1291 1149 1329 1175 rei
1338 1149 1515 1176 cessationem
1525 1151 1711 1184 causantibus,

924 1192 995 1226 quod
1011 1192 1044 1219 de
1056 1192 1125 1219 casio
1141 1192 1210 1227 ignis
1220 1199 1272 1219 non
1283 1193 1439 1226 descendat,
1453 1199 1482 1221 ut
1498 1195 1651 1223 ﬁrmissimo
1665 1203 1712 1223 ar-

925 1241 1052 1271 gumento
1061 1237 1156 1272 probet
1170 1237 1275 1265 divinas
1286 1238 1360 1272 leges
1376 1239 1453 1267 nobis
1465 1247 1526 1267 esse
1535 1242 1712 1276 contemptui,

925 1282 1004 1309 affert
1011 1282 1191 1310 Abrahamum
1201 1291 1278 1310 usum
1287 1291 1348 1312 esse
1356 1284 1417 1319 igne
1424 1284 1523 1313 alieno.
1532 1285 1654 1314 Sedcqu
1663 1294 1712 1314 nos

926 1328 1063 1355 meliorem
1072 1335 1152 1363 quam
1162 1328 1198 1355 illi
1210 1328 1367 1356 Deicolendi
1378 1329 1508 1358 rationem
1519 1331 1605 1358 secuti
1614 1333 1712 1364 simus.

926 1374 1097 1401 immolantes
1118 1375 1172 1402 Deo
1194 1375 1338 1409 spiritalia,
1355 1381 1383 1403 et
1406 1375 1465 1404 loco
1487 1376 1557 1411 ignis
1573 1378 1712 1405 sensibilis

925 1419 1026 1454 Spiritu
1046 1420 1197 1455 locupletati
1221 1421 1323 1448 simus:
1339 1428 1373 1448 ne
1394 1429 1444 1449 nos
1459 1422 1584 1457 suggillet
1599 1430 1711 1457 percon-

926 1466 1017 1499 tando,
1027 1467 1202 1501 quamobrem
1225 1474 1275 1494 nos
1290 1467 1414 1495 victimas
1427 1468 1482 1496 aris
1497 1476 1549 1496 nou
1564 1470 1710 1497 admovea-

889 1533 912 1564 ο
928 1519 998 1539 mus.
1026 1512 1194 1540 Reclamabit
1221 1513 1428 1564 enim-divinus
1451 1514 1495 1542 ille
1520 1515 1631 1548 Paulus,
1669 1515 1711 1543 bis

927 1559 1118 1592 propemodum
1143 1559 1253 1586 verbis:
1274 1568 1283 1585 ‹
1307 1558 1402 1587 Vetera
1425 1561 1589 1588 transierunt
1615 1569 1622 1588 :
1647 1568 1712 1588 ecce

928 1603 996 1630 facta
1012 1608 1075 1630 sunt
1088 1611 1155 1631 nova
1171 1604 1206 1630 ".
1225 1613 1236 1630 ι
1253 1603 1346 1632 Mutati
1366 1605 1438 1632 enim
1451 1613 1544 1633 sumus
1561 1606 1588 1633 in
1605 1606 1711 1633 novita-

928 1653 981 1676 tem
1004 1649 1067 1677 vite
1083 1650 1256 1684 evangelica,
1270 1657 1298 1678 et
1313 1651 1440 1686 perfectis
1461 1652 1593 1680 doctrinis
1615 1652 1710 1686 repleti

927 1700 1031 1725 sumus.
1047 1693 1139 1721 relicta
1168 1694 1266 1723 littera:
1291 1696 1385 1731 legalis
1414 1697 1594 1730 institutione,
1621 1703 1712 1732 utpote

927 1747 988 1774 qua:
1017 1739 1164 1767 intantibus
1188 1741 1277 1769 adhuc
1305 1747 1448 1777 congruat,
1464 1743 1543 1770 nobis
1568 1751 1634 1771 vero
1658 1751 1711 1770 uou

927 1785 1011 1818 item,
1042 1787 1086 1821 qui
1113 1787 1139 1813 iu
1164 1787 1250 1814 virum
1278 1788 1427 1822 perlectum
1466 1789 1639 1816 occurrimus
1668 1789 1710 1821 “;

927 1832 1048 1866 adeoque
1070 1832 1243 1866 pervenimus
1264 1833 1297 1859 ad
1321 1833 1401 1860 [intem
1425 1834 1515 1861 aetatis
1538 1833 1713 1868 plenitudinis

927 1876 1038 1904 Christi.
1053 1876 1137 1904 Porro
1150 1876 1274 1905 Julianus
1289 1885 1338 1912 par
1349 1878 1416 1906 illud
1433 1878 1546 1906 fratrum
1566 1880 1593 1907 in
1607 1887 1711 1908 memo—

928 1922 994 1949 riam
1012 1922 1101 1949 denuo
1116 1928 1233 1956 revocat,
1251 1923 1318 1951 Abel
1341 1924 1469 1951 nimirum
1483 1930 1510 1952 et
1524 1924 1602 1958 Cain,
1614 1925 1711 1953 Adami

927 1968 1006 2001 ﬁlios,
1018 1972 1045 1994 et
1063 1968 1101 1994 ait
1111 1977 1128 1994 τε

86 2019 337 2054 Μετεσκευάσμεθα
360 2019 414 2055 γὰρ
450 2020 519 2055 πρὸς
542 2020 686 2054 καινότητα
712 2019 784 2054 ζωῆς
807 2017 996 2053 εὐαγγελικῆς,
1035 2017 1081 2043 καὶ
1114 2016 1169 2043 τῶν
1190 2017 1301 2044 τελείων
1328 2018 1545 2055 ἑμπεφορήμεθα
1583 2019 1714 2055 μαθημά-

87 2073 153 2100 των,
169 2066 218 2102 τὴν
231 2066 277 2094 τοῦ
308 2066 420 2101 νομικοῦ
454 2067 617 2101 γράμματος
650 2066 764 2101 ἀφέντες
785 2064 982 2099 παιδαγωγίαν,
1013 2063 1061 2090 ita
1081 2063 1113 2100 δὴ
1140 2064 1188 2090 καὶ
1213 2063 1320 2099 νηπίοις
1337 2065 1387 2099 μὲν
1403 2065 1443 2092 ἔτι
1468 2066 1712 2102 πρεπωδεστάτην

87 2112 155 2147 ἡμῖν
169 2112 198 2139 δὲ
210 2112 300 2139 οὐκέτι
314 2113 371 2144 τοῖς
386 2113 426 2143 είς
440 2112 524 2148 ἄνδρα
544 2111 645 2139 τέλειον
661 2112 869 2148 κατηντηκόσιν,
890 2109 1051 2145 ἀφιγμένοις
1069 2109 1098 2136 δὶ
1109 2106 1157 2136 καὶ
1168 2110 1208 2142 εὶς
1219 2110 1295 2142 τέλος
1324 2111 1431 2146 ἡλικίας
1463 2112 1510 2138 τοῦ
1530 2112 1714 2147 πληρώματος

87 2156 136 2184 τοῦ
156 2157 284 2192 Χριστοῦ.
300 2158 487 2192 Διαμέμνηται
503 2157 531 2183 δὲ
550 2157 617 2192 πρὸς
635 2157 738 2189 τούτοις
757 2157 802 2183 καὶ
822 2156 870 2191 τῆς
889 2155 942 2182 τῶν
960 2154 1082 2190 ἀδελφῶν
1101 2154 1256 2190 ξυνωρίδος,
1272 2154 1355 2181 ’Λὸελ
1368 2163 1409 2188 τε,
1424 2156 1506 2191 φημὶ,
1521 2156 1568 2182 καὶ
1588 2157 1674 2191 Κάῐν,
1688 2157 1714 2183 οἳ

87 2203 232 2239 γεγόνασιν
245 2204 276 2237 ἐξ
296 2204 390 2239 Ἀδὰμ,
407 2204 455 2230 κα)⁸
468 2203 500 2239 δὴ
517 2204 564 2230 καί
579 2210 661 2238 φησιο

385 2258 578 2285 ΙΟΥΛῙΑΝΟΣ.

126 2314 181 2341 Καὶ
197 2314 228 2340 οὐ
249 2313 329 2340 τοῦτο
352 2314 442 2348 μόνον,
458 2313 525 2340 ἀλλὰ
550 2314 597 2340 καὶ
619 2313 673 2340 τῶν
696 2314 761 2340 υἱῶν
789 2313 874 2348 Ἀδὰμ

88 2360 216 2395 ἀπαρχὰς
231 2360 270 2395 τῷ
282 2359 351 2394 ,Θεῷ
358 2359 505 2391 διδόντων,
525 2368 535 2385 ι
559 2358 678 2386 Ἐπεῖδεν
698 2360 712 2386 ὀ
726 2358 802 2392 Θεὸς,
825 2367 876 2394 φησ

88 2406 144 2438 σὶν,
165 2405 212 2431 ἐπὶ
235 2404 329 2439 Ἀδελ,
345 2405 391 2432 καὶ
416 2405 462 2431 ἐπὶ
485 2406 540 2436 τοῖς
562 2404 658 2440 δώροις
672 2403 770 2431 αὐτοῦ’
786 2403 832 2430 ἐπὶ
846 2403 875 2431 δὲ

87 2451 160 2478 Κάῖν
187 2451 233 2478 καὶ
259 2451 304 2478 ἐπὶ
326 2451 386 2482 ταῖς
412 2450 516 2482 θυσίαις
542 2449 625 2477 αὐτοῦ
652 2451 682 2476 οὐ
707 2450 873 2486 προσέσχεν·

89 2498 136 2524 καὶ
149 2497 266 2534 ἐλύπησε
281 2498 327 2524 τὸν
353 2497 422 2524 Κάῖν
438 2497 513 2530 λίαν,
536 2497 583 2523 καὶ
601 2496 730 2523 συνέπεσε
747 2496 777 2522 τὺ
792 2496 877 2532 πρόσι

87 2554 162 2572 ωπον
180 2544 272 2570 αὑτοῦ.
286 2544 340 2570 Καὶ
348 2541 408 2570 εἶπε
423 2543 525 2578 Κύριος
535 2541 622 2574 ὁΘεὺς
629 2541 668 2576 τῷ
683 2542 766 2569 Κάῖν·
779 2542 836 2568 Ἵνα
851 2542 877 2568 τί

88 2589 238 2625 περίλυπος
255 2589 359 2623 ἐγένου,
379 2589 427 2615 καὶ
441 2588 485 2614 ἵνα.
497 2587 523 2614 τί
539 2588 670 2613 συνέπεσε
687 2587 717 2613 τὸ
733 2587 877 2622 πρόσωπόν

90 2645 153 2669 σου;
169 2635 227 2662 Οὐκ
243 2635 289 2661 ἐὰν
304 2634 391 2671 ὀρθῶς
415 2634 612 2670 προσενέγκῃς,
629 2632 717 2667 ὀρθῶς
736 2632 763 2659 δὲ
780 2633 817 2668 μὴ
838 2633 876 2659 δι-

89 2680 162 2716 ἐλῃς,
178 2680 300 2716 ἥμαρτες
310 2688 317 2712 ;
329 2690 338 2705 ›
354 2679 481 2706 Ἀκοῦσαι
496 2677 543 2705 οὖν
557 2678 712 2705 ἐπιποοείτε
726 2678 797 2709 τίνες
807 2677 878 2714 ἦσαν

89 2725 177 2752 αὐτῶν
200 2726 228 2752 αἱ
250 2725 423 2761 προσφοραί;
442 2733 451 2751 ‹
473 2725 528 2751 Καὶ
547 2722 657 2757 ἐγένετο
681 2723 741 2758 μεθ’
759 2724 875 2760 ἡμέρας,

89 2771 222 2806 ἀνήνεγκε
236 2771 306 2797 Κάῐν
320 2771 373 2797 ἀπὸ
390 2771 445 2797 τῶν
459 2769 574 2805 καρπῶν
589 2769 638 2804 τῆς
656 2768 708 2803 γῆς
729 2769 824 2796 θυσίαν
838 2769 876 2804 τῷ

1230 2254 1406 2285 JULIANUS.

962 2311 1054 2347 Neque
1078 2312 1149 2340 istud
1170 2317 1285 2345 tantum.
1301 2313 1349 2341 sed
1369 2318 1397 2341 et
1420 2321 1481 2341 cum
1501 2313 1548 2341 ﬁlii
1561 2315 1646 2342 Atlum
1661 2315 1715 2343 Deo

928 2358 1061 2393 primitias
1072 2358 1197 2386 olferrent
1208 2366 1215 2386 :
1228 2368 1237 2384 ι
1250 2359 1380 2394 Respexit
1394 2359 1580 2396 Deus,inquit,
1592 2362 1624 2388 ad
1637 2361 1715 2395 Abel,

928 2411 956 2433 et
966 2405 998 2432 ad
1018 2413 1130 2432 munera
1142 2405 1224 2441 347
1240 2405 1317 2439 ejus:
1336 2406 1368 2433 ad
1385 2405 1450 2433 Cain
1465 2411 1554 2433 autem
1568 2411 1596 2434 et
1612 2409 1645 2433 ad
1657 2407 1715 2442 ejus

929 2452 1062 2480 sacriﬁcia
1079 2460 1131 2479 non
1156 2453 1270 2479 advertit
1284 2461 1290 2477 :
1305 2458 1332 2479 et
1344 2453 1446 2480 tristem
1458 2453 1521 2480 fecit
1537 2452 1603 2480 Caiu
1625 2453 1714 2483 valde.

930 2503 958 2527 et
974 2499 1092 2526 concidit
1108 2498 1197 2526 vultus
1219 2498 1287 2534 ejus.
1299 2498 1333 2525 Et
1354 2499 1423 2526 dixit
1439 2499 1567 2527 Dominus
1592 2498 1662 2526 Deus
1682 2499 1717 2526 ad

931 2544 998 2572 Cain
1011 2544 1117 2577 :Quare
1132 2544 1217 2572 tristis
1235 2545 1322 2572 factus
1333 2552 1372 2576 es,
1389 2549 1417 2571 et
1434 2552 1483 2572 cur
1493 2544 1613 2572 concidit
1627 2545 1716 2572 vultus

931 2589 1013 2616 tuus?
1026 2588 1131 2620 Nonne.
1148 2590 1170 2616 si
1183 2594 1256 2616 recte
1270 2589 1380 2622 offeras,
1395 2594 1470 2617 recte
1485 2595 1573 2617 autem
1587 2597 1640 2617 non
1651 2590 1717 2617 divi-

930 2634 990 2666 das,
1000 2635 1118 2669 peccasti
1127 2635 1148 2650 ⁸⁷
1157 2635 1170 2662 ?
1178 2634 1282 2661 )VlllllS
1289 2634 1372 2669 igitur
1378 2634 1471 2662 audire
1479 2642 1600 2669 quaenam
1610 2635 1715 2662 illorum

929 2685 1021 2707 essent
1033 2680 1202 2708 oblationes?
1218 2689 1227 2706 ι
1248 2680 1280 2708 Ει
1291 2680 1392 2707 factum
1411 2685 1452 2707 est
1467 2686 1527 2714 post
1542 2682 1610 2713 dies,
1621 2680 1718 2708 obtulit

929 2725 996 2753 Cain
1021 2726 1053 2754 de
1077 2726 1210 2754 fructibus
1235 2732 1313 2754 terrae
1325 2725 1488 2753 sacriﬁcium
1512 2726 1634 2753 Domino.
1651 2725 1717 2753 Abel

929 2776 1019 2798 autem
1032 2771 1129 2799 obtulit
1141 2775 1167 2799 ct
1178 2772 1234 2807 ipse
1247 2771 1280 2800 de
1293 2771 1479 2807 primogenitis
1489 2765 1578 2798 ovium
1593 2778 1716 2812 suarum,

125 2851 147 2866 ε’
161 2849 239 2876 Rutn.
257 2857 306 2881 xu,
326 2848 351 2875 l.
380 2849 402 2864 ⁵³
420 2848 505 2876 Exod.
519 2855 568 2881 xu,
590 2849 633 2877 tl.
655 2848 677 2864 “
693 2847 758 2876 Luc.
780 2855 823 2883 ut,
837 2847 869 2875 l6

928 2849 938 2865 ⁸
954 2848 976 2877 ll
994 2848 1056 2877 Cor.
1073 2857 1099 2883 v,
1118 2849 1162 2878 l7.
1182 2849 1205 2866 “
1219 2849 1318 2884 Ephes.
1336 2856 1372 2883 tv,
1394 2849 1437 2877 t3.
1473 2849 1495 2865 ⁸⁷
1511 2848 1580 2876 Gen.
1599 2857 1636 2882 iv,
1657 2839 1715 2876 4ζ7.

232 2895 367 2925 ΡΑτιιοῐη
384 2895 441 2925 Gn.
457 2895 583 2925 LXXVI.

1499 2895 1537 2925 33
