1894 3056
187 123 255 152 I955

691 118 721 146 5.
741 117 876 146 CYRILLI
898 117 1129 145 ALEXANDRINI
1151 118 1308 146 AllClllEP.

1753 117 1822 146 1056

185 185 214 208 et
238 179 272 207 de
295 178 417 213 adipibus
442 183 533 203 earum
559 175 594 202 ".
616 184 626 202 ι
655 174 712 203 lmo
736 184 810 209 vero,
837 176 971 211 inquiunt,

1039 176 1095 211 )εῷ.
1113 177 1166 202 Καὶ
1187 176 1268 203 Ἅϐελ
1291 177 1388 211 ἧνεγκε
1404 177 1450 203 καὶ
1472 176 1552 208 αὐτὸς
1567 175 1622 202 ἀπὸ
1639 175 1695 202 τῶν
1712 183 1823 210 πρωτο-

187 235 240 254 uon
271 223 503 254 sacriﬁcium,sed
529 222 688 249 divisionem
713 223 896 257 reprehendit,
910 231 970 249 cum

138 290 141 297 .
186 274 220 300 ad
239 273 303 299 Cain
318 270 386 297 dixit
402 277 409 296 :
427 277 437 294 ι
450 267 555 301 Nonne,
571 268 592 294 si
606 271 678 295 recte
689 267 829 299 obtuleris,
845 274 917 295 recte
927 275 973 293 au-

187 323 239 352 tem
257 325 309 344 non
326 315 462 348 diviseris,
479 314 620 348 peccasti?
637 325 646 340 ι
663 313 718 342 lloc
732 321 747 340 e
759 313 972 348 sapientissimis

189 363 241 390 illis
253 361 386 396 episcopis
397 360 506 395 quidam
527 359 591 386 mibi
609 359 697 386 dixit:
715 359 762 385 sed
780 359 836 393 ipse
852 359 902 385 sibi
918 359 973 393 pri-

189 415 272 438 mum,
291 412 346 433 tum
365 405 470 433 cteteris
495 405 582 432 fraudi
605 409 674 431 erat.
705 404 826 438 Rogatus
855 406 926 430 enim
943 408 973 430 ut

189 455 300 485 diceret,
315 452 445 487 quidnam
461 455 534 478 esset
558 451 584 477 in
597 450 733 477 divisione
744 450 814 483 vitii,
838 449 972 484 explicare

188 505 324 532 nunquam
340 497 438 531 potuit,
451 502 483 523 ac
507 502 541 522 ne
557 494 656 529 frigida
671 494 779 529 quidem
799 494 973 528 respOnsione

187 543 354 571 satisfacere.
368 542 434 569 Cum
447 542 529 576 igitur
540 540 614 568 illum
635 540 827 567 conturbatum
843 539 972 570 viderem,

187 587 253 620 Hoc,
273 588 393 622 inquam,
409 587 495 621 ipsum
518 587 589 620 quod
613 591 640 612 tu
655 586 732 618 dicis,
749 585 818 612 Deus
843 588 915 612 recte
930 592 973 611 re-

187 633 338 668 prehendit.
354 632 505 660 Voluntalis
531 632 601 659 enim
619 639 668 666 par
681 636 740 658 erat
754 631 780 658 in
795 635 909 664 utroque
931 638 974 656 rn-

187 681 235 712 tio.
252 679 377 715 quoniam
394 684 509 712 uterque
526 678 635 712 putabat
647 678 716 703 dona
731 681 759 703 et
770 676 901 703 sacriﬁcia
915 683 974 702 esse

184 725 323 752 uﬁ'erenda
343 724 406 752 Deo.
423 724 500 757 Quod
522 727 612 749 autem
630 721 663 747 ad
684 721 844 748 divisionem
868 720 971 750 attinet,

186 771 232 799 ille
248 771 357 805 quidem
373 776 485 805 scopum
502 768 601 803 attigit,
617 767 661 794 hic
677 767 825 794 frustratus
838 771 890 793 est.
901 765 973 799 Quo-

187 818 265 844 modo
274 815 528 850 vero?Qnippecum
537 822 579 841 res
589 819 702 840 terrenae
712 813 829 839 ali-assint
838 813 973 841 animatae,

1022 222 1109 248 τόκων
1120 221 1273 256 προϐάτων,
1285 222 1330 248 καὶ
1344 221 1397 247 ἀπὸ
1409 221 1462 248 τῶν
1478 220 1597 247 creti-tow
1607 219 1708 247 αὐτῶν.
1726 229 1736 245 ι
1752 219 1820 251 Ναὶ,

1022 267 1114 301 φησὶν,
1128 267 1157 293 ού
1178 267 1227 301 τὴν
1242 266 1348 296 θυσίαν,
1362 265 1431 293 ἀλλά
1445 266 1494 301 τὴν
1509 266 1642 302 διαίρεσιν
1657 265 1819 301 ἐμέμψατο,

1022 313 1090 348 πρὸς
1113 313 1182 339 Κάῖν
1205 312 1304 339 εἰπών·
1327 321 1336 337 t
1366 312 1423 338 Οὐκ
1448 313 1481 339 ἂν
1503 313 1590 348 ὀρθῶς
1615 312 1819 348 προσενέγκῃς,

1022 359 1109 392 ὀρθῶς
1124 359 1152 385 δὲ
1176 358 1213 393 μὴ
1226 358 1325 393 διέλῃς,
1340 358 1463 394 ἥμαρτες
1474 366 1481 390 ;
1493 367 1502 383 ι
1521 358 1607 384 Τοῦτο
1620 358 1672 392 ἔφη
1688 366 1732 388 τις
1746 358 1820 392 πρὸς

1022 405 1073 439 ἐμὲ
1093 405 1146 431 τῶν
1172 404 1318 438 πανσὸφων
1341 404 1518 430 ἐπισκόπων·
1548 405 1563 431 ό
1588 403 1617 431 δὲ
1643 404 1740 438 ἠπάτα
1769 404 1820 438 μὲν

1023 450 1118 477 ἑαυτὸν
1142 450 1260 485 πρῶτον,
1276 447 1336 476 εἶτα
1357 450 1386 476 δὲ
1410 451 1458 476 καὶ
1480 451 1544 481 τοὺς
1567 450 1673 482 ἄλλους.
1703 449 1738 476 Ἦ
1765 450 1821 484 γὰρ

1022 495 1153 530 διαίρεσις
1177 495 1289 530 μεμπτὴ
1305 495 1375 521 κατὰ
1396 495 1454 521 τίνα
1472 495 1574 531 τρόπον
1595 493 1630 530 ἦν
1647 495 1823 529 ἀπαιτούμε-

1023 549 1078 571 νος,
1100 540 1150 566 οὐκ
1173 538 1244 575 εἶχεν
1259 541 1332 572 ὅπως
1351 540 1483 576 διεξέλθῃ,
1508 541 1569 567 οὐδὲ
1583 541 1657 572 ὅπως
1679 541 1750 576 πρὸς
1768 540 1822 575 ἐμὲ

1022 586 1233 622 ψυχρολογήσει.
1246 586 1357 613 Βλέπων
1365 587 1394 613 δὲ
1409 587 1488 613 αὑτὸν
1499 587 1631 622 ὲξιποροὺ
1636 595 1717 622 μενον
1727 607 1735 619 ,
1749 587 1821 613 Αὐτὸ

1023 632 1113 661 τοῦτο,
1130 628 1218 662 εἷπον,
1245 632 1260 658 ὃ
1283 632 1316 658 σὺ
1331 631 1429 665 λέγεις,
1448 632 1462 657 ὁ
1476 631 1541 663 Θεὸς
1556 632 1644 667 ὀρθῶς
1660 632 1819 667 ἐμέμψατο.

1024 678 1061 704 Τὸ
1076 677 1124 712 μὲν
1148 677 1202 713 γὰρ
1220 679 1270 712 τῆς
1285 677 1439 713 προθυμίας
1463 676 1520 704 ἴσον
1534 675 1568 713 ἦν
1582 678 1625 704 ἐπ’
1641 678 1819 713 ἀμφοτέρων,

1024 722 1065 748 ὅτι
1093 721 1165 757 δῶρα
1189 721 1322 748 ὑπέλαϐον
1347 722 1446 756 χρῆναι
1474 721 1522 747 καὶ
1547 721 1642 753 θυσίας
1668 722 1820 756 ἀναφέρειν

1024 767 1175 802 ἀμφότεροι
1188 768 1227 802 τῷ
1243 767 1312 802 Θεῷ.
1329 768 1398 803 Περὶ
1412 767 1440 794 δὲ
1455 767 1504 803 τὴν
1514 768 1646 802 διαίρεσιν
1661 769 1675 794 ὁ
1693 767 1746 802 μὲν
1761 767 1820 794 ῑτυ·

1025 822 1081 848 χεν,
1097 815 1112 839 ὁ
1125 813 1163 839 δὲ-
1175 813 1283 848 ἥμαρτε
1298 812 1344 838 τοῦ
1367 813 1480 840 σκοποῦ.
1497 813 1551 839 Καὶ
1572 812 1630 844 πῶς
1644 813 1662 848 ἧ
1677 813 1740 840 τινα
1754 813 1820 847 τρὸ-

186 863 245 890 alia:
262 866 372 890 careant
385 861 488 892 ani-na;
505 859 661 886 inanimatis
677 863 766 885 autem
795 858 918 884 animatae
930 863 971 891 po-

1039 866 1095 890 rov;
1117 857 1225 893 Ἐπειδὴ
1242 858 1296 893 γὰρ
1314 858 1368 884 τῶν
1385 858 1431 884 ἐπὶ
1446 858 1498 892 γῆς
1518 858 1602 884 ὄντων
1616 858 1650 884 τὰ
1672 859 1723 893 μὲν
1744 858 1820 884 ἐστιν

187 910 267 936 liorel
278 908 346 939 sint,
358 906 427 941 apud
440 906 523 933 Deum
539 905 681 931 viventem
696 907 722 931 et
737 904 797 930 vita:
825 907 975 933 auctorem,

186 962 213 990 in
224 958 354 988 quantum
366 956 429 979 sunt
444 956 471 978 et
486 951 549 977 vita:
567 949 724 985 participes,
741 954 768 976 et
779 949 876 976 animae
890 946 976 982 magis

185 1005 326 1034 cognatae:
342 998 443 1025 idcirco
469 996 540 1024 Deus
566 996 717 1024 obiectalus
737 999 822 1022 esteo
850 994 895 1030 qui
914 1000 975 1028 per-

186 1046 286 1074 fectum
300 1044 460 1072 sacriﬁcium
476 1042 615 1070 offerebat.

481 1161 665 1190 CYRILLUS.

220 1231 387 1260 Calumniam
400 1231 502 1265 itaque,
520 1237 572 1264 qua
590 1237 639 1256 nos
653 1229 696 1256 ille
711 1229 771 1256 ideo
787 1230 971 1264 prosequitur,

185 1279 256 1313 quod
282 1276 424 1304 Judaicum
449 1275 618 1302 sacrillcandi
651 1275 733 1302 ritum
760 1275 972 1309 repudiavimus,

185 1323 350 1350 existimavit
360 1322 428 1348 satis
441 1328 576 1355 superque
595 1321 732 1346 lirtnatum
748 1320 780 1346 iri
797 1328 830 1347 ex
844 1328 886 1352 eo,
901 1321 972 1355 quod

186 1368 306 1396 ostendit
327 1367 496 1394 sacriﬁcasse
518 1366 625 1401 quidem
646 1366 793 1398 Abraham,
806 1374 858 1393 non
881 1371 971 1393 tame!

186 1414 291 1440 (alitus
302 1413 389 1448 ignem
399 1412 425 1439 in
435 1412 492 1446 ejus
501 1411 634 1438 sacriﬁcia
647 1411 798 1445 delapsum,
808 1411 854 1438 sed
865 1411 972 1440 aliunde

185 1460 274 1496 potius
298 1459 443 1490 invectum,
462 1461 487 1484 et
501 1463 672 1484 communem
698 1456 786 1491 ignem
808 1455 901 1484 fuisse.
917 1457 971 1484 Sed

186 1513 245 1537 nos,
258 1504 363 1539 opinor,
376 1504 436 1530 illas
451 1503 656 1531 criminationes
678 1503 786 1537 egregie
807 1503 968 1536 retudimus,
985 1522 1006 1550 ο

186 1557 214 1579 et
233 1551 384 1586 imperitum
401 1550 489 1584 potius
505 1556 584 1584 quam
615 1549 809 1583 intelbgentem
831 1554 877 1576 aut
899 1550 970 1576 veri-

187 1599 275 1626 dicum
292 1597 365 1624 illum
379 1603 440 1624 esse
456 1596 604 1630 arguimus.
621 1594 780 1629 Exemplum
800 1599 889 1621 autem
901 1595 972 1622 Abe-

186 1643 220 1670 lis
236 1644 344 1677 insuper
368 1640 484 1672 adducit.
502 1640 629 1674 ipsosque
654 1646 793 1666 sacrarum
820 1639 906 1673 legum
925 1641 971 1666 ad-

187 1689 323 1718 versarios
337 1689 389 1715 hoc
410 1687 489 1714 modo
508 1686 678 1713 sacrilicasso
696 1686 742 1716 ait.
760 1693 872 1720 sperans
887 1693 916 1713 se
928 1686 971 1713 his

187 1735 278 1762 verbis
309 1733 510 1768 designaturnm
531 1730 710 1757 Christianos.
727 1730 778 1757 Sed
794 1732 921 1765 quoniam
944 1731 970 1758 in

189 1781 349 1815 explicando
368 1777 539 1806 sacriﬁcandi
561 1777 640 1804 modo
653 1784 682 1804 se
700 1781 816 1811 torquet,
837 1783 863 1804 et
878 1777 970 1804 arcani

188 1826 313 1861 quiddam
326 1826 395 1852 seire
407 1831 436 1850 so
449 1823 586 1849 existimat
600 1831 606 1849 :
621 1830 680 1857 age,
694 1830 787 1850 rursus
801 1822 874 1849 illum
889 1823 969 1850 etiam

189 1873 233 1900 hic
246 1871 352 1905 frigide,
371 1875 400 1896 ut
412 1869 470 1901 ejus
490 1867 572 1903 358
583 1868 672 1894 verbis
694 1871 810 1899 utamur,
827 1873 853 1894 et
872 1868 971 1895 insulse

189 1918 261 1952 loqui
276 1917 459 1944 ostendamus.
479 1915 620 1941 Enimvero
634 1912 772 1948 Scriptura
786 1921 862 1941 sacra
877 1915 970 1946 refert,

188 1962 254 1990 Διιυί
268 1961 422 1988 immolasse
437 1960 545 1994 quidem
572 1958 704 1989 victimas.
719 1958 784 1985 Cain
801 1966 864 1985 vero
881 1959 971 1993 fruges

188 2007 334 2038 obtulisse;
349 2010 376 2032 et
392 2013 486 2032 munus
509 2005 615 2038 quidem
640 2004 731 2031 Abelis
755 2003 838 2030 Deum
861 2010 970 2038 aspecttt

189 2061 240 2080 suo
253 2053 388 2086 dignatum
401 2057 470 2083 esse,
491 2050 566 2077 Caiui
580 2055 668 2076 autem
685 2050 848 2077 sacriﬁciqu
862 2058 971 2077 aversa-

189 2105 254 2125 tum.
270 2098 401 2124 Caeterum
435 2096 505 2130 quod
532 2100 642 2122 sanctus
667 2095 709 2121 vir
734 2096 780 2126 ait;
813 2095 970 2122 divisionem

159 2158 162 2161 λ
188 2144 265 2171 istius
279 2142 339 2169 mali
356 2148 465 2169 causam
494 2140 654 2173 exstitisse;
670 2140 787 2167 rationes
798 2141 906 2174 quidem
918 2149 970 2168 non

1026 903 1187 938 ἔμψυχα,τὰ
1201 903 1228 929 δὲ
1242 903 1343 938 ἀψυχα,
1357 903 1508 939 τιμιώτερα
1520 904 1549 930 δὲ
1564 904 1620 930 τῶν
1634 904 1749 939 ἀψύχων
1761 906 1821 930 ἐστὶ

1025 948 1058 974 τὰ
1083 947 1190 982 ἔμψυχα
1213 947 1251 982 τῷ
1277 947 1359 979 ζῶντι
1382 949 1429 974 καὶ
1454 948 1526 983 ζωῆς
1551 949 1629 984 αίτίῳ
1655 949 1727 984 Θεῷ,
1751 949 1819 975 κλθδ

1025 994 1073 1020 καὶ
1093 992 1167 1028 ζωῆς
1190 993 1363 1029 μετείληφεν,
1388 995 1435 1020 καὶ
1458 994 1549 1029 ψυχῆς
1573 996 1744 1031 οἰκειότερα·
1774 996 1820 1021 διὰ

1024 1038 1102 1065 τοῦτο
1116 1039 1155 1074 τῷ
1180 1039 1286 1066 τελείαν
1309 1040 1474 1075 προσάγοντι
1493 1039 1588 1067 θυσίαν
1607 1041 1621 1066 ὁ
1635 1040 1703 1072 Θεὸς
1730 1042 1818 1074 ἐπηυι

1025 1084 1140 1120 φράνθη.

1322 1162 1508 1189 ΚΥΡΙΛΛΟΣ.

1065 1230 1147 1265 ᾯήθη
1163 1230 1212 1265 μὲν
1226 1227 1271 1257 οὗν
1286 1230 1454 1265 ἀποχρήσειν
1470 1229 1544 1265 αὐτῷ
1560 1231 1628 1266 πρὸς
1643 1231 1809 1266 ἐπικουρεαν

1022 1272 1056 1311 ἦς
1083 1275 1228 1310 πεποίηται
1251 1274 1312 1301 καθ’
1328 1274 1406 1310 ἡμῶν
1427 1275 1564 1310 διαϐολῆς,
1589 1276 1629 1302 ὃτι
1656 1275 1733 1302 θύειν
1749 1277 1817 1311 ἡμῖν

1029 1319 1181 1351 Ίουδαῖκῶς
1194 1320 1426 1351 ἀπεσπούδασται,
1442 1321 1472 1347 τὸ
1487 1321 1626 1356 ἀποφῆναι
1643 1322 1694 1357 μὲν
1715 1322 1817 1348 θύοντα

1022 1367 1068 1393 τὸν
1097 1366 1233 1401 Ἀϐραὰμ,
1248 1366 1278 1392 οὐ
1302 1366 1355 1402 μὴν
1382 1367 1429 1393 καὶ
1452 1367 1482 1399 ἐξ
1503 1367 1618 1403 οὐρανοῦ
1646 1367 1817 1402 καθιγμένον

1023 1413 1078 1444 τοῖς
1103 1412 1221 1447 θύμασιν
1235 1412 1383 1448 ὲπιπτῆναι
1405 1413 1436 1439 τδ
1459 1413 1525 1448 πῦρ,
1541 1413 1641 1445 ἔξωθεν
1664 1414 1692 1440 δὲ
1713 1414 1816 1449 μᾶλλον

1023 1458 1211 1494 είσκεκρίσθαι
1222 1467 1262 1488 τε,
1285 1459 1330 1484 καὶ
1351 1456 1421 1485 εἶναι
1445 1459 1544 1485 κοινόν.
1567 1459 1816 1495 ’Λπεκρουσάμεθι

1022 1504 1060 1535 δὲ,
1077 1504 1114 1535 ὣς
1131 1512 1162 1538 γε
1181 1502 1269 1538 οἶμαι,
1288 1504 1337 1535 τὰς
1355 1504 1445 1536 αἰτίας
1460 1506 1508 1532 οὐκ
1523 1505 1653 1539 ἀγεννῶς,
1671 1506 1717 1532 καὶ
1734 1507 1816 1532 ὰσυν-

1023 1547 1135 1574 ετοῦντα
1150 1547 1250 1582 μᾶλλον
1273 1547 1345 1583 ἢπερ
1365 1556 1392 1574 τι
1408 1549 1462 1575 τῶν
1477 1549 1583 1584 ἀληθῶν
1603 1550 1692 1577 εἰδότα
1716 1558 1747 1577 τε
1769 1551 1816 1577 καὶ

1023 1593 1160 1628 φράζοντα
1178 1593 1361 1628 διελέγξαμεν.
1397 1594 1568 1630 Ἐπειοφὲρει
1591 1596 1618 1622 δὲ
1646 1595 1685 1631 τῷ
1711 1596 1814 1632 πρώτῳ

1021 1640 1083 1670 τοὺς
1097 1639 1167 1674 ἀμφὶ
1185 1640 1231 1665 τὸν
1252 1640 1335 1666 Ἀὃελ
1348 1639 1491 1666 τεθυκέναι
1510 1649 1538 1666 τε
1555 1640 1637 1668 οὕτω,
1650 1642 1697 1668 καὶ
1715 1642 1815 1673 αὐτούς

1022 1692 1089 1718 φησι
1115 1685 1174 1716 τοῖς
1207 1685 1288 1720 ἱεροῖς
1319 1685 1513 1719 ἁντεξάγοντας
1541 1686 1644 1721 νόμοις,
1673 1687 1814 1721 ἀποφῆναι

1022 1730 1178 1764 προσδοκῶν
1200 1733 1247 1757 καὶ
1268 1730 1312 1757 διὰ
1333 1731 1429 1758 τούτου
1450 1732 1637 1766 Χριστιανούς.
1659 1732 1770 1768 Ἐπειδὴ
1786 1733 1814 1758 δὲ

1022 1776 1241 1810 πολυπραγμονεί
1263 1776 1312 1811 τῆς
1336 1776 1431 1808 Θυσίας
1453 1777 1497 1804 τὸν
1511 1777 1622 1813 τρόπον,
1642 1777 1722 1813 ᾠήθη
1739 1777 1768 1804 δέ
1784 1786 1811 1804 τι

1027 1821 1081 1847 τῶν
1097 1822 1259 1857 ἀπορρήτων
1273 1822 1385 1853 είδέναι,
1402 1823 1466 1858 φέρε
1483 1823 1526 1856 δὴ,
1547 1823 1623 1858 φέρε,
1640 1823 1714 1850 καθᾶ
1730 1832 1812 1858 φησιν

1022 1868 1111 1900 αὐτὸς,
1121 1868 1171 1894 κὰν
1182 1867 1268 1903 τούτῳ
1274 1868 1305 1903 δὴ
1315 1869 1394 1895 πάλιν
1405 1869 1621 1904 ψυχρολογοῦντα
1633 1869 1810 1904 δεικνὲωμεν.

1025 1913 1096 1948 Ἔφη
1121 1913 1169 1948 μὲν
1187 1913 1241 1948 γὰρ
1253 1914 1269 1948 ὴ
1283 1913 1460 1946 θεόπνευστος
1479 1915 1584 1950 Γραφὴ,
1602 1915 1746 1942 τεθυκέναι
1764 1916 1812 1950 μὲν

1023 1960 1106 1994 ἱερεῖα
1125 1959 1171 1985 τὸν
1187 1959 1286 1985 Ἀϐελ-
1312 1960 1381 1986 Κάῑν
1401 1968 1434 1994 γε
1451 1960 1503 1996 μὴν
1521 1961 1707 1995 προσκομίσαι
1724 1961 1760 1987 τὰ
1783 1962 1812 1993 ἐξ

1021 2004 1118 2039 ὡρῶν·
1135 2004 1181 2031 καὶ
1195 2005 1244 2039 τὴν
1262 2005 1310 2039 μὲν
1330 2005 1413 2031 Ἀὁελ
1428 2005 1596 2040 δωροφορίαν
1617 2007 1751 2042 ἐποπτεία
1769 2015 1813 2033 τε·

1021 2050 1151 2084 τιμῆσθαι
1170 2051 1202 2084 τῇ
1219 2050 1295 2084 παρὰ
1313 2050 1392 2081 Θεοῦ,
1410 2051 1536 2086 ὑΰρῑσθαι
1561 2051 1589 2077 δέ
1611 2060 1670 2083 πως
1693 2052 1744 2087 τὴν
1765 2053 1812 2079 τοῦ

1022 2095 1091 2121 Κάῖν
1107 2095 1201 2121 ουσίαν
1220 2095 1264 2122 διὰ
1287 2096 1337 2131 τῆς
1361 2096 1546 2131 ἀποστροφῆς.
1572 2095 1639 2124 Εἶτα
1659 2097 1812 2131 φάσκοντος

1022 2140 1117 2175 ἀνδρὸς
1137 2140 1214 2173 ἁγίου
1234 2141 1368 2176 πρόφασιν
1387 2141 1512 2176 γενέσθαι
1538 2142 1584 2168 τοῦ
1607 2143 1811 2178 ωδμϐεὸηκότος

187 2189 316 2219 admittit.
340 2188 387 2214 sed
415 2186 509 2214 eadem
537 2186 643 2220 repetit,
660 2193 692 2212 ac
722 2185 830 2212 eﬁutire
859 2191 971 2213 conatur

1040 2186 1072 2222 ὴν
1089 2187 1231 2222 διαίρεσιν,
1249 2188 1279 2213 ού
1295 2187 1436 2223 προσίεται
1452 2189 1502 2222 μὲν
1525 2189 1587 2220 τοὺς
1609 2189 1716 2223 λόγους,
1735 2199 1811 2225 περι-

187 2234 258 2270 quod
273 2238 345 2260 recte
368 2239 398 2260 se
415 2232 516 2258 habere
540 2235 641 2258 temere
654 2235 683 2257 et
703 2231 904 2258 inconsiderate
929 2239 970 2258 su-

187 2281 317 2315 spicatur.
332 2278 398 2306 Cum
420 2277 503 2307 enim,
517 2276 613 2310 inquit,
633 2276 702 2302 Deus
733 2278 786 2302 vlta
808 2276 843 2302 sit
857 2280 884 2302 et
906 2276 972 2302 vivi-

187 2327 265 2357 ficus,
281 2327 388 2351 laztatur
416 2322 597 2350 oblationibus
613 2329 703 2348 rerum
718 2321 908 2352 snimatarum,
920 2329 971 2348 non

187 2376 275 2398 autem
303 2376 395 2396 earum
419 2375 478 2402 quae
495 2368 550 2394 vita
568 2371 673 2398 carent,
686 2371 713 2393 et
734 2373 802 2401 quas
823 2370 895 2393 terra
911 2373 971 2401 pro-

187 2417 271 2444 ducit.
288 2415 340 2442 Sed
355 2414 474 2450 prol’ecto
486 2420 546 2440 cum
567 2412 624 2439 [nec
639 2412 715 2444 dicit,
728 2413 785 2439 suis
799 2411 856 2446 ipse
880 2412 972 2438 docto-

187 2463 262 2490 ribus
282 2461 450 2488 adversutur.
470 2457 635 2494 Pythagoras
655 2457 753 2492 quippe
776 2456 901 2484 omnibus
914 2464 972 2484 mo-

187 2508 230 2534 dis
244 2507 352 2538 asserit,
366 2504 544 2532 animantium
569 2502 702 2530 sacriﬁcia
727 2502 813 2529 invisa
837 2509 898 2529 esse
919 2502 971 2529 diis

188 2553 255 2584 suis,
270 2559 302 2578 ea
321 2558 385 2578 vero
400 2549 560 2584 cumprimis
573 2547 681 2583 probari
704 2555 763 2582 qua:
777 2548 855 2574 thure
867 2552 895 2574 et
916 2547 972 2574 fru-

188 2597 266 2632 gibus
281 2597 359 2622 fiunt.
374 2591 452 2622 Unde
474 2593 640 2629 Porphyrius
655 2600 715 2620 cum
740 2592 895 2620 Graecorum
909 2593 972 2620 ﬁliis

187 2644 239 2671 hac
253 2643 286 2669 de
299 2649 328 2669 re
342 2641 525 2675 compluribus
542 2641 568 2667 in
585 2640 650 2666 locis
659 2639 767 2666 disserit
781 2659 788 2672 ,
802 2639 844 2666 bis
858 2639 949 2666 verbis
962 2647 969 2665 :

188 2688 353 2716 Postremum
380 2687 460 2722 igitur
483 2691 507 2713 et
533 2686 740 2712 recentissimum
765 2690 814 2717 est,
830 2685 898 2719 quod
925 2693 971 2718 per

187 2733 315 2762 animalia
330 2733 360 2767 ﬁt
378 2732 554 2762 sacriﬁcium;
568 2731 638 2766 quod
651 2738 683 2758 ea:
704 2739 785 2758 causa
799 2731 903 2765 quidem
919 2738 970 2758 non

224 2822 247 2839 ⁸⁸
263 2822 332 2849 Gen.
349 2829 385 2854 tv,
401 2821 428 2854 ὅ,
447 2821 473 2848 ι.

1025 2232 1163 2264 αυτίζεται
1176 2233 1204 2260 δὲ
1220 2234 1267 2259 καὶ
1279 2234 1406 2269 πειρᾶται
1419 2234 1508 2268 λέγειν
1524 2235 1605 2266 αὐτὸς
1615 2235 1645 2261 τὸ
1659 2236 1753 2267 ἁπλαῖς
1766 2237 1812 2262 καὶ

1022 2279 1209 2310 ἀϐασανίστως
1232 2276 1261 2305 εὖ
1286 2279 1357 2314 ἔχειν
1377 2279 1590 2314 ὑπειλημμένον.
1617 2280 1725 2316 Ἐπειδὴ
1745 2283 1810 2317 γὰρ,

1023 2325 1098 2359 φησὶ,
1118 2324 1175 2360 ζωὴ
1195 2325 1243 2350 καὶ
1264 2325 1395 2356 ζωοποιὺς
1413 2326 1427 2351 ὁ
1443 2325 1518 2357 Θεὸς,
1534 2327 1594 2356 ταῖς
1609 2325 1662 2352 τῶν
1681 2327 1811 2362 ἐμψύχων

1024 2371 1216 2405 προσαγωγαῖς
1231 2371 1418 2405 ὲπιγάννυται,
1433 2372 1478 2397 καὶ
1491 2371 1550 2407 οὐχὶ
1565 2373 1620 2402 τοῖς
1632 2373 1748 2407 ἀψύχοις
1767 2375 1812 2400 καὶ

1023 2415 1077 2442 ἀπὸ
1092 2416 1154 2452 γῆς.
1166 2416 1291 2443 Μάλιστα
1313 2417 1362 2451 μὲν
1381 2415 1426 2443 οὖν
1441 2417 1528 2444 ταῦτα
1543 2418 1640 2452 λέγων,
1664 2420 1721 2450 τοῖς
1739 2419 1812 2451 ἰδίοις

1022 2461 1102 2492 αὺτὺς
1115 2461 1276 2496 διαμάχεται
1290 2461 1469 2496 καθηγηταῖς.
1487 2463 1517 2489 '0
1527 2463 1581 2497 γάρ
1592 2471 1633 2489 τοι
1648 2464 1812 2500 Πυθαγόρας

1024 2505 1079 2532 ἀνω
1093 2513 1122 2532 τε
1137 2506 1186 2532 καὶ
1202 2507 1277 2533 κάτω
1292 2507 1342 2538 τὰς
1364 2506 1408 2533 διὰ
1421 2507 1475 2534 τῶν
1489 2507 1566 2539 ζώων
1588 2508 1746 2544 ἱερουργίας
1759 2510 1811 2536 ἀπ-

1022 2550 1181 2586 ηχθημένας
1202 2549 1271 2578 εἷναί
1293 2560 1360 2587 φησι
1380 2553 1436 2584 τοῖς
1450 2552 1533 2580 αὑτοῦ
1556 2552 1637 2586 θεοῖς,
1649 2555 1811 2589 τετιμῆσθαι

1023 2596 1052 2622 δὲ
1069 2596 1168 2631 μᾶλλον
1188 2598 1234 2623 καὶ
1249 2597 1296 2623 τοῦ
1323 2598 1423 2629 παντὸς
1440 2598 1574 2632 ἠξιῶσθαι
1598 2599 1679 2633 λόγου
1704 2599 1754 2631 τὰς
1769 2600 1812 2627 διὰ

1024 2641 1139 2674 καρπῶν
1158 2641 1204 2668 καὶ
1218 2640 1377 2669 λιϐανωτοῦ.
1391 2641 1446 2668 Καὶ
1460 2642 1525 2676 γοῦν
1537 2644 1552 2669 ὁ
1566 2643 1724 2679 Πορφύριος
1739 2644 1811 2675 ﬂag-

1025 2687 1124 2722 σταχοῦ
1135 2687 1289 2722 διαλέγεται
1305 2690 1362 2720 τοῖς
1384 2689 1519 2724 Ἑλλήνων
1536 2690 1615 2717 παισὶ
1636 2691 1703 2726 περὶ
1717 2691 1810 2718 τούτου

1025 2732 1073 2760 καί
1088 2741 1186 2768 φησιν·
1218 2733 1345 2768 Ὑστέρα
1363 2733 1466 2769 μέντοι
1495 2737 1545 2762 καὶ
1571 2735 1704 2770 νεωτάτη
1724 2737 1744 2771 ἡ
1766 2736 1812 2764 διὰ
