1894 3056
75 155 92 181 ι
101 156 158 182 057

672 158 809 187 CONTRA
829 158 1002 188 JULIANUM
1022 160 1085 189 LIB.
1108 162 1142 190 Χ.

1644 174 1712 203 1058

72 216 150 243 τῶν
166 215 244 248 ζώων
261 217 367 244 θυσία·
383 217 440 252 τὴν
455 218 489 245 δὲ
504 219 745 247 ιιὶτίανλασοῦσα
760 221 815 248 οὐκ
828 221 857 248 εἰ

930 222 967 248 ila
994 227 1071 256 grata
1088 228 1174 251 artum
1193 229 1230 251 est
1245 233 1276 252 ac
1296 226 1366 253 illud
1389 229 1457 263 quod
1479 229 1558 263 ﬁebat
1571 240 1603 258 ea:
1618 233 1713 267 fructi-

74 261 236 296 χάριστον
249 262 289 295 ὡς
306 263 325 296 ἡ
341 263 375 290 ἐκ
400 262 459 289 τῶν
483 263 613 298 καρπῶν,
634 264 715 291 ἀλλὰ
736 266 835 299 λιμοῦ,
854 265 874 299 ἦ

73 314 170 340 τινος
185 308 282 342 ἄλλης
298 308 464 343 δυστυχίας
478 310 665 343 περίστασιν.
681 311 810 338 Ἥδεσθαι
821 312 876 338 τοί-

74 360 136 379 νυν
154 354 220 390 φησὶ
238 354 286 380 καὶ
299 355 362 385 τοὺς
375 355 440 390 παρ’
460 356 550 387 αὐτοῖς
566 356 643 388 θεοὺς
663 357 693 383 οὐ
707 359 768 389 ταῖς
782 358 814 384 δι’
831 358 874 384 al-

77 399 182 433 μάτων
207 399 323 432 θυσίαις,
344 400 382 431 ὡς
405 402 561 435 νεωτάταις,
579 403 627 429 καὶ
652 404 701 430 οὐκ
714 404 875 440 εὐχάριστον

75 443 214 478 ἐχούσαις
239 445 286 480 τὴν
309 446 452 482 ἀφορμήν·
469 447 561 474 ἄνθεσι
587 448 627 481 δὲ,
649 449 696 475 καὶ
713 449 803 482 πόαις,
826 450 874 477 καὶ

75 491 143 522 τοῖς
157 491 187 523 ἐξ
200 490 289 526 ὡρῶν.
308 491 387 519 Ἀλλὰ
401 493 479 520 ταυτὶ
494 494 543 528 μὲν
556 495 668 526 ἐκεῖνος.
683 495 874 528 Βασανιζέσθω

74 535 114 561 δὲ
132 537 199 571 πρὸς
217 537 294 572 ἡμῶν
311 538 325 564 ό
339 537 383 565 διὰ
396 539 518 571 Μωσέως
530 540 621 575 νόμος,
637 541 685 568 καὶ
697 541 761 574 τοὺς
776 542 830 568 τῶν
844 544 873 569 ἐν

75 581 162 616 αὐτῷ
174 581 272 608 θυσιῶν
283 582 555 618 πολυπραγμονῶμεν
572 586 699 620 τρόπους.
719 586 824 613 Οὐκοῦν
839 587 874 614 τὰ

77 626 139 659 μὲν
157 627 210 653 τῶν
233 627 310 659 ζώων
328 629 449 665 ἀϐέϐηλα
465 630 608 665 καθιεροῦν
624 631 733 658 ἐκέλευε
755 632 794 668 τῷ
814 633 873 668 Θεῷ

75 672 142 702 τοῖς
165 671 243 698 τοῦτο
259 673 325 708 δρᾷν
351 674 489 708 ίσχύουσι·
511 677 568 707 τοῖς
588 685 620 710 γε
644 677 697 713 μὴν
720 679 748 704 ὲν
771 679 874 715 ἀπορίᾳ

73 716 133 743 τοῦ
160 718 292 752 μείζονος,
313 720 450 755 σεμίδαλιν
475 721 692 749 ὲλαιόδευστον.‹
728 723 791 750 Ἐὰν
817 724 872 760 γὰρ

76 762 124 797 μὴ
146 763 205 799 ἔχῃ,
225 765 317 799 φησὶν,
342 766 359 800 ἡ
381 767 442 801 χεὶρ
460 767 554 800 αὑτοῦ,
579 769 719 803 σεμίδαλις
740 769 816 796 ἔσται
841 770 872 796 τὸ

73 807 170 843 δῶρον
192 810 285 843 αὑτοῦ,
300 811 347 838 καὶ
362 813 467 847 ἑπιχεεῖ
493 814 535 839 ἐπ’
556 814 641 849 αὐτὴν
659 814 756 842 ἔλαιον.
778 825 788 842 ο
809 815 871 842 Ὅτι

73 852 111 879 δὲ
133 854 180 881 καὶ
205 858 322 891 καρποῖς
345 859 399 889 τοῖς
418 858 471 885 ἀπὸ
485 860 547 895 γῆς,
563 860 610 886 καὶ
631 861 721 896 μέντοι
739 862 770 894 ἐξ
791 862 871 897 ὡρῶν

75 899 185 934 ἐτίμων
202 901 226 927 οἱ
241 901 322 929 πάλαι
337 903 390 929 τῶν
407 892 534 931 ἁπάντων
545 906 612 940 ήμϊν
627 892 681 932 τῶν
696 892 805 940 ἀγαθῶν
815 892 868 934 ¹δο-
885 892 906 919 Β

75 945 155 980 τῆρα
170 946 246 980 Θεὸν,
270 949 302 974 ἐκ
316 948 369 975 τῶν
387 950 507 982 Μωσέως
534 952 662 988 εἰσόμεθα
679 953 779 988 νόμων.
797 954 867 990 Ἔφη

75 990 138 1026 γὰρ
160 991 260 1024 οὕτως·
281 1002 290 1018 ‹
319 994 374 1020 Καὶ
401 995 516 1031 ἐλάλησε
535 996 636 1033 Κύριος
661 999 728 1033 πρὸς
753 999 867 1034 Μωσῆν,

75 1036 185 1072 λέγων·
209 1037 292 1066 Εἶπον
307 1042 362 1072 τοίς
376 1042 444 1073 υὶοίς
463 1043 580 1078 Ἰσραήλ,
595 1045 641 1071 καὶ
653 1046 725 1080 ἐρεῖς
739 1046 806 1080 πρὸς
819 1047 869 1073 αύ-

75 1083 162 1115 τούς·
180 1084 263 1112 Ὅταν
277 1087 416 1123 εἰσέλθητε
435 1089 475 1120 είς
489 1090 539 1124 γῆν
552 1091 585 1125 ἢν
601 1090 657 1124 ἐγὼ
672 1091 767 1126 δίδωμι
791 1093 865 1127 ὑμῖν,

76 1129 130 1155 καὶ
142 1129 266 1165 θερίςητε
280 1132 326 1158 τὸν
339 1132 467 1169 θερισμὸν
482 1135 577 1170 αὐτῆς,
595 1136 642 1162 καὶ
658 1137 744 1163 οἴσετε
757 1138 868 1172 δράγμα

76 1174 210 1210 ἀπαρχὴν
226 1177 272 1203 τοί
299 1177 429 1214 θερισμοῦ
448 1181 524 1216 ὑμῶν
540 1182 609 1217 πρὸς
630 1183 675 1209 τὸν
701 1184 794 1219 ἱερέα·
820 1185 867 1211 καὶ

76 1220 183 1247 ἀνοίσει
194 1221 223 1247 τὸ
235 1223 345 1259 δράγμα
358 1224 446 1252 ἔναντι.
457 1227 559 1262 Κυρίου
569 1228 660 1255 δεκτδν
674 1229 748 1264 ὑμῖν.
766 1239 774 1255 ι
794 1231 864 1266 Ἔφη

75 1265 107 1291 δὲ
124 1267 152 1292 ἐν
166 1267 204 1302 τῷ
218 1270 437 1306 Δευτερονομίῳ·
463 1282 472 1298 ι
498 1273 553 1299 Καὶ
572 1273 659 1306 ἔσται,
686 1275 719 1301 ἂν
741 1265 865 1312 εἰσέλθῃς

75 1313 120 1343 είς
145 1313 194 1347 τὴν
221 1314 272 1348 γῆν
306 1315 340 1350 ἢν
369 1315 470 1352 Κύριος
501 1317 515 1343 ὁ
540 1318 605 1350 Θεός
632 1328 677 1345 σου
708 1319 798 1347 δίδωσί
824 1329 865 1347 σοι

76 1357 109 1382 ἐν
128 1357 230 1393 κλήρῳ,
252 1358 298 1385 καὶ
321 1360 599 1398 κατακληρονομήσῃς
616 1364 709 1399 αὐτὴν,
737 1365 783 1391 καὶ
799 1374 865 1392 κατ-

75 1404 195 1439 οικήσῃς
220 1404 264 1431 ἐπ’
293 1406 394 1441 αὐτῆς,
421 1407 469 1433 καὶ
494 1408 566 1443 λήψῃ
592 1409 640 1436 ἀπ’
665 1410 750 1443 αὐτῆς
777 1411 865 1446 ἀπαρ-

75 1449 129 1484 χὰς
142 1449 197 1476 τῶν
211 1451 324 1486 καρπῶν
336 1460 381 1478 σου
397 1453 447 1488 τῆς
462 1454 523 1487 γῆς,
535 1452 569 1490 ἧς
586 1455 687 1491 Κύριος
704 1456 718 1482 ὁ
734 1456 800 1489 Θεός
816 1466 863 1484 σου

74 1494 169 1521 δίδωσί
192 1503 244 1529 σοι,
272 1497 319 1523 καὶ
342 1498 470 1533 ἐμϐαλεῖς
492 1500 531 1530 εἰς
557 1501 715 1536 κάρταλλον,
744 1503 790 1528 καὶ
815 1512 863 1530 πο-

77 1539 163 1576 ρεύσῃ
183 1542 224 1573 είς
243 1542 289 1568 τὸν
302 1543 382 1569 τόπον
397 1544 426 1569 ὃν
441 1544 473 1571 ἂν
493 1545 635 1581 ἐκλέξηται
655 1547 755 1582 Κύριος
770 1550 783 1574 ὀ
796 1548 862 1580 Θεός

76 1595 138 1619 σου,
153 1587 334 1624 ἐπικληθῆναι
345 1590 375 1616 τὸ
394 1591 480 1626 ὖνομα
501 1592 583 1619 αὐτοῦ
601 1593 668 1620 ὲκεῑ.
686 1595 742 1620 Καὶ
765 1594 862 1631 ὲλεύσῃ

76 1633 148 1669 πρὸς
163 1633 209 1660 τὸν
232 1634 317 1670 ίερέα,
333 1635 362 1667 ὃς
376 1636 409 1662 ἂν
429 1636 522 1672 κύριος
536 1640 565 1665 ἐν
580 1641 640 1671 ταῖς
654 1639 770 1676 ἡμέραις
790 1641 864 1668 ἐκεί-

75 1687 148 1710 ναις,
160 1681 206 1706 καὶ
221 1681 292 1716 ἐρεῖς
312 1682 379 1717 πρὸς
394 1683 492 1710 αὐτόν·
518 1684 674 1720 Ἀναγγελῶ
692 1687 810 1722 σήμερον
824 1688 864 1724 τῷ

75 1725 138 1760 Θεῷ
164 1735 226 1761 μου,
247 1728 288 1754 ὃτι
309 1728 467 1764 εἰσελήλυθα
496 1731 535 1762 εἰς
559 1732 607 1767 τὴν
636 1733 687 1767 γῆν
711 1733 746 1768 ἢν
773 1733 863 1768 ὤμοσε

76 1772 179 1809 Ιςύριος
194 1774 250 1805 τοῖς
271 1775 406 1810 πατράσιν
420 1776 498 1811 ἡμῶν
517 1777 607 1803 δοῦναι
621 1779 696 1813 ἡμῖν.
714 1779 768 1805 Καὶ
785 1779 864 1815 λήψε-

75 1827 122 1845 ται
139 1820 153 1845 ὁ
174 1820 263 1854 ἱερεὺς
280 1820 325 1847 τὸν
343 1821 494 1857 κάρταλλον
511 1823 543 1849 ἐκ
559 1823 613 1849 τῶν
630 1824 729 1858 χειρῶν
744 1833 801 1857 σου,
816 1826 864 1851 καὶ

77 1864 157 1900 θήσει
172 1865 254 1892 αὑτὸν
269 1866 399 1894 ἀπέναντι
423 1868 469 1894 τοῦ
488 1868 679 1905 θυσιαστηρίου
695 1871 798 1906 Κυρίου
815 1871 862 1898 τοῦ

74 1911 144 1937 Θεοῦ
160 1919 217 1938 σου.
232 1921 241 1937 ι
253 1912 318 1939 Ὅτε
333 1913 424 1940 τοίνυν
441 1915 488 1941 καὶ
500 1914 584 1949 ληῖων
600 1916 726 1951 ἀπαρχὰς
737 1917 784 1943 καὶ
796 1925 864 1952 καρ-

76 1956 137 1983 πῶν
153 1957 266 1992 ὠρίμων
281 1957 424 1993 καθιεροῦν
440 1960 618 1995 προστέταχε,
632 1960 690 1992 πῶς
711 1961 862 1996 ἀπόϐλητον

75 2002 195 2029 ἐποιεῖτο
208 2002 256 2038 τὴν
272 2003 316 2030 διὰ
329 2012 360 2038 γε
373 2004 420 2030 τοῦ
441 2006 509 2032 Κάίν
526 2005 628 2038 θυσίαν,
647 2006 687 2033 ὅτι
705 2006 742 2042 μὴ
763 2007 862 2042 μᾶλλον

74 2048 111 2074 δι’
125 2049 266 2084 ἐμψύχων,
283 2050 351 2077 ἀλλὰ
369 2050 413 2077 διὰ
432 2051 487 2077 τῶν
511 2052 621 2087 ἀψύχων
634 2053 799 2088 ἐπράττετο;
815 2054 862 2080 Δέ-

74 2093 180 2120 δεικται
190 2094 244 2129 γὰρ
261 2094 293 2121 ὲκ
309 2096 410 2129 νόμων,
424 2095 470 2121 καὶ
483 2095 555 2130 μάλα
569 2096 673 2130 σαφῶς,
691 2096 728 2128 ὡς
742 2098 798 2128 τοῖς
812 2098 862 2132 ὲμ-

75 2139 172 2175 ψύχοις
187 2140 264 2175 ὁμοῦ,
282 2141 329 2167 καὶ
345 2141 388 2168 διὰ
404 2138 457 2167 τῶν
475 2142 587 2177 ἀψύχων
602 2142 766 2177 ἀναθήματα
778 2151 862 2178 προσ-

77 2185 132 2211 ίετο
146 2185 222 2216 Θεὸς.
238 2186 292 2212 Καὶ
306 2186 371 2220 γοῦν
384 2187 398 2212 ὁ
411 2186 554 2219 θεσπέσιος
568 2187 660 2218 Δαῦὶδ,
676 2188 714 2219 ὡς
732 2187 791 2220 ἐξὸν
805 2189 860 2220 τοῖς

74 2231 160 2258 πάλαι
174 2233 230 2263 τοῖς
251 2232 359 2266 ἀλόγοις
374 2232 429 2259 τῶν
451 2232 529 2266 ζώων
549 2234 774 2269 συνανακομίζειν
791 2243 859 2270 καρ-
875 2249 896 2276 D

75 2278 152 2310 ποὺς,
169 2279 242 2304 ποιεῖ
256 2278 368 2312 λέγοντα
383 2279 429 2306 τὸν
445 2280 592 2316 νομοθέτην
610 2282 666 2312 τοῖς
679 2280 710 2313 ἐξ
728 2281 836 2317 Ἰσραήλ
849 2290 856 2296 ”

77 2333 86 2350 ι
101 2324 139 2350 Ub
154 2323 265 2359 δέξομαι
278 2325 310 2351 ὲκ
323 2324 370 2350 τοῦ
385 2325 459 2352 οῐκου
475 2334 521 2352 σου
537 2325 662 2361 μόσχους,
677 2326 737 2353 οὐδὲ
751 2327 784 2353 ὲκ
804 2327 858 2354 τῶν

74 2370 207 2405 ποιμνίων
224 2379 270 2397 σου
292 2371 445 2406 χιμάρους·
473 2372 528 2406 ὲμὰ
551 2372 605 2407 γάρ
630 2373 688 2399 ἐστι
714 2373 804 2399 πάντα
824 2373 859 2400 τὰ

74 2415 156 2452 θηρία
171 2415 218 2443 τοῦ
236 2416 351 2451 δρυμοῦ,
372 2418 459 2454 κτήνη
474 2417 503 2444 ὲν
519 2419 576 2450 τοῖς
598 2418 700 2454 ὄρεσιν,
715 2419 761 2446 καὶ
778 2419 837 2454 βόες
847 2427 854 2435 ·

73 2462 180 2496 ἔγνωκα
190 2463 278 2490 πάντα
291 2464 325 2489 τὰ
338 2464 450 2491 πετεινὰ
463 2464 509 2492 τοῦ
522 2465 648 2500 οὐρανοῦ,
663 2466 711 2493 καὶ
722 2466 857 2502 ὡραιάτης

73 2508 158 2544 ἀγροῦ
172 2509 231 2544 μετ’
245 2508 312 2545 ἐμοῦ
324 2509 408 2537 ἐστιν.
428 2519 438 2536 ι
462 2510 633 2546 Ὧραιότητα
643 2512 698 2548 γὰρ
714 2513 807 2548 arma?)
822 2513 857 2540 τὰ

72 2554 102 2586 ἑξ
125 2554 204 2590 ὡρῶν
220 2555 358 2590 ὀνομάζει.
371 2556 434 2584 Ὅτι
456 2556 485 2584 δὲ
506 2558 570 2594 περὶ
588 2558 638 2594 τὴν
660 2559 792 2595 διαίρεσιν
807 2559 856 2595 τὴν

47 2627 49 2630 ι
72 2601 216 2635 ἀπότευξιν
239 2601 278 2637 τῷ
303 2603 374 2631 Κάῖν
395 2603 523 2638 γενέσθαι
547 2604 715 2640 συμσέσηκε,
741 2606 790 2633 οὐκ
813 2606 857 2638 ἂν,

72 2645 157 2682 οἶμαι,
172 2648 214 2680 τὶς
226 2647 400 2684 διαψεύσαιτο
409 2649 505 2684 λέγων.
513 2650 550 2677 Οὐ
562 2650 618 2686 γὰρ
633 2651 674 2677 ὅτι
695 2651 732 2687 μὴ
744 2651 858 2680 τέθυκεν

72 2693 183 2728 ἀμνοὺς,
198 2694 247 2721 οὐκ
268 2694 418 2730 ἀμώμητον
431 2693 466 2731 ἦν
481 2697 512 2723 τὺ
536 2696 610 2723 θύειν
625 2697 716 2732 αὐτῷ·
737 2698 794 2725 ἀλλ’
816 2699 857 2726 ὄτι

72 2738 125 2764 τῶν
151 2738 266 2774 ὠρίμων
294 2739 346 2766 οὐκ
371 2739 525 2776 ἀπολέγδην
551 2741 648 2773 ἐξελὼν
671 2742 706 2769 τὰ
731 2742 856 2778 ἐξαίρετα

73 2784 254 2818 προσεκόμιζι
280 2784 319 2820 τῷ
347 2784 416 2821 Θεῷ,
448 2786 535 2813 καίτοι
561 2785 607 2813 τοῦ
623 2786 708 2815 ’Δσελ
721 2788 771 2814 οὐκ
787 2788 855 2823 ἀτη-

928 266 985 299 bus,
1002 267 1047 293 sed
1061 276 1093 294 ea;
1105 268 1175 302 fante
1192 270 1323 305 videlicet,
1337 277 1383 300 aut
1404 274 1457 301 alio
1473 276 1587 310 quodam
1603 266 1711 308 adverso

926 319 1001 338 casu.
1018 311 1151 340 Obleclari
1166 315 1248 349 igitur
1266 316 1303 343 ait
1320 325 1414 345 eorum
1441 327 1548 356 quoque
1571 323 1635 351 deos
1656 333 1710 353 non

926 359 1046 385 cruentis
1061 360 1285 396 sacriﬁciis.puta
1297 364 1366 397 quod
1377 364 1429 392 sint
1439 368 1635 402 recentissima,
1646 375 1712 399 etex

925 411 1006 432 causa
1019 405 1108 433 minus
1122 412 1199 442 grata
1213 408 1321 442 quidem
1339 413 1462 443 orta,sed
1476 412 1630 447 ﬂoribus,et
1645 417 1711 446 lier-

924 450 975 483 bis,
986 455 1012 477 et
1027 451 1170 480 fructibus.
1189 454 1277 489 Atque
1291 455 1347 483 inec
1359 457 1467 491 quidem
1484 459 1537 487 ille.
1551 460 1604 489 Nos
1619 468 1710 491 autem

924 495 1039 524 Mosaica
1045 506 1068 525 in
1081 498 1164 533 legem
1173 501 1367 534 expendamus,
1373 503 1507 538 etjgenera
1515 507 1710 536 sacrificiorum

924 545 983 572 qua:
998 539 1024 566 in
1037 547 1067 567 ea
1082 543 1262 576 continentur,
1275 545 1368 572 sedqu
1381 553 1543 577 scrutemur.
1557 550 1640 585 Igitur
1650 553 1708 581 ani-

925 583 1004 610 malia
1020 585 1119 612 munda
1139 588 1266 622 praecepit
1280 588 1419 617 immolare
1446 591 1511 624 Deo,
1527 583 1624 627 quibus
1637 601 1711 623 esset

924 636 954 655 ea
983 629 1112 664 facultas;
1142 633 1240 667 quibus
1264 639 1353 662 autem
1382 643 1413 663 ea
1441 645 1493 664 non
1525 645 1708 674 suppeterent.

924 672 1021 701 olferre
1039 676 1155 703 similam
1181 678 1240 705 oleo
1257 679 1405 713 perfusam.
1428 691 1437 707 ι
1460 681 1526 710 Nam
1548 685 1569 711 si
1591 693 1644 713 non
1660 687 1707 713 ha-

923 718 993 752 beat,
1009 720 1105 755 inquit,
1121 730 1215 751 manus
1242 724 1301 758 ejus
1315 726 1401 753 simila
1422 728 1473 755 erit
1486 729 1585 756 donum
1600 731 1668 765 ejus.
1681 738 1709 760 et

924 764 1045 793 infundet
1066 775 1148 802 super
1166 769 1210 796 illa
1227 770 1316 798 oleum
1329 772 1361 800 ".
1381 782 1390 798 ι
1408 773 1484 807 Quod
1499 782 1589 803 autem
1603 764 1707 806 veteres

925 815 1004 838 terrae
1025 811 1159 841 fructibus
1171 822 1202 842 ac
1217 815 1339 851 frugibus
1350 817 1481 846 bonorum
1495 821 1614 849 omnium
1630 823 1707 851 dato-

923 863 979 883 rem
997 856 1080 885 Deum
1099 860 1230 894 colerent,
1245 868 1278 888 ex
1292 862 1432 896 (Mosaicis
1449 866 1552 899 legibus
1573 867 1706 903 inteilige-

920 908 991 929 mus.
1002 902 1046 929 Sic
1056 904 1128 931 enim
1140 905 1178 932 ait
1192 916 1198 932 :
1213 916 1221 931 ι
1238 907 1270 934 Ει
1285 907 1436 937 locutusest
1450 911 1578 940 Dominus
1589 914 1620 940 ad
1631 902 1706 950 Moy—

920 953 969 974 sen
982 966 990 980 ,
1007 948 1099 977 dicens
1112 958 1119 975 :
1138 950 1184 978 Dic
1199 952 1262 980 filiis
1284 952 1378 987 Israel,
1393 961 1421 983 et
1446 957 1563 992 loqueris
1573 960 1606 986 ad
1625 948 1683 987 illos
1697 970 1705 987 :

919 991 986 1019 Cum
1006 994 1172 1023 intraveritis
1193 997 1219 1024 in
1243 1003 1354 1034 terram,
1366 1009 1446 1035 quam
1466 991 1517 1038 ego
1529 1003 1563 1031 do
1577 1005 1664 1038 vobis,
1678 1011 1706 1033 et

919 1040 1086 1068 messueritis
1108 1050 1222 1070 messem
1241 1045 1310 1080 ejus,
1326 1046 1419 1074 feretis
1435 1050 1598 1083 manipulum
1614 1052 1706 1086 primi-

920 1084 972 1112 tias
982 1087 1077 1114 messis
1091 1093 1186 1116 νοείτω
1195 1089 1229 1116 ad
1240 1093 1419 1121 sacerdotem.
1434 1093 1467 1120 Et
1480 1094 1574 1122 oll'eret
1585 1084 1706 1132 inanipn-

918 1129 973 1157 lum
981 1139 1072 1160 coram
1084 1133 1207 1167 Domino,
1217 1143 1358 1172 acceptum
1371 1139 1447 1166 vobis
1462 1140 1496 1167 ⁷⁰.
1512 1150 1522 1166 ι
1536 1140 1563 1168 ln
1574 1142 1705 1171 Deutero-

918 1178 1008 1205 nomio
1022 1187 1085 1207 vero
1098 1189 1104 1206 :
1120 1190 1129 1206 ι
1145 1180 1180 1208 Et
1196 1183 1258 1215 erit,
1269 1183 1365 1218 inquit,
1376 1185 1397 1212 si
1410 1185 1553 1215 intraveris
1563 1188 1588 1215 in
1602 1194 1702 1217 terram

917 1229 996 1257 quam
1006 1223 1132 1253 Dominus
1142 1226 1211 1254 Deus
1221 1233 1281 1255 tuus
1289 1229 1333 1256 dat
1343 1230 1388 1257 tibi
1400 1231 1425 1257 in
1433 1237 1545 1265 sortem,
1554 1239 1580 1261 et
1589 1235 1702 1264 haeredi-

918 1268 1092 1300 taveriseam,
1099 1275 1125 1296 et
1135 1271 1298 1300 habitaveris
1307 1273 1333 1300 in
1344 1282 1373 1302 ea
1379 1264 1425 1308 {et
1435 1283 1525 1304 sumes
1533 1278 1565 1306 de
1575 1279 1704 1313 primitiis

916 1311 1051 1341 fructuum
1063 1315 1146 1351 349
1160 1320 1238 1345 terrze
1251 1326 1331 1353 quam
1346 1320 1474 1350 Dominus
1489 1323 1559 1351 Deus
1576 1311 1643 1354 tuus
1657 1326 1703 1354 dat

917 1359 976 1391 tibi,
993 1364 1020 1386 et
1032 1361 1121 1389 mittes
1138 1363 1163 1390 in
1180 1365 1321 1393 cartallum
1340 1376 1348 1394 :
1365 1372 1392 1394 et
1406 1368 1456 1395 ibis
1475 1369 1502 1396 in
1520 1370 1606 1398 locum
1623 1379 1702 1406 quem

914 1404 1024 1438 elegerit
1048 1406 1177 1436 Dominus
1193 1409 1274 1438 .Deus
1299 1417 1370 1443 tuus.
1389 1418 1417 1440 ut
1434 1414 1575 1443 invocetur
1603 1426 1701 1446 nomen

914 1457 991 1478 suum
1008 1453 1055 1480 ibi.
1071 1453 1103 1480 Et.
1116 1456 1209 1483 venies
1228 1458 1262 1484 ad
1279 1460 1459 1493 sacerdotem,
1477 1463 1524 1496 qui
1540 1463 1592 1490 erit
1607 1465 1632 1491 in
1646 1465 1702 1492 dic-

913 1496 963 1524 bus
980 1497 1043 1530 illis,
1057 1505 1083 1526 et
1097 1500 1170 1528 dices
1195 1502 1228 1529 ad
1251 1510 1311 1530 eum
1330 1513 1338 1531 :
1352 1505 1526 1535 Annuntiabo
1550 1509 1630 1537 hodie
1646 1511 1701 1538 Do-

913 1543 987 1571 mino
1001 1544 1056 1572 Deo
1071 1554 1142 1579 meo,
1161 1548 1222 1582 quia
1238 1548 1337 1577 intravi
1361 1551 1388 1578 in
1410 1556 1508 1580 terram
1527 1562 1607 1589 quam
1626 1557 1701 1590 jura-

914 1589 951 1616 vit
968 1590 1095 1619 Dominus
1109 1593 1230 1627 patribus
1246 1596 1346 1623 nostris
1363 1597 1428 1625 dare
1447 1600 1534 1627 nobis.
1562 1601 1594 1628 Et
1611 1589 1700 1630 sumet

914 1637 1039 1665 sacerdos
1056 1639 1197 1667 cartallum
1216 1641 1250 1669 de
1268 1643 1394 1670 manibus
1405 1645 1467 1677 tuis,
1485 1651 1511 1672 et
1526 1652 1607 1681 ponet
1622 1649 1699 1677 illum

913 1687 976 1710 ante
993 1683 1078 1711 altare
1096 1684 1201 1713 Domini
1218 1687 1265 1714 Dei
1287 1689 1324 1715 tui
1337 1690 1370 1717 ⁷³.
1398 1699 1408 1716 ι
1426 1690 1493 1718 Cum
1509 1700 1573 1728 ergo
1593 1694 1700 1730 frugum

913 1732 940 1755 et
956 1732 1121 1757 maturorum
1140 1731 1276 1760 fructuum
1292 1735 1427 1769 primitias
1441 1745 1602 1767 consecrare
1611 1740 1700 1774 jusse~

914 1772 960 1805 rit,
977 1775 1111 1807 quomodo
1124 1776 1288 1805 sacriﬁcium
1304 1779 1371 1807 Cain
1389 1782 1491 1815 rejecit,
1511 1785 1582 1818 quod
1600 1772 1700 1820 nequa-

913 1825 994 1852 quam
1020 1820 1100 1848 rebus
1127 1823 1263 1857 animatis,
1283 1826 1330 1853 sed
1350 1826 1505 1856 iuanimatis
1524 1829 1613 1864 potius
1638 1838 1700 1865 per-

914 1870 1003 1892 actum
1017 1867 1108 1894 esset?
1123 1868 1160 1895 Ex
1172 1869 1230 1904 lege
1246 1872 1317 1899 enim
1333 1873 1429 1906 oppido
1446 1874 1518 1902 clare
1532 1876 1685 1904 demonstra
1695 1893 1701 1896 -

915 1914 969 1936 tum
983 1915 1034 1944 est,
1050 1919 1083 1939 ex
1101 1914 1226 1942 animatis
1240 1915 1317 1950 juxta
1336 1923 1363 1944 et
1378 1919 1533 1948 inanimatis
1551 1921 1700 1951 oblationes

913 1955 996 1982 Deum
1028 1959 1177 1993 accepisse.
1209 1961 1278 1989 Hinc
1303 1962 1415 1997 divinus
1445 1965 1540 2000 David,
1569 1972 1697 2003 tauquam

915 2001 1009 2029 liceret
1032 2005 1168 2032 veteribus
1188 2014 1240 2034 una
1257 2015 1317 2034 cum
1334 2009 1419 2037 brutis
1437 2011 1620 2041 animantibus
1640 2014 1697 2041 fru-

913 2051 973 2074 ctus
987 2048 1094 2081 all‘erre,
1111 2049 1291 2086 legislatorem
1306 2052 1436 2083 lsraelitis
1449 2056 1600 2091 loquentem
1610 2059 1674 2087 facit
1688 2070 1695 2088 :

914 2102 924 2118 ι
934 2093 991 2120 Νοιι
999 2095 1128 2129 accipiam
1138 2098 1171 2124 de
1179 2097 1259 2126 domo
1267 2104 1311 2126 tua
1322 2101 1430 2134 vitulos,
1438 2110 1524 2137 neque
1531 2104 1564 2131 de
1572 2106 1697 2139 gregibus

913 2139 966 2166 tuis
985 2140 1075 2168 hircos
1091 2149 1098 2167 :
1116 2149 1181 2169 mea:
1205 2144 1277 2170 enim
1296 2151 1360 2172 sunt
1383 2154 1477 2175 omnes
1492 2149 1583 2176 bestite
1603 2150 1694 2184 silvae.

911 2191 1008 2219 pecora
1022 2187 1048 2212 in
1062 2188 1206 2221 montibus,
1224 2194 1252 2217 et
1269 2190 1350 2218 boves
1363 2199 1370 2217 :
1385 2194 1497 2227 cognovi
1520 2195 1610 2222 omnia
1625 2197 1696 2224 vola-

913 2229 968 2257 tilia
987 2231 1059 2264 caali,
1073 2237 1100 2260 et
1112 2234 1216 2268 species
1232 2236 1288 2270 agri
1304 2244 1409 2264 mecum
1428 2242 1469 2265 est
1480 2239 1513 2267 ⁷¹.
1532 2249 1541 2266 ι
1557 2240 1623 2269 Nam
1638 2245 1696 2277 agri

910 2278 1022 2310 speciem
1045 2278 1136 2313 fruges
1152 2284 1271 2308 maturas
1292 2283 1423 2310 nominat.
1454 2283 1531 2317 Quod
1556 2292 1646 2315 autem
1669 2289 1696 2315 in

912 2322 1055 2351 dividendo
1077 2324 1224 2354 frustratus
1243 2327 1279 2354 sit
1297 2328 1373 2360 Cain,
1391 2329 1414 2356 si
1435 2329 1497 2364 quis
1513 2331 1621 2364 dixerit,
1642 2341 1696 2361 non

913 2369 1068 2402 mentietur,
1085 2371 1190 2406 opinor.
1213 2372 1274 2400 Non
1293 2374 1365 2401 enim
1383 2376 1453 2409 quod
1471 2383 1554 2410 agnos
1571 2384 1625 2404 non
1644 2377 1696 2405 im-

912 2414 1029 2447 molarit,
1047 2415 1108 2443 ideo
1131 2417 1208 2452 culpa
1228 2426 1282 2446 non
1299 2420 1408 2447 carebat
1427 2421 1485 2456 ejus
1510 2422 1695 2455 sacriﬁcium;

911 2460 957 2488 sed
970 2462 1041 2496 quod
1052 2462 1165 2490 selectos
1176 2467 1203 2491 et
1215 2464 1329 2492 eximios
1339 2465 1442 2493 fructus
1455 2466 1509 2494 Deo
1524 2475 1576 2495 non
1592 2468 1697 2496 obtule-

911 2507 958 2539 rit,
981 2515 1042 2535 cum
1067 2509 1135 2536 Abel
1155 2517 1207 2537 non
1235 2518 1283 2545 per
1306 2511 1449 2543 incuriam,
1476 2513 1522 2540 sed
1550 2515 1696 2549 prudenter

910 2552 1000 2585 potius
1031 2560 1115 2588 agnos
1137 2554 1295 2583 immolarit.
1324 2565 1334 2581 ε
1355 2556 1430 2584 Tulit
1445 2558 1528 2590 enim,
1546 2559 1642 2594 inquit.
1662 2560 1696 2587 de

910 2597 1097 2633 primogenitis
1111 2600 1200 2626 ovium
1214 2607 1335 2634 suarum,
1350 2606 1379 2628 et
1391 2602 1516 2636 adipibus
1527 2611 1618 2631 earum
1632 2604 1667 2636 ",
1682 2615 1691 2630 ι

909 2642 961 2669 hoc
992 2648 1044 2675 est,
1072 2644 1248 2679 pinguissima
1275 2652 1388 2681 quaeque
1411 2651 1438 2674 et
1461 2648 1540 2682 adipe
1564 2649 1692 2677 distenta.

910 2691 974 2718 Dico
991 2696 1080 2719 autem
1097 2692 1180 2719 Deum
1197 2692 1337 2721 colendum
1351 2701 1365 2720 a
1380 2695 1457 2722 nobis
1468 2702 1540 2729 esse,
1554 2703 1607 2724 non
1620 2696 1694 2724 obla-

909 2734 944 2760 tis
964 2735 996 2761 iis
1015 2743 1074 2770 qua.-
1089 2736 1222 2763 deteriora
1247 2737 1326 2764 nobis
1347 2743 1421 2770 sunt.
1437 2739 1484 2765 sed
1503 2740 1613 2774 optimis
1633 2742 1694 2775 qui-

908 2780 1014 2816 busque
1035 2789 1067 2809 ac
1087 2782 1240 2817 pmcipuis.
1266 2783 1300 2809 Et
1320 2791 1387 2811 sane
1407 2783 1538 2813 Israelita:
1556 2787 1691 2820 quondam

105 2873 126 2890 “
141 2873 227 2902 Levit.
249 2883 278 2908 ιι.
292 2876 317 2904 l.
356 2879 379 2895 ⁷⁸
394 2876 477 2906 Levit.
495 2883 572 2910 nm,
586 2875 629 2909 10,
644 2876 685 2904 Η.
723 2877 743 2921 Ἴ
759 2877 834 2905 Deut.
851 2885 857 2905 ι

917 2899 924 2912 ,
942 2879 998 2907 1-4.
1037 2880 1060 2896 ⁷¹
1077 2880 1148 2908 Psal.
1166 2888 1240 2916 ηις,
1259 2881 1336 2910 9-H.
1376 2881 1399 2899 "
1413 2883 1480 2913 Gen.
1501 2892 1537 2917 Iv,
1557 2884 1583 2912 ι.
