  <div class='ocr_page' id='page_1' title='image "/cluster/home/n/w/nwhite01/storage/ocr_20150623/76/njp.32101007590019/589.png"; bbox 0 0 1894 3056; ppageno 0'>
   <div class='ocr_carea' id='block_1_1' title="bbox 191 155 260 184">
    <p class='ocr_par' dir='ltr' id='par_1_1' title="bbox 191 155 260 184">
     <span class='ocr_line' id='line_1_1' title="bbox 191 155 260 184; baseline 0 0"><span class='ocrx_word' id='word_1_1' title='bbox 191 155 260 184; x_wconf 71' lang='lat'><strong>1359</strong></span> 
     </span>
    </p>
   </div>
   <div class='ocr_carea' id='block_1_2' title="bbox 690 150 1307 180">
    <p class='ocr_par' dir='ltr' id='par_1_2' title="bbox 690 150 1307 180">
     <span class='ocr_line' id='line_1_2' title="bbox 690 150 1307 180; baseline 0 -1"><span class='ocrx_word' id='word_1_2' title='bbox 690 153 718 180; x_wconf 91' lang='lat' dir='ltr'><strong>S.</strong></span> <span class='ocrx_word' id='word_1_3' title='bbox 739 151 875 179; x_wconf 80' lang='lat' dir='ltr'><strong>CYRILLI</strong></span> <span class='ocrx_word' id='word_1_4' title='bbox 896 150 1131 178; x_wconf 68' lang='lat' dir='ltr'><strong>ALEXANDRINI</strong></span> <span class='ocrx_word' id='word_1_5' title='bbox 1152 151 1307 179; x_wconf 76' lang='lat' dir='ltr'><strong>ARClllEP.</strong></span> 
     </span>
    </p>
   </div>
   <div class='ocr_carea' id='block_1_3' title="bbox 1764 150 1836 178">
    <p class='ocr_par' dir='ltr' id='par_1_3' title="bbox 1764 150 1836 178">
     <span class='ocr_line' id='line_1_3' title="bbox 1764 150 1836 178; baseline 0 -1"><span class='ocrx_word' id='word_1_6' title='bbox 1764 150 1836 178; x_wconf 61' lang='grc'><strong>1040</strong></span> 
     </span>
    </p>
   </div>
   <div class='ocr_carea' id='block_1_4' title="bbox 194 209 942 247">
    <p class='ocr_par' dir='ltr' id='par_1_4' title="bbox 194 210 942 247">
     <span class='ocr_line' id='line_1_4' title="bbox 194 210 942 247; baseline -0.009 -3"><span class='ocrx_word' id='word_1_7' title='bbox 194 219 317 246; x_wconf 76' lang='lat' dir='ltr'><strong>victimas</strong></span> <span class='ocrx_word' id='word_1_8' title='bbox 355 216 505 243; x_wconf 75' lang='lat' dir='ltr'><strong>olferebant</strong></span> <span class='ocrx_word' id='word_1_9' title='bbox 529 220 581 240; x_wconf 84' lang='lat' dir='ltr'><strong>non</strong></span> <span class='ocrx_word' id='word_1_10' title='bbox 609 219 693 247; x_wconf 79' lang='lat' dir='ltr'><strong>usque</strong></span> <span class='ocrx_word' id='word_1_11' title='bbox 726 212 793 238; x_wconf 86' lang='lat' dir='ltr'><strong>adeo</strong></span> <span class='ocrx_word' id='word_1_12' title='bbox 828 210 942 238; x_wconf 72' lang='lat' dir='ltr'><strong>delectas</strong></span> 
     </span>
    </p>
   </div>
   <div class='ocr_carea' id='block_1_5' title="bbox 1087 209 1835 247">
    <p class='ocr_par' dir='ltr' id='par_1_5' title="bbox 1087 209 1835 246">
     <span class='ocr_line' id='line_1_5' title="bbox 1087 209 1835 246; baseline 0 -10"><span class='ocrx_word' id='word_1_13' title='bbox 1087 210 1135 242; x_wconf 82' lang='grc' dir='ltr'><strong>ὦς.</strong></span> <span class='ocrx_word' id='word_1_14' title='bbox 1162 210 1306 246; x_wconf 75' lang='grc' dir='ltr'><strong>ἐμφρόνως</strong></span> <span class='ocrx_word' id='word_1_15' title='bbox 1334 210 1362 237; x_wconf 78' lang='grc' dir='ltr'>δὲ</span> <span class='ocrx_word' id='word_1_16' title='bbox 1387 211 1489 246; x_wconf 81' lang='grc' dir='ltr'>μᾶλλον</span> <span class='ocrx_word' id='word_1_17' title='bbox 1517 209 1741 242; x_wconf 76' lang='grc' dir='ltr'>ὸλοκαυτίζοντος</span> <span class='ocrx_word' id='word_1_18' title='bbox 1768 210 1835 241; x_wconf 66' lang='grc' dir='ltr'>τοὺς</span> 
     </span>
    </p>
   </div>
   <div class='ocr_carea' id='block_1_6' title="bbox 196 256 985 300">
    <p class='ocr_par' dir='ltr' id='par_1_6' title="bbox 196 256 985 300">
     <span class='ocr_line' id='line_1_6' title="bbox 196 256 985 300; baseline -0.013 -9"><span class='ocrx_word' id='word_1_19' title='bbox 196 272 281 300; x_wconf 76' lang='lat' dir='ltr'><strong>quare</strong></span> <span class='ocrx_word' id='word_1_20' title='bbox 309 263 380 290; x_wconf 82' lang='lat' dir='ltr'><strong>Deus</strong></span> <span class='ocrx_word' id='word_1_21' title='bbox 404 261 474 288; x_wconf 81' lang='lat' dir='ltr'><strong>istud</strong></span> <span class='ocrx_word' id='word_1_22' title='bbox 500 259 691 294; x_wconf 82' lang='lat' dir='ltr'><strong>reprehendit,</strong></span> <span class='ocrx_word' id='word_1_23' title='bbox 715 258 808 284; x_wconf 83' lang='lat' dir='ltr'><strong>dicens</strong></span> <span class='ocrx_word' id='word_1_24' title='bbox 829 265 836 283; x_wconf 88' lang='lat'><strong>:</strong></span> <span class='ocrx_word' id='word_1_25' title='bbox 859 266 868 282; x_wconf 73' lang='grc' dir='ltr'><strong>ι</strong></span> <span class='ocrx_word' id='word_1_26' title='bbox 894 256 926 282; x_wconf 81' lang='lat' dir='ltr'><strong>Et</strong></span> <span class='ocrx_word' id='word_1_27' title='bbox 942 256 985 282; x_wconf 88' lang='lat' dir='ltr'><strong>ln-</strong></span> 
     </span>
    </p>
   </div>
   <div class='ocr_carea' id='block_1_7' title="bbox 198 301 983 341">
    <p class='ocr_par' dir='ltr' id='par_1_7' title="bbox 198 301 983 341">
     <span class='ocr_line' id='line_1_7' title="bbox 198 301 983 341; baseline -0.011 -5"><span class='ocrx_word' id='word_1_28' title='bbox 198 310 274 336; x_wconf 74' lang='lat' dir='ltr'><strong>l‘crtis</strong></span> <span class='ocrx_word' id='word_1_29' title='bbox 302 307 428 341; x_wconf 76' lang='lat' dir='ltr'><strong>rapinas,</strong></span> <span class='ocrx_word' id='word_1_30' title='bbox 449 310 476 332; x_wconf 89' lang='lat' dir='ltr'><strong>et</strong></span> <span class='ocrx_word' id='word_1_31' title='bbox 500 305 605 336; x_wconf 83' lang='lat' dir='ltr'><strong>clauda,</strong></span> <span class='ocrx_word' id='word_1_32' title='bbox 636 309 663 330; x_wconf 85' lang='lat' dir='ltr'><strong>et</strong></span> <span class='ocrx_word' id='word_1_33' title='bbox 687 303 800 335; x_wconf 75' lang='lat' dir='ltr'><strong>deliilia,</strong></span> <span class='ocrx_word' id='word_1_34' title='bbox 828 306 854 328; x_wconf 90' lang='lat' dir='ltr'><strong>et</strong></span> <span class='ocrx_word' id='word_1_35' title='bbox 873 301 983 328; x_wconf 75' lang='lat' dir='ltr'><strong>dicitis:</strong></span> 
     </span>
    </p>
   </div>
   <div class='ocr_carea' id='block_1_8' title="bbox 197 347 986 382">
    <p class='ocr_par' dir='ltr' id='par_1_8' title="bbox 197 347 986 382">
     <span class='ocr_line' id='line_1_8' title="bbox 197 347 986 382; baseline -0.013 0"><span class='ocrx_word' id='word_1_36' title='bbox 197 356 260 382; x_wconf 62' lang='lat' dir='ltr'><strong>Hice</strong></span> <span class='ocrx_word' id='word_1_37' title='bbox 276 354 310 381; x_wconf 84' lang='lat' dir='ltr'><strong>de</strong></span> <span class='ocrx_word' id='word_1_38' title='bbox 323 352 465 380; x_wconf 81' lang='lat' dir='ltr'><strong>aﬂlictione</strong></span> <span class='ocrx_word' id='word_1_39' title='bbox 479 355 541 378; x_wconf 90' lang='lat' dir='ltr'><strong>sunt</strong></span> <span class='ocrx_word' id='word_1_40' title='bbox 551 358 559 382; x_wconf 83' lang='lat'><strong>;</strong></span> <span class='ocrx_word' id='word_1_41' title='bbox 571 355 597 377; x_wconf 85' lang='lat' dir='ltr'><strong>et</strong></span> <span class='ocrx_word' id='word_1_42' title='bbox 610 349 747 376; x_wconf 78' lang='lat' dir='ltr'><strong>cxsuﬂlavi</strong></span> <span class='ocrx_word' id='word_1_43' title='bbox 762 356 804 380; x_wconf 85' lang='lat' dir='ltr'><strong>ea,</strong></span> <span class='ocrx_word' id='word_1_44' title='bbox 817 348 882 375; x_wconf 85' lang='lat' dir='ltr'><strong>dicit</strong></span> <span class='ocrx_word' id='word_1_45' title='bbox 897 347 986 374; x_wconf 92' lang='lat' dir='ltr'><strong>Domi-</strong></span> 
     </span>
    </p>
   </div>
   <div class='ocr_carea' id='block_1_9' title="bbox 197 391 986 431">
    <p class='ocr_par' dir='ltr' id='par_1_9' title="bbox 197 391 986 431">
     <span class='ocr_line' id='line_1_9' title="bbox 197 391 986 431; baseline -0.01 -6"><span class='ocrx_word' id='word_1_46' title='bbox 197 406 247 425; x_wconf 88' lang='lat' dir='ltr'><strong>nus</strong></span> <span class='ocrx_word' id='word_1_47' title='bbox 268 398 440 431; x_wconf 87' lang='lat' dir='ltr'><strong>omnipotens</strong></span> <span class='ocrx_word' id='word_1_48' title='bbox 453 396 486 422; x_wconf 79' lang='lat'><strong>&quot;.</strong></span> <span class='ocrx_word' id='word_1_49' title='bbox 505 404 514 420; x_wconf 77' lang='grc' dir='ltr'><strong>ι</strong></span> <span class='ocrx_word' id='word_1_50' title='bbox 535 394 602 421; x_wconf 90' lang='lat' dir='ltr'><strong>Tum</strong></span> <span class='ocrx_word' id='word_1_51' title='bbox 627 395 779 428; x_wconf 78' lang='lat' dir='ltr'><strong>graviorem</strong></span> <span class='ocrx_word' id='word_1_52' title='bbox 800 393 867 420; x_wconf 85' lang='lat' dir='ltr'><strong>texit</strong></span> <span class='ocrx_word' id='word_1_53' title='bbox 891 391 923 418; x_wconf 80' lang='lat' dir='ltr'><strong>iis</strong></span> <span class='ocrx_word' id='word_1_54' title='bbox 943 392 986 418; x_wconf 87' lang='lat' dir='ltr'><strong>in-</strong></span> 
     </span>
    </p>
   </div>
   <div class='ocr_carea' id='block_1_10' title="bbox 197 438 984 476">
    <p class='ocr_par' dir='ltr' id='par_1_10' title="bbox 197 438 984 476">
     <span class='ocr_line' id='line_1_10' title="bbox 197 438 984 476; baseline -0.008 -7"><span class='ocrx_word' id='word_1_55' title='bbox 197 444 392 476; x_wconf 84' lang='lat' dir='ltr'><strong>crepationeln,</strong></span> <span class='ocrx_word' id='word_1_56' title='bbox 402 442 521 468; x_wconf 77' lang='lat' dir='ltr'><strong>addens:</strong></span> <span class='ocrx_word' id='word_1_57' title='bbox 534 450 544 465; x_wconf 75' lang='grc' dir='ltr'><strong>ι</strong></span> <span class='ocrx_word' id='word_1_58' title='bbox 558 440 630 467; x_wconf 79' lang='lat' dir='ltr'><strong>Oll&#39;er</strong></span> <span class='ocrx_word' id='word_1_59' title='bbox 638 439 719 474; x_wconf 74' lang='lat'><strong>350</strong></span> <span class='ocrx_word' id='word_1_60' title='bbox 727 439 808 474; x_wconf 77' lang='lat' dir='ltr'><strong>igitur</strong></span> <span class='ocrx_word' id='word_1_61' title='bbox 816 446 848 465; x_wconf 86' lang='lat' dir='ltr'><strong>ea</strong></span> <span class='ocrx_word' id='word_1_62' title='bbox 860 438 920 465; x_wconf 84' lang='lat' dir='ltr'><strong>duci</strong></span> <span class='ocrx_word' id='word_1_63' title='bbox 929 443 984 468; x_wconf 92' lang='lat' dir='ltr'><strong>tuo,</strong></span> 
     </span>
    </p>
   </div>
   <div class='ocr_carea' id='block_1_11' title="bbox 198 482 986 521">
    <p class='ocr_par' dir='ltr' id='par_1_11' title="bbox 198 482 986 521">
     <span class='ocr_line' id='line_1_11' title="bbox 198 482 986 521; baseline -0.008 -7"><span class='ocrx_word' id='word_1_64' title='bbox 198 496 260 514; x_wconf 87' lang='lat' dir='ltr'><strong>nmn</strong></span> <span class='ocrx_word' id='word_1_65' title='bbox 275 487 388 521; x_wconf 88' lang='lat' dir='ltr'><strong>accipiet</strong></span> <span class='ocrx_word' id='word_1_66' title='bbox 398 494 439 519; x_wconf 85' lang='lat' dir='ltr'><strong>ea,</strong></span> <span class='ocrx_word' id='word_1_67' title='bbox 455 494 518 512; x_wconf 89' lang='lat' dir='ltr'><strong>num</strong></span> <span class='ocrx_word' id='word_1_68' title='bbox 534 486 648 519; x_wconf 80' lang='lat' dir='ltr'><strong>accipiet</strong></span> <span class='ocrx_word' id='word_1_69' title='bbox 663 485 758 511; x_wconf 75' lang='lat' dir='ltr'><strong>facient</strong></span> <span class='ocrx_word' id='word_1_70' title='bbox 774 490 858 516; x_wconf 82' lang='lat' dir='ltr'><strong>tuam,</strong></span> <span class='ocrx_word' id='word_1_71' title='bbox 884 483 921 509; x_wconf 85' lang='lat' dir='ltr'><strong>ait</strong></span> <span class='ocrx_word' id='word_1_72' title='bbox 936 482 986 508; x_wconf 90' lang='lat' dir='ltr'><strong>Do-</strong></span> 
     </span>
    </p>
   </div>
   <div class='ocr_carea' id='block_1_12' title="bbox 199 527 984 565">
    <p class='ocr_par' dir='ltr' id='par_1_12' title="bbox 199 527 984 565">
     <span class='ocr_line' id='line_1_12' title="bbox 199 527 984 565; baseline -0.008 -6"><span class='ocrx_word' id='word_1_73' title='bbox 199 533 288 559; x_wconf 83' lang='lat' dir='ltr'><strong>minus</strong></span> <span class='ocrx_word' id='word_1_74' title='bbox 300 532 471 565; x_wconf 87' lang='lat' dir='ltr'><strong>omnipotens</strong></span> <span class='ocrx_word' id='word_1_75' title='bbox 483 531 533 557; x_wconf 66' lang='lat' dir='ltr'><strong>&quot;.i</strong></span> <span class='ocrx_word' id='word_1_76' title='bbox 547 529 575 557; x_wconf 90' lang='lat' dir='ltr'><strong>Si</strong></span> <span class='ocrx_word' id='word_1_77' title='bbox 585 530 645 564; x_wconf 79' lang='lat' dir='ltr'><strong>quis</strong></span> <span class='ocrx_word' id='word_1_78' title='bbox 657 530 727 556; x_wconf 86' lang='lat' dir='ltr'><strong>enim</strong></span> <span class='ocrx_word' id='word_1_79' title='bbox 740 529 904 563; x_wconf 79' lang='lat' dir='ltr'><strong>principibus</strong></span> <span class='ocrx_word' id='word_1_80' title='bbox 920 527 984 554; x_wconf 78' lang='lat' dir='ltr'><strong>viris</strong></span> 
     </span>
    </p>
   </div>
   <div class='ocr_carea' id='block_1_13' title="bbox 201 572 986 609">
    <p class='ocr_par' dir='ltr' id='par_1_13' title="bbox 201 572 986 609">
     <span class='ocr_line' id='line_1_13' title="bbox 201 572 986 609; baseline -0.008 -5"><span class='ocrx_word' id='word_1_81' title='bbox 201 585 300 604; x_wconf 88' lang='lat' dir='ltr'><strong>munus</strong></span> <span class='ocrx_word' id='word_1_82' title='bbox 308 576 410 603; x_wconf 78' lang='lat' dir='ltr'><strong>oil&#39;crre</strong></span> <span class='ocrx_word' id='word_1_83' title='bbox 422 576 496 607; x_wconf 81' lang='lat' dir='ltr'><strong>velit,</strong></span> <span class='ocrx_word' id='word_1_84' title='bbox 507 576 598 609; x_wconf 88' lang='lat' dir='ltr'><strong>utique</strong></span> <span class='ocrx_word' id='word_1_85' title='bbox 612 575 671 602; x_wconf 90' lang='lat' dir='ltr'><strong>illos</strong></span> <span class='ocrx_word' id='word_1_86' title='bbox 683 573 810 605; x_wconf 78' lang='lat' dir='ltr'><strong>olleudet,</strong></span> <span class='ocrx_word' id='word_1_87' title='bbox 819 573 841 600; x_wconf 90' lang='lat' dir='ltr'><strong>si</strong></span> <span class='ocrx_word' id='word_1_88' title='bbox 853 572 986 600; x_wconf 86' lang='lat' dir='ltr'><strong>deteriora</strong></span> 
     </span>
    </p>
   </div>
   <div class='ocr_carea' id='block_1_14' title="bbox 207 620 987 657">
    <p class='ocr_par' dir='ltr' id='par_1_14' title="bbox 207 620 987 657">
     <span class='ocr_line' id='line_1_14' title="bbox 207 620 987 657; baseline -0.006 -8"><span class='ocrx_word' id='word_1_89' title='bbox 207 623 348 657; x_wconf 77' lang='lat' dir='ltr'><strong>largiatur.</strong></span> <span class='ocrx_word' id='word_1_90' title='bbox 368 621 468 656; x_wconf 84' lang='lat' dir='ltr'><strong>Turpia</strong></span> <span class='ocrx_word' id='word_1_91' title='bbox 481 621 579 655; x_wconf 74' lang='lat' dir='ltr'><strong>quippe</strong></span> <span class='ocrx_word' id='word_1_92' title='bbox 590 620 713 648; x_wconf 73' lang='lat' dir='ltr'><strong>homines</strong></span> <span class='ocrx_word' id='word_1_93' title='bbox 723 621 888 654; x_wconf 83' lang='lat' dir='ltr'><strong>vituperant,</strong></span> <span class='ocrx_word' id='word_1_94' title='bbox 901 625 987 652; x_wconf 82' lang='lat' dir='ltr'><strong>eaque</strong></span> 
     </span>
    </p>
   </div>
   <div class='ocr_carea' id='block_1_15' title="bbox 199 662 986 699">
    <p class='ocr_par' dir='ltr' id='par_1_15' title="bbox 199 662 986 699">
     <span class='ocr_line' id='line_1_15' title="bbox 199 662 986 699; baseline -0.004 -6"><span class='ocrx_word' id='word_1_95' title='bbox 199 672 358 694; x_wconf 77' lang='lat' dir='ltr'><strong>aversantur</strong></span> <span class='ocrx_word' id='word_1_96' title='bbox 373 673 405 693; x_wconf 88' lang='lat' dir='ltr'><strong>ac</strong></span> <span class='ocrx_word' id='word_1_97' title='bbox 420 665 552 699; x_wconf 86' lang='lat' dir='ltr'><strong>rejiciunt.</strong></span> <span class='ocrx_word' id='word_1_98' title='bbox 568 665 632 698; x_wconf 75' lang='lat' dir='ltr'><strong>Regi</strong></span> <span class='ocrx_word' id='word_1_99' title='bbox 647 670 735 691; x_wconf 91' lang='lat' dir='ltr'><strong>autem</strong></span> <span class='ocrx_word' id='word_1_100' title='bbox 751 672 782 691; x_wconf 83' lang='lat' dir='ltr'><strong>ac</strong></span> <span class='ocrx_word' id='word_1_101' title='bbox 797 663 853 691; x_wconf 89' lang='lat' dir='ltr'><strong>Deo</strong></span> <span class='ocrx_word' id='word_1_102' title='bbox 869 662 986 690; x_wconf 84' lang='lat' dir='ltr'><strong>universi</strong></span> 
     </span>
    </p>
   </div>
   <div class='ocr_carea' id='block_1_16' title="bbox 196 709 987 746">
    <p class='ocr_par' dir='ltr' id='par_1_16' title="bbox 196 709 987 746">
     <span class='ocr_line' id='line_1_16' title="bbox 196 709 987 746; baseline -0.005 -6"><span class='ocrx_word' id='word_1_103' title='bbox 196 720 288 740; x_wconf 86' lang='lat' dir='ltr'><strong>nonne</strong></span> <span class='ocrx_word' id='word_1_104' title='bbox 305 712 402 739; x_wconf 77' lang='lat' dir='ltr'><strong>eximia</strong></span> <span class='ocrx_word' id='word_1_105' title='bbox 415 719 447 738; x_wconf 83' lang='lat' dir='ltr'><strong>ac</strong></span> <span class='ocrx_word' id='word_1_106' title='bbox 462 711 560 738; x_wconf 85' lang='lat' dir='ltr'><strong>selecta</strong></span> <span class='ocrx_word' id='word_1_107' title='bbox 580 718 694 746; x_wconf 68' lang='lat' dir='ltr'><strong>qumque</strong></span> <span class='ocrx_word' id='word_1_108' title='bbox 723 710 886 738; x_wconf 71' lang='lat' dir='ltr'><strong>oﬂeremusl</strong></span> <span class='ocrx_word' id='word_1_109' title='bbox 909 709 987 736; x_wconf 88' lang='lat' dir='ltr'><strong>Unde</strong></span> 
     </span>
    </p>
   </div>
   <div class='ocr_carea' id='block_1_17' title="bbox 195 755 986 793">
    <p class='ocr_par' dir='ltr' id='par_1_17' title="bbox 195 755 986 793">
     <span class='ocr_line' id='line_1_17' title="bbox 195 755 986 793; baseline -0.003 -9"><span class='ocrx_word' id='word_1_110' title='bbox 195 766 248 793; x_wconf 74' lang='lat' dir='ltr'><strong>per</strong></span> <span class='ocrx_word' id='word_1_111' title='bbox 263 758 420 793; x_wconf 79' lang='lat' dir='ltr'><strong>prophetam</strong></span> <span class='ocrx_word' id='word_1_112' title='bbox 443 765 537 784; x_wconf 89' lang='lat' dir='ltr'><strong>rursus</strong></span> <span class='ocrx_word' id='word_1_113' title='bbox 560 757 627 784; x_wconf 85' lang='lat' dir='ltr'><strong>dixit</strong></span> <span class='ocrx_word' id='word_1_114' title='bbox 643 766 649 783; x_wconf 90' lang='lat'>:</span> <span class='ocrx_word' id='word_1_115' title='bbox 669 765 679 782; x_wconf 82' lang='grc' dir='ltr'><strong>ι</strong></span> <span class='ocrx_word' id='word_1_116' title='bbox 697 755 855 783; x_wconf 83' lang='lat' dir='ltr'><strong>Maledictus</strong></span> <span class='ocrx_word' id='word_1_117' title='bbox 874 755 920 790; x_wconf 91' lang='lat' dir='ltr'><strong>qui</strong></span> <span class='ocrx_word' id='word_1_118' title='bbox 938 756 986 782; x_wconf 84' lang='lat' dir='ltr'><strong>ha—</strong></span> 
     </span>
    </p>
   </div>
   <div class='ocr_carea' id='block_1_18' title="bbox 199 804 987 840">
    <p class='ocr_par' dir='ltr' id='par_1_18' title="bbox 199 804 987 840">
     <span class='ocr_line' id='line_1_18' title="bbox 199 804 987 840; baseline -0.004 -7"><span class='ocrx_word' id='word_1_119' title='bbox 199 806 243 833; x_wconf 86' lang='lat' dir='ltr'><strong>bet</strong></span> <span class='ocrx_word' id='word_1_120' title='bbox 260 807 286 833; x_wconf 92' lang='lat' dir='ltr'><strong>in</strong></span> <span class='ocrx_word' id='word_1_121' title='bbox 309 813 390 840; x_wconf 70' lang='lat' dir='ltr'><strong>grege</strong></span> <span class='ocrx_word' id='word_1_122' title='bbox 411 811 462 831; x_wconf 91' lang='lat' dir='ltr'><strong>suo</strong></span> <span class='ocrx_word' id='word_1_123' title='bbox 486 805 646 835; x_wconf 86' lang='lat' dir='ltr'><strong>masculum,</strong></span> <span class='ocrx_word' id='word_1_124' title='bbox 660 809 687 830; x_wconf 87' lang='lat' dir='ltr'><strong>et</strong></span> <span class='ocrx_word' id='word_1_125' title='bbox 701 808 793 831; x_wconf 85' lang='lat' dir='ltr'><strong>votum</strong></span> <span class='ocrx_word' id='word_1_126' title='bbox 822 804 880 838; x_wconf 83' lang='lat' dir='ltr'><strong>ejus</strong></span> <span class='ocrx_word' id='word_1_127' title='bbox 906 810 987 838; x_wconf 88' lang='lat' dir='ltr'><strong>super</strong></span> 
     </span>
    </p>
   </div>
   <div class='ocr_carea' id='block_1_19' title="bbox 200 849 986 884">
    <p class='ocr_par' dir='ltr' id='par_1_19' title="bbox 200 849 986 884">
     <span class='ocr_line' id='line_1_19' title="bbox 200 849 986 884; baseline -0.006 -5"><span class='ocrx_word' id='word_1_128' title='bbox 200 860 242 882; x_wconf 82' lang='lat' dir='ltr'><strong>eu,</strong></span> <span class='ocrx_word' id='word_1_129' title='bbox 255 856 283 878; x_wconf 89' lang='lat' dir='ltr'><strong>et</strong></span> <span class='ocrx_word' id='word_1_130' title='bbox 296 851 416 878; x_wconf 83' lang='lat' dir='ltr'><strong>immolat</strong></span> <span class='ocrx_word' id='word_1_131' title='bbox 441 855 596 884; x_wconf 82' lang='lat' dir='ltr'><strong>corruptum</strong></span> <span class='ocrx_word' id='word_1_132' title='bbox 618 849 747 882; x_wconf 81' lang='lat' dir='ltr'><strong>Domino;</strong></span> <span class='ocrx_word' id='word_1_133' title='bbox 769 849 830 882; x_wconf 85' lang='lat' dir='ltr'><strong>quia</strong></span> <span class='ocrx_word' id='word_1_134' title='bbox 857 856 903 875; x_wconf 79' lang='lat' dir='ltr'><strong>rex</strong></span> <span class='ocrx_word' id='word_1_135' title='bbox 928 856 986 875; x_wconf 84' lang='lat' dir='ltr'><strong>Ina-</strong></span> 
     </span>
    </p>
   </div>
   <div class='ocr_carea' id='block_1_20' title="bbox 197 893 1026 936">
    <p class='ocr_par' dir='ltr' id='par_1_20' title="bbox 197 893 1026 936">
     <span class='ocr_line' id='line_1_20' title="bbox 197 893 1026 936; baseline -0.004 -13"><span class='ocrx_word' id='word_1_136' title='bbox 197 904 268 931; x_wconf 74' lang='lat' dir='ltr'><strong>gnns</strong></span> <span class='ocrx_word' id='word_1_137' title='bbox 282 903 331 931; x_wconf 73' lang='lat' dir='ltr'><strong>ego</strong></span> <span class='ocrx_word' id='word_1_138' title='bbox 344 903 415 927; x_wconf 86' lang='lat' dir='ltr'><strong>sum,</strong></span> <span class='ocrx_word' id='word_1_139' title='bbox 435 895 500 922; x_wconf 88' lang='lat' dir='ltr'><strong>dicit</strong></span> <span class='ocrx_word' id='word_1_140' title='bbox 515 895 643 922; x_wconf 87' lang='lat' dir='ltr'><strong>Dominus</strong></span> <span class='ocrx_word' id='word_1_141' title='bbox 657 895 829 928; x_wconf 74' lang='lat' dir='ltr'><strong>omnipotens</strong></span> <span class='ocrx_word' id='word_1_142' title='bbox 842 894 875 920; x_wconf 88' lang='lat'><strong>&quot;.</strong></span> <span class='ocrx_word' id='word_1_143' title='bbox 904 903 913 918; x_wconf 80' lang='grc' dir='ltr'><strong>ι</strong></span> <span class='ocrx_word' id='word_1_144' title='bbox 935 893 986 920; x_wconf 83' lang='lat' dir='ltr'><strong>De-</strong></span> <span class='ocrx_word' id='word_1_145' title='bbox 1006 908 1026 936; x_wconf 75' lang='grc' dir='ltr'><strong><em>Β</em></strong></span> 
     </span>
    </p>
   </div>
   <div class='ocr_carea' id='block_1_21' title="bbox 200 939 990 976">
    <p class='ocr_par' dir='ltr' id='par_1_21' title="bbox 200 939 990 976">
     <span class='ocr_line' id='line_1_21' title="bbox 200 939 990 976; baseline -0.005 -7"><span class='ocrx_word' id='word_1_146' title='bbox 200 942 280 969; x_wconf 83' lang='lat' dir='ltr'><strong>Cebat</strong></span> <span class='ocrx_word' id='word_1_147' title='bbox 295 942 398 976; x_wconf 82' lang='lat' dir='ltr'><strong>itaque,</strong></span> <span class='ocrx_word' id='word_1_148' title='bbox 416 940 527 967; x_wconf 77' lang='lat' dir='ltr'><strong>decebat</strong></span> <span class='ocrx_word' id='word_1_149' title='bbox 539 939 708 974; x_wconf 84' lang='lat' dir='ltr'><strong>primosillos</strong></span> <span class='ocrx_word' id='word_1_150' title='bbox 723 939 846 966; x_wconf 86' lang='lat' dir='ltr'><strong>homines</strong></span> <span class='ocrx_word' id='word_1_151' title='bbox 863 940 908 973; x_wconf 87' lang='lat' dir='ltr'><strong>qui</strong></span> <span class='ocrx_word' id='word_1_152' title='bbox 920 939 990 965; x_wconf 80' lang='lat' dir='ltr'><strong>Abe-</strong></span> 
     </span>
    </p>
   </div>
   <div class='ocr_carea' id='block_1_22' title="bbox 201 983 989 1021">
    <p class='ocr_par' dir='ltr' id='par_1_22' title="bbox 201 983 989 1021">
     <span class='ocr_line' id='line_1_22' title="bbox 201 983 989 1021; baseline -0.004 -7"><span class='ocrx_word' id='word_1_153' title='bbox 201 987 235 1014; x_wconf 90' lang='lat' dir='ltr'><strong>lis</strong></span> <span class='ocrx_word' id='word_1_154' title='bbox 250 992 370 1021; x_wconf 80' lang='lat' dir='ltr'><strong>tempore</strong></span> <span class='ocrx_word' id='word_1_155' title='bbox 389 986 587 1018; x_wconf 77' lang='lat' dir='ltr'><strong>sacriﬁcarunt,</strong></span> <span class='ocrx_word' id='word_1_156' title='bbox 603 985 636 1011; x_wconf 84' lang='lat' dir='ltr'><strong>ad</strong></span> <span class='ocrx_word' id='word_1_157' title='bbox 658 984 859 1019; x_wconf 79' lang='lat' dir='ltr'><strong>cognoscendos</strong></span> <span class='ocrx_word' id='word_1_158' title='bbox 883 983 989 1012; x_wconf 83' lang='lat' dir='ltr'><strong>sacriﬁ-</strong></span> 
     </span>
    </p>
   </div>
   <div class='ocr_carea' id='block_1_23' title="bbox 202 1030 989 1064">
    <p class='ocr_par' dir='ltr' id='par_1_23' title="bbox 202 1030 989 1064">
     <span class='ocr_line' id='line_1_23' title="bbox 202 1030 989 1064; baseline -0.006 -3"><span class='ocrx_word' id='word_1_159' title='bbox 202 1033 305 1061; x_wconf 78' lang='lat' dir='ltr'><strong>ciorum</strong></span> <span class='ocrx_word' id='word_1_160' title='bbox 319 1033 385 1060; x_wconf 85' lang='lat' dir='ltr'><strong>ritus</strong></span> <span class='ocrx_word' id='word_1_161' title='bbox 396 1036 422 1059; x_wconf 85' lang='lat' dir='ltr'><strong>et</strong></span> <span class='ocrx_word' id='word_1_162' title='bbox 434 1031 639 1059; x_wconf 77' lang='lat' dir='ltr'><strong>convenientem</strong></span> <span class='ocrx_word' id='word_1_163' title='bbox 652 1030 706 1057; x_wconf 65' lang='lat' dir='ltr'><strong>Deo</strong></span> <span class='ocrx_word' id='word_1_164' title='bbox 721 1030 821 1057; x_wconf 87' lang='lat' dir='ltr'><strong>cultum</strong></span> <span class='ocrx_word' id='word_1_165' title='bbox 833 1030 989 1064; x_wconf 64' lang='lat' dir='ltr'><strong>praeparari,</strong></span> 
     </span>
    </p>
   </div>
   <div class='ocr_carea' id='block_1_24' title="bbox 201 1075 989 1111">
    <p class='ocr_par' dir='ltr' id='par_1_24' title="bbox 201 1075 989 1111">
     <span class='ocr_line' id='line_1_24' title="bbox 201 1075 989 1111; baseline -0.005 -6"><span class='ocrx_word' id='word_1_166' title='bbox 201 1084 232 1106; x_wconf 89' lang='lat' dir='ltr'><strong>ut</strong></span> <span class='ocrx_word' id='word_1_167' title='bbox 260 1086 308 1105; x_wconf 91' lang='lat' dir='ltr'><strong>nos</strong></span> <span class='ocrx_word' id='word_1_168' title='bbox 325 1077 460 1109; x_wconf 80' lang='lat' dir='ltr'><strong>videlicet,</strong></span> <span class='ocrx_word' id='word_1_169' title='bbox 483 1083 575 1103; x_wconf 90' lang='lat' dir='ltr'><strong>eorum</strong></span> <span class='ocrx_word' id='word_1_170' title='bbox 603 1075 720 1111; x_wconf 82' lang='lat' dir='ltr'><strong>posteri,</strong></span> <span class='ocrx_word' id='word_1_171' title='bbox 738 1075 872 1109; x_wconf 78' lang='lat' dir='ltr'><strong>quodnam</strong></span> <span class='ocrx_word' id='word_1_172' title='bbox 898 1076 934 1102; x_wconf 87' lang='lat' dir='ltr'><strong>sit</strong></span> <span class='ocrx_word' id='word_1_173' title='bbox 963 1076 989 1102; x_wconf 91' lang='lat' dir='ltr'><strong>in</strong></span> 
     </span>
    </p>
   </div>
   <div class='ocr_carea' id='block_1_25' title="bbox 203 1121 989 1156">
    <p class='ocr_par' dir='ltr' id='par_1_25' title="bbox 203 1121 989 1156">
     <span class='ocr_line' id='line_1_25' title="bbox 203 1121 989 1156; baseline -0.005 -4"><span class='ocrx_word' id='word_1_174' title='bbox 203 1124 279 1152; x_wconf 81' lang='lat' dir='ltr'><strong>hisce</strong></span> <span class='ocrx_word' id='word_1_175' title='bbox 303 1123 516 1150; x_wconf 84' lang='lat' dir='ltr'><strong>laudatissimnm</strong></span> <span class='ocrx_word' id='word_1_176' title='bbox 545 1122 597 1149; x_wconf 88' lang='lat' dir='ltr'><strong>iter</strong></span> <span class='ocrx_word' id='word_1_177' title='bbox 621 1128 839 1156; x_wconf 77' lang='lat' dir='ltr'><strong>agnosceremus.</strong></span> <span class='ocrx_word' id='word_1_178' title='bbox 871 1121 947 1154; x_wconf 86' lang='lat' dir='ltr'><strong>Quod</strong></span> <span class='ocrx_word' id='word_1_179' title='bbox 967 1121 989 1148; x_wconf 84' lang='lat' dir='ltr'><strong>si</strong></span> 
     </span>
    </p>
   </div>
   <div class='ocr_carea' id='block_1_26' title="bbox 203 1166 989 1203">
    <p class='ocr_par' dir='ltr' id='par_1_26' title="bbox 203 1166 989 1203">
     <span class='ocr_line' id='line_1_26' title="bbox 203 1166 989 1203; baseline -0.005 -7"><span class='ocrx_word' id='word_1_180' title='bbox 203 1176 266 1196; x_wconf 85' lang='lat' dir='ltr'><strong>oves</strong></span> <span class='ocrx_word' id='word_1_181' title='bbox 280 1168 360 1203; x_wconf 84' lang='lat' dir='ltr'><strong>prisci</strong></span> <span class='ocrx_word' id='word_1_182' title='bbox 376 1168 412 1195; x_wconf 90' lang='lat' dir='ltr'><strong>illi</strong></span> <span class='ocrx_word' id='word_1_183' title='bbox 428 1168 548 1194; x_wconf 81' lang='lat' dir='ltr'><strong>homines</strong></span> <span class='ocrx_word' id='word_1_184' title='bbox 561 1171 588 1194; x_wconf 87' lang='lat' dir='ltr'><strong>et</strong></span> <span class='ocrx_word' id='word_1_185' title='bbox 611 1166 714 1193; x_wconf 76' lang='lat' dir='ltr'><strong>fructus</strong></span> <span class='ocrx_word' id='word_1_186' title='bbox 731 1166 914 1198; x_wconf 81' lang='lat' dir='ltr'><strong>immolarunt.</strong></span> <span class='ocrx_word' id='word_1_187' title='bbox 926 1167 989 1201; x_wconf 86' lang='lat' dir='ltr'><strong>quid</strong></span> 
     </span>
    </p>
   </div>
   <div class='ocr_carea' id='block_1_27' title="bbox 204 1212 989 1249">
    <p class='ocr_par' dir='ltr' id='par_1_27' title="bbox 204 1212 989 1249">
     <span class='ocr_line' id='line_1_27' title="bbox 204 1212 989 1249; baseline -0.005 -7"><span class='ocrx_word' id='word_1_188' title='bbox 204 1219 277 1242; x_wconf 80' lang='lat' dir='ltr'><strong>vetat</strong></span> <span class='ocrx_word' id='word_1_189' title='bbox 295 1215 449 1249; x_wconf 86' lang='lat' dir='ltr'><strong>quominus,</strong></span> <span class='ocrx_word' id='word_1_190' title='bbox 470 1214 580 1240; x_wconf 76' lang='lat' dir='ltr'><strong>meliora</strong></span> <span class='ocrx_word' id='word_1_191' title='bbox 604 1220 664 1240; x_wconf 83' lang='lat' dir='ltr'><strong>cunt</strong></span> <span class='ocrx_word' id='word_1_192' title='bbox 687 1212 872 1244; x_wconf 83' lang='lat' dir='ltr'><strong>didicerimus,</strong></span> <span class='ocrx_word' id='word_1_193' title='bbox 894 1212 989 1239; x_wconf 89' lang='lat' dir='ltr'><strong>melius</strong></span> 
     </span>
    </p>
   </div>
   <div class='ocr_carea' id='block_1_28' title="bbox 205 1257 989 1294">
    <p class='ocr_par' dir='ltr' id='par_1_28' title="bbox 205 1257 989 1294">
     <span class='ocr_line' id='line_1_28' title="bbox 205 1257 989 1294; baseline -0.005 -6"><span class='ocrx_word' id='word_1_194' title='bbox 205 1269 287 1292; x_wconf 85' lang='lat' dir='ltr'><strong>nunc.</strong></span> <span class='ocrx_word' id='word_1_195' title='bbox 302 1267 381 1294; x_wconf 87' lang='lat' dir='ltr'><strong>quam</strong></span> <span class='ocrx_word' id='word_1_196' title='bbox 398 1260 434 1286; x_wconf 90' lang='lat' dir='ltr'><strong>illi</strong></span> <span class='ocrx_word' id='word_1_197' title='bbox 449 1259 595 1294; x_wconf 82' lang='lat' dir='ltr'><strong>quondam,</strong></span> <span class='ocrx_word' id='word_1_198' title='bbox 613 1257 820 1286; x_wconf 77' lang='lat' dir='ltr'><strong>sacriﬁcemus?</strong></span> <span class='ocrx_word' id='word_1_199' title='bbox 836 1257 883 1284; x_wconf 87' lang='lat' dir='ltr'><strong>Sin</strong></span> <span class='ocrx_word' id='word_1_200' title='bbox 899 1261 989 1284; x_wconf 77' lang='lat' dir='ltr'><strong>autem</strong></span> 
     </span>
    </p>
   </div>
   <div class='ocr_carea' id='block_1_29' title="bbox 204 1303 990 1339">
    <p class='ocr_par' dir='ltr' id='par_1_29' title="bbox 204 1303 990 1339">
     <span class='ocr_line' id='line_1_29' title="bbox 204 1303 990 1339; baseline -0.005 -6"><span class='ocrx_word' id='word_1_201' title='bbox 204 1307 340 1334; x_wconf 80' lang='lat' dir='ltr'><strong>existimat</strong></span> <span class='ocrx_word' id='word_1_202' title='bbox 362 1310 482 1333; x_wconf 84' lang='lat' dir='ltr'><strong>veterqu</strong></span> <span class='ocrx_word' id='word_1_203' title='bbox 499 1305 566 1332; x_wconf 85' lang='lat' dir='ltr'><strong>ritus</strong></span> <span class='ocrx_word' id='word_1_204' title='bbox 583 1312 630 1339; x_wconf 91' lang='lat' dir='ltr'><strong>per</strong></span> <span class='ocrx_word' id='word_1_205' title='bbox 645 1304 734 1331; x_wconf 83' lang='lat' dir='ltr'><strong>omnia</strong></span> <span class='ocrx_word' id='word_1_206' title='bbox 749 1303 910 1337; x_wconf 84' lang='lat' dir='ltr'><strong>sequendos,</strong></span> <span class='ocrx_word' id='word_1_207' title='bbox 926 1310 990 1338; x_wconf 76' lang='lat' dir='ltr'><strong>age—</strong></span> 
     </span>
    </p>
   </div>
   <div class='ocr_carea' id='block_1_30' title="bbox 204 1348 990 1383">
    <p class='ocr_par' dir='ltr' id='par_1_30' title="bbox 204 1348 990 1383">
     <span class='ocr_line' id='line_1_30' title="bbox 204 1348 990 1383; baseline -0.004 -4"><span class='ocrx_word' id='word_1_208' title='bbox 204 1353 267 1379; x_wconf 92' lang='lat' dir='ltr'><strong>dum</strong></span> <span class='ocrx_word' id='word_1_209' title='bbox 293 1351 430 1379; x_wconf 90' lang='lat' dir='ltr'><strong>imitemur</strong></span> <span class='ocrx_word' id='word_1_210' title='bbox 451 1358 499 1378; x_wconf 86' lang='lat' dir='ltr'><strong>eos</strong></span> <span class='ocrx_word' id='word_1_211' title='bbox 515 1351 541 1378; x_wconf 90' lang='lat' dir='ltr'><strong>in</strong></span> <span class='ocrx_word' id='word_1_212' title='bbox 561 1351 621 1377; x_wconf 87' lang='lat' dir='ltr'><strong>aliis</strong></span> <span class='ocrx_word' id='word_1_213' title='bbox 640 1350 773 1377; x_wconf 89' lang='lat' dir='ltr'><strong>omnibus.</strong></span> <span class='ocrx_word' id='word_1_214' title='bbox 800 1348 854 1376; x_wconf 90' lang='lat' dir='ltr'><strong>Illis</strong></span> <span class='ocrx_word' id='word_1_215' title='bbox 879 1356 990 1383; x_wconf 81' lang='lat' dir='ltr'><strong>pascere</strong></span> 
     </span>
    </p>
   </div>
   <div class='ocr_carea' id='block_1_31' title="bbox 205 1395 991 1433">
    <p class='ocr_par' dir='ltr' id='par_1_31' title="bbox 205 1395 991 1433">
     <span class='ocr_line' id='line_1_31' title="bbox 205 1395 991 1433; baseline -0.005 -8"><span class='ocrx_word' id='word_1_216' title='bbox 205 1406 296 1433; x_wconf 88' lang='lat' dir='ltr'><strong>pecus,</strong></span> <span class='ocrx_word' id='word_1_217' title='bbox 311 1402 409 1425; x_wconf 87' lang='lat' dir='ltr'><strong>terram</strong></span> <span class='ocrx_word' id='word_1_218' title='bbox 428 1403 516 1428; x_wconf 81' lang='lat' dir='ltr'><strong>arare,</strong></span> <span class='ocrx_word' id='word_1_219' title='bbox 532 1401 559 1423; x_wconf 83' lang='lat' dir='ltr'><strong>et</strong></span> <span class='ocrx_word' id='word_1_220' title='bbox 573 1396 675 1423; x_wconf 73' lang='lat' dir='ltr'><strong>villosis</strong></span> <span class='ocrx_word' id='word_1_221' title='bbox 690 1395 802 1430; x_wconf 82' lang='lat' dir='ltr'><strong>pellibus</strong></span> <span class='ocrx_word' id='word_1_222' title='bbox 817 1395 907 1422; x_wconf 85' lang='lat' dir='ltr'><strong>vestiri</strong></span> <span class='ocrx_word' id='word_1_223' title='bbox 934 1401 991 1421; x_wconf 80' lang='lat' dir='ltr'><strong>mos</strong></span> 
     </span>
    </p>
   </div>
   <div class='ocr_carea' id='block_1_32' title="bbox 204 1440 992 1477">
    <p class='ocr_par' dir='ltr' id='par_1_32' title="bbox 204 1440 992 1477">
     <span class='ocr_line' id='line_1_32' title="bbox 204 1440 992 1477; baseline -0.006 -5"><span class='ocrx_word' id='word_1_224' title='bbox 204 1449 263 1472; x_wconf 88' lang='lat' dir='ltr'><strong>erat</strong></span> <span class='ocrx_word' id='word_1_225' title='bbox 283 1452 291 1472; x_wconf 83' lang='lat'><strong>:</strong></span> <span class='ocrx_word' id='word_1_226' title='bbox 314 1453 323 1470; x_wconf 82' lang='lat' dir='ltr'><strong>I</strong></span> <span class='ocrx_word' id='word_1_227' title='bbox 341 1444 372 1470; x_wconf 87' lang='lat' dir='ltr'><strong>Et</strong></span> <span class='ocrx_word' id='word_1_228' title='bbox 393 1443 466 1474; x_wconf 78' lang='lat' dir='ltr'><strong>fecit,</strong></span> <span class='ocrx_word' id='word_1_229' title='bbox 489 1442 586 1477; x_wconf 82' lang='lat' dir='ltr'><strong>inquit.</strong></span> <span class='ocrx_word' id='word_1_230' title='bbox 610 1441 680 1469; x_wconf 89' lang='lat' dir='ltr'><strong>Deus</strong></span> <span class='ocrx_word' id='word_1_231' title='bbox 702 1441 766 1469; x_wconf 57' lang='lat' dir='ltr'><strong>Adae</strong></span> <span class='ocrx_word' id='word_1_232' title='bbox 789 1441 893 1468; x_wconf 79' lang='lat' dir='ltr'><strong>tunicas</strong></span> <span class='ocrx_word' id='word_1_233' title='bbox 915 1440 992 1474; x_wconf 82' lang='lat' dir='ltr'><strong>pelli-</strong></span> 
     </span>
    </p>
   </div>
   <div class='ocr_carea' id='block_1_33' title="bbox 204 1486 992 1524">
    <p class='ocr_par' dir='ltr' id='par_1_33' title="bbox 204 1486 992 1524">
     <span class='ocr_line' id='line_1_33' title="bbox 204 1486 992 1524; baseline -0.003 -8"><span class='ocrx_word' id='word_1_234' title='bbox 204 1498 268 1517; x_wconf 85' lang='lat' dir='ltr'><strong>ceas</strong></span> <span class='ocrx_word' id='word_1_235' title='bbox 277 1490 311 1517; x_wconf 88' lang='grc'><strong>⁷⁷.</strong></span> <span class='ocrx_word' id='word_1_236' title='bbox 339 1499 347 1515; x_wconf 75' lang='grc' dir='ltr'>ι</span> <span class='ocrx_word' id='word_1_237' title='bbox 369 1488 439 1524; x_wconf 80' lang='lat' dir='ltr'><strong>Ergo</strong></span> <span class='ocrx_word' id='word_1_238' title='bbox 453 1496 502 1516; x_wconf 88' lang='lat' dir='ltr'><strong>nos</strong></span> <span class='ocrx_word' id='word_1_239' title='bbox 522 1487 683 1523; x_wconf 85' lang='lat' dir='ltr'><strong>pastoralem</strong></span> <span class='ocrx_word' id='word_1_240' title='bbox 709 1487 790 1514; x_wconf 90' lang='lat' dir='ltr'><strong>vitam</strong></span> <span class='ocrx_word' id='word_1_241' title='bbox 811 1486 861 1521; x_wconf 85' lang='lat' dir='ltr'><strong>ipsi</strong></span> <span class='ocrx_word' id='word_1_242' title='bbox 884 1493 992 1521; x_wconf 84' lang='lat' dir='ltr'><strong>qunque</strong></span> 
     </span>
    </p>
   </div>
   <div class='ocr_carea' id='block_1_34' title="bbox 204 1533 988 1570">
    <p class='ocr_par' dir='ltr' id='par_1_34' title="bbox 204 1533 988 1570">
     <span class='ocr_line' id='line_1_34' title="bbox 204 1533 988 1570; baseline -0.005 -8"><span class='ocrx_word' id='word_1_243' title='bbox 204 1537 342 1570; x_wconf 74' lang='lat' dir='ltr'><strong>degamus,</strong></span> <span class='ocrx_word' id='word_1_244' title='bbox 372 1540 470 1562; x_wconf 85' lang='lat' dir='ltr'><strong>terram</strong></span> <span class='ocrx_word' id='word_1_245' title='bbox 491 1540 677 1565; x_wconf 82' lang='lat' dir='ltr'><strong>exerceamus,</strong></span> <span class='ocrx_word' id='word_1_246' title='bbox 693 1533 806 1560; x_wconf 85' lang='lat' dir='ltr'><strong>vestium</strong></span> <span class='ocrx_word' id='word_1_247' title='bbox 829 1533 988 1567; x_wconf 79' lang='lat' dir='ltr'><strong>elegantiam</strong></span> 
     </span>
    </p>
   </div>
   <div class='ocr_carea' id='block_1_35' title="bbox 204 1579 1023 1616">
    <p class='ocr_par' dir='ltr' id='par_1_35' title="bbox 204 1579 1023 1616">
     <span class='ocr_line' id='line_1_35' title="bbox 204 1579 1023 1616; baseline -0.005 -8"><span class='ocrx_word' id='word_1_248' title='bbox 204 1582 394 1616; x_wconf 83' lang='lat' dir='ltr'><strong>repudiemus,</strong></span> <span class='ocrx_word' id='word_1_249' title='bbox 422 1579 523 1607; x_wconf 78' lang='lat' dir='ltr'><strong>villosis</strong></span> <span class='ocrx_word' id='word_1_250' title='bbox 556 1579 674 1606; x_wconf 84' lang='lat' dir='ltr'><strong>vestibus</strong></span> <span class='ocrx_word' id='word_1_251' title='bbox 705 1585 800 1606; x_wconf 74' lang='lat' dir='ltr'><strong>omnes</strong></span> <span class='ocrx_word' id='word_1_252' title='bbox 834 1579 1023 1615; x_wconf 78' lang='lat' dir='ltr'><strong>induutnur.c</strong></span> 
     </span>
    </p>
   </div>
   <div class='ocr_carea' id='block_1_36' title="bbox 206 1623 989 1660">
    <p class='ocr_par' dir='ltr' id='par_1_36' title="bbox 206 1623 989 1660">
     <span class='ocr_line' id='line_1_36' title="bbox 206 1623 989 1660; baseline -0.006 -6"><span class='ocrx_word' id='word_1_253' title='bbox 206 1626 282 1654; x_wconf 81' lang='lat' dir='ltr'><strong>Nulla</strong></span> <span class='ocrx_word' id='word_1_254' title='bbox 309 1631 366 1653; x_wconf 89' lang='lat' dir='ltr'><strong>erat</strong></span> <span class='ocrx_word' id='word_1_255' title='bbox 385 1625 453 1660; x_wconf 87' lang='lat' dir='ltr'><strong>apud</strong></span> <span class='ocrx_word' id='word_1_256' title='bbox 478 1632 524 1652; x_wconf 84' lang='lat' dir='ltr'><strong>eos</strong></span> <span class='ocrx_word' id='word_1_257' title='bbox 549 1624 687 1651; x_wconf 70' lang='lat' dir='ltr'><strong>medicinae</strong></span> <span class='ocrx_word' id='word_1_258' title='bbox 703 1631 777 1655; x_wconf 79' lang='lat' dir='ltr'><strong>cura,</strong></span> <span class='ocrx_word' id='word_1_259' title='bbox 802 1631 853 1650; x_wconf 89' lang='lat' dir='ltr'><strong>non</strong></span> <span class='ocrx_word' id='word_1_260' title='bbox 879 1623 989 1649; x_wconf 84' lang='lat' dir='ltr'><strong>ulterius</strong></span> 
     </span>
    </p>
   </div>
   <div class='ocr_carea' id='block_1_37' title="bbox 205 1669 990 1707">
    <p class='ocr_par' dir='ltr' id='par_1_37' title="bbox 205 1669 990 1707">
     <span class='ocr_line' id='line_1_37' title="bbox 205 1669 990 1707; baseline -0.005 -8"><span class='ocrx_word' id='word_1_261' title='bbox 205 1671 322 1707; x_wconf 84' lang='lat' dir='ltr'><strong>cujusvis</strong></span> <span class='ocrx_word' id='word_1_262' title='bbox 330 1671 458 1703; x_wconf 61' lang='lat' dir='ltr'><strong>scientiae,</strong></span> <span class='ocrx_word' id='word_1_263' title='bbox 466 1678 518 1697; x_wconf 93' lang='lat' dir='ltr'><strong>non</strong></span> <span class='ocrx_word' id='word_1_264' title='bbox 528 1670 676 1696; x_wconf 88' lang='lat' dir='ltr'><strong>litterarum</strong></span> <span class='ocrx_word' id='word_1_265' title='bbox 687 1676 760 1700; x_wconf 88' lang='lat' dir='ltr'><strong>usus,</strong></span> <span class='ocrx_word' id='word_1_266' title='bbox 770 1676 821 1696; x_wconf 92' lang='lat' dir='ltr'><strong>non</strong></span> <span class='ocrx_word' id='word_1_267' title='bbox 828 1669 990 1696; x_wconf 68' lang='lat' dir='ltr'><strong>mechanica:</strong></span> 
     </span>
    </p>
   </div>
   <div class='ocr_carea' id='block_1_38' title="bbox 205 1714 990 1751">
    <p class='ocr_par' dir='ltr' id='par_1_38' title="bbox 205 1714 990 1751">
     <span class='ocr_line' id='line_1_38' title="bbox 205 1714 990 1751; baseline -0.005 -6"><span class='ocrx_word' id='word_1_268' title='bbox 205 1717 362 1751; x_wconf 68' lang='lat' dir='ltr'><strong>disciplinae,</strong></span> <span class='ocrx_word' id='word_1_269' title='bbox 387 1723 439 1743; x_wconf 90' lang='lat' dir='ltr'><strong>non</strong></span> <span class='ocrx_word' id='word_1_270' title='bbox 459 1716 558 1742; x_wconf 86' lang='lat' dir='ltr'><strong>artium</strong></span> <span class='ocrx_word' id='word_1_271' title='bbox 582 1715 681 1748; x_wconf 82' lang='lat' dir='ltr'><strong>studia,</strong></span> <span class='ocrx_word' id='word_1_272' title='bbox 702 1715 749 1742; x_wconf 88' lang='lat' dir='ltr'><strong>sed</strong></span> <span class='ocrx_word' id='word_1_273' title='bbox 768 1720 872 1749; x_wconf 82' lang='lat' dir='ltr'><strong>tempus</strong></span> <span class='ocrx_word' id='word_1_274' title='bbox 893 1721 924 1742; x_wconf 80' lang='lat' dir='ltr'><strong>ea</strong></span> <span class='ocrx_word' id='word_1_275' title='bbox 942 1714 990 1741; x_wconf 89' lang='lat' dir='ltr'><strong>de-</strong></span> 
     </span>
    </p>
   </div>
   <div class='ocr_carea' id='block_1_39' title="bbox 207 1757 990 1795">
    <p class='ocr_par' dir='ltr' id='par_1_39' title="bbox 207 1757 990 1795">
     <span class='ocr_line' id='line_1_39' title="bbox 207 1757 990 1795; baseline -0.005 -6"><span class='ocrx_word' id='word_1_276' title='bbox 207 1770 281 1789; x_wconf 90' lang='lat' dir='ltr'><strong>mum</strong></span> <span class='ocrx_word' id='word_1_277' title='bbox 307 1761 412 1789; x_wconf 82' lang='lat' dir='ltr'><strong>extulit.</strong></span> <span class='ocrx_word' id='word_1_278' title='bbox 437 1760 546 1795; x_wconf 69' lang='lat' dir='ltr'><strong>Igitur:</strong></span> <span class='ocrx_word' id='word_1_279' title='bbox 562 1763 634 1786; x_wconf 86' lang='lat' dir='ltr'><strong>recta</strong></span> <span class='ocrx_word' id='word_1_280' title='bbox 648 1757 756 1794; x_wconf 86' lang='lat' dir='ltr'><strong>Deoque</strong></span> <span class='ocrx_word' id='word_1_281' title='bbox 779 1765 854 1793; x_wconf 78' lang='lat' dir='ltr'><strong>grata</strong></span> <span class='ocrx_word' id='word_1_282' title='bbox 879 1759 925 1786; x_wconf 84' lang='lat' dir='ltr'><strong>illa</strong></span> <span class='ocrx_word' id='word_1_283' title='bbox 945 1766 990 1786; x_wconf 86' lang='lat' dir='ltr'><strong>sa-</strong></span> 
     </span>
    </p>
   </div>
   <div class='ocr_carea' id='block_1_40' title="bbox 206 1804 990 1840">
    <p class='ocr_par' dir='ltr' id='par_1_40' title="bbox 206 1804 990 1840">
     <span class='ocr_line' id='line_1_40' title="bbox 206 1804 990 1840; baseline -0.005 -5"><span class='ocrx_word' id='word_1_284' title='bbox 206 1807 344 1835; x_wconf 81' lang='lat' dir='ltr'><strong>criﬁcandi</strong></span> <span class='ocrx_word' id='word_1_285' title='bbox 376 1806 479 1834; x_wconf 84' lang='lat' dir='ltr'><strong>ratione</strong></span> <span class='ocrx_word' id='word_1_286' title='bbox 507 1805 669 1832; x_wconf 83' lang='lat' dir='ltr'><strong>aberrabant</strong></span> <span class='ocrx_word' id='word_1_287' title='bbox 697 1806 769 1840; x_wconf 91' lang='lat' dir='ltr'><strong>(non</strong></span> <span class='ocrx_word' id='word_1_288' title='bbox 786 1806 857 1832; x_wconf 90' lang='lat' dir='ltr'><strong>enim</strong></span> <span class='ocrx_word' id='word_1_289' title='bbox 882 1804 990 1838; x_wconf 81' lang='lat' dir='ltr'><strong>spirita-</strong></span> 
     </span>
    </p>
   </div>
   <div class='ocr_carea' id='block_1_41' title="bbox 206 1851 990 1886">
    <p class='ocr_par' dir='ltr' id='par_1_41' title="bbox 206 1851 990 1886">
     <span class='ocr_line' id='line_1_41' title="bbox 206 1851 990 1886; baseline -0.006 -5"><span class='ocrx_word' id='word_1_290' title='bbox 206 1853 240 1881; x_wconf 85' lang='lat' dir='ltr'><strong>lis</strong></span> <span class='ocrx_word' id='word_1_291' title='bbox 269 1853 358 1880; x_wconf 87' lang='lat' dir='ltr'><strong>cultus</strong></span> <span class='ocrx_word' id='word_1_292' title='bbox 391 1852 499 1879; x_wconf 88' lang='lat' dir='ltr'><strong>modunt</strong></span> <span class='ocrx_word' id='word_1_293' title='bbox 533 1852 693 1886; x_wconf 87' lang='lat' dir='ltr'><strong>noverant),</strong></span> <span class='ocrx_word' id='word_1_294' title='bbox 721 1855 904 1878; x_wconf 82' lang='lat' dir='ltr'><strong>verumtamen</strong></span> <span class='ocrx_word' id='word_1_295' title='bbox 937 1851 990 1876; x_wconf 84' lang='lat' dir='ltr'><strong>Deo</strong></span> 
     </span>
    </p>
   </div>
   <div class='ocr_carea' id='block_1_42' title="bbox 204 1897 989 1934">
    <p class='ocr_par' dir='ltr' id='par_1_42' title="bbox 204 1897 989 1934">
     <span class='ocr_line' id='line_1_42' title="bbox 204 1897 989 1934; baseline -0.005 -6"><span class='ocrx_word' id='word_1_296' title='bbox 204 1905 315 1934; x_wconf 73' lang='lat' dir='ltr'><strong>accepta</strong></span> <span class='ocrx_word' id='word_1_297' title='bbox 331 1904 400 1931; x_wconf 89' lang='lat' dir='ltr'><strong>erat,</strong></span> <span class='ocrx_word' id='word_1_298' title='bbox 410 1906 461 1926; x_wconf 89' lang='lat' dir='ltr'><strong>non</strong></span> <span class='ocrx_word' id='word_1_299' title='bbox 475 1898 630 1933; x_wconf 86' lang='lat' dir='ltr'><strong>respicienti</strong></span> <span class='ocrx_word' id='word_1_300' title='bbox 644 1899 677 1925; x_wconf 87' lang='lat' dir='ltr'><strong>ad</strong></span> <span class='ocrx_word' id='word_1_301' title='bbox 692 1898 716 1925; x_wconf 85' lang='lat' dir='ltr'><strong>id</strong></span> <span class='ocrx_word' id='word_1_302' title='bbox 731 1899 800 1932; x_wconf 81' lang='lat' dir='ltr'><strong>quod</strong></span> <span class='ocrx_word' id='word_1_303' title='bbox 816 1897 989 1929; x_wconf 81' lang='lat' dir='ltr'><strong>oli&#39;erebatur,</strong></span> 
     </span>
    </p>
   </div>
   <div class='ocr_carea' id='block_1_43' title="bbox 206 1942 987 1979">
    <p class='ocr_par' dir='ltr' id='par_1_43' title="bbox 206 1942 987 1979">
     <span class='ocr_line' id='line_1_43' title="bbox 206 1942 987 1979; baseline -0.004 -7"><span class='ocrx_word' id='word_1_304' title='bbox 206 1945 254 1972; x_wconf 80' lang='lat' dir='ltr'><strong>sed</strong></span> <span class='ocrx_word' id='word_1_305' title='bbox 278 1945 395 1973; x_wconf 83' lang='lat' dir='ltr'><strong>animum</strong></span> <span class='ocrx_word' id='word_1_306' title='bbox 416 1951 447 1970; x_wconf 87' lang='lat' dir='ltr'><strong>ac</strong></span> <span class='ocrx_word' id='word_1_307' title='bbox 467 1944 630 1979; x_wconf 83' lang='lat' dir='ltr'><strong>propositum</strong></span> <span class='ocrx_word' id='word_1_308' title='bbox 653 1942 790 1970; x_wconf 77' lang='lat' dir='ltr'><strong>olferentis</strong></span> <span class='ocrx_word' id='word_1_309' title='bbox 815 1943 987 1977; x_wconf 78' lang='lat' dir='ltr'><strong>expendenti.</strong></span> 
     </span>
    </p>
   </div>
   <div class='ocr_carea' id='block_1_44' title="bbox 206 1987 989 2025">
    <p class='ocr_par' dir='ltr' id='par_1_44' title="bbox 206 1987 989 2025">
     <span class='ocr_line' id='line_1_44' title="bbox 206 1987 989 2025; baseline -0.005 -7"><span class='ocrx_word' id='word_1_310' title='bbox 206 1991 351 2025; x_wconf 77' lang='lat' dir='ltr'><strong>Progressu</strong></span> <span class='ocrx_word' id='word_1_311' title='bbox 370 1997 434 2016; x_wconf 91' lang='lat' dir='ltr'><strong>vero</strong></span> <span class='ocrx_word' id='word_1_312' title='bbox 459 1989 586 2023; x_wconf 83' lang='lat' dir='ltr'><strong>temporis</strong></span> <span class='ocrx_word' id='word_1_313' title='bbox 600 1990 675 2023; x_wconf 74' lang='lat' dir='ltr'><strong>gnari</strong></span> <span class='ocrx_word' id='word_1_314' title='bbox 696 1987 759 2015; x_wconf 85' lang='lat' dir='ltr'><strong>facti</strong></span> <span class='ocrx_word' id='word_1_315' title='bbox 782 1996 874 2015; x_wconf 73' lang='lat' dir='ltr'><strong>sumus</strong></span> <span class='ocrx_word' id='word_1_316' title='bbox 896 1996 989 2015; x_wconf 85' lang='lat' dir='ltr'><strong>eorum</strong></span> 
     </span>
    </p>
   </div>
   <div class='ocr_carea' id='block_1_45' title="bbox 206 2033 991 2072">
    <p class='ocr_par' dir='ltr' id='par_1_45' title="bbox 206 2033 991 2072">
     <span class='ocr_line' id='line_1_45' title="bbox 206 2033 991 2072; baseline -0.003 -9"><span class='ocrx_word' id='word_1_317' title='bbox 206 2045 266 2072; x_wconf 70' lang='lat' dir='ltr'><strong>qua:</strong></span> <span class='ocrx_word' id='word_1_318' title='bbox 281 2037 455 2070; x_wconf 84' lang='lat' dir='ltr'><strong>erplacent.</strong></span> <span class='ocrx_word' id='word_1_319' title='bbox 462 2034 652 2062; x_wconf 78' lang='lat' dir='ltr'><strong>Sacriﬁcamus</strong></span> <span class='ocrx_word' id='word_1_320' title='bbox 659 2034 730 2062; x_wconf 89' lang='lat' dir='ltr'><strong>enim</strong></span> <span class='ocrx_word' id='word_1_321' title='bbox 738 2033 952 2061; x_wconf 85' lang='lat' dir='ltr'><strong>intellectualiter</strong></span> <span class='ocrx_word' id='word_1_322' title='bbox 959 2040 991 2061; x_wconf 90' lang='lat' dir='ltr'><strong>ac</strong></span> 
     </span>
    </p>
   </div>
   <div class='ocr_carea' id='block_1_46' title="bbox 206 2079 990 2116">
    <p class='ocr_par' dir='ltr' id='par_1_46' title="bbox 206 2079 990 2116">
     <span class='ocr_line' id='line_1_46' title="bbox 206 2079 990 2116; baseline -0.004 -7"><span class='ocrx_word' id='word_1_323' title='bbox 206 2081 395 2116; x_wconf 77' lang='lat' dir='ltr'><strong>spiritualiter,</strong></span> <span class='ocrx_word' id='word_1_324' title='bbox 405 2081 533 2107; x_wconf 87' lang='lat' dir='ltr'><strong>virtutum</strong></span> <span class='ocrx_word' id='word_1_325' title='bbox 548 2080 741 2115; x_wconf 77' lang='lat' dir='ltr'><strong>gratosodores</strong></span> <span class='ocrx_word' id='word_1_326' title='bbox 755 2080 778 2107; x_wconf 87' lang='lat' dir='ltr'><strong>ei</strong></span> <span class='ocrx_word' id='word_1_327' title='bbox 790 2079 990 2114; x_wconf 84' lang='lat' dir='ltr'><strong>quodammodo</strong></span> 
     </span>
    </p>
   </div>
   <div class='ocr_carea' id='block_1_47' title="bbox 206 2123 989 2159">
    <p class='ocr_par' dir='ltr' id='par_1_47' title="bbox 206 2123 989 2159">
     <span class='ocr_line' id='line_1_47' title="bbox 206 2123 989 2159; baseline -0.005 -5"><span class='ocrx_word' id='word_1_328' title='bbox 206 2130 405 2154; x_wconf 87' lang='lat' dir='ltr'><strong>consecrantes.</strong></span> <span class='ocrx_word' id='word_1_329' title='bbox 414 2125 483 2158; x_wconf 85' lang='lat' dir='ltr'><strong>Quid</strong></span> <span class='ocrx_word' id='word_1_330' title='bbox 491 2125 572 2158; x_wconf 75' lang='lat' dir='ltr'><strong>ergo?</strong></span> <span class='ocrx_word' id='word_1_331' title='bbox 580 2124 794 2159; x_wconf 78' lang='lat' dir='ltr'><strong>progressionem</strong></span> <span class='ocrx_word' id='word_1_332' title='bbox 809 2123 880 2150; x_wconf 89' lang='lat' dir='ltr'><strong>illam</strong></span> <span class='ocrx_word' id='word_1_333' title='bbox 897 2131 989 2151; x_wconf 85' lang='lat' dir='ltr'><strong>rerum</strong></span> 
     </span>
    </p>
   </div>
   <div class='ocr_carea' id='block_1_48' title="bbox 206 2169 986 2204">
    <p class='ocr_par' dir='ltr' id='par_1_48' title="bbox 206 2169 986 2204">
     <span class='ocr_line' id='line_1_48' title="bbox 206 2169 986 2204; baseline -0.003 -6"><span class='ocrx_word' id='word_1_334' title='bbox 206 2172 234 2198; x_wconf 91' lang='lat' dir='ltr'><strong>in</strong></span> <span class='ocrx_word' id='word_1_335' title='bbox 248 2171 342 2198; x_wconf 87' lang='lat' dir='ltr'><strong>melius</strong></span> <span class='ocrx_word' id='word_1_336' title='bbox 354 2172 440 2198; x_wconf 82' lang='lat' dir='ltr'><strong>ridere</strong></span> <span class='ocrx_word' id='word_1_337' title='bbox 452 2178 503 2197; x_wconf 89' lang='lat' dir='ltr'><strong>non</strong></span> <span class='ocrx_word' id='word_1_338' title='bbox 517 2171 596 2204; x_wconf 88' lang='lat' dir='ltr'><strong>pudet</strong></span> <span class='ocrx_word' id='word_1_339' title='bbox 608 2169 620 2196; x_wconf 90' lang='lat'><strong>?</strong></span> <span class='ocrx_word' id='word_1_340' title='bbox 634 2169 762 2203; x_wconf 71' lang='lat' dir='ltr'><strong>Iniuriam</strong></span> <span class='ocrx_word' id='word_1_341' title='bbox 776 2169 854 2201; x_wconf 77' lang='lat' dir='ltr'><strong>lacis,</strong></span> <span class='ocrx_word' id='word_1_342' title='bbox 872 2177 888 2196; x_wconf 88' lang='grc' dir='ltr'><strong>ο</strong></span> <span class='ocrx_word' id='word_1_343' title='bbox 906 2170 986 2202; x_wconf 84' lang='lat' dir='ltr'><strong>bone,</strong></span> 
     </span>
    </p>
   </div>
   <div class='ocr_carea' id='block_1_49' title="bbox 205 2215 989 2250">
    <p class='ocr_par' dir='ltr' id='par_1_49' title="bbox 205 2215 989 2250">
     <span class='ocr_line' id='line_1_49' title="bbox 205 2215 989 2250; baseline -0.004 -5"><span class='ocrx_word' id='word_1_344' title='bbox 205 2217 383 2245; x_wconf 84' lang='lat' dir='ltr'><strong>etcavillandi</strong></span> <span class='ocrx_word' id='word_1_345' title='bbox 413 2224 510 2243; x_wconf 83' lang='lat' dir='ltr'><strong>causas</strong></span> <span class='ocrx_word' id='word_1_346' title='bbox 523 2215 646 2250; x_wconf 64' lang='lat' dir='ltr'><strong>,quaeris,</strong></span> <span class='ocrx_word' id='word_1_347' title='bbox 676 2220 768 2250; x_wconf 83' lang='lat' dir='ltr'><strong>atque,</strong></span> <span class='ocrx_word' id='word_1_348' title='bbox 783 2220 813 2242; x_wconf 89' lang='lat' dir='ltr'><strong>ut</strong></span> <span class='ocrx_word' id='word_1_349' title='bbox 837 2216 920 2242; x_wconf 60' lang='lat' dir='ltr'><strong>ret-bo</strong></span> <span class='ocrx_word' id='word_1_350' title='bbox 948 2216 989 2242; x_wconf 90' lang='lat' dir='ltr'><strong>di-</strong></span> 
     </span>
    </p>
   </div>
   <div class='ocr_carea' id='block_1_50' title="bbox 1039 251 1836 291">
    <p class='ocr_par' dir='ltr' id='par_1_50' title="bbox 1039 251 1836 291">
     <span class='ocr_line' id='line_1_50' title="bbox 1039 251 1836 291; baseline -0.001 -9"><span class='ocrx_word' id='word_1_351' title='bbox 1039 256 1151 290; x_wconf 77' lang='grc' dir='ltr'>ἅμνούς.</span> <span class='ocrx_word' id='word_1_352' title='bbox 1169 265 1178 281; x_wconf 85' lang='grc' dir='ltr'>ι</span> <span class='ocrx_word' id='word_1_353' title='bbox 1194 256 1312 289; x_wconf 81' lang='grc' dir='ltr'>Ἢνεγκε</span> <span class='ocrx_word' id='word_1_354' title='bbox 1324 256 1388 291; x_wconf 83' lang='grc' dir='ltr'>γὰρ.</span> <span class='ocrx_word' id='word_1_355' title='bbox 1404 257 1496 291; x_wconf 81' lang='grc' dir='ltr'>φησὶν,</span> <span class='ocrx_word' id='word_1_356' title='bbox 1511 257 1565 283; x_wconf 75' lang='grc' dir='ltr'>ἀπὸ</span> <span class='ocrx_word' id='word_1_357' title='bbox 1583 257 1638 283; x_wconf 85' lang='grc' dir='ltr'><strong>τῶν</strong></span> <span class='ocrx_word' id='word_1_358' title='bbox 1649 251 1836 291; x_wconf 61' lang='grc' dir='ltr'>πρωτοτόκων</span> 
     </span>
    </p>
   </div>
   <div class='ocr_carea' id='block_1_51' title="bbox 1039 302 1833 337">
    <p class='ocr_par' dir='ltr' id='par_1_51' title="bbox 1039 302 1833 337">
     <span class='ocr_line' id='line_1_51' title="bbox 1039 302 1833 337; baseline 0 -10"><span class='ocrx_word' id='word_1_359' title='bbox 1039 302 1093 328; x_wconf 85' lang='grc' dir='ltr'><strong>τῶν</strong></span> <span class='ocrx_word' id='word_1_360' title='bbox 1107 302 1252 337; x_wconf 73' lang='grc' dir='ltr'>προϐάτων</span> <span class='ocrx_word' id='word_1_361' title='bbox 1263 302 1356 334; x_wconf 81' lang='grc' dir='ltr'>αὐτοῦ,</span> <span class='ocrx_word' id='word_1_362' title='bbox 1372 303 1418 329; x_wconf 82' lang='grc' dir='ltr'>καὶ</span> <span class='ocrx_word' id='word_1_363' title='bbox 1432 303 1485 329; x_wconf 71' lang='grc' dir='ltr'><strong>ἀπὸ</strong></span> <span class='ocrx_word' id='word_1_364' title='bbox 1494 303 1550 329; x_wconf 85' lang='grc' dir='ltr'><strong>τῶν</strong></span> <span class='ocrx_word' id='word_1_365' title='bbox 1562 303 1683 329; x_wconf 80' lang='grc' dir='ltr'>στεάτων</span> <span class='ocrx_word' id='word_1_366' title='bbox 1696 302 1790 329; x_wconf 71' lang='grc' dir='ltr'>αὐτῶν</span> <span class='ocrx_word' id='word_1_367' title='bbox 1801 310 1808 317; x_wconf 91' lang='grc'>·</span> <span class='ocrx_word' id='word_1_368' title='bbox 1823 312 1833 327; x_wconf 75' lang='grc' dir='ltr'><strong>ι</strong></span> 
     </span>
    </p>
   </div>
   <div class='ocr_carea' id='block_1_52' title="bbox 1039 346 1836 382">
    <p class='ocr_par' dir='ltr' id='par_1_52' title="bbox 1039 346 1836 382">
     <span class='ocr_line' id='line_1_52' title="bbox 1039 346 1836 382; baseline 0 -10"><span class='ocrx_word' id='word_1_369' title='bbox 1039 347 1171 378; x_wconf 78' lang='grc' dir='ltr'><strong>τουτέστι,</strong></span> <span class='ocrx_word' id='word_1_370' title='bbox 1189 347 1222 373; x_wconf 82' lang='grc' dir='ltr'><strong>τὰ</strong></span> <span class='ocrx_word' id='word_1_371' title='bbox 1235 346 1289 373; x_wconf 80' lang='grc' dir='ltr'><strong>τῶν</strong></span> <span class='ocrx_word' id='word_1_372' title='bbox 1305 346 1393 374; x_wconf 78' lang='grc' dir='ltr'>ἄλλων</span> <span class='ocrx_word' id='word_1_373' title='bbox 1406 348 1533 374; x_wconf 69' lang='grc' dir='ltr'>ἁπάντων</span> <span class='ocrx_word' id='word_1_374' title='bbox 1542 347 1764 382; x_wconf 79' lang='grc' dir='ltr'>εὐτραφέστερα,</span> <span class='ocrx_word' id='word_1_375' title='bbox 1784 347 1836 373; x_wconf 68' lang='grc' dir='ltr'>καὶ</span> 
     </span>
    </p>
   </div>
   <div class='ocr_carea' id='block_1_53' title="bbox 1042 392 1837 428">
    <p class='ocr_par' dir='ltr' id='par_1_53' title="bbox 1042 392 1837 428">
     <span class='ocr_line' id='line_1_53' title="bbox 1042 392 1837 428; baseline 0 -10"><span class='ocrx_word' id='word_1_376' title='bbox 1042 392 1184 427; x_wconf 78' lang='grc' dir='ltr'><strong>μονονουχὶ</strong></span> <span class='ocrx_word' id='word_1_377' title='bbox 1202 392 1249 419; x_wconf 82' lang='lat' dir='ltr'><strong>xai.</strong></span> <span class='ocrx_word' id='word_1_378' title='bbox 1264 392 1475 427; x_wconf 69' lang='grc' dir='ltr'>καταμεθύοντα</span> <span class='ocrx_word' id='word_1_379' title='bbox 1487 395 1520 428; x_wconf 89' lang='grc' dir='ltr'>τῇ</span> <span class='ocrx_word' id='word_1_380' title='bbox 1543 393 1657 428; x_wconf 73' lang='grc' dir='ltr'>πιμελῇ.</span> <span class='ocrx_word' id='word_1_381' title='bbox 1681 393 1790 428; x_wconf 86' lang='grc' dir='ltr'>Χρῆναι</span> <span class='ocrx_word' id='word_1_382' title='bbox 1807 393 1837 418; x_wconf 74' lang='grc' dir='ltr'>δέ</span> 
     </span>
    </p>
   </div>
   <div class='ocr_carea' id='block_1_54' title="bbox 1040 435 1839 474">
    <p class='ocr_par' dir='ltr' id='par_1_54' title="bbox 1040 435 1839 474">
     <span class='ocr_line' id='line_1_54' title="bbox 1040 435 1839 474; baseline 0.001 -11"><span class='ocrx_word' id='word_1_383' title='bbox 1040 446 1112 472; x_wconf 83' lang='grc' dir='ltr'>φημι</span> <span class='ocrx_word' id='word_1_384' title='bbox 1131 437 1199 473; x_wconf 75' lang='grc' dir='ltr'>πρὸς</span> <span class='ocrx_word' id='word_1_385' title='bbox 1213 438 1292 473; x_wconf 83' lang='grc' dir='ltr'>ἡμῶν</span> <span class='ocrx_word' id='word_1_386' title='bbox 1310 438 1440 474; x_wconf 79' lang='grc' dir='ltr'>τιμᾶσθαι</span> <span class='ocrx_word' id='word_1_387' title='bbox 1455 438 1530 471; x_wconf 80' lang='grc' dir='ltr'>Θεὸν,</span> <span class='ocrx_word' id='word_1_388' title='bbox 1551 439 1600 473; x_wconf 74' lang='grc' dir='ltr'><strong>οὐχ</strong></span> <span class='ocrx_word' id='word_1_389' title='bbox 1615 435 1652 465; x_wconf 81' lang='grc' dir='ltr'><strong>ὧν</strong></span> <span class='ocrx_word' id='word_1_390' title='bbox 1667 439 1779 474; x_wconf 73' lang='grc' dir='ltr'>ἔχοιμεν</span> <span class='ocrx_word' id='word_1_391' title='bbox 1800 439 1839 464; x_wconf 71' lang='grc' dir='ltr'><strong>τὰ</strong></span> 
     </span>
    </p>
   </div>
   <div class='ocr_carea' id='block_1_55' title="bbox 1040 481 1838 517">
    <p class='ocr_par' dir='ltr' id='par_1_55' title="bbox 1040 481 1838 517">
     <span class='ocr_line' id='line_1_55' title="bbox 1040 481 1838 517; baseline 0.004 -10"><span class='ocrx_word' id='word_1_392' title='bbox 1040 481 1123 517; x_wconf 86' lang='grc' dir='ltr'>χείρω</span> <span class='ocrx_word' id='word_1_393' title='bbox 1134 482 1289 517; x_wconf 78' lang='grc' dir='ltr'><strong>δεχόμενον,</strong></span> <span class='ocrx_word' id='word_1_394' title='bbox 1307 482 1377 509; x_wconf 74' lang='grc' dir='ltr'>ἀλλὰ</span> <span class='ocrx_word' id='word_1_395' title='bbox 1389 483 1422 509; x_wconf 80' lang='grc' dir='ltr'>τὰ</span> <span class='ocrx_word' id='word_1_396' title='bbox 1438 483 1547 510; x_wconf 86' lang='grc' dir='ltr'>πάντων</span> <span class='ocrx_word' id='word_1_397' title='bbox 1560 483 1692 510; x_wconf 75' lang='grc' dir='ltr'>κάλλιστα</span> <span class='ocrx_word' id='word_1_398' title='bbox 1719 483 1767 510; x_wconf 80' lang='grc' dir='ltr'><strong>καὶ</strong></span> <span class='ocrx_word' id='word_1_399' title='bbox 1789 484 1838 515; x_wconf 77' lang='grc' dir='ltr'><strong>ἐξ·</strong></span> 
     </span>
    </p>
   </div>
   <div class='ocr_carea' id='block_1_56' title="bbox 1040 528 1838 564">
    <p class='ocr_par' dir='ltr' id='par_1_56' title="bbox 1040 528 1838 564">
     <span class='ocr_line' id='line_1_56' title="bbox 1040 528 1838 564; baseline 0 -10"><span class='ocrx_word' id='word_1_400' title='bbox 1040 528 1145 562; x_wconf 86' lang='grc' dir='ltr'>αίρετα.</span> <span class='ocrx_word' id='word_1_401' title='bbox 1163 529 1218 555; x_wconf 82' lang='grc' dir='ltr'><strong>Καὶ</strong></span> <span class='ocrx_word' id='word_1_402' title='bbox 1241 529 1308 562; x_wconf 84' lang='grc' dir='ltr'>γοῦν</span> <span class='ocrx_word' id='word_1_403' title='bbox 1338 529 1538 564; x_wconf 80' lang='grc' dir='ltr'><strong>προσεκόμιζον</strong></span> <span class='ocrx_word' id='word_1_404' title='bbox 1565 530 1613 564; x_wconf 78' lang='grc' dir='ltr'>μὲν</span> <span class='ocrx_word' id='word_1_405' title='bbox 1637 529 1736 561; x_wconf 85' lang='grc' dir='ltr'>θυσίας</span> <span class='ocrx_word' id='word_1_406' title='bbox 1761 529 1838 556; x_wconf 79' lang='grc' dir='ltr'>κατὰ</span> 
     </span>
    </p>
   </div>
   <div class='ocr_carea' id='block_1_57' title="bbox 1040 574 1836 611">
    <p class='ocr_par' dir='ltr' id='par_1_57' title="bbox 1040 574 1836 611">
     <span class='ocr_line' id='line_1_57' title="bbox 1040 574 1836 611; baseline 0.003 -11"><span class='ocrx_word' id='word_1_407' title='bbox 1040 574 1152 609; x_wconf 67' lang='grc' dir='ltr'>καιροὺς</span> <span class='ocrx_word' id='word_1_408' title='bbox 1167 575 1192 600; x_wconf 89' lang='grc' dir='ltr'>οἱ</span> <span class='ocrx_word' id='word_1_409' title='bbox 1207 574 1237 606; x_wconf 79' lang='grc' dir='ltr'>ἐξ</span> <span class='ocrx_word' id='word_1_410' title='bbox 1258 575 1375 610; x_wconf 77' lang='grc' dir='ltr'>Ἰσραὴλ,</span> <span class='ocrx_word' id='word_1_411' title='bbox 1390 576 1418 602; x_wconf 86' lang='grc' dir='ltr'>οὑ</span> <span class='ocrx_word' id='word_1_412' title='bbox 1437 576 1490 611; x_wconf 81' lang='grc' dir='ltr'>μὴν</span> <span class='ocrx_word' id='word_1_413' title='bbox 1501 576 1540 602; x_wconf 77' lang='grc' dir='ltr'>ἔτι</span> <span class='ocrx_word' id='word_1_414' title='bbox 1558 576 1604 602; x_wconf 83' lang='grc' dir='ltr'>καὶ</span> <span class='ocrx_word' id='word_1_415' title='bbox 1627 576 1836 610; x_wconf 78' lang='grc' dir='ltr'>ἐξειλεγμένας.</span> 
     </span>
    </p>
   </div>
   <div class='ocr_carea' id='block_1_58' title="bbox 1041 617 1838 655">
    <p class='ocr_par' dir='ltr' id='par_1_58' title="bbox 1041 617 1838 655">
     <span class='ocr_line' id='line_1_58' title="bbox 1041 617 1838 655; baseline 0.001 -10"><span class='ocrx_word' id='word_1_416' title='bbox 1041 617 1108 645; x_wconf 83' lang='grc' dir='ltr'>Εἶτα</span> <span class='ocrx_word' id='word_1_417' title='bbox 1126 619 1156 646; x_wconf 85' lang='grc' dir='ltr'>τὸ</span> <span class='ocrx_word' id='word_1_418' title='bbox 1177 621 1271 654; x_wconf 85' lang='grc' dir='ltr'>χρῆμα</span> <span class='ocrx_word' id='word_1_419' title='bbox 1285 620 1351 652; x_wconf 82' lang='grc' dir='ltr'>Θεὸς</span> <span class='ocrx_word' id='word_1_420' title='bbox 1367 621 1503 654; x_wconf 80' lang='grc' dir='ltr'><strong>ἐγράφετο</strong></span> <span class='ocrx_word' id='word_1_421' title='bbox 1521 620 1625 654; x_wconf 82' lang='grc' dir='ltr'>λέγων·</span> <span class='ocrx_word' id='word_1_422' title='bbox 1640 630 1650 646; x_wconf 77' lang='grc' dir='ltr'><strong>ι</strong></span> <span class='ocrx_word' id='word_1_423' title='bbox 1667 621 1724 648; x_wconf 79' lang='grc' dir='ltr'><strong>Καὶ</strong></span> <span class='ocrx_word' id='word_1_424' title='bbox 1738 621 1838 655; x_wconf 68' lang='grc' dir='ltr'>εἰσφέ-</span> 
     </span>
    </p>
   </div>
   <div class='ocr_carea' id='block_1_59' title="bbox 1041 665 1838 701">
    <p class='ocr_par' dir='ltr' id='par_1_59' title="bbox 1041 665 1838 701">
     <span class='ocr_line' id='line_1_59' title="bbox 1041 665 1838 701; baseline 0.001 -10"><span class='ocrx_word' id='word_1_425' title='bbox 1041 673 1102 700; x_wconf 80' lang='grc' dir='ltr'>ρετε</span> <span class='ocrx_word' id='word_1_426' title='bbox 1123 665 1156 691; x_wconf 80' lang='grc' dir='ltr'><strong>τὰ</strong></span> <span class='ocrx_word' id='word_1_427' title='bbox 1171 665 1353 700; x_wconf 79' lang='grc' dir='ltr'><strong>ἁρπάγματα,</strong></span> <span class='ocrx_word' id='word_1_428' title='bbox 1371 668 1417 693; x_wconf 81' lang='grc' dir='ltr'>καὶ</span> <span class='ocrx_word' id='word_1_429' title='bbox 1435 666 1468 693; x_wconf 78' lang='grc' dir='ltr'><strong>τὰ</strong></span> <span class='ocrx_word' id='word_1_430' title='bbox 1484 666 1569 701; x_wconf 79' lang='grc' dir='ltr'>χωλὰ,</span> <span class='ocrx_word' id='word_1_431' title='bbox 1583 667 1630 693; x_wconf 75' lang='grc' dir='ltr'>καὶ</span> <span class='ocrx_word' id='word_1_432' title='bbox 1655 667 1690 693; x_wconf 84' lang='grc' dir='ltr'>τὰ</span> <span class='ocrx_word' id='word_1_433' title='bbox 1706 666 1838 701; x_wconf 72' lang='grc' dir='ltr'>ἐνοχλού-</span> 
     </span>
    </p>
   </div>
   <div class='ocr_carea' id='block_1_60' title="bbox 1041 712 1836 746">
    <p class='ocr_par' dir='ltr' id='par_1_60' title="bbox 1041 712 1836 746">
     <span class='ocr_line' id='line_1_60' title="bbox 1041 712 1836 746; baseline 0.001 -9"><span class='ocrx_word' id='word_1_434' title='bbox 1041 720 1120 746; x_wconf 80' lang='grc' dir='ltr'>μενα,</span> <span class='ocrx_word' id='word_1_435' title='bbox 1139 713 1185 738; x_wconf 72' lang='grc' dir='ltr'>καὶ</span> <span class='ocrx_word' id='word_1_436' title='bbox 1202 712 1416 746; x_wconf 71' lang='grc' dir='ltr'>λέγετεθτσῦτα</span> <span class='ocrx_word' id='word_1_437' title='bbox 1429 713 1461 739; x_wconf 73' lang='grc' dir='ltr'>ὲκ</span> <span class='ocrx_word' id='word_1_438' title='bbox 1480 713 1666 745; x_wconf 71' lang='grc' dir='ltr'>κακοπαθείας</span> <span class='ocrx_word' id='word_1_439' title='bbox 1686 713 1746 740; x_wconf 87' lang='grc' dir='ltr'>ὲστί</span> <span class='ocrx_word' id='word_1_440' title='bbox 1759 722 1765 728; x_wconf 90' lang='grc'>·</span> <span class='ocrx_word' id='word_1_441' title='bbox 1785 713 1836 740; x_wconf 72' lang='grc' dir='ltr'><strong>καὶ</strong></span> 
     </span>
    </p>
   </div>
   <div class='ocr_carea' id='block_1_61' title="bbox 1040 756 1836 794">
    <p class='ocr_par' dir='ltr' id='par_1_61' title="bbox 1040 756 1836 794">
     <span class='ocr_line' id='line_1_61' title="bbox 1040 756 1836 794; baseline 0.003 -12"><span class='ocrx_word' id='word_1_442' title='bbox 1040 756 1194 791; x_wconf 69' lang='grc' dir='ltr'>ἐξεφύσησα</span> <span class='ocrx_word' id='word_1_443' title='bbox 1208 757 1287 788; x_wconf 84' lang='grc' dir='ltr'>αὐτὰ,</span> <span class='ocrx_word' id='word_1_444' title='bbox 1303 757 1377 792; x_wconf 70' lang='grc' dir='ltr'>λέγει</span> <span class='ocrx_word' id='word_1_445' title='bbox 1392 758 1492 794; x_wconf 81' lang='grc' dir='ltr'>Κύριος</span> <span class='ocrx_word' id='word_1_446' title='bbox 1510 759 1719 794; x_wconf 75' lang='grc' dir='ltr'>παντοκράτωρ.</span> <span class='ocrx_word' id='word_1_447' title='bbox 1739 769 1748 784; x_wconf 83' lang='grc' dir='ltr'>ι</span> <span class='ocrx_word' id='word_1_448' title='bbox 1767 757 1836 785; x_wconf 78' lang='grc' dir='ltr'>Εἶτα</span> 
     </span>
    </p>
   </div>
   <div class='ocr_carea' id='block_1_62' title="bbox 1040 803 1837 840">
    <p class='ocr_par' dir='ltr' id='par_1_62' title="bbox 1040 803 1837 840">
     <span class='ocr_line' id='line_1_62' title="bbox 1040 803 1837 840; baseline 0.004 -12"><span class='ocrx_word' id='word_1_449' title='bbox 1040 803 1238 838; x_wconf 68' lang='grc' dir='ltr'>φορτικώτερον</span> <span class='ocrx_word' id='word_1_450' title='bbox 1253 804 1342 836; x_wconf 82' lang='grc' dir='ltr'>αὐτοῖς</span> <span class='ocrx_word' id='word_1_451' title='bbox 1357 803 1495 839; x_wconf 82' lang='grc' dir='ltr'>ὲξυφαίνει</span> <span class='ocrx_word' id='word_1_452' title='bbox 1509 805 1555 831; x_wconf 78' lang='grc' dir='ltr'>τὸν</span> <span class='ocrx_word' id='word_1_453' title='bbox 1574 805 1696 839; x_wconf 71' lang='grc' dir='ltr'>ἔλεγχον,</span> <span class='ocrx_word' id='word_1_454' title='bbox 1719 813 1837 840; x_wconf 73' lang='grc' dir='ltr'>προστι-</span> 
     </span>
    </p>
   </div>
   <div class='ocr_carea' id='block_1_63' title="bbox 1041 849 1836 886">
    <p class='ocr_par' dir='ltr' id='par_1_63' title="bbox 1041 849 1836 886">
     <span class='ocr_line' id='line_1_63' title="bbox 1041 849 1836 886; baseline 0 -11"><span class='ocrx_word' id='word_1_455' title='bbox 1041 849 1114 880; x_wconf 82' lang='grc' dir='ltr'>θείς·</span> <span class='ocrx_word' id='word_1_456' title='bbox 1135 859 1144 875; x_wconf 83' lang='grc' dir='ltr'><strong>ι</strong></span> <span class='ocrx_word' id='word_1_457' title='bbox 1160 850 1324 884; x_wconf 82' lang='grc' dir='ltr'>Προσάγαγε</span> <span class='ocrx_word' id='word_1_458' title='bbox 1348 850 1380 886; x_wconf 87' lang='grc' dir='ltr'>δὴ</span> <span class='ocrx_word' id='word_1_459' title='bbox 1400 850 1470 877; x_wconf 80' lang='grc' dir='ltr'>αὐτὰ</span> <span class='ocrx_word' id='word_1_460' title='bbox 1491 851 1530 886; x_wconf 86' lang='grc' dir='ltr'>τῷ</span> <span class='ocrx_word' id='word_1_461' title='bbox 1554 851 1697 885; x_wconf 76' lang='grc' dir='ltr'><strong>ἡγουμένῳ</strong></span> <span class='ocrx_word' id='word_1_462' title='bbox 1724 859 1782 881; x_wconf 85' lang='grc' dir='ltr'>σου,</span> <span class='ocrx_word' id='word_1_463' title='bbox 1810 851 1836 876; x_wconf 75' lang='grc' dir='ltr'>εἰ</span> 
     </span>
    </p>
   </div>
   <div class='ocr_carea' id='block_1_64' title="bbox 1041 895 1836 931">
    <p class='ocr_par' dir='ltr' id='par_1_64' title="bbox 1041 895 1836 931">
     <span class='ocr_line' id='line_1_64' title="bbox 1041 895 1836 931; baseline 0.001 -10"><span class='ocrx_word' id='word_1_464' title='bbox 1041 895 1215 930; x_wconf 79' lang='grc' dir='ltr'><strong>προσδέξεται</strong></span> <span class='ocrx_word' id='word_1_465' title='bbox 1229 896 1310 928; x_wconf 74' lang='grc' dir='ltr'>αὐτὰ,</span> <span class='ocrx_word' id='word_1_466' title='bbox 1339 897 1364 922; x_wconf 88' lang='grc' dir='ltr'><strong>εί</strong></span> <span class='ocrx_word' id='word_1_467' title='bbox 1388 895 1502 931; x_wconf 83' lang='grc' dir='ltr'>λήψεται</span> <span class='ocrx_word' id='word_1_468' title='bbox 1517 897 1661 931; x_wconf 83' lang='grc' dir='ltr'>πρόσωπόν</span> <span class='ocrx_word' id='word_1_469' title='bbox 1681 904 1742 929; x_wconf 86' lang='grc' dir='ltr'>σου,</span> <span class='ocrx_word' id='word_1_470' title='bbox 1757 897 1836 930; x_wconf 72' lang='grc' dir='ltr'>λέγει</span> 
     </span>
    </p>
   </div>
   <div class='ocr_carea' id='block_1_65' title="bbox 1041 940 1836 977">
    <p class='ocr_par' dir='ltr' id='par_1_65' title="bbox 1041 940 1836 977">
     <span class='ocr_line' id='line_1_65' title="bbox 1041 940 1836 977; baseline 0 -10"><span class='ocrx_word' id='word_1_471' title='bbox 1041 940 1143 976; x_wconf 74' lang='grc' dir='ltr'>Κύριος</span> <span class='ocrx_word' id='word_1_472' title='bbox 1158 942 1366 977; x_wconf 75' lang='grc' dir='ltr'><strong>παντοκράτωρ.</strong></span> <span class='ocrx_word' id='word_1_473' title='bbox 1386 951 1395 968; x_wconf 71' lang='grc' dir='ltr'><strong>ι</strong></span> <span class='ocrx_word' id='word_1_474' title='bbox 1418 943 1449 968; x_wconf 85' lang='lat' dir='ltr'><strong>Ei</strong></span> <span class='ocrx_word' id='word_1_475' title='bbox 1468 942 1522 977; x_wconf 84' lang='grc' dir='ltr'>γὰρ</span> <span class='ocrx_word' id='word_1_476' title='bbox 1537 942 1568 977; x_wconf 88' lang='grc' dir='ltr'>δή</span> <span class='ocrx_word' id='word_1_477' title='bbox 1585 951 1626 974; x_wconf 88' lang='grc' dir='ltr'><strong>τις</strong></span> <span class='ocrx_word' id='word_1_478' title='bbox 1640 943 1727 969; x_wconf 70' lang='grc' dir='ltr'>ἕλοιτο</span> <span class='ocrx_word' id='word_1_479' title='bbox 1749 942 1836 977; x_wconf 83' lang='grc' dir='ltr'>τιμᾷν</span> 
     </span>
    </p>
   </div>
   <div class='ocr_carea' id='block_1_66' title="bbox 1041 986 1836 1022">
    <p class='ocr_par' dir='ltr' id='par_1_66' title="bbox 1041 986 1836 1022">
     <span class='ocr_line' id='line_1_66' title="bbox 1041 986 1836 1022; baseline 0 -10"><span class='ocrx_word' id='word_1_480' title='bbox 1041 987 1104 1017; x_wconf 80' lang='grc' dir='ltr'>τοὺς</span> <span class='ocrx_word' id='word_1_481' title='bbox 1123 986 1304 1021; x_wconf 81' lang='grc' dir='ltr'><strong>καθηγεῖσθαι</strong></span> <span class='ocrx_word' id='word_1_482' title='bbox 1318 987 1462 1022; x_wconf 78' lang='grc' dir='ltr'><strong>λαχόντας,</strong></span> <span class='ocrx_word' id='word_1_483' title='bbox 1477 988 1567 1022; x_wconf 78' lang='grc' dir='ltr'>ὑῦριεϊ</span> <span class='ocrx_word' id='word_1_484' title='bbox 1589 996 1640 1014; x_wconf 84' lang='grc' dir='ltr'><strong>που</strong></span> <span class='ocrx_word' id='word_1_485' title='bbox 1657 987 1770 1019; x_wconf 82' lang='grc' dir='ltr'>πάντως</span> <span class='ocrx_word' id='word_1_486' title='bbox 1782 987 1836 1013; x_wconf 84' lang='grc' dir='ltr'><strong>αὒ-</strong></span> 
     </span>
    </p>
   </div>
   <div class='ocr_carea' id='block_1_67' title="bbox 1040 1032 1835 1069">
    <p class='ocr_par' dir='ltr' id='par_1_67' title="bbox 1040 1032 1835 1069">
     <span class='ocr_line' id='line_1_67' title="bbox 1040 1032 1835 1069; baseline 0.003 -11"><span class='ocrx_word' id='word_1_487' title='bbox 1040 1032 1102 1064; x_wconf 76' lang='grc' dir='ltr'>τοὺς</span> <span class='ocrx_word' id='word_1_488' title='bbox 1120 1032 1155 1058; x_wconf 78' lang='grc' dir='ltr'><strong>τὰ</strong></span> <span class='ocrx_word' id='word_1_489' title='bbox 1171 1033 1255 1067; x_wconf 84' lang='grc' dir='ltr'>χείρω</span> <span class='ocrx_word' id='word_1_490' title='bbox 1269 1033 1457 1068; x_wconf 81' lang='grc' dir='ltr'><strong>δωρούμενος·</strong></span> <span class='ocrx_word' id='word_1_491' title='bbox 1477 1033 1512 1060; x_wconf 77' lang='grc' dir='ltr'><strong>τὰ</strong></span> <span class='ocrx_word' id='word_1_492' title='bbox 1526 1034 1580 1069; x_wconf 78' lang='grc' dir='ltr'><strong>γὰρ</strong></span> <span class='ocrx_word' id='word_1_493' title='bbox 1596 1033 1699 1069; x_wconf 73' lang='grc' dir='ltr'>αἰσχρὰ</span> <span class='ocrx_word' id='word_1_494' title='bbox 1720 1034 1769 1060; x_wconf 77' lang='grc' dir='ltr'>καὶ</span> <span class='ocrx_word' id='word_1_495' title='bbox 1785 1042 1835 1069; x_wconf 79' lang='grc' dir='ltr'>με-</span> 
     </span>
    </p>
   </div>
   <div class='ocr_carea' id='block_1_68' title="bbox 1043 1078 1836 1115">
    <p class='ocr_par' dir='ltr' id='par_1_68' title="bbox 1043 1078 1836 1115">
     <span class='ocr_line' id='line_1_68' title="bbox 1043 1078 1836 1115; baseline 0.003 -11"><span class='ocrx_word' id='word_1_496' title='bbox 1043 1079 1206 1114; x_wconf 81' lang='grc' dir='ltr'>μωμημένα,</span> <span class='ocrx_word' id='word_1_497' title='bbox 1229 1079 1276 1106; x_wconf 79' lang='grc' dir='ltr'>καὶ</span> <span class='ocrx_word' id='word_1_498' title='bbox 1295 1078 1450 1115; x_wconf 82' lang='grc' dir='ltr'>ἀνθρώποις</span> <span class='ocrx_word' id='word_1_499' title='bbox 1475 1080 1627 1115; x_wconf 72' lang='grc' dir='ltr'>ἀπόϐλητα,</span> <span class='ocrx_word' id='word_1_500' title='bbox 1642 1080 1690 1106; x_wconf 78' lang='grc' dir='ltr'>καὶ</span> <span class='ocrx_word' id='word_1_501' title='bbox 1712 1088 1836 1115; x_wconf 79' lang='grc' dir='ltr'>μεμιση-</span> 
     </span>
    </p>
   </div>
   <div class='ocr_carea' id='block_1_69' title="bbox 1043 1123 1837 1160">
    <p class='ocr_par' dir='ltr' id='par_1_69' title="bbox 1043 1123 1837 1160">
     <span class='ocr_line' id='line_1_69' title="bbox 1043 1123 1837 1160; baseline 0 -10"><span class='ocrx_word' id='word_1_502' title='bbox 1043 1125 1121 1159; x_wconf 83' lang='grc' dir='ltr'>μένα.</span> <span class='ocrx_word' id='word_1_503' title='bbox 1144 1123 1210 1151; x_wconf 85' lang='grc' dir='ltr'>Εἶτα</span> <span class='ocrx_word' id='word_1_504' title='bbox 1226 1125 1285 1158; x_wconf 78' lang='grc' dir='ltr'><strong>πῶς</strong></span> <span class='ocrx_word' id='word_1_505' title='bbox 1297 1126 1347 1152; x_wconf 79' lang='grc' dir='ltr'><strong>οὐκ</strong></span> <span class='ocrx_word' id='word_1_506' title='bbox 1363 1126 1553 1160; x_wconf 81' lang='grc' dir='ltr'>ἀναγκαῖοντῴ</span> <span class='ocrx_word' id='word_1_507' title='bbox 1568 1126 1620 1152; x_wconf 80' lang='grc' dir='ltr'><strong>τῶν</strong></span> <span class='ocrx_word' id='word_1_508' title='bbox 1635 1126 1704 1152; x_wconf 76' lang='grc' dir='ltr'>ὅλων</span> <span class='ocrx_word' id='word_1_509' title='bbox 1720 1126 1837 1152; x_wconf 77' lang='grc' dir='ltr'><strong>Βασιλεῖ</strong></span> 
     </span>
    </p>
   </div>
   <div class='ocr_carea' id='block_1_70' title="bbox 1041 1170 1836 1208">
    <p class='ocr_par' dir='ltr' id='par_1_70' title="bbox 1041 1170 1836 1208">
     <span class='ocr_line' id='line_1_70' title="bbox 1041 1170 1836 1208; baseline 0.001 -11"><span class='ocrx_word' id='word_1_510' title='bbox 1041 1172 1088 1197; x_wconf 82' lang='grc' dir='ltr'>καὶ</span> <span class='ocrx_word' id='word_1_511' title='bbox 1100 1171 1160 1207; x_wconf 85' lang='grc' dir='ltr'><strong>Θεῴ</strong></span> <span class='ocrx_word' id='word_1_512' title='bbox 1174 1172 1369 1208; x_wconf 77' lang='grc' dir='ltr'>προσκομίζειν</span> <span class='ocrx_word' id='word_1_513' title='bbox 1384 1173 1537 1208; x_wconf 77' lang='grc' dir='ltr'>ἐμφρόνως,</span> <span class='ocrx_word' id='word_1_514' title='bbox 1552 1170 1589 1199; x_wconf 79' lang='grc' dir='ltr'>ὧν</span> <span class='ocrx_word' id='word_1_515' title='bbox 1606 1173 1638 1200; x_wconf 82' lang='grc' dir='ltr'>ἄν</span> <span class='ocrx_word' id='word_1_516' title='bbox 1658 1182 1702 1204; x_wconf 80' lang='grc' dir='ltr'><strong>τις</strong></span> <span class='ocrx_word' id='word_1_517' title='bbox 1722 1173 1782 1207; x_wconf 84' lang='grc' dir='ltr'>ἔχοι</span> <span class='ocrx_word' id='word_1_518' title='bbox 1799 1173 1836 1198; x_wconf 72' lang='grc' dir='ltr'><strong>τὰ</strong></span> 
     </span>
    </p>
   </div>
   <div class='ocr_carea' id='block_1_71' title="bbox 1042 1216 1835 1253">
    <p class='ocr_par' dir='ltr' id='par_1_71' title="bbox 1042 1216 1835 1253">
     <span class='ocr_line' id='line_1_71' title="bbox 1042 1216 1835 1253; baseline 0 -10"><span class='ocrx_word' id='word_1_519' title='bbox 1042 1216 1194 1253; x_wconf 74' lang='grc' dir='ltr'>προῦχοντα</span> <span class='ocrx_word' id='word_1_520' title='bbox 1213 1218 1261 1244; x_wconf 77' lang='grc' dir='ltr'>καὶ</span> <span class='ocrx_word' id='word_1_521' title='bbox 1287 1217 1481 1253; x_wconf 76' lang='grc' dir='ltr'>ὲξειλεγμένα;</span> <span class='ocrx_word' id='word_1_522' title='bbox 1503 1218 1557 1244; x_wconf 69' lang='grc' dir='ltr'><strong>Καὶ</strong></span> <span class='ocrx_word' id='word_1_523' title='bbox 1586 1218 1650 1252; x_wconf 75' lang='grc' dir='ltr'>γοῦν</span> <span class='ocrx_word' id='word_1_524' title='bbox 1672 1218 1724 1253; x_wconf 78' lang='grc' dir='ltr'><strong>ἔφη</strong></span> <span class='ocrx_word' id='word_1_525' title='bbox 1750 1218 1835 1245; x_wconf 69' lang='grc' dir='ltr'>πάλιν</span> 
     </span>
    </p>
   </div>
   <div class='ocr_carea' id='block_1_72' title="bbox 1040 1263 1835 1299">
    <p class='ocr_par' dir='ltr' id='par_1_72' title="bbox 1040 1263 1835 1299">
     <span class='ocr_line' id='line_1_72' title="bbox 1040 1263 1835 1299; baseline 0 -10"><span class='ocrx_word' id='word_1_526' title='bbox 1040 1263 1073 1289; x_wconf 78' lang='grc' dir='ltr'>δι’</span> <span class='ocrx_word' id='word_1_527' title='bbox 1088 1264 1147 1294; x_wconf 83' lang='grc' dir='ltr'>ἐνὸς</span> <span class='ocrx_word' id='word_1_528' title='bbox 1164 1263 1217 1289; x_wconf 85' lang='grc' dir='ltr'><strong>τῶν</strong></span> <span class='ocrx_word' id='word_1_529' title='bbox 1238 1263 1401 1298; x_wconf 70' lang='grc' dir='ltr'>προφητῶν·</span> <span class='ocrx_word' id='word_1_530' title='bbox 1423 1273 1431 1289; x_wconf 85' lang='grc' dir='ltr'>ι</span> <span class='ocrx_word' id='word_1_531' title='bbox 1451 1265 1665 1299; x_wconf 77' lang='grc' dir='ltr'><strong>Ἐπικατάρατος</strong></span> <span class='ocrx_word' id='word_1_532' title='bbox 1681 1264 1711 1296; x_wconf 80' lang='grc' dir='ltr'>ὃς</span> <span class='ocrx_word' id='word_1_533' title='bbox 1730 1264 1789 1299; x_wconf 79' lang='grc' dir='ltr'>ἔχει</span> <span class='ocrx_word' id='word_1_534' title='bbox 1806 1266 1835 1290; x_wconf 77' lang='grc' dir='ltr'>ἐν</span> 
     </span>
    </p>
   </div>
   <div class='ocr_carea' id='block_1_73' title="bbox 1042 1309 1836 1345">
    <p class='ocr_par' dir='ltr' id='par_1_73' title="bbox 1042 1309 1836 1345">
     <span class='ocr_line' id='line_1_73' title="bbox 1042 1309 1836 1345; baseline 0 -10"><span class='ocrx_word' id='word_1_535' title='bbox 1042 1309 1158 1344; x_wconf 81' lang='grc' dir='ltr'>ποιμνίῳ</span> <span class='ocrx_word' id='word_1_536' title='bbox 1173 1309 1253 1336; x_wconf 78' lang='grc' dir='ltr'>αὐτοῦ</span> <span class='ocrx_word' id='word_1_537' title='bbox 1265 1310 1359 1344; x_wconf 80' lang='grc' dir='ltr'><strong>ἄρσεν,</strong></span> <span class='ocrx_word' id='word_1_538' title='bbox 1376 1310 1422 1336; x_wconf 71' lang='grc' dir='ltr'><strong>καὶ</strong></span> <span class='ocrx_word' id='word_1_539' title='bbox 1443 1310 1509 1345; x_wconf 81' lang='grc' dir='ltr'><strong>εὐχὴ</strong></span> <span class='ocrx_word' id='word_1_540' title='bbox 1523 1309 1606 1336; x_wconf 78' lang='grc' dir='ltr'>αὑτοῦ</span> <span class='ocrx_word' id='word_1_541' title='bbox 1622 1310 1666 1336; x_wconf 76' lang='grc' dir='ltr'><strong>ἐπ’</strong></span> <span class='ocrx_word' id='word_1_542' title='bbox 1683 1309 1770 1345; x_wconf 81' lang='grc' dir='ltr'>αὐτῷ,</span> <span class='ocrx_word' id='word_1_543' title='bbox 1785 1311 1836 1336; x_wconf 75' lang='grc' dir='ltr'><strong>καὶ</strong></span> 
     </span>
    </p>
   </div>
   <div class='ocr_carea' id='block_1_74' title="bbox 1041 1355 1835 1391">
    <p class='ocr_par' dir='ltr' id='par_1_74' title="bbox 1041 1355 1835 1391">
     <span class='ocr_line' id='line_1_74' title="bbox 1041 1355 1835 1391; baseline -0.001 -9"><span class='ocrx_word' id='word_1_544' title='bbox 1041 1355 1099 1382; x_wconf 79' lang='grc' dir='ltr'>θύει</span> <span class='ocrx_word' id='word_1_545' title='bbox 1109 1355 1305 1390; x_wconf 71' lang='grc' dir='ltr'>διεφθαρμένον</span> <span class='ocrx_word' id='word_1_546' title='bbox 1320 1355 1360 1390; x_wconf 81' lang='grc' dir='ltr'>τῷ</span> <span class='ocrx_word' id='word_1_547' title='bbox 1380 1356 1484 1391; x_wconf 80' lang='grc' dir='ltr'>Κυρίῳ,</span> <span class='ocrx_word' id='word_1_548' title='bbox 1506 1356 1572 1382; x_wconf 81' lang='grc' dir='ltr'><strong>διότι</strong></span> <span class='ocrx_word' id='word_1_549' title='bbox 1591 1355 1716 1390; x_wconf 80' lang='grc' dir='ltr'>βασιλεὺς</span> <span class='ocrx_word' id='word_1_550' title='bbox 1744 1356 1835 1390; x_wconf 77' lang='grc' dir='ltr'>μέγας</span> 
     </span>
    </p>
   </div>
   <div class='ocr_carea' id='block_1_75' title="bbox 1041 1397 1834 1435">
    <p class='ocr_par' dir='ltr' id='par_1_75' title="bbox 1041 1397 1834 1435">
     <span class='ocr_line' id='line_1_75' title="bbox 1041 1397 1834 1435; baseline 0.003 -11"><span class='ocrx_word' id='word_1_551' title='bbox 1041 1397 1097 1432; x_wconf 77' lang='grc' dir='ltr'><strong>ἐγώ</strong></span> <span class='ocrx_word' id='word_1_552' title='bbox 1125 1399 1193 1433; x_wconf 83' lang='grc' dir='ltr'>εἰμι,</span> <span class='ocrx_word' id='word_1_553' title='bbox 1219 1399 1292 1433; x_wconf 83' lang='grc' dir='ltr'><strong>λέγει</strong></span> <span class='ocrx_word' id='word_1_554' title='bbox 1319 1399 1421 1434; x_wconf 82' lang='grc' dir='ltr'>Κύριος</span> <span class='ocrx_word' id='word_1_555' title='bbox 1450 1400 1658 1435; x_wconf 82' lang='grc' dir='ltr'>παντοκράτωρ.</span> <span class='ocrx_word' id='word_1_556' title='bbox 1674 1409 1684 1425; x_wconf 76' lang='grc' dir='ltr'>ι</span> <span class='ocrx_word' id='word_1_557' title='bbox 1710 1400 1786 1426; x_wconf 82' lang='grc' dir='ltr'><strong>Ἔδει</strong></span> <span class='ocrx_word' id='word_1_558' title='bbox 1802 1400 1834 1433; x_wconf 75' lang='grc' dir='ltr'>δὴ</span> 
     </span>
    </p>
   </div>
   <div class='ocr_carea' id='block_1_76' title="bbox 1041 1441 1834 1480">
    <p class='ocr_par' dir='ltr' id='par_1_76' title="bbox 1041 1441 1834 1480">
     <span class='ocr_line' id='line_1_76' title="bbox 1041 1441 1834 1480; baseline 0.003 -11"><span class='ocrx_word' id='word_1_559' title='bbox 1041 1441 1098 1476; x_wconf 81' lang='grc' dir='ltr'>οὖν,</span> <span class='ocrx_word' id='word_1_560' title='bbox 1114 1443 1168 1470; x_wconf 80' lang='grc' dir='ltr'>ἔδει</span> <span class='ocrx_word' id='word_1_561' title='bbox 1182 1443 1305 1479; x_wconf 78' lang='grc' dir='ltr'>πρώτους</span> <span class='ocrx_word' id='word_1_562' title='bbox 1322 1444 1482 1480; x_wconf 83' lang='grc' dir='ltr'>ἀνθρώπους</span> <span class='ocrx_word' id='word_1_563' title='bbox 1494 1444 1606 1477; x_wconf 82' lang='grc' dir='ltr'>θύοντας</span> <span class='ocrx_word' id='word_1_564' title='bbox 1618 1446 1682 1477; x_wconf 76' lang='grc' dir='ltr'>τοὺς</span> <span class='ocrx_word' id='word_1_565' title='bbox 1699 1446 1771 1480; x_wconf 69' lang='grc' dir='ltr'><strong>ἀμφὶ</strong></span> <span class='ocrx_word' id='word_1_566' title='bbox 1784 1446 1834 1471; x_wconf 64' lang='grc' dir='ltr'>τὴν</span> 
     </span>
    </p>
   </div>
   <div class='ocr_carea' id='block_1_77' title="bbox 1043 1487 1834 1526">
    <p class='ocr_par' dir='ltr' id='par_1_77' title="bbox 1043 1487 1834 1526">
     <span class='ocr_line' id='line_1_77' title="bbox 1043 1487 1834 1526; baseline 0.003 -11"><span class='ocrx_word' id='word_1_567' title='bbox 1043 1488 1136 1522; x_wconf 74' lang='grc' dir='ltr'>Ἅϐελ,</span> <span class='ocrx_word' id='word_1_568' title='bbox 1152 1487 1181 1515; x_wconf 87' lang='grc' dir='ltr'>εὗ</span> <span class='ocrx_word' id='word_1_569' title='bbox 1202 1489 1274 1524; x_wconf 75' lang='grc' dir='ltr'>μάλα</span> <span class='ocrx_word' id='word_1_570' title='bbox 1297 1490 1567 1525; x_wconf 77' lang='grc' dir='ltr'>καταρῤυθμίζεσθαι</span> <span class='ocrx_word' id='word_1_571' title='bbox 1592 1491 1660 1526; x_wconf 79' lang='grc' dir='ltr'>πρός</span> <span class='ocrx_word' id='word_1_572' title='bbox 1675 1499 1708 1525; x_wconf 87' lang='grc' dir='ltr'><strong>γε</strong></span> <span class='ocrx_word' id='word_1_573' title='bbox 1730 1491 1762 1517; x_wconf 75' lang='grc' dir='ltr'><strong>τὸ</strong></span> <span class='ocrx_word' id='word_1_574' title='bbox 1775 1491 1834 1517; x_wconf 83' lang='grc' dir='ltr'>δεῖν</span> 
     </span>
    </p>
   </div>
   <div class='ocr_carea' id='block_1_78' title="bbox 1040 1533 1833 1572">
    <p class='ocr_par' dir='ltr' id='par_1_78' title="bbox 1040 1533 1833 1572">
     <span class='ocr_line' id='line_1_78' title="bbox 1040 1533 1833 1572; baseline 0.003 -12"><span class='ocrx_word' id='word_1_575' title='bbox 1040 1534 1140 1561; x_wconf 75' lang='grc' dir='ltr'>ειδέναι</span> <span class='ocrx_word' id='word_1_576' title='bbox 1153 1533 1207 1560; x_wconf 86' lang='grc' dir='ltr'><strong>τῶν</strong></span> <span class='ocrx_word' id='word_1_577' title='bbox 1218 1534 1318 1560; x_wconf 82' lang='grc' dir='ltr'>θυσιῶν</span> <span class='ocrx_word' id='word_1_578' title='bbox 1335 1535 1397 1566; x_wconf 75' lang='grc' dir='ltr'>τοὺς</span> <span class='ocrx_word' id='word_1_579' title='bbox 1409 1535 1536 1570; x_wconf 82' lang='grc' dir='ltr'>τρόπους,</span> <span class='ocrx_word' id='word_1_580' title='bbox 1549 1535 1624 1566; x_wconf 79' lang='grc' dir='ltr'>ὅπως</span> <span class='ocrx_word' id='word_1_581' title='bbox 1640 1543 1669 1561; x_wconf 84' lang='grc' dir='ltr'><strong>τε</strong></span> <span class='ocrx_word' id='word_1_582' title='bbox 1687 1536 1734 1562; x_wconf 81' lang='grc' dir='ltr'>καὶ</span> <span class='ocrx_word' id='word_1_583' title='bbox 1747 1544 1833 1572; x_wconf 68' lang='lat'><strong>1:966-</strong></span> 
     </span>
    </p>
   </div>
   <div class='ocr_carea' id='block_1_79' title="bbox 1040 1579 1829 1615">
    <p class='ocr_par' dir='ltr' id='par_1_79' title="bbox 1040 1579 1829 1615">
     <span class='ocr_line' id='line_1_79' title="bbox 1040 1579 1829 1615; baseline 0.004 -10"><span class='ocrx_word' id='word_1_584' title='bbox 1040 1580 1100 1615; x_wconf 82' lang='grc' dir='ltr'>ήκει</span> <span class='ocrx_word' id='word_1_585' title='bbox 1115 1579 1245 1614; x_wconf 81' lang='grc' dir='ltr'>τιμᾶσθαι</span> <span class='ocrx_word' id='word_1_586' title='bbox 1260 1579 1336 1612; x_wconf 79' lang='grc' dir='ltr'>Θεὸν,</span> <span class='ocrx_word' id='word_1_587' title='bbox 1354 1580 1386 1606; x_wconf 80' lang='grc' dir='ltr'><strong>ἵν’</strong></span> <span class='ocrx_word' id='word_1_588' title='bbox 1396 1580 1489 1606; x_wconf 81' lang='grc' dir='ltr'>εἰδεῖεν</span> <span class='ocrx_word' id='word_1_589' title='bbox 1504 1581 1528 1607; x_wconf 84' lang='grc' dir='ltr'><strong>οί</strong></span> <span class='ocrx_word' id='word_1_590' title='bbox 1545 1581 1604 1615; x_wconf 83' lang='grc' dir='ltr'>μετ’</span> <span class='ocrx_word' id='word_1_591' title='bbox 1620 1581 1730 1613; x_wconf 67' lang='grc' dir='ltr'>αὐτοὺς,</span> <span class='ocrx_word' id='word_1_592' title='bbox 1747 1590 1829 1608; x_wconf 80' lang='grc' dir='ltr'>τουτ-</span> 
     </span>
    </p>
   </div>
   <div class='ocr_carea' id='block_1_80' title="bbox 1042 1624 1833 1662">
    <p class='ocr_par' dir='ltr' id='par_1_80' title="bbox 1042 1624 1833 1662">
     <span class='ocr_line' id='line_1_80' title="bbox 1042 1624 1833 1662; baseline 0.003 -12"><span class='ocrx_word' id='word_1_593' title='bbox 1042 1625 1115 1651; x_wconf 77' lang='grc' dir='ltr'>έστιν</span> <span class='ocrx_word' id='word_1_594' title='bbox 1141 1625 1232 1660; x_wconf 73' lang='grc' dir='ltr'>ἡμεῖς,</span> <span class='ocrx_word' id='word_1_595' title='bbox 1255 1625 1303 1660; x_wconf 81' lang='grc' dir='ltr'>τῆς</span> <span class='ocrx_word' id='word_1_596' title='bbox 1321 1624 1348 1651; x_wconf 85' lang='grc' dir='ltr'>ἓν</span> <span class='ocrx_word' id='word_1_597' title='bbox 1371 1633 1402 1659; x_wconf 79' lang='grc' dir='ltr'><strong>γε</strong></span> <span class='ocrx_word' id='word_1_598' title='bbox 1425 1625 1529 1657; x_wconf 82' lang='grc' dir='ltr'>τούτοις</span> <span class='ocrx_word' id='word_1_599' title='bbox 1555 1625 1758 1661; x_wconf 79' lang='grc' dir='ltr'>εὐδοκιμήσεως</span> <span class='ocrx_word' id='word_1_600' title='bbox 1780 1627 1833 1662; x_wconf 74' lang='grc' dir='ltr'>τὴν</span> 
     </span>
    </p>
   </div>
   <div class='ocr_carea' id='block_1_81' title="bbox 1041 1669 1833 1706">
    <p class='ocr_par' dir='ltr' id='par_1_81' title="bbox 1041 1669 1833 1706">
     <span class='ocr_line' id='line_1_81' title="bbox 1041 1669 1833 1706; baseline 0.003 -11"><span class='ocrx_word' id='word_1_601' title='bbox 1041 1669 1108 1696; x_wconf 75' lang='grc' dir='ltr'>ὀδόν.</span> <span class='ocrx_word' id='word_1_602' title='bbox 1126 1669 1158 1695; x_wconf 77' lang='grc' dir='ltr'><strong>Εἰ</strong></span> <span class='ocrx_word' id='word_1_603' title='bbox 1184 1669 1212 1695; x_wconf 75' lang='grc' dir='ltr'>δὲ</span> <span class='ocrx_word' id='word_1_604' title='bbox 1230 1669 1375 1696; x_wconf 81' lang='grc' dir='ltr'>τεθύκασιν</span> <span class='ocrx_word' id='word_1_605' title='bbox 1391 1670 1416 1696; x_wconf 85' lang='grc' dir='ltr'>οἱ</span> <span class='ocrx_word' id='word_1_606' title='bbox 1435 1670 1537 1705; x_wconf 79' lang='grc' dir='ltr'>πρῶτοι</span> <span class='ocrx_word' id='word_1_607' title='bbox 1554 1671 1679 1705; x_wconf 80' lang='grc' dir='ltr'>πρόϐατα</span> <span class='ocrx_word' id='word_1_608' title='bbox 1698 1671 1747 1697; x_wconf 82' lang='grc' dir='ltr'>καὶ</span> <span class='ocrx_word' id='word_1_609' title='bbox 1763 1680 1833 1706; x_wconf 78' lang='grc' dir='ltr'>καρ-</span> 
     </span>
    </p>
   </div>
   <div class='ocr_carea' id='block_1_82' title="bbox 1041 1715 1835 1751">
    <p class='ocr_par' dir='ltr' id='par_1_82' title="bbox 1041 1715 1835 1751">
     <span class='ocr_line' id='line_1_82' title="bbox 1041 1715 1835 1751; baseline 0.005 -11"><span class='ocrx_word' id='word_1_610' title='bbox 1041 1715 1119 1746; x_wconf 68' lang='grc' dir='ltr'>ποὺς,</span> <span class='ocrx_word' id='word_1_611' title='bbox 1136 1715 1162 1741; x_wconf 87' lang='grc' dir='ltr'><strong>τί</strong></span> <span class='ocrx_word' id='word_1_612' title='bbox 1173 1715 1204 1741; x_wconf 77' lang='grc' dir='ltr'>τὸ</span> <span class='ocrx_word' id='word_1_613' title='bbox 1218 1715 1348 1750; x_wconf 79' lang='grc' dir='ltr'>ὰπεῖργόν</span> <span class='ocrx_word' id='word_1_614' title='bbox 1371 1716 1428 1742; x_wconf 78' lang='grc' dir='ltr'>ἐστι</span> <span class='ocrx_word' id='word_1_615' title='bbox 1444 1716 1507 1747; x_wconf 77' lang='grc' dir='ltr'>τοὺς</span> <span class='ocrx_word' id='word_1_616' title='bbox 1520 1716 1554 1744; x_wconf 77' lang='grc' dir='ltr'>τὰ</span> <span class='ocrx_word' id='word_1_617' title='bbox 1573 1717 1677 1751; x_wconf 82' lang='grc' dir='ltr'>ἀμείνω</span> <span class='ocrx_word' id='word_1_618' title='bbox 1694 1717 1835 1751; x_wconf 76' lang='grc' dir='ltr'>μαθόντας</span> 
     </span>
    </p>
   </div>
   <div class='ocr_carea' id='block_1_83' title="bbox 1041 1759 1834 1796">
    <p class='ocr_par' dir='ltr' id='par_1_83' title="bbox 1041 1759 1834 1796">
     <span class='ocr_line' id='line_1_83' title="bbox 1041 1759 1834 1796; baseline 0.004 -11"><span class='ocrx_word' id='word_1_619' title='bbox 1041 1760 1114 1795; x_wconf 75' lang='grc' dir='ltr'>ἡμᾶς</span> <span class='ocrx_word' id='word_1_620' title='bbox 1125 1759 1198 1786; x_wconf 85' lang='grc' dir='ltr'>θύειν</span> <span class='ocrx_word' id='word_1_621' title='bbox 1221 1759 1268 1786; x_wconf 76' lang='grc' dir='ltr'>νῦν</span> <span class='ocrx_word' id='word_1_622' title='bbox 1282 1760 1392 1795; x_wconf 75' lang='grc' dir='ltr'>ἄμεινον</span> <span class='ocrx_word' id='word_1_623' title='bbox 1412 1760 1428 1796; x_wconf 88' lang='grc' dir='ltr'>ἢ</span> <span class='ocrx_word' id='word_1_624' title='bbox 1445 1761 1543 1788; x_wconf 75' lang='grc' dir='ltr'>ἐκεῖνοι</span> <span class='ocrx_word' id='word_1_625' title='bbox 1567 1761 1666 1794; x_wconf 83' lang='grc' dir='ltr'>πάλαι;</span> <span class='ocrx_word' id='word_1_626' title='bbox 1683 1762 1716 1789; x_wconf 80' lang='lat' dir='ltr'><strong>Ei</strong></span> <span class='ocrx_word' id='word_1_627' title='bbox 1728 1762 1759 1789; x_wconf 85' lang='grc' dir='ltr'>δὲ</span> <span class='ocrx_word' id='word_1_628' title='bbox 1777 1762 1834 1789; x_wconf 81' lang='grc' dir='ltr'>δεῖν</span> 
     </span>
    </p>
   </div>
   <div class='ocr_carea' id='block_1_84' title="bbox 1040 1805 1833 1842">
    <p class='ocr_par' dir='ltr' id='par_1_84' title="bbox 1040 1805 1833 1842">
     <span class='ocr_line' id='line_1_84' title="bbox 1040 1805 1833 1842; baseline 0.003 -10"><span class='ocrx_word' id='word_1_629' title='bbox 1040 1805 1126 1832; x_wconf 79' lang='grc' dir='ltr'>οἰέται</span> <span class='ocrx_word' id='word_1_630' title='bbox 1140 1807 1197 1836; x_wconf 80' lang='grc' dir='ltr'>τοῖς</span> <span class='ocrx_word' id='word_1_631' title='bbox 1213 1805 1267 1831; x_wconf 83' lang='grc' dir='ltr'><strong>τῶν</strong></span> <span class='ocrx_word' id='word_1_632' title='bbox 1287 1805 1403 1840; x_wconf 83' lang='grc' dir='ltr'>πρώτων</span> <span class='ocrx_word' id='word_1_633' title='bbox 1418 1806 1506 1832; x_wconf 74' lang='grc' dir='ltr'>ἔθεσιν</span> <span class='ocrx_word' id='word_1_634' title='bbox 1525 1806 1746 1842; x_wconf 77' lang='grc' dir='ltr'><strong>ἀπαραλλάκτως</strong></span> <span class='ocrx_word' id='word_1_635' title='bbox 1765 1809 1833 1834; x_wconf 77' lang='grc' dir='ltr'>ἀκο-</span> 
     </span>
    </p>
   </div>
   <div class='ocr_carea' id='block_1_85' title="bbox 1040 1848 1833 1886">
    <p class='ocr_par' dir='ltr' id='par_1_85' title="bbox 1040 1848 1833 1886">
     <span class='ocr_line' id='line_1_85' title="bbox 1040 1848 1833 1886; baseline 0.006 -12"><span class='ocrx_word' id='word_1_636' title='bbox 1040 1848 1154 1880; x_wconf 82' lang='grc' dir='ltr'>λουθεῖν,</span> <span class='ocrx_word' id='word_1_637' title='bbox 1167 1849 1242 1884; x_wconf 78' lang='grc' dir='ltr'>φέρε,</span> <span class='ocrx_word' id='word_1_638' title='bbox 1256 1849 1290 1876; x_wconf 76' lang='grc' dir='ltr'><strong>τὰ</strong></span> <span class='ocrx_word' id='word_1_639' title='bbox 1303 1850 1414 1877; x_wconf 72' lang='grc' dir='ltr'>ἐκείνων</span> <span class='ocrx_word' id='word_1_640' title='bbox 1427 1850 1642 1886; x_wconf 79' lang='grc' dir='ltr'>ἀπομιμὼμεθα,</span> <span class='ocrx_word' id='word_1_641' title='bbox 1654 1852 1833 1886; x_wconf 73' lang='grc' dir='ltr'>παρεξιόντες</span> 
     </span>
    </p>
   </div>
   <div class='ocr_carea' id='block_1_86' title="bbox 1040 1894 1833 1934">
    <p class='ocr_par' dir='ltr' id='par_1_86' title="bbox 1040 1894 1833 1934">
     <span class='ocr_line' id='line_1_86' title="bbox 1040 1894 1833 1934; baseline 0.005 -13"><span class='ocrx_word' id='word_1_642' title='bbox 1040 1894 1126 1922; x_wconf 73' lang='grc' dir='ltr'>οὐδέν.</span> <span class='ocrx_word' id='word_1_643' title='bbox 1140 1895 1272 1922; x_wconf 79' lang='grc' dir='ltr'>Ἔϐοσκον</span> <span class='ocrx_word' id='word_1_644' title='bbox 1287 1897 1396 1928; x_wconf 81' lang='grc' dir='ltr'>ἐκεῖνοι,</span> <span class='ocrx_word' id='word_1_645' title='bbox 1412 1896 1458 1923; x_wconf 80' lang='grc' dir='ltr'>καὶ</span> <span class='ocrx_word' id='word_1_646' title='bbox 1471 1897 1501 1923; x_wconf 82' lang='grc' dir='ltr'>τὸ</span> <span class='ocrx_word' id='word_1_647' title='bbox 1515 1899 1644 1932; x_wconf 85' lang='grc' dir='ltr'>γηπονεῖν</span> <span class='ocrx_word' id='word_1_648' title='bbox 1661 1895 1696 1933; x_wconf 75' lang='grc' dir='ltr'>ἦν</span> <span class='ocrx_word' id='word_1_649' title='bbox 1708 1899 1833 1934; x_wconf 73' lang='grc' dir='ltr'>ὲντριὸὲς</span> 
     </span>
    </p>
   </div>
   <div class='ocr_carea' id='block_1_87' title="bbox 1041 1943 1830 1979">
    <p class='ocr_par' dir='ltr' id='par_1_87' title="bbox 1041 1943 1830 1979">
     <span class='ocr_line' id='line_1_87' title="bbox 1041 1943 1830 1979; baseline 0.004 -10"><span class='ocrx_word' id='word_1_650' title='bbox 1041 1943 1143 1974; x_wconf 80' lang='grc' dir='ltr'>αὐτοῖς,</span> <span class='ocrx_word' id='word_1_651' title='bbox 1174 1943 1221 1970; x_wconf 79' lang='grc' dir='ltr'>καὶ</span> <span class='ocrx_word' id='word_1_652' title='bbox 1246 1944 1306 1974; x_wconf 83' lang='grc' dir='ltr'>ταῖς</span> <span class='ocrx_word' id='word_1_653' title='bbox 1333 1944 1365 1970; x_wconf 83' lang='grc' dir='ltr'>ὲκ</span> <span class='ocrx_word' id='word_1_654' title='bbox 1390 1943 1494 1971; x_wconf 77' lang='grc' dir='ltr'>κωδίων</span> <span class='ocrx_word' id='word_1_655' title='bbox 1525 1944 1675 1979; x_wconf 84' lang='grc' dir='ltr'>κεχρῆσθαι</span> <span class='ocrx_word' id='word_1_656' title='bbox 1703 1946 1830 1977; x_wconf 81' lang='grc' dir='ltr'>στολαῖς·</span> 
     </span>
    </p>
   </div>
   <div class='ocr_carea' id='block_1_88' title="bbox 1043 1988 1833 2026">
    <p class='ocr_par' dir='ltr' id='par_1_88' title="bbox 1043 1988 1833 2026">
     <span class='ocr_line' id='line_1_88' title="bbox 1043 1988 1833 2026; baseline 0.005 -12"><span class='ocrx_word' id='word_1_657' title='bbox 1043 1997 1053 2014; x_wconf 69' lang='grc' dir='ltr'><strong>ι</strong></span> <span class='ocrx_word' id='word_1_658' title='bbox 1068 1988 1123 2015; x_wconf 84' lang='grc' dir='ltr'><strong>Καὶ</strong></span> <span class='ocrx_word' id='word_1_659' title='bbox 1137 1988 1247 2023; x_wconf 78' lang='grc' dir='ltr'>ἐποίησε</span> <span class='ocrx_word' id='word_1_660' title='bbox 1259 1989 1323 2024; x_wconf 72' lang='grc' dir='ltr'>γὰρ,</span> <span class='ocrx_word' id='word_1_661' title='bbox 1337 1989 1430 2023; x_wconf 78' lang='grc' dir='ltr'>φησὶν,</span> <span class='ocrx_word' id='word_1_662' title='bbox 1447 1990 1460 2015; x_wconf 84' lang='grc' dir='ltr'><strong>ό</strong></span> <span class='ocrx_word' id='word_1_663' title='bbox 1477 1989 1542 2021; x_wconf 77' lang='grc' dir='ltr'>Θεὸς</span> <span class='ocrx_word' id='word_1_664' title='bbox 1555 1989 1594 2024; x_wconf 79' lang='grc' dir='ltr'>τῷ</span> <span class='ocrx_word' id='word_1_665' title='bbox 1612 1990 1697 2026; x_wconf 74' lang='grc' dir='ltr'>Ἀδὰμ</span> <span class='ocrx_word' id='word_1_666' title='bbox 1711 1991 1833 2026; x_wconf 73' lang='grc' dir='ltr'>χιτῶνας</span> 
     </span>
    </p>
   </div>
   <div class='ocr_carea' id='block_1_89' title="bbox 1039 2034 1832 2071">
    <p class='ocr_par' dir='ltr' id='par_1_89' title="bbox 1039 2034 1832 2071">
     <span class='ocr_line' id='line_1_89' title="bbox 1039 2034 1832 2071; baseline 0.004 -11"><span class='ocrx_word' id='word_1_667' title='bbox 1039 2034 1227 2069; x_wconf 84' lang='grc' dir='ltr'>δερματίνους.</span> <span class='ocrx_word' id='word_1_668' title='bbox 1244 2044 1253 2060; x_wconf 77' lang='grc' dir='ltr'>ι</span> <span class='ocrx_word' id='word_1_669' title='bbox 1273 2034 1377 2061; x_wconf 77' lang='grc' dir='ltr'>Οὐκοῦν</span> <span class='ocrx_word' id='word_1_670' title='bbox 1394 2035 1463 2061; x_wconf 77' lang='grc' dir='ltr'>ἔστω</span> <span class='ocrx_word' id='word_1_671' title='bbox 1481 2035 1528 2061; x_wconf 80' lang='grc' dir='ltr'>καὶ</span> <span class='ocrx_word' id='word_1_672' title='bbox 1549 2037 1615 2070; x_wconf 82' lang='grc' dir='ltr'>ἡμῖν</span> <span class='ocrx_word' id='word_1_673' title='bbox 1638 2038 1804 2071; x_wconf 70' lang='grc' dir='ltr'>ποιμενικδς</span> <span class='ocrx_word' id='word_1_674' title='bbox 1819 2039 1832 2063; x_wconf 78' lang='grc' dir='ltr'><strong>ο</strong></span> 
     </span>
    </p>
   </div>
   <div class='ocr_carea' id='block_1_90' title="bbox 1042 2079 1832 2117">
    <p class='ocr_par' dir='ltr' id='par_1_90' title="bbox 1042 2079 1832 2117">
     <span class='ocr_line' id='line_1_90' title="bbox 1042 2079 1832 2117; baseline 0.003 -11"><span class='ocrx_word' id='word_1_675' title='bbox 1042 2079 1109 2114; x_wconf 87' lang='grc' dir='ltr'>βίος,</span> <span class='ocrx_word' id='word_1_676' title='bbox 1125 2080 1242 2114; x_wconf 80' lang='grc' dir='ltr'>γηπονία</span> <span class='ocrx_word' id='word_1_677' title='bbox 1257 2079 1288 2106; x_wconf 82' lang='grc' dir='ltr'><strong>τὸ</strong></span> <span class='ocrx_word' id='word_1_678' title='bbox 1302 2080 1480 2115; x_wconf 74' lang='grc' dir='ltr'>ἐπιτήδευμα,</span> <span class='ocrx_word' id='word_1_679' title='bbox 1497 2082 1542 2107; x_wconf 81' lang='grc' dir='ltr'>καὶ</span> <span class='ocrx_word' id='word_1_680' title='bbox 1559 2082 1721 2117; x_wconf 77' lang='grc' dir='ltr'>ἀπειρήσθω</span> <span class='ocrx_word' id='word_1_681' title='bbox 1739 2083 1790 2117; x_wconf 80' lang='grc' dir='ltr'>μὲν</span> <span class='ocrx_word' id='word_1_682' title='bbox 1803 2083 1832 2108; x_wconf 75' lang='grc' dir='ltr'>τὸ</span> 
     </span>
    </p>
   </div>
   <div class='ocr_carea' id='block_1_91' title="bbox 1041 2125 1830 2162">
    <p class='ocr_par' dir='ltr' id='par_1_91' title="bbox 1041 2125 1830 2162">
     <span class='ocr_line' id='line_1_91' title="bbox 1041 2125 1830 2162; baseline 0.004 -11"><span class='ocrx_word' id='word_1_683' title='bbox 1041 2125 1192 2159; x_wconf 73' lang='grc' dir='ltr'>εὐῖματεῖν,</span> <span class='ocrx_word' id='word_1_684' title='bbox 1207 2125 1303 2152; x_wconf 81' lang='grc' dir='ltr'>κώδιον</span> <span class='ocrx_word' id='word_1_685' title='bbox 1336 2126 1364 2152; x_wconf 79' lang='grc' dir='ltr'>δὲ</span> <span class='ocrx_word' id='word_1_686' title='bbox 1385 2127 1467 2152; x_wconf 70' lang='grc' dir='ltr'>πᾶσίν</span> <span class='ocrx_word' id='word_1_687' title='bbox 1491 2127 1506 2161; x_wconf 85' lang='grc' dir='ltr'><strong>ή</strong></span> <span class='ocrx_word' id='word_1_688' title='bbox 1527 2127 1617 2162; x_wconf 90' lang='grc' dir='ltr'>στολή.</span> <span class='ocrx_word' id='word_1_689' title='bbox 1643 2127 1738 2159; x_wconf 70' lang='grc' dir='ltr'>Οὐδεὶς</span> <span class='ocrx_word' id='word_1_690' title='bbox 1766 2129 1830 2162; x_wconf 72' lang='grc' dir='ltr'>παρ’</span> 
     </span>
    </p>
   </div>
   <div class='ocr_carea' id='block_1_92' title="bbox 1041 2168 1831 2209">
    <p class='ocr_par' dir='ltr' id='par_1_92' title="bbox 1041 2168 1831 2209">
     <span class='ocr_line' id='line_1_92' title="bbox 1041 2168 1831 2209; baseline 0.004 -12"><span class='ocrx_word' id='word_1_691' title='bbox 1041 2170 1156 2201; x_wconf 78' lang='grc' dir='ltr'>ἐκείνοις</span> <span class='ocrx_word' id='word_1_692' title='bbox 1172 2170 1298 2206; x_wconf 76' lang='grc' dir='ltr'>ἰατρικῆς</span> <span class='ocrx_word' id='word_1_693' title='bbox 1313 2168 1347 2206; x_wconf 77' lang='grc' dir='ltr'>ἧν</span> <span class='ocrx_word' id='word_1_694' title='bbox 1362 2171 1451 2205; x_wconf 80' lang='grc' dir='ltr'>λόγος,</span> <span class='ocrx_word' id='word_1_695' title='bbox 1466 2172 1514 2206; x_wconf 84' lang='grc' dir='ltr'><strong>οὐχ</strong></span> <span class='ocrx_word' id='word_1_696' title='bbox 1533 2173 1628 2208; x_wconf 76' lang='grc' dir='ltr'>ἑτέρας</span> <span class='ocrx_word' id='word_1_697' title='bbox 1643 2173 1698 2199; x_wconf 84' lang='grc' dir='ltr'><strong>τῶν</strong></span> <span class='ocrx_word' id='word_1_698' title='bbox 1717 2175 1831 2209; x_wconf 71' lang='grc' dir='ltr'>ἐπιστη-</span> 
     </span>
    </p>
   </div>
   <div class='ocr_carea' id='block_1_93' title="bbox 1043 2216 1830 2254">
    <p class='ocr_par' dir='ltr' id='par_1_93' title="bbox 1043 2216 1830 2254">
     <span class='ocr_line' id='line_1_93' title="bbox 1043 2216 1830 2254; baseline 0.004 -12"><span class='ocrx_word' id='word_1_699' title='bbox 1043 2216 1112 2250; x_wconf 85' lang='grc' dir='ltr'>μῶν,</span> <span class='ocrx_word' id='word_1_700' title='bbox 1136 2216 1167 2242; x_wconf 82' lang='grc' dir='ltr'>οὐ</span> <span class='ocrx_word' id='word_1_701' title='bbox 1184 2217 1355 2251; x_wconf 79' lang='grc' dir='ltr'>γραμμάτων</span> <span class='ocrx_word' id='word_1_702' title='bbox 1378 2216 1487 2252; x_wconf 82' lang='grc' dir='ltr'>χρῆσις,</span> <span class='ocrx_word' id='word_1_703' title='bbox 1502 2218 1532 2243; x_wconf 78' lang='grc' dir='ltr'>οὐ</span> <span class='ocrx_word' id='word_1_704' title='bbox 1549 2219 1717 2253; x_wconf 79' lang='grc' dir='ltr'>βαναυσικῆς</span> <span class='ocrx_word' id='word_1_705' title='bbox 1733 2220 1830 2254; x_wconf 67' lang='grc' dir='ltr'>ἐμπειε</span> 
     </span>
    </p>
   </div>
   <div class='ocr_carea' id='block_1_94' title="bbox 205 2259 953 2301">
    <p class='ocr_par' dir='ltr' id='par_1_94' title="bbox 205 2259 953 2295">
     <span class='ocr_line' id='line_1_94' title="bbox 205 2259 953 2295; baseline -0.005 -6"><span class='ocrx_word' id='word_1_706' title='bbox 205 2270 275 2295; x_wconf 83' lang='lat' dir='ltr'><strong>cam,</strong></span> <span class='ocrx_word' id='word_1_707' title='bbox 286 2261 351 2289; x_wconf 90' lang='lat' dir='ltr'><strong>nihil</strong></span> <span class='ocrx_word' id='word_1_708' title='bbox 360 2261 394 2288; x_wconf 86' lang='lat' dir='ltr'><strong>ad</strong></span> <span class='ocrx_word' id='word_1_709' title='bbox 408 2268 465 2288; x_wconf 88' lang='lat' dir='ltr'><strong>rem</strong></span> <span class='ocrx_word' id='word_1_710' title='bbox 476 2261 558 2295; x_wconf 77' lang='lat' dir='ltr'><strong>capis.</strong></span> <span class='ocrx_word' id='word_1_711' title='bbox 565 2260 642 2292; x_wconf 81' lang='lat' dir='ltr'><strong>Quod</strong></span> <span class='ocrx_word' id='word_1_712' title='bbox 648 2267 680 2287; x_wconf 75' lang='lat' dir='ltr'><strong>ex</strong></span> <span class='ocrx_word' id='word_1_713' title='bbox 687 2260 795 2294; x_wconf 74' lang='lat' dir='ltr'><strong>iis,qu:e</strong></span> <span class='ocrx_word' id='word_1_714' title='bbox 811 2259 936 2293; x_wconf 82' lang='lat' dir='ltr'><strong>deinceps</strong></span> <span class='ocrx_word' id='word_1_715' title='bbox 948 2269 953 2285; x_wconf 79' lang='grc' dir='ltr'>ι</span> 
     </span>
    </p>
   </div>
   <div class='ocr_carea' id='block_1_95' title="bbox 1081 2259 1829 2301">
    <p class='ocr_par' dir='ltr' id='par_1_95' title="bbox 1081 2263 1829 2301">
     <span class='ocr_line' id='line_1_95' title="bbox 1081 2263 1829 2301; baseline 0.003 -13"><span class='ocrx_word' id='word_1_716' title='bbox 1081 2271 1114 2294; x_wconf 89' lang='grc' dir='ltr'><strong>ις,</strong></span> <span class='ocrx_word' id='word_1_717' title='bbox 1132 2263 1161 2289; x_wconf 73' lang='grc' dir='ltr'>οὐ</span> <span class='ocrx_word' id='word_1_718' title='bbox 1180 2263 1282 2298; x_wconf 84' lang='grc' dir='ltr'>τεχνῶν</span> <span class='ocrx_word' id='word_1_719' title='bbox 1298 2263 1482 2298; x_wconf 80' lang='grc' dir='ltr'>ἐπιτήδευσις,</span> <span class='ocrx_word' id='word_1_720' title='bbox 1499 2264 1556 2290; x_wconf 77' lang='grc' dir='ltr'>ἀλλ’</span> <span class='ocrx_word' id='word_1_721' title='bbox 1569 2265 1609 2296; x_wconf 86' lang='grc' dir='ltr'><strong>είς</strong></span> <span class='ocrx_word' id='word_1_722' title='bbox 1629 2265 1711 2299; x_wconf 87' lang='grc' dir='ltr'>μέσον</span> <span class='ocrx_word' id='word_1_723' title='bbox 1727 2266 1829 2301; x_wconf 77' lang='grc' dir='ltr'>ἢγαγεν</span> 
     </span>
    </p>
   </div>
   <div class='ocr_carea' id='block_1_96' title="bbox 204 2304 952 2346">
    <p class='ocr_par' dir='ltr' id='par_1_96' title="bbox 204 2304 951 2341">
     <span class='ocr_line' id='line_1_96' title="bbox 204 2304 951 2341; baseline -0.005 -6"><span class='ocrx_word' id='word_1_724' title='bbox 204 2309 274 2336; x_wconf 83' lang='lat' dir='ltr'><strong>cturi</strong></span> <span class='ocrx_word' id='word_1_725' title='bbox 289 2314 391 2338; x_wconf 84' lang='lat' dir='ltr'><strong>sumus,</strong></span> <span class='ocrx_word' id='word_1_726' title='bbox 411 2306 512 2341; x_wconf 88' lang='lat' dir='ltr'><strong>liquido</strong></span> <span class='ocrx_word' id='word_1_727' title='bbox 532 2305 675 2332; x_wconf 85' lang='lat' dir='ltr'><strong>constabit.</strong></span> <span class='ocrx_word' id='word_1_728' title='bbox 704 2305 743 2332; x_wconf 88' lang='lat' dir='ltr'><strong>Ita</strong></span> <span class='ocrx_word' id='word_1_729' title='bbox 763 2304 835 2332; x_wconf 84' lang='lat' dir='ltr'><strong>enim</strong></span> <span class='ocrx_word' id='word_1_730' title='bbox 856 2305 951 2337; x_wconf 87' lang='lat' dir='ltr'><strong>scripsi</strong></span> 
     </span>
    </p>
   </div>
   <div class='ocr_carea' id='block_1_97' title="bbox 1080 2304 1828 2346">
    <p class='ocr_par' dir='ltr' id='par_1_97' title="bbox 1080 2309 1828 2346">
     <span class='ocr_line' id='line_1_97' title="bbox 1080 2309 1828 2346; baseline 0.007 -12"><span class='ocrx_word' id='word_1_731' title='bbox 1080 2309 1169 2343; x_wconf 63' lang='grc' dir='ltr'>χρόνος</span> <span class='ocrx_word' id='word_1_732' title='bbox 1185 2309 1264 2336; x_wconf 81' lang='grc' dir='ltr'>αὑτά.</span> <span class='ocrx_word' id='word_1_733' title='bbox 1273 2309 1377 2335; x_wconf 80' lang='grc' dir='ltr'>υὺκοῦν</span> <span class='ocrx_word' id='word_1_734' title='bbox 1391 2310 1546 2345; x_wconf 78' lang='grc' dir='ltr'>ἡμάρτανον</span> <span class='ocrx_word' id='word_1_735' title='bbox 1558 2311 1607 2346; x_wconf 83' lang='grc' dir='ltr'>μέν</span> <span class='ocrx_word' id='word_1_736' title='bbox 1616 2320 1656 2338; x_wconf 88' lang='grc' dir='ltr'><strong>τοι</strong></span> <span class='ocrx_word' id='word_1_737' title='bbox 1670 2312 1717 2338; x_wconf 78' lang='grc' dir='ltr'>τοῦ</span> <span class='ocrx_word' id='word_1_738' title='bbox 1732 2312 1828 2338; x_wconf 74' lang='grc' dir='ltr'>εδέναι</span> 
     </span>
    </p>
   </div>
   <div class='ocr_carea' id='block_1_98' title="bbox 205 2350 1828 2392">
    <p class='ocr_par' dir='ltr' id='par_1_98' title="bbox 205 2350 1828 2392">
     <span class='ocr_line' id='line_1_98' title="bbox 205 2350 1828 2392; baseline 0.002 -12"><span class='ocrx_word' id='word_1_739' title='bbox 205 2352 281 2381; x_wconf 82' lang='grc' dir='ltr'>θύειν</span> <span class='ocrx_word' id='word_1_740' title='bbox 312 2353 400 2388; x_wconf 87' lang='grc' dir='ltr'>ὀρθῶς</span> <span class='ocrx_word' id='word_1_741' title='bbox 430 2352 477 2379; x_wconf 80' lang='grc' dir='ltr'>καὶ</span> <span class='ocrx_word' id='word_1_742' title='bbox 490 2351 660 2386; x_wconf 81' lang='grc' dir='ltr'>ἀρεσκόντως</span> <span class='ocrx_word' id='word_1_743' title='bbox 682 2351 742 2386; x_wconf 85' lang='grc' dir='ltr'><strong>Θεῷ</strong></span> <span class='ocrx_word' id='word_1_744' title='bbox 758 2351 800 2386; x_wconf 83' lang='grc' dir='ltr'><strong>(οὐ</strong></span> <span class='ocrx_word' id='word_1_745' title='bbox 826 2350 879 2386; x_wconf 80' lang='grc' dir='ltr'>γὰρ</span> <span class='ocrx_word' id='word_1_746' title='bbox 897 2351 995 2386; x_wconf 78' lang='grc' dir='ltr'>ᾔδεσαν</span> <span class='ocrx_word' id='word_1_747' title='bbox 1015 2361 1057 2379; x_wconf 82' lang='grc' dir='ltr'><strong>πω</strong></span> <span class='ocrx_word' id='word_1_748' title='bbox 1078 2354 1126 2389; x_wconf 85' lang='grc' dir='ltr'>τῆς</span> <span class='ocrx_word' id='word_1_749' title='bbox 1159 2355 1255 2390; x_wconf 81' lang='grc' dir='ltr'>νοητῆς</span> <span class='ocrx_word' id='word_1_750' title='bbox 1267 2354 1394 2390; x_wconf 77' lang='grc' dir='ltr'>λατρείας</span> <span class='ocrx_word' id='word_1_751' title='bbox 1406 2355 1546 2390; x_wconf 83' lang='grc' dir='ltr'>τρόπους),</span> <span class='ocrx_word' id='word_1_752' title='bbox 1558 2357 1627 2392; x_wconf 76' lang='grc' dir='ltr'>πλὴν</span> <span class='ocrx_word' id='word_1_753' title='bbox 1637 2357 1743 2392; x_wconf 79' lang='grc' dir='ltr'>ἐδέχετο</span> <span class='ocrx_word' id='word_1_754' title='bbox 1754 2357 1828 2390; x_wconf 73' lang='grc' dir='ltr'>Θεὸς,</span> 
     </span>
    </p>
   </div>
   <div class='ocr_carea' id='block_1_99' title="bbox 203 2397 1828 2439">
    <p class='ocr_par' dir='ltr' id='par_1_99' title="bbox 203 2397 1828 2439">
     <span class='ocr_line' id='line_1_99' title="bbox 203 2397 1828 2439; baseline 0.002 -13"><span class='ocrx_word' id='word_1_755' title='bbox 203 2399 254 2426; x_wconf 79' lang='grc' dir='ltr'>οὐκ</span> <span class='ocrx_word' id='word_1_756' title='bbox 278 2400 317 2431; x_wconf 69' lang='grc' dir='ltr'>εἰς</span> <span class='ocrx_word' id='word_1_757' title='bbox 350 2400 380 2425; x_wconf 85' lang='grc' dir='ltr'>τὸ</span> <span class='ocrx_word' id='word_1_758' title='bbox 417 2398 555 2435; x_wconf 77' lang='grc' dir='ltr'>δρώμενον</span> <span class='ocrx_word' id='word_1_759' title='bbox 578 2398 694 2433; x_wconf 71' lang='grc' dir='ltr'>βλέπων,</span> <span class='ocrx_word' id='word_1_760' title='bbox 721 2397 789 2423; x_wconf 73' lang='grc' dir='ltr'>ἀλλὰ</span> <span class='ocrx_word' id='word_1_761' title='bbox 809 2398 858 2433; x_wconf 81' lang='grc' dir='ltr'>τὴν</span> <span class='ocrx_word' id='word_1_762' title='bbox 873 2397 919 2424; x_wconf 83' lang='grc' dir='ltr'>τοῦ</span> <span class='ocrx_word' id='word_1_763' title='bbox 941 2399 1024 2434; x_wconf 86' lang='grc' dir='ltr'>τιμᾷν</span> <span class='ocrx_word' id='word_1_764' title='bbox 1040 2399 1177 2432; x_wconf 77' lang='grc' dir='ltr'>ἐθέλοντος</span> <span class='ocrx_word' id='word_1_765' title='bbox 1205 2401 1355 2435; x_wconf 78' lang='grc' dir='ltr'>βασανίζων</span> <span class='ocrx_word' id='word_1_766' title='bbox 1372 2401 1511 2436; x_wconf 80' lang='grc' dir='ltr'>πρόθεσιν.</span> <span class='ocrx_word' id='word_1_767' title='bbox 1529 2403 1633 2438; x_wconf 81' lang='grc' dir='ltr'>Προῖὼν</span> <span class='ocrx_word' id='word_1_768' title='bbox 1658 2404 1712 2431; x_wconf 78' lang='grc' dir='ltr'>δὲὸ</span> <span class='ocrx_word' id='word_1_769' title='bbox 1734 2405 1828 2439; x_wconf 79' lang='grc' dir='ltr'>χρόνος</span> 
     </span>
    </p>
   </div>
   <div class='ocr_carea' id='block_1_100' title="bbox 204 2444 1828 2486">
    <p class='ocr_par' dir='ltr' id='par_1_100' title="bbox 204 2444 1828 2486">
     <span class='ocr_line' id='line_1_100' title="bbox 204 2444 1828 2486; baseline 0.002 -13"><span class='ocrx_word' id='word_1_770' title='bbox 204 2447 343 2482; x_wconf 75' lang='grc' dir='ltr'>ἀπέφηνεν</span> <span class='ocrx_word' id='word_1_771' title='bbox 378 2446 451 2481; x_wconf 80' lang='grc' dir='ltr'>ἡμᾶς</span> <span class='ocrx_word' id='word_1_772' title='bbox 474 2445 658 2480; x_wconf 79' lang='grc' dir='ltr'>ἐπιστήμονας</span> <span class='ocrx_word' id='word_1_773' title='bbox 671 2444 725 2471; x_wconf 84' lang='grc' dir='ltr'><strong>τῶν</strong></span> <span class='ocrx_word' id='word_1_774' title='bbox 748 2445 919 2479; x_wconf 84' lang='grc' dir='ltr'>ἀρεσκόντων</span> <span class='ocrx_word' id='word_1_775' title='bbox 938 2445 1006 2481; x_wconf 84' lang='grc' dir='ltr'><strong>Θεῷ.</strong></span> <span class='ocrx_word' id='word_1_776' title='bbox 1020 2447 1126 2482; x_wconf 83' lang='grc' dir='ltr'>Θύομεν</span> <span class='ocrx_word' id='word_1_777' title='bbox 1152 2448 1206 2483; x_wconf 79' lang='grc' dir='ltr'>γὰρ</span> <span class='ocrx_word' id='word_1_778' title='bbox 1218 2448 1321 2483; x_wconf 57' lang='lat' dir='ltr'><strong>veneti);</strong></span> <span class='ocrx_word' id='word_1_779' title='bbox 1334 2449 1381 2475; x_wconf 79' lang='grc' dir='ltr'>καὶ</span> <span class='ocrx_word' id='word_1_780' title='bbox 1392 2449 1592 2484; x_wconf 76' lang='grc' dir='ltr'>πνευματικῶς,</span> <span class='ocrx_word' id='word_1_781' title='bbox 1606 2450 1655 2482; x_wconf 83' lang='grc' dir='ltr'>τὰς</span> <span class='ocrx_word' id='word_1_782' title='bbox 1670 2451 1700 2483; x_wconf 77' lang='grc' dir='ltr'>ἐξ</span> <span class='ocrx_word' id='word_1_783' title='bbox 1726 2452 1828 2486; x_wconf 77' lang='grc' dir='ltr'>ἀρετῶν</span> 
     </span>
    </p>
   </div>
   <div class='ocr_carea' id='block_1_101' title="bbox 205 2489 1828 2530">
    <p class='ocr_par' dir='ltr' id='par_1_101' title="bbox 205 2489 1828 2530">
     <span class='ocr_line' id='line_1_101' title="bbox 205 2489 1828 2530; baseline 0.002 -10"><span class='ocrx_word' id='word_1_784' title='bbox 205 2493 336 2528; x_wconf 82' lang='grc' dir='ltr'>εὐοσμίας</span> <span class='ocrx_word' id='word_1_785' title='bbox 351 2492 432 2519; x_wconf 81' lang='grc' dir='ltr'>οἱονεὶ</span> <span class='ocrx_word' id='word_1_786' title='bbox 463 2491 660 2527; x_wconf 81' lang='grc' dir='ltr'>καθιεροῦντες</span> <span class='ocrx_word' id='word_1_787' title='bbox 679 2491 764 2526; x_wconf 77' lang='grc' dir='ltr'>αὐτῷ.</span> <span class='ocrx_word' id='word_1_788' title='bbox 777 2489 856 2523; x_wconf 82' lang='grc' dir='ltr'>Εἶτα,</span> <span class='ocrx_word' id='word_1_789' title='bbox 869 2491 919 2526; x_wconf 85' lang='grc' dir='ltr'>τὴν</span> <span class='ocrx_word' id='word_1_790' title='bbox 948 2492 988 2523; x_wconf 83' lang='grc' dir='ltr'><strong>είς</strong></span> <span class='ocrx_word' id='word_1_791' title='bbox 1021 2493 1055 2520; x_wconf 85' lang='grc' dir='ltr'>τὰ</span> <span class='ocrx_word' id='word_1_792' title='bbox 1072 2494 1177 2528; x_wconf 78' lang='grc' dir='ltr'>ἀμείνω</span> <span class='ocrx_word' id='word_1_793' title='bbox 1191 2494 1245 2520; x_wconf 85' lang='grc' dir='ltr'><strong>τῶν</strong></span> <span class='ocrx_word' id='word_1_794' title='bbox 1265 2495 1436 2530; x_wconf 75' lang='grc' dir='ltr'>πραγμάτων</span> <span class='ocrx_word' id='word_1_795' title='bbox 1468 2495 1588 2523; x_wconf 77' lang='grc' dir='ltr'>ἐπίδοσιν</span> <span class='ocrx_word' id='word_1_796' title='bbox 1620 2496 1752 2530; x_wconf 74' lang='grc' dir='ltr'>διατελῶν</span> <span class='ocrx_word' id='word_1_797' title='bbox 1782 2498 1828 2524; x_wconf 67' lang='grc' dir='ltr'>οὐκ</span> 
     </span>
    </p>
   </div>
   <div class='ocr_carea' id='block_1_102' title="bbox 203 2535 1824 2575">
    <p class='ocr_par' dir='ltr' id='par_1_102' title="bbox 203 2535 1824 2575">
     <span class='ocr_line' id='line_1_102' title="bbox 203 2535 1824 2575; baseline 0.003 -10"><span class='ocrx_word' id='word_1_798' title='bbox 203 2539 334 2574; x_wconf 80' lang='grc' dir='ltr'>ἐρυθριᾷ;</span> <span class='ocrx_word' id='word_1_799' title='bbox 356 2538 482 2570; x_wconf 81' lang='grc' dir='ltr'>’Δδικείς,</span> <span class='ocrx_word' id='word_1_800' title='bbox 501 2535 523 2564; x_wconf 83' lang='grc' dir='ltr'><strong>ὧ</strong></span> <span class='ocrx_word' id='word_1_801' title='bbox 537 2537 676 2572; x_wconf 83' lang='grc' dir='ltr'>κράτιστε,</span> <span class='ocrx_word' id='word_1_802' title='bbox 691 2537 738 2563; x_wconf 71' lang='grc' dir='ltr'>καὶ</span> <span class='ocrx_word' id='word_1_803' title='bbox 758 2536 1016 2572; x_wconf 78' lang='grc' dir='ltr'>φιλοψογεῖςόίσθα</span> <span class='ocrx_word' id='word_1_804' title='bbox 1048 2539 1076 2566; x_wconf 75' lang='grc' dir='ltr'>δὲ</span> <span class='ocrx_word' id='word_1_805' title='bbox 1089 2539 1157 2572; x_wconf 82' lang='grc' dir='ltr'>ὅλως</span> <span class='ocrx_word' id='word_1_806' title='bbox 1170 2541 1226 2567; x_wconf 82' lang='grc' dir='ltr'><strong>τῶν</strong></span> <span class='ocrx_word' id='word_1_807' title='bbox 1245 2540 1402 2575; x_wconf 67' lang='grc' dir='ltr'>ἀναγκαίων</span> <span class='ocrx_word' id='word_1_808' title='bbox 1410 2541 1496 2569; x_wconf 70' lang='grc' dir='ltr'>οὐδέν.</span> <span class='ocrx_word' id='word_1_809' title='bbox 1514 2542 1613 2569; x_wconf 84' lang='grc' dir='ltr'>Γένοιτ’</span> <span class='ocrx_word' id='word_1_810' title='bbox 1634 2542 1668 2569; x_wconf 74' lang='grc' dir='ltr'>ἂν</span> <span class='ocrx_word' id='word_1_811' title='bbox 1685 2544 1824 2570; x_wconf 72' lang='grc' dir='ltr'>καὶτοῦτο</span> 
     </span>
    </p>
   </div>
   <div class='ocr_carea' id='block_1_103' title="bbox 203 2585 1053 2621">
    <p class='ocr_par' dir='ltr' id='par_1_103' title="bbox 203 2585 1053 2621">
     <span class='ocr_line' id='line_1_103' title="bbox 203 2585 1053 2621; baseline 0 -9"><span class='ocrx_word' id='word_1_812' title='bbox 203 2587 310 2618; x_wconf 81' lang='grc' dir='ltr'>πάντως</span> <span class='ocrx_word' id='word_1_813' title='bbox 325 2587 408 2620; x_wconf 71' lang='grc' dir='ltr'>σαφὲς</span> <span class='ocrx_word' id='word_1_814' title='bbox 425 2586 471 2612; x_wconf 74' lang='grc' dir='ltr'>καὶ</span> <span class='ocrx_word' id='word_1_815' title='bbox 483 2585 528 2612; x_wconf 78' lang='grc' dir='ltr'>διά</span> <span class='ocrx_word' id='word_1_816' title='bbox 540 2593 571 2619; x_wconf 83' lang='grc' dir='ltr'><strong>γε</strong></span> <span class='ocrx_word' id='word_1_817' title='bbox 587 2585 641 2612; x_wconf 79' lang='grc' dir='ltr'><strong>τῶν</strong></span> <span class='ocrx_word' id='word_1_818' title='bbox 654 2585 696 2619; x_wconf 76' lang='grc' dir='ltr'><strong>ἐφ’</strong></span> <span class='ocrx_word' id='word_1_819' title='bbox 708 2585 781 2620; x_wconf 81' lang='grc' dir='ltr'><strong>ὲξῆς.</strong></span> <span class='ocrx_word' id='word_1_820' title='bbox 795 2585 917 2621; x_wconf 66' lang='grc' dir='ltr'>Γέγραφε</span> <span class='ocrx_word' id='word_1_821' title='bbox 929 2586 983 2621; x_wconf 75' lang='grc' dir='ltr'><strong>γὰρ</strong></span> <span class='ocrx_word' id='word_1_822' title='bbox 994 2586 1053 2612; x_wconf 83' lang='grc' dir='ltr'>ὡδί·</span> 
     </span>
    </p>
   </div>
   <div class='ocr_carea' id='block_1_104' title="bbox 460 2654 1534 2691">
    <p class='ocr_par' dir='ltr' id='par_1_104' title="bbox 460 2654 1534 2691">
     <span class='ocr_line' id='line_1_104' title="bbox 460 2654 1534 2691; baseline -0.004 0"><span class='ocrx_word' id='word_1_823' title='bbox 460 2655 537 2691; x_wconf 82' lang='grc'><strong>351</strong></span> <span class='ocrx_word' id='word_1_824' title='bbox 558 2654 736 2682; x_wconf 78' lang='lat' dir='ltr'><strong>JULIANUS-</strong></span> <span class='ocrx_word' id='word_1_825' title='bbox 1341 2659 1534 2687; x_wconf 77' lang='grc' dir='ltr'><strong>ιοΥΑιΑΝοΣ.</strong></span> 
     </span>
    </p>
   </div>
   <div class='ocr_carea' id='block_1_105' title="bbox 239 2722 987 2762">
    <p class='ocr_par' dir='ltr' id='par_1_105' title="bbox 239 2722 987 2758">
     <span class='ocr_line' id='line_1_105' title="bbox 239 2722 987 2758; baseline -0.003 -6"><span class='ocrx_word' id='word_1_826' title='bbox 239 2725 316 2752; x_wconf 79' lang='lat' dir='ltr'><strong>Nunc</strong></span> <span class='ocrx_word' id='word_1_827' title='bbox 339 2729 428 2752; x_wconf 85' lang='lat' dir='ltr'><strong>autem</strong></span> <span class='ocrx_word' id='word_1_828' title='bbox 445 2725 573 2752; x_wconf 83' lang='lat' dir='ltr'><strong>adversus</strong></span> <span class='ocrx_word' id='word_1_829' title='bbox 594 2722 654 2750; x_wconf 88' lang='lat' dir='ltr'><strong>illos</strong></span> <span class='ocrx_word' id='word_1_830' title='bbox 670 2730 750 2756; x_wconf 82' lang='lat' dir='ltr'><strong>porro</strong></span> <span class='ocrx_word' id='word_1_831' title='bbox 773 2723 837 2750; x_wconf 90' lang='lat' dir='ltr'><strong>mihi</strong></span> <span class='ocrx_word' id='word_1_832' title='bbox 864 2729 987 2758; x_wconf 83' lang='lat' dir='ltr'><strong>repeten-</strong></span> 
     </span>
    </p>
   </div>
   <div class='ocr_carea' id='block_1_106' title="bbox 1079 2722 1827 2762">
    <p class='ocr_par' dir='ltr' id='par_1_106' title="bbox 1079 2723 1827 2762">
     <span class='ocr_line' id='line_1_106' title="bbox 1079 2723 1827 2762; baseline 0.007 -13"><span class='ocrx_word' id='word_1_833' title='bbox 1079 2723 1146 2750; x_wconf 80' lang='grc' dir='ltr'>Νυνὶ</span> <span class='ocrx_word' id='word_1_834' title='bbox 1165 2723 1194 2750; x_wconf 77' lang='grc' dir='ltr'>δὲ</span> <span class='ocrx_word' id='word_1_835' title='bbox 1218 2724 1423 2760; x_wconf 70' lang='grc' dir='ltr'>ἐπαναληπτέον</span> <span class='ocrx_word' id='word_1_836' title='bbox 1439 2725 1478 2752; x_wconf 70' lang='grc' dir='ltr'>ἔτι</span> <span class='ocrx_word' id='word_1_837' title='bbox 1501 2734 1546 2761; x_wconf 80' lang='grc' dir='ltr'><strong>μοι</strong></span> <span class='ocrx_word' id='word_1_838' title='bbox 1563 2725 1631 2762; x_wconf 81' lang='grc' dir='ltr'>πρὸς</span> <span class='ocrx_word' id='word_1_839' title='bbox 1650 2726 1767 2758; x_wconf 80' lang='grc' dir='ltr'>αὐτούς’</span> <span class='ocrx_word' id='word_1_840' title='bbox 1783 2727 1827 2754; x_wconf 81' lang='grc' dir='ltr'>Διὰ</span> 
     </span>
    </p>
   </div>
   <div class='ocr_carea' id='block_1_107' title="bbox 206 2767 954 2808">
    <p class='ocr_par' dir='ltr' id='par_1_107' title="bbox 206 2767 954 2802">
     <span class='ocr_line' id='line_1_107' title="bbox 206 2767 954 2802; baseline -0.001 -6"><span class='ocrx_word' id='word_1_841' title='bbox 206 2770 266 2796; x_wconf 87' lang='lat' dir='ltr'><strong>dum</strong></span> <span class='ocrx_word' id='word_1_842' title='bbox 283 2774 341 2795; x_wconf 87' lang='lat' dir='ltr'><strong>cst:</strong></span> <span class='ocrx_word' id='word_1_843' title='bbox 358 2769 455 2802; x_wconf 83' lang='lat' dir='ltr'><strong>Quidni</strong></span> <span class='ocrx_word' id='word_1_844' title='bbox 470 2769 694 2796; x_wconf 86' lang='lat' dir='ltr'><strong>circutncidimini</strong></span> <span class='ocrx_word' id='word_1_845' title='bbox 706 2769 716 2794; x_wconf 79' lang='lat'><strong><em>?</em></strong></span> <span class='ocrx_word' id='word_1_846' title='bbox 730 2767 838 2801; x_wconf 85' lang='lat' dir='ltr'><strong>Paulus,</strong></span> <span class='ocrx_word' id='word_1_847' title='bbox 854 2769 954 2802; x_wconf 85' lang='lat' dir='ltr'><strong>inquiul</strong></span> 
     </span>
    </p>
   </div>
   <div class='ocr_carea' id='block_1_108' title="bbox 1078 2767 1826 2808">
    <p class='ocr_par' dir='ltr' id='par_1_108' title="bbox 1082 2769 1826 2808">
     <span class='ocr_line' id='line_1_108' title="bbox 1082 2769 1826 2808; baseline 0.007 -12"><span class='ocrx_word' id='word_1_848' title='bbox 1082 2769 1136 2805; x_wconf 83' lang='grc' dir='ltr'>γὰρ</span> <span class='ocrx_word' id='word_1_849' title='bbox 1147 2770 1207 2805; x_wconf 81' lang='grc' dir='ltr'><strong>οὺχὶ</strong></span> <span class='ocrx_word' id='word_1_850' title='bbox 1218 2771 1432 2807; x_wconf 71' lang='grc' dir='ltr'>περιτέμνεσθις</span> <span class='ocrx_word' id='word_1_851' title='bbox 1446 2771 1560 2806; x_wconf 84' lang='grc' dir='ltr'>Παῦλος,</span> <span class='ocrx_word' id='word_1_852' title='bbox 1572 2772 1667 2808; x_wconf 70' lang='grc' dir='ltr'>φησιν,</span> <span class='ocrx_word' id='word_1_853' title='bbox 1679 2770 1740 2800; x_wconf 76' lang='grc' dir='ltr'>εἷπε</span> <span class='ocrx_word' id='word_1_854' title='bbox 1755 2781 1826 2808; x_wconf 73' lang='grc' dir='ltr'>περι·</span> 
     </span>
    </p>
   </div>
   <div class='ocr_carea' id='block_1_109' title="bbox 241 2842 1064 2877">
    <p class='ocr_par' dir='ltr' id='par_1_109' title="bbox 241 2842 1064 2877">
     <span class='ocr_line' id='line_1_109' title="bbox 241 2842 1064 2877; baseline 0.005 -7"><span class='ocrx_word' id='word_1_855' title='bbox 241 2845 263 2860; x_wconf 67' lang='grc' dir='ltr'><strong>ν’</strong></span> <span class='ocrx_word' id='word_1_856' title='bbox 277 2845 390 2872; x_wconf 65' lang='lat' dir='ltr'><strong>Malach.</strong></span> <span class='ocrx_word' id='word_1_857' title='bbox 408 2853 426 2877; x_wconf 84' lang='grc'>1,</span> <span class='ocrx_word' id='word_1_858' title='bbox 448 2842 473 2873; x_wconf 72' lang='grc'><strong>8.</strong></span> <span class='ocrx_word' id='word_1_859' title='bbox 512 2846 534 2861; x_wconf 82' lang='grc'><strong>⁷⁸</strong></span> <span class='ocrx_word' id='word_1_860' title='bbox 549 2845 614 2873; x_wconf 87' lang='lat' dir='ltr'><strong>ibid.</strong></span> <span class='ocrx_word' id='word_1_861' title='bbox 653 2845 675 2861; x_wconf 81' lang='grc'><strong>⁷⁸</strong></span> <span class='ocrx_word' id='word_1_862' title='bbox 688 2845 751 2872; x_wconf 88' lang='lat' dir='ltr'><strong>ibid.</strong></span> <span class='ocrx_word' id='word_1_863' title='bbox 767 2845 808 2872; x_wconf 70' lang='grc'><strong>14.</strong></span> <span class='ocrx_word' id='word_1_864' title='bbox 848 2845 870 2862; x_wconf 85' lang='grc'><strong>⁷⁷</strong></span> <span class='ocrx_word' id='word_1_865' title='bbox 884 2845 949 2875; x_wconf 81' lang='lat' dir='ltr'><strong>Cen.</strong></span> <span class='ocrx_word' id='word_1_866' title='bbox 965 2853 1006 2876; x_wconf 82' lang='lat' dir='ltr'><strong>nl,</strong></span> <span class='ocrx_word' id='word_1_867' title='bbox 1020 2846 1064 2874; x_wconf 76' lang='grc'><strong>21.</strong></span> 
     </span>
    </p>
   </div>
  </div>
