1894 3056
97 197 163 225 1011

680 200 818 228 CONTRA
837 202 1009 234 JUIJANUM
1029 208 1092 236 LIB.
1114 210 1156 237 x.-

1652 211 1722 238 i012

95 253 197 301 rogi":
213 254 348 301 καρδίας,
363 255 433 282 ἀλλ’
450 255 517 290 οὐχὶ
536 255 588 290 τῆς
603 257 717 291 σαρκὸς
732 258 883 291 δεδόσθαι,

951 266 1013 299 lixil,
1035 268 1122 295 cordis
1142 268 1378 301 circumtisionem,
1402 274 1428 296 (ιι
1445 277 1495 295 non
1519 268 1605 295 carnis
1632 270 1723 295 datum

96 300 235 327 καὶτοῦτο
255 299 332 327 εἴναι
347 300 387 333 τῷ
407 302 539 336 Ἀϐραὰμ,
557 303 592 329 οὺ
608 304 672 338 μὴν
693 304 736 330 ἔτι
755 305 792 332 τὰ
811 306 886 333 κατά

96 345 196 379 σάρκα
208 346 270 382 ἔφη,
283 347 329 373 καὶ
339 347 483 374 πιστεῦσαι
499 349 554 379 τοῖς
570 348 615 375 ὑπ’
629 350 710 377 αὑτοῦ
723 351 768 377 καὶ
781 351 885 387 Πέτρου

96 393 310 428 κηρυττομένοις
327 393 416 427 λόγοις
427 393 476 420 οὐκ
497 394 647 422 εὺσεὸέσιν.
668 396 765 423 ’Ἄκουε
785 397 813 424 δὲ
834 399 887 425 πά-

97 437 149 470 λιν,
161 438 202 464 ὅτι
225 438 275 473 τὴν
290 439 361 465 κατὰ
386 439 475 474 σάρκα
490 440 641 476 περιτομὴν
658 442 671 467 ὁ
696 442 761 473 Θεὸς
778 443 885 475 λέγεται

97 483 189 511 δοῦναι
205 486 244 516 εἰς
257 485 391 522 διαθήκην
406 487 454 513 καὶ
469 488 509 519 εἰς
523 487 554 514 τὸ
571 490 682 523 σημεῖον
692 489 731 524 τῷ
744 490 868 525 Ἀϐραάμ
878 499 885 505 ·

99 539 109 555 ι
136 530 192 557 Καὶ
209 530 313 566 αὕτηὴ
338 531 471 567 διαθήκη,
491 533 524 567 ἣν
549 533 722 569 διατηρήσεις
751 535 886 570 ἁναμέσον

97 575 165 611 ἐμοῦ
185 577 232 603 καὶ
247 577 336 612 ὑμῶν,
359 579 407 604 καὶ
427 578 479 605 ἀνὰ
494 579 576 613 μέσον
599 579 645 605 τοῦ
665 581 821 616 σπέρματός
839 590 885 608 σου

98 622 137 652 εἰς
147 621 194 654 τὰς
207 623 302 656 γενεὰς
314 623 392 658 ὑμῶν
402 633 409 639 ⁸
421 623 469 651 καὶ
481 625 723 660 περιτμηθήσεσθε
735 626 783 662 τὴν
797 628 886 663 σάρκα

98 667 148 702 τῆς
172 669 357 704 ἀκροόυστίας
376 670 463 704 ὑμῶν,
485 670 531 697 καὶ
555 671 629 698 ἔσται
645 672 675 698 ὲν
699 673 805 708 σημείῳ
829 674 886 701 δια-

99 713 187 750 θήκης
198 715 250 742 ὰνὰ
269 715 352 750 μέσον
367 716 434 751 ἐμοῦ
450 716 497 743 καὶ
517 716 574 750 σοῦ,
593 718 640 744 καὶ
653 718 704 745 ἀνὰ
721 719 802 754 μέσον
818 720 885 756 ἐμοῦ

98 761 146 787 καὶ
166 761 324 796 σπέρματός
341 770 399 789 σου.
411 771 421 787 ι

140 806 280 842 Ἐπιφέρει
293 807 320 834 δὲ
335 807 451 840 τούτοις,
465 808 506 835 ὅτι
523 809 570 836 καὶ
585 809 667 841 αὐτὸς
683 811 696 837 ὁ
706 811 823 846 Χριστὸς
839 821 886 847 τη-

87 851 205 888 ρεῖσθαι
217 852 272 878 δεῖν
295 853 346 888 ἔφη
361 854 406 881 τὸν
419 854 511 888 νόμον,
531 855 597 881 ποτὲ
612 855 662 890 μὲν
681 856 784 890 λέγων·
804 866 812 883 ι
829 858 886 884 Οὐκ

98 895 180 932 ἦλθον
195 898 347 926 καταλῦσαι
360 899 406 926 τὸν
425 900 517 935 νόμον,
531 901 546 936 ἢ
564 902 628 933 τοὺς
649 902 802 938 προφήτας,
819 903 886 930 ἀλλὰ

98 943 243 979 πληρῶσαι
254 953 260 959 ·
279 953 288 970 ι
303 946 368 972 ποτὲ
382 945 411 972 δὲ
434 944 466 973 αὖ
477 955 485 962 ·
506 956 515 972 ι
529 948 577 979 ’ος
592 947 641 974 ἐὰν
662 947 730 983 λύσῃ
747 949 811 983 μίαν
833 949 887 976 τῶν

98 990 213 1016 ἐντολῶν
236 990 339 1017 τούτων
365 991 420 1019 τῶν
433 992 600 1027 ἐλαχίστων,
621 993 668 1020 καὶ
691 993 785 1031 διδάξῃ
802 995 888 1027 οὕτως

97 1036 162 1068 τοὺς
175 1036 347 1071 ἀνθρώπους,
363 1038 504 1073 ἐλάχιστος
528 1039 695 1075 κληθήσεται
714 1041 743 1067 ὲν
761 1042 794 1077 τῇ
812 1041 888 1076 βασι-

98 1081 159 1118 λείᾳ.
181 1083 234 1110 τῶν
253 1084 385 1119 οὐρανῶν.
403 1094 414 1110 ι
429 1084 495 1112 Ὀτε
512 1085 612 1118 τοίνυν,
634 1086 725 1121 φησὶν,
746 1087 786 1114 ὅτι
802 1096 886 1123 προσ-

98 1130 161 1163 ήκει
175 1131 268 1164 τηρεῖν
284 1130 330 1157 τὸν
345 1130 426 1166 νόμον
444 1132 693 1167 ἀναμφισϐητήτως
708 1134 886 1169 προστέταχε,

99 1175 147 1203 καὶ
167 1177 223 1208 τοῖς
246 1176 310 1211 μίαν
337 1177 552 1212 παραϐαίνουσιν
573 1178 682 1213 ἐντολὴν
697 1179 837 1214 ὲπήρτησε
851 1179 889 1205 δί-

99 1229 150 1252 κας
161 1228 168 1235 ·
188 1221 277 1257 ὑμεῖς,
293 1223 317 1248 οἱ
333 1222 484 1258 συλλήϐδην
509 1223 620 1256 ἁπάσας
643 1224 887 1259 παραϐεϐηκότες,

98 1268 190 1294 ὁποῖον
206 1268 336 1302 εὑρήσετε
358 1268 407 1303 τῆς
424 1268 571 1303 ἀπολογίας
586 1269 632 1295 τὸν
648 1270 764 1305 τρόπον;
780 1271 815 1297 ’Ἡ
834 1270 889 1305 γὰρ

98 1312 290 1346 ψευδοεπήσει,
316 1313 408 1348 φησὶν,
422 1313 437 1339 ὁ
460 1313 576 1348 Ἰησοῦς,
596 1314 680 1349 ἤγουν
699 1315 778 1350 ὑμεῖς
800 1316 888 1350 πάντη

99 1359 148 1385 καὶ
162 1359 273 1391 πάντως
287 1359 317 1385 οὐ
336 1359 534 1394 νομοφύλακες.

134 1405 261 1431 Αἰτιᾶται
275 1405 303 1431 δὲ
320 1405 388 1441 πρὸς
400 1405 516 1437 τούτοις,
530 1405 649 1442 ὠςγμήτε
664 1406 887 1439 σαϐὄατίζοντας,

102 1450 172 1485 μήτε
191 1449 242 1486 μὴν
264 1451 417 1482 Ἰουδαϊκῶς
440 1451 624 1483 καταθύοντας
639 1452 685 1479 τὸν
702 1453 798 1488 ἀμνὸν,
820 1455 888 1488 μήτε

101 1494 157 1530 μὴν
173 1496 270 1530 ἄρτους
283 1495 405 1530 ἀζύμους
416 1496 555 1527 ἐσθίοντας
571 1497 615 1523 ἐπ’
631 1497 716 1532 αὐτῷ,
731 1498 777 1524 καί
793 1506 887 1532 φησιν,

99 1540 142 1566 ὃτι
156 1541 290 1575 πρόφασις
304 1541 368 1575 ἡμῖν
386 1541 434 1576 τῆς
455 1540 483 1567 ἔν
497 1549 528 1574 γε
542 1541 629 1577 τούτῳ
654 1542 793 1577 ῥᾳστώνης
811 1551 890 1578 περι-

100 1586 239 1613 λέλειπται
256 1586 315 1621 μία⁷
328 1586 358 1612 τὸ
377 1585 414 1621 μὴ
428 1586 529 1618 ἐξεῖναι
547 1587 621 1614 θύειν
633 1587 685 1620 ἔξω
699 1588 822 1622 γεγονόσι
835 1588 889 1615 τῶν

106 1632 314 1667 Ἱεροσολύμων.

138 1678 193 1706 Καὶ
209 1679 287 1704 ταυτὶ
306 1679 354 1713 μὲν
366 1679 471 1706 ἅπαντα
482 1679 525 1706 διὰ
540 1679 654 1715 μακρῶν
668 1678 776 1715 εἴρηται
791 1680 888 1714 λόγων.

101 1723 312 1758 Συνενεγκόντες
327 1725 356 1751 δὲ
377 1726 458 1760 ἡμεῖς
470 1725 519 1756 τὰς
538 1725 592 1751 τῶν
607 1725 759 1761 εἰρημένων
776 1726 890 1758 ἑννοίας,

101 1769 233 1804 περιττῆς
243 1770 290 1796 καὶ
305 1771 435 1806 ἀνονήτου
453 1770 639 1805 στενολεσχίας
656 1771 790 1805 τὸνλόγον
803 1772 893 1807 ἀπηλ-

100 1814 232 1850 λάξαμεν.
246 1816 291 1842 Δεῖ
301 1816 342 1850 δὲ,
356 1814 446 1852 οἶμαι,
462 1817 530 1852 προς
543 1818 646 1844 ἕκαστα
661 1817 715 1844 τῶν
729 1817 794 1853 παρ’
810 1817 891 1844 αὑτοῦ

100 1862 364 1898 ψυχρολογουμένων
375 1863 405 1890 τὸ
420 1863 517 1899 ἀληθὲς
540 1863 748 1898 ἀντεξάγοντας.
764 1863 825 1898 εἰκῆ
841 1872 892 1891 κα-

100 1909 302 1936 τασκώπτοντα
316 1910 351 1936 τὰ
365 1911 537 1945 Χριστιανῶν
549 1911 686 1945 ἀποφῆναι
704 1910 795 1937 πάλιν,

405 1975 589 2003 ΚΥΡΙΛΛΟΑ.

140 2042 196 2077 Τὴν
212 2042 261 2077 μὲν
275 2040 321 2070 οὖν
337 2044 365 2069 ἐν
386 2045 468 2079 σαρκὶ
482 2044 632 2079 περιτομὴν
644 2046 756 2080 σημεῖον
773 2044 895 2071 δεδόσθαι

103 2087 144 2123 τῷ
162 2088 287 2124 Ἀϐραὰμ
307 2090 356 2124 τῆς
382 2090 411 2117 ὲν
431 2090 599 2125 ὰκροΰυστία
623 2091 740 2122 πίστεως
760 2092 775 2117 ὁ
798 2091 896 2117 θεσπέ-

104 2143 163 2166 σιος
178 2134 283 2166 Παῦλος
310 2135 372 2170 ἔφη.
400 2135 598 2163 Διεσπούδαστο
610 2136 663 2172 γὰρ
677 2136 752 2171 αὺτῷ
770 2136 820 2172 τὴν
842 2136 896 2163 τῶν

109 2181 247 2207 Ἰουδαίων
267 2181 353 2217 ὀφρὺν
372 2182 495 2217 ἠρμένην
512 2182 580 2217 ὑψοῦ
602 2183 794 2215 κατασπάσαι,
814 2191 897 2218 προσ-

104 2226 244 2260 αποφῆναι
258 2225 285 2252 δὲ
301 2226 492 2262 πρεσϐυτέραν
504 2228 552 2262 τῆς
569 2228 598 2254 ἐν
618 2228 693 2264 νόμῳ
708 2228 896 2263 παιδαγωγίας

937 320 1003 344 esse,
1020 319 1134 348 eamque
1156 315 1304 340 Abrahamo
1324 315 1405 349 fuisse
1423 315 1501 347 dixit,
1519 323 1569 340 non
1582 323 1640 341 vero
1663 323 1723 340 car-

937 358 1022 385 nalem
1034 359 1068 391 ⁷⁸,
1084 367 1176 394 seque,
1198 368 1258 386 cum
1283 360 1351 393 ejus,
1373 365 1428 387 tum
1443 360 1526 392 Petri,
1545 367 1597 386 non
1613 360 1662 394 piis
1678 368 1724 386 vn-

937 403 1013 430 cibus
1033 404 1153 432 credere.
1187 405 1263 432 Disce
1285 413 1349 432 vero
1370 412 1476 431 rursum
1499 405 1627 439 scriptum
1651 412 1721 436 esse,

936 448 1007 482 quod
1026 448 1095 476 Deus
1109 450 1341 477 circumcisioncm
1360 450 1430 476 illam
1456 450 1589 477 carnalem
1605 451 1630 476 in
1644 454 1724 477 testa-

937 499 1056 521 mentum
1080 500 1107 522 et
1130 495 1157 522 in
1181 496 1285 530 signum
1310 496 1425 522 Abrahae
1450 495 1564 523 dederit.
1596 505 1605 521 ι
1626 496 1658 522 Et
1675 496 1724 522 hoc

936 544 978 566 est
990 544 1190 573 testamentum,
1203 542 1273 575 quod
1292 541 1464 567 conservabis
1479 541 1551 567 inter
1565 548 1607 568 me
1622 546 1649 567 et
1664 549 1720 572 vos,

936 589 964 611 et
991 586 1062 612 inter
1083 593 1173 612 semen
1197 591 1271 612 tuum
1293 587 1318 613 iu
1340 587 1526 620 generationes
1548 592 1651 613 vestras
1671 595 1677 612 :
1698 591 1725 612 et

936 630 1165 657 circuuicidemini
1193 639 1302 658 carnem
1331 631 1453 667 praeputii
1476 634 1570 664 vestri,
1589 637 1615 658 et
1631 631 1680 659 erit
1697 632 1724 658 in

936 676 1042 710 signum
1073 677 1228 704 testamenti
1254 678 1323 704 inter
1345 685 1388 705 me
1408 683 1435 705 et
1457 683 1493 710 te,
1505 684 1533 705 et
1546 679 1614 704 inter
1635 685 1676 704 me
1700 682 1730 704 et.

937 728 1030 748 semen
1045 725 1121 748 tuum
1133 722 1168 748 τ’.
1190 731 1200 747 ι
1507 725 1509 729 ·

971 815 1053 842 Addit
1066 815 1120 847 bis,
1139 815 1210 849 quod
1225 814 1284 849 ipse
1297 822 1404 848 quoque
1419 814 1543 841 Christus
1566 815 1732 841 servandam.

936 869 997 889 esse
1021 861 1106 895 legem
1121 860 1228 893 dixerit,
1242 861 1321 887 modo
1336 861 1443 894 quidem
1467 859 1507 886 bis
1521 859 1608 886 Verbis
1622 868 1628 885 :
1644 869 1652 884 ι
1669 858 1725 885 Non

937 907 997 934 veni
1017 906 1120 933 solvere
1140 905 1237 939 legem.
1257 910 1302 931 aut
1317 905 1471 938 prophetas,
1484 905 1531 932 sed
1543 905 1699 939 implere”;
1715 914 1724 928 ι

941 951 1021 978 modo
1045 958 1161 977 rursus:
1182 959 1191 975 ι
1216 949 1267 982 Qui
1291 947 1402 975 solverit
1425 957 1506 975 unum
1540 949 1572 976 de
1597 949 1728 975 mundatis

942 995 1000 1023 istis
1026 994 1156 1026 minimis,
1182 999 1208 1020 et
1231 994 1352 1020 docuerit
1381 994 1420 1020 sic
1444 994 1581 1024 homines,
1602 994 1729 1020 minimus

941 1041 1081 1068 vocabitur
1097 1041 1123 1068 in
1137 1047 1220 1074 regno
1235 1040 1364 1067 ctelorum
1376 1040 1409 1068 ³¹.
1423 1049 1432 1065 ›
1443 1039 1510 1067 Cum
1525 1040 1616 1074 igitur,
1632 1040 1729 1074 inquit,

941 1087 1100 1114 servandam
1123 1094 1183 1113 esse
1199 1086 1284 1120 legem
1314 1085 1406 1120 procul
1425 1085 1506 1112 dubio
1527 1084 1646 1119 jusserit,
1661 1089 1685 1112 et
1703 1086 1728 1111 in

941 1141 988 1161 eos
1003 1134 1047 1168 qui
1070 1133 1112 1161 vel
1128 1132 1283 1160 mandatum
1308 1139 1389 1159 unum
1410 1131 1596 1166 praetergressi
1619 1131 1730 1162 fuerint,

941 1186 1035 1214 pmnas
1066 1179 1214 1206 statuerit:
1237 1186 1294 1211 τος,
1317 1179 1362 1213 qui
1389 1183 1497 1211 ctmcta,
1524 1182 1552 1204 ut
1575 1178 1611 1204 ita
1631 1177 1729 1208 dicam,

943 1225 1126 1260 pra-tergressi
1149 1225 1225 1258 estis,
1242 1231 1322 1259 quem
1339 1223 1503 1250 defensionis
1524 1223 1631 1250 modum
1653 1230 1730 1256 repe-

943 1271 1041 1298 rietis?
1060 1271 1111 1298 Aut
1131 1271 1204 1297 enim
1228 1270 1373 1297 mentietur
1395 1269 1482 1302 Jcsus,
1503 1269 1606 1304 inquit,
1619 1273 1665 1296 aut
1684 1276 1730 1295 vos

942 1317 1020 1351 plane
1043 1317 1109 1351 legis
1124 1318 1316 1344 observatores
1331 1323 1384 1342 non
1402 1315 1479 1343 estis.

977 1405 1094 1433 Accusat
1111 1412 1160 1432 nos
1181 1409 1310 1440 praetcrea
1321 1423 1329 1435 ,
1345 1404 1416 1437 quod
1441 1410 1528 1438 neque
1544 1402 1659 1430 Sabbata
1673 1409 1731 1429 ser-

943 1459 1052 1485 vemus,
1065 1459 1151 1486 neque
1165 1458 1229 1477 vero
1245 1458 1319 1478 more
1339 1449 1492 1477 Jud:eorum
1521 1456 1618 1483 agnum
1634 1449 1730 1475 inmo-

943 1497 1037 1527 lemus,
1065 1502 1153 1529 neque
1183 1502 1262 1529 porro
1286 1501 1369 1529 panes
1399 1501 1508 1528 azymos
1539 1493 1728 1521 cumedumns;

943 1545 1044 1579 aitque,
1055 1543 1131 1570 nobis
1148 1543 1225 1577 hujus
1239 1541 1397 1569 cessationis
1412 1548 1519 1568 causam
1535 1539 1656 1567 relictam
1670 1545 1730 1565 esse

943 1597 1033 1621 unam,
1049 1589 1118 1624 quod
1134 1589 1289 1616 sacriﬁcare
1306 1595 1358 1614 non
1372 1587 1452 1613 liceat
1471 1585 1505 1613 iis
1527 1585 1572 1620 qui
1586 1585 1639 1612 sint
1653 1589 1728 1611 extra

943 1635 1101 1663 Jerusalem.

977 1682 1066 1716 Atque
1079 1681 1136 1708 bzec
1154 1680 1243 1707 omnia
1257 1679 1366 1714 quidem
1385 1679 1428 1706 ille
1450 1678 1541 1705 multis
1557 1677 1656 1704 verbis.
1675 1675 1729 1702 Nos

943 1734 1008 1755 vero
1024 1731 1162 1754 contracto
1185 1733 1272 1752 rerum
1289 1730 1368 1752 antea
1382 1725 1514 1751 dicturum
1530 1730 1620 1754 SCIISlI,
1636 1730 1730 1756 super-

943 1772 1004 1800 ﬂuis
1026 1778 1054 1800 et.
1069 1772 1207 1800 inutilibus
1240 1771 1353 1805 argutiis
1374 1771 1524 1797 orationem
1547 1769 1728 1796 liberavimus.

943 1817 1060 1845 Necesse
1080 1822 1169 1844 autem
1188 1822 1242 1848 est,
1253 1818 1359 1852 opinor.
1377 1820 1415 1847 ut,
1438 1815 1543 1849 frigidis
1554 1815 1615 1848 ejus
1626 1815 1729 1841 ratiun—

945 1864 1014 1891 culis
1028 1865 1150 1898 opposita
1167 1864 1292 1896 veritate,
1305 1871 1361 1890 rem
1385 1861 1568 1889 Christianam
1584 1866 1684 1888 temere
1698 1860 1732 1886 ab

945 1917 977 1938 eo
991 1910 1107 1938 derideri
1123 1918 1229 1937 rursum
1245 1909 1428 1936 ostendamus.

1248 1973 1431 2002 CYRILLUS.

981 2043 1121 2070 (larualem
1136 2044 1219 2077 igitur
1242 2042 1480 2070 circumcisionem
1500 2041 1667 2077 signaculum
1683 2041 1732 2067 da-

946 2093 1002 2116 tum
1015 2096 1073 2116 esse
1089 2089 1243 2117 Abraliamo
1258 2089 1329 2120 iidei,
1343 2096 1402 2122 qua
1416 2093 1459 2115 est
1473 2088 1498 2114 in
1512 2087 1652 2122 praeputio,
1665 2086 1732 2112 dixit

945 2134 1045 2161 Paulus
1065 2134 1108 2161 ille
1130 2134 1236 2161 divinus
1249 2133 1283 2160 ⁸³.
1311 2132 1482 2167 Propositum
1505 2132 1577 2160 enim
1604 2131 1684 2166 352
1707 2132 1730 2157 ei

946 2185 1005 2207 erat
1020 2179 1173 2207 Judteorum
1189 2187 1324 2215 arrogans.
1335 2179 1507 2214 supercilium
1524 2179 1685 2213 deprimere,
1702 2187 1732 2205 ac

947 2229 1059 2263 insuper
1083 2229 1239 2260 ostendere,
1262 2228 1432 2255 institutione
1453 2227 1531 2261 legali
1558 2227 1732 2254 velustiorem

103 2271 154 2305 τὴν
173 2272 202 2297 ὲν
223 2271 313 2298 πίστει
330 2271 481 2304 δικαίωσιν,
496 2270 530 2309 ἦς
548 2271 577 2300 εὗ
605 2274 678 2309 μάλα
693 2276 761 2310 φησὶ
780 2284 889 2311 τετυχη-

951 2281 1007 2302 asse
1016 2274 1234 2308 justiﬁcationem
1252 2274 1277 2301 in
1293 2273 1354 2305 lide,
1371 2281 1451 2308 quam
1468 2273 1560 2307 utique
1580 2277 1731 2300 assecutum

105 2317 184 2343 κέναι
199 2316 243 2344 τδν
262 2317 398 2353 Ἀϐραὰμ,
425 2319 475 2345 οὐκ
490 2320 519 2345 ὲν
544 2322 678 2355 περιτομῇ
702 2321 800 2355 μᾶλλον
820 2322 894 2354 ὄντα,

105 2362 162 2389 ἀλλ’
179 2363 207 2388 ἐν
221 2363 397 2399 ἀκροϐυστίᾳ.
422 2365 494 2400 Πλὴν
515 2366 539 2392 εί
557 2366 603 2392 καὶ
618 2366 744 2402 τεχνίτης
766 2366 803 2393 ὢν
827 2368 895 2400 ἄγαν

104 2409 286 2444 περιήνεγκεν
311 2410 351 2440 είς
369 2410 448 2436 τοῦτο
476 2411 525 2446 τῆς
552 2404 703 2447 περιτομῆς
730 2412 762 2438 τὸ
789 2413 894 2448 χρῆμα,

105 2454 164 2481 ἀλλ’
179 2452 225 2481 οὖν
237 2453 290 2481 οἶδε
306 2456 392 2490 αὐτὴν
415 2457 463 2482 καὶ
485 2457 580 2492 νοητοῦ
602 2458 766 2493 πράγματος
781 2467 894 2494 γεγενη-

106 2501 192 2536 μένην
207 2501 307 2528 εἰκόνα.
324 2511 332 2526 ι
345 2502 382 2528 Οὺ
398 2502 452 2537 γὰρ
465 2502 479 2528 ὁ
495 2503 523 2529 ἐν
534 2503 572 2538 τῷ
588 2504 708 2539 φανερῷ,
719 2505 811 2538 φησὶν,
831 2505 896 2530 Ἰου-

102 2545 177 2576 δαῖός
196 2546 281 2578 ἐστιν,
296 2546 356 2573 οὐδὲ
373 2548 390 2582 ἡ
417 2548 446 2573 ἐν
469 2547 508 2583 τῷ
524 2548 643 2583 φανερῷ,
664 2550 691 2576 ἐν
708 2549 800 2584 σαρκὶ,
819 2558 895 2584 περι-

102 2592 174 2627 τομή
186 2600 193 2606 ’
209 2592 266 2618 ἀλλ’
281 2594 294 2619 ὀ
310 2594 337 2619 ἐν
353 2593 392 2628 τῷ
410 2594 523 2629 κρυπτῷ
544 2594 684 2627 Ἰουδαῖος,
699 2595 746 2621 καὶ
758 2595 892 2630 περιτομὴ

103 2638 230 2673 καρδίας,
247 2639 276 2664 ὲν
295 2638 441 2673 πνεύματι,
454 2640 484 2665 οὺ
502 2640 657 2674 γράμματι,
679 2638 709 2667 οὗ
724 2639 832 2671 ἔπαινος
844 2640 894 2666 οὐκ.

104 2683 135 2715 ἐξ
156 2683 319 2718 ἀνθρώπων,
335 2684 393 2710 ἀλλ’
410 2685 443 2712 ὲκ
463 2685 510 2712 τοῦ
527 2685 604 2712 Θεοῦ.
622 2695 633 2712 ι
649 2686 718 2720 Φέρε
733 2685 798 2721 γὰρ,
815 2687 839 2712 εἰ
852 2685 894 2712 δο-

104 2729 157 2761 κεῖ,
181 2727 367 2762 βασανιζέσϐω
383 2730 452 2764 πρὸς
466 2730 545 2765 ἡμῶν
555 2731 646 2757 ὁποῖον
661 2731 695 2757 ἂν
713 2731 768 2765 ἔχοι
784 2731 862 2765 λόγον

104 2775 134 2801 ὲν
153 2775 235 2810 σαρκὶ
255 2775 399 2810 περιτομὴ,
422 2776 485 2803 ὅταν
510 2777 595 2813 αὐτῆς
619 2777 649 2803 τὸ
673 2777 802 2812 μυστικὸν
825 2777 892 2803 ἀπο-

107 2821 264 2856 στήσωμεν.
283 2821 379 2848 Καίτοι
399 2822 468 2856 πῶς,
487 2823 564 2858 εἴπερ
587 2821 620 2858 ἦν
637 2823 749 2859 ἄμεινον
773 2825 828 2855 τοῖς
848 2831 894 2849 τε·

142 2905 164 2922 ⁷³
185 2907 262 2934 Rom.
280 2915 308 2939 It,
323 2907 366 2934 ‘29.

947 2328 1006 2348 esse
1024 2321 1206 2348 Abrabamum
1226 2320 1301 2352 dicit,
1316 2327 1368 2347 non
1384 2320 1467 2354 magis
1482 2320 1508 2346 in
1529 2319 1732 2347 circumcisimic

947 2373 1008 2393 cum
1024 2371 1105 2399 esset,
1122 2373 1201 2400 quam
1217 2365 1244 2392 in
1259 2366 1397 2400 pra-pullo.
1426 2365 1522 2392 Verum
1548 2365 1610 2392 licet
1626 2372 1675 2399 pro
1689 2373 1730 2397 ea,

947 2419 999 2446 qua
1025 2412 1123 2446 pollet,
1141 2412 1270 2446 singulari
1286 2411 1412 2441 lsolertia.
1438 2411 1672 2438 circumcisionem
1700 2418 1732 2437 eo

947 2457 1125 2489 transtulerit,
1146 2458 1197 2484 scit
1225 2461 1313 2484 tamen
1339 2457 1423 2491 ipsam
1451 2463 1557 2491 quoque
1584 2455 1666 2482 fuisse
1694 2456 1731 2481 rei

948 2503 1138 2530 intellectualis
1162 2503 1315 2537 imaginem.
1345 2512 1355 2529 ι
1372 2501 1430 2529 Νοη
1446 2503 1516 2529 enim
1532 2503 1576 2536 qui
1595 2502 1620 2528 in
1644 2503 1732 2528 mani-

947 2549 1025 2581 festo,
1040 2550 1141 2583 inquit,
1153 2547 1261 2576 Judmus
1274 2553 1313 2576 est
1334 2558 1342 2576 :
1358 2556 1446 2582 neque
1465 2556 1524 2583 quzc
1536 2549 1562 2574 in
1577 2546 1730 2579 manifesto,

947 2596 973 2623 in
997 2603 1088 2627 carne,
1111 2601 1153 2623 est
1173 2595 1360 2622 circmncisio:
1385 2596 1431 2623 sed
1454 2595 1497 2628 qui
1517 2595 1542 2621 in
1564 2593 1730 2623 abscondito,

943 2640 1053 2668 Judmus
1067 2645 1109 2668 est
1129 2650 1136 2667 :
1153 2645 1180 2668 et
1195 2640 1367 2667 circumcisio
1391 2641 1479 2667 cordis
1506 2639 1532 2666 in
1553 2639 1665 2673 spiritu,
1679 2645 1730 2663 non

945 2686 1044 2718 littera,
1070 2686 1146 2720 cujus
1165 2687 1222 2714 laus
1243 2694 1294 2713 non
1320 2693 1353 2713 ex
1379 2685 1606 2718 bominibus,sed
1625 2691 1658 2711 ex
1680 2683 1732 2709 Deo

945 2736 986 2758 est
1011 2731 1044 2757 “.
1075 2740 1085 2756 ›
1122 2731 1241 2765 Agedum
1269 2731 1340 2758 enim
1366 2731 1566 2765 expendamus,
1586 2729 1609 2756 si
1635 2729 1730 2763 placet,

945 2783 1026 2811 quam
1053 2776 1184 2803 rationem
1203 2776 1326 2802 habitura
1350 2776 1385 2802 sit
1407 2774 1525 2802 carnalis
1549 2774 1592 2800 illa
1619 2774 1732 2800 circum-

945 2822 1025 2855 cisio,
1050 2829 1110 2848 cum
1145 2821 1290 2856 mysticum
1316 2821 1374 2856 ejus
1400 2827 1509 2849 sensum
1537 2820 1729 2847 amoverimus.

406 2910 427 2924 τ’
442 2910 508 2935 Gen.
530 2917 593 2942 .\\u,
620 2910 660 2942 10,
682 2910 721 2937 11.
745 2911 766 2925 ⁵³⁵
784 2910 889 2948 Mltlbn

951 2911 966 2937 ".
988 2911 1007 2926 ⁸¹
1031 2910 1094 2938 ibid.
1119 2909 1158 2937 19.
1182 2910 1203 2925 δ’
1223 2909 1301 2937 Rom.
1319 2917 1356 2942 tv,
1379 2910 1420 2938 Η.
1442 2910 1463 2926 ⁸⁸
1482 2909 1559 2937 Rom.
1579 2918 1609 2942 II,
1628 2909 1680 2940 :28,
1696 2912 1730 2936 :1)
