1894 3056
215 204 282 231 1043

725 207 755 236 S.
774 208 912 238 CYRILLI
931 211 1167 239 ALEXANDRINI
1188 210 1348 239 ARCHlEP.

1782 213 1845 241 10M

214 261 281 288 Nam
301 261 323 288 si
340 261 402 288 viris
420 261 505 289 satius
524 265 584 289 erat
605 263 756 291 membrum
781 265 847 292 illud
875 265 997 301 corporis

1052 267 1142 293 λοῦσιν
1159 268 1188 293 ὲν
1203 267 1315 302 ἀνδράσι
1330 267 1360 293 τὸ
1373 267 1528 294 παιδοποιδν
1541 267 1589 295 τοῦ
1604 268 1738 303 σώματος
1754 269 1845 304 μόριον

214 307 286 341 quod
304 311 394 341 aptum
412 312 453 334 est
466 307 558 336 liberis
582 310 767 343 procreandis,
786 312 1003 340 circuntcistonis

214 352 328 379 turmam
353 352 489 387 prmferre,
510 357 538 380 et
559 355 716 389 praeputium
742 356 878 383 damnavit
910 356 1000 385 Deus:

213 397 308 432 quidni
323 398 411 431 potius
425 398 511 433 ipsum
527 399 560 426 ad
576 407 651 427 suam
668 405 784 428 mentem
802 401 928 429 formavit
950 403 1003 430 ini-

215 444 270 470 tio?
297 443 341 470 Est
354 448 380 471 et
400 443 450 471 alia
468 444 547 473 ratio.
569 444 597 472 In
612 447 768 479 corporibus
788 447 914 475 humanis
940 456 1003 483 qum

216 489 308 516 tnorbo
323 489 415 516 vitiata
431 497 486 517 non
502 495 574 523 sunt,
594 491 659 518 nihil
672 492 752 526 plane
768 493 858 520 videre
871 498 911 521 est
929 496 1000 528 quod

215 540 262 561 aut
283 536 411 566 abundet,
433 542 480 564 aut
505 537 622 570 deﬁciat,
644 539 691 566 sed
719 540 808 566 omnia
835 540 950 575 perfecta
963 546 1002 575 ,οι

215 580 370 613 utilissima,
387 587 413 608 et
429 583 580 610 necessaria
603 589 716 616 natura;
734 585 801 612 adeo
819 590 849 613 ut
872 593 931 613 meo
953 586 999 621 ju-

215 623 286 651 dicio
301 631 335 651 ne
356 630 426 652 recta
442 626 548 659 quidem
572 631 672 658 essent,
686 628 737 654 nisi
762 629 852 656 omnia
872 630 1001 657 adessent

216 678 275 704 qua:
288 676 351 697 sunt
368 671 406 698 eis
423 671 524 699 innata.
546 673 585 698 An
610 673 699 708 igitur,
718 674 782 708 quid
798 675 862 702 utile
875 679 902 702 et
919 676 1000 703 deco-

217 723 275 742 rum
295 716 341 747 sit,
360 716 454 751 Opiter
468 725 521 744 nott
539 719 633 750 tenuit,
649 724 675 746 et
695 720 721 746 in
738 720 796 747 solo
813 728 926 754 corpore
948 722 999 748 ltu-

217 769 297 788 mano
311 762 455 790 frustratus
469 767 519 796 est,
537 764 597 792 licet
613 765 692 792 aliam
708 766 830 800 quamvis
847 772 998 794 creaturam

216 808 271 834 suis
284 808 402 836 numeris
434 810 582 836 absolutam
598 819 650 845 qua
665 810 736 838 Deus
751 812 920 839 condiderit?
936 813 1000 846 Quae

216 853 300 888 igitur
314 854 415 881 utilitas
429 862 462 882 ex
476 855 705 883 circumcisione?
718 858 757 884 An
772 857 841 885 forte
861 859 999 892 proferet)!

216 899 324 932 quidam
339 901 476 935 vulgarem
493 901 562 929 hanc
577 907 604 928 et
624 902 761 930 ridiculam
779 911 898 935 causam.
917 912 997 939 quam

1054 312 1083 337 ἐν
1095 311 1134 346 τῷ
1149 312 1199 346 τῆς
1213 313 1362 348 περιτομῆς
1374 312 1445 347 ἔχειν
1461 313 1591 348 σχήματι,
1604 314 1652 339 καὶ
1667 312 1844 348 διαόέόληται

1053 357 1128 392 ποιρά
1145 357 1204 392 Θεῷ
1218 358 1234 393 ἡ
1246 357 1412 393 ἀκροϐυστία
1424 366 1431 373 ⁸
1451 357 1478 384 τί
1493 357 1530 393 μή
1550 358 1652 391 μᾶλλον
1667 359 1751 385 αὑτὸν
1776 360 1846 385 κατὰ.

1051 403 1082 429 τὸ
1107 403 1182 438 αὐτῷ
1205 403 1300 430 δοκοῦν
1322 403 1582 439 πεπλαστούργηκεν
1606 405 1634 431 ἐν
1649 404 1772 440 ἀρχαίς;
1790 405 1844 431 Καὶ

1053 448 1113 475 καθ’
1121 449 1212 484 ἕτερον
1219 449 1247 476 δὲ
1256 449 1370 484 τρόπον·
1390 450 1434 476 Ἐν
1453 451 1509 481 τοῖς
1521 450 1703 486 ἀνθρωπίνοις
1718 451 1843 486 σώμασιν

1051 494 1101 520 οὐκ
1115 494 1289 529 ἠδικημένοις
1303 495 1335 521 ἐκ
1348 495 1461 527 πάθους,
1481 496 1558 522 οὐδὲν
1573 497 1603 523 τὸ
1618 497 1752 532 παράπαν
1769 498 1843 524 ἔστιν

1054 540 1127 571 ἰδεῖν,
1153 539 1169 574 ἢ
1197 540 1331 575 περιττῶς
1354 540 1425 575 ἔχον,
1445 542 1461 576 ἢ
1479 541 1682 574 ὲλλελοιπότως,
1708 543 1793 578 ἄρτια
1815 544 1843 570 δὲ

1051 585 1140 611 πάντα
1166 586 1211 611 καὶ
1231 586 1430 620 χρειωδὲστατα
1456 587 1503 613 καὶ
1523 588 1659 621 ἀναγκαῖα
1687 589 1721 623 τῇ
1748 589 1842 622 φύσει·

1051 631 1132 664 ὥστε,
1149 631 1219 657 κατά
1237 640 1269 665 γε
1293 631 1323 658 τὸ
1343 632 1418 667 αὐτῷ
1441 641 1486 667 μοι
1510 633 1614 665 δοκοῦν,
1630 633 1686 660 οὐδ’
1706 634 1739 660 ἂν
1762 634 1843 669 ἔσχεν

1051 675 1149 711 ὀρθῶς,
1167 677 1190 702 εί
1206 678 1242 711 μὴ
1261 677 1367 712 προσῆν
1390 677 1497 704 ἅπαντα
1512 678 1579 714 αὐτῇ
1593 679 1627 705 τὰ
1650 679 1840 712 ἐκπεφυκότα.

1051 720 1115 757 Ἆρ’
1137 720 1184 748 οὖν
1208 722 1352 757 ἡμάρτηκε
1371 723 1418 749 τοῦ
1443 723 1580 758 χρησίμου
1595 724 1641 750 καὶ
1657 724 1809 757 πρέποντος
1827 726 1841 750 δ

1051 769 1235 803 Δημιουργὸς,
1255 769 1301 795 καὶ
1319 769 1383 804 περὶ
1409 769 1488 804 μόνον
1501 770 1530 796 τὸ
1554 769 1723 806 ἀνθρώπινον
1739 770 1841 804 ἐσφάλ-

1051 815 1111 840 λετο
1128 815 1217 849 σῶμα,
1242 815 1330 841 καίτοι
1348 815 1397 850 τὴν
1413 815 1496 850 ἄλλην
1511 816 1618 842 ἃπασαν
1633 816 1723 842 κτίσιν
1736 817 1841 851 ἀρτίως

1050 869 1080 887 τε
1097 861 1143 886 καὶ
1160 861 1369 895 ἀνεπιπλήκτως
1387 861 1501 896 ἔχουσαν
1515 862 1582 896 πρὸς
1595 863 1648 888 πᾶν
1662 861 1752 888 ὁτιοῦν
1769 862 1840 888 ἀπο-

1053 906 1195 940 σχεδιάσας
1209 906 1247 938 ὼς
1260 906 1345 939 Θεός;
1362 908 1441 934 Ποῖον
1462 905 1508 934 οὖν
1523 907 1575 942 ἄρα
1592 908 1622 933 τὸ
1635 908 1666 933 ὲκ
1687 906 1735 933 τοῦ
1757 915 1839 941 περι-

215 943 323 973 Judaaos
343 951 370 973 et
390 946 522 974 idolorum
543 947 660 975 cultores
682 949 708 976 in
723 957 770 976 ore
790 951 889 977 habere
908 950 997 986 perhi-

1052 950 1197 986 τέμνεσθαι
1225 955 1376 987 χρήσιμονς
1400 952 1435 978 Ἢ
1460 952 1530 987 τάχα
1559 961 1610 978 που
1638 952 1840 987 προδαλοῦνταὶ

216 990 301 1017 bent?
315 990 349 1018 Ut
362 991 444 1023 enim,
459 991 593 1026 inquiunt,
609 993 733 1020 sordibus
745 998 772 1020 et
787 994 999 1028 inquinamentis

216 1037 332 1064 solutum
357 1045 455 1072 corpus
480 1044 617 1070 cernatur,
641 1039 692 1066 illis
715 1044 818 1067 natura:
839 1041 1000 1074 tegumentis

216 1083 346 1111 denudari
365 1084 512 1112 membrum
527 1092 638 1112 necesse
654 1089 706 1112 est.
737 1085 789 1113 Sed
801 1086 915 1113 dixerim
939 1087 1000 1114 illos

217 1129 332 1157 maxime
348 1137 471 1164 peccare,
486 1138 547 1157 cum
563 1136 687 1158 naturam
711 1132 860 1166 increpant,
878 1140 937 1167 quae
954 1141 999 1160 sn-

215 1175 345 1211 perﬂttum
365 1185 397 1204 ac
414 1178 506 1205 inutile
520 1178 585 1205 nihil
602 1178 693 1210 habet,
710 1179 756 1205 sed
769 1183 830 1212 apte
849 1183 875 1205 et
887 1179 999 1206 honeste

216 1224 333 1258 contegit
349 1224 431 1251 etiam
459 1224 485 1251 id
500 1225 570 1259 quod
589 1229 666 1258 turpe
678 1225 876 1259 quodammodo
893 1226 998 1252 videtur

214 1277 287 1297 esse.
302 1270 492 1298 Verumtamen
508 1272 530 1299 si
545 1273 667 1299 carnales
687 1272 856 1306 impuritates
871 1272 999 1298 decenter

213 1315 329 1350 fugiunt,
358 1317 491 1351 quomodo
522 1324 630 1345 carnem
667 1318 756 1344 ferunt
776 1321 803 1345 et
833 1325 865 1344 ea
897 1324 957 1352 qua:
982 1324 997 1343 a

214 1372 296 1391 carne
321 1368 393 1398 sttttt,
421 1365 562 1400 ipsumque
578 1365 651 1392 intus
667 1364 834 1391 reconditum
850 1363 998 1398 gignendo-

214 1417 273 1436 rum
287 1410 430 1438 liberorum
446 1411 564 1438 fontem?
585 1410 675 1438 Satius
690 1411 761 1438 enim
773 1414 845 1437 esset
863 1409 935 1443 ipsos
948 1409 998 1436 im-

215 1457 342 1490 puritatis
359 1457 439 1493 353
451 1457 539 1485 fontes
558 1459 688 1485 audacter
703 1457 823 1492 aggredi,
840 1463 921 1491 quam
939 1455 997 1489 ejus

214 1508 318 1529 meatus
336 1503 500 1530 sectionibus
525 1503 632 1530 laedere.
656 1503 707 1530 Sed
722 1511 774 1530 non
793 1503 915 1537 inquinat
936 1502 996 1528 ani-

214 1556 286 1575 mum
307 1553 401 1575 natura
419 1549 551 1583 corporis,
580 1548 641 1576 licet
657 1549 713 1575 suis
729 1547 918 1582 progrediatur
932 1546 997 1580 legi-

213 1595 273 1621 bus.
292 1594 427 1622 Frivolum
446 1599 487 1622 est
503 1595 594 1629 igitur,
621 1601 730 1628 propter
745 1593 868 1621 carnales
882 1592 976 1619 sordes
987 1613 994 1624 ,
1009 1610 1030 1638 ε

214 1646 244 1669 ιιι
258 1640 381 1669 Julianus
403 1642 451 1675 ait,
469 1641 636 1669 circumcidi.
659 1640 719 1668 Jam
740 1640 804 1675 quid
826 1640 864 1667 rei
887 1644 928 1666 est.
951 1639 995 1665 illa

212 1687 384 1714 circumcisio
393 1686 494 1719 ‘Pdvicet,
508 1687 614 1722 opinor,
628 1686 734 1720 aliquis.
746 1686 818 1712 Bona
835 1693 889 1715 res.
899 1685 994 1716 amice,

213 1736 241 1761 et
253 1732 335 1764 utilis,
361 1732 384 1759 si
400 1736 478 1767 typus
504 1732 631 1759 credatur
653 1739 715 1758 esse
740 1731 779 1758 rei
797 1730 994 1758 intellectualis.

212 1776 399 1813 lmprobarum
435 1785 550 1812 namque
587 1777 726 1805 libidinum
755 1781 782 1804 et
817 1777 995 1810 voluptatum,

212 1832 266 1860 qua
299 1825 423 1852 humana:
446 1824 530 1851 menti
551 1824 692 1854 incubant,
721 1823 904 1858 depulsionem
933 1821 997 1850 sub-

213 1870 310 1902 innuit,
335 1878 385 1905 per
415 1874 538 1897 sanctum
562 1868 692 1903 Spiritum
713 1869 740 1895 in
763 1869 840 1895 nobis
858 1873 994 1902 operatur.

212 1915 364 1942 lnnumerm
377 1915 449 1942 enim
471 1915 622 1950 voluptates
642 1920 758 1942 mentem
779 1914 896 1941 hominis
909 1913 997 1940 ludiﬁ-

214 1966 287 1994 cant,
309 1962 407 1996 partim
428 1961 537 1995 qttidem
562 1961 595 1988 ad
609 1960 730 1995 corporis
752 1967 871 1987 amorem
895 1960 996 1994 impel-

214 2006 305 2038 lendo,
323 2007 420 2041 partim
438 2007 471 2034 ad
488 2006 581 2034 molles
601 2010 626 2034 et
640 2013 724 2033 vanas
738 2005 859 2037 delicias,
880 2005 913 2032 ad
935 2012 998 2032 ava-

215 2053 304 2080 ritiam
319 2053 475 2086 immanem,
494 2053 527 2080 ad
549 2052 636 2080 fastus
653 2053 773 2084 insanos.
792 2056 880 2087 atque,
898 2056 928 2079 ut
944 2059 998 2079 uno

214 2099 298 2127 verbo
313 2099 412 2132 dicam,
429 2100 462 2126 ad
484 2106 565 2126 omne
583 2106 668 2133 genus
687 2106 776 2125 rerum
801 2098 996 2132 improborum,

215 2154 279 2182 qua.
298 2146 354 2181 ipsa
375 2152 482 2180 quoque
496 2144 633 2171 damnavit
647 2144 688 2171 lex
706 2144 808 2171 divina.
825 2144 865 2171 Ab
881 2143 923 2170 his
937 2151 996 2170 om-

215 2191 293 2218 nihtts
318 2198 366 2217 nos
391 2190 478 2216 sancti
496 2189 612 2224 Spiritus
635 2188 721 2222 gratia
746 2187 853 2221 liberat,
879 2192 996 2214 mentem

215 2238 379 2268 inhabitans,
393 2236 423 2262 'et
435 2243 513 2262 omne
525 2243 610 2270 genus
625 2235 788 2269 impttritatis
801 2233 998 2269 quodammodo

213 2283 356 2310 abradens.
385 2281 448 2309 Harc
475 2286 514 2309 est
548 2281 601 2308 Deo
627 2281 779 2316 gratissima
812 2279 994 2307 circumcisio.
1012 2276 1035 2305 D

214 2328 290 2357 Unde
308 2329 438 2363 propheta
449 2327 581 2355 Jeremias
594 2326 711 2358 .ludteos,
729 2326 827 2361 quibus
841 2325 911 2353 haud
927 2325 996 2352 tnttl-

214 2380 269 2401 tum
298 2382 370 2401 cura:
392 2378 450 2400 erat
472 2378 603 2408 praecepta
621 2373 686 2408 legis
709 2372 831 2407 implere,
845 2371 997 2405 alloqueba-

212 2424 267 2451 tur,
280 2419 372 2446 dicens
390 2427 396 2445 :
415 2427 425 2444 α
443 2417 674 2445 Circumcidimini
692 2417 756 2450 Deo,
776 2417 998 2444 etcircumcidite

214 2465 340 2492 duritiem
361 2464 449 2492 cordis
463 2464 557 2498 vestri,
581 2463 632 2490 viri
648 2463 727 2497 Juda,
743 2469 770 2491 et
782 2463 826 2498 qui
842 2463 998 2490 inhabitatis

211 2510 361 2538 Jerusalem
377 2510 410 2537 ⁸⁸.
436 2519 446 2536 ›
464 2509 597 2543 Quocirca
625 2517 704 2537 nemo
729 2509 903 2541 dubitaverit,
926 2511 998 2544 quod

213 2557 235 2583 si
252 2557 313 2591 quis
331 2556 411 2591 plane
424 2556 507 2583 animi
532 2556 782 2590 perturbationibus
800 2555 937 2588 liberetttr,
955 2556 999 2583 hic

213 2602 307 2636 utique
331 2602 388 2629 Deo
401 2602 489 2636 potius
507 2609 588 2637 quam
612 2602 772 2636 simpliciter
788 2609 870 2629 carne
881 2602 999 2629 circum-

212 2648 330 2675 ciditur:
345 2648 416 2683 quod
438 2652 513 2674 certe
525 2656 586 2675 cttm
609 2648 643 2675 ab
665 2647 795 2675 lsraelitis
812 2647 870 2675 ﬁeri
883 2647 998 2674 universi

214 2693 285 2720 Deus
313 2694 369 2728 pati
392 2701 446 2720 non
470 2698 572 2728 posset,
597 2693 646 2721 hos
668 2695 842 2721 vehementer
867 2693 999 2728 increpat,

214 2739 325 2766 dicens:
355 2749 365 2765 ‹
390 2739 491 2767 Omnes
516 2745 609 2775 gentes
634 2740 829 2767 incircumcisa:
853 2747 946 2772 carne,
961 2744 1000 2775 yet

213 2785 303 2812 omnis
317 2785 413 2813 domus
427 2785 508 2813 Israel
524 2786 710 2814 incircumcisa
727 2786 853 2814 cordibus
867 2787 923 2814 suis
939 2786 972 2812 ⁸³.
987 2796 995 2812 ι

215 2828 281 2857 Item
306 2831 405 2859 alicubi
430 2839 478 2866 per
496 2839 589 2860 vocem
614 2831 756 2860 Jeremim:
782 2843 791 2859 ι
811 2833 850 2861 Ad
868 2841 946 2868 quem
959 2833 998 2861 lo-

252 2908 275 2924 “
294 2908 393 2936 Jerem.
411 2917 448 2943 tv,
461 2910 488 2937 ι.
526 2911 548 2926 ³⁵
565 2911 663 2939 Jerem.
683 2921 719 2945 tx,
741 2912 784 2939 ‘26.

1050 1006 1122 1029 τινες
1138 997 1184 1023 τὸν
1208 998 1296 1024 κοινὸν
1322 998 1427 1024 τουτονὶ
1451 999 1499 1024 καὶ
1523 999 1727 1032 καταγέλαστον
1745 998 1838 1032 λόγον.

1049 1043 1079 1070 ὃν
1095 1043 1127 1079 δή
1149 1052 1215 1078 φασι
1240 1044 1304 1075 τοὺς
1325 1043 1381 1070 τῶν
1400 1044 1534 1071 Ἰουδαίων
1558 1044 1764 1080 ἀμαθεστέρους
1791 1044 1839 1070 καὶ

1049 1091 1112 1121 τοὺς
1132 1090 1186 1117 τῶν
1203 1089 1318 1116 είδώλων
1337 1089 1506 1125 θεραπευτὰς
1528 1090 1572 1116 διὰ
1591 1090 1716 1126 γλώττης
1743 1090 1837 1124 ἕχεινς

1050 1136 1107 1162 Ἵνα
1121 1136 1186 1171 γὰρ,
1203 1136 1279 1170 φασὶ,
1296 1136 1458 1172 μιασμάτων
1472 1137 1519 1163 καὶ
1536 1136 1629 1172 ρύπων
1644 1135 1699 1162 τῶν
1713 1135 1838 1170 φυσικῶν

1048 1182 1258 1217 ἀπηλλαγμένον
1274 1182 1361 1217 ὁρῷτο
1382 1183 1413 1209 τὸ
1430 1182 1520 1217 σῶμα,
1541 1182 1644 1217 γυμνὸν
1658 1182 1713 1208 τῶν
1728 1182 1761 1208 ἐκ
1787 1180 1838 1215 φύ-

1049 1237 1118 1260 σεως
1129 1229 1331 1264 ἁμφιασμὰτων
1342 1228 1372 1255 τὸ
1389 1229 1483 1265 μόριον
1496 1226 1566 1255 εἶναι
1578 1229 1642 1264 χρή.
1654 1227 1740 1263 Φαίην
1755 1227 1780 1254 δ’
1792 1228 1837 1259 ἂν,

1047 1274 1087 1300 ὅτι
1108 1274 1226 1308 μάλιστα
1247 1274 1296 1309 μὲν
1320 1274 1472 1305 ἀδικοῦσιν,
1489 1274 1670 1309 ἐπιτιμῶντες
1688 1275 1722 1308 τῇ
1742 1273 1836 1307 φύσει,

1049 1320 1175 1355 περιττὸν
1199 1320 1299 1356 ἐχούσῃ
1323 1320 1371 1347 καὶ
1389 1320 1460 1355 ὑπὲρ
1487 1320 1582 1355 χρείαν
1607 1319 1693 1351 οὐδὲν,
1710 1319 1769 1345 ἀλλ’
1793 1319 1833 1345 εὑ-

1049 1366 1191 1401 σχημόνως
1207 1366 1376 1402 ἀμφιεννύσῃ
1399 1367 1446 1393 καὶ
1461 1367 1491 1393 τὸ
1510 1366 1606 1393 δοκοῦν
1631 1364 1701 1393 εἷναί
1717 1375 1777 1398 πως
1792 1367 1837 1392 αι-

1048 1412 1140 1446 σχρὸν.
1176 1411 1248 1447 Πλὴν
1285 1413 1309 1438 εί
1337 1410 1480 1446 φεύγουσιν
1517 1410 1659 1446 ἀραρότως
1700 1410 1836 1445 σαρκικὰς

1046 1457 1238 1493 ἀκαθαρσίας,
1275 1457 1333 1488 πιῖις
1372 1457 1513 1492 ἀνέχονται
1541 1456 1662 1492 σαρκὸς,
1694 1456 1742 1482 καὶ
1780 1455 1836 1482 τῶν

1047 1503 1094 1530 ἀπ’
1124 1503 1227 1538 αὐτῆς,
1252 1503 1300 1529 καὶ
1326 1503 1418 1538 πηγῆς
1443 1503 1600 1530 παιδοποιοῦ
1627 1503 1678 1537 τῆς
1707 1503 1762 1528 ἔσω
1789 1511 1835 1528 κε-

1047 1549 1228 1585 κρυμμένης;
1252 1549 1326 1575 Ἔδει
1348 1549 1401 1584 γὰρ
1442 1549 1542 1583 μᾶλλον
1574 1549 1617 1575 ἐπ’
1648 1548 1734 1579 αὑτὰς
1767 1548 1836 1574 ίέναι

1047 1595 1155 1631 θερμῶς
1172 1595 1220 1627 τὰς
1232 1595 1279 1630 τῆς
1291 1595 1459 1629 ἀκαθαρσίας
1475 1594 1576 1630 πηγὰς,
1590 1595 1620 1621 ού
1632 1594 1665 1621 τὰ
1685 1594 1718 1620 δι’
1733 1591 1772 1621 ὧν
1788 1594 1834 1628 ἑρ-

1047 1650 1124 1678 χεται
1145 1641 1240 1668 λυπεῖν
1263 1643 1323 1673 ταῖς
1337 1641 1510 1676 ἀποτομίαις.
1533 1641 1602 1667 Ἀλλ’
1616 1641 1647 1667 οὺ
1665 1640 1769 1675 μιαίνει
1783 1641 1835 1675 ψο-

1047 1689 1097 1724 χὴν
1109 1689 1125 1723 ὴ
1143 1688 1189 1714 τοῦ
1208 1687 1333 1721 σώματος
1347 1687 1437 1721 φύσις,
1451 1687 1502 1713 κᾶν
1515 1687 1559 1713 διὰ
1569 1686 1622 1712 τῶν
1641 1686 1713 1712 ἰδίων
1728 1686 1835 1721 ἔρχοιτο

1046 1734 1146 1769 νόμων.
1162 1734 1271 1760 Είκαῖον
1286 1731 1332 1760 οῦν
1348 1733 1402 1768 ἀρα
1421 1732 1450 1759 τὸ
1465 1731 1676 1767 περιτέμνεσθαι
1693 1731 1834 1766 σαρκικῶν

1047 1780 1128 1806 ἕνεκα
1150 1779 1253 1813 ρύπων,
1266 1779 1335 1806 καθά
1355 1788 1436 1814 φησιν
1451 1779 1541 1810 αὐτός.
1559 1776 1625 1805 Εἶτα
1639 1778 1666 1804 τί
1686 1777 1717 1804 τὸ
1739 1777 1835 1813 χρῆμα

1047 1827 1096 1860 τῆς
1121 1826 1286 1861 περιτομῆς;
1306 1825 1372 1860 φαίη
1396 1823 1540 1860 ἃν,οῖμαι,
1567 1824 1619 1856 τίς.
1642 1824 1732 1850 Καλόν
1754 1832 1797 1858 γε,
1813 1821 1835 1850 ὦ

1046 1872 1108 1901 τᾶν,
1123 1871 1169 1898 καὶ
1183 1871 1354 1906 ὀνησιφόρον,
1369 1871 1393 1897 εἰ
1406 1871 1490 1902 τύπος
1504 1868 1574 1897 εἶναι
1589 1869 1743 1896 πιστεύοιτο
1763 1870 1837 1905 ττρά-

1047 1926 1151 1953 γματος
1169 1917 1276 1953 νοητοῦ.
1289 1917 1349 1943 Τῶν
1364 1917 1416 1952 γὰρ
1431 1917 1553 1943 ἐκτόπων
1575 1916 1730 1951 ἐπιθυμιῶν
1742 1924 1771 1942 τε
1790 1916 1836 1942 καὶ

1047 1963 1158 1998 ἡδονῶν,
1181 1963 1263 1998 αἴπερ
1292 1963 1326 1990 ἂν
1339 1963 1403 1990 ἴοιεν
1431 1964 1472 1994 εἰς
1498 1962 1560 1989 νοῦν
1582 1962 1628 1988 τὸν
1653 1961 1834 1997 ἀνθρώπινον,

1048 2009 1210 2044 ἀπεμπολὴν
1225 2009 1423 2037 ὑπαινίττεται.
1438 2009 1472 2044 ἣν
1483 2009 1528 2035 διὰ
1541 2007 1589 2035 τοῦ
1603 2008 1682 2042 ἁγίου
1705 2007 1834 2042 Πνεύμα-

1047 2065 1092 2088 τος
1106 2057 1133 2082 ἐν
1146 2057 1211 2091 ἡμῖν
1227 2056 1381 2091 ἐργάζεται.
1396 2055 1500 2088 Μυρίαι
1513 2055 1568 2090 γὰρ
1581 2055 1642 2081 ὅσαι
1662 2054 1709 2080 τὸν
1730 2052 1835 2088 ἀνθρὼ-

1048 2110 1125 2129 πινον
1140 2102 1201 2128 νοῦν
1215 2102 1461 2136 καταγοητεύουσιν
1478 2100 1582 2136 ἡδοναὶ,
1597 2100 1676 2127 τοῦτο
1694 2100 1743 2135 μὲν
1767 2100 1835 2125 ἀπο-

1049 2149 1181 2184 φέρουσαι
1200 2149 1268 2184 πρὸς
1290 2148 1481 2183 φιλοσαρκίαν,
1494 2146 1574 2173 τοῦτο
1588 2146 1616 2172 δὲ
1632 2145 1699 2180 πρὸς
1717 2145 1836 2180 τεθρυμ-

1051 2196 1133 2230 μὲνας
1148 2203 1177 2221 τε
1196 2195 1242 2221 καὶ
1255 2194 1394 2230 ὲξιτήλους
1415 2193 1531 2229 τρυφὰς,
1547 2193 1587 2223 είς
1602 2191 1777 2226 φιλοκερδίας
1791 2191 1836 2216 ὲκ-

1049 2240 1156 2272 τόπους,
1170 2241 1209 2270 είς
1232 2239 1361 2274 ἀνοήτους
1385 2237 1577 2273 φιλοκομπίας.
1599 2237 1646 2262 καὶ
1669 2235 1836 2268 ἁπαξαπλῶς

1049 2288 1089 2318 εἰς
1104 2288 1157 2313 πᾶν
1173 2283 1241 2317 εἶδος
1259 2285 1430 2322 πραγμάτων
1447 2283 1710 2319 κεκιϐδηλευμένων,
1732 2280 1771 2310 ὧν
1791 2284 1836 2310 καὶ

1048 2333 1129 2364 αὐτὸς
1149 2333 1164 2358 ὁ
1185 2331 1256 2363 Θεῖος
1274 2331 1459 2366 κατηγόρευσε
1476 2330 1566 2365 νόμος.
1585 2329 1694 2356 Τούτων
1709 2329 1836 2355 ἁπάντων

1049 2379 1122 2414 ἡμᾶς
1144 2378 1160 2413 ἡ
1179 2377 1226 2404 τοῦ
1245 2377 1322 2411 ἁγίου
1337 2377 1495 2411 Πνεύματος
1511 2375 1674 2403 ἀπαλλάττει
1691 2376 1783 2410 χάρις,
1797 2375 1836 2400 ὲν-

1049 2424 1200 2451 οικισθεῖσα
1214 2423 1253 2458 τῷ
1266 2423 1314 2458 νῷ,
1331 2424 1377 2450 καὶ
1400 2423 1584 2458 ἀποκείρουσά
1603 2431 1661 2454 πως
1682 2419 1755 2453 εἶδος
1768 2423 1836 2449 ἀκα-

1051 2470 1176 2505 θαρσίας.
1196 2468 1270 2505 Αῦτη
1294 2469 1333 2505 τῷ
1358 2469 1417 2504 Θεῷ
1442 2469 1586 2504 φιλαιτάτη
1612 2468 1760 2504 περιτομή.
1784 2468 1837 2494 Καὶ

1053 2516 1118 2550 γοῦν
1137 2517 1152 2542 ὁ
1176 2516 1320 2551 προφήτης
1342 2515 1477 2550 Ἱερεμίας
1499 2516 1555 2546 τοῖς
1576 2514 1709 2541 Ἰουδαίων
1732 2514 1835 2550 δήμοις,

1052 2561 1130 2594 ὀλίγα
1149 2560 1341 2595 πεφροντικόσι
1354 2560 1401 2587 τοῦ
1424 2560 1523 2596 χρῆναι
1545 2559 1665 2595 πληροῦν
1681 2559 1717 2586 τὰ
1732 2567 1837 2594 νενομι-

1054 2606 1152 2641 σμένα,
1163 2605 1298 2639 διελέγετο
1311 2605 1410 2640 λέγων·
1427 2615 1436 2630 t
1448 2604 1638 2640 Περιτμὴθητε
1653 2604 1693 2639 τῷ
1707 2604 1778 2639 Θεῷ.
1793 2604 1837 2630 καὶ

1053 2650 1251 2686 περιτέμνεσθε
1283 2650 1332 2686 τὴν
1361 2650 1576 2686 σκληροκαρδίαν
1614 2650 1712 2684 ὑμῶν,
1744 2650 1836 2684 ἄνδρες

1056 2695 1152 2729 Ἰούδα,
1172 2697 1219 2723 καὶ
1240 2697 1265 2723 oi.
1291 2697 1478 2728 κατοικοῦντες
1503 2696 1692 2732 Ἰερουσαλήμ.
1710 2705 1720 2721 ι
1736 2695 1837 2722 Οὐκοῦν

1050 2742 1211 2769 ἐνδοιάσειεν
1227 2742 1260 2769 ἂν
1273 2743 1371 2774 οὐδεὶς,
1385 2742 1423 2774 ὡς
1435 2742 1513 2777 εῐπερ
1528 2750 1570 2773 τις
1581 2741 1650 2773 ὅλως
1663 2741 1720 2768 τῶν
1731 2742 1761 2768 ὲν
1773 2750 1837 2776 καρ-

1048 2788 1093 2824 δίᾳ
1108 2788 1202 2816 παθῶν
1219 2788 1425 2821 ἀπαλλάττοιτο,
1442 2788 1456 2814 ὁ
1469 2787 1588 2819 τοιοῦτος
1601 2785 1630 2814 εὗ
1645 2787 1719 2823 μάλα
1730 2787 1769 2823 τῷ
1780 2787 1835 2821 Θεῷ

1051 2834 1160 2869 μᾶλλον,
1180 2835 1225 2862 καὶ
1240 2835 1270 2863 οὐ
1283 2835 1368 2870 ψιλῶς
1381 2836 1414 2870 τῇ
1437 2835 1530 2871 σαρκὶ,
1549 2834 1793 2871 περιτέμνεται.’0
1805 2834 1833 2867 δὴ
