1894 3056
99 202 175 230 10ἶὸ

689 208 827 236 CONTRA
846 208 1019 237 JULlAiVUM
1039 208 1103 237 LIB.
1125 210 1158 237 Χ.

1664 210 1731 236 1046

95 261 149 288 καὶ
170 261 237 297 δρᾷν
260 261 310 288 οὐχ
334 261 498 297 ἀνεχόμενος
516 264 578 296 τοὺς
593 264 622 298 ἐξ
639 266 756 302 Ἰσραὴλ,
777 268 806 294 ὲν
821 268 890 303 αἰτίᾳ

947 276 1024 302 quar,
1045 274 1072 296 et
1086 268 1276 300 contestabor,
1294 271 1321 295 et
1335 265 1478 293 exaudiet?
1496 265 1565 292 Ecce
1586 265 1732 292 incircum-

94 307 186 342 πολλῇ
202 309 317 334 ποιεῖται
331 307 417 342 λέγων
441 309 455 335 ὁ
474 309 527 335 τῶν
543 310 612 337 ὅλων
627 311 702 343 Θεὸς,
719 313 761 339 ὅτι
776 323 784 339 ι
802 314 894 340 Πάντα

94 352 136 379 τὰ
150 353 214 389 ἔθνη
235 353 410 389 ἀπερίτμητα
435 356 528 391 σαρκὶ,
546 357 594 384 καὶ
616 359 670 390 πᾶς
694 357 768 391 οἶκος
786 360 894 395 Ἰσραὴλ

95 399 290 435 ἀπερίτμητος
307 401 431 436 καρδίαις
447 402 546 430 αὐτῶν.
563 413 572 428 ι
588 405 660 439 Ἔφη
673 405 702 432 δέ
716 415 766 432 που
787 407 833 432 καὶ
850 406 894 432 διὰ

96 446 195 480 φωνῆς
211 446 358 482 Ἱερεμίου·
378 456 386 472 t
403 448 473 482 Πρὸς
487 448 548 475 τίνα
564 449 682 486 λαλήσω,
703 452 749 478 καὶ
774 453 893 487 διαμαρ-

99 491 242 527 τύρωμαι,
262 492 308 518 καὶ
325 492 489 526 ἁκούσεται;
508 495 573 521 ’ἰδοὺ
595 496 771 531 ἀπερίτμητα
789 498 823 524 τὰ
838 495 894 524 ὦτα

95 537 204 569 αὐτῶν,
219 538 266 565 καὶ
287 538 318 565 οὑ
336 538 461 566 δύνανται
480 540 600 567 ἀκούειν.
618 551 627 567 ι
647 543 702 568 Καὶ
721 542 773 577 μὴν
790 544 837 570 καὶ
850 543 893 569 θε-

95 583 213 615 σπέσιος
228 583 363 618 Στέφανος
382 585 572 618 κατονειδίζων
584 587 674 618 αὐτοῖς
687 587 717 614 τὸ
731 588 834 623 ἀπηνὲς
847 589 892 615 καὶ

93 629 250 665 δυσήχοον,
276 631 502 666 ι’Δπερίτμητοι,
527 633 605 667 φησὶ,
628 635 687 665 τοῖς
711 634 777 661 ὠσὶν
804 635 890 670 ὑμῶν,

96 675 148 701 καὶ
163 676 223 707 ταῖς
237 675 372 710 καρδίαις,
388 677 519 711 ι’Δριστα
531 678 563 713 δὴ
579 676 626 705 οὖν
641 680 655 705 ὀ
668 680 826 716 νομομαθὴς
838 680 890 716 ἔφη

95 720 208 752 Παῦλος
219 729 226 736 ·
248 731 257 746 ι
269 721 300 747 'H
315 722 448 758 περιτομὴ
463 723 540 749 οὐδέν
553 725 622 757 ἐστι,
635 725 682 751 καὶ
696 727 711 761 ὴ
724 726 891 760 ἀκροϐυστία

928 316 1009 344 .cisa‘:
1034 322 1114 341 aures
1136 321 1242 345 eorum,
1269 318 1297 340 et
1327 320 1379 339 non
1404 317 1515 346 possunt
1544 311 1639 338 audire
1667 311 1701 337 ⁸⁸.
1721 321 1730 337 ι

945 361 1098 394 Quinetiam
1126 360 1232 387 divinus
1254 359 1297 386 ille
1327 357 1489 392 Stephanus,
1513 365 1573 384 cum
1600 357 1732 384 feritatem

949 412 976 434 et
995 405 1210 433 incredulitatem
1227 405 1267 432 eis
1288 404 1464 439 exprobraret
1484 412 1490 430 :
1507 412 1516 428 ‹
1535 401 1732 434 lncircumcisi,

946 452 1045 487 inquit,
1060 451 1170 478 auribus
1188 451 1297 482 vestris,
1314 455 1340 477 et
1354 448 1520 476 cordibus".
1534 458 1543 474 ι
1557 447 1650 482 ltaqtte
1666 447 1734 474 Putt-

947 498 1001 528 lus.
1027 497 1053 524 in
1080 496 1137 532 lege
1165 496 1324 531 cumprimis
1351 495 1485 527 eruditus,
1517 494 1619 528 optime
1646 494 1733 520 (liin:

950 552 959 568 ι
976 543 1151 570 Circumcisio
1165 542 1230 569 nihil
1244 547 1296 574 est,
1310 547 1335 569 et
1353 541 1513 575 prteputium
1535 540 1600 567 nihil
1619 546 1670 572 est,
1689 542 1734 565 sed

930 589 1102 616 observatio
1125 588 1311 615 mandatorum
1338 588 1383 615 Dei
1398 587 1430 614 ⁵⁸.
1447 596 1456 612 ι
1474 587 1540 613 Cum
1569 592 1658 613 autem
1689 585 1735 612 Ju-

945 634 1017 661 liano
1042 633 1174 661 familiare
1197 633 1229 660 sit
1254 633 1431 664 maledicere,
1454 637 1481 659 et
1501 632 1572 665 quod
1600 631 1626 658 in
1642 638 1672 658 se
1693 637 1736 657 est

946 679 1053 713 maligni
1076 684 1148 706 recta
1173 678 1354 706 sentientibus
1374 678 1525 710 innectere,
1544 677 1679 703 obtrectat
1702 681 1729 702 et

944 726 1002 751 ait:

95 764 177 794 οὐδέν
198 768 281 800 ἐστιν,
300 768 368 795 ἀλλὰ
393 770 509 804 τήρησις
534 771 648 798 ἐντολῶν
668 772 745 799 Θεοῦ.
763 773 893 808 ιῈπειδὴ
911 772 939 799 δὲ
956 771 998 798 ἀεί
1012 770 1071 803 πώς
1091 772 1168 797 ἐστιν
1191 770 1312 805 ὲντριϐὲς
1345 769 1419 804 αὑτῷ
1436 769 1466 795 τὺ
1486 767 1662 802 κακηγορεῖν,
1679 767 1726 792 καὶ

94 813 155 844 τοῖς
167 813 234 848 ὀρθὰ
248 815 355 850 φρονεῖν
370 816 518 850 ᾑρημένοις
529 817 559 843 τὸ
572 818 707 853 κακόηθες
718 819 888 855 ἐπιπλέκειν,
907 817 1122 852 ἐπιλαμϐάνεται
1141 816 1186 843 καί
1199 824 1281 851 φησιν
1300 823 1307 830 ·

396 872 593 901 ΙΟΥΛΙΑΝΟΣ.

1205 870 1476 907 3551ULIANUS.

140 933 150 951 ι
162 925 196 952 Ἡ
210 926 346 962 περιτομὴ
367 926 444 954 ἔσται
462 929 525 963 περί
537 929 585 962 τὴν
599 929 689 964 σάρκα
704 939 761 963 σου,
776 939 785 957 ›
798 931 890 966 φησίν.

983 940 993 956 ε
1019 929 1198 957 Circumcisio
1219 928 1273 955 erit
1296 928 1369 954 circa
1397 931 1469 953 tuam
1493 933 1601 953 carnem
1616 925 1649 957 ",
1664 934 1674 951 ι
1692 925 1734 951 ἰη-

97 969 328 1005 Πιρακούσαντες
351 973 456 1003 τούτου,
482 972 538 1003 Τὰς
551 973 674 1008 καρδίας,
690 974 767 1008 φασὶ,
782 983 890 1010 περιτε-

99 1015 235 1050 μνόμεθα.
252 1016 325 1042 Πάνυ
342 1025 384 1050 γε·
406 1017 492 1049 οὐδεὶς
504 1018 559 1052 γὰρ
573 1020 637 1054 παρ’
651 1020 714 1055 ὑμῖν
725 1020 888 1055 κακοῦργος,

97 1060 189 1092 οὐδεὶς
217 1061 362 1097 μοχθηρός.
381 1061 458 1089 Οὕτω
477 1064 672 1099 περιτέμνεσθε
692 1064 742 1096 τὰς
767 1065 888 1100 καρδίας.

98 1106 210 1138 Καλῶς.
223 1107 323 1142 Τηρεῖν
337 1108 439 1143 ἄζυμα,
455 1109 500 1135 καὶ
514 1111 600 1136 ποιεῖν
613 1110 642 1136 τὸ
658 1110 750 1146 πάσχα
763 1111 793 1137 οὒ
813 1111 892 1138 δυνά-

99 1152 183 1186 μεθα,
205 1153 391 1189 φασίν.Ύπὲρ
405 1154 484 1189 ἡμῶν
499 1155 553 1190 γὰρ
566 1155 640 1188 ἅπαξ
656 1155 738 1191 ἐτύθη
753 1156 870 1192 Χριστός
881 1165 889 1172 ·

98 1195 172 1228 εἶτα,
186 1197 320 1224 ἐκώλυσεν
331 1198 432 1225 ἐσθίειν
445 1199 546 1234 ἄζυμα,
560 1200 666 1232 Καίτοι,
680 1201 718 1236 μὰ
728 1202 790 1233 τοὺς
802 1201 890 1234 θεοὺς,

99 1243 141 1276 εἷς
158 1246 216 1281 εἰμι
231 1245 285 1272 τῶν
307 1246 515 1281 ἐκτρεπομένων
540 1246 727 1281 συνεορτάζειν
744 1246 891 1278 Ἰουδαίοις,

98 1291 144 1316 ἀεὶ
170 1291 332 1325 προσκυνῶν
354 1292 400 1317 τὸν
426 1291 492 1318 Θεὸν
511 1291 646 1327 Ἀϐραὰμ,
663 1292 709 1319 καὶ
727 1293 829 1324 Ἰσαὰκ,
845 1293 892 1318 καὶ

105 1336 214 1369 Ἰακώϐ,
240 1337 265 1364 οἳ
288 1337 364 1368 ϐντες
387 1334 458 1364 οὗτοι
481 1337 620 1368 Χαλδαῖοι,
638 1338 733 1372 γένους
753 1337 825 1372 ίεροῦ
845 1338 892 1364 καὶ

99 1380 274 1416 ϐεουργικοῦ,
292 1381 340 1417 τὴν
362 1382 411 1417 μὲν
434 1383 584 1418 περιτομὴν
607 1383 717 1417 ἔμαθον,
736 1383 893 1417 Αἰγυπτίοις

100 1426 327 1459 ὲπιξενωθέντες·
346 1428 532 1463 ἐσεϐάσθησαν
554 1429 582 1455 δὲ
614 1428 690 1461 Θεὸν,
712 1429 741 1461 ὃς
763 1429 824 1464 ἐμοὶ
846 1429 894 1455 καὶ

99 1472 158 1504 τοῖς
175 1472 267 1505 αὑτὸν,
285 1472 379 1508 ὥσπερ
397 1472 522 1508 Ἀϐραὰμ
537 1473 625 1506 ἔσεϐε,
639 1473 796 1509 σεϐομένοις
810 1474 892 1509 εὐμε-

99 1517 150 1552 νὴς
167 1516 211 1553 ἦν,
231 1518 318 1553 μέγας
332 1527 362 1545 τε
382 1518 419 1545 ὢν
433 1519 504 1545 πάνυ
519 1519 566 1546 και¹
578 1519 701 1552 δυνατὸς,
719 1519 783 1555 ὑμῖν
805 1520 833 1546 δὲ
845 1520 892 1546 οὺ-

101 1564 146 1590 ὖὲν
171 1565 328 1600 προσήκων.
355 1564 422 1591 Οὐδὲ
444 1565 499 1600 γὰρ
523 1565 569 1592 τὸν
595 1565 721 1601 Ἀϐραὰμ
744 1565 869 1601 μιμεῖσθε
883 1586 891 1598 ,

944 977 1014 1012 quit.
1031 975 1087 1003 Hoc
1103 975 1236 1010 neglecto,
1247 973 1302 1001 Nos
1315 973 1452 1004 cordibus,
1467 972 1601 1006 inquiunt,
1616 972 1734 999 circum-

940 1024 1066 1051 ciditnur.
1080 1021 1151 1048 Sane
1166 1021 1286 1055 quidem.
1301 1019 1386 1047 Nemo
1400 1018 1530 1045 videlicet
1547 1018 1617 1052 apud
1634 1025 1681 1044 vos
1694 1022 1734 1044 est

941 1069 1090 1102 improbus,
1110 1073 1191 1094 nemo
1205 1065 1355 1097 scelestus;
1377 1064 1413 1091 ita
1433 1062 1734 1090 circumcidiminicov-

940 1113 1030 1141 dibus.
1053 1112 1127 1139 Bene
1154 1111 1247 1138 habet.
1270 1109 1424 1138 Observare
1447 1116 1552 1143 azyma,
1578 1113 1603 1135 et
1636 1108 1733 1142 pascha

942 1160 1030 1187 facere
1055 1166 1106 1186 non
1133 1165 1287 1192 possumus,
1311 1156 1462 1191 inquiunt:
1489 1163 1537 1189 pro
1563 1155 1641 1182 nobis
1661 1154 1731 1181 enim

941 1205 1023 1232 semel
1040 1204 1194 1232 immolatus
1208 1209 1249 1230 est
1264 1201 1520 1233 Christuszdeinde,
1535 1201 1606 1228 vesci
1630 1199 1734 1235 azymis

942 1251 1091 1286 prohibuit.
1111 1250 1146 1276 At
1170 1257 1218 1284 per
1241 1249 1317 1279 deos,
1339 1254 1408 1274 unus
1421 1254 1479 1274 sum
1491 1255 1523 1274 ex
1546 1247 1588 1278 iis,
1605 1246 1650 1280 qui
1666 1253 1680 1272 a
1693 1245 1731 1272 fe-

943 1299 992 1325 stis
1024 1305 1085 1325 cum
1108 1296 1207 1324 intimis
1236 1295 1407 1323 celebrandis
1438 1294 1596 1325 abhorrent,
1623 1292 1732 1320 interim

942 1344 1059 1371 adorans
1075 1343 1158 1370 Deum
1173 1343 1323 1374 Abraham,
1345 1346 1373 1368 et
1385 1341 1471 1374 Isaac,
1485 1344 1512 1368 et
1523 1339 1623 1370 Jacob;
1640 1339 1685 1373 qui
1707 1343 1734 1365 et

943 1387 993 1423 ipsi
1016 1387 1132 1415 Chaldaei
1162 1394 1223 1414 cum
1249 1390 1350 1417 essent.
1369 1386 1402 1414 de
1422 1392 1500 1412 sacro
1519 1389 1546 1410 et
1569 1383 1730 1411 sacerdotali

943 1441 1043 1468 genere
1073 1433 1309 1461 circumcisionem
1341 1431 1449 1466 quidem
1484 1429 1636 1457 didicerunt
1661 1431 1731 1464 apud

944 1479 1085 1515 Egyptios
1098 1478 1226 1506 diversati
1241 1487 1248 1504 :
1271 1477 1318 1505 sed
1337 1477 1421 1504 Deum
1437 1475 1590 1508 coluerunt,
1605 1475 1650 1509 qui
1667 1474 1731 1501 mihi

944 1531 972 1553 ct
999 1526 1033 1553 iis
1053 1525 1098 1560 qui
1118 1525 1190 1552 sicut
1211 1524 1347 1552 Abraham
1385 1522 1460 1549 illum
1483 1521 1585 1553 colunt,
1601 1520 1733 1555 propitius

945 1571 1004 1603 fuit,
1031 1571 1156 1605 idemque
1191 1569 1327 1597 maximos
1350 1576 1383 1596 ac
1413 1567 1628 1602 potentissimus,
1657 1566 1732 1593 vobis

102 1609 213 1644 βωμούς
238 1619 266 1636 τε
289 1610 441 1644 ἐγείροντες
458 1610 544 1646 αὐτῷ,
560 1611 606 1638 καὶ
621 1611 826 1646 οἰκοδομοῦντες
840 1610 889 1637 θυο

947 1621 1033 1643 autem
1050 1623 1221 1651 nequaquam
1241 1614 1383 1649 benignus.
1399 1613 1492 1648 Neque
1509 1613 1583 1641 enim
1594 1613 1731 1640 Abraham

103 1655 268 1690 σιαστήρια,
292 1656 340 1682 καὶ
366 1656 564 1692 Θεραπεὺοντες
588 1657 681 1692 ὥσπερ
705 1657 808 1688 ἐκεῖνος
834 1657 894 1687 ταῖς

103 1700 281 1735 ἱερουργίαις.
877 1694 885 1698 “

407 1757 595 1784 ΚΥΡΙΛΛΟΣ.

139 1812 204 1849 Ἃρ·
219 1813 279 1844 οὖν,
292 1812 314 1841 ὦ
337 1815 454 1848 γενναῖε,
472 1814 679 1850 διαϐεϐλήσεται
701 1816 776 1851 παρὰ
796 1817 836 1842 σοι
861 1817 894 1844 τὰ

103 1861 239 1888 κάλλιστα
257 1861 311 1888 τῶν
329 1861 510 1896 πραγμάτων,
525 1861 570 1887 διά
584 1869 624 1887 τοι
639 1861 669 1887 τὸ
683 1861 720 1897 μὴ
739 1861 828 1897 ὀρθῶς
847 1870 894 1888 κε-

102 1906 221 1942 χρῆσθαί
237 1916 313 1939 τινας
326 1907 435 1939 αὐτοῖς;
451 1907 490 1942 Τῇ
504 1907 533 1932 ὲν
548 1907 682 1942 πνεύματι
698 1909 830 1943 περιτομῇ
845 1906 896 1943 ἆρ’

103 1952 162 1978 ἐστι
178 1952 208 1978 τὸ
225 1952 381 1978 ίσοστατοῡν
396 1952 443 1978 καὶ
463 1952 617 1986 ἰσομοιροῦν
635 1952 752 1986 ἀγαθόνς
773 1953 895 1987 Ἀποφα-

103 1998 159 2028 νεῖς
177 1999 232 2032 ἂρα
246 1998 363 2033 πονηρὸν
389 1998 418 2024 τὸ
439 1998 527 2029 οὕτως
547 1998 684 2032 ἐξαίρετον
702 1999 750 2025 καὶ
770 1998 895 2033 ὀνησιφό-

104 2050 169 2077 ρον;
187 2042 296 2070 litamina
317 2041 387 2070 εἷναί
414 2052 455 2070 σοι
478 2043 551 2070 δοκεῖ
574 2044 621 2070 καὶ
643 2043 846 2077 κατεψεγμένον
864 2044 894 2070 τὸ

103 2087 275 2114 ἀπαλλάττον
299 2089 372 2124 ἡμᾶς
397 2089 505 2124 ἀπάσης
529 2089 715 2124 ἁκαθαρσίας;
737 2090 818 2116 ’Λλλὰ
841 2090 894 2125 γὰρ

104 2133 236 2165 πλεῖστοι,
251 2135 342 2170 φησὶν,
360 2135 388 2160 ὲν
405 2135 470 2170 ὑμῖν
482 2137 506 2161 oi.
522 2135 672 2170 κακοῦργοι
689 2136 735 2162 καὶ
751 2136 892 2171 μοχθηροί.

103 2180 201 2207 Καίτοι
219 2180 277 2212 πῶς
293 2181 354 2216 οὐχὶ
370 2181 418 2216 τῆς
437 2183 597 2216 περιτομῆς,
613 2181 681 2208 ἀλλὰ
696 2181 749 2208 τῶν
760 2183 894 2217 ἀχάριστα

104 2227 156 2262 ζῇν
173 2226 305 2253 εἰωθότων
317 2227 392 2252 τουτὶ
410 2227 508 2261 γένοιτ’
522 2228 555 2254 ἂν
569 2228 681 2259 εἰκότως
695 2227 725 2254 τὸ
738 2229 893 2264 κατηγόρη-

947 1662 1099 1694 imitamini,
1121 1669 1182 1688 cum
1200 1668 1263 1687 aras
1283 1660 1309 1688 ei
1330 1660 1490 1690 excidendo.
1514 1663 1542 1686 et
1570 1658 1728 1686 aediﬁcando

946 1709 1050 1741 altaria,
1066 1713 1120 1734 tum
1134 1707 1275 1734 sacriﬁciis
1288 1706 1400 1741 pet-inde
1413 1713 1444 1733 ac
1456 1705 1501 1732 ille
1514 1704 1636 1732 colendo.

1244 1761 1429 1790 CYlllLLUS.

981 1820 1021 1846 An
1046 1819 1137 1854 igitur,
1163 1826 1180 1846 ο
1198 1818 1316 1853 egregie,
1339 1817 1455 1852 optimas
1478 1822 1599 1850 quasque
1626 1822 1669 1842 res
1691 1815 1731 1841 vi-

947 1865 1098 1900 luperabis,
1115 1864 1186 1899 quod
1200 1864 1233 1891 iis
1254 1871 1306 1890 non
1323 1866 1396 1890 recte
1413 1862 1452 1889 usi
1471 1862 1528 1889 sint
1546 1860 1649 1894 aliqui?
1667 1860 1731 1894 Spi-

946 1910 1016 1938 ritali
1037 1908 1238 1937 circumcisioni
1264 1915 1327 1935 nutu
1351 1907 1423 1934 aliud
1445 1907 1544 1934 bonum
1565 1905 1667 1940 aequari
1685 1905 1728 1932 vel

945 1955 1060 1983 conferri
1079 1954 1184 1989 potest?
1199 1953 1297 1980 Malum
1312 1953 1393 1987 igitur
1408 1952 1434 1979 id
1451 1959 1511 1979 essu
1531 1950 1728 1986 pronuntiabis,

945 2001 1015 2035 qttod
1036 2004 1140 2027 tantum
1163 2000 1189 2027 in
1211 2007 1240 2027 se
1259 1999 1340 2026 habet
1364 1998 1487 2025 utilitatis
1503 2005 1536 2025 ac
1555 1996 1730 2032 splendoris?

946 2045 1050 2072 Vanum
1067 2045 1113 2073 tibi
1129 2049 1156 2072 et
1170 2045 1377 2079 vituperandum
1393 2043 1499 2070 videtur
1511 2050 1581 2075 esse,
1596 2041 1666 2076 quod
1682 2049 1730 2068 nos

945 2100 959 2118 a
977 2092 1072 2125 quavis
1096 2090 1268 2118 itntnunditie
1291 2089 1408 2117 liberat?
1431 2089 1466 2116 At
1482 2088 1553 2115 eniut
1578 2087 1653 2114 multi
1668 2091 1731 2114 sttnt

944 2138 1014 2172 apud
1029 2144 1087 2170 vos,
1108 2137 1205 2171 inquit,
1222 2135 1337 2170 improbi
1350 2143 1382 2162 ac
1404 2134 1522 2162 scelesti.
1540 2134 1637 2162 Verum
1661 2139 1730 2159 nun-

944 2183 1008 2218 quid
1033 2183 1083 2210 ista
1110 2181 1247 2209 accusatio
1267 2185 1308 2208 est
1330 2188 1436 2211 eorum,
1467 2180 1512 2214 qtti
1540 2179 1629 2205 minus
1653 2178 1730 2205 bonis

944 2233 1007 2256 sunt
1029 2227 1158 2260 moribus,
1192 2234 1245 2254 non
1283 2231 1372 2253 autem
1414 2223 1648 2251 circnmcisionisl
1674 2222 1729 2249 An-

106 2280 160 2307 μα;
176 2269 214 2298 Ἦ
230 2273 283 2306 γὰρ
300 2272 348 2307 οὐχ
364 2273 450 2299 ἅπασι
465 2274 521 2305 τοῖς
543 2274 589 2300 ἐπὶ
611 2274 664 2308 γῆς
680 2274 890 2310 χρειωδεστάτην

948 2282 999 2301 non
1017 2273 1088 2301 enim
1112 2272 1264 2300 mortalium
1288 2270 1379 2306 generi
1393 2276 1456 2297 cum
1474 2270 1658 2299 utilissimum,
1675 2274 1728 2295 tum

103 2328 134 2345 τε
149 2319 196 2345 καὶ
210 2318 362 2352 ἀναγκαίαν
384 2317 453 2346 εἶναι
478 2321 531 2354 φὴς
546 2321 595 2354 τῆς
611 2320 735 2355 ἰατρικῆς
755 2321 894 2356 εὐτεχνίας

102 2365 154 2399 τὴν
173 2365 275 2399 ὄνησιν,
291 2364 340 2399 τὴν
363 2364 417 2391 τῶν
435 2365 528 2391 παοῶν
552 2365 701 2401 ἀγριότητα
714 2365 893 2392 τιθασσεύου-

104 2417 172 2442 σαν;
193 2408 250 2435 ἀλλ’
267 2409 281 2435 ὁ
304 2409 353 2443 μὲν
370 2408 457 2435 ταῦτα
481 2409 604 2445 τεχνίτης
626 2411 683 2441 τοῖς
702 2410 892 2445 ἡρῤωστηκόσι

104 2454 247 2490 χαρίζεται
271 2454 320 2486 τὰς
343 2455 518 2488 ἐπικουρίας·
541 2456 565 2481 οἰ
591 2455 619 2481 δὲ
643 2456 677 2490 τῇ
700 2455 754 2481 τῶν
776 2455 893 2490 ὀρέξεων

103 2499 226 2536 ἀκρασίᾳ
238 2499 269 2526 τὸ
282 2500 380 2536 χρῆναι
395 2501 478 2536 νικᾷν·
488 2501 691 2536 ἐπιτρέποντες,
706 2501 892 2528 κατασείονται

105 2546 174 2581 πρὸς
194 2546 224 2572 τὸ
237 2545 349 2576 λυποῦν.
367 2547 413 2573 καὶ
427 2547 574 2581 πολεμοῦσι
587 2547 630 2573 διὰ
643 2547 737 2573 τούτου
751 2548 783 2582 τῇ
798 2547 890 2582 τέχνῃ,

103 2591 175 2617 ὥστε
192 2591 238 2618 καὶ
255 2591 383 2625 ἀνόνητον
400 2590 467 2618 εἶναι
480 2591 568 2619 δοκεῖν
583 2592 613 2618 τὸ
628 2592 725 2623 σώζειν
742 2589 892 2627 εἰὸό;.Ἀρ’

103 2634 151 2663 οὗν
167 2636 235 2672 ὀρθὰ
253 2637 301 2664 καὶ
317 2637 408 2664 δίκαια
425 2639 530 2673 φρονεῖν
542 2638 684 2673 ᾑρημένοι,
698 2639 745 2672 τῆς
768 2638 892 2672 ἰατρικῆς

104 2683 246 2718 εὐτεχνίας
270 2683 450 2718 καθοριοῦμεν
474 2683 503 2709 τὸ
527 2683 659 2718 ἀδρανὲς,
685 2683 702 2717 ἣ
729 2684 784 2714 τοῖς
806 2683 892 2719 ταύτῃ

107 2727 309 2763 μεμαχημένοις
340 2730 485 2764 ἐποίσομεν
519 2729 568 2761 τὰς
598 2730 688 2761 αἰτίας
709 2729 755 2755 τοῦ
780 2729 892 2764 μηδενὸς

106 2773 260 2800 ἀπόνασθαι
286 2773 341 2800 τῶν
362 2775 425 2809 παρ’
441 2774 542 2809 αὺτῆςς
563 2775 595 2801 ἸΙ
611 2774 660 2809 μὲν
673 2775 727 2810 γὰρ
751 2772 784 2808 ἦν
807 2775 850 2800 οἵα
863 2783 892 2800 τε

106 2819 233 2845 πονοῦσιν
249 2819 418 2855 ἐπικουρεῖν
438 2821 461 2847 οἱ
476 2821 504 2847 δὲ
518 2821 577 2852 ταῖς
592 2821 666 2854 σφῶν
685 2821 772 2847 αὐτῶν
787 2821 893 2856 ἡδοναῖς

141 2897 163 2914 ’⁸
176 2897 276 2925 Jcrcm.
292 2906 328 2929 γι,
351 2898 393 2925 l0.
431 2899 451 2914 ⁵⁷
469 2899 530 2926 Act.
547 2907 591 2930 vn,
610 2899 653 2926 51.

946 2318 1126 2346 necassarium
1139 2324 1199 2345 esse
1214 2317 1305 2344 fateris
1321 2316 1463 2343 medicinae
1478 2322 1567 2345 usum,
1588 2314 1665 2347 cujus
1680 2321 1730 2347 ope

946 2364 1102 2392 morborum
1120 2363 1223 2391 saevitia
1248 2361 1411 2396 mitigatur?
1422 2361 1456 2387 At
1471 2360 1529 2395 ejus
1550 2360 1614 2386 artis
1629 2360 1729 2393 peritus

945 2411 1093 2446 opitulatur
1105 2409 1184 2444 πει-ῖς
1198 2418 1204 2436 :
1219 2409 1266 2436 sed
1281 2408 1326 2444 qui
1343 2415 1372 2434 se
1392 2407 1531 2434 libidinum
1551 2406 1728 2438 intemperati.

946 2457 983 2484 tia
996 2456 1065 2484 vinci
1077 2455 1227 2491 patiuntur,
1239 2455 1266 2482 in
1281 2455 1306 2482 id
1320 2453 1392 2488 quod
1404 2452 1510 2480 noxium
1522 2456 1563 2478 est
1578 2450 1728 2486 prtecipites

945 2500 1080 2532 feruntur,
1110 2505 1138 2527 et
1158 2508 1206 2535 per
1226 2500 1277 2526 hoc
1302 2506 1363 2526 cum
1388 2501 1446 2524 arte
1467 2500 1594 2531 pugnant,
1617 2496 1682 2522 adeo
1699 2499 1728 2521 ut

945 2546 1040 2574 ituttile
1063 2546 1187 2573 videatur
1210 2545 1369 2577 remedium,
1390 2543 1460 2578 quod
1487 2542 1586 2576 alioqui
1614 2540 1726 2568 salutem

945 2597 1017 2619 esset
1038 2591 1192 2618 allaturum.
1217 2592 1257 2617 Au
1282 2591 1380 2626 agitur,
1396 2590 1417 2617 si
1431 2594 1503 2617 recta
1518 2593 1545 2615 et
1558 2595 1633 2622 aqua
1653 2595 1728 2614 mens

945 2639 1023 2665 nobis
1045 2643 1097 2672 est,
1117 2638 1257 2665 medicina:
1270 2642 1355 2664 artem
1371 2643 1467 2662 vanam
1493 2642 1552 2662 esse
1567 2638 1728 2663 statuemus.

946 2690 990 2711 aut
1006 2684 1066 2718 ejus
1078 2684 1194 2711 remedia
1209 2683 1272 2710 nihil
1285 2684 1421 2717 prodesse,
1440 2681 1508 2716 apud
1521 2688 1567 2708 eos
1576 2680 1621 2715 qui
1637 2680 1730 2705 adver-

946 2737 991 2757 sus
1009 2730 1081 2756 illam
1108 2733 1260 2764 pugnarunt
1283 2727 1472 2761 causabimur?
1497 2726 1542 2753 llla
1557 2727 1628 2753 enim
1643 2733 1729 2759 aegros

942 2775 1039 2808 juvare
1058 2776 1129 2810 potis
1154 2781 1229 2803 erat:
1250 2774 1295 2801 sed
1312 2775 1349 2808 bi,
1374 2773 1431 2800 suis
1445 2772 1627 2807 voluptatibus
1647 2770 1728 2802 victi,

946 2821 1012 2848 artis
1036 2821 1122 2848 fructu
1144 2821 1313 2848 exciderunt.
1348 2819 1403 2847 (Zur
1413 2827 1479 2854 ergo
1501 2818 1581 2854 355
1599 2817 1728 2845 divinitus

694 2899 714 2915 "
730 2899 736 2925 Ι
753 2898 814 2926 Cor.
839 2906 885 2931 \‘tt,
903 2899 942 2925 19.
982 2900 1002 2916 ’³
1018 2900 1082 2927 ﬁcu.
1102 2907 1166 2930 xvu,
1184 2899 1225 2926 15.
