1894 3056
199 185 267 213 1067

694 186 724 214 S.
742 185 880 214 CYBILLI
894 185 1133 214 ALEXANDRIM
1147 187 1307 215 AREHIEP.

1760 185 1829 212 ηις

197 244 286 270 datam
305 243 378 270 illam
403 243 429 270 in
446 243 541 278 spiritu
560 242 795 270 circumcisionem
821 249 944 276 accusas,
959 243 982 270 si

1039 245 1208 281 ἡττώμενοι,
1237 245 1292 271 τῶν
1315 243 1369 270 ἀπὸ
1398 244 1448 278 τῆς
1473 244 1570 279 τέχνης
1603 241 1827 277 διημαρτήκασιν

196 289 241 322 qui
256 287 377 324 profecto
397 293 460 316 sunt
476 289 547 324 apud
568 295 628 322 nos,
648 288 694 323 qui
717 296 772 315 non
789 293 840 315 tam
855 291 978 315 sanctum

195 335 258 361 vita:
281 341 365 369 genus
383 333 539 368 amplexati,
569 333 626 361 suis
653 333 787 368 capitibus
811 333 905 360 inutile
919 333 982 360 red-

196 379 262 406 dunt
290 384 343 406 tam
373 379 491 415 optabile
521 384 548 407 et
571 381 751 414 expetendum
776 379 838 406 illud
864 379 984 407 caelestis

196 426 387 453 munificentiae
405 425 506 453 decus?
531 426 708 453 immolarunt
726 433 824 461 agnum
841 425 982 458 israclltaa,

197 479 280 506 panes
295 472 404 506 insuper
418 479 528 508 azymos
541 472 728 504 comederunt,
746 471 835 506 prisco
860 471 927 505 legis
942 471 984 498 in-

197 516 302 544 stituto.
327 516 380 543 Sed
406 516 432 543 in
455 516 568 549 umbris,
589 515 630 543 uti
647 515 714 547 dixi,
735 515 869 543 veteribus
885 515 981 550 depin-

197 563 330 597 gebautur
349 562 496 597 spiritualia
515 571 522 589 :
548 562 647 589 veritas
673 562 866 597 superveniens
884 561 982 589 illuxit.

197 607 320 635 Christus
333 608 403 634 enim
418 615 497 634 verus
510 607 553 634 ille
565 615 652 642 agnus
664 606 818 634 immolatus
825 611 865 634 est
874 614 921 641 pro
936 613 984 632 uo-

197 652 250 685 bis,
262 661 327 686 pura
342 658 416 681 certe
429 658 456 681 et
481 653 655 681 immaculata
670 653 791 680 victima.
808 651 982 680 Recessimus

198 707 213 724 a
234 698 314 733 tvpis.
331 704 450 733 tempore
477 699 567 726 forsan
591 699 624 726 ad
649 699 700 726 hoc
723 704 847 725 vocante.
872 697 984 724 Purissi-

197 753 271 787 mum
297 745 386 772 cibum
406 745 584 778 confecimus,
606 753 640 773 ex
663 743 826 780 evangelicis
843 743 984 778 praeceptis

198 791 327 818 nimirum
344 801 351 819 :
368 796 394 818 et
409 792 442 819 ab
467 792 540 818 omni
564 791 709 824 fermento,
730 791 780 818 hoc
795 794 846 823 est,
865 789 983 824 nequitia

198 836 468 872 diabolica,spiritali
499 837 579 865 modo
606 836 728 872 refugere
757 843 845 871 opera:
868 835 983 870 pretium

198 883 334 910 duximus.
358 883 442 918 igitur
465 890 480 911 ο
502 884 583 919 typis,
599 883 636 910 uti
665 883 733 915 dixi,
748 882 912 914 destitimus,
937 880 984 908 sed

1037 291 1155 326 ἀγαθῶν.
1171 291 1250 326 Αἰτιᾷ
1273 289 1415 324 τοιγαροῦν
1437 289 1494 316 ἀνθ’
1509 289 1570 315 ὂτου
1592 288 1642 323 τὴν
1659 287 1787 314 θεόδοτον
1802 287 1827 312 ἐν

1037 338 1171 373 πνεύματι
1189 337 1350 372 περιτομὴν,
1366 336 1444 371 εἴπερ
1460 335 1532 367 τινὲς
1547 335 1617 366 ὅλως
1639 334 1695 362 τῶν
1716 333 1827 361 τελούν-

1036 394 1090 412 των
1112 386 1140 412 ἐν
1153 386 1228 421 ἡμῖν,
1244 385 1294 419 τῆς
1307 384 1422 418 εὐαγοῦς
1435 383 1571 414 πολιτείας
1583 382 1633 417 τὴν
1648 382 1681 408 οὐ
1697 380 1827 414 τοιαύτην

1036 433 1232 469 ἁνθῃρημένοι,
1245 433 1305 463 ταῖς
1325 431 1399 465 σφῶν
1423 430 1512 457 αὐτῶν
1535 429 1668 464 κεφαλτκῐς
1697 427 1827 461 ἀνόνητον

1036 479 1215 514 ἀποφαίνουσι
1237 478 1268 504 τὸ
1290 478 1360 505 οὕτω
1381 476 1543 511 τριπόθητον
1575 475 1622 502 καὶ
1659 473 1827 500 πολύευκτον

1037 525 1084 553 καὶ
1108 524 1157 557 τῆς
1173 523 1275 550 ἄνωθεν
1292 522 1497 558 μεγαλοδωρεᾶς
1511 521 1584 553 ἄξιον
1597 528 1604 553 ;
1616 519 1759 546 Τεθύκασι
1783 517 1828 543 τὸν

1037 571 1122 606 ἀμνὸν
1138 570 1162 596 οἱ
1178 569 1209 602 ἐξ
1224 569 1341 604 Ἰσραὴλ,
1354 568 1452 604 ἄρτους
1469 567 1589 602 ἀζύμους
1612 564 1828 598 κατεδηδόκασιν

1037 617 1081 644 ἐπ’
1093 616 1184 647 αὑτὸν,
1198 615 1269 641 κατά
1277 622 1309 648 γε
1323 615 1353 640 τὸ
1366 613 1450 640 πάλαι
1464 613 1503 648 τῷ
1516 611 1624 646 νομίμῳ
1634 610 1734 637 δοκοῦν
1746 618 1753 624 ·
1766 608 1829 635 ἀλλ’

1036 662 1066 688 ὲν
1091 662 1191 692 σκιαῖς,
1207 659 1244 692 ὼς
1267 659 1345 694 ἔθην,
1363 659 1499 693 ἐγράφετο
1513 657 1568 688 τοῖς
1583 656 1776 691 ἀρχαιοτέροις
1795 654 1828 679 τὰ

1037 707 1136 742 νοητά·
1162 706 1319 741 ἐπέλαμψεν
1348 706 1364 741 ή
1388 704 1510 738 ἀλήθεια.
1535 703 1651 729 Τέθυται
1676 701 1733 736 γὰρ
1757 701 1827 734 ὑπὲρ

1036 754 1116 789 ἡμῶν
1131 754 1145 780 ό
1168 752 1284 788 Χριστὸς
1304 753 1318 778 ὁ
1336 751 1420 786 ἀμνὸς
1444 751 1458 777 ὁ
1485 749 1620 784 ἀληθινὸς,
1644 749 1675 774 τὸ
1691 747 1828 781 ἀόέὸηλον

1036 798 1144 835 ἀληθῶς
1161 798 1208 824 καὶ
1221 798 1354 833 ἄχραντον
1378 797 1484 832 ἱερεῖον.
1495 794 1687 830 ’Δπεσχήμεθα
1704 793 1759 820 τῶν
1781 792 1828 819 τύ-

1037 851 1106 873 πων,
1121 841 1218 877 καιροῦ
1238 842 1303 871 ῖσως
1323 840 1470 872 καλοῦντος
1483 841 1523 871 είς
1535 839 1623 866 τοῦτο.
1643 838 1755 874 Τροφὴν
1778 846 1827 863 πε-

1038 886 1173 922 ποιήμεθα
1187 887 1235 922 τὴν
1251 885 1458 921 καθαρωτάτην,
1476 885 1524 920 τὴν
1548 885 1592 911 διά
1613 885 1647 918 γέ
1673 893 1746 919 φημι
1771 884 1826 910 τῶν

199 930 405 957 veromcultum
436 929 588 964 implemus.
625 939 634 955 ι
667 929 743 956 Finis
759 929 830 956 enim
852 927 919 963 legis
955 934 982 953 ac

1039 933 1221 968 εὖαγγελικῶν
1242 932 1446 967 θεσπισμάτων,
1461 931 1550 966 ζύμης
1565 939 1595 957 τε
1611 931 1733 966 ἁπάσης,
1746 939 1826 956 τουτ-

198 975 390 1010 prophetarum
406 980 448 1003 est
468 975 592 1003 Christus
617 975 651 1007 ’°,
677 984 687 1001 ι
718 975 763 1010 qui
784 982 836 1002 non
854 974 984 1002 mentitur

198 1028 260 1046 cum
291 1021 347 1048 ait:
377 1029 392 1046 ι
410 1019 467 1047 Non
493 1020 552 1047 veni
577 1019 682 1048 solvere
705 1019 800 1055 legem,
827 1020 874 1047 sed
897 1019 982 1046 adim-

197 1065 272 1100 plere
292 1065 327 1091 “.
344 1074 355 1091 ι
380 1065 468 1092 Item:
501 1073 510 1090 ι
534 1064 599 1092 Dico
622 1064 699 1092 vobis
722 1073 730 1092 :
757 1065 812 1092 lota
827 1071 921 1096 unum,
940 1063 983 1090 vel

200 1118 266 1145 apex
294 1118 362 1138 unus
391 1118 444 1138 non
470 1110 618 1145 praeteribit
647 1117 663 1136 a
686 1110 753 1145 lege,
780 1109 865 1136 donec
891 1109 982 1135 omnia

199 1156 267 1184 ﬁant
280 1157 314 1183 ".
337 1165 350 1184 ι
366 1155 401 1184 Ut
414 1157 485 1183 enim
507 1156 617 1183 umbras
633 1155 660 1182 iu
686 1155 785 1182 tabulis
797 1153 983 1189 praeformatas

199 1203 320 1230 colorum
345 1203 461 1230 varietas
479 1207 628 1237 opportune
651 1201 842 1237 superinducta
872 1199 984 1227 minime

199 1249 307 1284 quidem
325 1249 404 1281 tollit.
419 1248 467 1276 sed
487 1248 648 1274 illustriores
668 1246 757 1280 potius
769 1245 869 1273 eﬂicit:
889 1245 982 1272 eodem

199 1296 277 1330 plane
295 1296 374 1322 modo
387 1295 452 1329 legis
467 1294 575 1321 umbras
593 1301 645 1320 non
660 1293 771 1320 omnino
786 1291 905 1319 sublatas
923 1298 984 1318 esse

198 1343 325 1374 dicimus,
349 1341 396 1369 sed
421 1341 537 1375 quodam
564 1339 644 1367 veluti
671 1345 814 1374 progressu
838 1338 927 1372 potius
949 1337 983 1364 ad

198 1389 340 1416 veritatem
373 1386 524 1422 periectas;
553 1386 624 1421 quod
647 1392 708 1412 cum
733 1384 791 1418 ejus
820 1384 982 1418 parturirent

198 1437 291 1466 decus.
303 1435 337 1462 ad
351 1433 414 1461 illud
426 1441 458 1461 eo
474 1438 594 1468 tempore
608 1431 785 1467 pervenerunt
796 1438 849 1465 quo
859 1429 984 1458 Christus

197 1481 376 1516 exspleuduit.
405 1480 480 1515 Quod
503 1486 568 1514 ergo
589 1478 660 1514 typis
678 1485 732 1505 non
753 1478 876 1508 nitimur.
896 1483 983 1511 neque

197 1515 311 1556 Judaico
330 1528 382 1554 ritu
405 1527 489 1554 festos
513 1526 570 1553 dies
583 1525 720 1553 celebrare
736 1523 864 1554 solemus.
883 1515 983 1550 nostris

198 1576 279 1602 rebus
291 1575 316 1601 in
330 1574 425 1601 melius
441 1573 586 1607 provectis,
600 1579 635 1600 ne
653 1571 730 1599 nobis
746 1570 813 1599 illud
831 1569 938 1597 crimini
957 1573 983 1596 et

1037 980 1095 1006 ἐστι
1121 979 1219 1010 κακίας
1245 977 1411 1012 διαδολικῆς,
1439 977 1623 1011 ἀποφέρεσθαι
1647 975 1771 1011 νοητῶς,
1799 975 1827 1000 ἐν

1037 1024 1138 1059 σπουδῇ
1159 1024 1205 1050 καὶ
1227 1023 1299 1058 λόγῳ
1324 1023 1443 1049 τέθειται
1472 1023 1536 1057 παρ’
1551 1023 1625 1056 ἡμῖν.
1643 1020 1764 1052 Οὐκοῦν,
1790 1020 1828 1051 ὡς

1037 1071 1114 1106 ἔφην,
1135 1071 1190 1097 τῶν
1218 1070 1266 1105 μὲν
1294 1071 1323 1096 ὲν
1347 1069 1442 1100 τύποις
1466 1067 1698 1102 ἀποπεπαύμεθα,
1722 1065 1773 1101 τὴν
1799 1065 1827 1091 δὲ

1037 1116 1125 1151 ἀληθῆ
1147 1115 1303 1151 πληροῦμεν
1323 1115 1459 1149 λατρείαν.
1480 1117 1489 1139 ἐ
1505 1114 1586 1145 Τέλος
1602 1113 1657 1148 γὰρ
1677 1112 1763 1147 νόμου
1781 1115 1828 1137 καὶ

1036 1161 1184 1198 προφητῶν
1200 1162 1214 1187 ὁ
1229 1160 1356 1195 Χριστὸς,
1370 1169 1379 1185 ι
1393 1159 1423 1190 ὃς
1439 1159 1488 1185 οὐκ
1499 1158 1530 1185 ἂν
1541 1157 1714 1192 διαψεύσεται
1726 1157 1826 1190 λέγων·

1039 1217 1049 1233 ι
1063 1208 1120 1234 Οὐκ
1141 1205 1222 1242 ἦλθον
1243 1206 1392 1233 καταλῦσαι
1414 1205 1461 1232 τὸν
1484 1204 1575 1239 νόμον,
1591 1202 1828 1238 ἀλλ’ἀποπληρῶ-

1037 1262 1092 1280 σαι.
1109 1261 1118 1278 ι
1134 1253 1189 1279 Καὶ
1200 1251 1280 1278 πάλιν
1290 1259 1298 1267 θ
1310 1260 1319 1276 ι
1333 1251 1411 1284 Λέγω
1422 1251 1497 1285 ὑμῖν·
1511 1250 1588 1277 Ἰὦτα
1596 1249 1625 1275 ἓν
1635 1250 1652 1284 ἦ
1665 1249 1714 1284 μία
1727 1249 1829 1284 κεραία

1036 1300 1066 1326 οὐ
1080 1298 1117 1334 μὴ
1126 1297 1247 1333 παρέλθῃ
1259 1297 1311 1324 ἀπὸ
1323 1297 1369 1323 τοῦ
1381 1297 1463 1331 νόμου
1475 1296 1526 1327 ἓως
1538 1296 1571 1322 ἂν
1583 1296 1670 1322 πάντα
1681 1294 1826 1329 γένηται.»

1038 1345 1142 1380 Ὠσπερ
1167 1344 1220 1379 γὰρ
1246 1343 1294 1375 τὰς
1311 1344 1408 1374 ἐντοῖς
1431 1342 1521 1374 πίναξι
1547 1341 1828 1377 προανατυπουμένας

1037 1391 1127 1423 σκιὰς,
1144 1390 1174 1416 τδ
1189 1390 1241 1416 τῶν
1260 1390 1413 1425 χρωμάτων
1428 1389 1566 1420 πολυειδὲς
1584 1389 1612 1415 ὲν
1635 1387 1724 1423 καιρῷ
1742 1395 1829 1422 προσ-

1036 1437 1216 1473 ενηνεγμένον
1235 1438 1334 1472 ἥκιστα
1351 1436 1400 1471 μὲν
1414 1437 1529 1472 ἀναιρεῖ,
1548 1435 1692 1470 μεθίστησι
1710 1433 1739 1460 δὲ
1762 1433 1828 1468 μᾶλ-

1039 1484 1084 1511 λον
1107 1485 1147 1515 εἰς
1171 1484 1232 1518 ὄψιν
1257 1481 1473 1518 ἐναργεστέραν
1492 1481 1561 1508 κατὰ
1582 1480 1627 1506 τὸν
1646 1481 1703 1506 ἴσον
1721 1479 1827 1506 τουτονὶ

1035 1530 1135 1566 τρόπον
1146 1529 1196 1556 οὐκ
1208 1527 1411 1562 ἀνατετράφθαι
1422 1529 1510 1562 φαμὲν
1520 1526 1569 1558 τὰς
1578 1525 1625 1552 τοῦ
1636 1526 1720 1559 νόμου
1736 1525 1828 1554 σκιὰς,

1036 1575 1239 1610 ὲκπεπεράνθαι
1252 1575 1281 1601 δὲ
1297 1574 1398 1610 μᾶλλον
1413 1573 1450 1605 ὠς
1467 1574 1496 1599 ἐν
1510 1573 1614 1608 προόδῳ
1627 1573 1660 1607 τῇ
1679 1571 1749 1606 πρὸς
1765 1570 1827 1603 ἀλή-

197 1622 297 1657 prohro
319 1625 416 1647 vertat.
438 1619 485 1647 Sin
503 1624 593 1646 autem
615 1618 676 1646 ideo
692 1617 886 1648 stomachetur,
902 1620 929 1643 et
942 1623 982 1642 re-

1039 1623 1120 1655 Βειαν,
1139 1623 1162 1649 ei
1183 1621 1213 1648 τὸ
1238 1622 1340 1656 ταύτης
1363 1621 1506 1647 ὠδίνουσαι
1527 1619 1634 1649 κάλλος,
1659 1618 1706 1644 ἐπὶ
1729 1617 1826 1652 καιροῦ

198 1674 258 1694 rum
273 1666 307 1693 ad
328 1665 465 1693 meliorem
481 1668 580 1691 statum
594 1662 813 1698 progressionem
826 1661 982 1695 vituperan-

197 1713 258 1740 dam
276 1716 369 1748 putat:
391 1710 485 1738 licebit
494 1709 588 1737 eodem
607 1716 715 1743 quoque
732 1707 811 1735 modo
828 1714 873 1734 res
887 1713 982 1734 omnes

197 1761 232 1788 ad
250 1760 332 1787 vitam
347 1762 500 1794 spectantes
520 1765 573 1784 non
589 1757 663 1791 iuste
679 1755 884 1790 reprehendere.
905 1758 984 1788 quot-

197 1810 265 1841 quot
293 1806 319 1832 iu
341 1803 437 1831 melius
460 1807 592 1838 provectas
611 1805 684 1828 sunt.
707 1800 783 1834 Quod
803 1806 898 1827 verum
919 1805 981 1826 esse

198 1851 301 1887 patebit
325 1850 443 1885 singulas
463 1847 650 1884 perpendenti.
672 1847 818 1878 Caeterum,
835 1850 864 1872 ut
883 1846 982 1872 eximia

198 1899 314 1933 quadam
342 1897 440 1931 pietate
457 1895 585 1930 praeditus
602 1894 734 1926 videatur,
749 1893 858 1920 simulat
871 1890 983 1926 proﬁte-

198 1951 298 1980 turque
317 1951 347 1971 se
364 1942 447 1970 Deum
471 1941 617 1968 Abraliami
641 1939 739 1972 colere,
758 1946 938 1974 magnumque
951 1939 984 1966 il-

197 1992 253 2018 lum
265 1998 334 2022 csso,
351 1997 382 2017 ac
401 1993 549 2023 potentem,
565 1995 646 2014 unum
670 1986 760 2014 forsan
776 1985 856 2013 etiam
873 1992 889 2013 e
903 1985 984 2020 parti-

199 2036 337 2064 cularibus
356 2035 407 2062 diis
427 2042 488 2062 eum
499 2040 560 2062 esse
584 2033 693 2065 dicens.
714 2032 761 2067 qui
776 2032 858 2060 certis
874 2031 901 2059 in
918 2031 984 2059 locis

199 2091 231 2110 ac
248 2081 404 2117 regionibus
425 2080 560 2113 coluntur,
573 2079 656 2115 356
672 2086 741 2114 quos
762 2079 870 2106 urbium
888 2078 984 2113 prafe-

199 2133 268 2160 t'tos,
288 2127 407 2160 adeoque
431 2125 550 2159 gentium
567 2126 704 2160 praesides,
727 2125 826 2158 passim
851 2123 982 2151 nominat.

202 2174 353 2201 Vaferrime
374 2173 462 2207 itaque
486 2172 594 2207 pietatis
608 2170 761 2206 opinionem
786 2175 896 2205 captare
917 2170 983 2197 mihi

199 2221 317 2250 videtur,
335 2227 395 2246 cum
420 2219 504 2246 Deum
524 2218 597 2245 illum
617 2224 678 2245 esse
699 2224 752 2244 non
777 2218 870 2244 credat
890 2225 983 2249 unum,

199 2265 351 2294 naturalem
375 2272 406 2292 ac
426 2264 523 2297 solum,
545 2264 719 2298 omniumque
741 2270 909 2297 supremum,
937 2261 985 2289 sed

199 2315 272 2341 inter
288 2319 353 2339 suos
374 2311 440 2338 deos
460 2311 547 2345 ipsum
571 2309 694 2336 collocet.
717 2308 792 2341 Quod
818 2314 908 2336 autem
929 2308 984 2335 aris

199 2359 298 2387 erectis
321 2357 375 2385 Deo
390 2364 442 2385 non
467 2355 661 2388 sacrificamus,
682 2355 761 2382 sicuti
776 2355 883 2382 divinus
897 2354 984 2382 Abra-

200 2406 275 2438 ham,
289 2412 394 2432 rursum
419 2411 468 2430 nos
498 2402 595 2436 arguit.
613 2402 657 2428 Ait
675 2402 758 2433 enim,
776 2409 825 2428 nos
839 2401 912 2428 illum
929 2408 982 2428 non

199 2451 316 2483 imitari;
339 2456 507 2484 nequaquam
524 2448 655 2475 inducens
679 2447 705 2474 in
721 2447 851 2480 animum,
869 2454 917 2474 nos
939 2455 984 2474 ve-

199 2505 258 2525 ram
272 2503 300 2524 et
313 2496 492 2524 necessariam
507 2494 564 2529 eius
579 2502 684 2521 morum
696 2493 899 2521 similitudinem
916 2494 982 2520 ade-

200 2549 262 2578 ptos
289 2551 359 2570 esse.
391 2541 458 2568 Nam
472 2542 500 2568 in
517 2541 648 2575 pra'putio
676 2548 735 2567 cum
761 2546 892 2571 essemus,
917 2539 987 2566 sicut

201 2589 246 2617 ille
262 2589 400 2620 nimirum,
418 2588 472 2614 Deo
486 2587 661 2618 credidimus,
676 2591 703 2612 et
725 2585 863 2618 iustiﬁcati
879 2593 985 2613 sumus.

201 2635 338 2669 Scriptum
354 2634 494 2661 estenim:
511 2643 520 2658 ι
539 2631 661 2660 Credidit
680 2631 816 2658 Abraham
829 2631 894 2663 Deo,
907 2635 933 2657 ct
945 2639 986 2657 rc-

201 2685 322 2714 pulatum
339 2683 380 2706 est
394 2679 417 2705 ei
432 2679 464 2705 ad
488 2678 620 2711 justitiam
639 2678 685 2704 ⁰²”.
705 2686 715 2702 ι
741 2677 893 2711 Compulati
922 2684 985 2703 vero

203 2733 296 2751 smnus
320 2724 401 2750 etiam
418 2723 488 2750 inter
504 2723 583 2756 ﬁlios,
597 2728 623 2749 et
637 2730 698 2749 eum
720 2723 877 2750 imitandum
892 2730 986 2748 susce-

202 2770 301 2804 pimus.
317 2769 507 2796 Sacriiicamus
523 2769 620 2803 quippe
633 2776 682 2794 nos
694 2768 775 2794 etiam
794 2768 888 2794 melius
904 2775 984 2799 nunc,

203 2822 283 2848 quam
300 2818 362 2840 tunc
384 2814 431 2840 illi.
448 2812 581 2848 Tempore
600 2814 669 2840 enim
689 2819 811 2848 typorum
838 2814 891 2847 typi
912 2812 985 2847 vige-

1035 1669 1104 1704 πρδς
1115 1668 1193 1695 τοῦτο
1199 1668 1384 1702 διεληλάκασι,
1396 1666 1456 1693 καθ’
1466 1666 1494 1692 ὃν
1506 1665 1662 1699 ἐπέλαμψεν
1673 1664 1687 1690 ὁ
1698 1663 1826 1699 Χριστός.

1042 1716 1248 1743 ’Δπαλλαττέτω
1264 1715 1354 1741 τοίνυν
1369 1714 1442 1749 ἡμᾶς
1454 1713 1542 1744 αἰτίας
1555 1712 1602 1738 καὶ
1612 1711 1731 1746 γραφῆς,
1750 1711 1775 1737 εί
1790 1710 1826 1746 μὴ

1036 1763 1091 1794 τοῖς
1116 1761 1211 1793 τύποις
1234 1759 1499 1796 προσερηρείσμεθα,
1527 1760 1594 1795 μήτε
1616 1758 1670 1794 μὴν
1686 1757 1827 1793 ἑορτάζειν

1043 1806 1196 1838 Ἰουδαϊκῶς
1209 1805 1363 1840 εἰθίσμεθα,
1379 1805 1582 1840 ἐπιϐεϐηκότων
1597 1805 1662 1839 ἡμῖν
1679 1804 1735 1829 τῶν
1757 1812 1826 1838 πρα-

1036 1852 1148 1888 γμάτων
1164 1852 1210 1878 ἐπὶ
1225 1851 1254 1878 τὸ
1270 1852 1380 1886 ἄμεινον
1391 1859 1397 1865 ·
1416 1851 1440 1876 εί
1455 1850 1483 1876 δὲ
1500 1850 1627 1884 ἀσχάλλει
1646 1849 1715 1884 πρὸς
1735 1849 1825 1879 τοῦτο,

1037 1899 1084 1926 καὶ
1099 1898 1154 1925 τῶν
1175 1897 1346 1933 πραγμάτων
1362 1897 1412 1932 τὴν
1433 1896 1562 1927 ἐπίδοσιν,
1576 1895 1626 1930 τὴν
1646 1896 1686 1926 είς
1704 1894 1736 1929 γέ
1756 1903 1826 1930 φημι

1036 1945 1069 1972 τὰ
1083 1945 1188 1980 βελτίω,
1203 1943 1327 1978 διαῦολῆς
1341 1943 1421 1976 ἀξιοῖ,
1437 1943 1496 1979 ὥρα
1514 1951 1566 1969 που
1579 1941 1648 1977 τάχα
1663 1942 1710 1968 καὶ
1724 1941 1825 1968 ἅπασιν

1037 1992 1118 2018 αὐτὸν
1133 1992 1188 2023 τοῖς
1201 1990 1271 2017 κατὰ
1291 1990 1337 2016 τὸν
1360 1989 1417 2024 βίον
1431 1990 1588 2024 πράγμασιν
1602 1988 1650 2022 οὐχ
1664 1987 1748 2018 ὁσίως
1763 1988 1822 2013 ὲπιι

1037 2039 1130 2074 τιμᾷν,
1146 2038 1196 2073 τὴν
1222 2037 1268 2064 ἐπὶ
1294 2037 1328 2063 τὰ
1348 2037 1463 2072 κρείττω
1487 2035 1598 2069 λαχοῦσι
1623 2034 1754 2069 πρόοδον·
1780 2034 1826 2060 καὶ

1037 2083 1115 2110 τοῦτο
1137 2083 1258 2118 ὑπάρχον
1281 2081 1380 2117 ἀληθὲς
1403 2081 1547 2113 ὲκδεῐξειεν
1569 2080 1602 2106 ἂν
1622 2080 1638 2115 ἡ
1659 2079 1702 2114 ἐφ’
1717 2079 1825 2113 ἑκάστῳ

1039 2128 1385 2165 βάσανος.¹Υποπλάττεται
1397 2128 1425 2154 δὲ
1438 2128 1467 2153 τὸ
1483 2127 1571 2152 δακεῖν
1586 2124 1655 2152 εἷναί
1678 2134 1721 2156 τις
1748 2126 1826 2152 εὐσε-

1038 2175 1098 2210 ϐὴς,
1113 2175 1158 2201 καί
1169 2182 1235 2209 φησι
1255 2173 1342 2199 σέϐειν
1358 2172 1407 2206 μὲν
1422 2172 1466 2198 τὸν
1477 2172 1543 2198 Θεὸν
1560 2171 1697 2206 Ἀϐρααμ,
1711 2168 1783 2196 εἷναί
1797 2177 1825 2195 τε

1039 2221 1126 2256 μέγαν
1149 2220 1196 2246 καὶ
1214 2219 1333 2250 δυνατὸν,
1353 2218 1399 2244 ἕνα
1415 2226 1466 2244 που
1486 2217 1555 2252 τάχα
1577 2217 1623 2243 καὶ
1646 2216 1730 2242 αὐτὸν
1756 2213 1825 2241 εἶναι

1039 2267 1126 2301 λέγων
1138 2266 1192 2293 τῶν
1207 2265 1327 2301 μερικῶν
1345 2265 1417 2291 κατά
1436 2273 1467 2298 γε
1484 2265 1584 2295 τόπους
1599 2263 1614 2298 ῆ
1632 2262 1726 2298 χώρας
1739 2271 1824 2297 τιμως

1040 2312 1130 2347 μένων
1143 2311 1222 2342 θεῶν,
1238 2310 1285 2342 οὒς
1298 2310 1330 2345 δη
1347 2310 1504 2344 πολιούχους
1522 2310 1569 2336 καὶ
1590 2308 1642 2344 μὴν
1659 2309 1708 2334 καὶ
1727 2308 1824 2343 ἐθνάρ-

1038 2367 1089 2394 χας
1110 2357 1237 2392 ὀνομάζει
1256 2355 1427 2390 πλεισταχοῦ.
1443 2355 1653 2390 Πανουργότατα
1669 2354 1761 2381 τοίνυν
1781 2356 1825 2380 καὶ

1038 2403 1198 2439 ὑποτρέχειν
1223 2411 1268 2438 μοι
1293 2402 1366 2428 δοκεῖ
1387 2402 1437 2436 τῆς
1460 2402 1501 2432 εὶς
1525 2400 1605 2427 αὐτὸν
1621 2400 1764 2431 εὐσεϐείας
1778 2399 1824 2434 τὴν

1036 2450 1157 2485 δόκησιν,
1173 2449 1202 2476 οὐ
1221 2449 1287 2475 Θεὸν
1306 2446 1375 2475 εἶναι
1390 2447 1580 2479 πεπιστευκὼς
1606 2447 1654 2472 ἕνα
1675 2446 1724 2472 καὶ
1746 2446 1824 2480 φύσει

1037 2497 1085 2523 καὶ
1100 2496 1189 2530 μόνον,
1204 2496 1249 2521 καὶ
1272 2495 1318 2521 ἐπὶ
1340 2495 1443 2526 πάντας
1465 2494 1555 2525 αὐτὸν,
1576 2493 1643 2520 ἀλλὰ
1669 2495 1726 2525 τοῖς
1752 2494 1823 2525 ἰδίοις

1037 2541 1108 2572 θεοῖς
1123 2540 1208 2572 τιθεὶς
1230 2540 1461 2575 ὲναρίθμιον.”οτι
1474 2539 1502 2566 δὲ
1516 2539 1623 2574 βωμοὺς
1637 2539 1687 2565 οὐκ
1704 2539 1823 2573 ἐγείρον-

1036 2596 1081 2618 τες
1118 2586 1312 2622 ἱερουργοῦμεν
1347 2586 1386 2622 τῷ
1417 2586 1476 2620 Θεῷ
1508 2585 1578 2612 κατὰ
1604 2586 1651 2611 τὸν
1681 2586 1821 2612 θεσπέσιον

1043 2633 1178 2668 ’Δῦραὰμ,
1193 2634 1312 2660 αἰτιᾶται
1331 2633 1411 2659 πάλιν
1429 2633 1511 2667 ἡμᾶς.
1528 2632 1565 2658 Οὐ
1579 2632 1634 2666 γὰρ
1648 2631 1681 2666 δὴ
1699 2632 1818 2666 μεμιμῆ-

1038 2678 1098 2705 σθαι
1115 2686 1198 2713 φησιν
1217 2679 1307 2710 αὐτὸν,
1326 2679 1375 2704 οὐκ
1389 2678 1486 2704 ἐννοῶν
1501 2678 1541 2704 ὅτι
1555 2678 1603 2713 τὴν
1617 2678 1704 2712 ἀληθῆ
1726 2686 1756 2704 τε
1777 2677 1819 2704 καὶ

1036 2725 1187 2758 ἀναγκαίαν
1201 2725 1255 2750 τῶν
1268 2725 1371 2751 ἐκείνου
1392 2725 1499 2758 τρόπων
1517 2724 1646 2758 ὁμοίωσιν
1669 2724 1818 2756 πεπλουτή-

1037 2777 1142 2804 καμεν·
1165 2770 1193 2796 ὲν
1216 2769 1383 2804 ἀκροϐυστίᾳ
1408 2769 1462 2804 γὰρ
1485 2768 1570 2800 ὅντες,
1585 2768 1714 2803 καθάπερ
1729 2768 1818 2802 ἀμέλει

1038 2815 1173 2846 κάκεῖνος,
1188 2815 1408 2849 πεπιστεύκαμεν
1419 2813 1458 2849 τῷ
1471 2813 1540 2849 Θεῷ,
1558 2814 1603 2841 καὶ
1612 2812 1806 2840 semuncia-1.601

238 2899 261 2915 ‘°
279 2899 355 2926 itum.
396 2908 421 2933 ς,
443 2903 468 2927 4.
505 2902 527 2917 ⁵³
548 2899 679 2933 Maltinv,
704 2901 745 2928 l7.
784 2902 882 2930 "ibid.
903 2902 945 2929 l8.

1039 2902 1099 2930 Gen.
1115 2909 1158 2934 xv,
1178 2903 1203 2928 ϋ.
