1894 3056
143 156 207 184 1031

654 160 684 188 S.
705 160 843 189 CYRILLI
863 157 1096 188 ALEXANDBINI
1118 157 1277 185 ARCIIYIZP.

1705 150 1776 179 €039.

140 216 202 242 dum
218 217 443 245 innumerabilem
466 217 665 246 multitudinem
681 222 794 249 assumi.
812 222 845 249 At
861 229 927 248 nus-

999 221 1092 254 πέρμα
1110 227 1166 246 σου.
1182 229 1190 244 ι
1211 219 1318 245 Ἐνεστι
1335 217 1423 244 τοίνυν
1447 217 1504 248 τοῖς
1529 215 1670 242 ἐθέλουσιν
1697 214 1774 245 ἰδεῖν,

141 270 221 294 quam
247 263 349 289 dictntn
373 267 416 290 est
434 282 441 294 .
469 263 557 298 ipsum
585 269 804 294 transcurrentes
836 267 929 294 stellas

140 306 312 338 observasse,
328 307 384 334 sive
395 315 442 334 eas
453 315 513 343 quas
532 315 613 336 cursu
626 311 789 344 promissum
803 312 926 344 firmant,

141 359 172 378 ac
189 357 262 378 motu
283 352 360 380 Iocali
374 353 476 387 aliquid
494 362 590 382 eorum
605 363 665 390 qum
683 357 708 383 in
721 356 777 384 Deo
794 359 920 385 recondi-

142 403 167 424 ta
181 403 254 430 sunt,
266 399 430 434 signiﬁcant.
457 401 525 434 Quid
540 401 622 435 enim,
642 403 665 430 si
693 404 726 430 ad
746 411 793 431 eas
809 409 930 432 contem-

142 443 256 477 plandas
269 450 380 472 vocatus
395 451 447 479 est,
468 451 498 474 ut
520 453 671 482 opportune
699 457 729 476 ac
755 451 876 484 apposite
902 451 927 478 ei

141 490 276 517 diceretur
293 499 300 517 :
327 499 337 516 ι
356 492 402 519 Sic
425 492 478 519 erit
488 500 579 520 semen
595 498 670 520 tuum
682 494 694 521 τ
706 503 715 520 ι
734 494 786 522 Sed
803 496 928 530 egregius

142 535 204 566 iste,
217 536 289 569 quod
304 541 405 563 temere
424 538 579 572 suspicatus
593 544 645 572 est,
670 540 794 567 veritatis
810 541 863 568 vim
878 541 927 568 ha-

141 580 206 607 bere
222 581 287 614 vult,
311 581 424 610 dicens:
442 582 496 610 Sed
513 584 584 617 quod
598 585 688 617 vellet,
709 586 816 619 opinor,
835 592 926 614 trans—

141 632 282 654 currentes
322 628 346 654 ei
369 628 464 655 stellas
491 630 645 662 ostendere,
673 635 702 657 nt
727 632 760 658 ad
783 633 925 659 verborum

143 671 312 699 manifestam
325 673 403 700 fidem
418 673 478 701 cmli
492 674 631 702 decretum
645 675 846 711 aﬂ'erret.quod
860 685 927 704 cnn-

143 723 186 743 cta
202 718 272 752 regit
286 725 317 745 ac
331 718 434 748 firmat.
453 719 493 747 lla
514 727 636 754 prorsus.
650 721 721 749 Nihil
737 723 809 749 enim
835 730 924 750 rerum

146 762 297 790 futurarum
311 771 358 791 vos
378 765 455 797 latet,
470 765 516 800 qui
538 766 630 794 stellas
653 772 881 799 transcurrentes,
900 774 928 795 et

143 808 205 835 caeli
235 808 384 842 decretum,
411 817 492 845 aquo
519 817 648 846 reguntur
671 813 774 845 omnia,
804 815 925 848 perdocti

144 853 221 880 estis.
240 853 332 881 Viden‘
349 854 426 888 istos,
438 855 537 889 quibus
553 859 617 883 sunt
633 856 736 883 fraudis
751 856 873 889 ollicinae,
900 863 928 884 et

980 267 1020 297 εἰς
1036 265 1213 300 παράδειγμα
1233 264 1317 298 σαφὲς
1331 263 1381 297 τῆς
1401 262 1557 298 ἀμετρήτου
1580 259 1711 295 πληθύος.
1728 258 1775 285 Εἴ·

980 319 1061 346 ρηται
1074 310 1103 337 δὲ
1117 309 1247 344 οὐδαμοῦ,
1264 309 1310 335 καὶ
1322 308 1384 340 τοῦς
1405 307 1459 334 τῶν
1473 307 1596 342 ἀστέρων
1611 306 1774 336 διάττοντας

980 356 1100 383 κατιδεῖν
1118 356 1209 387 αὑτὸν,
1234 356 1317 391 ἤγουν
1334 355 1363 381 τὸ
1379 353 1548 388 ἐπαγγελθὲν
1572 350 1774 387 διακυροῦντας

978 403 1034 432 τοῖς
1055 402 1181 437 δρόμοις,
1206 401 1254 428 καί
1278 402 1338 431 ταῖς
1356 399 1427 426 κατὰ
1441 399 1523 426 τόπον
1546 399 1687 433 κινήσεσιν
1703 397 1775 423 ὑπο-

979 446 1124 481 φαίνοντας
1139 455 1165 472 τι
1181 446 1235 473 τῶν
1257 446 1286 472 ἐν
1302 445 1361 479 Θεῷ
1376 443 1585 480 κεκρυμμένων.
1606 442 1638 469 Τί
1660 441 1724 477 γὰρ⁴
1746 441 1775 468 εί

979 490 1110 525 κέκληται
1123 490 1191 526 πρὸς
1207 490 1237 516 τὸ
1251 490 1315 516 ἰδεῖν
1327 490 1436 520 αὐτοὺς,
1453 489 1486 515 ἵν’
1499 489 1545 514 ἐπὶ
1563 487 1661 523 καιροῦ
1677 495 1708 513 τε
1723 486 1775 512 καὶ

979 536 1143 571 εὐαφύρμως
1162 535 1275 569 λέγηται
1292 535 1360 569 πρὸς
1377 534 1469 563 αὑτὸν.
1493 542 1502 558 ι
1521 532 1614 564 Οὕτως
1639 532 1718 558 ἔσται
1740 531 1774 556 τὸ

979 581 1089 617 σπέρμα
1101 589 1165 613 sou;
1182 591 1190 606 ι
1211 581 1239 607 '0
1253 580 1281 607 δὲ
1296 580 1461 615 πανάριστος
1478 579 1579 612 οὐτοσὶ,
1598 578 1629 604 τὸ
1641 577 1775 604 ἀὸασανί-

979 637 1048 659 στως
1063 627 1232 654 ὑποπτευθὲν
1247 628 1286 658 εἰς
1301 626 1429 660 ἀληθείας
1444 625 1557 659 δύναμιν
1573 624 1661 657 λέγων
1671 632 1677 639 ·
1687 623 1772 653 Ἀλλ’,

978 671 1067 708 οἶμαι,
1086 673 1170 705 δεῖξαι
1196 673 1259 703 τοὺς
1276 672 1431 702 διάττοντας
1447 670 1522 705 αὐτῷ
1538 670 1710 705 βουλόμενος,
1729 669 1774 694 ἵνα

977 719 1031 745 τῶν
1049 719 1179 754 ῥημάτων
1191 718 1293 753 ἐναργῆ
1309 717 1400 744 πίστιν
1415 716 1601 751 παράσχηται,
1616 715 1666 750 τὴν
1682 715 1773 741 πάντα

979 763 1144 799 κραίνουσαν
1160 764 1208 790 καὶ
1232 762 1416 797 ὲπικυροῠσαν
1433 760 1547 797 οὐρανοῦ
1571 760 1674 795 ψῆφον.
1695 760 1772 786 Πὰν-,ι

977 818 1024 843 γε·
1040 809 1069 835 οὑ
1089 809 1143 844 γὰρ
1157 809 1282 835 λανθάνει
1298 808 1370 842 ὑμᾶς
1385 806 1439 833 τῶν
1455 805 1592 841 ἐσομένων
1605 805 1694 834 οὐδὲν,
1708 805 1772 836 τοὺς

977 853 1032 880 τῶν
1046 854 1170 887 ἀστέρων
1186 853 1351 884 διάττοντας.
1374 853 1421 879 καὶ
1437 852 1485 888 τὴν
1499 851 1589 878 πάντα
1605 851 1772 885 κραίνουσαν

145 903 154 923 ι
174 898 263 926 bernte
279 900 504 927 mendaciorum?
521 900 552 927 Hi
571 901 713 929 stellarum
735 908 924 930 transcurren-

996 899 1095 934 ὐρανοῦ
1105 898 1196 933 ψῆφον
1208 898 1457 932 ὲκδεδιδαγμένους.
1476 897 1557 932 Ὁρᾷς
1569 896 1698 923 τουτουσὶ
1710 897 1773 926 τοὺς

145 945 212 970 tium
229 951 356 980 perpetua
369 947 568 981 quodammodo
580 947 761 976 admiratione
772 948 865 979 defixi,
879 957 928 984 pro

144 990 249 1025 exiguis
260 991 423 1026 quandoque
436 992 524 1020 obolis
535 1001 633 1021 arcana
647 995 764 1028 produnt
777 994 862 1030 358
871 1003 928 1022 ca:-

145 1033 232 1062 lestia.
248 1035 413 1064 Mnlierculis
429 1043 518 1066 autem
531 1040 564 1066 ad
582 1046 611 1067 se
623 1041 775 1074 pertractis,
796 1046 822 1068 et
843 1041 928 1075 impe-

145 1080 204 1108 ritte
219 1081 365 1115 plebecula:
384 1083 484 1111 animis
501 1084 609 1118 illectis,
621 1094 765 1115 cruntenas
790 1087 905 1122 implent
920 1097 927 1116 ε

144 1127 210 1159 quin
229 1127 319 1162 potius
335 1129 445 1157 minima
462 1130 556 1158 lucella
579 1132 756 1167 sulfurantes,
782 1138 836 1161 tam
851 1134 929 1168 frigi-

151 1173 193 1198 de
204 1179 389 1206 portentorum
409 1177 575 1204 narrationis
597 1179 748 1206 mercedem
774 1185 928 1216 corrogant.

144 1218 280 1251 utramvis,
297 1224 326 1245 ut
337 1220 375 1246 ait
389 1221 511 1249 veritatis
527 1222 624 1256 hostis,
643 1231 676 1250 ex
695 1230 769 1252 motu
797 1225 930 1258 siderum,

145 1262 206 1289 t'mli
222 1263 374 1297 decretum,
390 1272 445 1300 quo
469 1267 614 1294 firmantur
635 1269 738 1300 omnia,
767 1270 929 1304 percipiant.

146 1308 199 1334 Sed
215 1309 377 1344 impostores
393 1316 421 1338 et
448 1313 606 1345 mendaces,
635 1318 663 1341 et
690 1315 814 1343 veritatis
843 1316 930 1350 ignari

146 1353 225 1387 plane
248 1357 462 1390 comperiantur:
498 1357 592 1392 «Quis
610 1359 682 1386 enim
712 1361 787 1388 novit
813 1367 930 1390 mentem

146 1399 277 1427 Domini?
294 1409 303 1428 ι
322 1406 352 1428 ιιι
365 1402 496 1436 scriptum
513 1409 554 1431 est
566 1404 601 1432 ’⁵.
625 1404 746 1433 Dicimus
773 1411 873 1439 autem,
894 1407 929 1435 ab

145 1453 178 1470 eo
193 1444 293 1472 factum
307 1453 368 1474 esse
381 1447 498 1474 chorum
526 1453 672 1482 astrorum,
693 1455 850 1477 sanctorum
867 1458 931 1485 pro-

146 1490 290 1521 phetarum
316 1492 497 1527 praerogativa
525 1500 695 1529 nequaquam
712 1496 864 1530 praeditum,
885 1504 932 1523 ne-

145 1543 198 1568 que
211 1543 277 1563 sane
293 1536 361 1564 alios
373 1537 400 1564 in
416 1546 491 1569 usus.
504 1546 585 1572 quam
598 1545 626 1566 ut
640 1540 753 1568 luceant
765 1541 930 1575 hominibus,

145 1585 173 1608 ιιι
191 1582 246 1609 sint
266 1583 292 1610 in
307 1583 384 1618 signa
397 1589 562 1619 temporum.
581 1585 609 1613 Id
624 1587 696 1614 enim
711 1595 797 1615 sacra:
810 1588 933 1622 Scriptu-

147 1635 183 1653 r.e
196 1628 292 1661 probat
310 1630 470 1658 auctoritas.
490 1630 603 1659 Frustra
623 1632 707 1666 igitur
731 1633 875 1669 obstrepit.
901 1641 934 1662 ac

147 1679 249 1701 temere
268 1675 428 1708 hariolatur,
465 1684 526 1704 cum
553 1678 592 1704 ait
619 1678 786 1706 divinatione
810 1685 933 1708 astrono-

147 1718 215 1744 mica
231 1726 309 1745 usum
323 1727 384 1747 esse
394 1720 546 1748 Abraham.
561 1721 620 1749 Non
646 1723 718 1750 enim
743 1724 768 1751 ei
794 1728 934 1752 transcur-

148 1768 238 1790 rentes
249 1763 352 1797 stellas,
377 1766 425 1793 sed
453 1773 548 1794 earum
579 1767 780 1796 multitudinem
795 1775 934 1798 ostensam

147 1809 272 1837 dicimus.
289 1819 298 1835 ι
319 1810 365 1837 Sic
385 1811 456 1838 enim
482 1813 553 1846 erit.
578 1813 684 1849 inquit,
701 1822 794 1843 semen
815 1821 901 1843 tuum.
919 1826 929 1844 ι

147 1852 234 1881 Porro
250 1854 374 1884 Julianus
388 1856 475 1892 ipsum
494 1859 646 1894 augurandi
658 1865 716 1888 arte
735 1868 813 1888 usum
827 1862 875 1896 ait,
890 1863 932 1890 his

147 1898 238 1926 verbis
253 1907 262 1926 :
421 1900 423 1902 ’

452 2058 630 2089 JULIANUS.

185 2125 238 2154 Sed
253 2133 286 2154 ne
299 2126 361 2162 quis
375 2127 512 2155 existimet
522 2129 668 2157 violentam
684 2137 745 2158 esse
767 2131 931 2164 ejuscemedi

148 2170 367 2204 explicationem,
387 2173 517 2208 appositis
545 2174 577 2202 iis
598 2182 658 2209 quae
673 2176 797 2209 proxime
812 2184 933 2211 sequun-

978 945 1011 971 τὰ
1027 945 1075 979 τῆς
1096 945 1206 978 ἀπάτης
1221 943 1332 979 ἔχοντας
1357 943 1538 979 ἐργαστήρια,
1553 942 1588 968 τὰ
1604 942 1658 969 τῶν
1675 942 1772 976 ψευδο-

978 988 1076 1022 λογιῶν
1092 989 1267 1024 πωλητήρια;
1284 986 1363 1016 Οὗτοι
1377 989 1439 1019 τοὺς
1449 988 1607 1018 διάττοντας
1620 987 1677 1013 τῶν
1693 986 1774 1013 ἀστέ-

980 1044 1034 1070 ρων
1059 1035 1101 1061 ἀεί
1122 1043 1179 1066 πως
1204 1033 1478 1069 καταθαυμάζοντες,
1500 1034 1644 1068 ὀλιγίστων
1670 1032 1773 1059 ὀϐολῶν

979 1079 1035 1106 ἐσθ’
1050 1080 1095 1106 ὅτε
1119 1080 1152 1107 τὰ
1175 1081 1203 1106 ἐν
1219 1080 1343 1115 οὐρανοῖς
1363 1079 1472 1106 λαλοῦσι
1500 1080 1653 1114 μυστήρια’
1671 1079 1773 1113 γύναια

979 1124 1007 1151 δὲ
1022 1125 1250 1160 συναρπάζοντες,
1273 1125 1327 1151 τῶν
1342 1124 1476 1158 ἁγελαίων
1490 1124 1535 1150 τὸν
1557 1124 1621 1150 νοῦν
1637 1124 1773 1150 καταθέλ-

980 1179 1090 1204 γοντες,
1114 1171 1256 1206 ἁδρύνουσι
1271 1171 1307 1198 τὰ
1330 1170 1475 1205 βαλάντια·
1500 1170 1598 1205 μᾶλλον
1615 1170 1643 1196 δὲ
1670 1169 1774 1204 σμικρὰ

979 1216 1122 1251 λημμάτια
1146 1217 1394 1252 παρακλέπτοντες,
1417 1217 1465 1252 τῆς
1483 1216 1554 1243 οὓτω
1568 1216 1677 1252 ψυχρᾶς
1692 1224 1775 1250 τερα-

980 1263 1103 1296 τολογίας
1121 1263 1233 1298 μισθοὺς
1247 1263 1428 1297 ἔρανίζονται.
1450 1263 1551 1294 καίτοι,
1568 1262 1641 1289 καθὰ
1662 1270 1746 1296 φησιν
1760 1262 1775 1287 6

980 1308 1029 1343 τῆς
1052 1308 1179 1342 ἀληθεία;
1196 1309 1345 1343 ὲνστάτης,
1370 1309 1419 1343 τὴν
1439 1308 1526 1334 πάντα
1544 1307 1709 1343 κραίνουσιν
1730 1307 1775 1333 οὒ-

983 1353 1064 1388 ρανοῦ
1081 1353 1172 1388 ψῆφον
1188 1355 1220 1389 τῇ
1242 1354 1296 1380 τῶν
1313 1354 1435 1389 ἀστέρων
1451 1354 1558 1389 κινήσει
1582 1352 1774 1388 μανθάνοντες.

981 1399 1100 1430 Φένακες
1113 1399 1141 1425 δὲ
1164 1399 1212 1426 καὶ
1235 1399 1393 1434 ψευδοεπείς
1413 1399 1460 1426 καὶ
1480 1399 1533 1425 τῶν
1547 1399 1684 1433 ἀληθινῶν
1698 1398 1775 1425 οὐδὲν

981 1443 1081 1475 εἰδότες
1092 1444 1180 1472 ἁλοῖεν
1194 1445 1237 1471 ἄν.
1249 1444 1311 1475 «Τίς
1323 1445 1378 1480 γὰρ
1392 1444 1461 1479 ἑγνω
1473 1444 1535 1471 νοῦν
1553 1445 1671 1480 Κνρίου;
1683 1454 1693 1469 ι
1703 1444 1776 1471 κατὰ

981 1490 1013 1516 τὸ
1029 1489 1232 1526 γεγραμμένον,
1257 1491 1424 1526 Πεποιῆσθαι
1442 1491 1470 1517 δέ
1487 1499 1576 1526 φαμεν
1600 1492 1668 1526 παρ’
1691 1491 1775 1518 αὐτοῦ

982 1536 1035 1562 τῶν
1058 1537 1180 1572 ἀστέρων
1209 1537 1299 1572 χορὸν,
1323 1537 1356 1563 οὐ
1373 1537 1404 1563 τὸ
1427 1537 1481 1563 τῶν
1505 1537 1592 1571 ἁγίων
1626 1536 1776 1572 προφητῶν

984 1582 1092 1616 ἀξίωμα
1112 1583 1314 1617 περικείμενον,
1333 1583 1395 1609 οὕτε
1425 1583 1478 1618 μὴν
1502 1583 1542 1616 ἐφ’
1566 1583 1671 1617 ἑτέροις
1694 1583 1775 1613 τισὶν,

985 1627 1055 1662 πλὴν
1068 1629 1109 1654 ὅτι
1126 1628 1206 1662 μόνον
1223 1628 1267 1654 ἴνα
1281 1629 1412 1663 φαίνωσιν
1424 1631 1478 1660 τοῖς
1495 1629 1541 1655 ἐπὶ
1559 1630 1620 1663 γῆς.
1635 1627 1691 1655 εἷεν
1708 1629 1730 1655 δ’
1744 1629 1776 1655 ἂν

984 1675 1024 1705 εἰς
1052 1674 1157 1709 καιρῶν
1184 1675 1295 1709 σημεῖα.
1332 1675 1538 1710 Μεμαρτύρηχε
1566 1675 1620 1710 γὰρ
1648 1674 1722 1701 οὕτω
1747 1675 1777 1700 τὸ

984 1719 1105 1754 Γράμμα
1132 1719 1162 1746 τὸ
1189 1720 1270 1755 ἱερόν.
1299 1720 1471 1756 Παρατρύςει
1498 1720 1528 1755 δὴ
1556 1719 1602 1747 οὖν
1622 1721 1703 1755 εἰκῆ,
1729 1721 1777 1746 καὶ

983 1764 1207 1801 διατεκμαίρεται
1226 1767 1325 1802 μάτην,
1339 1768 1372 1802 τῇ
1391 1767 1434 1793 διὰ
1448 1767 1501 1793 τῶν
1519 1767 1641 1802 ἀστέρων
1659 1767 1776 1801 μαντικῇ

983 1811 1136 1846 κεχρῆσθαι
1150 1811 1236 1846 λέγων
1250 1812 1296 1838 τὸν
1313 1812 1448 1848 Ἀϐραάμ.
1462 1813 1499 1839 Οὐ
1513 1814 1567 1847 γάρ
1578 1820 1618 1838 τοι
1630 1811 1695 1843 τοὺς
1707 1812 1779 1838 διάτ-

983 1864 1081 1888 τοντας
1095 1857 1149 1883 τῶν
1170 1857 1305 1893 ἀστέρων,
1330 1858 1398 1884 ἀλλᾶ
1419 1858 1450 1884 τὸ
1465 1857 1566 1892 πλῆθος
1584 1857 1660 1892 αὐτῷ
1686 1866 1778 1893 παρα-

983 1903 1118 1938 δεδεῖχθαί
1134 1912 1233 1939 φαμεν.
1249 1913 1259 1928 ι
1273 1903 1351 1930 Οὕτω
1364 1904 1418 1939 γὰρ
1434 1904 1520 1936 ἔσται,
1533 1905 1609 1939 φησὶ,
1624 1904 1654 1930 τὸ
1666 1904 1779 1938 σπέρμα

984 1957 1042 1976 σου.
1056 1958 1065 1974 ›
1081 1949 1258 1981 οἰωνίζεσθαι
1274 1949 1303 1976 δὲ
1318 1950 1387 1985 πρὸς
1402 1949 1488 1984 τούτῳ
1504 1950 1586 1985 φησὶν
1601 1949 1694 1981 αὑτὸν,
1728 1949 1779 1976 ost

985 1994 1132 2030 γεγραφώς
1148 2002 1156 2009 ·

1285 2063 1479 2090 ΙΟΥᾹΙΑΝΟΣ.

1020 2132 1114 2163 Ὅπως
1133 2132 1161 2159 δὲ
1181 2133 1217 2168 μή
1237 2141 1278 2164 τις
1295 2132 1420 2168 ὑπολάϐῃ
1436 2132 1522 2167 βίαιον
1538 2132 1607 2158 εἶναι
1621 2132 1671 2167 τὴν
1686 2132 1779 2159 τοιαῦ-

983 2185 1032 2212 την
1047 2177 1186 2212 ἐξήγησιν,
1198 2177 1296 2213 ἑφεξῆς
1308 2179 1357 2205 ὅσα
1374 2179 1533 2215 πρόσκειται
1547 2178 1692 2213 παραθεὶς,
1704 2178 1779 2213 αὐτῷ

149 2221 202 2248 tur,
236 2217 410 2246 confirmabo.
439 2219 576 2253 Scripttnn
605 2221 679 2248 enim
705 2227 748 2249 est
776 2223 929 2258 deinceps:

996 2223 1168 2258 τιστώσομαι.
1192 2224 1348 2259 Γέγραπται
1370 2225 1424 2260 γὰρ
1448 2223 1528 2259 ἑξῆς·
1547 2233 1556 2249 ι
1572 2221 1638 2250 Εἷπε
1663 2224 1692 2250 δὲ
1711 2225 1779 2259 πρὸς

151 2270 162 2287 ι
181 2262 253 2289 Dixit
267 2268 357 2290 autem
369 2264 402 2291 ad
419 2265 505 2299 ipsum
522 2275 529 2292 :
546 2266 602 2300 Ego
616 2274 677 2294 sum
696 2268 776 2301 Deus,
804 2270 851 2304 qui
864 2270 932 2297 edu-

149 2307 176 2334 xi
202 2312 228 2334 te
243 2307 276 2335 de
289 2309 397 2342 regione
409 2310 609 2344 Chaldaeorum,
629 2317 658 2340 ut
686 2314 746 2341 dem
760 2315 807 2341 tibi
834 2320 933 2343 terram

150 2352 222 2380 hanc
249 2353 276 2380 in
304 2354 502 2384 hereditatem.
536 2357 609 2384 Dixit
633 2363 744 2386 autem:
775 2360 935 2389 Dominator

151 2398 274 2431 homine,
288 2400 313 2426 in
325 2408 380 2435 quo
391 2409 551 2437 cognoscam
567 2404 638 2438 quod
655 2405 819 2433 lmreditabo
834 2406 935 2440 illam?

149 2443 222 2471 Dixit
238 2450 328 2472 autem
342 2447 367 2474 ei
383 2456 390 2474 :
420 2447 503 2475 Sttme
523 2449 588 2476 mihi
602 2449 748 2484 juvencam
772 2451 891 2485 trimam,
906 2457 935 2480 et

148 2497 258 2524 capram
273 2493 391 2527 trimam,
408 2499 435 2521 ct
448 2495 560 2523 arietem
581 2497 702 2529 trimum,
731 2502 758 2525 et
788 2503 931 2531 turturem,

148 2540 175 2562 et
190 2535 353 2566 columbam.
369 2537 481 2573 Accepit
503 2544 594 2566 antem
619 2540 670 2567 sibi
689 2541 747 2568 hmc
769 2542 872 2573 omnia,
905 2547 933 2568 et.

149 2581 240 2608 divisit
258 2589 288 2608 ea
303 2583 391 2610 media
412 2593 419 2611 :
441 2590 467 2611 et
484 2586 574 2619 posuit
599 2593 630 2613 ea
647 2590 742 2613 contra
774 2586 870 2614 facient
893 2587 933 2613 a|<

151 2631 236 2653 terum
253 2627 332 2655 alteri
345 2637 351 2655 :
365 2637 430 2657 aves
440 2635 529 2658 autent
543 2638 595 2658 non
607 2631 711 2659 divisit.
727 2632 930 2660 Descenderuot

149 2678 240 2699 autem
256 2682 320 2702 aves
353 2683 434 2709 super
458 2676 616 2710 divisiones,
645 2683 672 2704 et
703 2685 765 2705 cum
793 2679 831 2706 eis
866 2679 936 2706 sedit

151 2718 288 2747 Abraham
302 2720 347 2748 “'.
368 2730 378 2747 ι
394 2722 610 2751 Animadvertite
640 2723 699 2759 ejus
725 2724 770 2759 qni
801 2725 937 2759 apparuit,

153 2764 210 2790 sive
238 2766 350 2800 angelus
369 2767 391 2794 is
405 2772 476 2800 erat,
494 2775 542 2795 seu
559 2768 641 2802 Deus,
672 2770 876 2804 praedictionem
890 2770 937 2797 lir-

189 2849 211 2865 "
227 2850 289 2884 Sep.
308 2859 345 2886 tx,
362 2853 416 2886 l3;
434 2855 502 2882 Itoni
531 2863 568 2883 xt.
585 2856 629 2884 Si.
669 2857 701 2873 ’δ’
717 2857 785 2885 Gen.
803 2865 847 2891 xv,
867 2857 941 2886 7-ll.

987 2268 1082 2294 αὐτόν·
1104 2268 1174 2301 Ἐγώ
1191 2269 1248 2302 είμι
1262 2270 1275 2296 ὁ
1288 2269 1352 2300 Θεὸς
1365 2271 1379 2295 ὁ
1394 2268 1498 2303 ἐξάγων
1510 2277 1538 2295 σε
1554 2269 1586 2295 ἐκ
1600 2268 1693 2304 χώρας
1707 2270 1778 2295 Χαλ-

986 2314 1079 2344 δαίων,
1094 2314 1162 2340 ὥστε
1178 2314 1270 2341 δοῦναί
1290 2323 1330 2341 σοι
1351 2315 1401 2350 τὴν
1417 2315 1468 2350 γῆν
1488 2315 1590 2350 ταύτην
1605 2315 1778 2350 κληρονομῆ-

987 2367 1042 2386 ut.
1055 2357 1122 2386 Εἷπε
1136 2359 1164 2386 δέ
1174 2367 1181 2375 ⁸
1195 2359 1318 2386 Δέσποτα
1331 2359 1428 2394 Κύριε,
1443 2359 1514 2386 κατὰ
1527 2359 1553 2385 τί
1568 2359 1720 2394 γνώσομαι,
1737 2360 1775 2385 ὅτι

986 2405 1181 2440 κληρονομήσω
1205 2406 1305 2441 αὺτήν;
1324 2404 1390 2432 Eii-.2
1408 2406 1437 2432 δὲ
1458 2405 1549 2440 αὐτῷ·
1568 2405 1640 2432 Λάϐε
1659 2414 1705 2440 μοι
1730 2405 1776 2431 δά-

988 2451 1068 2485 μαλιν
1081 2451 1279 2486 τριετίζουσαν.
1294 2452 1340 2478 καὶ
1353 2449 1417 2485 αἶγα
1432 2451 1629 2486 τριετίζουσαν,
1642 2452 1689 2477 καὶ
1703 2453 1776 2485 κριον

985 2496 1163 2530 τριετίζοντα,
1176 2497 1224 2523 καὶ
1239 2497 1367 2532 τρυγόνα,
1384 2497 1430 2523 καὶ
1445 2499 1619 2532 περιστεράν.
1634 2497 1737 2523 Ἐλαὸε
1749 2496 1775 2522 δὲ

987 2541 1061 2577 αὑτῷ
1085 2542 1173 2569 πάντα
1198 2543 1303 2573 ταῦτα,
1329 2544 1375 2569 καὶ
1398 2543 1495 2569 διεῖλεν
1521 2543 1591 2569 αὐτὰ
1617 2542 1709 2576 μέσα*
1730 2543 1774 2568 καὶ

988 2587 1084 2623 ἔθηκεν
1097 2589 1166 2615 αὐτὰ
1180 2589 1375 2624 ἀντιπρόσωπα
1395 2589 1517 2624 ἀλλήλοις
1528 2597 1535 2604 ·
1553 2589 1585 2615 τὰ
1602 2588 1630 2615 δὲ
1647 2588 1731 2623 ὄρνεα
1746 2589 1773 2614 οὐ

988 2634 1079 2660 διεῖλε.
1100 2635 1210 2670 Κατέόη
1228 2635 1256 2661 δὲ
1272 2635 1354 2670 ὄρνεα
1377 2635 1423 2661 ἐπὶ
1441 2635 1475 2661 τὰ
1498 2635 1714 2669 διχοτομήματα,
1731 2634 1774 2660 καὶ

990 2679 1163 2706 συνεκάθισεν
1190 2680 1281 2712 αὐτοῖς
1306 2681 1441 2715 Ἀϐραάμ.
1458 2690 1466 2705 ι
1496 2681 1551 2716 Τήν
1573 2679 1620 2706 τοῦ
1647 2680 1774 2714 φανέντος

990 2725 1105 2759 ἀγγέλου
1124 2726 1286 2761 πρόρρησιν,
1304 2727 1363 2761 ἦτοι
1381 2726 1459 2758 Θεοῦ,
1475 2725 1520 2753 διὰ
1536 2726 1587 2761 τῆς
1604 2725 1774 2758 οἱωνιστιχῆς

992 2772 1070 2807 ὁρᾶτε
1080 2772 1292 2808 κρατυνομένην,
1302 2773 1359 2807 οὐχ.
1373 2773 1469 2808 ὥσπερ
1480 2772 1569 2808 ὑμεῖς,
1584 2772 1616 2798 ἐκ
1624 2771 1772 2807 παρέργου,
