1894 3056
142 197 214 225 1053

711 194 850 224 CONTRA
871 193 1044 222 JULIANUBI
1066 194 1129 223 LIB.
1151 195 1183 222 Χ.

1696 195 1766 224 tos;

144 255 215 291 μετὰ
237 253 336 281 Θυσιῶν
361 253 389 280 δὲ
412 253 462 288 τῆς
481 255 611 288 μαντείας
629 254 850 288 ἐπιτελουμένης.
865 253 922 287 Φησ

987 253 1067 284 mari,
1081 261 1148 285 non,
1167 258 1196 280 ut
1215 260 1262 280 vos
1281 253 1381 285 dicitis.
1403 253 1506 285 obiter:
1524 254 1571 281 sed
1582 253 1710 281 adhibitis
1728 255 1764 282 ri-

141 300 183 332 et,
200 301 241 326 ὅτι
255 301 289 335 τῇ
304 299 358 326 τῶν
373 299 477 326 οἰωνῶν
490 300 636 334 ὲπιπτήσει
652 299 763 334 βεϐαίαν
782 299 866 332 ἔδειξε
884 299 933 333 τὴν

141 345 320 380 ἐπαγγελίαν.
339 345 512 380 ’Δποδὲχεται
526 345 554 371 δὲ
566 345 615 380 τὴν
630 345 720 372 πίστιν
732 345 779 371 τοῦ
797 344 932 380 Ἀϐραὰμ,

141 388 340 424 προσεπάγων,
361 388 402 414 ὅτι
430 388 494 416 ἄνευ
521 388 650 424 ἀληθείας
677 389 770 420 πίστις
793 389 932 424 ἠλιθιότης

142 433 215 460 ἔοικέ
234 442 275 465 τις
298 431 368 460 εἶναι
393 433 440 460 καὶ
463 434 659 470 ἐμϐροντησία.
684 434 740 470 Τὴν
756 435 784 461 δὲ
801 434 932 470 ἀλήθειαν

141 480 193 506 οὐκ
207 479 309 506 ἔνεστιν
325 480 357 506 ὲκ
370 479 449 514 ψιλοῦ
468 481 599 516 ῥήματος,
622 480 689 507 ἀλλὰ
703 481 756 515 χρή
774 489 799 507 τι
815 481 862 507 καὶ
879 489 931 507 πα-

144 525 342 560 ρακολουθῆσαι
360 526 415 556 τοῖς
432 525 520 559 λόγοις
536 526 650 561 ἐναργὲς
667 527 789 561 σημεῖον,
803 526 817 552 ὃ
832 525 933 552 πιστώ-

142 578 218 597 σεται
232 570 376 605 γενόμενον
391 571 440 597 τὶιν
453 571 492 601 εἰς
508 570 539 597 τὸ
557 571 651 606 μέλλον
666 571 853 606 πεποιημένην
869 579 933 606 προ-

142 616 301 651 αγόρευσιν.

442 662 630 689 ΚΥΡΙΛΛΟΣ.

183 707 434 743 Ἐκκεκαπήλευται
467 707 549 734 πάλιν
577 708 606 734 ὲν
632 708 737 740 τούτοις
767 708 822 735 τῶν
850 707 931 743 ἱερῶν

143 755 317 789 Γραμμάτων
330 755 347 789 ὴ
363 754 464 786 πίστις.
484 755 630 790 ’Δποςρέρει
653 755 708 790 γὰρ
725 753 778 780 τῶν
797 755 825 781 ἐν
840 754 932 786 αὐτοῖς

142 799 251 826 ἐννοιῶν
269 799 382 835 δύναμιν
404 800 444 832 εἰς
468 800 498 826 τὸ
513 800 587 835 αὑτῷ
605 809 636 826 τε
651 801 698 827 καὶ
719 800 792 835 μόνῳ
808 799 855 826 καὶ
871 799 931 827 λίαν

141 846 369 878 ἀκατασκέπτωτ,
382 845 431 872 οὐκ
448 843 496 873 οἷδ’
508 846 593 878 ὅπως,
612 846 824 881 ὑπειλημμένον.
835 845 931 872 Καίτοι

140 892 261 918 τοιοῦτον
277 892 357 919 αὐτὸν
372 892 517 927 ὑπομεῖναί
532 901 602 927 φημι
613 912 620 922 ,
638 891 728 918 ὁποῖόν
743 900 796 924 περ
812 891 844 918 ἂν
862 899 931 925 συμ-

141 937 228 964 ϐαίνει
258 937 418 969 πλειστάκις
441 939 496 970 τοῖς
521 926 580 969 ταῖς
603 938 774 969 διαττούσαις
803 937 930 971 νεφέλαις
946 926 967 953 Β

141 984 235 1010 ἐνιεῖσι
247 983 293 1010 τὸν
308 983 456 1019 ὀφθαλμόν.
469 983 577 1010 Οῖονται
596 984 645 1019 μὲν
660 984 715 1020 γὰρ
728 985 751 1010 oi
765 983 844 1010 τοῦτο
863 983 929 1019 δρᾷν

142 1028 280 1062 εἰωθότες,
302 1029 470 1066 κενταύρους
493 1029 549 1056 ἐσθ’
567 1030 612 1056 ὅτε
628 1029 715 1062 τινὰς,
731 1029 779 1056 καὶ
801 1029 928 1062 λέοντας,

141 1075 188 1101 καὶ
203 1075 257 1110 μὴν
273 1075 320 1102 καὶ
339 1074 499 1110 ἀνθρώπους
522 1075 598 1110 ὁρᾷν,
619 1074 815 1107 είδοποιοῦντος
838 1075 929 1106 αὐτοῖς

139 1121 188 1148 τοῦ
200 1121 246 1149 νοῦ
266 1122 300 1148 τὰ
318 1122 512 1158 ὠνομασμένα,
535 1123 582 1148 καὶ
597 1119 652 1148 οἷόν
669 1130 723 1148 τισι
739 1123 828 1153 σκιαῖς
849 1122 929 1156 ἐνση-

141 1167 306 1202 μαινομένου
318 1167 371 1194 τῶν
385 1167 574 1203 ὑφεστηκότων
586 1167 671 1194 οὐδέν.
688 1167 794 1202 Χρῆναι
807 1167 837 1193 δὲ
853 1165 929 1202 οἶμαι

137 1211 187 1238 τοῦ
209 1212 281 1239 Θείου
298 1212 463 1248 Γράμματος
483 1212 545 1240 νοῦν
568 1213 669 1248 ἐναργῆ
686 1214 855 1248 καταστῆσαι
873 1214 929 1244 τοῖς

139 1257 299 1292 ὁρωμένοις.
314 1258 414 1284 Είδεῖεν
429 1258 483 1292 γὰρ
503 1256 553 1285 ὧδέ
574 1266 606 1291 γε
626 1258 673 1284 καὶ
688 1257 737 1292 οὐχ
754 1258 857 1293 ἑτέρως
877 1257 929 1292 ψυ-

141 1303 323 1337 χρολογοῦντα
339 1303 419 1331 πάλιν
442 1304 534 1331 αὐτόν.
558 1303 756 1339 Ἐπηγγέλλετο
781 1303 830 1338 μὲν
847 1303 901 1338 γὰρ
915 1304 929 1329 ὀ

139 1348 195 1374 τῶν
210 1349 278 1375 ὅλων
292 1349 357 1381 Θεὸς
371 1349 422 1384 γῆν
436 1348 595 1384 χαρίζεσθαι
610 1349 648 1384 τῷ
669 1348 805 1384 Ἀϐραὰμ,
819 1348 856 1380 ὡς
872 1349 930 1374 ἐσο-

141 1393 226 1428 μένην
239 1393 288 1420 οὒκ
304 1394 343 1424 εἰς
360 1393 468 1429 μακρὰν
482 1393 592 1429 ἐμπλεώ
609 1402 638 1420 τε
653 1394 699 1420 καὶ
712 1394 854 1428 οἰκήσιμον
873 1394 929 1424 τοῖς

139 1438 195 1464 ἀπὸ
209 1438 255 1465 τοῦ
268 1439 423 1474 σπέρματος
433 1439 525 1466 αὑτοῦ.
539 1438 647 1473 Ἐπειδὴ
660 1438 687 1464 δὲ
701 1438 750 1471 τῆς
765 1437 929 1472 ἐπαγγελίας

139 1485 170 1510 τὸ
185 1484 299 1519 μέγεθος
310 1476 395 1511 ἐδόκει
408 1493 466 1516 πως
477 1481 546 1511 εἶναι
559 1485 683 1520 κρεῖττον
694 1483 806 1518 ἐλπίδοςι
818 1483 861 1518 (τὰ
876 1484 930 1518 γάρ

138 1537 181 1556 τοι
195 1529 249 1556 τῶν
266 1529 436 1565 πραγμάτων
449 1529 567 1566 ἁδόκητα
580 1529 628 1556 καὶ
646 1529 819 1556 ἀπιστεῖσθαι
834 1529 929 1564 φιλεῖ),

141 1576 255 1610 σημεῖον
267 1576 350 1602 αἰτῶν
364 1575 517 1612 προσετίθει
531 1575 632 1609 λέγων·
649 1585 658 1601 ‹
672 1575 805 1607 Δέσποτα,
821 1575 892 1602 κατὰ
903 1575 930 1601 τί

140 1621 281 1656 γνώσομαι
292 1621 386 1654 τοῦ-τος
399 1631 409 1647 ι
424 1622 498 1648 Ἔδει
514 1621 564 1656 μὲν
578 1620 623 1648 οὖν
641 1623 701 1647 κατ’
716 1621 811 1648 οὐδένα
828 1621 928 1656 τρόπον

139 1668 209 1694 Θεοῦ
230 1669 355 1702 λέγοντος
370 1668 505 1695 ἐνδοιάσαι
520 1669 565 1695 τὸν
586 1667 750 1704 πρεσϐύτην.
772 1667 882 1703 Ἐπειδὴ
901 1667 928 1694 δὲ

139 1710 174 1747 ἦν
193 1714 222 1739 ἐν
244 1714 343 1749 ἀρχαῖς
357 1713 404 1739 τοῦ
417 1712 555 1739 πιστεύειν
570 1713 620 1744 ἔτι,
636 1712 847 1747 συγκαθίσταται
864 1711 930 1744 θεὸς

140 1759 226 1794 αὐτῷ,
248 1759 340 1786 καὶτὸ
359 1759 474 1795 βεϐηκὸς
497 1759 537 1790 εἰς
554 1759 695 1786 εὐσέϐειαν
719 1759 766 1785 καὶ
789 1758 930 1794 ἰδρυμένον

139 1805 324 1840 ἐπιστηρίζων
337 1806 366 1831 ὲν
380 1804 465 1840 αὐτῷ,
482 1805 529 1831 καὶ
545 1806 578 1831 ἐκ
593 1804 694 1840 πολλῆς
705 1805 775 1839 ἄγαν
792 1805 840 1840 τῆς
855 1803 930 1830 ἑνού-

141 1860 193 1886 σης
205 1851 280 1886 αθτῷ
305 1851 490 1886 γαληνότητος
506 1850 690 1886 ἀρρωστοῦντι
710 1850 878 1885 δωρούμενος
894 1849 928 1876 τὰ

139 1897 180 1928 εἰς
200 1896 295 1924 ἄκεσιν
309 1896 492 1931 ὀλιγοψυχίας,
508 1897 582 1931 ὅρκῳ
605 1895 766 1922 πιστοῦσθαι
780 1895 829 1931 τὴν
843 1896 928 1930 ἐπαγ-

139 1942 234 1976 γελίαν
249 1941 354 1978 ἢθελεν.
371 1942 440 1968 Ἀλλ’
448 1939 482 1977 ἦν
498 1942 527 1967 ὲν
540 1941 595 1968 ἔθει
608 1941 752 1972 Χαλδαίοις
766 1941 829 1973 τοὺς
845 1941 929 1975 ἀσφα-

140 1987 285 2023 λεστέρους
302 1987 437 2014 ποιεῖσθαι
456 1987 510 2014 τῶν
526 1987 615 2022 ὅρκων
630 1987 674 2013 διὰ
692 1986 781 2022 μέσων
794 1986 862 2013 ἰοῦσι
874 1986 929 2013 τῶν

140 2034 375 2069 διχπομημάτων,
401 2033 448 2060 καὶ
472 2033 564 2068 νόμοις
590 2033 681 2065 αὐτοῖς
702 2033 846 2069 ἐγχωρίοις
866 2032 928 2060 ἐϐε-

140 2079 235 2106 ϐαίουν
254 2080 285 2106 τὸ
299 2080 404 2115 χρῆμα.
418 2079 503 2106 Τοῦτό
515 2088 554 2106 τοι
571 2079 637 2115 δρᾷν
659 2079 808 2111 ἐπιτάττει,
823 2079 909 2114 λέγων
919 2087 927 2094 ·

144 2134 153 2151 ι
169 2125 242 2152 Λάϐε
261 2134 305 2161 μοι
327 2125 443 2160 δάμαλιν
463 2124 659 2160 τριετίζουσαν,
682 2125 728 2151 καὶ
746 2123 811 2160 αἶγα
827 2125 928 2161 τριετί-

141 2171 250 2203 ζουσαν,
268 2171 315 2198 καὶ
330 2171 404 2207 κριὸν
420 2170 596 2206 τριετίζοντα,
612 2171 659 2197 καὶ⁹
673 2171 800 2206 τρυγόνα,
815 2172 862 2198 καὶ
878 2180 926 2198 πε-

143 2219 287 2254 ριστεράν·
301 2228 310 2243 ι
329 2218 343 2245 ὃ
360 2218 392 2254 δὴ
414 2218 460 2244 καὶ
484 2216 513 2245 εὖ
543 2217 615 2253 μάλα
642 2218 730 2250 συνεὶς
753 2219 767 2244 ὁ
786 2218 929 2250 θεσπέσιος

985 298 1074 324 ctin-is
1085 298 1251 325 divinatione
1261 303 1381 332 peracta.
1398 299 1578 331 Dicitautem,
1592 300 1664 333 quod
1676 299 1766 327 avium

984 343 1110 370 advolaln
1124 344 1228 371 ﬁrmam
1245 345 1395 372 ostenderit
1417 352 1477 372 esse
1499 344 1718 378 promissionem.
1734 345 1767 372 Et

984 396 1048 415 vero
1065 389 1143 415 ﬁdetn
1161 388 1277 415 Abrahte
1294 388 1398 423 probat.
1420 396 1480 416 cum
1499 389 1583 422 addit,
1603 389 1682 416 tidem
1694 389 1767 416 veri-

985 440 1038 461 tate
1050 442 1171 465 vacuant,
1187 434 1324 461 vesaniam
1354 440 1380 461 et
1397 434 1513 461 furorem
1527 434 1589 468 jure
1604 434 1688 461 videri
1705 442 1767 462 :ve-

985 480 1094 507 ritatem
1108 485 1200 507 autent
1227 488 1280 507 non
1295 486 1421 508 constare
1454 480 1526 508 nudo
1550 480 1690 512 vocabulo.
1719 481 1767 508 sed

983 533 1096 553 necesse
1109 533 1169 553 csse
1185 531 1212 552 ιιι
1229 526 1384 552 orationem
1395 530 1526 560 prmterea
1540 525 1646 557 signum
1658 525 1766 560 aliquod

982 571 1209 605 sequ:itur;quod
1228 571 1270 597 ubi
1303 571 1459 604 contigerit,
1491 571 1570 598 ﬁdem
1602 571 1685 598 faciat
1708 571 1766 605 ejus

982 624 1041 652 qua:
1060 617 1086 644 in
1108 616 1226 644 futurum
1241 617 1312 644 facta
1324 621 1364 644 est
1376 616 1571 650 prtedictionis.

1280 661 1464 690 CYRILLUS.

1017 708 1100 744 359
1113 707 1230 736 Rursum
1243 708 1288 735 hic
1304 707 1451 735 adulterata
1465 711 1508 735 est
1521 707 1555 735 ab
1575 715 1608 735 eo
1624 715 1764 735 sacrarum

982 754 1145 782 Litterarum
1162 755 1239 781 ﬁdes.
1253 753 1351 780 Earum
1361 754 1460 788 quippe
1473 753 1527 780 vim
1543 758 1571 780 et
1597 753 1763 781 inlellectum

983 799 1110 827 transfert
1125 799 1158 827 ad
1173 807 1250 826 suam
1280 799 1360 826 unius
1390 803 1508 826 mentem
1539 803 1567 826 et
1595 799 1763 833 opinionem,

982 853 1173 880 quamcunque
1188 850 1289 872 temere
1306 845 1357 872 sibi
1373 844 1491 872 ﬁnxerit.
1508 844 1572 872 Nam
1586 852 1637 879 ego
1648 845 1763 879 idipsunt

982 894 1006 921 ci
1021 893 1129 920 evenire
1142 897 1241 923 statuo,
1252 893 1323 925 quod
1336 899 1406 925 sape
1422 891 1556 925 contingit
1569 891 1602 918 iis
1613 890 1659 925 qui
1675 896 1764 918 trans-

981 942 1123 966 currentes
1143 938 1227 964 nubes
1256 936 1353 964 deﬁxis
1381 935 1528 967 luminibus
1542 936 1687 970 aspiciunt.
1709 935 1764 963 Pu-

981 983 1124 1010 tanteoim
1135 983 1180 1016 qui
1209 982 1260 1010 hoc
1288 981 1435 1009 identidem
1462 979 1585 1013 iaciunt.
1620 984 1765 1008 centauros

980 1028 1114 1056 interdum
1132 1028 1248 1062 aliquos,
1269 1035 1303 1055 ac
1327 1027 1429 1059 leones,
1446 1034 1551 1054 necnon
1580 1027 1705 1054 homines
1734 1035 1764 1056 se

980 1074 1070 1102 videre
1081 1082 1088 1106 ;
1100 1081 1160 1100 cum
1177 1082 1208 1101 ea
1225 1081 1301 1101 mens
1315 1073 1434 1107 efﬁngat,
1456 1080 1489 1099 ac
1501 1072 1572 1100 velut
1587 1073 1691 1100 tnnbris
1703 1073 1764 1108 qui-

979 1122 1093 1148 busdam
1105 1129 1149 1148 res
1168 1121 1194 1147 in
1211 1127 1240 1148 se
1255 1119 1353 1148 formet
1369 1128 1429 1154 quae
1450 1120 1529 1155 plane
1547 1128 1599 1147 non
1613 1120 1761 1147 exsistttnt.

980 1167 1032 1195 Sed
1046 1167 1142 1194 tiiviltﬂ‘.
1154 1167 1302 1200 Scriptura!
1315 1173 1427 1194 sensum
1444 1167 1566 1194 arbitror
1593 1166 1762 1193 auditoribus

979 1213 1121 1241 e~seclare
1141 1213 1358 1246 proponendum.
1374 1211 1431 1239 Hoc
1459 1211 1532 1238 enim
1559 1217 1650 1247 pacto,
1682 1219 1763 1246 quam

981 1259 1095 1294 frigidus
1110 1258 1155 1285 ille
1169 1259 1204 1285 sit
1219 1265 1250 1285 ac
1276 1265 1371 1288 vanus.
1392 1258 1498 1285 cunctis
1524 1265 1619 1285 rursus
1652 1258 1763 1292 patebit.

981 1303 1109 1331 Promisit
1128 1304 1228 1337 quippe
1242 1303 1361 1330 universi
1380 1303 1451 1330 Deus
1467 1307 1568 1330 terram
1595 1310 1624 1330 se
1635 1304 1763 1330 daturum

979 1349 1144 1381 Abrahamu,
1168 1356 1228 1383 quae
1243 1355 1296 1375 non
1313 1349 1397 1375 multo
1415 1353 1476 1383 post
1493 1353 1614 1383 tempore
1631 1348 1764 1383 implenda

981 1395 1053 1422 foret
1071 1398 1099 1421 et
1113 1395 1148 1421 ab
1174 1393 1234 1429 ejus
1249 1394 1356 1421 semine
1371 1394 1560 1420 inhabitanda.
1591 1393 1656 1420 Cum
1674 1398 1764 1420 autem

980 1440 1167 1475 promissionis
1181 1440 1339 1474 magnitudo
1354 1447 1428 1475 spem
1454 1440 1655 1475 quodammodo
1684 1447 1766 1474 supe-

981 1495 1042 1514 rare
1053 1486 1192 1514 videretur
1215 1485 1287 1521 (qua:
1312 1485 1386 1514 enim
1413 1486 1550 1520 insperata
1576 1490 1652 1517 sunt,
1682 1486 1764 1513 etiam

980 1533 1052 1560 credi
1068 1540 1121 1560 non
1135 1532 1243 1567 solent),
1261 1533 1365 1568 signum
1379 1536 1473 1566 petens
1498 1532 1618 1559 addidit:
1643 1540 1655 1557 ‹
1673 1531 1765 1558 ῡοιηῑ-

982 1587 1026 1611 ne,
1040 1579 1066 1606 iu
1081 1586 1134 1613 quo
1146 1586 1308 1612 cognoscant
1325 1578 1394 1604 hoc?
1412 1587 1421 1602 ι
1439 1577 1520 1612 Atqui
1549 1576 1604 1604 Deo
1626 1576 1763 1610 loquente,

983 1632 1075 1652 senem
1088 1624 1170 1652 istum
1184 1624 1286 1651 haerere
1299 1623 1372 1650 nullo
1383 1623 1463 1650 modo
1482 1623 1605 1650 decebat.
1634 1622 1686 1649 Sed
1703 1630 1764 1648 cum

984 1670 1010 1697 in
1027 1669 1086 1697 ﬁdei
1101 1669 1189 1696 adhuc
1198 1673 1272 1696 esset
1285 1668 1381 1700 initiis,
1396 1668 1421 1695 ei
1435 1676 1495 1695 sese
1516 1667 1588 1695 Deus
1611 1675 1765 1695 accommo-

983 1716 1044 1748 dat;
1059 1719 1086 1742 et
1106 1714 1215 1750 pietatis
1229 1714 1255 1741 in
1267 1721 1300 1741 eo
1315 1713 1479 1741 soliditatem
1495 1721 1527 1740 ac
1537 1713 1694 1740 ﬁrmitatem
1707 1717 1763 1740 sta-

983 1761 1332 1796 bilicns,eiquelaboranti,
1347 1768 1395 1794 pro
1411 1761 1526 1787 maxima
1545 1767 1592 1786 sua
1607 1759 1762 1791 clementia,

982 1808 1071 1843 pusilli
1084 1807 1168 1835 animi
1182 1806 1302 1834 remedia
1327 1807 1461 1840 largiens,
1483 1806 1640 1840 jnramento
1664 1805 1765 1832 conﬁr-

982 1862 1057 1882 mare
1072 1853 1234 1888 promissum
1250 1852 1346 1880 voluit.
1363 1853 1398 1879 At
1413 1859 1471 1878 mos
1495 1856 1555 1879 erat
1567 1850 1703 1878 Chaldaeis
1718 1850 1767 1877 ﬁr-

983 1900 1105 1927 missima
1115 1899 1276 1934 jusjuranda
1300 1898 1391 1926 facere
1417 1905 1465 1933 per
1477 1898 1580 1925 medias
1592 1897 1766 1924 victimarum

982 1947 1076 1979 partes
1091 1943 1268 1976 transeundo,
1290 1942 1372 1978 idque
1387 1942 1485 1976 patriis
1498 1941 1605 1978 legibus
1626 1941 1765 1969 sancitum

982 1992 1050 2015 erat.
1066 1986 1122 2015 Hoc
1136 1987 1228 2015 facere
1240 1987 1334 2022 jubet,
1352 1987 1467 2015 dicens:
1487 1996 1497 2014 ι
1519 1987 1620 2022 Accipe
1641 1987 1707 2014 mihi
1719 1987 1765 2022 jn-

981 2041 1094 2061 vencam
1116 2033 1235 2066 trimam,
1250 2037 1278 2061 et
1288 2041 1396 2068 capram
1412 2033 1534 2067 trimam,
1549 2038 1578 2060 et
1593 2033 1705 2061 arietem
1717 2033 1767 2061 tri-

983 2087 1068 2112 mum,
1081 2084 1109 2107 et
1119 2083 1266 2112 turturem,
1285 2085 1312 2107 et
1329 2079 1495 2107 columbam.
1516 2088 1525 2105 »
1551 2079 1637 2114 Cujus
1662 2079 1701 2107 rei
1712 2087 1766 2106 non

982 2125 1093 2160 ignarus
1101 2125 1259 2153 divinusille
1273 2125 1420 2156 Abraham,
1430 2125 1563 2159 quamvis,
1579 2125 1765 2158 Deojubente.

982 2177 1012 2198 ut
1028 2172 1052 2199 id
1072 2171 1158 2199 solum
1184 2172 1330 2206 acciperet,
1356 2175 1453 2199 caetera
1480 2172 1537 2206 ipse
1562 2171 1703 2204 adjiciens,
1739 2175 1767 2198 ut

983 2225 1042 2244 tuos
1051 2222 1112 2245 erat
1131 2218 1157 2244 in
1174 2217 1323 2245 fmderibus
1348 2216 1516 2247 sanciendis,
1546 2216 1672 2244 victimas
1685 2215 1767 2250 jugu-

147 2265 282 2302 Ἀϐραὰμ,
299 2265 388 2291 καίτοι
401 2264 466 2292 Θεοῦ
483 2265 564 2300 μόνον
580 2264 611 2290 τὸ
631 2264 724 2299 χρῆμα
742 2264 832 2291 λαϐεῖν
847 2273 922 2300 προσ-

985 2263 1054 2290 latas
1069 2263 1194 2291 bifariam
1207 2263 1343 2294 dividens.
1359 2270 1407 2290 eas
1422 2263 1485 2290 hinc
1497 2267 1525 2290 et
1539 2263 1602 2290 inde
1618 2263 1669 2289 rite
1681 2262 1767 2289 collo-

142 2310 282 2344 τάξαντος,
303 2310 383 2342 αὐτὸς
404 2310 440 2336 τὰ
462 2310 543 2337 λοιπὰ
560 2310 725 2346 προστιθεὶς,
743 2311 790 2336 καί¹
812 2311 883 2338 κατά
899 2320 931 2346 γε

142 2357 192 2391 τῆς
213 2355 384 2392 ὁρκωμοσίας
400 2355 447 2382 τὸν
467 2356 549 2391 νόμον
565 2357 604 2387 εἰς
618 2355 664 2382 δύο
694 2356 785 2391 τεμὼν
804 2356 838 2383 τὰ
863 2366 931 2384 κατ-

143 2402 313 2438 εσφαγμένα,
329 2402 454 2437 στιχηδὸν
477 2402 564 2437 ἐτίθη,
585 2402 623 2434 ὡς
637 2402 734 2429 αὐτίκα
745 2402 776 2438 δὴ
793 2402 864 2438 μάλα
885 2403 930 2430 διὰ

144 2447 227 2483 μέσου
252 2448 369 2474 διάττειν
393 2448 537 2483 μέλλοντος
558 2447 637 2474 Θεοῦ.
653 2447 717 2474 Ἴδοι
736 2448 758 2474 δ’
773 2448 805 2475 ἄν
825 2457 867 2480 τις
883 2449 931 2475 καὶ

143 2494 184 2525 εἰς
197 2493 276 2530 δεῦρο
288 2493 424 2525 τοιούτους
435 2494 509 2526 τινὰς
522 2494 619 2529 ὅρκους
634 2494 841 2530 συντιθεμένους
854 2494 930 2530 παρὰ

144 2538 302 2574 βαρϐάροις,
322 2539 338 2574 ἢ
361 2539 408 2566 καὶ
424 2539 498 2574 παρά
522 2548 577 2566 τισι
596 2539 650 2566 τῶν
665 2539 858 2576 ᾁρχαιοτέρων.
879 2541 930 2567 Σο-

143 2583 246 2619 φοκλῆς
265 2583 329 2618 γοῦν
340 2585 368 2610 ἐν
386 2584 534 2619 Ἄντινόνῃ
549 2583 722 2619 εἰσκεκύμικέ
737 2592 799 2611 τινα
811 2584 866 2611 τῶν
879 2585 929 2619 ἁγ-

983 2309 1066 2341 cavit,
1079 2309 1157 2344 quasi
1171 2308 1243 2336 Deus
1255 2308 1348 2342 utique
1364 2316 1412 2344 per
1433 2308 1554 2336 mediutn
1580 2313 1652 2335 esset
1675 2308 1766 2336 conti-

982 2361 1037 2380 nuo
1068 2354 1243 2381 transiturus.
1274 2352 1372 2381 Videre
1399 2358 1489 2380 autem
1509 2352 1586 2385 licet,
1612 2352 1766 2386 iuramenta

982 2401 1105 2436 qutedam
1119 2400 1253 2435 hodieque
1264 2401 1335 2435 apud
1351 2400 1484 2428 barbaros
1499 2400 1550 2428 hoc
1576 2400 1630 2427 ritu
1646 2400 1766 2434 concipi,

984 2451 1014 2473 ut
1026 2451 1053 2474 ct
1070 2447 1142 2481 apud
1157 2447 1302 2474 nonnullos
1316 2452 1434 2474 veteres.
1453 2445 1603 2481 Sophocles
1620 2446 1720 2481 quippe
1740 2446 1765 2473 in

984 2493 1116 2526 Antigone
1130 2492 1256 2519 nuntium
1268 2492 1412 2526 quemdam
1425 2499 1458 2519 ex
1475 2492 1518 2523 iis,
1549 2492 1594 2526 qui
1609 2491 1676 2526 iussi
1690 2496 1768 2518 erant

982 2538 1064 2574 360
1075 2537 1210 2573 Polynicis
1224 2545 1448 2572 corpusservare,
1462 2536 1560 2566 Creoni
1576 2537 1766 2565 Thebanorum

982 2586 1038 2619 regi
1053 2585 1204 2612 introduxit
1219 2585 1255 2612 ita
1273 2585 1426 2619 loquentem
1443 2594 1450 2612 :

143 2628 239 2662 γέλων,
251 2629 275 2655 οἳ
290 2629 323 2664 δὴ
338 2629 385 2656 καὶ
400 2631 533 2665 τετάχατο
545 2630 575 2656 τδ
590 2630 768 2662 Πολυνείκους
789 2630 868 2666 σῶμα
882 2632 986 2667 τηρεῖν,
1008 2631 1047 2667 τῷ
1078 2631 1114 2659 τὰ
1146 2631 1243 2666 Θηϐῶν
1263 2631 1378 2658 ἰθύνοντι
1401 2631 1489 2666 κράτη
1505 2631 1618 2666 λέγοντα
1659 2631 1768 2667 (Κρέων

143 2674 218 2707 οὗτος
227 2674 283 2712 ἧν)-

180 2733 271 2770 Ἦμεν
286 2735 312 2762 δ’
325 2735 436 2771 ἕτοιμοι
457 2736 506 2763 καὶ
525 2736 659 2771 μύδρους
675 2737 769 2772 αἴρειν
783 2738 893 2772 χεροῖν,

180 2800 233 2827 Καὶ
248 2801 307 2834 πῦρ
322 2801 463 2836 διέρπειν,
479 2801 528 2828 καὶ
546 2802 631 2836 θεοὺς
648 2803 837 2837 ὁρκωμοτεῖν.

145 2857 193 2883 Διὰ
215 2857 297 2890 μέσου
313 2857 366 2891 γὰρ
390 2857 475 2889 ἰόντες
500 2858 600 2893 πυρὸς,
625 2859 670 2885 καὶ
690 2859 806 2894 μύδρους
824 2859 928 2892 ἑλόντες

146 2903 244 2937 χεροῖν,
257 2903 395 2930 ἐποιοῦντο
411 2904 458 2935 τὰς
471 2904 651 2938 ὁρκωμοσίας.
666 2905 883 2939 Συγκαθίσταται
896 2906 928 2943 δὴ

1019 2737 1116 2766 Parati
1145 2744 1232 2766 autem
1267 2747 1370 2766 eramus
1388 2747 1502 2766 "tantum
1519 2739 1583 2773 [δι’γί
1611 2739 1767 2766 cam/emam

1508 2774 1640 2810 [omnibus
1662 2774 1765 2806 tollere,

1018 2809 1053 2835 Et
1064 2817 1110 2844 per
1125 2809 1210 2844 ignem
1221 2810 1344 2841 transire,
1363 2814 1388 2836 et
1407 2809 1468 2837 deos
1481 2809 1586 2843 jurnre.

980 2863 1032 2891 Per
1061 2865 1178 2893 medium
1204 2866 1305 2893 etenim
1322 2867 1477 2901 gradientes
1500 2866 1602 2901 ignem,
1622 2871 1648 2892 et
1662 2865 1763 2893 ferrum

982 2910 1092 2945 ignitum
1107 2911 1384 2946 manibuscnpicntcs,
1402 2912 1506 2940 ftrdcra
1527 2912 1695 2939 sanciebant.
1713 2912 1762 2939 δον
