1894 3056
133 135 202 161 1057

557 131 768 160 FRAGMENTA
788 132 835 159 EX
850 131 964 160 LIBRIS
979 132 1118 162 CONTRA
1135 133 1321 163 JULIANUM.

1693 137 1763 165 i018

130 192 162 224 ἐξ
178 192 261 219 αὑτοῦ
275 191 354 226 φύντι
371 191 455 223 παιδὶ,
469 191 529 218 ἐπεὶ
545 192 591 218 καὶ
604 191 651 218 νῦν
668 192 746 227 ἡμεῖς
759 192 838 228 εἴπερ
850 193 928 227 ἀγχί-
942 196 965 224 Α
981 201 1030 221 nos
1048 201 1088 220 COI

981 201 1030 221 nos
1048 193 1215 228 coniectores
1229 199 1256 222 et
1269 195 1385 222 hariolos
1410 194 1521 227 dixeris,
1548 196 1595 223 sed
1622 196 1658 222 ob
1674 198 1762 231 picta-

130 248 172 265 νοι
184 240 232 266 καὶ
248 239 379 273 θεοφιλεῖς
387 238 506 274 [Anth],
520 239 566 265 ἐπὶ
581 239 662 266 παντὶ
677 239 819 274 πράγματι
834 240 927 274 συλλή-

130 293 221 320 πτορα
238 286 284 311 καὶ
299 285 441 319 ἐπαγωγὸν
455 285 591 311 ποιεῖσθαι
611 285 797 320 σπουδάζομεν
810 286 856 312 τὸν
871 284 926 311 τῶν

134 333 205 358 ὅλων
220 330 463 364 κατεξουσιάζοντα
477 331 554 361 Θεὸν,
569 331 615 357 καὶ
631 331 680 362 τὴν
695 331 737 365 ἐφ’
751 331 859 366 ἑκάστῳ
871 331 926 358 τῶν

133 377 284 411 πρακτέων
302 377 366 411 παρ’
379 376 461 402 αὑτοῦ
478 376 613 412 ζητοῦμεν
626 377 684 404 ὁδόν
697 385 704 392 ”
721 377 767 404 καὶ
782 377 811 403 οὐ
825 376 926 412 ταύτης

133 423 216 449 ἕνεκα
233 422 282 457 τῆς
299 421 388 453 αίτίας
413 422 584 457 συμϐολικῶς
600 422 778 457 μαντεύεσθαι
798 422 864 457 φαίη
884 431 927 454 τις

133 468 167 494 ἂν
181 468 264 502 ἡμᾶς,
274 467 427 493 ἐπαινέσειε
436 467 463 493 δὲ
474 467 572 502 μᾶλλον
584 468 631 502 τῆς
644 468 684 499 εἰς
695 468 760 494 Θεὸν
773 468 925 500 εὐλαϐείας.

133 512 262 538 Δεδόσοαι
284 521 315 546 γε
334 513 388 547 μὴν
407 513 453 539 καὶ
478 512 551 547 αὐτῷ
575 521 656 547 φησιν
680 513 794 548 ὀρνίθων
819 513 925 547 φωνὰς,

132 557 310 589 διδασκούσας
327 558 367 584 ὅτι
382 559 437 588 τοῖς
452 558 501 592 τῆς
516 557 653 592 βασιλείας
676 557 796 593 ἐνιζήσει
821 557 924 589 θάκοις.

136 602 170 627 Ὢ
183 603 345 636 σοφωτάτων
359 602 439 628 αὐτοῦ
457 603 620 638 προφητῶνί
636 604 832 639 Προεσήμηναν
849 603 924 639 αὺτῷ

134 648 200 683 περὶ
216 647 270 673 τῶν
286 648 356 674 οὕτω
370 648 475 674 σεπτῶν
489 649 537 676 καὶ
553 649 733 684 ἐξῃρημένων
746 650 924 685 πραγμάτων,

134 694 164 719 αἱ
187 693 284 719 κιττῶν
303 702 353 720 που
374 693 442 728 τάχα
460 695 506 720 καὶ
524 694 642 730 κοψίχων
660 695 758 728 φωναὶ,
781 695 926 730 προσθήσω

133 738 164 764 δὲ
182 739 227 764 καὶ
251 738 414 774 χαραδριούς
426 747 432 754 ·
452 738 609 766 λαλίστατον
628 739 682 774 γὰρ
702 740 743 766 ὅτι
764 739 881 775 μάλιστα
895 740 926 766 τὸ

135 784 286 818 στρουθίον.
306 784 385 811 Ἀλλὰ
400 785 456 816 τοῖς
474 784 522 819 μὲν
541 784 576 810 τὰ
598 784 643 811 ἴσα
666 786 773 820 φρονεῖν
789 785 926 820 ἑλομένοις

133 829 211 864 αὐτῷ
225 831 251 855 oi.
267 830 375 864 πτηνῶν
390 830 485 864 ἀγέλαι
501 830 752 866 παρατρυζετωσαν
767 831 797 858 τὸ
819 831 923 858 δοκοῦν.

977 243 1030 265 tem
1058 240 1145 274 potius
1173 240 1199 267 in
1221 240 1304 268 Deum
1333 240 1497 269 laudaveris.
1525 241 1604 269 Certe
1617 241 1694 269 datas
1711 243 1762 270 sibi

977 292 1084 320 quoque
1098 293 1178 313 voces
1197 286 1285 313 avium
1309 286 1408 321 inquit,
1431 287 1530 321 quibus
1553 288 1708 315 admonitus
1721 293 1762 315 est

976 332 1035 359 fore
1049 332 1117 359 utin
1133 333 1238 368 imperii
1262 333 1329 360 solio
1354 334 1470 361 sederet.
1500 333 1523 362 0
1549 335 1764 369 sapientissimos

976 377 1037 411 ejus
1062 378 1223 413 prophetas!
1239 377 1425 406 Praedixerunt
1437 380 1461 406 ei
1483 386 1526 407 res
1555 385 1608 407 tam
1622 385 1760 415 augustas,

978 427 1086 457 tamque
1103 423 1227 456 eximias,
1243 423 1364 458 picarum
1388 422 1459 452 forte
1473 429 1520 452 aut
1534 426 1697 453 merularum
1713 433 1762 454 vo-

977 475 1038 496 ces:
1059 469 1157 496 addam
1168 473 1195 495 et
1211 469 1436 496 charadriorum:
1468 470 1573 497 avicula
1600 471 1699 506 quippe
1721 476 1763 498 est

977 514 1096 540 omnium
1115 515 1232 541 maxime
1247 515 1362 549 garrula.
1393 515 1445 542 Sed
1466 516 1524 550 ejus
1540 515 1763 550 suﬂragatoribus

978 561 1102 587 oscinum
1121 567 1216 595 greges
1231 561 1391 595 obstrepant
1402 561 1471 595 quod
1492 560 1589 594 velint;
1605 562 1679 588 fraus
1690 562 1762 588 enim

977 605 1044 638 ipsis
1059 605 1144 632 amica
1168 605 1223 631 fere
1254 612 1362 639 semper
1386 609 1438 632 est.
1469 604 1522 632 Nos
1548 610 1638 632 autem
1669 606 1764 633 avibus

977 658 1036 685 quae
1049 650 1130 684 cupiti
1147 654 1238 676 nostro
1259 649 1466 684 supervolitanl,
1493 650 1582 677 valere
1597 650 1692 683 jussis,
1718 658 1762 678 re-

977 702 1036 721 rum
1064 695 1182 721 omnium
1208 693 1348 720 scientiam
1376 693 1495 720 universi
1519 692 1686 720 Dominatori
1707 692 1763 720 Deo

978 739 1128 770 tribuimus,
1146 746 1262 773 eumque
1274 739 1389 766 dicimus
1398 739 1458 766 caeli
1472 746 1504 765 ac
1521 743 1601 765 terrae
1611 737 1697 765 solum
1705 744 1764 765 esse

977 785 1075 819 Regem
1094 792 1126 812 ac
1144 785 1297 818 Dominum,
1312 792 1402 812 rerum
1430 784 1574 812 visibilium
1599 789 1626 812 et
1643 783 1764 812 invisibi-

977 830 1170 865 limn,quauque
1179 837 1260 857 sensu
1272 834 1317 857 aut
1328 829 1463 857 intellectu
1475 829 1670 864 percipiuntur.
1683 828 1764 864 362

140 874 198 900 'Aa‘.
213 875 266 909 γάρ
281 883 340 906 πως
355 875 446 907 αὐτοῖς
461 876 477 910 ἡ
491 876 582 911 ἀπάτη
600 875 686 910 φίλον.
706 876 800 911 Ἡμεῖς
815 876 843 902 δὲ
860 877 924 908 τοὺς
941 892 963 921 Β
977 876 1089 911 Opiﬁcet

977 876 1116 911 Opiﬁcem.
1134 875 1265 903 Produxit
1282 876 1352 903 enim
1368 883 1400 903 es
1417 876 1502 903 nihilo
1525 876 1552 903 in
1579 882 1668 902 rerum
1685 880 1764 901 nutu-

135 920 208 955 ὑπὲρ
222 921 295 956 κάρα
309 921 456 954 φοιτῶντας
475 921 549 955 ὅρνις
564 921 648 948 πολλὰ
668 921 774 957 χαίρειν
788 921 923 955 λέγοντες,

135 966 171 992 τὰ
183 966 272 992 πάντα
283 966 380 992 εἰδέναι
393 967 598 1002 προσνεμοῦμεν
609 967 647 1002 τῷ
659 967 711 993 τῶν
721 967 789 994 ὂλων
801 967 926 1000 κατεξου-

137 1011 258 1042 σιάζοντι
272 1012 341 1048 Θεῷ,
355 1013 436 1039 αὐτόν
457 1021 486 1039 τε
507 1013 596 1048 φαμὲν
619 1013 698 1048 μόνον
719 1011 788 1040 εἶναι
807 1013 926 1040 Βασιλέα.

979 929 1082 948 ramea
1102 929 1164 956 qua:
1190 921 1333 956 aliquando
1343 929 1395 948 non
1413 927 1501 954 erant,
1520 929 1567 956 per
1588 921 1702 954 Filium;
1717 928 1765 954 per

979 975 1071 1002 quem,
1087 972 1113 994 et
1130 974 1191 994 cum
1216 974 1269 1002 quo
1283 966 1337 994 Deo
1351 971 1378 994 et
1392 967 1468 994 Patri
1485 967 1583 1003 gloria,
1596 975 1656 995 cum
1670 971 1765 994 sancto

979 1013 1092 1048 Spiritu.
1104 1013 1131 1039 in
1143 1012 1251 1040 sacula.
1264 1011 1363 1040 Amen.

136 1058 185 1083 καὶ
202 1057 302 1093 Κύριον
322 1058 436 1093 οὐρανοῦ
450 1067 479 1084 τε
499 1059 546 1085 καὶ
561 1059 622 1094 γῆς,
645 1058 816 1094 Δημιουργὺν
835 1058 941 1094 ὁρατῶν
961 1059 1008 1085 καὶ
1029 1057 1164 1091 ἀοράτων,
1185 1057 1320 1093 αἰσθητῶν
1354 1065 1384 1083 τε
1410 1056 1458 1084 καὶ
1477 1056 1591 1093 νοητῶν.
1614 1057 1764 1092 Παρήγαγε

135 1104 192 1138 γὰρ
205 1103 235 1135 ὲξ
250 1104 299 1130 οὐκ
317 1103 400 1130 ὄντων
416 1105 454 1135 εἰς
469 1103 585 1139 ὓπαρξιν
603 1106 637 1132 τὰ
650 1105 700 1131 οὐκ
719 1104 784 1132 ὅντα
799 1105 863 1131 ποτὲ
879 1104 922 1131 διὰ
940 1105 987 1131 τοῦ
1000 1104 1075 1138 Υἱοῦ,
1087 1104 1121 1131 δι’
1132 1101 1163 1131 οὗ
1176 1103 1225 1131 καὶ
1257 1103 1319 1140 μεθ’
1330 1099 1361 1130 οὗ
1371 1103 1410 1138 τῷ
1421 1103 1480 1139 Θεῷ
1493 1104 1538 1130 καὶ
1571 1103 1659 1139 Πατρὶ
1673 1104 1690 1139 ἡ
1701 1103 1766 1135 δόξα

137 1151 187 1177 σὺν
206 1150 241 1185 τῷ
260 1150 330 1186 ἁγίῳ
346 1151 484 1187 Πνεύματι
499 1153 538 1184 εἰς
553 1153 616 1184 τοὺς
630 1152 741 1184 αἰῶνας.
761 1153 858 1188 Ἀμήν.

770 1340 1130 1385 FRAGMENTA

210 1437 267 1467 EX
291 1436 470 1474 RELIQUIS
491 1440 521 1470 S.
545 1436 708 1469 CYRILLI
730 1437 890 1469 CONTRA
913 1437 1113 1468 JULIANUM
1136 1437 1264 1468 LIBRIS
1283 1438 1352 1475 QUI
1377 1439 1692 1471 DESIDERANTUR.

853 1596 1054 1627 MONITUM.

621 1676 696 1709 (Ang.
712 1677 759 1702 ΜΔΙ
771 1676 883 1702 Biblioth.
897 1684 958 1703 nova
971 1678 1084 1708 Patrum,
1097 1677 1129 1708 Il,
1141 1677 1188 1702 488
1199 1678 1265 1710 sqq.)

176 1824 272 1859 Cyrilli
286 1824 410 1851 adversus
423 1824 561 1851 Julianum
582 1826 645 1860 imp.
670 1826 757 1853 decem
771 1832 872 1854 exstant
894 1827 974 1858 libri;
990 1835 1078 1854 rerum
1098 1827 1200 1854 nonnisi
1219 1827 1333 1861 primum
1354 1826 1462 1852 etribus
1489 1825 1592 1852 Juliani
1620 1825 1694 1854 libris
1715 1828 1763 1855 ad-

141 1881 230 1899 versus
243 1873 322 1906 ﬁdem
337 1872 525 1905 Christianam,
541 1873 569 1900 in
584 1873 716 1905 prcedictis
723 1874 808 1901 decem
823 1883 838 1901 a
849 1874 947 1909 Cyrillo
958 1875 1039 1910 fuisse
1051 1874 1318 1909 refutatum,janidiu
1335 1874 1503 1901 observarunt
1521 1874 1569 1900 viri
1584 1874 1665 1907 docti.
1679 1883 1703 1900 υ.
1720 1883 1760 1908 gr.

142 1917 333 1950 Tillemontitts,
349 1918 492 1952 Dupinius,
509 1919 646 1947 Cellerius.
666 1919 827 1953 Spanhemio
843 1929 944 1955 quoque
967 1923 995 1948 in
1017 1920 1100 1956 Pra'f.
1121 1930 1172 1948 non
1193 1922 1294 1948 videtur
1315 1920 1428 1956 Cyrillus
1441 1920 1512 1954 operi
1530 1928 1577 1947 suo
1595 1920 1762 1953 colopltonem

140 1963 305 1998 imposuisse.
328 1963 398 1995 Quid
410 1965 479 1999 quod
498 1965 567 1998 apud
584 1969 704 1992 auctores
723 1966 928 1999 ecclesiasticos,
942 1972 964 1994 et
980 1968 1006 1994 in
1025 1968 1089 2002 ipsis
1101 1976 1117 1994 a
1135 1967 1236 2002 Cyrillo
1251 1966 1336 1993 citatis
1348 1965 1512 2001 fragmentis,
1527 1966 1648 2000 qua'dam
1658 1970 1762 1992 exstant

139 2010 252 2043 Iuliani,
266 2019 325 2046 qua
343 2020 402 2038 cum
419 2013 524 2039 omnino
554 2013 713 2047 refutatione
736 2019 848 2048 egerent,
862 2023 892 2041 ea
916 2020 1001 2042 tamen
1015 2016 1041 2042 in
1060 2014 1244 2049 superstitibus
1263 2014 1350 2041 decem
1374 2012 1468 2048 Cyrilli
1485 2012 1559 2040 libris
1579 2021 1631 2040 non
1645 2012 1673 2047 [it
1687 2012 1763 2039 28η-

140 2060 241 2091 pet-erat
257 2060 339 2094 igitur
349 2065 377 2086 ut
394 2062 556 2087 crederemus
575 2062 613 2088 vel
628 2060 759 2096 Cyrillum
785 2069 849 2095 opus
870 2071 947 2088 suum
963 2071 1014 2089 non
1038 2063 1188 2093 absolvisse.
1204 2062 1242 2089 vel
1252 2066 1353 2096 partem
1368 2060 1424 2095 ejus
1446 2068 1501 2087 esse
1520 2060 1694 2094 deperditam.
1710 2057 1762 2085 Sed

140 2113 229 2139 reapse
250 2105 330 2133 Joan.
346 2106 525 2133 Damascenus
546 2107 573 2133 in
601 2106 742 2134 Parallelis
767 2109 830 2134 citat
858 2108 952 2143 Cyrilli
967 2109 993 2135 in
1017 2108 1155 2135 Iulianum
1167 2108 1247 2135 libros
1269 2105 1338 2138 XII,
1352 2105 1414 2136 XV.
1430 2105 1511 2138 XVI,
1529 2104 1627 2137 XVII,
1647 2104 1761 2132 XVIII.

141 2151 217 2185 Apud
234 2161 281 2179 nos
301 2158 389 2179 autem
405 2154 432 2180 in
449 2153 550 2180 Leontii
563 2162 594 2180 ac
609 2153 722 2181 Joannis
750 2163 836 2182 rerum
853 2164 990 2183 sacrarunt
1015 2156 1093 2189 libro,
1112 2164 1188 2190 quem
1206 2155 1312 2190 jamdiu
1338 2153 1480 2186 edidimus,
1495 2154 1610 2180 citantur
1621 2160 1654 2180 ea:
1667 2152 1762 2188 Cyrilli

140 2206 215 2230 opere
226 2197 374 2233 fragmenta
387 2199 419 2226 ab
439 2198 481 2226 XI
500 2208 580 2235 usque
594 2202 628 2227 ad
649 2201 743 2228 librum
766 2201 845 2229 XIX.
865 2201 935 2237 Ergo
961 2203 1070 2229 totidem
1084 2202 1177 2230 saltem
1198 2203 1304 2237 fuerunt
1325 2201 1404 2236 hujus
1420 2201 1504 2235 operis
1515 2200 1576 2226 libri
1591 2208 1600 2227 :
1615 2199 1762 2234 mirumque

139 2248 175 2270 est
193 2244 262 2278 quod
276 2253 308 2271 e1:
322 2245 394 2272 denis
408 2246 542 2279 prioribus
557 2247 646 2279 semel,
668 2256 700 2274 ea:
712 2249 901 2282 posterioribus
916 2257 976 2276 vero
991 2250 1072 2277 semel
1091 2255 1114 2276 et
1130 2250 1226 2276 iterum
1240 2249 1322 2275 citant
1343 2247 1370 2274 Ιιί
1387 2249 1438 2274 duo
1451 2255 1588 2274 sacrarum
1597 2253 1683 2272 rerum
1696 2247 1762 2272 ’τῆς

139 2297 234 2326 plores.
253 2291 309 2318 Has
321 2301 381 2326 ergo
393 2293 452 2320 licet
466 2294 574 2328 exiguas
597 2294 756 2328 reliquorum
775 2294 870 2330 Cyritls'
891 2295 1029 2328 librorum,
1044 2304 1108 2330 quos
1126 2296 1216 2323 deside
1223 2303 1323 2327 ramus,
1336 2293 1451 2327 copiolas
1464 2301 1515 2320 non
1532 2293 1589 2319 sine
1603 2292 1762 2325 interpreta-

140 2340 211 2364 tione
225 2338 319 2365 Latina
331 2340 372 2365 hic
388 2347 556 2373 exponemus.
574 2339 630 2367 Nec
650 2341 758 2373 mirum,
771 2342 794 2367 si
805 2342 870 2368 nihil
886 2342 940 2376 fere
950 2343 1002 2369 sint
1017 2342 1068 2369 nisi
1078 2342 1297 2376 apopltthegmata
1310 2348 1356 2366 seu
1369 2339 1522 2371 sententite;
1534 2339 1561 2365 id
1582 2339 1651 2365 enim
1664 2338 1761 2364 accidit

139 2391 171 2410 ea;
185 2385 304 2412 instituto
331 2385 435 2412 Leontii
451 2391 478 2412 et
495 2386 607 2414 Joannis
622 2388 830 2423 eclogariorum,
842 2390 887 2423 qui
903 2390 945 2416 sui
963 2389 1047 2422 operis
1063 2389 1176 2424 gnomici
1191 2388 1282 2414 titulos
1307 2395 1339 2414 es:
1355 2386 1455 2412 idoneis
1472 2385 1674 2411 auctoritatibus
1693 2391 1755 2410 con.

139 2431 270 2458 texebant.

142 2490 197 2517 Τοῦ
216 2490 363 2524 μακαρίου
383 2490 534 2523 Κυρίλλου
557 2491 590 2517 ἑιι
608 2492 661 2518 τοῦ
686 2496 721 2519 ια’
745 2493 837 2527 λόγου
867 2493 926 2519 τῶν
939 2496 960 2525 c
1011 2493 1056 2521 50.
1072 2493 1089 2520 Β

394 2525 470 2552 κατὰ
491 2526 665 2552 Ἰουλιανοῦ.

1011 2493 1056 2521 50.
1072 2493 1148 2520 Beati
1162 2492 1254 2528 Cyrilli
1271 2500 1303 2518 ex
1320 2492 1386 2518 libro
1402 2490 1443 2517 XI
1460 2492 1583 2517 adversus
1611 2489 1759 2517 lulianum.

394 2533 470 2552 κατα
497 2533 665 2554 ιουλιανου.

181 2581 291 2616 ’Δληθὲς
307 2582 393 2607 εἰπεῖν
410 2581 447 2612 ὡς
461 2582 475 2608 ὁ
496 2583 671 2617 κατοιόμενος
692 2584 738 2610 καὶ
753 2592 924 2619 καταφρονη-
1011 2581 1082 2608 Vere

1011 2581 1082 2608 Vere
1105 2581 1205 2608 dicitur
1236 2580 1315 2607 homo
1344 2578 1571 2613 praesumptiosus
1590 2582 1761 2612 contemptor

137 2626 186 2660 τῆς
211 2624 280 2660 ἀνὴρ
297 2625 415 2658 ἀλαζὼν,
444 2625 520 2651 οὐδὲν
536 2625 574 2660 μὴ
594 2626 698 2662 περάνῃ
719 2627 789 2653 κατὰ
809 2627 858 2662 τὴν
876 2627 923 2653 τοῦ
975 2633 1002 2655 et
1022 2628 1089 2662 jacta

977 2633 1002 2655 et
1022 2627 1201 2662 iactabundus
1230 2626 1296 2653 nihil
1323 2625 1437 2658 ellicere,
1462 2624 1531 2651 ultra
1549 2623 1685 2659 prophetae
1699 2630 1761 2650 ora-

139 2671 280 2705 προφήτου
287 2671 389 2706 φωνήν·
401 2671 488 2705 οἴησις
501 2670 564 2705 γὰρ,
576 2672 716 2705 προκοπῆς
727 2671 843 2707 ἐκκοπὴ,
855 2673 924 2698 κατὰ
975 2673 1075 2701 culum.

977 2673 1075 2701 culum.
1096 2672 1162 2700 Nam
1176 2671 1351 2707 presumptio
1370 2671 1518 2706 profectum
1538 2674 1668 2705 amputat.
1681 2669 1760 2704 juxta

137 2716 182 2743 τὸν
205 2717 294 2744 κοινὸν
309 2717 356 2743 καὶ
378 2717 407 2743 ὲν
431 2713 545 2751 στὸματι
562 2716 616 2742 τῶν
636 2716 740 2744 πολλῶν
756 2717 820 2744 ὄντα
836 2718 922 2755 λόγον,
975 2719 1086 2754 vulgare

977 2719 1086 2754 vulgare
1107 2723 1134 2747 et
1147 2719 1173 2746 in
1188 2724 1236 2746 ore
1250 2717 1394 2745 multorum
1411 2716 1538 2751 frequens
1549 2715 1671 2744 effatum.

351 2774 402 2801 Ἐκ
417 2774 469 2800 τοῦ
484 2773 576 2800 αὐτοῦ
596 2760 702 2808 ξιόγου.

1251 2774 1291 2801 Es:
1310 2775 1398 2802 eodem
1412 2774 1489 2801 libro.

175 2830 279 2873 οἴησις,
290 2831 431 2873 προκοπῆς
443 2831 555 2868 ὲκκοπή.
566 2831 610 2860 τὸν
623 2831 672 2866 μὲν
682 2832 734 2868 γὰρ
743 2832 924 2867 ὁμολογοῦντα
1022 2833 1089 2862 Prses

1022 2833 1199 2868 Praesumptio
1224 2831 1378 2864 srofectum
1406 2836 1536 2866 amputat.
1567 2831 1671 2859 Etenim
1697 2836 1758 2857 cum
