1883 3056
96 143 175 167 103':

621 146 806 176 ADVERSUS
823 149 1221 181 ANTHROPOMOBPHITAS.

1659 155 1727 183 1078

102 200 226 236 Ἀργίας
246 203 293 229 καὶ
308 205 526 240 γαστριμαργίας
546 206 674 242 ἀφορμὴν
691 209 830 237 ποιοῦνταί
852 219 877 236 τι

943 212 1045 240 alienos
1057 214 1168 240 sudares
1183 214 1207 239 in
1231 212 1363 246 privatam
1387 216 1459 239 tuam
1486 213 1628 240 utilitatem
1659 221 1725 240 coo-

94 254 160 278 νες,
185 247 216 274 τὸ
235 247 292 275 δεῖν
308 249 410 276 οἴεσθαι
429 250 509 284 μόνον
527 252 665 286 σχολάζειν
681 255 714 288 τῇ
733 257 871 291 προσευχῇ
884 277 891 286 .

94 292 188 339 ἔργου
207 293 235 320 δὲ
250 294 319 325 ὅλως
335 295 372 330 μὴ
388 295 530 324 ἅπτεσθαι.
552 298 597 333 Μὴ
621 299 756 336 συγχώρει
771 301 798 328 δὲ
823 303 892 339 μετὰ

94 337 160 364 τῶν
182 339 354 374 καλουμένων
371 341 543 369 Μελετιανῶν
565 344 628 376 τοὺς
652 345 807 380 ὀρθοδόεους
831 337 892 373 συν-

96 383 233 418 άγεσθαι,
252 386 296 413 ἶνα
316 387 352 422 μὴ
369 388 499 422 γένωνται
522 392 645 418 κοινωνοὶ
663 392 712 426 τῆς
726 393 892 426 ἁποστασίας

96 431 208 458 αὐτῶν.
227 432 295 459 Ἀλλ’
308 434 332 459 εἰ
351 433 399 468 μὲν
421 435 519 463 ἐκεῖνοι
543 438 737 472 μετανοοῦντες
759 439 890 474 ἕρχωνται

96 477 175 510 πρὸς
190 477 252 509 τοὺς
277 478 450 513 ὀρθοδόξους,
474 480 596 508 ἔστωσαν
621 482 720 511 δεκτοί.
738 484 839 519 Μηδεὶς
863 485 891 512 δὲ

96 521 296 558 ἀδιαφορειτω,
315 524 382 559 μηδέ
404 527 566 553 κοινωνείτω
584 528 697 560 ἐκείνοις
720 529 757 563 μὴ
778 538 890 564 μεταγι-

97 567 272 594 νώσκουσιν·
286 569 330 595 ἵνα
344 569 392 605 μὴ,
410 570 448 602 ὡς
465 571 542 606 ἔφην,
559 574 681 600 κοινωνοὶ
697 575 827 608 γένωνται
840 576 891 607 τῆς

97 613 196 640 αὐτῶν
210 616 400 647 κακοπιστίας.
422 616 514 643 Ταῦτα
533 618 550 652 ἡ
566 618 598 653 σὴ
614 619 751 647 Θεοσέὄεια
768 621 891 655 ἀναγνωη

99 659 204 694 σθῆναι
228 662 465 696 παρασκευασάτω
488 664 517 689 ἐν
540 664 654 696 ἐκείνοις
673 668 728 698 τοῖς
753 675 890 703 μοναστηο

100 707 192 740 ρίοις,
211 707 250 739 εἰς
263 707 405 743 οἰκοδομὴν
423 709 477 735 τῶν
493 710 597 742 αὐτόθι,
616 712 664 738 καὶ
679 713 890 747 παραγγελλέτω

98 752 250 786 φυλάττειν
268 754 346 786 αὐτὰ,
361 755 402 782 ἵνα
418 756 486 791 μήτε
501 757 641 791 κάμνωσιν
656 758 679 784 oi
695 758 828 793 ὀρθόδοεοι
843 768 890 785 πα-

100 798 275 835 ραλυομένης
296 800 386 827 αὐτῶν
409 801 458 836 τῆς
482 803 675 837 συνειδήσεως,
704 805 773 839 μήτε
792 805 843 840 τὴν
863 805 888 831 οι

99 845 283 881 άργοτροφεῖν
307 847 444 879 ἐθέλοντες
467 848 550 883 ἔχωσί
571 858 630 875 τινα
646 851 818 886 παρείσδυσιν
841 851 887 877 τοῦ

946 262 1062 290 vertens,
1077 266 1138 285 cum
1160 258 1246 291 possis
1267 258 1320 284 tuis
1333 258 1416 291 ipsius
1432 257 1571 284 laboribus
1591 258 1677 284 vidua:
1701 261 1729 284 et

946 303 1045 339 pupillo
1072 304 1234 337 subvenire,
1266 305 1352 338 iisque
1377 304 1422 338 qui
1447 311 1480 331 ex
1507 303 1635 331 fratribus
1664 309 1727 330 sunt

945 351 1117 378 inﬁrmiores.
1141 351 1176 377 At
1196 351 1218 378 si
1239 350 1379 385 pulchrum
1408 350 1585 380 existimant.
1614 357 1726 376 val-num

944 404 1004 424 esse
1034 404 1065 424 ac
1087 396 1201 423 liberum
1232 397 1266 423 ab
1284 403 1385 430 opere,
1401 396 1423 423 si
1451 396 1503 422 hoc
1528 396 1614 430 ipsum
1635 395 1724 422 caeteri

943 449 1038 468 omnes
1065 441 1219 473 imitentur.
1248 441 1371 476 quisnam
1397 441 1469 475 ipsos
1495 441 1566 467 alet?
1585 441 1654 467 Sunt
1679 441 1724 474 qui

945 487 1076 521 ignaviam
1090 494 1165 513 suam
1178 492 1203 513 et
1216 487 1360 521 ingluviem
1387 494 1419 514 eo
1447 490 1576 520 praetextu
1605 485 1724 519 pallient,

944 533 1014 566 quod
1034 532 1083 559 soli
1097 532 1214 559 orationi
1230 539 1326 559 vacare
1342 540 1378 567 op
1387 536 1479 558 orterc
1497 531 1676 562 contendant;
1692 531 1724 556 ab

943 585 1024 612 opere
1047 585 1111 605 vero
1137 578 1162 605 in
1186 578 1340 605 universum
1365 577 1511 605 abstinent.
1537 577 1668 604 Cieterum
1691 585 1725 603 ne

943 623 1082 657 permittas
1091 630 1150 649 cum
1163 623 1202 649 eis
1216 622 1400 656 quiMeletiani
1411 627 1539 648 vocantur
1555 622 1722 649 orthodoxos

942 667 1023 702 366
1038 668 1069 693 ad
1082 674 1187 694 sacram
1201 667 1417 694 communionem
1430 667 1524 694 venire
1536 687 1544 699 ,
1561 674 1594 693 ne
1617 666 1721 693 illorum

942 714 1085 748 apostasia!
1099 712 1311 747 defectionisque
1336 712 1482 746 participes
1499 712 1574 739 ﬂant.
1601 711 1638 738 At
1655 719 1719 738 vero

943 759 965 785 si
979 758 1167 793 resipiscentes
1181 758 1217 785 illi
1229 778 1237 789 .
1260 758 1294 785 ad
1313 758 1477 785 orthodoxos
1492 766 1520 785 se
1537 758 1716 788 contulerint.

941 804 996 831 sint
1010 803 1198 838 acceptabiles.
1212 802 1295 829 Nemo
1311 808 1412 834 autem.
1436 803 1509 830 nullo
1530 803 1612 837 plane
1627 802 1722 828 discri-

942 851 1014 878 mine
1027 850 1127 881 habito,
1143 855 1203 875 cum
1219 849 1253 875 iis
1265 848 1455 879 communicet,
1481 848 1531 875 nisi
1563 848 1639 882 prius
1654 848 1717 874 resi-

98 889 192 917 δοκεῖν
210 890 279 918 εἶναι
297 893 419 928 χρηστοί.
440 893 592 930 Ἐρῤῶσθαί
606 903 636 921 σε
652 896 682 922 ἐν
696 896 790 932 Κυρίῳ
811 895 880 932 εὖχο-

938 896 1044 931 puerint
1059 904 1066 922 :
1087 902 1130 926 ne,
1145 899 1174 920 ut
1187 894 1241 920 dixi
1254 913 1262 925 ,
1289 901 1378 927 pravae
1393 893 1499 919 illorum
1512 893 1645 928 opinionis
1675 900 1720 918 so-

101 944 168 970 μαι,
183 937 306 974 ἁγαπητὲ
323 938 369 966 καὶ
383 939 565 967 ποθεινότατε.

941 941 999 969 cius
1010 939 1150 967 efﬁciatur.
1180 938 1241 965 llznc
1256 938 1342 973 pietas
1372 942 1416 964 tua
1433 938 1459 964 in
1480 938 1533 965 illis
1547 937 1721 964 monasteriis

100 982 213 1009 recitari
245 989 332 1014 curet,
362 984 388 1011 in
416 992 509 1012 eorum
528 986 572 1020 qui
606 987 642 1013 ibi
665 987 764 1022 degunt
788 987 1014 1015 instructionem:
1049 988 1209 1018 monentque
1233 988 1262 1010 ut
1284 990 1316 1009 ea
1336 983 1497 1015 observent,
1523 990 1557 1009 ne
1576 982 1719 1009 orthodoxi

99 1027 234 1063 languida
243 1029 430 1065 dissolutzeque
440 1032 610 1059 conscientiae
626 1033 713 1060 labem
733 1033 881 1068 accipiant;
920 1032 1062 1066 omnisque
1077 1031 1110 1058 iis
1144 1030 1190 1064 qui
1211 1029 1297 1057 otioso
1317 1029 1351 1055 ali
1378 1028 1471 1055 volunt
1491 1028 1578 1056 aditus
1603 1028 1636 1055 ad
1659 1035 1720 1062 pro-

98 1075 196 1104 bitatis
218 1076 372 1110 opinionem
389 1079 578 1112 praecludatur.
600 1081 668 1114 Opto
687 1085 722 1114 te,
745 1081 831 1109 amice
847 1079 1030 1112 dilectissime,
1047 1084 1120 1106 recte
1135 1078 1162 1104 in
1182 1077 1296 1104 Domino
1314 1076 1416 1104 valere.

311 1145 509 1175 ΚΕΦΑΛΑΙΟΝ
528 1149 675 1177 ΠΡΩΤΟΝ,

136 1209 169 1237 οι
183 1210 280 1246 φρενὸς
289 1211 365 1244 ὄντες
377 1213 407 1240 ἐν
417 1213 502 1249 καλῷ,
513 1215 560 1242 καὶ
570 1217 626 1247 τοῖς
636 1217 699 1252 περὶ
710 1217 758 1252 τῆς
767 1217 885 1254 ἀρῤήτου

98 1254 232 1291 Θεότητος
239 1256 326 1292 λόγοις
334 1259 421 1294 ἰσχνὸν
429 1259 544 1292 ἐνιέντες
552 1262 601 1297 τῆς
609 1262 711 1288 ἑαυτῶν
717 1263 834 1295 διανοίας
842 1264 886 1291 τὸν

98 1300 250 1336 eseam,
270 1302 369 1338 ὁρῶσιν
383 1304 469 1340 αὐτὴν
481 1305 580 1337 παντὸς
599 1306 648 1341 μὲν
662 1307 789 1334 ἐπέκεινα
804 1317 886 1344 γενη-

98 1346 159 1380 τοῦ,
174 1348 408 1384 ὑπερανίσχουσαν
420 1350 448 1377 δὲ
456 1352 501 1377 καὶ
509 1352 609 1384 παντὸς
620 1352 748 1385 ὀξυτάτου
762 1354 819 1386 νοῦ,
837 1355 885 1381 καὶ

99 1393 262 1429 σωματικῆς
277 1395 429 1429 φαντασίας
443 1396 514 1432 πέρα
527 1406 556 1424 τε
572 1395 653 1425 οὖσαν
671 1399 820 1431 παντελῶς,
838 1401 886 1427 καὶ

97 1439 171 1466 καθά
180 1447 261 1474 φησιν
272 1441 287 1466 ὁ
295 1441 430 1476 πάνσοφος
439 1442 553 1475 Παῦλος,
567 1443 623 1478 φῶς
635 1444 760 1471 οἰκοῦσαν
773 1446 886 1480 ἀπρόσι-

96 1491 156 1511 τον.
174 1483 205 1511 El
229 1485 257 1512 δὲ
272 1486 420 1520 ἀπρόσιτόν
439 1487 498 1514 ἐστι
511 1487 542 1514 τὸ
558 1489 623 1524 περὶ
641 1489 726 1525 αὐτὴν
742 1490 810 1524 φῶς,
827 1490 885 1522 πῶς

98 1529 133 1557 ἂν
149 1530 233 1566 αὐτὴν
248 1531 429 1567 καταθρήσειέ
441 1541 498 1566 τις;
508 1532 648 1568 Βλέπομεν
661 1533 714 1568 γὰρ
723 1534 752 1560 ἐν
760 1534 883 1569 ἐσόπτρῳ

99 1575 148 1602 καὶ
163 1576 192 1604 ἐν
206 1576 358 1612 αἰνίγματι,
375 1578 422 1604 καὶ
443 1578 612 1614 γινώσκομεν
631 1580 662 1606 ἐκ
681 1580 789 1614 μέρους.
804 1579 882 1606 Ἔστι

98 1621 188 1648 τοίνυν
201 1622 232 1649 τὸ
244 1622 320 1649 Θείον
334 1622 490 1658 ἀσώματον,
510 1624 612 1651 ἆποσόν
626 1633 656 1651 τε
673 1625 718 1652 καὶ
738 1625 881 1659 άμέγεθες,

98 1666 148 1694 καὶ
164 1667 213 1694 οὐκ
230 1668 258 1694 ἐν
275 1668 340 1695 εῖδει
363 1669 553 1704 περιγράπτῳ.
568 1671 605 1696 Τὸ
626 1670 654 1696 δὲ
668 1669 753 1702 οὕτως
774 1671 834 1706 ἕχον
853 1673 882 1698 ἐν

100 1711 154 1748 ἰδίᾳ
171 1712 260 1747 φύσει,
280 1713 338 1744 πῶς
353 1713 385 1740 ἂν
402 1714 435 1740 ἐκ
453 1715 554 1750 μορίοιν
569 1716 655 1742 νοοῖτο
669 1715 715 1742 καὶ
732 1715 834 1751 μελῶν;
851 1717 882 1743 El

98 1757 154 1792 γάρ
169 1766 210 1789 τις
223 1758 281 1794 δοίη
294 1759 373 1785 τοῦτο
387 1759 518 1796 ὑπάρχειν
535 1760 644 1796 ἀληθὲς,
659 1761 709 1787 οὐκ
729 1761 770 1788 ἔτι
783 1763 882 1788 νοεῖται

97 1803 252 1838 ἀσώματον.
272 1805 310 1831 Τδ
327 1805 381 1841 γὰρ
402 1806 470 1838 ὅλως
492 1807 521 1832 ἐν
539 1806 674 1841 σχήματι,
698 1807 806 1838 πάντως
830 1816 881 1834 που

98 1849 146 1876 καὶ
157 1849 186 1876 ὲν
199 1849 286 1885 ποσῷ,
299 1850 345 1877 καὶ
357 1851 386 1877 ἐν
399 1851 484 1886 τόπῳ.
498 1851 535 1877 Τὸ
546 1851 575 1878 δὲ
591 1852 619 1878 ἐν
636 1852 710 1887 τόπῳ
726 1852 880 1887 νοούμενον,

96 1894 148 1922 οὐκ
163 1894 215 1927 ἔξω
237 1896 419 1932 περιγραφῆς.
433 1896 524 1923 Ταῦτα
538 1897 567 1924 δὲ
589 1898 724 1933 σωμάτων
744 1899 795 1934 μὲν
816 1899 879 1932 ῐδια,

96 1940 148 1976 τῆς
165 1940 193 1968 δέ
211 1941 355 1977 ἀσωμάτου
370 1942 478 1976 φύσεως
496 1943 626 1978 ἀλλότρια
642 1943 790 1976 παντελῶς.
812 1943 881 1971 Οὔτε

96 1986 185 2012 τοίνυν
201 1986 371 2021 ὀφθαλμοὺς,
393 1987 410 2022 ἦ
427 1984 495 2020 ὦτα,
510 1987 572 2015 οὔτε
597 1989 649 2024 μὴν
670 1989 764 2025 χεῖράς
785 1998 814 2016 τε
834 1991 882 2017 καὶ

98 2031 191 2065 πόδας,
204 2031 220 2067 ἢ
241 2032 381 2068 πτέρυγας
394 2033 503 2068 νοητέον
518 2034 565 2060 ἐπὶ
581 2033 659 2067 Θεοῦ,
673 2035 724 2061 κᾶν
736 2036 760 2062 εί
780 2036 817 2071 μή
839 2044 883 2067 τις

97 2077 184 2104 ἕλοιτο
206 2078 286 2113 τυχὸν
303 2078 341 2110 ὡς
359 2079 388 2105 ἐν
414 2080 510 2111 ἁπτοῖς
532 2080 578 2106 καὶ
595 2081 696 2116 παχέτι
718 2080 825 2116 σώμασι
846 2081 882 2109 τὰ

97 2123 184 2150 τοιάδε
196 2124 275 2157 νοεῖν¹
291 2123 347 2152 ἀλλ’
359 2125 397 2156 ὡς
410 2125 439 2151 ἐν
453 2125 535 2161 ισχνῷ
546 2126 593 2152 καὶ
604 2126 689 2161 ἁΰλῳ,
702 2127 772 2154 κατά
785 2136 817 2162 γε
831 2127 880 2163 τὴν

98 2168 144 2195 τοῦ
156 2168 222 2195 Θεοῦ
234 2168 324 2204 φύσιν.
336 2169 478 2202 Παντελῶς
489 2170 542 2206 γὰρ
551 2170 647 2206 εὔηθες
658 2171 688 2198 τὸ
699 2171 840 2206 βούλεσθαί
855 2182 880 2199 τι

97 2214 334 2263 τοιοῦτον-ἐννοεῖν.
346 2215 457 2252 Πνεῦμα
468 2216 523 2251 γὰρ
532 2217 545 2243 ὁ
555 2216 634 2248 Θεόςο
646 2217 694 2244 καὶ
706 2217 785 2244 τοῦτο
796 2218 881 2254 ὑπάρ-
895 2235 917 2263 D

97 2269 162 2295 κων,
183 2260 290 2288 πάντων
305 2260 360 2296 ἔχει
374 2261 424 2297 τὴν
440 2264 550 2296 γνῶσιν,
572 2262 658 2298 ἐφορᾷ
671 2263 706 2289 τὰ
723 2263 811 2291 πάντα
831 2265 879 2291 καὶ

98 2307 328 2334 κατασκέπτεται²
341 2307 464 2335 λανθάνει
476 2307 529 2343 γὰρ
542 2309 621 2335 αὐτὸν
633 2308 686 2335 τῶν
696 2309 780 2336 ὅντων
791 2309 876 2336 οὐδέν.

99 2352 128 2378 Et
142 2352 170 2378 δὲ
184 2351 283 2387 μορίων
296 2353 359 2388 ἦτοι
370 2352 457 2387 μελῶν
469 2353 486 2387 ή
502 2352 562 2379 θεία
575 2353 668 2388 Γραφὴ
683 2352 828 2387 μέμνηται,
843 2352 878 2379 τὰ

99 2397 160 2432 περὶ
183 2396 267 2423 αὐτοῦ
292 2396 410 2424 λαλοῦσα
425 2396 494 2433 πρὸς
509 2398 584 2432 ἡμᾶς
595 2417 603 2429 ,
628 2397 714 2424 ίστέον
730 2398 771 2424 ὅτι
794 2397 824 2429 ἐξ
839 2395 877 2425 ὧν

100 2443 174 2479 ἴσμεν
187 2452 217 2470 τε
227 2444 273 2470 καὶ
288 2441 356 2470 εἶναι
369 2443 542 2478 πεφύκαμεν,
552 2443 619 2479 πρὸς
629 2444 703 2479 ἡμᾶς
714 2443 877 2478 διαλέγεται.

98 2489 133 2516 Οὐ
147 2489 200 2524 γὰρ
211 2489 310 2525 ἑτέρως
321 2487 355 2525 ἦν
365 2490 438 2524 ἡμᾶς
449 2489 577 2516 δύνασθαι
590 2489 660 2516 νοεῖν
673 2489 708 2516 τὰ
721 2490 784 2525 περὶ
796 2489 875 2517 Θεοῦ.

98 2535 173 2562 Λίτία
191 2534 282 2562 τοίνυν
303 2535 351 2562 καὶ
368 2535 505 2570 πρόφασις
520 2535 624 2570 ἀληθὴς
645 2534 692 2562 τοῦ
714 2535 878 2571 σωματικῶς

99 2581 159 2616 περὶ
173 2580 240 2607 Θεοῦ
254 2581 316 2613 τοὺς
331 2581 398 2615 πρὸς
411 2581 485 2616 ἡμᾶς
499 2580 594 2614 λόγους
607 2580 740 2608 ποιεῖσθαι
756 2580 806 2616 τὴν
819 2580 879 2607 Θεό-

99 2635 226 2653 πνευπον
241 2626 364 2662 Γραφὴν,
386 2627 435 2653 καὶ
453 2626 498 2653 νοῦ
523 2626 571 2653 καὶ
591 2626 713 2661 γλώττης
729 2627 757 2653 ἐν
780 2627 845 2662 ἡμῖν
861 2626 877 2661 ἡ

98 2672 222 2707 πτωχεία.
238 2673 361 2708 ’Ἃῤῥητα
375 2673 428 2709 γὰρ
443 2673 581 2706 παντελῶς
593 2674 627 2701 τὰ
641 2675 705 2709 περὶ
720 2674 802 2701 αὑτοῦ
811 2682 818 2689 ·
832 2674 879 2701 καὶ

97 2717 143 2744 οὐκ
166 2715 200 2752 ἦν
222 2717 341 2744 συνιέναι
365 2718 418 2744 τῶν
435 2718 592 2753 ἀναγκαίων
611 2718 739 2746 δύνασθαι
763 2719 826 2750 τοὺς
848 2719 879 2745 ἐν

98 2763 189 2793 ἁπτοῖς
213 2763 258 2788 καὶ
275 2762 374 2797 παχέσι
393 2763 472 2798 ὄντας
495 2763 628 2799 σώμασιν,
650 2765 673 2791 εί
692 2764 729 2800 μὴ
751 2764 780 2790 ὲν
802 2763 878 2796 τάξει

129 2850 170 2878 "l
185 2851 253 2878 Tim.
268 2858 304 2883 νι,
325 2851 365 2878 lii.
404 2852 413 2866 ⁸
428 2852 435 2878 l
448 2852 509 2879 Cor.
527 2860 586 2885 xm,
603 2853 635 2880 12
683 2854 692 2868 ⁵
711 2852 790 2880 Joan.
808 2860 845 2884 tv.
863 2852 908 2880 ⁵34.

1185 1144 1298 1173 υΑΡυΤ
1317 1144 1462 1172 PRIMUM.

972 1211 1022 1244 Qui
1036 1218 1108 1238 sanae
1123 1211 1220 1238 mentis
1235 1215 1316 1243 sunt,
1333 1214 1362 1237 et
1377 1210 1470 1238 subtili
1485 1211 1635 1239 intellectus
1660 1213 1718 1239 acie

938 1257 1080 1285 inell‘abilis
1096 1256 1249 1284 Divinitatis
1266 1256 1385 1283 rationes
1412 1258 1632 1292 coutemplantur
1645 1279 1652 1291 ,
1674 1259 1715 1286 vi-v

937 1303 1000 1331 dent
1016 1304 1100 1337 ipsam
1115 1303 1188 1331 omni
1211 1302 1320 1337 quidem
1346 1307 1472 1330 creatura
1495 1304 1713 1335 eminentiorem.

936 1357 1096 1384 omnemque
1123 1349 1204 1376 etiam
1226 1349 1414 1376 acutissimum
1437 1349 1602 1377 intellectum
1635 1358 1717 1378 exsu-

933 1400 1094 1430 perantem,
1108 1402 1236 1429 corporea
1264 1396 1457 1431 imaginatione
1480 1398 1662 1431 superiorem,
1689 1402 1717 1424 et

933 1442 1157 1476 quemadmodum
1187 1441 1400 1477 sapientissimus
1434 1443 1533 1470 Paulus
1567 1443 1654 1477 inquit
1683 1443 1717 1474 ν,

936 1496 945 1513 α
964 1487 1252 1515 lumeninaccessibile
1267 1487 1474 1516 iuhabitantem.
1494 1498 1503 1514 ι
1528 1488 1611 1515 Porro
1632 1489 1654 1515 si
1670 1489 1716 1515 lu-

934 1539 994 1558 men
1013 1533 1083 1566 quod
1107 1532 1191 1566 ipsam
1209 1532 1399 1567 cireumfolget
1413 1552 1422 1565 ,
1448 1533 1616 1561 inaccessum
1643 1539 1685 1560 est
1703 1554 1710 1563 .

896 1569 917 1597 (ἶ
934 1583 987 1611 quo
998 1580 1076 1611 pacto
1089 1584 1148 1604 eam
1168 1577 1267 1604 intueri
1290 1577 1423 1612 quispiam
1441 1578 1548 1612 possit?
1570 1578 1712 1605 Cernimus

933 1621 1004 1648 enim
1021 1621 1046 1648 in
1061 1621 1180 1655 speculo,
1196 1627 1223 1649 et
1236 1623 1262 1649 in
1287 1623 1383 1656 figura,
1407 1628 1435 1651 et
1453 1631 1486 1651 ex
1515 1629 1591 1658 parte
1617 1631 1716 1659 cogno-

932 1668 1032 1695 scimus
1048 1668 1068 1695 ⁸.
1084 1669 1132 1696 Est
1146 1669 1228 1703 igitur
1246 1668 1380 1696 Divinitas
1394 1669 1552 1703 incorporea
1565 1691 1573 1702 ,
1602 1670 1710 1704 quanti-

934 1714 996 1740 tatis
1013 1714 1255 1749 magnitudinisque
1270 1722 1379 1749 expers,
1394 1722 1482 1749 neque
1495 1715 1581 1742 l’orma
1596 1715 1711 1743 circum-

932 1760 1032 1795 scripta
1044 1760 1207 1787 continetur.
1223 1760 1300 1792 Quod
1315 1768 1379 1787 vero
1389 1761 1426 1788 ita
1436 1761 1541 1796 propria
1555 1769 1602 1788 sua
1616 1765 1712 1788 natura

932 1813 963 1833 se
981 1806 1078 1838 habet,
1098 1814 1151 1841 quo
1164 1811 1242 1840 pacto
1257 1805 1369 1841 intelligi
1386 1812 1476 1840 potest
1496 1814 1529 1834 ex
1551 1808 1673 1842 partibus
1685 1812 1714 1833 et

933 1851 1060 1878 membris
1070 1852 1215 1879 constare?
1226 1851 1291 1878 Nam
1303 1852 1326 1879 si
1345 1853 1406 1886 quis
1418 1853 1463 1879 det
1474 1853 1524 1880 hoc
1536 1860 1628 1880 verum
1641 1860 1712 1885 esse,

932 1904 984 1924 non
999 1896 1112 1930 amplius
1129 1897 1290 1932 intelligetur
1305 1898 1461 1932 incorporea
1486 1897 1649 1934 (Divinitas).
1664 1898 1712 1925 Cui

931 1940 1002 1967 enim
1011 1941 1121 1968 omnino
1130 1940 1215 1968 forma
1226 1941 1364 1974 tribuitur,
1373 1942 1434 1969 huic
1444 1942 1524 1969 etiam
1534 1948 1560 1969 et
1572 1943 1712 1977 quantitas

932 1991 959 2013 et
967 1985 1043 2013 locus
1050 1987 1206 2014 tribuendus
1218 1987 1308 2014 fuerit.
1317 1987 1393 2020 Quod
1405 1995 1468 2015 vero
1485 1988 1510 2014 in
1527 1988 1584 2015 loco
1594 1995 1654 2016 esse
1666 1989 1710 2015 in-

933 2031 1071 2067 telligitur,
1089 2039 1140 2059 non
1156 2032 1248 2067 utique
1266 2038 1342 2060 extra
1358 2033 1636 2068 circumscriptionem
1651 2039 1704 2062 est.

931 2077 1011 2112 Atqui
1026 2078 1082 2105 haec
1097 2085 1240 2113 c0rporum
1252 2079 1360 2112 quidem
1381 2084 1444 2106 sunt
1460 2079 1578 2114 propria,
1611 2079 1645 2106 ab
1669 2079 1711 2106 in-

931 2130 1060 2157 corporea
1083 2130 1148 2150 vero
1172 2130 1269 2150 natura
1293 2130 1403 2158 prorsus
1424 2123 1522 2150 aliena.
1551 2123 1608 2150 Non
1631 2124 1713 2158 igitur

931 2169 1012 2201 oculi,
1026 2169 1068 2195 vel
1082 2176 1172 2202 aures,
1188 2173 1218 2196 ut
1234 2175 1321 2203 neque
1337 2168 1419 2202 pedes
1430 2173 1457 2195 et
1474 2176 1579 2201 manus,
1596 2173 1643 2195 aut
1660 2169 1712 2196 ala:

932 2217 958 2242 in
975 2215 1028 2242 Deo
1042 2220 1105 2242 sunt
1119 2215 1266 2242 statuendze
1278 2234 1287 2248 ,
1312 2214 1418 2241 etiamsi
1441 2214 1574 2249 quispiam
1595 2215 1713 2242 fortasse

933 2261 1001 2288 nolit
1012 2261 1069 2288 haec
1085 2261 1141 2296 ipsa
1159 2265 1188 2288 ut
1201 2260 1228 2288 in
1247 2260 1420 2295 tangibilihus
1432 2260 1585 2294 crassisque
1614 2268 1712 2295 corpo-

932 2307 1006 2334 ribus
1023 2307 1176 2342 imaginari,
1195 2307 1242 2334 sed
1256 2311 1382 2341 tanquam
1396 2306 1422 2333 in
1436 2305 1526 2334 subtili
1542 2311 1570 2333 et
1592 2308 1713 2335 materia

930 2353 1045 2387 experti,
1069 2353 1145 2386 juxta
1175 2352 1223 2379 Dei
1247 2357 1382 2379 naturam.
1403 2352 1540 2388 Siquidem
1563 2353 1710 2381 absurdum

930 2399 1010 2434 367
1024 2399 1102 2433 plane
1113 2399 1202 2431 fuerit,
1217 2398 1269 2426 tale
1281 2399 1345 2433 quid
1359 2400 1490 2434 cogitare.
1506 2399 1624 2433 Spiritus
1637 2400 1710 2425 enim

930 2450 971 2472 est
991 2445 1059 2471 Deus
1084 2445 1094 2460 ⁸
1121 2453 1129 2471 :
1153 2449 1234 2480 atque
1262 2445 1312 2472 hoc
1338 2452 1399 2472 cum
1419 2445 1465 2476 sit.
1491 2445 1583 2472 omnia
1610 2445 1708 2476 novit,

929 2490 1017 2517 omnia
1031 2490 1186 2524 speculatur
1204 2497 1237 2517 ac
1253 2490 1376 2525 providet
1391 2499 1398 2517 :
1414 2490 1481 2517 nihil
1498 2490 1584 2524 ipsum
1611 2497 1704 2516 eorum

929 2543 989 2570 qua:
1001 2540 1065 2563 sunt
1082 2537 1156 2562 latet.
1178 2535 1207 2563 Si
1222 2543 1285 2563 vero
1307 2536 1423 2570 partium
1445 2536 1501 2562 sive
1521 2535 1704 2562 membrorum

927 2588 1003 2608 sacra
1032 2581 1170 2615 Scriptura
1194 2580 1325 2612 meminit,
1352 2580 1384 2607 de
1399 2579 1478 2606 rebus
1494 2579 1592 2606 divinis
1608 2581 1640 2606 ad
1657 2587 1706 2607 nos

927 2626 1049 2661 loquens,
1077 2626 1214 2654 sciendum
1232 2631 1274 2652 est
1286 2645 1294 2658 ι
1319 2625 1389 2660 quod
1403 2633 1435 2652 ex
1451 2625 1484 2651 iis
1504 2633 1563 2658 qua:
1579 2625 1604 2651 in
1624 2624 1709 2651 intel-

926 2672 1025 2700 lectum
1040 2677 1161 2699 nostrum
1173 2672 1284 2704 cadunt,
1301 2676 1328 2698 et
1346 2678 1379 2699 ex
1396 2670 1493 2705 quibus
1515 2675 1642 2698 constare
1662 2679 1706 2697 so-

927 2719 1012 2746 lemus
1025 2738 1033 2751 ,
1052 2720 1190 2747 nobiscum
1205 2718 1334 2753 loquitur.
1361 2717 1453 2752 Neque
1464 2717 1536 2745 enim
1552 2718 1631 2744 aliter
1646 2717 1703 2744 ﬂeri

927 2769 1049 2800 poterat,
1069 2771 1096 2792 ul
1117 2772 1160 2793 res
1173 2764 1278 2793 divinas
1295 2763 1515 2799 intelliget-emus.
1536 2763 1604 2791 Vera
1619 2763 1705 2798 igitur
