1883 3056
96 172 168 200 1031

611 172 798 201 ADVERSUS
816 173 1218 202 ANTllliOPOMORPHlTAS.

1661 177 1729 205 1082

94 231 181 265 ἁγίου
193 231 316 266 μέτοχον,
330 230 373 258 ἴνα
383 231 590 267 λαμπροτέρους
606 232 655 268 ἔχῃ
672 234 733 265 τοὺς
747 235 887 269 χαρακτῆ-

981 234 986 261 ί
1005 234 1106 261 factum
1129 235 1254 267 dicimus,
1275 238 1409 268 quatenus
1431 239 1527 262 natura
1555 242 1730 270 comparatus

95 285 151 311 ρας
165 276 217 312 τῆς
239 275 316 308 θείας
343 275 450 310 φύσεως
474 277 503 302 ὲν
529 276 613 311 αὐτῷ,
628 277 794 312 ἐνεφύσησεν
815 277 890 312 αὐτῷ

94 322 185 358 πνοὴν
211 321 294 357 ζωῆς,
316 321 403 348 Τοῦτο
423 322 453 348 δέ
477 323 535 349 ἐστι
558 322 588 348 τὸ
609 322 642 348 δι’
657 322 723 349 Υἱοῦ
740 324 773 358 τῇ
793 322 890 358 λογικῇ

94 368 189 394 κτίσει
204 367 406 403 χορηγούμενον
426 368 548 402 Πνεῦμα,
564 368 610 395 καὶ
625 368 790 403 διαμρφοῦν
804 369 890 404 αὐτὴν

94 415 138 446 εἰς
154 411 226 446 εἶδος
237 414 268 441 τὺ
283 413 424 444 ἀνωτάτω,
440 413 513 440 τοῦτ’
528 413 596 446 ἐστι,
617 414 648 440 τὸ
670 414 817 441 θεῖον.”οτι
833 414 888 450 γὰρ

93 461 149 487 οὐκ
167 462 207 493 είς
222 460 311 496 ψυχὴν
325 460 462 496 ἀνθρώπῳ
481 460 510 487 τὺ
529 460 687 496 ἑμφυσηθὲν
702 460 777 496 αὑτῷ
793 461 890 496 γέγονε

94 506 220 542 πνεῦμα,
234 506 297 533 οὔτε
323 506 376 542 μὴν
401 507 441 538 είς
463 506 535 540 νοῦν,
550 507 588 538 ὡς
603 506 704 533 οἴονταί
715 515 800 539 τινες,
814 507 901 535 ἐστιν.

93 551 224 579 ἐντεῦθεν
240 551 315 578 ίδεῖν·
334 549 447 587 Πρῶτον
464 551 514 586 μὲν
526 552 540 577 ὸ
556 552 728 587 ὲμφυσήσας,
745 550 810 583 Θεὸς
823 554 891 580 νοεῖ-

92 607 142 625 ται
153 607 159 614 ·
174 598 205 625 τὸ
217 598 246 624 δὲ
258 597 417 633 ὲμφυσηθὲν
432 598 462 631 ἐξ
476 597 570 631 αὑτοῦ,
585 599 694 630 πάντως
715 607 767 624 που
788 600 889 625 νοεῖται

93 645 146 671 καὶ
159 644 225 671 ἴδιον
239 644 334 677 αὐτοῦ,
353 643 414 680 ἦτοι
428 644 478 679 τῆς
492 643 586 675 οὐσίας
600 644 693 670 αὑτοῦ.
706 642 772 670 Εἶτα
786 644 844 676 πῶς
856 644 888 671 ἂν

91 691 127 717 τὸ
137 691 170 717 ἐκ
181 690 226 717 τοῦ
233 690 301 717 Θεοῦ
313 689 423 724 πνεῦμα
436 689 635 725 μεταϐέϐληται
647 690 687 722 εἰς
700 689 780 724 φύσιν
789 690 886 724 ψυχῆς,

92 736 113 772 ἦ
137 736 186 763 καὶ
210 736 272 768 νοῦς
295 736 419 770 ἑγὲνετο;
442 736 595 772 Ἀμήχανον
609 736 663 772 γὰρ
677 736 723 763 τοῦ
737 736 888 770 τρέπεσθαι

91 783 126 809 τὸ
143 782 255 817 πνεῦμά,
269 783 353 808 ἐστιν.
374 782 406 809 El
423 781 450 808 δὲ
465 782 521 817 δοίη
533 791 575 814 τις
588 779 668 814 εῖναι,
684 782 730 808 καὶ
745 782 814 809 κατὰ
827 791 889 818 τρο-

93 830 153 864 πὴν
175 827 300 863 γενέσθαι
318 827 407 863 ψυχὴν
426 827 442 863 ἢ
457 828 520 854 νοῦν
535 829 543 862 (
555 828 624 864 ὅπερ
636 827 695 854 ἐστὶ
709 827 763 854 τῶν
777 828 886 863 ἀμηχά-

92 874 172 909 νων),
189 873 246 901 ἀλλ’
260 874 348 901 ἐκεῖνό
370 882 402 908 τε
420 874 500 906 εὐθὺς
521 874 597 901 ἔστιν
622 874 696 901 ιδεῖν.
715 873 746 900 Εἰ
769 874 824 910 γὰρ
845 874 886 905 είς

92 919 185 955 ψυχὴν
196 919 234 955 τῷ
249 918 386 955 ἀνθρώπῳ
396 920 426 946 τὸ
443 919 514 946 θεῖον
526 919 638 954 Πνεῦμα
646 919 766 954 γέγονεν,
780 919 886 955 ἔμεινεν

94 965 130 992 ἂν
146 967 162 1002 ἡ
176 965 248 1000 ψυχὴ
271 965 319 992 καὶ
337 965 352 992 ό
367 964 430 997 νοῦς
446 964 621 997 ἀνεπίδεκτος
644 965 791 1000 ἁμαρτίας.
812 965 844 992 Et
857 965 886 992 δὲ

93 1012 247 1047 ἁμαρτίαις
270 1011 468 1038 ὑπο-πέπτωκεν
483 1012 523 1043 είς
538 1010 627 1046 ψυχὴν
651 1010 885 1046 μεταΰεὸλημένον

93 1057 127 1084 τὸ
145 1058 177 1084 ὲκ
192 1056 259 1084 Θεοῦ
277 1057 400 1092 Πνεῦμα,
415 1057 504 1084 διττὸν
526 1056 600 1092 αὐτῷ
621 1057 652 1083 τὸ
675 1055 801 1092 ἔγκλημα
815 1056 886 1092 παρ’

92 1103 176 1138 ήμῶν
188 1103 336 1137 ἐπάγεται·
353 1103 461 1138 πρῶτον
483 1103 542 1138 μὲν,
555 1103 596 1129 ὅτι
616 1101 720 1138 τροπὴν
739 1101 885 1138 ὑπέμεινεν

92 1150 146 1183 τὴν
162 1150 200 1180 εἰς
213 1150 283 1184 ὅπερ
296 1149 346 1175 οὐκ
361 1146 395 1184 ἦν
406 1155 414 1164 ⁴
428 1146 489 1176 εἶτα
504 1147 573 1184 πρὸς
588 1147 669 1174 τοῦτο
681 1148 729 1175 καί
748 1148 885 1182 ἁμαρτίας

92 1195 163 1222 αὺτὸ
179 1204 268 1230 φαμεν
293 1195 420 1230 γενέσθαι
435 1195 568 1223 δεκτικόν.
585 1194 688 1222 Οὐκοῦν
704 1194 733 1221 τδ
747 1193 816 1225 ζῶον
835 1194 884 1228 μὲν

93 1241 224 1276 ὲψυχώθη
240 1241 352 1276 ἀρρήτῳ
373 1240 488 1276 δυνάμει
506 1240 585 1274 Θεοῦ,
602 1240 649 1267 καὶ
663 1241 692 1266 ὲν
707 1241 739 1274 τῇ
754 1239 822 1274 πρὸς
836 1239 884 1265 αὗ-

93 1287 141 1313 τδν
163 1287 292 1322 ὁμοιώσει
305 1286 412 1322 γέγονε,
428 1286 490 1313 καθ’
502 1286 516 1312 δ
533 1285 654 1321 πέφυκεν
670 1285 770 1319 ἀγαθὸν
785 1285 832 1311 καὶ
845 1284 884 1311 δί-

93 1341 182 1365 καιον,
197 1332 244 1359 καὶ
268 1331 370 1368 ἀρετῆς
385 1332 494 1367 ἀπάσης
519 1329 590 1358 εἶναι
607 1330 883 1365 δεκτικόν.ἰἰγιάσϐη

93 1378 122 1406 δὲ
137 1377 185 1404 τοῦ
202 1378 275 1404 θείου
296 1377 457 1413 Πνεύματος
478 1376 703 1411 ἀποδεδειγμένον
725 1376 854 1412 μέτοχον⁸
870 1376 884 1402 δ

94 1424 143 1450 καὶ
162 1424 205 1451 διὰ
219 1424 269 1459 τὴν
284 1424 422 1459 ἁμαρτίαν
445 1422 641 1458 ἀποϐἐσληκεν.
655 1423 727 1457 Ἔφη
751 1422 805 1457 γάρ
833 1430 884 1448 που

94 1470 164 1501 Θεὸς
176 1490 182 1501 ,
200 1479 209 1495 ι
222 1470 262 1496 ὅτι
282 1469 319 1496 Οὺ
337 1469 375 1505 μὴ
392 1467 544 1503 καταμείνῃ
557 1468 588 1494 τὸ
599 1467 713 1503 Πνεῦμα
725 1475 775 1502 μου
788 1467 817 1493 ὲν
829 1468 885 1498 τοῖς

94 1514 250 1550 ἀνθρώποις
272 1513 387 1546 τούτοις,
407 1513 452 1540 διὰ
475 1513 506 1540 τὸ
530 1510 600 1540 εἶναι
625 1513 722 1545 αὐτοὺς
741 1513 853 1549 σάρκας,
873 1522 882 1539 ι

93 1561 168 1587 τοῦτ’
183 1560 252 1592 ἔστι,
271 1561 339 1596 μόνα
357 1561 465 1596 φρονεῖν
482 1559 516 1586 τὰ
527 1559 578 1595 τῆς
595 1559 841 1595 σαρκός.Ἐπειδάν
857 1559 885 1586 δὲ

94 1606 109 1631 ὀ
124 1606 190 1638 Θεὸς
203 1606 251 1632 καὶ
264 1605 358 1641 Πατὴρ
378 1604 671 1639 ἀνακεφαλαιώσασθαι
685 1605 717 1631 τὰ
736 1605 824 1632 πάντα
839 1606 889 1640 ηὐ-

93 1650 210 1687 δόκησεν
227 1653 256 1678 ὲν
270 1651 308 1687 τῷ
324 1651 445 1687 Χριστῷ,
458 1651 542 1686 ἧγουν
557 1652 596 1683 είς
613 1651 643 1678 τὸ
660 1652 772 1686 ἀρχαῖον
787 1651 890 1686 ἀναγα-

94 1699 154 1732 γεῖν
171 1718 178 1730 ,
206 1697 237 1724 τὸ
259 1698 387 1725 ἀποπτὰν
412 1697 491 1732 ἡμῶν
521 1696 568 1724 καὶ
594 1696 781 1732 ἀποφοιτῆσαν
811 1696 889 1731 ἆγιον

96 1744 209 1780 Πνεῦμα
226 1744 307 1771 πάλιν
329 1745 395 1780 ἡμῖν
416 1742 619 1774 ἀποκαθιστῶν,
640 1744 697 1775 τοῖς
713 1743 802 1777 ἁγίοις
818 1744 889 1771 ἀπο-

96 1791 203 1824 στόλοις
220 1791 372 1826 ἐνεφύσησε
388 1790 481 1821 τοῦτο.
499 1789 603 1824 λέγων’
623 1798 632 1815 ι
648 1789 753 1817 Λάϐετε
775 1790 889 1825 Πνεῦμα

96 1838 185 1872 ἅγιον.
198 1846 208 1862 ι
218 1836 379 1869 ’Δνανέωσις
393 1836 447 1874 γὰρ
459 1836 510 1871 τῆς
524 1835 641 1871 ἀρχαίας
655 1836 763 1872 ἐκείνης
772 1836 886 1871 δωρεᾶς,

96 1884 146 1911 καὶ
157 1882 205 1910 τοῦ
221 1882 345 1915 δοθέντος
365 1883 431 1918 ἡμῖν
446 1882 655 1917 ἐμφυσήματος,
671 1881 703 1908 τὸ
715 1881 759 1908 διὰ
770 1880 890 1917 Χριστοῦ

96 1929 221 1964 γέγονεν,
231 1928 407 1964 ἁναμορφοῠν
421 1928 496 1963 ἡμᾶς
509 1928 549 1959 είς
563 1927 609 1955 τὸν
620 1926 728 1964 πρῶτον
743 1927 890 1963 ἁγιασμὸν,

97 1976 145 2003 καὶ
161 1975 327 2012 ἀνακομίξον
344 1975 393 2010 τὴν
409 1973 554 2010 ἀνθρώπου
568 1973 659 2008 φύσιν,
678 1973 716 2005 ὡς
733 1974 762 2000 ἐν
776 1974 889 2009 ἀπαρχῇ

97 2023 154 2054 τοῖς
168 2021 256 2056 ἁγίοις
273 2021 444 2053 ἀποστόλοις,
461 2021 501 2052 είς
516 2020 561 2047 τὸν
573 2019 677 2047 ἄνωθεν
691 2020 738 2047 καὶ
750 2021 779 2047 ὲν
793 2019 891 2057 πρώτῃ

98 2070 255 2105 κατασκευῇ
273 2067 387 2095 δοθέντα
402 2067 470 2103 ἡμῖν
486 2065 634 2101 ἁγιασμόν.

942 285 993 313 est,
1023 279 1122 306 animal
1149 279 1247 307 botuun
1265 280 1405 313 etjustum
1429 288 1498 308 esse.
1523 281 1588 308 Cum
1615 289 1680 308 vero
1703 283 1729 308 id

942 332 994 352 non
1017 329 1119 351 tantum
1142 326 1246 352 ratione
1266 326 1407 360 praeditum
1430 333 1489 353 esse
1513 331 1659 360 oporteret,
1680 328 1729 354 sed

941 371 1021 398 etiam
1039 371 1125 398 sancti
1143 371 1261 406 Spiritus
1273 373 1420 406 particeps,
1435 377 1463 398 ut
1479 372 1638 399 illustriores
1651 374 1683 399 in
1699 381 1729 400 se

942 417 1053 444 haberet
1067 417 1165 445 divinae
1182 423 1285 444 natura:
1303 417 1487 450 characteres,
1506 418 1650 445 iusnlllavit
1676 419 1727 454 ipsi

940 464 1064 498 spiritum
1089 465 1162 492 vitaz.
1191 463 1239 491 llic
1270 469 1360 491 autem
1387 469 1429 491 est
1459 465 1586 499 Spiritus,
1612 466 1656 499 qui
1681 474 1729 500 per

940 509 1039 537 Filium
1065 510 1189 537 rationali
1219 515 1352 537 creaturae
1379 514 1421 536 est
1448 511 1653 545 suppeditatus:
1681 513 1726 545 qui

939 555 1047 589 quidem
1062 555 1147 590 ipsam
1164 554 1341 582 transformat
1362 555 1387 582 iu
1401 555 1514 583 formam
1540 557 1724 583 eminentissi-

941 609 1022 633 matn,
1038 602 1088 628 hoc
1105 606 1146 629 est
1161 602 1290 629 divinam.
1309 601 1385 634 Quod
1403 603 1475 628 eniut
1492 602 1604 637 spiritus
1621 603 1724 629 homini

940 646 1101 679 insuliialus,
1126 656 1178 674 non
1209 648 1322 676 cesserit
1352 648 1402 683 ipsi
1426 648 1452 675 in
1481 649 1610 680 animum,
1637 656 1725 683 neque

939 694 1021 720 etiam
1040 694 1066 720 in
1085 698 1212 725 mentem,
1231 699 1260 720 ut
1285 694 1391 728 quidam
1415 695 1582 727 existimant,
1610 695 1671 722 hinc
1687 696 1726 722 vi-

939 739 1003 766 dere
1023 738 1235 766 licetzPrimum
1255 740 1375 774 quidem,
1401 741 1445 774 qui
1472 741 1627 772 insulilavit,
1658 742 1726 769 Deus

939 784 1117 819 intelligitur;
1145 785 1215 818 quod
1238 793 1303 812 vero
1335 793 1369 812 ex
1399 786 1456 820 ipso
1480 786 1645 814 insumatqu
1672 793 1725 820 est,

939 830 1077 864 proprium
1099 829 1208 856 omnino
1225 831 1388 857 censendmn
1402 836 1444 858 est
1455 830 1523 864 ejus,
1541 831 1666 858 nimirum
1683 840 1728 858 cs-

939 875 1033 902 sentia:
1052 875 1120 910 ejus.
1145 875 1226 910 Atqui
1249 884 1367 910 quonam
1390 881 1468 910 pacto
1492 877 1605 911 spiritus
1626 885 1657 904 ex
1673 879 1727 905 Deo

939 921 1065 954 emissus,
1087 926 1206 948 mutatus
1225 927 1267 949 est
1287 921 1313 948 iu
1334 926 1457 948 naturam
1480 923 1586 956 anima},
1612 929 1658 950 aut
1675 931 1727 957 quo

939 970 1018 1001 pacto
1041 974 1119 993 mens
1139 966 1251 993 eiTectus
1271 965 1362 997 fuerit,
1388 967 1446 993 licri
1462 967 1594 1001 siquidem
1611 975 1663 993 non
1680 975 1727 1001 pos

940 1016 991 1039 test
1010 1016 1039 1038 ut
1060 1011 1170 1046 spiritus
1197 1011 1335 1038 mutetur?
1358 1011 1392 1037 At
1419 1016 1447 1037 ut
1472 1012 1588 1038 maxime
1609 1012 1670 1046 quis
1682 1013 1727 1039 det

938 1057 998 1084 ﬁeri
1018 1064 1106 1092 posse,
1128 1057 1314 1091 concedatque
1330 1056 1455 1091 spiritum
1479 1061 1610 1084 mutatum
1626 1057 1651 1084 in
1668 1057 1728 1084 ani-

939 1111 1008 1130 mam
1021 1107 1067 1130 aut
1083 1106 1202 1130 mentem
1220 1106 1229 1138 ί
1249 1102 1320 1136 quod
1337 1103 1444 1136 quidem
1460 1102 1532 1129 nulla
1547 1104 1650 1130 ratione
1669 1104 1726 1131 ﬁeri

937 1148 1059 1184 potest),
1077 1147 1136 1174 vide
1159 1147 1251 1174 statim
1268 1147 1307 1174 rei
1331 1147 1596 1180 consequentiamSi
1612 1147 1683 1174 enim
1700 1148 1726 1174 in

937 1193 1055 1220 animam
1063 1192 1163 1219 homini
1174 1191 1280 1219 divinus
1290 1191 1402 1227 spiritus
1411 1191 1593 1228 cessit,369
1606 1193 1727 1227 profecto

937 1238 964 1265 in
979 1238 1094 1265 animam
1113 1242 1161 1265 aut
1176 1241 1292 1264 mentem
1309 1243 1451 1272 peccatum
1474 1237 1572 1265 cadere
1587 1246 1640 1265 non
1663 1246 1727 1272 pos-

937 1284 982 1310 sit.
1013 1283 1041 1310 Si
1068 1287 1157 1310 autem
1188 1287 1299 1318 peccato
1321 1283 1462 1310 succubuit
1483 1282 1599 1317 Spiritus
1623 1284 1667 1310 Dci
1699 1283 1727 1310 in

938 1329 1054 1356 animam
1079 1332 1208 1361 mutatus,
1236 1329 1333 1364 duplex
1349 1329 1373 1357 ei
1391 1329 1530 1357 accusatio
1552 1336 1567 1355 a
1586 1328 1664 1355 nobis
1688 1329 1728 1355 in-

939 1373 1010 1400 tendi
1043 1378 1154 1408 potest:
1173 1373 1290 1408 primqu
1311 1374 1432 1408 quidem,
1453 1373 1524 1408 quod
1548 1373 1726 1400 mutationem

938 1419 1052 1446 subierit
1075 1419 1101 1446 in
1129 1419 1155 1446 id
1175 1420 1247 1454 quod
1265 1427 1317 1446 non
1333 1426 1411 1447 erat:
1433 1419 1539 1450 deinde,
1562 1419 1643 1446 etiam
1661 1426 1726 1452 pec-

938 1465 991 1491 cati
1008 1465 1094 1499 ipsum
1108 1471 1234 1499 capacem
1251 1464 1333 1492 fuisse
1346 1465 1478 1492 dicemus.
1491 1464 1622 1497 Quocirca
1637 1464 1726 1490 anima

939 1509 1045 1545 quidem
1062 1509 1088 1536 in
1105 1509 1207 1536 animal
1222 1509 1343 1536 immissa
1364 1513 1406 1537 est
1428 1508 1556 1536 ineﬂ'abili
1575 1507 1620 1534 Dei
1640 1507 1666 1533 vi
1687 1511 1728 1533 at-

939 1563 992 1591 que
1014 1554 1151 1588 emcacia;
1174 1554 1245 1589 quod
1262 1554 1372 1589 quidem
1393 1553 1598 1581 similitudinem
1621 1560 1681 1579 cum
1696 1559 1728 1578 eo

939 1607 981 1630 est
997 1605 1116 1634 nactum,
1137 1609 1169 1629 ea
1192 1601 1307 1632 ratiOne,
1331 1607 1384 1635 qua
1408 1603 1501 1627 natum
1517 1603 1560 1626 est
1584 1598 1683 1626 bonum
1702 1601 1729 1624 et

934 1647 1048 1682 justum,
1066 1647 1242 1682 omniumque
1257 1646 1388 1673 virtutum
1404 1652 1501 1680 capax.
1520 1643 1726 1671 Sanctiﬁcatum

938 1700 1002 1720 vero
1031 1698 1083 1726 est,
1114 1693 1197 1720 divini
1229 1692 1349 1728 Spiritus
1381 1691 1515 1726 particeps
1551 1689 1728 1722 declaratmu,

937 1747 1018 1774 quem
1034 1739 1116 1766 etiam
1133 1746 1180 1774 per
1194 1741 1334 1774 peccatum
1351 1736 1514 1772 repudiavit.
1529 1736 1573 1762 Ait
1591 1736 1663 1763 enim
1683 1734 1730 1761 ali-

937 1786 998 1814 cubi
1015 1785 1096 1817 Deus,
1120 1793 1130 1810 (
1156 1784 1218 1820 quia
1243 1783 1301 1811 Non
1327 1783 1448 1810 manebit
1473 1781 1593 1816 Spiritus
1614 1780 1728 1808 mensiu

942 1832 1097 1860 hominibus
1111 1831 1163 1864 his,
1181 1831 1241 1858 ideo
1260 1829 1332 1865 quod
1346 1829 1402 1857 sint
1418 1836 1483 1856 caro
1494 1827 1526 1860 ‘°,
1543 1837 1552 1853 i
1566 1827 1617 1854 hoc
1633 1830 1684 1858 est,
1698 1832 1731 1852 ea

943 1883 1046 1906 tantum
1063 1885 1123 1911 quae
1144 1876 1235 1904 carnis
1250 1880 1314 1903 sunt
1328 1875 1458 1910 cogitent.
1481 1873 1547 1900 Cum
1568 1875 1657 1899 autem
1672 1871 1730 1906 pla-

941 1924 1023 1952 citum
1038 1923 1088 1951 fuit
1104 1922 1160 1950 Deo
1184 1931 1216 1950 ac
1238 1922 1311 1950 Patri
1329 1922 1484 1949 instaurare
1499 1919 1590 1947 omnia
1607 1919 1633 1946 iu
1649 1918 1732 1945 Chri-

940 1976 983 1999 sto
995 1970 1028 2005 “,
1045 1971 1096 1998 hoc
1107 1975 1159 2004 est,
1180 1969 1213 1997 ad
1225 1969 1369 2004 pristinam
1383 1968 1567 2001 integritatem
1581 1971 1709 1993 revocare
1722 1973 1729 1991 :

942 2018 1073 2053 Spiritum
1086 2020 1224 2048 sanctum,
1237 2015 1283 2051 qui
1296 2024 1310 2042 ιι
1323 2015 1401 2042 nobis
1411 2012 1532 2041 avolarat
1546 2017 1627 2047 atque
1640 2018 1732 2038 reces-

941 2068 1026 2096 serat,
1041 2063 1138 2090 iterum
1153 2063 1231 2090 nobis
1246 2061 1402 2090 restituens,
1414 2059 1517 2087 sanctis
1528 2056 1656 2093 apostolis
1669 2063 1731 2083 eum

99 2099 255 2141 insinuavit"
278 2113 372 2140 dicens
397 2099 430 2140 2:
459 2099 581 2145 Accipite
613 2109 745 2145 Spiritmn
784 2113 908 2137 sanctam
935 2108 968 2134 ".
997 2117 1007 2134 ›
1041 2107 1205 2135 lnstauratio
1222 2106 1294 2133 enim
1327 2105 1428 2132 veteris
1462 2103 1535 2130 illius
1566 2101 1627 2128 doni
1647 2105 1674 2127 et
1691 2099 1733 2126 in—

100 2158 260 2186 suitiationis
288 2157 365 2186 nobis
396 2157 477 2190 datae,
505 2155 651 2184 insulDatio
677 2163 725 2191 per
750 2155 887 2183 Christum
907 2154 967 2186 fuit,
987 2153 1188 2181 transformans
1209 2161 1260 2180 nos
1281 2153 1308 2179 in
1329 2151 1442 2186 primam
1472 2149 1546 2176 illam
1579 2148 1734 2175 sanctiﬁca-

101 2207 212 2237 tionem.
240 2205 410 2240 eveliensque
439 2205 585 2232 humanam
607 2205 743 2235 naturam,
770 2201 852 2228 veluti
879 2201 907 2228 in
927 2200 1054 2236 primitiis
1076 2201 1178 2228 sanctis
1199 2198 1341 2234 apostolis,
1375 2197 1403 2224 in
1420 2203 1491 2230 eam,
1510 2202 1570 2231 qua:
1582 2195 1645 2222 olim
1664 2194 1732 2222 etin

101 2254 188 2288 prima
201 2251 338 2280 creatione
357 2250 420 2277 data
434 2249 532 2284 fuerat,
547 2247 799 2277 sanctiﬁcationem.

401 2318 528 2346 ΚΕΦᾹΛ.
553 2317 591 2345 Γ’.

142 2377 274 2412 Ὁμοίως,
291 2376 354 2404 κατ’
369 2376 471 2403 εἰκόνα
486 2374 560 2402 Θεοῦ
573 2375 590 2401 ἠ
605 2373 770 2408 ἅνθρωπος.

152 2435 270 2462 Επειδάν
282 2434 329 2461 καὶ
343 2433 453 2469 ἐτέρους
466 2433 533 2467 φασὶ
547 2431 638 2467 ζητεῖν
655 2431 714 2463 πῶς
730 2430 761 2466 δὴ
776 2430 822 2457 τὸν
837 2430 892 2457 ἄν-

103 2482 215 2518 θρωπον
235 2480 294 2507 κατ’
308 2479 399 2506 εἰκόνα
413 2478 481 2505 Θεοῦ
498 2477 632 2512 προσήκει
647 2475 753 2512 νοῆσαι,
769 2473 830 2501 εἷτά
851 2483 893 2502 τι·

102 2536 149 2560 νες
164 2526 303 2557 ἀσυνέτως
319 2524 418 2560 κομιδῇ
432 2524 483 2559 τὴν
495 2523 541 2550 τοῦ
555 2522 680 2558 σώματος
693 2520 795 2553 εἰκόνα,
805 2521 852 2547 καὶ
862 2520 893 2547 τὸ

104 2574 242 2610 ὁρώμενον
265 2570 332 2603 εἶδος
358 2570 434 2602 αὐτὸ,
458 2570 505 2596 καὶ¹
521 2569 571 2604 οὐχ
588 2568 699 2603 ἕτερον,
720 2567 801 2602 φασὶν
823 2565 893 2593 εἶναι

104 2621 155 2655 τὴν
169 2620 237 2656 πρὸς
258 2618 325 2645 Θεὸν
339 2617 469 2652 ὁμοίωσιν
479 2624 487 2631 ·
503 2616 559 2642 δεῖν
573 2615 666 2651 ᾠήθην
680 2615 779 2646 εἰπεῖν,
794 2614 835 2640 ὅτι
848 2621 894 2639 πε-

105 2665 268 2700 πλάνηνται,
281 2663 328 2690 καὶ
342 2662 393 2697 τῆς
405 2661 533 2696 ἀληθείας
549 2660 753 2695 ἀφιλοθεάμονα
774 2659 823 2695 τὴν
837 2659 894 2685 διά-

105 2721 181 2740 νοιαν
201 2711 303 2747 ἔχουσι.
328 2708 382 2736 Τοῦ
402 2710 456 2744 γὰρ
472 2707 598 2742 Σωτῆρος
613 2706 735 2742 ἐναργῶς
755 2705 892 2740 λέγοντος,

110 2769 119 2786 ι
140 2757 251 2793 Πνεῦμα
263 2758 277 2784 ὁ
292 2755 374 2787 Θεὸς,
390 2764 399 2780 ι
417 2754 493 2780 αὐτοὶ
515 2753 684 2788 σωματοειδῆ
706 2761 790 2787 φασιν
817 2750 889 2778 εἶναι

105 2806 156 2842 τὴν
172 2804 246 2831 θείαν
261 2803 351 2838 φύσιν,
366 2802 414 2829 καὶ
426 2801 454 2828 ἐν
466 2800 620 2835 χαρακτῆρι
633 2798 748 2833 τοιούτῳ
763 2799 792 2825 ἐν
807 2795 829 2832 ᾧ
845 2797 893 2824 καὶ

1252 2313 1366 2342 CAPUT
1377 2312 1423 2340 Ill.

987 2373 1125 2407 Similiter,
1143 2371 1177 2398 ad
1190 2371 1236 2398 Dei
1253 2370 1395 2405 imaginem
1412 2368 1500 2403 factm
1516 2371 1554 2394 est
1571 2367 1659 2393 Immo.

981 2430 1049 2457 Cum
1065 2429 1147 2457 etiam
1160 2428 1227 2455 alios
1251 2433 1373 2462 quaerere
1396 2425 1485 2458 aiunt,
1500 2431 1554 2458 quo
1574 2427 1653 2457 pacto
1669 2430 1734 2448 con-

945 2482 1105 2504 sentaneum
1119 2475 1154 2504 sit
1165 2474 1326 2508 intelligere,
1347 2473 1483 2500 hominem
1494 2470 1571 2503 juxta
1588 2468 1732 2501 imaginem

944 2521 992 2550 Dei
1012 2521 1125 2554 factum,
1151 2519 1271 2547 nonnulli
1293 2517 1415 2553 imperite
1441 2515 1584 2543 admodum
1611 2512 1734 2548 corporis

946 2569 1100 2604 imaginem,
1131 2571 1158 2594 et
1191 2573 1251 2602 quae
1285 2565 1311 2592 in
1340 2568 1477 2599 aspectum
1504 2561 1588 2594 cadit,
1618 2560 1733 2587 formam

947 2615 1042 2649 ipsum,
1064 2620 1150 2647 neque
1169 2611 1241 2639 aliud
1263 2611 1421 2646 quidquam,
1446 2606 1649 2636 similitudinem
1671 2612 1732 2630 rum

944 2660 998 2687 Deo
1010 2666 1070 2686 esse
1091 2659 1266 2685 contendunt.
1289 2656 1392 2690 Quibus
1412 2652 1627 2689 respondendum
1648 2651 1733 2677 duxe-

943 2705 1006 2737 rim,
1030 2704 1101 2738 quod
1122 2707 1214 2730 errent
1237 2705 1407 2734 mentemque
1432 2698 1548 2726 habeant
1571 2706 1585 2722 a
1611 2695 1734 2722 veritatis

943 2748 1168 2782 contemplatione
1181 2748 1308 2774 alienam.
1324 2745 1391 2772 Cum
1409 2744 1480 2771 enim
1497 2742 1625 2769 Scrvalor
1639 2745 1731 2774 aperte

941 2796 1024 2829 dicat,
1044 2805 1053 2821 ι
1072 2795 1143 2822 Deus
1162 2794 1273 2829 spiritus
1294 2797 1336 2821 est
1351 2791 1372 2808 ”
1385 2811 1393 2825 ,
1410 2800 1419 2817 ι
1440 2789 1491 2824 ipsi
1515 2788 1632 2816 divinam
1657 2791 1734 2813 nutu-

147 2896 169 2912 ”
185 2896 254 2924 Gen.
269 2902 307 2928 vt,
323 2894 350 2921 5.
389 2893 409 2909 “
427 2892 525 2929 Ephes.
545 2897 565 2924 ι,
583 2889 624 2917 l0.
665 2890 685 2906 "
699 2887 776 2917 Joan.
800 2895 845 2920 xx,
865 2886 890 2912 ‘2;

993 2885 1070 2913 Joan.
1091 2893 1127 2919 tv,
1145 2885 1191 2912 2.1.
