1883 3056
123 123 192 151 1083
615 124 644 151 S.
664 123 800 152 CYRILLI
819 123 1053 152 ALEXANDRIM
1074 124 1234 153 ARCHIEP.

1686 117 1767 147 £085

123 190 192 215 ram.
214 189 370 217 corpoream
392 186 516 210 naturam
541 191 595 217 pra
618 191 647 211 se
667 183 738 210 ferre
762 183 847 216 aiunt,
863 191 908 210 ea-

1016 185 1040 215 ἴς
1052 185 1146 219 ἐσμεν.
1160 182 1220 219 Ἃρ*
1233 182 1279 211 οὖν
1299 183 1378 218 σῶμα
1397 182 1443 209 καὶ
1465 181 1558 213 αὐτὸς,
1578 179 1628 207 καὶ
1648 178 1701 205 οὐκ
1713 178 1765 203 ἔτι

123 229 239 262 (lemque
253 236 304 262 qua
331 235 380 255 nos
395 228 481 261 efﬁgie
505 229 643 263 praaditam
657 237 728 256 esse.
742 230 844 263 Corpus
860 230 911 256 ila-

124 281 177 307 qne
190 274 269 300 etiam
283 273 350 306 ipse.
367 277 394 300 et
407 281 458 300 non
474 273 589 308 amplius
615 274 726 308 spiritus
742 279 784 301 est
801 281 912 302 censen-

125 320 176 346 dus
189 328 194 346 :
207 325 320 345 annexa
334 319 466 353 siquidem
481 319 590 346 omnino
607 326 668 347 sunt
681 319 775 348 forma
789 321 912 354 corpori-

125 364 187 391 bus.
201 363 267 391 Cum
290 371 353 391 vero
377 363 447 391 Dens
465 365 499 391 sit
522 365 644 398 spiritus,
664 365 747 400 37o
771 366 863 392 forma:
885 369 912 392 et

124 409 219 442 eiligiei
243 417 275 436 ac
299 409 391 444 ﬁgura:
419 411 497 443 plane
514 418 611 444 expers
622 416 674 443 est,
691 419 778 445 neque
791 411 843 438 ulla
859 411 913 438 cir-

125 455 334 489 cumscriptione
364 456 527 483 continetur.
555 455 680 483 Formam
705 461 793 482 autem
823 456 912 491 adepti

126 508 218 527 smnus
232 500 255 528 ei
271 501 395 533 similem,
419 502 496 535 juxta
518 502 631 535 primam
656 502 727 539 ilum
746 506 774 529 et
797 502 913 529 maxime

127 546 274 580 propriam,
301 553 359 580 quae
382 546 491 581 quidem
518 546 628 580 intelligi
653 547 747 580 possit,
770 547 912 578 rationem,

129 590 275 616 scentulum
307 590 433 617 virtutem
461 595 485 617 el
515 591 767 618 sanctilicatinnern.
798 590 914 618 Sanctus

130 635 202 662 crrim
220 640 260 662 est
282 635 364 667 Deus,
381 641 408 662 et
422 635 510 662 omnis
532 636 638 662 virtutis
656 637 827 671 principium,
843 636 913 669 forts,

131 687 210 716 atque
223 680 309 715 origo.
326 681 401 714 Quod
417 688 481 708 vero
498 681 533 708 ita
550 682 637 716 potius
652 681 852 717 intelligendum
867 682 914 713 sit,

131 726 265 753 hominem
288 726 320 753 ad
346 726 489 760 imaginem
513 726 560 754 Dei
586 728 684 754 factum
710 735 781 760 esse,
808 728 916 755 docebit

129 770 210 797 etiam
233 770 447 804 sapientissimus
470 770 579 803 Paulus,
606 773 638 798 ad
657 771 768 799 Galatas
788 773 824 799 ita
847 773 916 799 scri-

131 816 221 843 bens:
238 826 247 842 ι
266 815 366 855 Filioli,
381 823 449 850 quos
475 816 571 843 iterum
592 817 722 851 parturin,
751 817 837 844 donec
858 817 915 845 for-

132 866 221 888 lllellll'
235 861 360 889 Christus
374 862 400 888 in
421 862 496 889 vobis
508 862 541 890 “.
563 871 573 888 ι
591 861 734 889 Formatur
747 865 818 890 enlrn
832 864 913 890 etiam
930 856 952 885 Β

133 907 159 934 in
177 907 254 934 nobis
264 915 312 941 per
322 908 572 940 sanctiflcationem,
586 916 646 943 quae
657 913 699 935 est
711 916 759 943 per
773 908 914 942 Spiritum,

132 959 180 986 per
198 953 364 980 vocationem
391 953 451 980 ﬁdei
473 953 499 980 in
515 953 614 987 ipsum.
628 953 712 980 Porro
729 953 752 980 in
767 959 917 988 transgres-

132 997 238 1025 soribus
252 997 325 1030 ﬁdei,
340 998 441 1031 effigies
455 998 497 1025 illa
515 1006 567 1026 non
582 999 686 1034 integre
702 1000 800 1026 elucet.
815 999 917 1026 Idcirco

132 1043 185 1070 alio
204 1048 282 1077 partu
310 1044 440 1078 indigent,
458 1044 591 1079 spirituali
610 1045 747 1077 nimirum,
766 1051 794 1072 ct
813 1045 918 1072 intelle-

132 1089 214 1117 ctnali
234 1090 445 1124 regeneratione.
464 1094 492 1115 ut
508 1089 654 1116 irradianle
676 1090 705 1117 in
730 1089 795 1124 ipsis
814 1089 917 1124 Spiritu

133 1139 228 1162 sancto
261 1142 309 1169 per
337 1135 580 1162 sanctiﬁcationem
609 1135 728 1162 divinam
761 1136 916 1170 imaginem,

134 1187 227 1208 rursus
246 1181 271 1208 in
288 1180 427 1208 Christum
455 1181 645 1208 reformentur.
669 1180 761 1216 Neque
783 1188 848 1208 vero
861 1181 918 1208 dis-

133 1231 291 1254 sentaneum
321 1226 427 1253 veritati
460 1226 551 1257 fuerit,
582 1226 674 1254 dicere
699 1227 780 1253 etiam
814 1227 919 1253 ratione

134 1271 299 1306 principatus
316 1271 416 1298 homini
440 1272 641 1299 similitudinem
657 1279 718 1298 cum
739 1271 794 1300 Deo
819 1272 918 1299 inesse.

134 1316 228 1343 Datum
253 1316 326 1343 enim
352 1316 390 1342 illi
420 1320 462 1344 est
476 1316 617 1351 imperium
640 1317 666 1344 in
692 1317 782 1344 omnia
802 1324 862 1352 quas
893 1317 919 1343 in

135 1367 205 1388 terra
218 1366 292 1389 sunt.
311 1363 400 1397 Atque
422 1362 479 1389 haec
500 1362 609 1396 quidem
633 1367 674 1390 est
688 1363 805 1389 secunda
824 1362 922 1390 simili-

136 1408 236 1436 tudinis
259 1415 322 1435 cnm
343 1408 402 1443 ipso
428 1408 506 1435 ratio.
525 1408 559 1434 At
575 1408 597 1435 si
614 1409 639 1435 in
666 1409 774 1436 humani
800 1409 921 1443 corporis

136 1458 231 1480 natura
251 1452 330 1480 simul
349 1457 376 1480 et
395 1451 465 1479 facie
489 1454 568 1480 situm
590 1458 672 1486 esset,
692 1453 792 1481 factum
814 1461 874 1481 esse
888 1454 920 1481 ad

960 230 1069 264 πνεῦμα
1084 231 1194 257 νοεῖται.
1214 229 1369 256 ’Δκολουθεῖ
1381 229 1435 263 γάρ
1450 227 1558 257 πάντως
1575 225 1610 252 τὰ
1624 224 1685 258 εἴδη
1699 224 1765 252 τοῖς

962 275 1093 310 σώμασιν.
1117 275 1224 310 Ἐπειδὴ
1238 275 1265 301 δὲ
1284 274 1393 307 πνεῦμά
1407 275 1481 300 ἐστιν
1501 273 1515 299 ὸ
1531 270 1608 303 Θεὸς,
1631 267 1764 297 ἀνείδεός

962 329 1013 346 που
1036 321 1144 353 πάντως
1169 321 1237 352 ἐστὶ,
1260 320 1306 347 καὶ
1328 319 1425 348 τύπου.
1449 318 1497 345 καὶ
1521 317 1683 352 σχήματος.
1706 311 1763 338 καὶ

962 366 1135 401 περιγραφῆς
1149 365 1276 392 ἐπέκεινα
1295 365 1395 398 πάσης.
1407 361 1625 398 Μεμορφώμεθα
1638 359 1668 386 δὲ
1684 357 1760 393 πρὸς

962 411 1042 438 αὑτὸν
1067 411 1137 437 κατὰ
1160 411 1267 446 πρῶτον
1296 410 1347 445 μὲν
1371 409 1472 445 τρόπον
1496 408 1544 434 καὶ¹
1567 404 1755 440 κυριώτατον,

962 457 1024 483 ὅσον
1050 456 1082 483 ἂν
1096 457 1182 482 νοοῖτο
1193 477 1201 489 ,
1219 456 1279 483 κατ’
1297 455 1397 491 ἀρετὴν
1417 455 1464 481 καὶ⁸
1485 451 1634 488 ἁγιασμόν.
1655 451 1756 483 ’Δγιον

963 503 1016 537 γὰρ
1026 502 1056 528 τὸ
1070 502 1155 533 Θεῖον,
1164 502 1212 528 καὶ
1227 502 1334 536 ἀπάσης
1349 501 1450 535 ἀρετῆς
1468 498 1540 534 ἀρχὴ
1552 498 1600 524 καὶ
1613 495 1692 530 πηγὴ
1704 494 1757 520 καὶ

963 547 1079 581 γένεσις.
1096 546 1156 573 ’Ὁτι
1169 546 1197 572 δὲ
1210 546 1309 582 πρέποι
1323 546 1356 572 ἂν
1370 545 1440 572 οὕτω
1453 543 1576 571 νοεῖσθαι
1593 541 1698 576 μᾶλλον
1710 538 1752 570 τὺ,

964 593 1023 620 κατ’
1046 592 1139 619 εἰκόνα
1158 591 1227 618 Θεοῦ
1249 591 1377 625 γενέσθαι
1403 591 1450 617 τὸν
1471 589 1626 624 ἄνθρωπον,
1651 585 1754 618 διδάξει

964 638 1011 664 καὶ
1040 637 1145 668 Παῦλος
1167 638 1181 663 ό
1207 636 1343 670 πάνσοφος
1364 636 1421 667 τοῖς
1445 635 1475 661 ὲν
1498 633 1620 668 Γαλατίᾳ⁸
1644 631 1754 664 λέγων·

967 692 976 708 ι
994 683 1103 713 Τεκνία.
1130 682 1179 714 οὓς
1206 682 1287 708 πάλιν
1315 681 1424 713 ὠδίνω,
1449 681 1528 715 ἄχρις
1555 679 1588 706 ἂν
1617 675 1754 713 μορφωθῇ

964 728 1081 764 Χριστὸς
1095 729 1124 754 ὲν
1139 729 1212 763 ὑμῖν.
1227 738 1235 753 ι
1255 726 1413 762 Μορφοῦται
1430 726 1478 761 μὲν
1493 725 1548 760 γὰρ
1560 724 1608 751 καὶ
1633 724 1664 749 ἐν
1685 722 1754 756 ἡμῖν

965 773 998 800 δι’
1017 772 1166 808 ἀγιασμοῦ,
1183 771 1231 799 τοῦ
1251 772 1293 799 διὰ
1316 771 1485 806 Πνεύματος,
1500 770 1544 797 διὰ
1567 769 1691 804 κλήσεως
1706 767 1753 800 τῆς

967 819 996 845 ἐν
1013 819 1102 844 πίστει
1128 819 1162 853 τῇ
1187 818 1226 849 εἰς
1252 817 1396 844 αὑτόν.“Εν
1417 816 1446 843 δέ
1464 825 1495 850 γε
1509 816 1565 846 τοῖς
1588 814 1638 850 τὴν
1663 813 1753 839 πίστιν

966 863 1190 899 παραϐαίνουσιν,
1216 863 1266 889 οὑκ
1300 862 1485 897 ὲκλάμπουσιν
1519 861 1544 887 ol.
1577 860 1754 895 χαρακτῆρες

967 908 1061 943 ὑγιῶς.
1078 908 1127 935 Διὰ
1141 907 1219 935 τοῦτο
1236 908 1331 943 ἑτέρας
1347 908 1439 938 ὠδῖνος
1456 905 1585 942 χρῄζουσι
1601 912 1754 938 πνευματι-

966 956 1029 990 κῆς,
1046 955 1094 981 καὶ
1107 954 1205 989 νοητῆς
1216 953 1431 989 ἀναγεννήσεως,
1445 953 1489 979 ἵνα.
1504 951 1552 978 τοῦ
1570 951 1648 985 ἁγίου
1670 948 1755 976 [las-3-

968 1009 1052 1035 ματος
1077 1001 1105 1027 ὲν
1129 1001 1220 1032 αὺτοῖς
1242 1000 1473 1035 ὲναστράπτοντος
1496 998 1529 1025 δι’
1545 997 1685 1032 ἁγιασμοῦ
1707 995 1757 1030 τὴν

967 1046 1041 1073 θείαν
1057 1046 1157 1079 είκόνα,
1175 1045 1255 1072 πάλιν
1270 1046 1309 1076 είς
1325 1044 1442 1079 Χριστὸν
1453 1041 1758 1078 ἀναμορφωθεῖεν.οὺκ

967 1092 1097 1119 ἀπίθανον
1116 1091 1143 1117 δὲ
1160 1092 1206 1118 καὶ
1223 1090 1293 1117 κατὰ
1316 1090 1346 1116 τὸ
1368 1089 1480 1125 ἀρχικὸν
1494 1089 1592 1115 ὲνεῖναι
1609 1088 1700 1121 λέγειν
1719 1086 1759 1120 τῷ

967 1137 1103 1172 ἀνθρώπῳ
1116 1136 1166 1171 τὴν
1187 1135 1317 1170 ὁμοίωσιν
1330 1133 1379 1169 τὴν
1394 1133 1462 1169 πρὸς
1476 1133 1552 1159 Θεόν.
1567 1130 1679 1158 Δέὂοται
1702 1130 1759 1163 γὰρ

968 1182 1042 1217 αὐτῷ
1058 1181 1090 1207 τὸ
1104 1181 1199 1216 ἄρχειν
1213 1180 1340 1207 ἁπάντων
1352 1179 1406 1206 τῶν
1421 1178 1468 1204 ἐπὶ
1482 1178 1531 1212 τῆς
1547 1177 1609 1211 γῆς.
1623 1176 1681 1202 Καὶ
1696 1174 1759 1200 δεύ-

968 1236 1046 1263 τερος
1062 1222 1138 1257 οὗτος
1156 1225 1206 1260 τῆς
1223 1225 1291 1260 πρὸς
1306 1224 1387 1251 αὑτὸν
1403 1223 1558 1258 ὁμοιώσεως
1577 1221 1668 1255 λόγος.
1687 1220 1719 1246 Εἰ
1731 1219 1759 1245 δὲ

970 1273 998 1299 ὲν
1015 1274 1048 1308 τῇ
1064 1271 1111 1298 τοῦ
1126 1271 1298 1306 ἀνθρωπίνου
1322 1269 1447 1305 σώματος
1471 1268 1551 1303 φύσει
1573 1276 1604 1293 τε
1629 1267 1677 1293 καὶ
1698 1265 1760 1299 ὄψει

970 1319 1096 1353 κείμενον
1110 1316 1144 1354 ἧν
1158 1317 1189 1343 τὸ
1206 1316 1358 1343 πεπλάσθαι
1373 1315 1434 1342 κατ’
1450 1315 1542 1341 εἰκόνα
1555 1312 1603 1340 τοῦ
1621 1314 1762 1348 Δημιουρ-

972 1364 1032 1399 γοῦ,
1047 1364 1064 1400 ἢ
1079 1364 1110 1390 τδ
1130 1362 1307 1397 πεποιῆσθαι,
1321 1362 1378 1393 πῶς
1393 1359 1426 1396 ἦν
1442 1359 1572 1387 δύνασθαί
1595 1367 1674 1390 τινας
1692 1359 1763 1384 ἀπο-

970 1410 1044 1437 λύειν
1068 1409 1150 1442 αὑτό;
1176 1408 1259 1435 Οὐδὲν
1285 1407 1339 1443 γὰρ
1363 1406 1590 1441 ἀποϐεϐλήκαμεν
1606 1405 1662 1431 τῶν
1675 1404 1762 1431 ὄντων

971 1455 1117 1486 οὑσιωδῶς.
1126 1453 1234 1489 Ἐπειδὴ
1248 1453 1276 1480 δὲ
1291 1454 1364 1488 ἡμᾶς
1377 1454 1391 1479 ὁ
1404 1451 1540 1487 ἁγιασμὸς
1555 1450 1603 1477 καὶ
1621 1451 1639 1485 ἡ
1657 1450 1764 1476 δικαιο-

137 1499 280 1533 imaginem
302 1498 449 1531 Creatoris,
475 1499 532 1526 sive
550 1505 684 1532 creatum.
705 1507 758 1534 quo
775 1504 852 1533 pacto
865 1499 921 1527 ﬁeri

1016 1511 1039 1537 μη
1063 1501 1130 1537 πρὸς
1153 1500 1219 1527 Θεὸν
1241 1499 1397 1534 διαμορφοῐ,
1415 1499 1478 1530 τοὺς
1503 1498 1601 1533 μηκέτι
1623 1496 1763 1531 ζήσαντας

137 1525 238 1578 posset,
255 1548 284 1570 ut
299 1525 324 1569 in
349 1525 449 1577 aliquo,
461 1551 491 1569 ea
507 1525 661 1570 similitudo
676 1525 923 1578 deperiret???
935 1525 956 1554 ϐ

137 1589 209 1616 enim
235 1589 374 1616 amisimus
397 1595 490 1615 eorum
523 1596 583 1623 qua:
607 1589 820 1616 substantialiter
847 1589 925 1617 nobis

139 1635 240 1662 insunt.
258 1634 324 1662 Cum
349 1639 438 1661 autem
466 1641 514 1661 nos
542 1634 720 1662 sanctiﬁcatio
737 1639 764 1662 et
779 1635 883 1669 justitia
899 1635 925 1662 in

140 1682 223 1708 Dcurn
249 1680 433 1712 Iransforrnet,
458 1688 505 1708 eos
527 1680 572 1715 qui
595 1688 649 1707 non
668 1680 785 1714 amplius
807 1681 926 1708 virtuose

140 1734 172 1754 ac
187 1726 267 1754 veluti
282 1726 309 1753 in
325 1726 539 1753 sanctiﬁcatione
563 1720 698 1758 vivebant,
721 1727 836 1754 dlcimus
858 1727 927 1753 hanc

142 1781 227 1807 usque
244 1773 311 1799 adeo
328 1773 506 1799 venerandam
523 1776 604 1807 atque
623 1772 752 1799 eximiam
776 1771 927 1806 pulchritu-

141 1820 231 1847 dinem
244 1819 376 1846 amisisse.
393 1818 524 1852 Quocirca
539 1823 713 1853 recuperatur
735 1818 779 1845 illa
794 1825 842 1852 per
861 1825 926 1844 san-

141 1864 331 1891 ctiﬁcationcm
352 1868 379 1891 et
407 1863 546 1899 virtutem,
575 1863 701 1898 piamque
725 1863 819 1891 vitam.
845 1864 879 1891 At
903 1863 926 1891 si

144 1909 275 1942 nonnulli,
299 1916 355 1944 prae
379 1908 462 1936 nimia
485 1908 609 1940 stultitia,
633 1907 792 1935 existimant
809 1908 927 1936 divinam

145 1961 268 1982 naturam
283 1955 427 1982 humanam
442 1954 554 1981 formam
570 1961 624 1988 pra:
642 1961 670 1981 se
683 1953 766 1987 ferre,
779 1962 833 1989 quo
849 1960 929 1989 pacto

144 2003 268 2030 Salvator
282 2000 381 2029 Iudaeis
397 2001 496 2028 dixerit
508 2000 542 2028 de
558 2000 613 2027 Deo
631 2007 662 2027 ac
685 1999 786 2027 Patre:
807 2010 817 2026 ι
831 2000 928 2033 Amen.

973 1546 1139 1582 κατ’ἁρετὴν
1153 1546 1200 1572 καὶ
1210 1545 1248 1576 ὡς
1261 1546 1290 1571 ὲν
1301 1543 1440 1578 ἁγιασμῷ,
1465 1542 1555 1578 φαμὲν
1571 1541 1722 1569 ἀποϐαλεῖν
1733 1540 1764 1566 τὸ

973 1592 1045 1619 οὕτω
1062 1591 1159 1618 σεπτὸν
1172 1591 1218 1617 καὶ
1235 1589 1375 1625 ἐξαίρετον
1392 1588 1504 1620 κάλλος’
1518 1587 1558 1614 διὸ
1570 1587 1617 1614 καὶ
1638 1586 1764 1620 ἀναλαμ-

975 1639 1085 1665 6άνεται
1109 1637 1191 1664 πάλιν
1214 1636 1247 1663 δι’
1263 1634 1399 1670 ἀγιασμοῦ
1423 1635 1470 1662 καὶ
1492 1633 1602 1669 ἀρετῆς,
1618 1633 1666 1659 καὶ
1691 1631 1766 1666 ζωῆς

974 1685 1024 1719 τῆς
1049 1684 1109 1710 κατ’
1124 1682 1273 1710 εὐσέόειαν.
1288 1681 1319 1708 El
1346 1682 1373 1708 δὲ
1401 1680 1502 1708 οἴονταί
1517 1688 1590 1711 τινες
1610 1681 1643 1706 ὲκ
1661 1678 1767 1713 πολλῆς

975 1731 1045 1764 ἄγαν
1071 1729 1201 1765 ἐλαφρίας
1226 1727 1412 1763 ἀνθρωποειδῆ
1429 1726 1476 1759 τὴν
1494 1725 1568 1752 θείαν
1586 1723 1656 1751 εἶναι
1672 1723 1767 1759 φύσιν,

979 1776 1037 1807 πῶς
1053 1775 1189 1806 Ἰουδαίοις
1210 1774 1328 1809 ἔφασκεν
1344 1774 1358 1799 ὁ
1375 1773 1469 1808 Σωτὴρ
1486 1772 1550 1807 περὶ
1564 1770 1611 1797 τοῦ
1627 1769 1697 1796 Θεοῦ
1719 1769 1768 1795 καὶ

979 1821 1086 1856 Πατρός
1097 1829 1104 1836 ·
1119 1830 1128 1847 ί
1140 1819 1235 1855 Ἀμὴν,
1247 1820 1322 1855 ἀμὴν
1334 1819 1404 1852 λέγω
1414 1818 1490 1853 ὑμῖν,
1503 1817 1564 1844 οὔτε
1577 1816 1670 1851 φωνὴν
1681 1813 1768 1842 αὐτοῦ

976 1867 1112 1903 ἀκηκόατε
1131 1866 1251 1899 πώποτε,
1267 1865 1329 1892 οὔτε
1343 1863 1412 1897 εἶδος
1431 1864 1513 1892 αὐτοῦ
1533 1864 1692 1900 ἐωράκατες
1709 1871 1718 1887 ›
1736 1861 1769 1887 Εἰ

976 1913 1031 1947 γὰρ
1045 1910 1089 1948 ἦν,
1107 1911 1145 1943 ὡς
1168 1910 1246 1946 ἔφην,
1263 1909 1476 1945 ἀνθρωποειδὴς,
1495 1909 1552 1940 πῶς
1574 1907 1604 1934 οὐ
1622 1906 1769 1933 τεθέανται

976 1957 1026 1984 οὐκ
1043 1957 1164 1984 Ἰουδαῖοι
1181 1956 1273 1992 μόνον,
1290 1955 1359 1982 ἀλλὰ
1371 1955 1418 1981 καὶ
1435 1954 1534 1985 πάντες
1546 1954 1570 1980 οἱ
1585 1952 1727 1988 ἂνθρωποι
1739 1950 1770 1977 τὸ

980 2000 1050 2034 εἶδος
1063 2002 1146 2030 αὑτοῦ
1160 2011 1169 2036 ;

144 2055 223 2074 amen
236 2047 296 2075 dico
318 2047 404 2080 vobis,
422 2054 509 2081 neque
521 2053 614 2073 vocent
637 2044 695 2079 ejus
719 2046 861 2074 audivistis
881 2055 1008 2082 unquam,
1041 2056 1128 2082 neque
1159 2048 1255 2076 faciem
1277 2048 1337 2082 ejus
1367 2047 1472 2074 vidistis
1485 2046 1520 2072 “?
1536 2055 1545 2072 ι
1563 2045 1592 2072 Si
1606 2045 1679 2073 enim
1698 2048 1770 2075 erat,

146 2101 174 2122 ut
201 2095 267 2128 dixi,
292 2095 408 2122 humana
435 2095 520 2122 forma
549 2094 687 2128 praeditus,
715 2095 849 2128 quomodo
869 2103 922 2123 non
960 2095 1043 2123 Judtni
1063 2096 1160 2128 solum,
1183 2103 1274 2123 verum
1295 2096 1375 2123 etiam
1396 2101 1492 2122 omnes
1517 2093 1640 2120 homines
1671 2091 1770 2117 faciem

145 2145 204 2180 ejus
216 2152 268 2171 non
281 2143 413 2171 viderint?

407 2213 486 2248 371
500 2212 612 2240 CAPUT
624 2212 667 2240 IV.

164 2270 292 2298 Adversus
310 2271 424 2298 dicentes
434 2279 442 2298 :
452 2272 493 2298 An
506 2276 529 2298 ει
540 2254 628 2307 angeli:
635 2272 669 2298 ml
686 2271 825 2306 imaginem
842 2271 888 2299 Dei
900 2273 912 2299 .9

184 2361 252 2389 Cum
273 2361 333 2392 hoc.
348 2361 382 2388 ad
402 2362 543 2396 imaginem
560 2361 617 2393 Dei,
633 2361 799 2396 explicamus
824 2361 857 2388 de
882 2361 929 2388 ho-

148 2408 232 2440 mine,
248 2415 300 2434 non
318 2408 430 2442 figurant
457 2407 579 2441 corporis
604 2407 630 2434 in
647 2407 734 2442 ipsum
755 2407 932 2434 transforma-

150 2458 203 2480 Iam
212 2453 336 2480 diximus.
353 2453 481 2487 Corporis
504 2453 576 2480 enim
599 2457 626 2480 et
645 2453 764 2480 materisc
780 2461 876 2487 expers
890 2456 932 2480 est

150 2498 291 2530 Divinitas,
310 2505 398 2532 neque
412 2502 484 2525 tactu
501 2498 664 2532 apprehendi
690 2501 787 2532 potest.
806 2497 933 2532 nullaque

150 2544 299 2579 quantitate
311 2550 338 2572 et
355 2544 617 2578 circumscriptione,
631 2544 771 2579 formaque
790 2551 821 2571 ac
848 2543 931 2579 ﬁgura

151 2591 316 2618 continetur.
340 2591 406 2617 Cum
433 2597 497 2617 vero
524 2590 625 2616 homini
648 2589 765 2616 divinam
790 2590 934 2624 imaginem

153 2636 321 2669 adaptamus,
339 2636 456 2663 diximus
468 2636 538 2669 quod
554 2635 628 2669 juxta
646 2635 745 2663 indolis
761 2635 818 2662 sive
831 2642 933 2661 morum

153 2681 321 2715 qualitatem,
335 2686 363 2708 ct
378 2683 525 2709 secundum
547 2681 660 2708 formam
677 2680 844 2715 spiritualem
860 2680 936 2716 (qua:

153 2726 259 2762 quidem
287 2734 334 2761 per
357 2727 485 2753 virtutum
514 2726 740 2761 pulchritudinem
768 2726 880 2760 elucet),
903 2726 935 2753 ad

194 2816 216 2831 "
235 2815 254 2845 (ἱ
268 2817 322 2842 dat.
340 2823 376 2848 Iv,
395 2817 434 2843 l9.
476 2817 495 2832 "
512 2815 590 2843 Joan.
611 2824 636 2848 γ,
648 2816 691 2843 57.

1285 2209 1411 2236 ΚΕΦᾹΛ.
1431 2209 1468 2234 Δ’.

980 2265 1056 2299 Πρὸς
1073 2265 1144 2299 τοὺς
1161 2265 1315 2300 λέγοντας,
1323 2265 1433 2326 gul
1448 2263 1569 2299 ἄγγελοι
1581 2262 1645 2289 κατ’
1665 2262 1769 2289 εἰκόνα

1345 2308 1397 2326 εου
1406 2307 1415 2332 ;

1016 2358 1062 2388 Τὸ,
1089 2357 1152 2384 κατ’
1170 2356 1272 2383 εἰκόνα
1290 2355 1380 2388 Θεοῦ,
1401 2353 1624 2390 διερμηνεύοντες
1649 2352 1697 2379 ἐπὶ
1725 2351 1772 2378 τοῦ

980 2403 1136 2438 ἀνθρώπου,
1153 2402 1182 2429 οὑ
1207 2402 1255 2438 τὴν
1280 2402 1351 2428 ὶδέαν
1375 2400 1422 2427 τοῦ
1447 2400 1571 2435 σώματος
1596 2399 1666 2434 πρὸς
1690 2398 1772 2425 αὑτὸν

985 2449 1113 2484 ἐλέγομεν
1137 2446 1385 2483 μεταμορφοῦπθαι.
1419 2445 1575 2480 Ἀσώματον
1599 2445 1665 2479 γὰρ,
1691 2444 1774 2471 ἄῠλόν

985 2503 1014 2521 τε
1028 2495 1075 2521 καὶ
1091 2494 1192 2528 ἀναφὲς
1203 2493 1234 2520 τὸ
1250 2493 1337 2524 Θεῖον,
1353 2492 1401 2518 καὶ
1418 2491 1566 2526 ποσότητος
1585 2490 1716 2517 ἐπέκεινα
1727 2489 1774 2516 καὶ

986 2540 1170 2576 περιγραφῆς,
1182 2538 1267 2570 εἴδους
1280 2546 1309 2564 τε
1325 2537 1372 2564 καὶ
1389 2538 1537 2572 σχήματος.
1555 2535 1774 2571 Ἐφαρμόξοντες

983 2586 1012 2613 δὲ
1024 2586 1062 2621 τῷ
1076 2585 1212 2621 ἀνθρώπῳ
1227 2585 1272 2612 τὸν
1289 2585 1360 2611 θεῖον
1377 2583 1574 2618 ὲξεικονισμὸν,
1591 2581 1724 2616 ἐλέγομεν
1735 2581 1774 2608 ὅτι

984 2634 1055 2660 κατὰ
1069 2633 1117 2667 τὴν
1137 2632 1191 2658 τῶν
1206 2631 1279 2666 ἠθῶν
1291 2631 1350 2666 ἢτοι
1369 2630 1423 2657 τῶν
1443 2630 1553 2665 τρόπων
1568 2629 1712 2662 ποιότητα,
1730 2627 1775 2653 καὶ

985 2679 1045 2704 κατ’
1065 2676 1133 2708 εἶδος
1158 2677 1188 2702 τὸ
1204 2675 1398 2712 πνευματικὸν,
1415 2675 1430 2701 ὃ
1449 2675 1492 2701 διὰ
1515 2674 1564 2710 τῆς
1586 2674 1704 2704 εὐειδίας
1724 2673 1775 2699 τῶν

986 2723 1090 2761 ἀρετῶν
1106 2723 1275 2757 ἐκπίνεται,
1296 2721 1460 2756 πεποιῆσθαι
1475 2720 1535 2748 καθ’
1549 2719 1679 2756 ὁμοίωσιν
1696 2718 1776 2747 αὑτοῦ
