1883 3056
109 154 182 183 “VS

621 157 804 187 ADVERSUS
824 158 1222 187 ANTIIROPOMURPHITAS.

1667 159 1735 188 1088

108 215 160 240 τοῦ
178 213 360 249 Δημιωργοῦ.
383 213 429 240 Ἐν
444 215 524 240 παντὶ
540 214 594 250 γάρ
609 216 684 251 καλῷ
698 216 727 243 τὸ
749 217 836 249 Θεῖον,
854 219 890 244 κα

978 217 1156 244 militudiuem
1185 216 1268 251 ipsius
1297 215 1434 244 Creatoris
1461 216 1497 243 sit
1531 215 1627 243 tactus.
1649 217 1737 245 Omne

109 261 180 286 αὐτὸ
202 260 277 294 πηγὴ
301 261 348 286 καὶ
372 260 434 295 ῥίζα
457 260 503 287 καὶ
524 262 629 294 γένεσις
653 263 762 298 ἁπάσης
790 263 898 299 ἀρετῆς.

110 304 195 332 ’Ἦκει
209 305 237 331 δὲ
252 305 299 332 καὶ
317 306 357 337 εἰς
371 306 444 341 ἡμᾶς
461 306 566 333 ἐκεῖθεν
589 307 623 334 τὰ
644 308 744 342 ἀγαθά.
765 309 796 335 El
811 309 900 335 τοίνυν

109 350 184 378 κατὰ
194 359 222 377 τε
232 351 281 386 τὴν
292 351 321 383 ἐξ
331 351 436 387 αρετῶν
443 352 514 379 ἰδέαν
520 352 741 388 διαμορᾷούμεθα
751 354 817 390 πρὸς
824 354 899 388 Θεὸν,

109 396 200 423 ἔνεστι
211 396 239 422 δὲ
252 396 327 423 τοῦτο
338 397 384 423 καὶ
393 398 450 430 τοῖς
461 397 549 432 ἁγίοις
561 398 696 433 ἀγγέλοις,
706 400 753 426 καὶ
768 400 901 436 ἀσυγκρί-

109 449 167 473 τως
178 442 248 477 ὑπὲρ
263 443 335 477 ἡμᾶς
345 451 352 458 ·
368 443 418 469 οὐκ
432 443 573 478 ἀμήχανον
588 445 688 471 ἐννοεῖν
700 445 741 471 ὅτι
757 446 804 472 καὶ
827 447 901 473 πᾶσα

109 487 203 519 κτίσις
219 487 314 523 λογικὴ
336 488 370 514 δι’
387 489 524 523 ἁγιασμοῦ
537 489 583 516 καὶ
598 489 778 526 δικαιοσύνης,
800 491 846 517 καὶ
858 491 902 518 διὰ

111 533 203 569 πάσης
221 534 321 569 ἀρετῆς
340 534 490 569 μορφοῦται
515 535 583 570 πρὸς
605 536 681 562 Θεόν.
707 537 738 563 Εἰ
762 537 816 572 γὰρ
833 538 898 573 ἡμῖν

109 579 168 610 τοῖς
186 578 232 605 ὲπὶ
244 579 294 614 τῆς
307 579 359 614 γῆς
373 579 402 606 τὸ
415 580 486 606 θεῖον
500 580 547 606 καὶ
563 581 746 616 ὑπερκόσμιον
762 583 899 618 ἐμπρέπει

109 624 219 657 κάλλος,
233 625 293 657 πῶς
311 626 340 652 οὐ
359 626 460 660 μᾶλλον
472 627 531 658 ταῖς
550 626 606 653 ἄνω
621 627 750 663 δυνάμεσι
765 628 897 662 λογικαίς,

108 666 156 700 ατς
180 670 385 698 ὲπαναπαύεται
409 670 492 704 θεός;
520 671 569 697 Διὰ
591 671 670 698 τοῦτο
692 672 744 707 γὰρ
761 673 808 699 καὶ
829 673 899 700 θεῖον

108 713 193 740 αὖτοῦ
207 714 252 741 τὸν
270 715 382 750 οὐρανὸν
397 714 575 749 ὀνομάζουσιν
592 716 620 742 αἰ
635 715 705 742 θεῖαι
722 717 837 751 Γραφαῐ.

952 263 1023 290 enim
1041 263 1140 290 bonum
1164 267 1206 290 est
1223 263 1249 289 in
1267 261 1333 295 Deo,
1346 267 1373 289 et
1388 262 1445 296 ipse
1460 266 1502 289 est
1528 261 1587 289 fons
1610 266 1637 288 et
1659 263 1736 290 radix

951 309 1038 336 omnis
1054 308 1171 335 virtutis.
1191 307 1255 335 Inde
1270 314 1334 334 vero
1354 307 1435 335 etiam
1463 307 1491 334 in
1507 314 1557 334 nos
1578 307 1646 334 bona
1669 315 1734 342 pro-

950 358 1071 382 manant.
1097 353 1126 381 Si
1155 361 1219 389 ergo
1251 354 1357 381 ratione
1386 353 1488 387 ﬁgurae,
1515 361 1596 388 quam
1620 353 1736 380 virtutes

950 401 1027 428 nobis
1052 400 1209 431 conciliant,
1226 400 1347 427 eamdem
1367 407 1427 426 cum
1449 399 1504 426 Deo
1520 399 1634 426 l'ormam
1660 399 1733 426 nacti

949 454 1054 478 sumus,
1073 446 1145 473 inest
1169 449 1260 473 autem
1274 445 1326 473 hoc
1352 445 1434 473 etiam
1457 446 1560 473 sanctis
1579 445 1692 480 angelis,
1707 450 1735 472 et

949 493 1058 527 quidem
1082 491 1334 526 incomparabiliter
1362 491 1478 526 amplius
1505 499 1585 526 quam
1602 492 1628 518 in
1644 491 1733 522 nobis,

948 539 1018 566 haud
1033 538 1139 566 dilﬁcile
1155 538 1290 565 intellectu
1303 537 1472 572 l'uerit,qnod
1484 542 1511 564 et
1527 537 1614 564 omnis
1627 542 1735 564 creatu-

949 591 977 610 ra
999 584 1104 611 ratione
1130 583 1253 618 praedita,
1271 590 1319 618 per
1347 583 1589 610 sanctiﬁcatiouem
1605 587 1631 610 et
1651 582 1734 615 justi—

949 629 1025 661 tiam,
1041 634 1122 664 atque
1149 630 1215 658 adeo
1240 637 1290 664 per
1311 636 1418 657 omnem
1447 629 1585 662 virtutem,
1610 629 1732 658 eamdem

948 682 1008 702 cum
1024 674 1078 702 Deo
1096 674 1208 702 formam
1233 679 1424 709 consequatur.
1441 675 1469 701 Si
1488 674 1558 701 enim
1585 674 1730 709 nobis,qui

949 720 1022 747 humi
1039 727 1188 754 versamur,
1203 721 1292 749 divina
1313 730 1345 749 ac
1364 720 1584 755 supermundana
1610 720 1732 754 pulchri-

109 760 175 785 tudo
187 760 302 793 quadrat
316 769 322 787 :
336 767 389 794 quo
410 765 489 794 pacto
510 767 562 787 non
596 761 681 796 magis
707 761 832 794 supernis
858 761 910 789 illis
930 765 1108 792 rationalibus
1133 766 1323 800 potestatibus,
1336 765 1471 801 inquibus
1483 764 1631 799 acquiescit
1646 765 1734 792 Deus?

109 804 213 832 Idi-irco
228 805 301 832 enim
323 805 443 832 divinum
469 806 550 832 etiam
577 805 662 840 ipsius
691 806 787 833 cwlum
815 813 894 834 sacra
914 808 1054 844 Scriptura
1067 815 1154 837 vocat.

407 863 534 890 ΚΕΦΑΛ.
556 864 595 890 Ε’.

106 919 272 956 Πρρςντοὺς
289 920 444 954 λέγοντας.
455 920 499 947 ὅτι
513 920 546 947 τὸ
562 921 630 956 μὲν,
649 930 658 946 1
673 921 737 949 κατ’
752 921 864 952 εἰκόνα,
883 930 892 946 1

144 955 290 989 ἐλάϐομεν
300 956 473 988 κτισθέντες
483 956 571 988 εὐθύς
582 964 589 971 ο
603 958 633 983 τὸ
645 956 688 988 δὲ,
701 965 709 981 1
723 957 785 982 κατ’
797 956 897 988 ὁμοίω-

144 998 206 1025 σιν,
232 999 241 1015 1
268 989 421 1024 οὐδαμῶς·
446 990 602 1025 τετήρηται
624 991 658 1017 δὲ
681 992 748 1025 παρ’
766 991 837 1025 ἡμῖν
853 992 897 1024 εἰς

143 1024 236 1051 αἰῶνα
250 1026 304 1052 τὸν
320 1025 484 1059 μέλλοντα.
501 1025 549 1051 Διὸ
575 1026 751 1060 γέγραπται·
772 1024 791 1052 1⁷
808 1026 897 1052 Ὅταν

144 1062 161 1085 ὁ
177 1060 301 1093 Χριστὸς
314 1060 480 1095 φανερωθῇ,
506 1060 598 1094 ὅμοιοι
614 1059 698 1092 αὐτῷ
721 1061 861 1094 ἐσόμεθα.
882 1069 891 1086 1

143 1095 198 1121 Καὶ
213 1095 306 1122 πάλιν
319 1095 446 1128 εἴρηταιο
463 1105 471 1120 1
488 1095 663 1129 Ποιήσωμεν
678 1097 730 1122 τὸν
739 1096 896 1130 ἄνθρωπον

144 1130 207 1157 κατ’
221 1131 323 1157 εἰκόνα
337 1130 483 1164 ἡμετέραν
495 1130 545 1157 καὶ
559 1131 621 1158 καθ’
637 1131 779 1164 ὁμοίωσιν
790 1139 797 1145 ·
818 1140 827 1156 1
847 1130 895 1157 καὶ

141 1165 216 1199 μετὰ
233 1165 290 1198 τὴν
303 1165 355 1192 τοῦ
372 1165 529 1198 ἀνθρώπου
544 1165 740 1200 δημιουργίαν
762 1166 875 1199 εἴρηται
887 1172 894 1179 ’

147 1208 156 1224 1
182 1201 342 1233 Ἐποίησεν
367 1201 383 1227 ὀ
407 1200 480 1232 Osric:
502 1199 555 1226 τὸν
579 1199 750 1233 ἄνθρωπον,
772 1201 835 1226 κατ’
852 1201 894 1226 εἰ·

143 1235 218 1261 κύνα
240 1235 333 1262 αὑτοῦ
356 1235 501 1268 ἐποίησεν
524 1235 627 1261 αὐτόν’
648 1245 656 1261 1
675 1234 832 1268 σιωπήσας
848 1235 895 1261 ὲν-

145 1270 239 1297 usi/Ou
254 1269 297 1300 τὸ,
316 1279 325 1295 1
344 1271 408 1297 καθ’
426 1270 577 1303 ὁμοίωσιν,
598 1279 606 1295 1
629 1270 680 1297 ἵνα
702 1270 785 1302 δείξῃ
805 1270 895 1303 μήπω

144 1304 280 1338 δεδέχθαι
298 1305 386 1331 τοῦτο
401 1304 488 1338 ἡμᾶς,
508 1304 688 1339 τετηρῆσθαι
708 1304 742 1331 δὲ
766 1305 837 1339 ἡμῖν
860 1304 896 1331 ἐν

144 1339 181 1374 τῇ
193 1341 323 1374 μακαρίᾳ
340 1340 442 1374 ὲκέίνῃ
459 1339 525 1374 ζωῇ.

145 1407 176 1434 Εἰ
202 1406 251 1441 μὲν
274 1406 366 1442 ἔτερόν
390 1415 471 1441 φασιν
490 1403 558 1433 εἶναι
577 1405 618 1437 τὸ,
636 1405 699 1432 κατ’
714 1405 825 1438 εἰκόνα,
847 1405 894 1432 καὶ

107 1453 172 1479 καθ’
189 1453 341 1487 ὁμοίωσιν,
356 1452 405 1487 τὴν
415 1451 546 1487 διαφορὰν
559 1451 768 1478 διδασκέτωσαν.
784 1452 893 1478 Διακξὶ-

108 1499 181 1534 μεθα
197 1499 251 1533 γὰρ
274 1499 364 1534 ἡμεῖς,
381 1499 419 1531 ὡς
434 1498 509 1525 οὐδὲν
528 1498 620 1533 ἕτερον
642 1497 681 1530 ·.,δ,
705 1497 767 1524 κατ’
792 1497 892 1524 εἰκόνα

1250 868 1363 897 CAPUT
1385 868 1415 896 V.

946 925 1076 952 Adversus
1092 933 1136 951 eos
1159 925 1205 958 qui
1231 925 1332 954 dicunt.
1349 933 1396 951 nos
1418 925 1477 956 hoc,
1498 933 1507 950 1
1522 928 1603 958 juxta
1636 925 1733 957 imagi-

981 968 1050 990 nem,
1071 969 1080 983 1
1103 961 1231 993 nece/tisse
1248 959 1338 986 statim
1353 967 1384 985 ac
1400 959 1484 985 creati
1502 966 1614 985 artatus:
1631 969 1640 984 1
1651 959 1731 994 juxta

980 994 1177 1021 similitudinem
1197 1004 1205 1020 1
1227 1002 1296 1025 vero,
1316 1001 1494 1028 nequaquam.
1514 1000 1643 1020 serratum
1673 1002 1731 1019 vero

981 1030 1056 1056 nobis
1067 1037 1122 1055 esse
1147 1029 1174 1055 in
1191 1029 1310 1063 futurum
1327 1028 1463 1055 mculum.
1481 1028 1586 1054 Idcirco
1605 1029 1730 1062 scriptum

981 1071 1058 1091 esse:
1079 1073 1089 1090 ‹
1114 1063 1226 1096 Quando
1237 1063 1358 1090 Christus
1382 1064 1544 1097 apparuerit,
1562 1063 1660 1089 similes
1681 1063 1731 1097 ipsi

981 1099 1066 1132 futuri
1085 1107 1176 1125 sumus
1191 1099 1222 1126 ¹⁶.
1238 1108 1247 1124 1
1270 1098 1302 1124 Et
1319 1096 1421 1124 rursus
1433 1098 1531 1124 dictant
1545 1105 1600 1123 ene
1614 1105 1623 1124 :
1644 1107 1653 1123 1
1676 1096 1732 1124 Fa-

981 1134 1081 1160 ciamus
1097 1134 1226 1160 hominem
1241 1134 1274 1159 ad
1291 1133 1432 1167 imaginem
1445 1137 1468 1159 et
1485 1133 1518 1158 ad
1532 1132 1730 1158 similitudinem

981 1172 1098 1195 nostram
1113 1169 1153 1200 ¹⁷;
1173 1177 1182 1194 1
1201 1173 1224 1194 et
1242 1173 1300 1202 post
1325 1168 1481 1194 creationem
1497 1167 1609 1192 hominis
1631 1168 1730 1194 dictitat

979 1211 1054 1230 esse:
1068 1213 1077 1229 ι
1094 1202 1167 1229 Fecit
1189 1202 1258 1229 Deus
1272 1203 1412 1233 hominem,
1428 1204 1461 1228 ad
1486 1202 1625 1235 imaginem
1655 1210 1729 1228 suam

980 1238 1040 1272 fecit
1054 1247 1124 1270 eum,
1140 1247 1149 1263 1
1168 1246 1305 1272 suppresso
1330 1237 1426 1264 ibidem
1448 1238 1506 1267 hoc,
1525 1236 1586 1272 «ad
1605 1237 1730 1263 similitu-

979 1269 1064 1299 dinem
1083 1273 1121 1306 ¹⁸;
1136 1282 1144 1298 1
1161 1278 1186 1298 ut
1201 1269 1332 1303 emendat,
1347 1280 1394 1298 no:
1418 1272 1466 1298 hoc
1481 1269 1595 1297 nandum
1620 1271 1729 1302 adeptos

979 1315 1034 1334 esse
1050 1317 1058 1334 :
1072 1313 1203 1335 servatum
1226 1315 1284 1334 vero
1307 1307 1380 1333 nobis
1407 1315 1461 1333 esse
1477 1307 1503 1333 in
1532 1305 1634 1332 beatam
1655 1306 1729 1332 illam

978 1343 1069 1369 vitam.

980 1409 1008 1437 Si
1021 1409 1128 1444 quidem
1142 1407 1213 1434 aliud
1234 1411 1313 1441 atque
1326 1407 1396 1434 aliud
1411 1415 1470 1434 esse
1483 1407 1584 1438 dECunt,
1598 1406 1633 1433 ad
1662 1407 1732 1433 ima-

944 1455 1040 1490 ginem,
1052 1459 1079 1481 et
1090 1455 1124 1480 ad
1134 1453 1345 1484 similitudinem,
1365 1452 1446 1488 372
1462 1453 1577 1480 doceant
1602 1452 1730 1479 dilTereu-

946 1501 1021 1527 tiam.
1040 1499 1137 1527 Nostra
1155 1499 1226 1527 enim
1251 1499 1387 1526 sententia
1403 1504 1456 1530 est,
1471 1499 1538 1526 nihil
1553 1499 1625 1525 aliud
1643 1498 1726 1532 signi-

106 1545 193 1580 δηλοί,
207 1545 276 1580 πλὴν
289 1545 340 1576 ὅτι,
356 1545 419 1572 καθ’
436 1544 586 1578 ὁμοίωσιν,
600 1543 647 1570 καὶ
661 1543 760 1578 ὁμοίως
776 1543 816 1574 τὸ,
830 1543 890 1569 καο¹

977 1554 1038 1578 rare,
1066 1546 1100 1573 ad
1128 1546 1281 1578 imaginem,
1301 1544 1439 1579 quam,atl
1470 1543 1669 1570 similitudinem
1682 1548 1729 1570 εει

107 1590 262 1623 ὁμοίωσιν,
277 1589 325 1624 τῷ,
342 1589 405 1615 κατ’
428 1589 541 1615 εἰκόνα.
565 1588 621 1624 Τὴν
643 1588 671 1614 δέ
695 1595 726 1622 γε
743 1587 810 1623 πρὸς
829 1587 895 1613 Θεδν

105 1635 236 1670 ὁμοίωσιν
255 1635 388 1670 ἐλάχομεν
410 1635 439 1661 ὲν
454 1634 549 1669 πρώτῃ
565 1635 731 1669 κατασκευῇ.
749 1633 797 1660 καὶ
813 1633 895 1668 ἐσμὲν

105 1681 262 1717 εἰκονισμδς
283 1681 361 1708 Θεοῦ.
385 1681 501 1716 Δεκτικὴ
516 1680 580 1716 γὰρ,
597 1680 634 1712 ὡς
657 1680 735 1715 ἔφην,
751 1681 767 1715 ἡ
783 1679 830 1706 τοῦ
849 1680 895 1705 ἀν-

106 1727 217 1763 θρώπου
237 1727 401 1763 κατασκευὴ,
420 1727 519 1763 μᾶλλον
535 1727 563 1753 δὲ
587 1726 677 1761 φύσις,
693 1726 740 1753 καὶ
757 1725 894 1760 ἁγαθότη-

105 1781 152 1804 τος
167 1773 212 1799 καὶ
226 1773 398 1808 δικαιοσύνης
409 1773 455 1799 καὶ
468 1771 614 1807 ἁγιασμοῦ,
628 1772 674 1798 καὶ
686 1771 735 1807 τὴν
750 1772 778 1797 ἐν
791 1770 894 1802 τούτοις

104 1818 199 1853 ἔφεσιν
212 1818 485 1853 ὲγκιταὸεὸλημένην
498 1817 554 1853 ἔχει
568 1817 642 1852 παρὰ
655 1816 731 1843 Θεοῦ.
747 1817 802 1843 Καὶ
815 1815 894 1842 τοῦτο

105 1863 181 1890 ἐστιν
198 1864 260 1889 ἰδεῖν
273 1864 410 1890 ἐντεῦθεν·
426 1863 473 1890 καὶ
486 1864 539 1898 γὰρ
555 1862 674 1897 ὲκτροπὴ
687 1861 782 1896 γέγονε
798 1862 831 1896 τῇ
847 1861 894 1887 ἁν-

105 1908 215 1943 θρώπου
237 1908 352 1943 διανοίᾳ,
368 1909 414 1935 καὶ
429 1908 480 1935 οὐκ
501 1908 554 1935 ἀπό
569 1916 600 1943 γε
618 1907 671 1933 τῶν
685 1906 794 1941 φαύλων
809 1907 847 1937 εἰς
862 1905 893 1932 τὺ

103 1952 217 1986 ἀγαθὸν,
235 1953 290 1980 ἀλλ’
305 1954 337 1980 ὲκ
353 1952 400 1979 τοῦ
418 1952 520 1987 ἀγαθοῦ
533 1952 599 1987 πρὸς
612 1952 643 1978 τὸ
656 1951 766 1986 φαῦλον.
781 1950 893 1986 Πρῶτον

102 1995 152 2025 οὖν
167 1998 255 2025 ἐκεῖνο
268 1998 320 2033 χρὴ
335 1999 558 2034 προϋποκεῖσθαι,
575 1998 588 2024 ὃ
611 1997 641 2032 δὴ
660 1997 705 2024 καὶ
720 1996 834 2031 ἀφέντες
846 1997 890 2022 ὲκι

101 2044 289 2080 τετράμμεθα.
307 2045 367 2071 Ὅτι
391 2044 445 2079 γὰρ
468 2044 607 2079 ὲνεσπάρη
626 2045 659 2078 τῇ
682 2042 729 2070 τοῦ
743 2041 888 2077 ἀνθρώπου

104 2089 178 2123 ψυχῇ
196 2090 227 2115 ἐκ
243 2088 356 2124 πρώτης
371 2089 542 2123 κατασκευῆς
563 2087 662 2120 παντὸς
678 2087 779 2121 ἀγαθοῦ
800 2086 893 2120 ἔφεσίς

101 2143 133 2161 τε
157 2136 203 2161 καὶ
225 2135 382 2170 προθυμία,
405 2135 452 2161 καὶ
477 2134 590 2168 γνῶσις,
617 2134 741 2167 σαφηνιεῑ
766 2131 852 2165 λέγων
876 2132 890 2158 ὁ

102 2181 240 2214 πάνσοφος
264 2180 384 2212 Παῦλος·
402 2189 411 2206 ι
431 2180 516 2206 Ὅταν
538 2179 592 2214 γὰρ
613 2177 675 2213 ἔθνη
693 2177 726 2204 τὰ
749 2176 785 2212 μὴ
801 2177 884 2211 νόμον

101 2226 198 2261 ἔχοντα
222 2225 301 2261 φύσει
321 2225 356 2252 τὰ
380 2225 426 2252 τοῦ
452 2223 535 2259 νόμου
562 2225 636 2259 ποιῇ,
661 2220 732 2250 οὗτοι
752 2222 833 2256 νόμον
852 2222 890 2256 μὴ
906 2215 928 2242 Ῑ)

103 2271 222 2306 ἔχοντες,
243 2272 348 2302 ἑαυτοῖς
368 2271 421 2296 εἰσι
436 2270 526 2304 νόμος,
539 2269 638 2298 οἵτινες
655 2267 834 2294 ἐνδείκνυνται
857 2267 889 2293 τὸ

103 2316 183 2352 ἔργον
207 2316 253 2342 τοῦ
276 2315 358 2350 νόμου
375 2315 497 2350 γραπτὸν
518 2315 547 2341 ἐν
563 2315 622 2345 ταῖς
638 2313 763 2348 καρδίαις
788 2312 887 2344 αὐτῶν,

104 2362 353 2398 συμμαρτυροῦσης
376 2362 465 2388 αὐτῶν
483 2361 533 2395 τῆς
555 2360 743 2395 συνειδήσεως.
774 2368 784 2385 1
809 2359 840 2385 Εἰ
861 2358 889 2384 δὲ

103 2410 151 2436 καὶ
166 2410 221 2440 τοῖς
234 2409 322 2435 ἔθνεσι
338 2409 392 2439 τοῖς
417 2407 469 2439 ἔξω
490 2407 583 2440 νόμου,
608 2405 730 2440 φυσικῶς
753 2404 842 2431 ἔνεστι
857 2404 888 2430 τὸ

103 2455 202 2481 ειδέναι
216 2455 307 2489 νόμον,
323 2454 382 2489 ἢτοι
397 2453 441 2479 τὸν
458 2452 557 2479 σκοπὸν
572 2452 618 2478 τοῦ
634 2450 777 2486 νομοθέτου
788 2470 795 2480 ,
812 2449 890 2484 δῆλον

103 2499 181 2526 ἐσται
195 2499 273 2525 παντί
285 2507 324 2533 τῳ
339 2498 441 2530 λοιπὸν,
457 2498 497 2524 ὅτι
511 2497 601 2524 δικαία
616 2498 663 2524 καὶ
676 2495 764 2531 ἀγαθὴ
778 2497 890 2530 γέγονεν

102 2545 132 2571 ὲν
157 2544 254 2579 ἀρχαῖς
277 2544 294 2579 ἡ
312 2543 454 2579 ἀνθρώπου
474 2543 565 2577 φύσις,
592 2542 638 2569 καὶ
660 2542 700 2573 εἰς
723 2541 801 2568 τοῦτο
815 2542 890 2576 παρὰ

104 2589 172 2617 Θεοῦ
198 2589 337 2625 παρήχθη,
363 2589 483 2624 φοροῦσα
504 2588 642 2624 μόρφωσιν
664 2588 714 2623 τὴν
735 2587 817 2614 αὐτοῦ
844 2587 891 2613 καὶ

100 2636 194 2662 εἰκόνα
213 2636 261 2670 τῆς
277 2635 452 2670 ἀγαθότητος.
471 2634 524 2660 Καὶ
541 2634 595 2668 γὰρ
608 2631 642 2668 ἦν
660 2632 737 2666 ἅγιος
750 2633 764 2659 ό
781 2632 888 2667 πρῶτος

100 2681 196 2717 χρόνος
211 2680 263 2715 τῆς
275 2679 418 2715 ἀνθρώπου
430 2679 519 2714 ζωῆς·
539 2677 772 2714 παρεισὸαλούσης
793 2677 822 2704 δὲ
838 2677 887 2711 τῆς

101 2727 249 2763 ἁμαρτίας,
265 2728 289 2753 οἱ
303 2726 352 2761 τῆς
372 2727 439 2762 πρὸς
458 2726 523 2752 Θεὸν
537 2725 691 2760 ὁμοιώσεως
713 2725 885 2760 χαρακτῆρες

103 2774 151 2800 1ὺκ
176 2773 218 2799 ἑτι
241 2772 363 2808 λαμπροὶ
381 2771 551 2807 μεμενήκασι
574 2771 602 2797 ἐν
628 2771 702 2806 ἡμῖν.
728 2769 836 2802 Ἐπειδὴ
857 2769 885 2795 δὲ

140 2853 162 2869 ¹⁶
181 2852 188 2879 l
205 2851 285 2879 Joan.
306 2858 348 2883 nt,
365 2850 391 2878 ‘2.
434 2851 452 2866 "
469 2849 535 2877 ch.
557 2849 575 2881 Ι,
594 2848 638 2876 26.

945 1591 1081 1623 similiter,
1103 1592 1137 1618 ad
1161 1590 1373 1620 similitudinem.
1399 1597 1493 1624 quam,
1518 1590 1552 1616 ad
1577 1590 1728 1624 imaginem.

946 1636 1155 1664 Similitudiuem
1174 1643 1237 1663 vero
1251 1643 1312 1662 cum
1331 1635 1384 1662 Deo
1402 1636 1474 1662 nacti
1491 1642 1585 1662 sumus
1600 1635 1626 1661 in
1642 1634 1728 1668 prima

945 1682 1094 1713 creatione,
1114 1686 1142 1708 et
1155 1689 1248 1709 sumus
1271 1682 1360 1716 imago
1380 1681 1437 1708 Dei.
1459 1680 1549 1715 Capax
1576 1680 1648 1707 enim
1675 1684 1728 1711 est.

945 1733 975 1755 ut
990 1729 1059 1760 dixi,
1077 1728 1195 1756 hominis
1222 1728 1336 1758 creatio,
1356 1732 1401 1754 aut
1428 1727 1517 1761 potius
1545 1731 1652 1757 natura,
1667 1733 1728 1753 cum

945 1773 1084 1805 bonitatis,
1102 1778 1156 1800 tum
1173 1772 1285 1806 iustitiae
1314 1777 1341 1800 et
1371 1771 1604 1802 sanctiﬁcationis,
1620 1778 1730 1797 corum-

945 1827 998 1853 que
1010 1819 1120 1846 insitum
1131 1818 1183 1846 sibi
1200 1818 1281 1845 habet
1295 1825 1310 1844 a
1325 1817 1379 1844 Deo
1400 1816 1574 1844 desiderium.
1584 1815 1659 1848 Quod
1669 1815 1730 1849 qui-

944 1863 1005 1891 dem
1024 1864 1066 1891 vel
1089 1863 1140 1890 hoc
1164 1867 1323 1897 argumento
1345 1861 1436 1895 colligi
1453 1861 1593 1887 evidenter
1616 1864 1726 1893 potest:

943 1909 1130 1936 Acciditenim
1146 1909 1269 1935 humanae
1290 1906 1372 1933 menti
1397 1906 1521 1936 mutatio,
1535 1912 1588 1931 non
1603 1912 1635 1931 ex
1651 1904 1729 1931 malis

945 1955 970 1982 in
988 1955 1098 1986 bonum,
1115 1954 1161 1981 sed
1189 1961 1223 1980 ex
1246 1953 1317 1980 bono
1333 1952 1358 1979 in
1386 1952 1498 1978 malum.
1512 1950 1626 1977 Necesse
1648 1949 1729 1983 igitur

943 2006 985 2028 est
1005 2001 1120 2035 primunt
1143 1999 1208 2026 illud
1233 1997 1414 2034 praesupponi,
1434 2004 1489 2031 quo
1514 1996 1615 2022 amisso
1633 1994 1728 2021 mutati

944 2055 1046 2074 sumus.
1060 2046 1137 2079 Quod
1159 2045 1232 2072 enim
1260 2044 1347 2071 inlusa
1373 2043 1409 2070 sit
1428 2042 1545 2069 hominis
1569 2045 1673 2068 naturae
1693 2045 1746 2067 σι·

943 2094 1030 2128 prima
1048 2092 1186 2119 creatione
1212 2090 1299 2117 omnis
1315 2090 1378 2118 horti
1396 2088 1558 2123 appetentia,
1576 2093 1602 2114 et
1614 2094 1729 2121 propen-

944 2138 996 2169 sio,
1010 2142 1091 2171 atque
1115 2136 1221 2168 notitia,
1235 2135 1355 2162 declarat
1378 2133 1596 2168 sapientissimus
1615 2131 1727 2162 Paulus,

945 2184 1037 2210 dicens
1052 2191 1058 2209 :
1078 2191 1088 2208 1
1105 2181 1217 2215 Quando
1231 2181 1302 2208 enim
1317 2185 1410 2215 gentes
1419 2179 1504 2214 legem
1517 2186 1569 2206 non
1584 2179 1726 2207 habentes,

944 2227 1100 2254 naturaliter
1125 2233 1188 2260 quae
1215 2225 1281 2259 legis
1302 2229 1364 2252 sunt
1379 2224 1492 2257 faciunt,
1519 2224 1545 2251 hi
1572 2223 1658 2258 legem
1673 2230 1726 2249 non

944 2273 1085 2305 habentes,
1100 2271 1151 2298 sibi
1169 2270 1233 2305 ipsis
1257 2275 1320 2297 sunt
1348 2269 1389 2296 lex
1403 2278 1410 2301 ;
1426 2268 1471 2303 qui
1501 2268 1645 2295 ostendunt
1658 2274 1727 2300 opus

943 2318 1011 2353 legis
1028 2317 1159 2351 scriptum
1180 2316 1206 2342 iu
1227 2315 1353 2343 cordibus
1380 2314 1448 2346 suis,
1465 2314 1627 2341 testiﬁcante
1654 2312 1725 2346 ipso-

943 2371 1002 2390 rum
1018 2362 1183 2391 conscientia
1199 2362 1232 2389 ι’.
1251 2370 1261 2387 1
1279 2360 1307 2388 Si
1323 2368 1388 2388 vero
1414 2360 1495 2387 etiam
1511 2358 1636 2394 gentibus
1647 2363 1724 2384 extra

943 2407 1028 2442 legem
1055 2406 1221 2437 constitutis,
1235 2406 1305 2432 inest
1328 2405 1487 2432 naturaliter
1521 2411 1600 2431 nosse
1627 2404 1724 2438 legem,

938 2454 996 2480 sive
1009 2458 1126 2480 mentem
1144 2451 1322 2486 legislatoris:
1338 2449 1511 2477 manifestum
1535 2449 1622 2476 cuivis
1645 2449 1724 2475 deiu-

938 2507 1001 2533 ceps
1016 2497 1107 2529 fuerit.
1124 2497 1194 2532 quod
1207 2496 1277 2531 insta
1295 2501 1322 2523 ct
1336 2496 1405 2522 bona
1436 2494 1512 2522 initio
1531 2494 1612 2521 fuerit
1637 2494 1723 2521 horni-

939 2545 981 2571 nis
1005 2549 1112 2576 natura,
1138 2548 1167 2571 et
1193 2543 1227 2570 ad
1255 2543 1306 2570 hoc
1322 2541 1406 2569 aDeo
1431 2541 1464 2567 ad
1490 2548 1551 2568 esse
1579 2540 1723 2574 producta,

939 2589 1052 2625 eﬁigiem
1069 2589 1153 2624 ipsius
1167 2594 1192 2615 et
1216 2588 1360 2623 imaginem
1377 2587 1507 2615 bonitatis
1529 2593 1635 2621 gerens.
1650 2586 1723 2613 Sau-

940 2639 1012 2661 ctum
1039 2634 1109 2661 enim
1138 2639 1193 2661 erat
1222 2633 1337 2667 primum
1362 2633 1485 2660 humanae
1510 2632 1572 2659 vita:
1602 2636 1723 2666 tempus:

939 2680 985 2707 sed
1000 2683 1139 2713 postquam
1153 2683 1291 2712 peccatum
1311 2678 1428 2712 irrepsit,
1442 2678 1614 2704 characteres
1627 2676 1723 2703 simili-

940 2724 1039 2750 tudinis
1054 2730 1115 2750 cum
1133 2722 1188 2749 Deo
1204 2730 1255 2749 non
1275 2722 1390 2758 amplius
1405 2721 1522 2749 illustres
1535 2729 1566 2749 ac
1590 2721 1721 2756 splendidi

939 2770 964 2796 in
983 2768 1060 2796 nobis
1084 2774 1301 2804 permanserunt.
1332 2767 1510 2803 Posteaquam
1536 2775 1600 2795 vero
1629 2775 1722 2794 rursus

681 2847 701 2864 ι·
719 2848 782 2877 ibid.
800 2848 845 2874 27.
885 2849 904 2863 ιε
925 2847 1002 2875 lium.
1021 2855 1049 2881 ιι,
1072 2847 1112 2881 11,
1134 2847 1176 2874 is.
