1883 3056
148 94 213 122 1091

440 150 554 179 CAPUT
576 150 648 178 vm-
947 156 970 184 Α

148 228 203 255 Cur
218 230 244 255 in
264 228 346 254 Adam
371 228 520 264 morientes,
546 234 682 263 paternam
706 229 809 264 quidem
831 238 933 263 paeni/nt

181 265 323 292 exsolvant.
338 267 362 290 et
374 263 453 299 illius
477 264 679 299 transgressioui
694 263 870 299 unusquisque
888 273 934 290 no-

183 305 266 325 strum
283 298 410 324 obnoxius
423 297 471 331 ﬁat
492 305 502 324 :
525 299 551 325 in
567 297 672 325 Christo
687 297 773 325 auleni
789 297 933 333 uiuiﬁcaius

182 341 255 359 meus
277 341 372 366 parem
393 337 416 359 et
442 340 488 366 per
515 332 642 367 Spiritum
668 339 794 368 purgatus
811 332 933 360 ardebito

180 367 258 400 primi
269 368 394 402 parentis,
407 372 432 394 et
449 375 466 393 α
480 375 527 394 suo
543 368 625 402 ipsius
637 374 755 401 peccato,
775 377 827 396 non
843 374 932 395 trans-

182 404 254 428 miut
280 401 308 428 iu
330 410 370 428 tne
389 402 473 436 [ilium
492 401 570 429 suum
593 404 731 436 puritatem
748 411 832 436 suam,
854 411 934 436 neque

182 437 247 463 mihi
264 436 364 474 profuit
384 438 472 471 gratia
486 437 601 474 justititz
619 445 677 474 qua:
693 438 743 472 ipsi
757 438 855 466 collata
871 439 933 474 fuit,

182 479 241 498 cum
261 471 361 506 alioqui
373 477 479 507 peccata
488 471 630 507 'prcvaleat
638 473 651 499 Ρ

183 627 374 664 lnquirendum
390 632 442 660 est,
453 635 506 663 quo
518 632 597 663 pacto
613 628 638 655 in
652 635 701 656 nos
714 628 818 664 primus
836 636 934 663 parens

147 676 251 707 Adam,
277 681 384 709 ptemm
412 673 463 701 sibi
488 673 524 700 ob
549 674 792 708 transgressionem
820 674 932 708 illatam,

149 721 339 749 transmiserit.
364 720 472 747 Audivit
486 720 569 753 enim,
587 720 649 755 quia
671 729 680 746 t
695 720 780 748 Terra
798 728 838 754 es,
865 726 893 748 et
906 721 933 748 in

149 773 248 795 terram
268 768 411 795 reverteris
425 768 458 799 ",
481 775 490 793 ι
506 772 534 794 et
553 774 587 794 ex
608 767 762 802 incorrupto
780 768 866 795 iactus
890 772 934 795 est

153 814 318 848 corruptioni
332 813 476 846 obnoxius,
486 813 634 847 mortisque
649 813 762 841 vinculis
773 813 932 841 submissus.
950 833 970 861 Β

149 856 326 894 Posteaquam
355 866 420 886 vero
443 859 469 886 in
488 859 557 886 hanc
574 858 724 893 prolapsus.
749 859 848 887 liberos
872 867 935 894 pro-

149 906 261 937 creavit,
275 905 330 932 nati
344 912 377 932 ex
394 905 461 940 ipso,
476 909 568 939 utpote
578 911 610 930 ex
625 904 743 938 mortali,
757 904 884 933 mortales
894 905 935 933 ef-

150 951 210 979 fecti
225 958 327 978 sumus.
339 948 395 978 Hoc
406 956 485 985 pacto
496 957 589 977 sumus
603 950 798 977 exsccrationis
811 950 837 977 in
847 950 932 977 Adam

150 998 280 1024 ha'redes.
301 996 392 1031 Neque
404 996 476 1023 enim
490 995 600 1023 omnino
616 995 698 1022 veluti
712 1002 772 1022 cum
788 996 847 1030 ipso
856 1002 933 1022 man-

149 1043 241 1070 datum
261 1042 332 1078 quod
351 1045 496 1076 acceperat
512 1041 699 1076 iuiringentes.
714 1040 841 1075 punimur
859 1048 867 1066 :
886 1040 934 1067 sed

149 1089 223 1124 quia,
245 1091 275 1116 ut
295 1088 359 1119 dixi,
386 1087 508 1114 mortalis
537 1087 640 1120 factus,
662 1085 873 1114 exsecrationem
907 1086 933 1112 in

150 1134 305 1171 progeniem
320 1141 397 1161 suam
421 1132 581 1160 transmisit.
611 1132 737 1159 Mortales
754 1131 825 1159 enim
853 1131 936 1167 376

149 1180 235 1208 ell‘ecti
250 1187 344 1208 sumus
357 1186 390 1207 ex
403 1179 521 1206 mortali.
541 1179 670 1206 Dominus
686 1183 775 1206 autem
792 1183 882 1205 noster
891 1177 935 1205 Je-

149 1234 195 1253 sus
209 1225 343 1258 Christus,
368 1225 503 1253 secundus
519 1224 603 1251 Adam
619 1224 779 1256 declaratus,
794 1228 820 1251 et
834 1223 935 1258 princi-

150 1271 224 1306 pium
240 1271 347 1306 generis
377 1270 474 1302 nostri,
490 1269 635 1297 secuttdum
653 1269 779 1296 nimirum
792 1273 853 1303 post
876 1267 935 1303 pri-

151 1324 238 1349 mum,
250 1317 276 1344 in
291 1315 519 1350 incorruptionem
539 1323 589 1342 nos
609 1314 776 1347 reformavit,
797 1320 935 1349 opponens

150 1369 180 1388 se
207 1360 298 1394 morti,
318 1365 343 1388 el
366 1361 472 1395 propria
496 1367 579 1387 carne
602 1360 687 1396 ipsam
714 1367 832 1387 vacuans
854 1364 935 1394 atque

151 1407 308 1440 dissolvens,
324 1407 467 1441 solutaque
485 1410 527 1433 est
544 1406 569 1433 in
587 1405 644 1441 ipso
665 1405 786 1441 pristinae
808 1411 936 1433 exsecra—

150 1453 233 1480 tionis
259 1453 311 1480 vis.
341 1451 443 1480 Idcirco
473 1453 559 1487 inquit
595 1451 809 1486 sapientissimus
838 1450 936 1478 Paulus

151 1497 233 1534 quod,
260 1506 271 1525 t
300 1497 530 1532 Quemadmodum
555 1504 603 1531 per
626 1497 761 1524 hominem
787 1503 870 1528 mors,
899 1496 934 1523 ita

151 1544 233 1572 etiam
254 1550 302 1578 per
324 1544 458 1571 hominem
483 1543 645 1571 resurrectio
679 1547 847 1570 mortuorum
862 1541 894 1569 ³⁸.
922 1551 932 1568 ›

152 1590 187 1617 ΕΙ.
201 1596 307 1616 rursum
324 1597 332 1616 :
357 1599 366 1615 t
383 1589 459 1616 Sicut
472 1589 497 1616 in
512 1589 597 1616 Adam
612 1595 706 1616 omnes
727 1588 887 1620 moriuntur,
900 1587 935 1614 ita

152 1641 180 1664 et
196 1636 222 1663 in
236 1635 343 1663 Christo
356 1643 450 1663 omnes
467 1635 674 1662 vivihcabuntnr
687 1635 721 1662 ".
749 1643 758 1661 ι
787 1634 936 1662 Universos

153 1682 243 1717 itaque
255 1681 493 1716 comprehendens.
505 1681 760 1716 generalissimaque
771 1687 860 1715 poena,
876 1688 937 1715 pro-

152 1732 213 1763 pter
231 1735 291 1755 eam
307 1735 366 1761 quae
388 1727 413 1754 in
434 1726 520 1754 Adam
537 1726 606 1753 facta
626 1730 667 1753 cst
684 1726 936 1760 transgressionem,

153 1772 278 1801 interitus
304 1780 336 1800 ac
366 1779 437 1800 mors
464 1776 516 1798 est.
549 1771 680 1799 Similiter
705 1771 786 1798 etiam
817 1770 936 1797 omnimn

153 1824 182 1846 ct
200 1819 309 1854 quidem
327 1818 529 1853 generalissima
549 1817 697 1851 redemptio
714 1817 739 1844 in
755 1816 863 1843 Christo
878 1823 938 1851 per-

154 1865 222 1893 fecta
235 1870 288 1892 est.
315 1863 395 1891 Exuit
411 1863 481 1890 cnim
497 1863 614 1889 humana
632 1867 725 1889 natura
744 1862 771 1888 in
789 1862 849 1896 ipso
864 1869 938 1888 mor-

155 1915 208 1938 tem
223 1910 272 1937 sibi
299 1908 506 1940 immissam,’ex
528 1915 560 1934 co
576 1907 646 1942 quod
671 1907 791 1934 mortalis
820 1907 939 1934 redditus

156 1961 228 1983 esset
241 1955 344 1989 primus
356 1954 446 1981 homo.
460 1954 496 1981 At
514 1960 577 1980 vero
595 1953 715 1987 privatus
728 1951 939 1986 uniuscujusque

948 1525 970 1554 ϐ

156 2007 276 2029 nostrum
301 2005 387 2036 pater,
403 2000 511 2027 etiamsi
536 2006 584 2033 per
604 1998 733 2033 Spiritum
758 2004 880 2025 sanctum
904 1998 939 2026 sit

155 2047 348 2079 sanctillcatus,
361 2051 388 2073 et
403 2050 575 2081 peccatorum
592 2045 696 2071 veniam
713 2049 882 2077 consecutus,
892 2044 941 2071 do-

156 2103 218 2122 num
236 2094 286 2121 hoc
301 2094 327 2121 in
342 2100 390 2120 nos
404 2092 485 2120 etiam
501 2100 554 2119 non
571 2091 736 2118 transmittet
777 2090 848 2118 Unus
868 2091 939 2118 enitn

155 2147 206 2175 est,
224 2142 269 2177 qui
287 2148 380 2168 omnes
398 2140 548 2168 sanctiﬁcat
562 2144 589 2166 et
601 2139 742 2173 juslilical,
759 2142 788 2165 et
801 2137 835 2164 ad
850 2137 940 2164 incor-

155 2188 305 2222 ruptionem
321 2186 448 2218 traducit,
461 2186 590 2213 Dominus
611 2190 701 2212 noster
712 2183 789 2211 Jesus
803 2183 937 2214 Christus,
955 2199 976 2226 ο

153 2239 181 2261 et
199 2235 224 2261 in
240 2240 334 2260 omnes
347 2240 379 2260 ex
392 2240 469 2266 tuquo
482 2239 528 2266 per
551 2232 647 2266 ipsum,
664 2231 763 2258 donum
785 2234 938 2264 promanat.

154 2280 233 2307 Aliud
254 2283 344 2306 autent
364 2284 406 2306 est
427 2278 529 2312 peccati
552 2277 685 2308 remissio,
709 2281 736 2303 et
749 2276 819 2303 aliud
844 2275 939 2303 mortis

155 2326 313 2353 dissolutio:
329 2330 356 2352 et
370 2324 553 2359 unttsquisqne
566 2324 673 2358 quidem
690 2323 859 2358 propriorum
875 2329 939 2357 pec:

153 2377 274 2398 catorutn
297 2369 483 2397 remissionem
507 2369 679 2402 consequitur
703 2369 729 2395 in
754 2367 862 2395 Christo
891 2374 939 2402 per

154 2417 285 2451 Spiritum
316 2421 437 2443 sanctum
461 2425 467 2443 :
492 2415 654 2450 generaliter
676 2419 765 2441 autent
797 2414 943 2441 liberamur

154 2469 248 2489 omnes
263 2469 277 2488 a
293 2469 370 2496 pana
387 2461 442 2496 jam
461 2461 524 2488 olim
547 2461 624 2488 nobis
649 2460 732 2491 illata,
748 2467 764 2486 a
778 2464 875 2492 morte,
898 2459 941 2486 in-

153 2515 245 2542 quam,
257 2515 316 2542 quae
330 2515 424 2534 omnes
442 2511 598 2542 pervaserat
611 2513 643 2534 ex
661 2507 747 2540 primo
761 2505 846 2533 nostri
862 2513 942 2540 gene-

155 2555 192 2581 tis
212 2554 288 2580 nobis
306 2553 388 2580 simili
405 2553 431 2580 in
445 2557 557 2580 mortem
581 2552 716 2587 prolapso.
744 2550 846 2578 Idcirco
865 2551 939 2578 enim

153 2600 238 2634 inquit
255 2599 472 2635 sapientissimus
495 2597 610 2630 Paulus,
639 2598 710 2631 quod
727 2605 800 2624 mors
823 2597 944 2631 regnavit

154 2646 187 2672 ab
203 2645 298 2677 Adam,
317 2651 401 2679 usque
424 2644 456 2670 ad
479 2643 582 2675 Mosen,
608 2645 688 2670 etiam
706 2643 732 2670 in
748 2649 795 2670 eos
819 2642 864 2678 qui
887 2649 940 2669 non

154 2695 344 2726 peccaverunt,
359 2691 386 2718 in
393 2690 594 2718 similitudinem
604 2689 832 2725 praevaricationis
840 2688 940 2721 Adae",

625 91 654 120 S.
675 92 814 120 CYRILLI
835 92 1068 121 ALEXANDRINI
1088 93 1250 122 ARCHIEP.

1282 154 1406 181 ΚΕΦΑΔ.
1427 155 1467 182 ιιι.

983 230 1033 257 Διὰ
1059 231 1088 257 τί
1104 231 1139 257 ἐν
1152 231 1192 263 τῷ
1215 230 1306 265 Ἀδὰμ
1334 230 1594 265 ἀποθνήσκοντες,
1624 228 1804 265 πατρικὴν

1018 266 1172 292 ἐκτίνουσι
1183 265 1240 300 μὲν
1255 263 1353 298 δίκην,
1374 266 1422 292 καὶ
1436 263 1493 299 τὴν
1508 267 1630 292 ἐκείνου
1646 263 1804 300 παράϐα-

1017 309 1071 327 σιν
1082 299 1210 334 ἕκαστός
1234 300 1394 334 χρεωστεῖ·
1414 301 1448 327 ἐν
1463 301 1498 328 δὲ
1511 300 1552 333 τῷ
1572 300 1692 335 Χριστῷ
1710 299 1800 329 ἄοσ-

1018 335 1150 368 ποιηθεὶς
1178 337 1194 362 ὀ
1225 335 1296 370 ἐμὸς
1326 335 1434 369 πατὴρ,
1461 338 1510 362 καὶ
1538 336 1588 362 διὰ
1606 336 1661 362 τοῦ
1689 335 1801 370 ἁγίου

1018 367 1190 405 Πνεῦματος
1217 367 1373 405 κάιξάρθεὶς
1398 367 1459 404 τῆς
1489 380 1521 397 τε
1550 367 1801 405 προπατορὶκῆς

1017 401 1185 439 ὀρλήὶγεωςί
1191 406 1240 432 καὶ
1252 401 1307 438 ἰῆς
1317 401 1393 437 ιδίας
1409 401 1628 440 πλημμελείας,
1640 406 1678 432 οὺ
1688 401 1800 438 hare:—

1017 440 1095 467 δωκέ
1129 449 1179 475 μοι
1209 439 1263 473 τῆς
1289 439 1497 475 καθαρότητος-⁷
1514 441 1553 473 τῷ
1587 440 1798 475 γεννηθέντι,

1018 476 1079 502 οὔτ’
1101 473 1201 508 amas
1223 483 1261 510 με
1287 473 1342 508 τῆς
1365 473 1408 507 εις
1433 476 1526 502 αὑτὸν
1540 473 1754 507 δικαιοσύνης
1774 473 1798 506 ἡ

1019 511 1116 572 χὶίρις,
1138 511 1234 538 καίτοι
1259 510 1488 544 ὑπεριᾳχύουσα
1504 510 1579 537 κατὰ
1601 510 1660 545 τῆς
1682 510 1799 544 ἁμαρ-

1019 554 1035 572 τ
1047 554 1084 572 α(-
1095 553 1105 572 .'

1019 553 1084 578 τιας
1095 553 1105 577 ;

1025 632 1167 666 Ἐξετάσαι
1191 633 1244 669 χρὴ
1261 633 1320 665 πῶς
1341 635 1381 666 εἰς
1395 635 1469 669 ἡμᾶς
1483 634 1496 660 ὁ
1511 633 1665 669 προπάτωρ
1689 633 1795 667 ’Δδᾶμ

984 678 1148 714 παρέπεμψε
1162 678 1211 714 τὴν
1223 679 1412 715 ἐπενεχθεῖσαν
1427 679 1501 710 αὐτῷ
1520 679 1565 705 διὰ
1582 679 1632 713 τὴν
1647 679 1795 714 παράδει-

984 732 1027 750 σιν
1048 723 1136 759 δίκην.
1158 725 1292 752 Ἤκουσεν
1308 725 1371 760 γὰρ,
1397 725 1437 751 ὅτι
1454 733 1463 750 ι
1487 724 1526 759 Γῆ
1544 721 1580 756 εἴ,
1597 724 1644 750 καὶ
1668 725 1710 755 εἰς
1725 725 1791 758 γῆν

984 769 1131 804 ἀπελεύσῃ,
1152 778 1162 794 t
1180 770 1227 796 καὶ
1250 770 1368 805 φθαρτὸς
1392 769 1421 802 ἐξ
1439 770 1578 805 ἀφθάρτου
1602 769 1711 804 γέγονε,
1729 769 1791 796 καὶ

984 814 1117 850 ὑπενέχθη
1143 815 1200 847 τοῖς
1224 815 1334 850 δεσμοῖς
1347 815 1393 843 τοῦ
1409 815 1533 842 θανάτου.
1557 815 1669 850 Ἐπειδὴ
1692 816 1721 842 δὲ
1739 816 1791 846 εἰς

983 859 1077 887 τοῦτον
1092 859 1182 887 πεσὼν
1198 860 1415 896 ὲτταιδοποίησεν,
1430 862 1454 887 ot
1475 861 1617 896 γεγονότες
1633 861 1662 892 EE
1678 859 1787 891 αὐτοῦ.

983 905 1021 937 ὠς
1035 905 1089 932 ἀπὸ
1113 905 1245 941 φθαρτοῦ,
1262 905 1375 942 φθαρτοὶ
1391 906 1550 942 γεγόναμεν.
1571 906 1667 937 Οὕτως
1692 905 1789 940 ἐσμὲν

983 951 1032 985 τῆς
1047 951 1075 977 ὲν
1096 951 1182 986 Ἀδὰμ
1195 952 1318 987 κατάρας
1341 951 1513 988 κληρονόμοι.
1530 952 1568 979 Οὐ
1594 952 1650 987 γὰρ
1664 952 1788 982 πάντως

983 996 1021 1028 ὡς
1038 997 1086 1024 σὺν
1100 997 1196 1032 ἐκείνῳ
1209 997 1259 1033 τῆς
1279 997 1388 1032 ἐντολῆς
1408 995 1442 1033 ἧς
1456 997 1564 1030 ἐδέξατο
1579 996 1788 1032 παρακούσαν-

983 1050 1029 1074 τες
1047 1042 1269 1078 τετιμωρήμεθα,
1285 1042 1342 1069 ἀλλ¹
1362 1043 1415 1075 ὃτι,
1429 1041 1467 1074 ὡς
1481 1042 1557 1078 ἔφην,
1580 1042 1679 1077 θνητὸς
1694 1051 1787 1077 γεγο-

970 1086 1047 1129 Ινὼς,
1063 1088 1103 1119 εἰς
1125 1087 1155 1114 τὸ
1169 1087 1199 1120 ἐξ
1217 1087 1299 1114 αὑτοῦ
1315 1087 1428 1123 σπέρμα
1444 1087 1609 1122 παρέπεμψε
1625 1088 1675 1123 τὴν
1694 1088 1784 1122 ἀρὰν.

984 1133 1082 1168 Θνητοὶ
1103 1133 1159 1169 γὰρ
1175 1134 1326 1170 γεγόναμεν
1341 1135 1375 1161 ὲκ
1393 1134 1501 1170 θνητοῦ.
1530 1135 1558 1161 '0
1576 1134 1606 1161 δέ
1621 1142 1654 1167 γε
1671 1134 1785 1169 Κύριος

984 1179 1063 1214 ἡμῶν
1088 1179 1192 1214 Ἰησοῦς
1209 1179 1326 1215 Χριστὸς
1341 1180 1466 1215 δεύτερος
1488 1179 1573 1214 Ἀδὰμ
1586 1180 1783 1216 χρηματίσας,

985 1225 1031 1252 καὶ
1046 1226 1116 1261 ἀρχὴ
1132 1225 1178 1252 τοῦ
1193 1225 1290 1260 γένους
1307 1225 1385 1261 ἡμῶν
1399 1226 1512 1262 δευτέρα
1535 1226 1604 1261 μετὰ
1627 1226 1677 1261 τὴν
1698 1226 1783 1261 πρώ-

983 1279 1044 1306 την,
1068 1272 1108 1302 εις
1124 1271 1278 1308 ἀφθαρσίαν
1295 1272 1370 1307 ἡμᾶς
1389 1271 1593 1306 ἀνεμόρφωσεν,
1610 1270 1784 1306 προσϐαλὼν

984 1316 1024 1352 τῷ
1038 1316 1156 1352 θανάτῳ,
1176 1317 1209 1352 τῇ
1234 1317 1288 1353 ἰδίᾳ
1305 1317 1385 1352 σαρκὶ
1406 1318 1583 1352 καταργήσας
1608 1317 1704 1349 αὑτὸν,
1729 1317 1783 1343 καὶ

985 1361 1092 1389 λέλυται
1108 1363 1156 1397 τῆς
1172 1362 1289 1398 ἀρχαίας
1302 1363 1373 1398 ἀρᾶς
1394 1363 1410 1398 ἡ
1435 1362 1548 1397 δύναμις
1571 1363 1600 1389 ὲν
1614 1362 1699 1398 αὐτῷ.
1726 1362 1784 1389 Διά

985 1407 1065 1435 τοῦτό
1080 1417 1161 1444 φησιν
1184 1409 1199 1435 ὸ
1225 1409 1361 1443 πάνσοφος
1385 1408 1501 1440 Παῦλος,
1520 1409 1562 1435 ὅτι
1579 1417 1589 1434 t
1614 1409 1722 1444 Ὠσπερ
1743 1409 1782 1435 δι’

985 1452 1128 1489 ἀνθρώπου
1143 1455 1157 1480 ὁ
1179 1453 1303 1487 θάνατος,
1327 1453 1398 1480 οὕτω
1416 1453 1464 1480 καὶ
1481 1453 1515 1480 δι’
1537 1452 1682 1488 ἀνθρώπου
1707 1454 1781 1480 ἀνά-

988 1508 1081 1532 στασις
1096 1499 1211 1536 νεκρῶν.
1226 1509 1236 1526 t
1254 1500 1309 1526 Καὶ
1325 1500 1422 1526 πάλιν⁸
1439 1508 1448 1525 ι
1470 1499 1574 1534 Ὥσπερ
1591 1500 1620 1525 ὲν
1633 1499 1673 1534 τῷ
1688 1499 1781 1534 Ἀδὰμ

987 1546 1085 1578 πάντες
1098 1545 1310 1580 ἀποθνήσκουσι,
1325 1545 1396 1572 οὕτω
1411 1545 1458 1572 καὶ
1479 1545 1509 1571 ὲν
1522 1544 1561 1579 τῷ
1577 1544 1688 1580 Χριστῷ
1707 1545 1780 1571 πάν-

985 1600 1030 1623 τες
1052 1591 1309 1626 ζωοποιηθήσονται.
1329 1600 1338 1616 ι
1358 1590 1472 1623 Οὐκοῦν,
1490 1591 1506 1626 ἡ
1530 1590 1644 1617 καθόλου
1663 1590 1713 1617 καὶ
1727 1598 1778 1624 γε·

985 1638 1119 1672 νικωτάτη
1144 1637 1204 1673 δίκη
1228 1637 1273 1664 διὰ
1295 1636 1346 1672 τῆς
1375 1637 1405 1664 ὲν
1435 1636 1521 1672 Ἀδὰμ
1546 1636 1734 1672 παραϐάσεως
1760 1637 1779 1672 ἡ

986 1683 1073 1718 φθορά
1092 1682 1140 1710 καὶ
1163 1684 1178 1709 ὁ
1199 1682 1312 1714 θάνατός
1331 1683 1418 1709 ἐστιν·
1434 1683 1534 1718 ὁμοίως
1549 1683 1565 1717 ἡ
1579 1682 1649 1709 κατὰ
1666 1682 1780 1709 πάντων

986 1729 1034 1755 καὶ
1058 1728 1226 1763 γενικωτάτη
1257 1728 1391 1763 λύτρωσις
1420 1728 1452 1754 ὲν
1475 1727 1585 1763 Χριστῷ
1609 1728 1777 1757 τετέλεσται.

993 1773 1157 1800 Ἀπεδύσατο
1179 1773 1233 1808 γὰρ
1259 1774 1276 1809 ἡ
1300 1772 1445 1808 ἀνθρώπου
1469 1773 1550 1807 φύσις
1577 1774 1607 1799 ἐν
1635 1773 1711 1808 αὐτῷ
1731 1774 1778 1799 τὸν

987 1820 1166 1856 ὲπιρῤιφέντα
1181 1819 1294 1846 θάνατον
1310 1820 1390 1854 αὐτῇ,
1403 1819 1446 1846 διὰ
1456 1819 1503 1846 τοῦ
1515 1819 1641 1853 γενέσθαι
1656 1819 1780 1854 φθαρτὸν

986 1866 1032 1893 τὸν
1047 1865 1153 1901 πρῶτον
1169 1865 1321 1899 ἄνθρωπον.
1351 1865 1379 1891 '0
1400 1865 1429 1891 δὲ
1444 1865 1559 1891 ἑκάστου
1577 1865 1655 1900 ήμῶν
1672 1865 1777 1900 πατὴρ,

988 1912 1038 1939 κᾶν
1053 1912 1097 1938 διὰ
1119 1911 1166 1938 τοῦ
1191 1911 1268 1946 ἁγίου
1289 1910 1446 1946 Πνεύματος
1464 1910 1593 1946 ἡγιάσθη,
1615 1911 1662 1937 καὶ
1681 1910 1778 1945 ἐκομί-

989 1966 1053 1984 σατο
1068 1957 1116 1993 τὴν
1130 1957 1185 1984 τῶν
1198 1956 1443 1992 πλημμελημάτων
1458 1956 1565 1990 ἄφεσιν,
1581 1956 1611 1982 ού
1629 1957 1778 1990 παραπὲμ·

988 2004 1033 2039 ψει
1053 2005 1100 2031 καὶ
1113 2005 1153 2035 εἰς
1166 2004 1240 2040 ἡμᾶς
1254 2004 1284 2030 τὸ
1298 2003 1394 2039 δῶρον·
1412 2000 1451 2034 εἷς
1470 2002 1525 2038 γάρ
1540 2004 1613 2028 ἐστιν
1637 2003 1651 2028 ὁ
1673 2002 1778 2032 πάντας

989 2049 1110 2084 ἁγιάζων
1124 2049 1170 2076 καὶ
1184 2049 1306 2082 δικαιῶν,
1318 2049 1364 2076 καὶ
1379 2049 1419 2080 εἰς
1433 2048 1586 2083 ἀφθαρσίαν
1602 2048 1778 2083 ἀνακομίζων

989 2095 1004 2121 ὸ
1020 2094 1120 2130 Κύριος
1140 2094 1220 2130 ἡμῶν
1240 2093 1343 2129 Ἰησοῦς
1362 2093 1488 2128 Χριστὸς,
1506 2094 1554 2119 καὶ
1571 2093 1611 2124 είς
1628 2093 1734 2123 πάντας
1750 2093 1778 2118 ἐν

991 2140 1042 2175 ῐσῳ
1059 2140 1092 2166 δι’
1117 2140 1200 2166 αὑτοῦ
1222 2139 1253 2166 τὸ
1277 2139 1364 2175 δῶρον
1378 2139 1498 2174 ἔρχεται,
1515 2139 1628 2173 Ἕτερον
1653 2138 1682 2164 δέ
1705 2139 1777 2165 ἕσιν

991 2186 1127 2221 ἁμαρτίας
1151 2186 1257 2220 ἄφεσις,
1283 2185 1330 2211 καὶ
1356 2185 1449 2219 ἕτερον
1468 2184 1584 2210 θανάτου
1609 2183 1704 2215 λύσις·
1730 2184 1776 2209 καὶ

991 2232 1104 2263 ἕκαστος
1117 2231 1165 2266 μὲν
1177 2231 1230 2258 τῶν
1242 2231 1314 2257 ἰδίων
1327 2230 1571 2266 πλημμελημάτων
1582 2230 1719 2266 κερδαίνει
1728 2230 1777 2265 τὴν

991 2277 1087 2311 ἄφεσιν
1102 2278 1131 2303 ὲν
1148 2276 1257 2312 Χριστῷ
1271 2277 1314 2303 διὰ
1325 2276 1372 2302 τοῦ
1388 2277 1465 2310 ἁγίου
1476 2276 1649 2311 Πνεῦμα-τος
1661 2277 1737 2310 κοινῇ
1750 2276 1779 2301 δὲ

991 2323 1090 2354 πάντες
1105 2323 1329 2357 ἀπαλλαττόμεθα
1343 2323 1392 2357 τῆς
1412 2323 1440 2349 ἐν
1464 2322 1562 2357 ἀρχαῖς
1586 2321 1776 2357 ὲπενεχθείσης

991 2369 1068 2404 δίκης
1097 2369 1172 2404 ἡμῖν,
1203 2368 1253 2403 τῆς
1288 2368 1335 2394 τοῦ
1369 2368 1483 2395 θανάτου
1509 2368 1593 2403 φημὶ,
1620 2367 1778 2402 δραμούσης

990 2415 1030 2446 είς
1044 2414 1176 2446 ἅπαντας,
1192 2414 1237 2440 τοῦ
1253 2413 1360 2449 πρώτου
1376 2413 1422 2440 τοῦ
1439 2413 1499 2440 καθ’
1520 2413 1668 2448 ὁμοιότητα
1682 2413 1778 2439 πεσόν-

990 2469 1036 2492 τος
1050 2461 1089 2492 εἰς
1104 2460 1227 2487 Θάνατον.
1244 2460 1294 2486 Διά
1305 2459 1383 2487 τοῦτο
1396 2459 1450 2494 γάρ
1465 2467 1531 2495 φησι
1546 2459 1594 2486 καὶ
1607 2459 1621 2485 ὁ
1642 2459 1778 2492 πάνσοφος

990 2506 1106 2539 Παῦλος,
1121 2506 1161 2533 ὄτι
1174 2507 1189 2531 ὸ
1203 2506 1317 2537 θάνατος
1333 2505 1506 2532 ἐϐασίλευσεν
1521 2505 1576 2531 ἀπὺ
1595 2504 1683 2539 Ἀδὰμ
1699 2505 1777 2539 μέχρι

990 2552 1121 2586 Μωσέως,
1145 2553 1192 2579 καὶ
1215 2552 1261 2578 ἐπὶ
1282 2553 1345 2583 τοὺς
1361 2551 1398 2586 μὴ
1419 2552 1643 2587 ἁμαρτήσαντας,
1671 2550 1718 2577 ἐπὶ
1741 2550 1778 2585 τῷ

992 2596 1143 2632 ὁμοιώματι
1155 2597 1203 2631 τῆς
1218 2597 1400 2632 παραϐάσεως
1420 2596 1514 2632 Ἀδὰμ,
1531 2596 1614 2632 μέχρι
1629 2596 1713 2631 νόμου
1733 2604 1777 2622 κε-

993 2642 1130 2677 κράτηκεν
1147 2643 1164 2677 ἠ
1186 2641 1232 2668 τοῦ
1252 2642 1367 2668 θανάτου
1393 2641 1464 2678 δίκη.
1488 2641 1608 2676 Χριστοῦ
1634 2641 1663 2668 δὲ
1687 2641 1778 2667 λοιπὸν

993 2688 1264 2724 προαναλάμψαντος,
1273 2688 1431 2724 εἰσδέῦηκεν
1438 2689 1454 2724 ἡ
1462 2687 1630 2724 δικαιοσύνη,
1638 2687 1777 2714 δικαιοῦσςι

189 2801 213 2816 ¹⁹
228 2801 295 2828 Gen.
310 2809 352 2836 tu,
369 2801 412 2829 19.
451 2802 473 2818 ³’
492 2801 577 2829 ιευτ.
593 2810 636 2836 xv,
654 2802 684 2829 2|
738 2802 758 2818 "
772 2802 837 2829 ibid.
855 2801 900 2828 2Q.

1020 2809 1054 2828 tn.
1072 2808 1097 2833 v,
1116 2801 1160 2829 Η.

1717 92 1807 121 1092

1877 1301 1883 1451 ξ
