1883 3056
194 146 261 174 1109

193 213 254 239 quae
269 210 341 233 certe
359 212 454 240 magna
470 204 550 239 381
569 207 650 238 atque
667 203 824 231 admiranda
841 207 882 231 cst
898 212 904 230 :
919 203 982 238 quia
997 207 1019 233 Α

194 253 220 280 id
234 252 304 287 quod
318 251 418 279 factum
431 256 483 283 est,
496 259 511 277 a
525 251 616 277 divina
630 250 715 285 gloria
731 250 847 276 alienum
863 257 914 276 non
928 255 978 277 est.

191 297 283 331 Neque
298 296 369 323 enim
387 295 449 330 quia
464 295 553 323 omnia
571 300 673 330 potest,
690 295 790 322 idcirco
805 302 865 322 eum
882 295 980 321 absur-

192 343 287 369 dorun:
303 347 472 376 operatorem
487 341 560 368 cerni
578 348 628 374 par
640 345 691 367 est.
706 340 835 375 lutelligis
848 341 920 367 enim
935 341 981 366 ab-

154 383 155 387 “
192 387 301 413 surdum
317 387 389 413 dictu
404 393 464 413 esse
478 395 484 412 :
500 387 540 412 An
554 385 627 413 Deus
643 386 728 420 possit
742 391 882 420 praestare,
897 391 925 412 ut
942 386 981 420 ip-

192 438 278 460 semet
287 440 340 459 non
350 433 385 459 sit
395 432 482 459 Deus?
489 432 530 458 An
542 433 628 466 possit
635 431 740 458 cilicere
748 432 867 466 seipsum
875 432 980 466 peccati

191 477 382 512 capacem?An
397 477 483 512 possit
497 477 587 504 facere
600 483 629 504 ut
643 477 699 512 ipse
712 485 764 504 non
779 478 814 504 sit
824 477 922 509 bonus,
936 483 982 504 aut

192 526 258 559 vita,
275 531 320 552 aut
336 525 460 558 iustitia?
475 524 588 558 Oportet
604 523 687 558 igitur
702 531 808 550 sumnto
825 524 916 550 studio
932 525 980 550 ul)-

191 572 287 598 surdas
310 571 464 604 huiusmodi
489 571 653 605 quaestiones
680 569 819 596 detestari.
842 569 895 596 Cur
916 577 980 596 vero

193 617 263 645 Deus
279 625 358 651 eam,
376 625 436 652 qum
453 616 585 644 fornicata
604 616 656 648 sit,
675 616 763 643 τιθείη-ο
780 624 832 643 non
849 616 933 650 possit
951 621 980 642 ut

192 664 318 690 meretrix
335 671 387 690 non
403 662 494 694 fuerit,
511 663 536 689 iu
552 670 633 689 causa
652 667 703 694 est,
720 662 791 697 quod
808 662 978 689 mendacium

191 715 220 736 ut
238 710 274 737 sit
289 710 390 737 veritas
406 709 512 736 eilicerc
529 713 655 743 nequeat.
673 708 766 743 Neque
782 715 846 735 vero
862 708 913 735 hoc
928 707 978 734 im-

190 755 316 789 potentia!
328 755 414 789 ipsum
429 755 528 789 arguit,
542 755 589 781 sed
603 755 769 782 demonstrat
782 760 905 782 naturam
920 761 980 788 qua:

190 801 224 827 ab
238 808 270 827 co
282 800 354 834 quod
371 801 455 835 ipsam
473 808 525 827 nou
539 801 633 828 deceat
646 801 783 828 abhorret.
795 801 917 828 Alienum
933 808 978 827 au-

191 851 245 873 tem
263 853 373 880 prorsus
389 845 423 873 ab
440 846 498 880 ipso
513 850 553 872 cst
569 846 752 873 mendacium.
767 845 852 872 Porro
867 846 976 872 menda-

189 894 261 919 cium
273 897 314 919 est
324 892 429 919 ellicere
440 897 468 919 ut
478 891 610 919 fornicata
625 892 752 919 meretrix
761 913 768 925 ,
781 892 911 919 fornicata
925 900 976 918 non
994 895 1015 922 Β

192 938 282 966 fuerit.
301 938 414 973 Oportet
438 943 539 971 autem,
558 943 587 964 ut
609 937 676 970 dixi,
694 937 790 965 stultas
810 937 975 971 huiusmodi,

191 985 360 1018 multumque
377 984 552 1011 absurditatis
568 984 594 1010 in
610 991 639 1011 se
656 984 786 1011 habentes
801 984 975 1019 qumstiones,

191 1031 224 1057 ab
241 1031 317 1058 initio
333 1038 365 1057 ne
380 1031 525 1058 admittere
542 1029 664 1065 quidem.

482 1085 597 1114 CAPUT
614 1084 681 1114 XIV.

189 1143 229 1170 Ad
247 1151 290 1169 σοι
308 1143 352 1177 qui
372 1143 474 1174 dicunt,
493 1144 561 1176 quod
579 1143 707 1177 ignorauit
729 1141 814 1168 Filius
832 1146 975 1169 extrenmm

391 1178 477 1209 diem;
493 1179 617 1204 adversus
634 1178 772 1212 Agnoelul.

224 1234 304 1261 Aiunt
325 1241 390 1260 vero
411 1233 491 1260 ctiam
513 1233 596 1265 alios,
617 1241 678 1260 cum
702 1233 814 1260 audiunt
836 1233 974 1262 Christum

189 1280 321 1307 dicentem
340 1289 346 1306 :
364 1289 374 1304 ι
393 1279 428 1305 [διε
445 1280 488 1305 die
504 1279 548 1306 illa
565 1280 620 1305 sive
639 1280 703 1306 hora
722 1287 800 1306 nemo
818 1280 909 1312 novit,
927 1288 975 1307 ue-

189 1333 241 1359 que
261 1325 348 1359 angeli
371 1325 512 1357 «nlui-um,
536 1332 621 1358 neque
640 1324 735 1357 Filius,
757 1325 807 1351 nisi
831 1325 905 1352 solus
927 1325 975 1352 Pa-

189 1376 242 1403 ter,
253 1371 276 1386 ⁵⁰
287 1381 296 1396 ι
307 1370 466 1398 stultissime
481 1370 734 1405 imperitissimeque
747 1370 892 1404 ailirmare,
905 1372 974 1399 diem

189 1417 275 1447 illam.
292 1417 348 1443 sive
365 1416 460 1443 horam
480 1423 570 1443 revera
591 1417 706 1451 ignotam
725 1424 785 1443 esse
797 1416 886 1444 Verbo
903 1420 974 1452 quod

187 1470 219 1488 ex
236 1462 352 1490 essentia
368 1462 415 1490 Dei
430 1470 462 1489 ac
477 1461 566 1490 Patris
578 1463 698 1497 genitum
712 1468 753 1489 est
767 1472 774 1489 :
790 1468 818 1489 ιιι
833 1464 868 1490 ita
884 1464 910 1490 iu
927 1472 975 1490 au-

187 1508 307 1542 gelorum
329 1508 451 1535 ordinem
474 1507 624 1542 redigatur,
646 1509 775 1542 nullaque
797 1509 900 1536 ratione
922 1509 974 1536 dif-

189 1554 258 1581 t‘erre
276 1554 398 1581 videatur
415 1554 448 1580 ah
469 1553 502 1580 iis
524 1553 568 1588 qui
592 1561 639 1588 per
657 1555 743 1588 ipsum
764 1555 827 1580 facti
849 1561 920 1581 sunt.
940 1555 974 1581 At

187 1608 251 1626 vero
263 1607 316 1634 quo
330 1605 407 1633 pacto
420 1599 539 1634 eiusdem
552 1599 667 1630 ordinis,
681 1599 856 1634 eiusdemque
869 1606 974 1627 natura:
988 1593 1010 1624 (ἶ

187 1646 291 1672 censeri
311 1646 414 1680 possint
433 1650 558 1672 creatura
578 1650 604 1672 et
622 1644 756 1671 Creatori
775 1651 820 1672 aut
839 1646 973 1680 quomodo

188 1699 240 1718 non
264 1691 352 1726 potius
374 1691 507 1718 immenso
530 1690 673 1717 intervallo
695 1691 900 1725 disiunguntur?
924 1692 973 1719 llic

187 1738 257 1764 enim
273 1742 315 1764 est
330 1744 410 1771 supra
424 1737 515 1763 omnia
529 1745 535 1764 :
551 1737 602 1763 hoc
615 1744 689 1767 vero,
705 1737 776 1763 inter
787 1738 888 1763 omnia.
903 1738 936 1764 At
951 1739 971 1765 si

187 1783 362 1814 existimant,
379 1784 465 1817 reipsa
482 1783 618 1811 Christum
634 1783 735 1817 aliquid
753 1785 894 1818 ignorare,
911 1792 973 1818 qna-

188 1834 266 1856 tenus
284 1833 325 1856 est
344 1828 430 1860 Deus,
448 1831 576 1856 aberrant
593 1837 607 1856 a
624 1837 722 1864 scopo,
738 1835 763 1857 et
782 1830 808 1856 in
828 1838 908 1864 rupes
927 1830 973 1856 im-

188 1875 318 1909 pingunt,
345 1880 425 1910 atque
449 1875 578 1908 adversus
603 1875 722 1902 divinam
750 1876 834 1909 ipsius
859 1876 971 1910 gloriam

186 1927 272 1948 cornu
291 1921 426 1947 attollunt.
446 1920 600 1947 Invenietur
614 1921 704 1952 enim.
722 1921 743 1947 si
762 1922 798 1947 ita
819 1929 850 1948 se
869 1930 911 1949 res
929 1922 973 1948 ha-

187 1966 263 1993 heret
285 1972 315 1992 ut
337 1966 384 2000 ipsi
408 1965 520 1997 dicunt,
546 1973 632 2000 neque
652 1967 839 1994 coessentiulis
859 1968 973 2002 amplius

188 2012 242 2039 Deo
259 2019 292 2039 ac
313 2011 385 2039 Patri
406 2011 501 2040 Filius.
521 2012 549 2039 Si
568 2013 639 2040 enim
661 2014 733 2040 novit
751 2014 860 2048 quidem
881 2013 970 2047 Pater,

187 2059 292 2093 ignorat
306 2063 393 2085 autem
409 2058 502 2091 Filius,
517 2065 633 2092 quonam
649 2063 727 2093 pacto
740 2059 850 2092 aequalis
864 2060 888 2086 ei
903 2060 967 2092 erit,

185 2104 242 2130 sive
263 2103 469 2131 cnessentialis?
489 2103 604 2136 Oportet
624 2104 695 2130 enim
719 2103 743 2130 id
758 2104 828 2137 quod
847 2104 964 2139 ignorat,

185 2150 274 2177 minus
293 2157 353 2177 esse
373 2157 452 2185 quam
473 2149 498 2176 id
516 2150 587 2184 quod
607 2151 698 2183 novit;
717 2150 796 2185 idque
816 2158 848 2177 eo
867 2156 909 2177 est
928 2152 971 2178 aln-

184 2197 306 2230 surdius,
325 2197 397 2232 quod
413 2197 558 2224 consilium
578 2204 608 2223 ac
627 2196 751 2224 voluntas
772 2197 818 2224 Dei
837 2203 863 2224 et
881 2197 969 2225 Patris

183 2247 295 2270 vocatus
312 2248 355 2270 est
372 2242 466 2270 Filius.
481 2243 563 2280 382
579 2242 677 2270 Paulus
695 2243 765 2270 enim
783 2244 816 2270 de
833 2244 890 2277 ipso
908 2245 944 2271 ait
962 2254 968 2271 :
985 2263 1007 2289 υ

185 2299 194 2316 ι
213 2289 263 2323 Qui
282 2289 370 2316 factus
384 2294 427 2317 est
443 2289 520 2316 nobis
536 2297 551 2315 a
568 2289 622 2316 Deo
640 2289 769 2324 sapientia
780 2289 813 2316 ".
832 2299 841 2315 ι
860 2288 892 2316 Ει
911 2298 968 2316 rur-

182 2341 228 2362 Sus
242 2344 249 2361 :
267 2343 276 2361 I
293 2333 322 2361 In
337 2342 392 2369 quo
409 2340 472 2362 sunt
487 2341 581 2361 omnes
596 2334 714 2361 thesauri
730 2334 868 2368 sapientia:
883 2341 910 2361 et
924 2343 969 2362 c0-

181 2381 311 2416 gnitiouis
326 2381 522 2408 absconditi".
542 2389 551 2405 ι
570 2380 641 2414 Quin
659 2384 684 2407 et
701 2380 808 2407 divinus
826 2381 907 2407 David
925 2388 969 2407 ca-

181 2428 220 2454 uit
241 2428 275 2454 ad
296 2427 432 2455 caelestem
453 2425 559 2453 Patrem
581 2433 613 2453 ac
635 2426 718 2454 Deum
740 2436 746 2453 τ
767 2435 777 2451 ι
802 2425 922 2458 Domine,
943 2426 968 2452 in

179 2472 318 2500 voluntate
336 2477 381 2499 tua
398 2472 532 2499 deduxisti
550 2479 593 2499 me
605 2471 642 2498 ":
666 2480 675 2498 ι
694 2471 859 2498 voluntatem
877 2471 968 2506 appel-

215 2550 238 2566 ¹⁶
249 2549 345 2578 Matth.
367 2558 440 2582 utr,
455 2550 506 2583 56;
522 2550 605 2578 Marc.
620 2558 680 2583 xm,
695 2549 739 2577 51.
779 2550 800 2566 ¹¹
819 2549 826 2577 l
843 2550 904 2577 Cor.
925 2557 940 2581 ι,
958 2550 1000 2576 50.

695 145 723 171 S.
745 144 882 172 CYltlLLl
905 143 1138 172 ALEXANDRINI
1155 143 1317 171 ARCIIIEP.‘

1769 142 1832 169 “00

1033 204 1158 239 δύναμιν,
1177 205 1194 238 ἥ
1208 203 1312 238 μεγάλη
1327 203 1371 230 καὶ
1392 202 1567 237 ἁξιὰγαστος,
1582 204 1622 229 ὅτι
1638 202 1669 229 τδ
1689 201 1832 238 δρώμενον

1033 249 1084 276 οὐκ
1101 249 1214 281 ἀπεικός
1234 251 1291 276 ἐστι
1312 250 1346 285 τῇ
1368 249 1427 284 θεία
1444 249 1518 284 δόξῃ.
1537 250 1574 276 Οὺ
1596 249 1651 285 γὰρ
1676 250 1719 276 ὅτι
1743 251 1831 276 πάντα

1031 295 1153 327 δύναται,
1169 295 1213 321 διὰ
1227 295 1306 322 τοῦτο
1324 296 1373 322 καὶ
1389 295 1445 322 τῶν
1469 296 1578 322 ἀτόπων
1601 296 1726 331 ἐργάτην
1752 297 1832 322 αὑτὸν

1031 341 1147 377 ὁρᾶσθαι
1163 342 1307 376 προσήκει.
1329 341 1491 376 Ἐννοοῦμεν
1516 342 1565 377 μὲν
1581 342 1635 378 γὰρ
1659 343 1703 369 ὅτι
1728 342 1832 369 ἄτοπόν

1031 389 1088 414 ἐστι
1101 388 1131 414 τὸ
1142 387 1233 422 λέγειν
1242 396 1248 403 ·
1268 388 1298 414 Εἰ
1311 388 1423 414 δύναται
1439 389 1452 414 ό
1465 388 1532 420 Θεὸς
1543 389 1639 416 ἑαυτὸν
1655 389 1774 424 ποιῆσαι
1792 390 1830 425 μὴ

1031 432 1100 459 εἶναι
1126 432 1211 465 Θεόν;
1242 433 1273 459 Εἰ
1292 432 1403 460 δύναται
1429 433 1524 459 ἑαυτὸν
1555 434 1667 469 ποιῆσαι
1690 435 1831 469 ἁμαρτίας

1030 479 1171 512 δεκτικόν;
1184 479 1215 505 Εἰ
1225 478 1336 505 δύναται
1345 479 1441 506 ἑαυτὸν
1451 479 1564 514 ποιῆσαι
1574 480 1613 516 μὴ
1628 478 1700 507 εἶναι
1711 480 1828 514 ἀγαθὸν,

1031 524 1047 558 ἢ
1065 525 1149 559 ζωὴν,
1175 524 1191 559 ἢ
1212 523 1332 556 ὁίκαιονς
1359 525 1406 550 Δεῖ
1418 525 1508 551 τοίνυν
1525 526 1607 552 παντὶ
1629 527 1828 562 παραιτεῖσθαι

1032 570 1120 596 σθένει
1137 569 1186 601 τὰς
1205 569 1322 601 ἀτόπους
1338 569 1408 596 οὕτω
1425 570 1480 597 τῶν
1496 572 1668 607 ἐρωτήσεων.
1686 573 1739 600 Διὰ
1757 573 1785 600 τί
1801 573 1829 599 δὲ

1030 616 1044 642 ὁ
1065 616 1131 647 Θεὸς
1147 615 1195 651 τὴν
1211 615 1399 651 πορνεύσασαν
1412 617 1442 642 οὺ
1451 616 1561 644 δύναται
1578 618 1693 653 ποιῆσαί
1707 627 1777 645 ποτε
1791 619 1830 654 μὴ

1035 660 1200 695 γεγενῆσθαι
1215 661 1335 696 πόρνην;
1355 661 1396 687 ὅτι
1421 661 1451 687 οὐ
1469 662 1500 688 τὸ
1516 661 1614 696 ψεῦδος
1629 662 1744 690 δύναται
1762 663 1829 698 ἀλή-

1025 706 1106 733 ’θειαν
1127 706 1250 742 ποιῆσαι.
1273 707 1328 733 Καὶ
1349 707 1399 734 οὐκ
1416 707 1558 739 ἀσθενείας
1579 707 1659 734 τοῦτο
1684 708 1827 744 ἔγκλημα.

1030 752 1099 778 ἀλλὰ
1115 752 1223 786 φύσεως
1247 752 1395 784 ἀπόδειξις,
1421 752 1452 779 οὗ
1473 761 1499 780 τι
1514 753 1610 781 παθεῖν
1624 754 1797 790 ἀνεχομένης
1813 755 1828 782 ὃ

1031 797 1069 833 μὴ
1080 798 1178 833 πρέπει
1194 798 1274 833 αὐτῇ.
1296 797 1448 834 Ἀλλότριον
1460 798 1489 825 δὲ
1501 799 1596 826 τοῦτου
1609 792 1710 835 ψεῦδος
1725 809 1827 827 παντε-

1028 841 1092 873 λῶς.
1112 842 1217 874 Ψεῦδος
1231 842 1259 868 δέ
1273 842 1331 868 ἐστι
1345 842 1375 869 τὸ
1389 842 1438 878 τὴν
1453 844 1641 879 πορνεύσασαν
1658 845 1776 881 ποιῆσαι
1788 846 1826 881 μὴ

1028 887 1176 922 πορνεῦσαι
1187 895 1262 914 ποτε.
1276 888 1324 914 Δεῖ
1336 887 1377 920 δὲ,
1393 887 1432 920 ὡς
1450 888 1530 924 ἔφην,
1555 890 1605 922 τὰς
1624 891 1737 926 εὐήθεις
1752 891 1826 918 οὓτω

1028 932 1083 959 τῶν
1101 933 1261 969 ἐρωτήσεων
1279 934 1328 961 καὶ
1351 935 1418 962 πολὺ
1436 934 1467 962 τὸ
1485 936 1586 964 ἄτοπον
1605 937 1737 972 ἐχούσας,
1757 937 1825 973 μηδὲ

1028 979 1189 1015 προσίεσθαι
1209 979 1258 1016 τὴν
1273 981 1372 1017 ἀρχήν.
1422 995 1428 997 ν

1344 1082 1424 1111 ΚΕΦ.
1450 1083 1499 1112 ΙΔ’.

1027 1138 1108 1178 Πρὸς
1126 1138 1198 1178 τοξις
1216 1138 1372 1178 λέγονςτας,
1395 1141 1439 1167 ὅτι
1455 1141 1654 1178 ἠγνόησενῖὸ
1677 1142 1748 1175 Υἱὸς
1764 1143 1822 1178 τὴν

1096 1174 1231 1208 ἐσχάτην
1250 1174 1374 1210 ἡμέραν,
1391 1174 1661 1212 κατὰΊΑτνν-οητῶν
1677 1174 1748 1213 (10).

1061 1229 1130 1256 Φασί
1149 1238 1181 1264 γε
1194 1229 1246 1266 μὴν
1259 1231 1307 1258 καὶ
1322 1231 1432 1266 ἐτέρους
1447 1231 1618 1265 ἀκούσαντας
1630 1233 1760 1268 λέγοντος
1769 1234 1819 1260 τοῦ

1026 1274 1161 1310 Χριστοῦ²
1193 1285 1202 1302 ι
1220 1277 1288 1312 Περὶ
1303 1277 1353 1312 τῆς
1367 1277 1475 1313 ἡμέρας
1494 1278 1603 1314 ἐκείνης
1625 1280 1641 1316 ἡ
1669 1280 1719 1316 τῆς
1743 1280 1821 1316 ὥρας

1026 1321 1113 1354 οὐδεὶς
1127 1319 1207 1354 οἶδεν,
1229 1323 1290 1350 οὐδὲ
1313 1325 1336 1350 ol
1354 1324 1466 1358 ἄγγελοι
1481 1324 1536 1352 τῶν
1559 1326 1694 1362 οὐρανῶν,
1722 1327 1785 1354 οὐδὲ
1807 1329 1821 1354 6

1026 1367 1100 1401 Υίδς,
1125 1369 1150 1395 εί
1167 1368 1204 1404 μὴ
1218 1370 1232 1395 6
1247 1370 1343 1406 Πατὴρ
1360 1370 1449 1405 μόνον,
1462 1380 1471 1396 ι
1493 1371 1584 1405 λέγειν
1609 1372 1820 1406 ἀσυνετώτατα,

1026 1413 1064 1449 μὴ
1077 1414 1177 1441 εἰδέναι
1191 1416 1260 1446 κατὰ
1273 1416 1401 1451 ἀλήθειαν
1412 1417 1457 1443 τὸν
1473 1418 1504 1444 ὲκ
1517 1418 1567 1452 τῆς
1581 1419 1674 1450 οὐσίας
1687 1419 1736 1446 τοῦ
1748 1419 1821 1446 Θεοῦ

1025 1459 1073 1485 καὶ
1088 1460 1195 1494 Πατρδς
1217 1461 1358 1496 πεφηνότα
1374 1462 1472 1496 Λόγον,
1491 1464 1561 1499 μήτε
1578 1465 1628 1500 τὴν
1641 1465 1725 1500 ὤραν,
1745 1467 1820 1500 μήτε

1024 1504 1074 1538 τὴν
1088 1505 1198 1540 ἡμέραν
1218 1505 1335 1542 ἐκείνην,
1355 1506 1398 1533 ἵνα
1406 1509 1463 1540 τοῖς
1477 1509 1603 1542 ἀγγέλοις
1620 1511 1819 1546 συντάττηται,

1026 1552 1072 1577 καὶ
1099 1552 1170 1578 κατὰ
1194 1552 1297 1588 μηδένα
1323 1554 1423 1590 τρόπον
1449 1555 1564 1591 διαφέρῃ
1591 1556 1645 1583 τῶν
1669 1557 1703 1584 δι’
1730 1558 1819 1585 αὑτοῦ

1025 1598 1188 1631 γεγονότων.
1215 1597 1282 1626 Εἶτα
1312 1600 1369 1632 πῶς
1391 1601 1420 1627 ἐν
1436 1601 1482 1638 ι’σῃ
1500 1601 1575 1634 τάξει
1602 1611 1632 1628 τε
1658 1604 1707 1630 καὶ
1733 1604 1820 1638 φύσει

1024 1645 1131 1679 ποίημα
1147 1645 1193 1671 καὶ
1207 1645 1342 1681 Ποιητής;
1369 1646 1430 1678 Πῶς
1450 1647 1478 1673 δὲ
1497 1649 1546 1674 οὐκ
1562 1648 1675 1684 ἄπειρον
1689 1649 1719 1675 τὸ
1733 1658 1819 1685 μεσοο

1023 1689 1141 1724 λαῆοὖν;
1168 1691 1197 1716 '0
1219 1692 1268 1726 μὲν
1284 1692 1338 1727 γάρ
1355 1693 1413 1718 ἐστι
1429 1693 1538 1719 πάντων
1552 1694 1682 1720 ἐπέκεινα
1695 1703 1702 1709 ·
1722 1695 1754 1721 τὸ
1773 1695 1818 1726 δὲ,

1023 1737 1053 1763 ἐν
1067 1738 1121 1764 τοῖς
1139 1738 1216 1764 πᾶσι.
1235 1737 1266 1763 Et
1283 1737 1311 1763 δὲ
1332 1738 1434 1764 οἴονται
1449 1738 1520 1765 κατὰ
1534 1739 1663 1774 ἀλήθειαν
1678 1741 1818 1776 ἠγνοηκέ-

1023 1791 1067 1810 vat
1091 1791 1118 1809 τι
1138 1783 1266 1818 Χριστὸν,
1286 1784 1348 1810 καθ’
1368 1783 1382 1810 ὃ
1404 1786 1503 1811 νοεῖται
1523 1785 1598 1818 Θεὸς,
1615 1786 1668 1819 ἔξω
1685 1787 1816 1822 φέρονται

1024 1828 1136 1859 σκοποῦ.
1157 1829 1204 1854 καὶ
1226 1829 1354 1864 τρέχουσι
1381 1828 1453 1856 κατὰ
1477 1830 1596 1866 πετρῶν,
1622 1831 1714 1858 καὶτὸ
1727 1832 1816 1867 κέρας

1023 1874 1158 1909 ἐγείρουσι
1178 1874 1249 1901 κατὰ
1265 1874 1315 1910 τῆς
1335 1874 1415 1910 δόξης
1429 1876 1523 1902 αὑτοῦ.
1543 1877 1730 1912 Εὑρεθὴσεται
1746 1879 1816 1914 γὰρ,

1022 1920 1055 1947 ἂν
1072 1920 1157 1951 οὕτως
1172 1920 1222 1956 ἔχῃ
1237 1920 1309 1947 καθά
1323 1929 1406 1954 φασιν
1428 1921 1516 1954 αὐτοὶ,
1539 1922 1600 1948 οὐδὲ
1615 1923 1759 1957 ὀμοούσιος
1774 1925 1815 1952 ἔτι

1021 1964 1061 2000 τῷ
1068 1964 1127 2000 Θεῷ
1139 1965 1187 1991 καὶ
1196 1965 1292 2000 Πατρί.
1308 1966 1339 1992 Εἰ
1356 1966 1410 2001 γὰρ
1425 1963 1494 1992 οἶδεν
1509 1968 1559 2004 μὲν
1571 1968 1585 1994 6
1602 1968 1707 2003 Πατὴρ,
1718 1969 1814 2002 ἀγνοεῖ

1021 2010 1050 2036 δὲ
1066 2011 1080 2036 6
1098 2010 1171 2042 Υἱὸς,
1200 2009 1259 2042 πῶς
1276 2011 1332 2041 Eoo;
1347 2010 1424 2037 ἔσται
1438 2011 1523 2046 αὐτῷ,
1543 2012 1628 2047 ἦγουν
1651 2013 1812 2048 όμοοόσιος;

1022 2056 1067 2081 Δεῖ
1077 2055 1130 2090 γὰρ
1147 2056 1255 2087 πάντως
1268 2057 1297 2082 ἐν
1311 2055 1416 2091 μείοσιν
1437 2056 1507 2084 εἶναι
1526 2058 1574 2085 τοῦ
1592 2059 1705 2092 εἰδότος,
1723 2060 1756 2086 τὸ
1773 2061 1812 2095 μὴ

1022 2101 1101 2133 εἶδός.
1117 2102 1172 2128 Καὶ
1195 2101 1225 2127 τὸ
1244 2101 1285 2129 ἐτι
1303 2102 1399 2130 τούτου
1414 2104 1652 2140 παραλογώτερον,
1669 2106 1752 2141 βουλὴ
1765 2106 1811 2133 τοῦ

1021 2147 1088 2174 Θεοῦ
1105 2148 1151 2174 καὶ
1169 2148 1273 2183 Πατρδς
1286 2147 1444 2184 ὠνόμασται
1455 2151 1468 2176 6
1483 2150 1556 2182 Υἱός.
1579 2150 1683 2182 Παῦλος
1698 2151 1748 2186 μὲν
1758 2151 1812 2186 γὰρ

1022 2193 1085 2228 περὶ
1109 2194 1192 2220 αὑτοῦ
1210 2193 1279 2229 ἔφη’
1309 2204 1318 2220 ι
1334 2195 1383 2225 Ὃς
1423 2195 1540 2231 ἐγενήθη
1568 2197 1634 2232 ἡμῖν
1660 2197 1715 2224 ἀπὸ
1741 2197 1810 2224 Θεοῦ

1022 2240 1113 2274 σοφία.
1129 2249 1138 2265 ι
1159 2240 1214 2266 Καὶ
1227 2240 1307 2267 πάλιν
1319 2249 1326 2256 ’
1343 2250 1352 2266 ι
1364 2241 1408 2268 Ἐν
1419 2238 1441 2275 ᾧ
1455 2243 1508 2269 εισι
1523 2243 1624 2274 πάντες
1635 2244 1660 2269 οἱ
1677 2244 1810 2280 θησαυροὶ

1021 2285 1069 2320 τῆς
1092 2285 1186 2319 σοφίας
1208 2285 1255 2312 καὶ
1278 2286 1405 2319 γνώσεως
1423 2287 1588 2322 ἀπόκρυφοι.
1604 2297 1612 2314 ι
1630 2288 1735 2315 Ψάλλει
1751 2289 1780 2316 δὲ
1797 2291 1810 2315 6

1021 2330 1165 2363 θεσπέσιος
1188 2331 1269 2358 Δαϐὶδ
1289 2333 1358 2367 πρὸς
1375 2333 1419 2359 τὸν
1437 2333 1466 2359 ὲν
1481 2334 1605 2368 οὐρανοῖς
1628 2335 1739 2369 Πατέρα
1764 2336 1809 2361 καὶ

1020 2377 1105 2403 Θεόν·
1135 2386 1144 2402 ι
1157 2377 1254 2413 Κύριε,
1280 2379 1308 2404 ὲν
1328 2380 1361 2414 τῇ
1379 2379 1461 2414 βουλῇ
1485 2387 1532 2405 σου
1559 2379 1705 2415 ὡδήγησὰς
1733 2389 1766 2415 με
1779 2390 1806 2406 ·ι

1021 2423 1118 2459 βουλὴν
1133 2423 1217 2450 αὺτοῦ
1229 2424 1316 2458 λέγων
1335 2425 1381 2451 τὸν
1396 2425 1424 2458 ἐξ
1436 2424 1519 2452 αὐτοῦ
1539 2427 1626 2460 φύντα
1642 2427 1716 2454 Υἱόν.
1744 2425 1807 2453 Εἶτα

1021 2469 1079 2501 πῶς
1093 2469 1123 2496 οὐ
1136 2469 1238 2503 γελοῖον
1251 2490 1258 2502 ,
1271 2471 1380 2504 ἀγνοεῖν
1399 2471 1503 2499 οἴεσοαί
1513 2480 1540 2499 τι
1554 2472 1608 2499 τῶν
1626 2473 1654 2499 ἐν
1669 2473 1708 2508 τῷ
1723 2474 1807 2508 Πατρὶ

1041 2551 1064 2566 ⁵³
1079 2550 1183 2578 Coloss.
1201 2558 1231 2583 tt,
1245 2550 1272 2577 5.
1311 2550 1335 2566 "
1347 2549 1418 2578 Psal.
1437 2558 1523 2583 Lntt,
1535 2550 1581 2578 24.

762 2627 838 2655 BON.
862 2627 1022 2655 VULCANll
1046 2627 1164 2655 NOTAE.

178 2705 288 2742 δυνατὰ,
309 2706 532 2742 ἀποκρινώμεθα,
556 2706 591 2733 τὰ
606 2707 745 2742 πρέποντα
765 2705 849 2740 αὐτῷ,
865 2706 911 2732 καὶ
926 2707 999 2732 πᾶσα

1020 2705 1118 2743 Risui
1128 2706 1268 2741 ἀνωφελὴς
1287 2707 1401 2743 ζήτησις
1433 2707 1550 2733 Δύναται
1565 2708 1615 2742 μὲν
1637 2708 1692 2743 γὰρ
1708 2708 1804 2741 πάντα,

181 2740 304 2775 βούλεται
322 2742 350 2778 δὲ
364 2740 399 2767 τὰ
420 2740 529 2776 ἄριστα.
548 2741 670 2778 Hocrest,
694 2740 723 2768 Si
743 2742 968 2778 interrogenturgi

1061 2742 1083 2778 id
1101 2741 1154 2768 Deo
1168 2746 1222 2778 unt
1236 2740 1381 2778 possibilia,
1399 2740 1602 2775 respondeamus
1618 2750 1627 2768 .'
1643 2740 1706 2778 ηιὶω
1722 2745 1804 2778 ipsum

178 2778 267 2811 decen!
281 2783 295 2811 ,1
305 2775 528 2810 simulque'outuia
547 2775 645 2803 inutilia
661 2777 771 2811 qua'uio
791 2776 909 2811 solt-itur.
932 2775 1018 2802 Ρόιρει
1043 2777 1110 2802 enim
1127 2777 1227 2807 omnia,
1248 2776 1300 2802 vult
1320 2782 1406 2802 autem
1428 2784 1486 2810 qum
1497 2783 1555 2802 sunt
1571 2775 1680 2809 Optimo.

177 2849 257 2878 optat.
275 2844 324 2870 117
337 2844 398 2871 libri
413 2845 501 2878 primi.

216 2809 271 2843 (id)
287 2809 357 2845 [item
385 2809 585 2845 argumentum,
612 2819 644 2837 an
668 2809 795 2838 Videlicet
823 2810 904 2838 Filius
922 2811 967 2838 Dei
993 2811 1124 2845 ignorarit
1151 2816 1302 2838 extremum
1322 2812 1404 2843 diem.
1434 2809 1533 2839 tractat
1563 2813 1624 2840 Isid.
1655 2813 1805 2843 l'elusiotu
