1883 3056
87 154 167 186 1105

591 155 776 187 ADVERSUS
795 157 1196 190 ANTHROI’OMOilPIlITAS.

1654 165 1724 193 ΗΜ

82 221 197 256 Κύριος
212 221 240 247 ἐν
255 215 433 255 κελεύσματι,
453 220 481 247 ὲν
496 220 572 256 φωνῇ
587 220 769 256 ἀρχαγγέλου,
786 222 832 248 καὶ
854 222 876 247 ὲκ

976 229 1041 251 voce
1052 223 1207 258 archangeli
1221 229 1249 252 et
1261 225 1287 252 iu
1308 224 1371 252 tuba
1385 223 1431 252 Dei
1441 224 1586 253 descendet
1598 225 1631 253 de
1644 227 1725 255 coelo.

85 267 230 300 σάλπιγγι
244 263 313 292 Θεοῦ
337 266 524 300 καταϐήσεται
547 267 594 293 ἀπ’
609 265 736 301 οὐρανοῦ.
757 266 885 294 Σαλπίσει

83 312 161 347 γὰρ,
180 311 227 338 καὶ
240 312 265 338 οἱ
278 311 371 346 νεκροὶ
391 311 420 337 ἐν
439 310 549 346 Χριστῷ
566 310 764 347 ἐγερθήσονται
780 311 888 351 ἄφθαρπ

81 366 145 385 τοι.
164 367 173 383 ι
189 356 274 383 Οὔπω
290 357 380 383 τοίνυν
398 356 428 388 ἐξ
452 356 569 391 οὐρανοῦ
593 355 814 391 καταϐεϐηκότος
838 353 900 392 τοῦᾌ

83 403 205 430 πάντων
221 402 334 438 Κριτοῦ,
353 401 445 437 οὐδὲή
469 402 524 428 τῶν
543 401 647 438 νεκρῶν
674 401 821 435 ἀνάστασις
840 403 886 437 γέ-

80 457 181 481 γονεν.
196 445 263 474 Εἶτα
292 447 351 478 πῶς
371 447 422 473 οὐκ
436 446 568 473 ἀπίθανον
583 448 695 480 ὲννοείν,
712 447 753 479 ὃτι
771 449 886 483 γέγονεν

82 494 142 529 ἥδη
156 493 228 520 τισὶν
242 493 423 524 ἀνταπόδοσις
435 493 452 528 ἢ
470 493 597 529 πονηρῶν
618 493 708 529 ἔργων
727 494 743 529 ῆ
755 494 883 529 ἁγαθῶν;

85 539 174 565 Ἔστι
188 539 278 566 τοίνυν
294 538 453 573 παραϐολῆς
475 539 576 574 τρόπος
593 539 709 571 ἀστείως
731 540 885 575 ἐσχηματι-

85 585 202 620 σμένος,
220 585 254 611 τά
267 593 296 611 τε
310 584 357 611 ἐπὶ
373 584 412 619 τῷ
431 584 549 619 πλουσίῳ
559 585 606 612 καὶ
622 585 661 620 τῷ
671 585 790 621 Λαζάρῳ
807 588 884 621 εἰρη-

87 631 163 666 μένα
176 631 250 667 παρὰ
264 632 285 658 Χ
290 630 476 667 ριστοῦ.“Εχει
489 631 518 658 δὲ
531 632 545 658 ὁ
565 631 653 666 λόγος,
669 632 707 664 ὡς
719 633 735 668 ὴ
750 632 884 668 Ἐὃραίων

82 677 144 713 ἔφη
163 677 325 713 παράδοσις,
347 677 474 712 Λάζαρον
493 675 564 704 εἷναί
588 686 649 704 τινα
666 679 727 705 κατ’
743 679 830 705 ἐκεῖνο
854 679 883 705 ὲν

81 725 148 756 τοῖς
169 723 368 759 Ἰεροσολύμοις
395 724 513 760 ἐσχάτην
540 724 671 752 νοσοῦντα
696 724 819 760 πτωχιαν
835 724 883 751 καὶ

81 769 259 805 ἀρρωστίαν,
274 766 304 795 οὗ
323 769 370 795 καὶ
387 768 432 796 τὸν
450 769 552 804 Κύριον
575 769 772 805 μνημονεῦσαι,
790 769 828 802 ὡς
842 771 883 802 εἰς

83 816 267 851 παράδειγμα
281 814 453 850 λαμϐάνοντα
470 816 516 842 καὶ
531 815 612 842 αὑτὸν
625 816 665 847 εἰς
676 815 882 850 ἐμφανεστέραν

83 860 138 887 τοῦ
155 860 235 895 λόγου
252 860 379 895 δήλωσιν.
397 860 480 887 Οὔπω
493 860 584 887 τοίνυν
607 860 638 893 ἐξ
652 860 768 896 οὐρανοῦ
796 869 881 887 κατα-

83 906 269 942 φοιτήσαντος
289 906 335 933 τοῦ
368 907 476 933 πάντων
500 907 627 942 Σωτῆρος
650 906 788 941 Χριστοῦ,
817 906 878 933 οὔτε

82 952 237 985 ἀνάστασις
256 952 378 987 γέγονεν,
392 951 453 979 οὔτε
470 951 597 988 πράξεως
617 952 751 984 ἀντίδοσις
766 952 879 987 ἠκολού-

85 998 158 1034 θησὲ
176 1007 258 1031 τισιν,
279 999 335 1025 ἀλλ’
349 999 386 1030 ὡς
401 999 430 1026 ἐν
450 998 548 1031 εἰκόνι,
562 1000 596 1034 τῇ
616 998 757 1034 παραϐολῇ
775 999 876 1035 γέγρα-

85 1053 157 1072 πται
170 1044 294 1077 πλούσιος
309 1046 353 1072 καὶ
370 1044 492 1081 τρυφῶν,
511 1044 557 1072 καὶ
574 1044 815 1081 ὰφιλοικτείρμων,
831 1045 878 1071 καὶ

84 1091 175 1126 πένης
191 1091 220 1117 ὲν
237 1091 389 1127 ἀρρωστίᾳ,
401 1091 445 1118 ἵνα
460 1090 555 1118 εἰδεῖεν
570 1091 594 1117 οι
609 1090 655 1117 τὸν
667 1090 715 1117 ἐπὶ
727 1091 778 1126 γῆς
797 1090 878 1117 πλοῦ-

84 1144 135 1164 τον
149 1137 267 1172 ἔχοντες,
276 1136 326 1170 ὡς,
337 1138 362 1163 ει
378 1137 416 1172 μὴ
433 1136 589 1172 βουληθεῖεν
605 1132 676 1163 εἶναι
698 1136 813 1172 χρηστοὶ
832 1137 878 1163 καὶ

83 1183 282 1219 εὐμετάδωτοι,
294 1183 341 1210 καὶ
359 1184 524 1216 κοινωνικοὶ,
544 1183 593 1210 καὶ
605 1184 668 1215 ταῖς
680 1183 735 1210 τῶν
753 1183 878 1218 πενήτων

83 1230 221 1263 ἀνάγκαις
232 1230 391 1266 ἐπικουρεῖν
405 1229 518 1263 ἕλοιντο,
533 1229 607 1265 δεινῇ
620 1229 666 1256 καί
684 1227 800 1264 ἀφύκτῳ
814 1227 878 1265 δίκῃ

84 1275 314 1310 πριπεσοῦνται.

386 1372 511 1401 ΚΕΦΑΛ.
533 1375 582 1401 lZ'.

84 1429 166 1465 Πρὸς
196 1430 267 1464 τοὺς
290 1430 451 1492 λέγονταὲ·
476 1430 542 1463 Πῶς
564 1430 715 1465 ἀσώματοι
742 1431 827 1465 ὄντες
849 1433 877 1459 οι

241 1465 381 1492 δαίμονες
390 1485 399 1492 .
432 1465 567 1492 μίγησαν
581 1465 701 1492 γυναιξί
709 1474 718 1492 :

241 1465 381 1500 δαίμονες
390 1485 399 1499 ,
416 1465 567 1501 ἐμίγησαν
581 1465 701 1501 γυναιξί
708 1474 718 1498 ;

129 1519 237 1556 Ἐπειδὴ
265 1521 294 1548 δέ
319 1520 395 1553 τινάς
421 1528 488 1557 φησι
519 1522 624 1556 λέγειν·
648 1522 712 1553 Πῶς
735 1522 876 1558 ἀσώματοι

83 1566 162 1599 ὄντες
179 1568 204 1593 oi
216 1567 329 1602 πονηροὶ
345 1566 482 1601 δαίμονες,
501 1566 718 1601 κεκοινωνήκασι
737 1565 875 1600 γυναιξίν·

936 269 1047 304 Clunget
1063 270 1134 298 enim
1163 270 1237 302 tuba,
1257 275 1284 298 et
1307 271 1406 298 mortui
1432 271 1458 298 in
1473 268 1582 298 Christo
1605 272 1724 299 suscita-

935 314 1036 342 buntur
1062 315 1209 350 incorrupti
1221 315 1255 345 ³⁸.
1277 326 1286 342 ι
1308 316 1374 344 Cum
1390 316 1471 351 igitur
1484 316 1603 344 nondum
1620 325 1636 344 e
1658 318 1728 345 caelo

935 359 1106 388 descenderit
1121 361 1307 389 universorum
1321 359 1416 392 Iudex,
1433 369 1467 389 ne
1482 363 1646 390 resurrectio
1663 364 1725 397 qni-

935 406 996 432 dem
1026 412 1193 434 mortuorum
1218 407 1288 434 facta
1321 411 1372 434 est.
1385 407 1525 439 Quomodo
1551 413 1641 435 autem
1672 416 1726 435 non

935 450 1082 478 absurdum
1097 451 1214 486 cogitatu
1228 449 1318 484 fuerit,
1330 451 1428 478 factam
1442 451 1498 485 jam
1513 458 1574 479 esse
1590 451 1726 487 aliquibus

933 500 982 522 aut
998 496 1129 523 bonorum
1143 501 1187 524 aut
1204 497 1336 523 malorum
1360 504 1473 531 operum
1493 497 1702 524 retributionem
1716 499 1726 525 2

935 541 982 568 Est
1002 541 1083 575 igitur
1099 541 1284 570 similitudinis
1301 543 1369 569 ratio
1392 541 1531 576 eleganter
1550 550 1679 577 expressa
1692 543 1723 571 iis

934 587 1024 615 verbis
1039 595 1100 622 qua:
1121 588 1154 615 de
1169 589 1252 616 divite
1267 595 1294 616 et
1309 588 1412 615 Lazaro
1428 596 1442 615 a
1462 589 1569 615 Christo
1585 589 1722 616 dicuntur.

934 631 1040 666 Fertur,
1062 639 1091 660 ut
1115 633 1218 661 Hebraei
1250 635 1372 664 tradunt.
1397 633 1530 661 Lazarum
1553 642 1615 662 esse
1627 642 1721 669 quem-

934 677 1013 711 dam,
1046 674 1129 713 38h.
1154 679 1198 712 qui
1229 683 1284 704 tum
1311 678 1442 711 temporis
1465 674 1660 712 Hierosolymis
1675 685 1720 704 ex-

934 728 1019 751 trema
1048 728 1207 758 paupertate
1240 723 1455 758 mgritmliueque
1481 723 1642 755 laborabat;
1676 729 1720 748 cu-

929 769 974 803 jus
999 769 1081 796 etiam
1113 769 1242 796 Dominus
1277 768 1440 800 meminerit.
1465 768 1546 795 veluti
1574 768 1599 794 in
1629 774 1721 794 exem-

933 814 1005 849 plum
1028 821 1181 849 preponens
1212 813 1299 848 ipsum
1329 813 1362 840 ad
1405 811 1623 840 manifestiorem
1657 812 1720 839 dicti

933 861 972 888 sui
1003 860 1223 894 explicationem.
1250 860 1317 886 Cum
1346 859 1438 893 itaque
1473 859 1591 885 nondum
1620 865 1635 884 e
1652 858 1720 885 coelo

933 906 1103 934 descenderit
1117 906 1238 933 omnium
1262 904 1389 932 Salvator
1420 903 1556 936 Christus,
1571 911 1659 937 neque
1682 910 1720 930 re-

932 952 1069 979 surrectio
1099 952 1207 986 quidem
1232 951 1301 977 facta
1315 955 1367 982 est,
1389 957 1476 981 neque
1504 949 1593 983 operis
1609 949 1720 983 alicujus

933 997 1136 1024 retributionem
1154 996 1236 1031 aliqui
1250 995 1386 1022 cottsecuti
1412 999 1494 1021 snnt:
1511 994 1559 1021 sed
1582 993 1666 1020 veluti
1694 994 1720 1020 in

932 1042 1047 1076 imagine
1071 1049 1120 1075 per
1139 1040 1295 1075 parabolam
1319 1039 1484 1066 describitur
1512 1038 1588 1066 dives
1611 1036 1718 1065 deliciis

930 1088 1053 1120 aﬂluens,
1075 1092 1102 1114 et
1125 1087 1333 1118 immisericors,
1355 1089 1383 1112 et
1410 1092 1512 1120 pauper
1535 1089 1664 1119 aegrotus,
1691 1086 1720 1110 ut

931 1133 1084 1167 intelligant
1099 1133 1116 1160 ii
1142 1133 1189 1167 qui
1217 1131 1319 1159 divitiis
1344 1131 1371 1158 in
1402 1135 1475 1157 terra
1501 1130 1652 1162 abundant,
1666 1128 1720 1157 sia

930 1180 1098 1216 benignitate
1121 1179 1297 1211 abhorreant,
1324 1183 1352 1206 et
1375 1177 1525 1206 liberaliter
1544 1181 1720 1212 prompteque

931 1226 1074 1262 impartiri,
1099 1229 1128 1253 ct
1154 1233 1302 1260 pauperum
1331 1223 1489 1252 necessitati
1512 1223 1656 1251 subvenire
1669 1229 1719 1250 no-

930 1270 1040 1304 iuerint,
1052 1271 1128 1306 gravi
1149 1277 1197 1299 eos
1221 1274 1304 1306 atque
1333 1269 1481 1307 inevitabili
1502 1268 1635 1304 supplicio
1660 1267 1719 1296 alii-

930 1317 1051 1345 ciendos.

1211 1370 1328 1399 CAPUT
1356 1370 1437 1399 XVII.

929 1427 1061 1455 Adversus
1074 1427 1190 1454 dicentes
1207 1434 1217 1453 ε
1237 1427 1297 1459 Quo
1310 1432 1387 1460 pacto
1399 1427 1541 1460 daemones,
1557 1435 1616 1454 cum
1630 1427 1718 1455 incor-

999 1463 1144 1496 poreisint,
1159 1470 1219 1489 cum
1239 1462 1394 1489 mulieribus
1417 1469 1471 1489 rem
1491 1462 1649 1489 habuerint?

965 1519 1188 1554 Quandoquidem
1195 1506 1260 1546 vero
1279 1519 1422 1547 nonnullos
1436 1519 1528 1547 dicere
1544 1519 1620 1547 aiunt
1633 1526 1641 1546 :
1656 1519 1717 1553 Quo

931 1569 1011 1600 pacto
1024 1565 1170 1597 daemones,
1185 1572 1246 1592 cum
1255 1565 1311 1593 sint
1322 1566 1487 1600 incorporei,
1503 1573 1560 1593 rem
1575 1565 1719 1594 habuerint

84 1612 115 1638 αἱ
126 1612 155 1638 δὲ
167 1612 196 1644 ἐξ
210 1611 299 1638 αὐτῶν
313 1611 462 1645 ἐγεννῶντο
471 1611 535 1643 τοὺς
555 1611 704 1645 γίγανταςς
726 1611 875 1644 ἀναγκαῖον

966 1619 991 1637 m
1008 1609 1182 1643 mulieribus,
1197 1617 1259 1645 qua:
1274 1610 1383 1645 quidem
1399 1617 1433 1638 ex
1450 1610 1516 1645 ipsis
1539 1615 1718 1645 procreari-tt

85 1656 161 1693 ἡμᾶς
175 1658 303 1694 καὶπρὸς
314 1658 393 1684 τοῦτο
408 1657 589 1693 ἐπιτροχάδην
604 1658 704 1689 εῑπεῐν,
723 1657 755 1683 οὐ
770 1657 809 1692 τῷ
825 1657 877 1692 μή-

85 1712 129 1731 κει
145 1704 202 1730 τῶν
222 1704 402 1740 διηγημάτων
423 1704 680 1738 συνεκτεινομένους
691 1724 699 1737 ,
716 1703 773 1730 ἀλλ’
794 1702 833 1735 ὡς
848 1704 878 1730 ὲν

85 1751 204 1786 ἐπιτομῇ
224 1750 274 1786 τὴν
284 1750 405 1778 διάνοιαν
418 1749 466 1777 τοῦ
484 1749 648 1785 πράγματος
666 1748 875 1785 ἐμφανίζοντας.

84 1795 184 1824 Τοίνυν
200 1797 267 1831 φασὶ
284 1796 356 1824 κατὰ
367 1796 431 1828 τοὺς
446 1795 550 1823 ἄνωθεν
563 1795 677 1830 καιροὺς
691 1794 751 1830 ἦτοι
765 1795 877 1830 χρόνους

85 1843 249 1879 διῃρεῖσθαι,
262 1842 326 1874 τούς
350 1851 380 1869 τε
404 1842 459 1870 ἀπὸ
483 1842 553 1869 Κάῖν
582 1839 656 1876 φημὶ
671 1841 718 1868 καὶ
734 1840 798 1873 τοὺς
823 1840 877 1867 ἀπὸ

91 1888 186 1922 Ἐνὼς,
201 1888 230 1921 ὃς
247 1889 290 1916 διὰ
308 1888 409 1924 πολλὴν
429 1888 500 1922 ἄγαν
520 1887 694 1922 δικαιοσύνην
717 1884 878 1922 ὠνόμασται

84 1935 162 1971 παρὰ
178 1936 234 1966 τοῖς
254 1934 285 1962 τὸ
307 1934 436 1970 τηνικάδε
453 1932 524 1966 θεός.
552 1943 562 1960 ι
578 1933 695 1961 Ἤλπισε
714 1933 780 1968 γὰρ,
797 1932 875 1968 φησὶ,

84 1980 274 2008 ἐπικαλεῖσθαι
284 1981 316 2008 τὸ
329 1981 414 2016 δνομα
427 1979 531 2016 Κυρίου
545 1979 593 2006 τοῦ
608 1979 675 2006 Θεοῦ
685 1978 769 2006 αὑτοῦ
782 1978 849 2014 (15).
863 1987 873 2004 ι

91 2027 163 2054 Ἀλλ’
186 2027 212 2054 οἱ
234 2027 283 2063 μὲν
308 2026 363 2054 ἀπὸ
379 2025 463 2058 Ἐνὼς
480 2026 634 2061 γεγονότες,
657 2024 823 2060 ἐπιμεληταὶ
838 2024 877 2051 δι-

84 2073 231 2109 καιοσύνης
253 2073 301 2100 καὶ
313 2072 423 2109 ἁπάσης
436 2072 629 2108 ἀγαθοεργίας,
642 2071 735 2107 ἠθεσιν
747 2071 876 2106 ἑπόμενοι

82 2121 140 2152 τοῖς
159 2119 207 2146 τοῦ
230 2120 347 2156 πατρός⁸
363 2119 391 2147 οἵ
403 2127 436 2153 γε
459 2119 513 2155 μὴν
530 2112 585 2146 ἀπὸ
600 2117 648 2145 τοῦ
674 2117 745 2144 Κάῖν
765 2116 876 2153 θρασεῖς

85 2167 133 2193 καὶ
157 2167 300 2202 ὲπάρατοι,
321 2166 370 2194 καὶ
384 2167 439 2193 πᾶν
459 2163 528 2197 εἶδος
563 2163 731 2200 φαυλότητος
757 2162 876 2198 ἑτοίμως

84 2213 290 2248 ἐπιτηδεύοντες
300 2221 307 2228 ·
324 2210 359 2248 ἦν
373 2212 428 2248 γὰρ
443 2210 536 2243 αὐτοῖς
547 2210 666 2240 τοιοῦτος
682 2209 731 2236 καὶ
742 2209 757 2235 ὸ
771 2209 874 2244 πατήρ.

85 2259 160 2290 Ἕως
187 2259 238 2294 μὲν
261 2256 308 2286 οὖν
329 2257 400 2295 ἦσαν
416 2257 541 2294 ἀλλήλοις
568 2257 673 2291 ἄμικτα
690 2255 726 2282 τὰ
742 2256 819 2291 γένη,
837 2255 876 2281 δι-

84 2289 204 2337 εσώζετο
221 2306 297 2340 παρὰ
312 2289 370 2337 τοὶς
389 2305 444 2331 ἀπὸ
463 2289 546 2335 ’ίζνὼς
568 2289 695 2337 γεγονόσι
709 2301 739 2328 τὸ
750 2289 873 2336 διαπρέ-
891 2289 913 2318 Ῑ)

86 2358 146 2377 πειν
163 2351 192 2378 ὲν
208 2350 309 2386 ἀρίστῃ
331 2349 399 2385 ζωῇ.
419 2349 529 2384 Ἐπειδὴ
548 2348 587 2381 δὲ,
608 2347 702 2384 φησιν,
719 2347 744 2374 ot
759 2346 812 2373 υἱοὶ
825 2345 873 2373 τοῦ

86 2395 281 2431 ἐπικληθέντος
304 2395 378 2429 θεοῦ,
397 2395 470 2423 τοῦτ’
495 2394 564 2428 ἔστι,
580 2394 627 2422 τοῦ
650 2393 744 2426 Ἐνὼς,
766 2394 817 2425 τὰς
841 2394 874 2420 ὲκ

85 2439 133 2469 τοῦ
152 2442 224 2470 Κάῖν
239 2442 394 2478 θυγατέρας
409 2441 550 2469 τεθέανται
563 2440 613 2476 (ἃς
635 2439 748 2467 καὶτῶν
766 2439 873 2474 ἀνθρώ-

88 2494 146 2515 πων
163 2486 242 2516 εἶπεν
257 2489 275 2524 ἡ
291 2488 388 2524 Γραφὴ
405 2487 581 2523 θυγατέρας),
599 2483 659 2513 εἷτα
680 2486 873 2522 προσεφθάρη-

125 2573 150 2592 ⁵⁸
165 2574 175 2603 Ι
188 2574 288 2604 Thess.
310 2583 346 2608 Iv,
362 2576 405 2603 l5.
444 2576 466 2591 ”
481 2575 550 2602 Gen.
568 2583 605 2607 tv,
619 2574 664 2602 26.

929 1655 1070 1691 gigantes!
1087 1660 1195 1690 oportet
1205 1663 1255 1684 nos
1268 1656 1350 1684 etiam
1361 1656 1394 1683 ad
1409 1656 1460 1684 hoc
1471 1655 1591 1684 breviter
1604 1663 1718 1690 respou-

930 1703 1005 1734 dere,
1035 1709 1088 1730 non
1119 1705 1202 1729 totam
1232 1701 1354 1730 historiae
1380 1701 1478 1729 seriem
1508 1707 1716 1737 persequentes,

928 1748 975 1776 sed
1000 1747 1039 1776 rei
1066 1746 1152 1781 ipsius
1180 1755 1291 1775 sensum
1312 1747 1505 1783 compendiose
1526 1748 1710 1776 deelarantes.

928 1794 1013 1821 Aiunt
1043 1793 1137 1828 igitur,
1152 1793 1250 1829 primis
1277 1793 1333 1822 illis
1355 1794 1462 1822 saeculis
1476 1794 1535 1822 sive
1550 1794 1718 1829 temporibus

928 1841 1083 1868 distinctam
1098 1840 1181 1869 fuisse
1197 1840 1354 1876 progeniem
1367 1839 1435 1868 Cain
1449 1848 1465 1867 a
1480 1841 1610 1876 progenie
1632 1840 1720 1872 Enos,‘

928 1888 973 1922 qui
991 1886 1026 1914 ob
1044 1886 1171 1914 eximiam
1185 1886 1320 1920 justitiam
1335 1890 1449 1914 vocatus
1463 1890 1506 1914 est
1514 1887 1550 1914 ab
1562 1885 1636 1913 illius
1647 1890 1716 1913 tem-

928 1932 1002 1968 poris
1014 1932 1168 1960 hominibus
1183 1931 1260 1959 deus.
1276 1941 1286 1958 ι
1302 1931 1430 1967 Speravit
1450 1931 1534 1965 enim,
1558 1931 1657 1966 inquit,
1670 1938 1717 1959 vo-

927 1979 984 2006 cari
1001 1978 1110 2006 nemine
1125 1976 1172 2006 Dei
1188 1978 1229 2005 sui
1240 1978 1274 2004 ".
1292 1986 1302 2004 ι
1323 1977 1429 2006 Posteri
1449 1978 1540 2012 itaque
1559 1977 1632 2005 Enos
1654 1985 1715 2004 cum

927 2024 1140 2058 essentjustitiaa
1153 2024 1286 2056 cultores,
1304 2024 1447 2059 omnisque
1466 2023 1611 2058 probitatis
1623 2028 1714 2050 secta—

917 2075 1011 2103 ‘tores,
1036 2070 1122 2104 patris
1143 2077 1233 2098 mores
1258 2069 1423 2102 referebant,
1453 2069 1565 2104 ejusque
1593 2069 1716 2105 vestigiis

927 2116 1089 2144 insistebant
1101 2125 1109 2144 :
1120 2115 1222 2151 posteri
1238 2123 1303 2143 vero
1329 2114 1396 2143 Cain
1413 2115 1520 2143 feroces
1540 2120 1621 2150 atquc
1637 2122 1716 2142 exse-

927 2163 1054 2197 crabiles,
1069 2163 1171 2191 nullum
1190 2163 1333 2198 pravitatis
1347 2170 1431 2198 genus
1452 2163 1714 2198 praetermittebant;

929 2209 989 2236 talis
1014 2214 1103 2237 autem
1129 2209 1218 2238 fuerat
1247 2209 1329 2237 etiam
1354 2216 1448 2238 eorum
1476 2213 1562 2244 pater.
1591 2208 1715 2242 Quandiu

928 2255 1011 2290 igitur
1025 2257 1095 2283 inter
1120 2262 1151 2283 se
1180 2255 1321 2290 progenies
1345 2255 1432 2283 mistsn
1455 2262 1510 2282 non
1532 2254 1652 2287 luerunt,
1665 2261 1715 2289 po-

927 2302 992 2329 steri
1008 2301 1081 2329 Enos
1095 2301 1456 2336 optimmlaudatissimaeque
1471 2300 1533 2328 vita;
1544 2299 1715 2335 splendorem

927 2347 1063 2382 integrum
1089 2353 1295 2376 conservorum.
1318 2347 1463 2382 Postquam
1487 2352 1588 2379 autem,
1615 2346 1714 2381 inquit,

928 2393 976 2420 lilii
997 2393 1067 2428 ejus,
1085 2394 1128 2421 cui
1147 2394 1198 2421 deo
1227 2401 1376 2428 cognomen
1399 2397 1469 2425 erat,
1482 2393 1533 2420 hoc
1558 2396 1609 2425 est,
1631 2391 1714 2423 Eoos.

928 2439 1033 2466 filiabus
1056 2439 1122 2467 Cain
1147 2439 1255 2466 oculum
1274 2438 1529 2474 adjeceruut(quas
1540 2438 1623 2465 etiam
1639 2437 1716 2465 Scri-

927 2490 1005 2519 ptura
1027 2484 1095 2512 tilias
1111 2485 1249 2512 hominum
1278 2484 1416 2520 appellat),
1442 2484 1569 2519 deinceps
1594 2490 1642 2511 eas
1670 2482 1716 2510 de-

685 2653 763 2681 DON.
787 2649 948 2680 VULCANH
968 2650 1082 2680 ΝΟΤΑῚ.

121 2735 182 2778 (‘3).
197 2735 395 2778 ῗξιλπεσεατὶρ
414 2733 876 2778 éﬁ‘”“¢‘§‘_."_q?‘.,._“i.,‘§i‘il"i’9?“

965 2732 980 2759 ὖ
999 2731 1072 2778 ρξοῦ
1091 2731 1193 2778 αὐτοῦἶ
1214 2730 1328 2778 (ἔνι-ἰιιτιρ
1341 2730 1423 2778 (ιἰξὶρὶι
1439 2731 1526 2778 quael-'5
1536 2731 1651 2778 ’noniine
1668 2730 1714 2770 Dei

91 2765 142 2800 sui.
161 2765 224 2798 Vult
243 2771 314 2797 enim
332 2765 418 2804 ipsimi
436 2770 507 2796 Enus
525 2775 650 2796 vocatum
667 2765 750 2795 luisse
764 2765 855 2798 uentu,
869 2769 983 2804 ejusque
999 2767 1067 2794 ﬁlius
1084 2773 1117 2804 et
1136 2765 1356 2804 posterosjilios
1372 2766 1426 2793 Dei.
1447 2766 1575 2804 ln_hujus
1588 2765 1649 2804 ‘loci
1669 2766 1711 2792 iu-

94 2806 286 2841 terpretaliione
311 2801 409 2841 mirum
431 2805 458 2841 in
475 2805 584 2841 modum
607 2804 714 2830 variant
733 2801 1030 2841 interpretes_.__Vulgata
1050 2803 1137 2841 versit)
1160 2801 1251 2833 habet.
1271 2801 1389 2841 corpiunt
1413 2805 1452 2828 est
1478 2801 1713 2841 innocorihnomen

96 2835 207 2869 Domini.
226 2840 310 2872 Nova,
327 2839 379 2866 late
394 2840 468 2874 capit
487 2839 606 2867 invocare
629 2846 722 2866 nomen
737 2838 857 2870 Domini;
873 2837 918 2865 alii
932 2835 1049 2869 vertunt,
1060 2837 1176 2871 Cmptum
1194 2841 1230 2863 est
1245 2836 1383 2871 profanan’
1399 2845 1492 2863 nomen
1512 2836 1570 2864 Dei.
1591 2835 1629 2863 De
1649 2836 1711 2869 qui-

93 2879 140 2906 bus
151 2876 273 2913 judicent
285 2875 430 2904 doctiores.
