1883 3056
192 187 259 215 “07

683 190 713 217 ὃ.
733 190 870 218 CYRILLI
890 190 1123 219 ALEXANDRINI
1143 190 1301 220 ARCHIEP.

1758 188 1822 216 {TIS

188 244 336 276 perierunt,
349 243 525 278 turpibusquc
546 243 690 272 desideriis
718 246 930 278 succubuerunt,
948 254 960 273 ε

1053 257 1075 274 ιν
1098 249 1204 282 αὑταῖς,
1231 249 1278 276 καὶ
1297 249 1424 284 γεγόνασι
1448 248 1546 284 ἥττους
1568 247 1696 283 αῐσχρῶν
1723 247 1823 275 ἐπιθυο

186 289 219 313 ad
253 287 358 314 illarunt
382 295 471 315 mores
499 288 680 317 desciverunt.
698 289 854 327 Indignatus
882 298 972 319 autem

187 333 268 364 Deus,
284 332 372 359 cﬂ'ecit
394 337 426 360 ut
452 334 578 362 mulieres
601 335 682 371 385
703 337 738 364 ab
749 338 789 364 eis
804 343 919 373 acceptae
930 338 976 365 de-

187 378 282 404 I‘urmia
311 383 431 406 monstra
457 385 677 415 parerent;qua:
691 386 719 409 et
739 382 862 418 gigantes
889 383 976 410 uomi-

185 428 295 454 narunt.
312 424 346 450 ob
361 432 465 451 mnrttnt
479 425 575 460 quibus
592 427 696 461 praediti
707 433 787 456 erant
799 429 974 463 asperitatem

184 473 210 494 et
226 468 431 503 turpitudittem,
454 470 707 507 implacabilentque
728 472 909 501 ferocitatem.
923 475 974 507 Qui

185 513 276 548 itaque
294 521 353 549 post
367 515 541 551 Septuaginta
568 518 742 550 exstiterunt,
762 524 879 554 quatuor
892 520 975 548 inter-

185 565 285 591 pretes,
314 561 384 587 hunc
406 560 495 588 locum
518 562 694 597 explicantes,
712 571 764 591 non
783 565 970 599 scripserunt-‘

185 603 244 631 Filii
259 605 304 632 Dei
325 606 445 634 videntes
470 606 540 634 ﬁlias
566 607 704 635 hominum
724 617 731 635 :
758 609 804 637 sed
817 609 843 636 hi
853 609 973 643 quidem,

183 648 479 684 Ριιίίδυναστευόντων,
495 652 522 680 id
540 658 592 685 est,
612 655 816 688 prmpotentiuut
831 655 877 688 ;hi
899 662 972 688 vero,

185 694 243 722 Filii
267 696 415 729 δυναστῶν,
442 697 494 726 hoc
518 703 571 730 est,
596 699 771 734 dynastarum
797 700 855 728 sive
871 701 974 735 princi-

185 747 256 774 pum.
274 740 392 768 Stultum
403 747 492 769 autem
504 748 545 770 est
556 743 723 778 existimare,
738 745 874 773 daemones
885 745 974 774 incor-

184 793 279 820 porcos
293 787 414 820 corporis
425 788 513 815 tttunia
528 790 639 824 exsequi
655 797 744 823 posse.
759 790 885 825 quodque
896 798 911 818 a
924 799 973 818 na-

186 837 243 858 tura
261 840 308 859 suzt
329 832 446 859 alienum
456 839 497 860 est
512 833 729 869 eilicere.Neque
740 835 811 863 enim
825 837 972 870 quidquam

184 884 276 904 eorum
294 885 353 912 qua:
364 879 390 904 itt
410 886 500 906 rerum
517 885 613 906 natura
627 881 773 914 exsistunt,
787 881 888 916 aliquid
905 889 973 916 pra:-

1027 293 1108 328 μιῶν,
1125 295 1172 320 καὶ
1189 295 1229 327 είς
1248 295 1282 322 τὰ
1299 295 1411 322 ἐκείνων
1426 295 1478 330 ἢθη
1494 294 1722 330 μετετράπησαν.
1745 293 1823 327 Ἀγαυ

1026 339 1166 374 νακτήσας
1189 340 1218 366 δὲ
1235 340 1249 366 ό
1273 340 1350 373 Θεὸς,
1370 339 1563 375 παρεσκεύασε
1586 338 1637 370 τὰς
1660 337 1823 374 αἱρεθείσας

1026 385 1160 417 γυναῖκας
1177 386 1243 420 παρ’
1272 385 1362 412 αὐτῶν
1379 385 1488 420 δυσειδῆ
1512 385 1616 411 τίκτειν
1639 385 1758 419 τέρατα,
1775 383 1823 414 οὓς

1025 429 1073 455 καὶ
1100 429 1214 456 ἐκάλουν
1238 430 1381 464 γίγαντας,
1398 430 1442 457 διὰ
1464 430 1494 456 τὸ
1510 429 1630 465 εἰδεχθὲς
1650 429 1700 455 καὶ
1715 428 1823 463 ἀπηνὲς

1025 473 1079 500 τῶν
1090 474 1210 509 τρόπων,
1236 475 1283 501 καὶ
1297 475 1328 501 τὸ
1350 475 1489 510 ἀνήμερον
1512 474 1622 510 θράσος.
1640 474 1697 501 Καὶ
1713 473 1782 508 γοῦν
1798 474 1822 500 οἱ

1024 519 1096 552 μετὰ
1111 520 1175 551 τοὺς
1193 519 1395 555 Ἐὄδομήκοντα
1412 519 1554 554 γεγονότες
1569 519 1744 554 ὲρμηνευταὶ
1758 518 1823 544 τέσ-

1028 573 1119 600 σαρες,
1129 565 1165 592 τὰ
1185 565 1250 601 περὶ
1265 565 1360 592 τοῦτον
1375 566 1423 593 τὸν
1437 566 1518 592 τόπον
1539 565 1703 596 ἐκδιδόντες,
1720 564 1753 590 οὐ
1776 571 1822 596 γε-

1024 612 1208 646 γράφασινὸτι
1224 621 1233 638 ι
1247 612 1279 638 0!
1294 612 1346 638 υἱοὶ
1359 611 1405 638 τοῦ
1415 611 1484 638 Θεοῦ
1491 611 1590 642 ἰδόντες
1604 611 1652 642 τὰς
1662 609 1823 643 θυγατέρας

1024 658 1078 684 τῶν
1087 658 1134 684 ἀνθ
1138 657 1248 693 ρώπων,
1255 667 1263 683 ι
1272 657 1331 685 ἀλλ’
1341 659 1365 684 οἱ
1375 658 1435 693 μὲν,
1452 667 1461 683 ι
1476 657 1536 684 Υἱοὶ
1547 657 1601 683 τῶν
1609 655 1823 682 δυναστευόν-

1024 712 1093 736 των,
1113 713 1122 729 ι
1137 704 1161 730 οἱ
1171 703 1210 736 δὲ,
1227 713 1236 729 t
1258 703 1317 730 Υἱοὶ
1331 703 1385 730 τῶν
1397 702 1565 730 δυναστῶν.
1589 712 1599 728 ν
1634 701 1783 728 ’Δσύνετον
1792 700 1820 726 δὲ

1024 749 1127 777 οἴεσθαι
1149 750 1211 781 τοὺς
1217 749 1379 784 ἀσωμάτους
1387 748 1516 784 δαίμονας
1527 748 1657 775 δύνασθαι
1669 747 1706 773 τά
1723 746 1821 781 σωμά-

1024 805 1078 822 των
1095 796 1225 831 ἐνεργεῖν,
1251 794 1346 822 καὶτὸ
1370 794 1446 830 παρὰ
1463 793 1543 829 φύσιν
1573 793 1642 820 ίδίαν
1669 791 1818 818 ἐπιτελεῖν.

1026 842 1108 868 Οὐδὲν
1116 841 1171 877 γὰρ
1180 841 1233 867 τῶν
1244 840 1328 867 ὄντων
1336 840 1445 867 δύναται
1452 839 1481 866 τὸ
1491 838 1566 874 παρὰ
1576 838 1657 873 φύσιν
1663 838 1745 873 δρᾷν.
1761 837 1820 864 ἀλλ’

1025 889 1138 914 ἕκαστον
1158 887 1196 918 ὼς
1218 886 1341 921 γέγονεν,
1360 885 1431 912 οὕτω
1452 885 1546 920 μένει,
1568 884 1646 917 τάξιν
1671 883 1818 918 ὁρίσαντος

186 930 226 956 ιεν
239 929 316 950 suam
327 929 452 951 naturam
477 930 606 959 praestare
622 930 721 960 potest,
733 926 780 954 sed
806 926 960 961 unumquod

1053 933 1213 971 :dcmpﬁeoﬁ
1223 941 1229 948 '
1243 932 1325 964 αὐτὸς
1337 933 1391 969 γάρ
1402 933 1459 958 ἐστι
1473 933 1487 959 ό
1501 931 1607 959 πάντων
1620 929 1819 965 γενεσιουργδς

183 974 236 1001 que
255 973 284 994 ut
315 968 413 996 factum
429 974 484 1002 est,
502 970 537 996 ita
562 975 750 1003 manet,suum
766 972 863 1006 cuique
877 979 975 999 tnunus

184 1014 374 1046 praescribente
391 1014 455 1042 Deo.
468 1014 526 1049 Ipse
546 1015 618 1042 enim
635 1020 678 1043 est
692 1020 786 1043 auctor
799 1024 830 1044 ac
845 1017 974 1045 Dominus

182 1058 302 1084 omnium
328 1063 414 1091 ortus.
430 1059 506 1092 cujus
545 1066 608 1087 nuttt
636 1067 718 1096 atque
748 1062 861 1089 arbitrio
876 1070 972 1089 unum-

183 1105 308 1139 quodqtte
336 1112 430 1132 eorum
456 1113 515 1141 quae
531 1111 604 1138 sunt,
618 1112 660 1134 est
676 1108 702 1134 id
721 1108 791 1142 quod
807 1113 858 1135 est.
875 1107 971 1135 Scien-

183 1151 245 1176 dum
257 1157 320 1177 vero
328 1155 368 1178 est
381 1151 463 1178 etiam
473 1152 523 1179 hoc
533 1154 667 1187 :quaadaut
678 1153 842 1187 exemplaria
854 1153 969 1181 habere:

185 1205 194 1219 ι
230 1195 356 1223 Videutes
387 1197 474 1231 angeli
512 1197 557 1225 Dei
585 1198 654 1226 ﬁlias
689 1199 838 1226 hominum.
870 1208 880 1224 ι
907 1199 971 1227 Haec

182 1246 270 1268 autem
285 1241 424 1269 adnotatio
446 1247 497 1274 est,
517 1244 550 1270 ad
566 1245 730 1271 exteriorem
745 1245 894 1278 marginem
920 1252 970 1279 po-

182 1286 244 1312 sita.
258 1284 324 1313 Vera
346 1292 435 1314 autent
452 1295 484 1315 ac
507 1288 624 1323 genuina
644 1289 722 1316 lectio
746 1294 798 1322 est.
816 1299 825 1315 ι
842 1288 971 1318 Videntes

182 1330 229 1358 ﬁlii
244 1331 290 1358 Dei
309 1332 378 1360 lilias
392 1333 542 1360 hominum.
558 1343 567 1359 ι

464 1389 578 1418 CAPUT
590 1390 682 1419 XVIII.

183 1445 313 1484 Aduersus
329 1446 455 1484 (liventes,
471 1445 570 1484 Filium
583 1448 699 1482 quidem,
713 1450 800 1483 quoad
812 1449 967 1484 dignitatem

215 1482 373 1511 divinitatis.
388 1482 505 1515 udl'uiue
524 1482 598 1509 Patri
614 1485 718 1517 quando
731 1483 816 1518 factus
826 1482 864 1511 es!
878 1486 966 1517 homo,

192 1526 194 1530 τ
212 1521 237 1542 et
255 1521 312 1542 erat
327 1517 353 1542 in
374 1518 450 1544 terris
468 1525 477 1543 :
494 1520 637 1544 secundum
661 1518 822 1553 hypouatim
837 1528 906 1554 vero,
922 1529 967 1547 ne-

215 1559 358 1586 quaquam.

1026 980 1073 1006 καὶ
1084 979 1195 1015 Κύριος,
1207 987 1237 1006 ου
1252 980 1308 1010 τοῖς
1321 979 1435 1014 νεύμασι
1447 979 1561 1005 ἕκαστον
1575 977 1629 1004 τῶν
1643 977 1733 1003 ὄντων
1745 976 1819 1002 ἐστὶν

1024 1025 1038 1051 ὃ
1051 1025 1134 1051 ἐστιν.
1155 1023 1253 1050 Ἰστέον
1264 1023 1292 1050 δὲ
1308 1023 1376 1058 πρὸς
1391 1022 1471 1049 τοῦτο
1485 1023 1611 1050 κάκεῖνο·
1626 1021 1686 1057 ἔχει
1700 1021 1752 1056 μὲν
1764 1020 1817 1055 γάρ

1023 1079 1083 1096 τινα
1099 1070 1152 1097 τῶν
1170 1070 1356 1106 ἀντιγράφων,
1372 1070 1413 1096 ὅτι
1432 1079 1442 1095 t
1457 1069 1568 1101 Ἰδόντες
1582 1069 1606 1096 οἱ
1629 1068 1748 1102 ἄγγελοι
1771 1066 1816 1093 τοῦ

1022 1116 1090 1143 Θεοῦ
1109 1117 1158 1148 τὰς
1175 1116 1329 1151 θυγατέρας
1352 1115 1406 1142 τῶν
1431 1115 1592 1151 ἀνθρώπων.
1608 1125 1617 1141 ι
1637 1112 1817 1149 Παραγραφὴ

1021 1163 1049 1190 δέ
1067 1163 1141 1189 ἐστιν
1162 1162 1262 1194 ἔξωθεν
1286 1162 1432 1198 τιθεμένη·
1454 1162 1485 1189 τὸ
1508 1162 1562 1197 γὰρ
1587 1161 1692 1196 ἀληθές
1719 1161 1814 1192 ἐστιν,

1025 1219 1034 1234 ‹
1054 1208 1164 1240 Ἰδόντες
1178 1209 1202 1235 οἱ
1226 1209 1279 1235 υἱοὶ
1302 1208 1349 1235 τοῦ
1365 1207 1434 1235 Θεοῦ
1453 1207 1502 1240 τὰς
1517 1206 1671 1242 θυγατέρας
1694 1206 1754 1233 τῶν
1771 1206 1816 1232 άν-

1021 1253 1148 1288 θρώπων.
1168 1263 1176 1279 t

1315 1399 1439 1427 ΚΕΦᾹΛ.
1457 1400 1511 1426 III’.

1019 1456 1105 1495 Πρρς.
1124 1456 1196 1495 τοὺς
1214 1456 1369 1495 λέγοντας,
1392 1457 1436 1483 ὅτι
1455 1458 1472 1495 (ξ
1487 1455 1565 1495 Υἱὸς,
1576 1455 1661 1495 κατὰ.
1671 1455 1734 1495 μέν
1757 1454 1816 1495 τὴιν

1053 1491 1143 1524 ἀξίαν
1159 1491 1215 1524 τῆς
1236 1490 1374 1525 θεότητος
1393 1490 1493 1524 συνῆν
1510 1490 1550 1522 τῷ
1572 1490 1674 1523 Harp),
1694 1490 1746 1516 ὅτε
1765 1490 1814 1524 γέ-

1053 1526 1326 1562 γονετνᾶνθρωπος,
1341 1528 1389 1554 καὶ
1403 1525 1441 1562 ἦν
1449 1527 1497 1553 ἐπὶ
1515 1525 1583 1561 Τῆς·
1597 1527 1662 1553 καθ’
1675 1526 1813 1553 ὑπόαπ-Ρ

1054 1570 1107 1588 σιν
1124 1561 1168 1593 δὲ,
1182 1563 1239 1588 οὐκ
1255 1562 1308 1589 ἔτι.

215 1608 302 1634 Audio
323 1609 454 1643 quosdam
480 1609 624 1637 tettterarie
645 1615 727 1645 atque
763 1611 959 1640 inconsiderati

1053 1618 1189 1645 Μανθάνω
1211 1618 1286 1649 τινὰς
1310 1618 1371 1653 εἰκη
1396 1619 1443 1645 καὶ
1465 1617 1677 1653 ἀπερισκέπτως
1701 1618 1750 1643 καὶ
1766 1618 1813 1643 ἐπὶ

179 1654 260 1680 etiam
276 1653 301 1680 itt
320 1655 423 1688 magnis
438 1654 559 1690 adeoque
573 1657 699 1689 gravibus
715 1657 794 1684 rebus
822 1663 964 1692 litigantes,

180 1697 333 1732 Itujusntodi
352 1699 488 1732 quidpiam
504 1707 646 1728 asserere:
660 1701 828 1736 unigenitum
853 1702 899 1729 Dci
920 1703 966 1730 Fi-

179 1743 245 1770 lium
261 1743 338 1776 juxta
353 1744 511 1778 dignitatem
525 1745 633 1779 quidem
654 1746 763 1774 deitatis
776 1752 856 1780 atque
872 1755 964 1774 essen-

181 1790 236 1822 tiae,
252 1789 372 1818 adfuisse
389 1790 473 1822 Patri,
492 1791 599 1825 quando
618 1792 644 1818 in
664 1793 744 1820 terris
770 1794 834 1829 egit,
849 1802 965 1829 cuutqtte

181 1835 333 1863 hominibus
359 1841 484 1864 versatus
507 1841 567 1870 est,
583 1839 681 1873 quippe
705 1840 750 1873 qui
779 1841 966 1868 coessentialis

180 1881 253 1909 Patri
265 1882 508 1918 sitxltypostaseos
536 1889 626 1911 autem
654 1885 765 1918 ratione,
785 1894 963 1920 nequaquam.

181 1925 322 1953 Exinanita
343 1928 415 1954 enim
441 1933 494 1959 est,
509 1933 537 1955 ut
563 1928 611 1964 ipsi
641 1929 743 1962 dicunt,
758 1931 846 1957 omnis
875 1931 964 1958 ﬁlialis

181 1973 333 2006 Itypostasis
359 1979 392 2000 ex
418 1973 497 2006 caelo,
525 1978 552 2001 et
573 1982 606 2002 ex
635 1980 749 2009 paterno
775 1976 846 2002 sitm.
873 1975 964 2011 Neque

179 2018 250 2044 enim
266 2017 413 2052 copulanda
428 2025 470 2046 est
488 2019 639 2054 hypostasis
661 2021 807 2055 hypostasi,
824 2029 910 2056 neque
925 2030 965 2050 ea:

179 2070 238 2096 quae
250 2061 276 2089 itt
297 2070 349 2089 una
363 2063 510 2097 eademque
526 2064 642 2091 essentia
662 2066 806 2092 exsistunt.
827 2065 883 2100 Ego
900 2073 964 2093 vero

178 2109 343 2143 pracipitem
369 2109 475 2136 illorunt
491 2111 536 2145 qui
559 2110 595 2137 ita
612 2112 733 2138 sentiunt
757 2113 893 2140 inscitiam
916 2114 964 2141 ad-

179 2155 302 2187 miratus,
315 2155 364 2182 Itot‘
379 2156 532 2183 necessario
545 2157 690 2184 dicendum
712 2158 875 2190 existimavi,
891 2161 963 2194 quod

177 2202 302 2228 essentia:
318 2200 362 2228 Dei
377 2202 513 2235 quantitas
526 2202 559 2229 ab
581 2202 645 2236 ipsis
657 2203 822 2236 attribuitur,
837 2205 963 2240 quodque

178 2246 448 2280 contprehensibilem
464 2255 496 2274 ac
519 2249 688 2276 terminatam
715 2256 776 2276 eam
791 2255 923 2284 statuunt,
935 2257 963 2279 et

179 2300 230 2318 non
246 2292 363 2327 atttplius
388 2293 443 2327 jam
472 2294 683 2328 interminatam,
701 2303 788 2331 neque
811 2297 963 2331 incompre-

178 2339 345 2370 hensibilcm.
359 2341 406 2368 sed
414 2341 536 2376 quaajatn
555 2342 621 2370 locis
633 2345 834 2379 comprehendi,
842 2345 925 2381 386
935 2352 962 2374 et

177 2385 274 2419 spatiis
297 2387 484 2414 circumscribi
509 2388 603 2421 possit.
631 2388 694 2416 Haec
723 2397 787 2418 vero
817 2398 960 2425 corporqu

179 2430 327 2458 rationibus
346 2434 525 2465 conveniunt;
544 2435 669 2468 quocirca
694 2444 792 2470 corpus
806 2438 958 2471 ctiauterit,

175 2477 288 2505 omnino
303 2483 392 2505 autem
410 2478 492 2506 etiatn
519 2479 605 2508 forma
623 2482 776 2515 praeditum,
791 2490 877 2518 neque
898 2485 961 2511 abs-

176 2530 229 2557 que
244 2529 377 2558 eorpore;
393 2524 457 2552 talia
479 2525 550 2553 enim
569 2527 728 2562 corporibus
741 2531 959 2558 conveniunt.At

176 2569 312 2600 quomodo
328 2569 452 2597 Salvator
473 2570 572 2606 inquit,
599 2581 609 2598 t
634 2572 705 2601 Deus
727 2574 843 2609 Spiritus
862 2576 919 2603 est?
946 2585 956 2602 ι

177 2613 307 2648 Spiritum
318 2615 390 2642 enim
407 2616 493 2651 ipsum
508 2625 569 2645 esse
580 2618 654 2651 dicit,
672 2625 702 2646 ut
712 2620 870 2648 immensam
886 2622 956 2648 illam

176 2659 393 2696 ineﬂabileatque
416 2667 539 2690 naturam
568 2671 583 2691 a
605 2671 735 2700 corporea
768 2667 960 2701 imaginatione

175 2705 287 2732 eximat.
300 2705 396 2734 Annon
412 2715 477 2735 vero
493 2708 525 2735 iis
537 2709 583 2743 qui
601 2709 784 2744 hujuscemodi
806 2712 956 2746 divulgant,

176 2753 222 2775 aut
248 2750 349 2777 sentire
373 2752 481 2785 audent,
500 2754 595 2782 merito
613 2755 673 2790 quis
698 2756 814 2784 dixerit:
830 2766 839 2783 ι
857 2757 959 2786 Justili-

177 2798 235 2819 cata
250 2799 332 2822 estex
351 2801 375 2823 te
392 2797 507 2826 Sodoma
522 2800 585 2827 κοΐ»
606 2801 724 2830 Gentiles
739 2803 809 2830 enim
825 2804 960 2839 sapientes

213 2880 235 2896 "
248 2881 344 2910 Elcch.
364 2893 418 2918 xt't,
437 2886 479 2914 52!.

1016 1663 1073 1694 τοῖς
1088 1662 1216 1698 μεγάλοις
1236 1663 1284 1689 καὶ
1305 1663 1465 1696 ἀναγκαίοις
1479 1662 1550 1690 οὕτω
1565 1662 1730 1698 πράγμασιν
1749 1663 1813 1688 εἰω-

1017 1709 1098 1740 θότας
1112 1709 1272 1743 φληναφεῖν,
1293 1709 1375 1743 φάναι
1392 1718 1418 1736 τι
1431 1709 1560 1741 τοιοῦτον,
1574 1709 1612 1740 ὡς
1629 1710 1643 1735 ὁ
1661 1707 1813 1742 μονογενὴς

1017 1754 1064 1781 τοῦ
1077 1754 1145 1781 Θεοῦ
1165 1755 1239 1788 Υἱὸς,
1253 1755 1325 1782 κατὰ
1336 1755 1385 1790 μὲν
1395 1755 1445 1790 τὴν
1465 1754 1544 1786 ἀξίαν
1555 1754 1606 1789 τῆς
1620 1753 1751 1789 Θεότητος
1765 1753 1812 1779 καὶ

1017 1801 1122 1832 οὐσίας,
1133 1801 1216 1836 συνῆν
1227 1800 1266 1836 τῷ
1280 1801 1378 1837 [Ia-cpi,
1392 1800 1474 1836 ἡνίκα
1493 1800 1539 1827 ἐπὶ
1556 1800 1607 1835 γῆς
1624 1800 1809 1835 ἐχρημάτισε.

1017 1847 1064 1873 καὶ
1084 1847 1140 1878 τοῖς
1165 1846 1318 1881 ἀνθρώποις
1337 1846 1577 1882 σιινανεστρέφετο,
1604 1845 1642 1876 ὼς
1664 1844 1810 1879 ὁμοούσιος

1016 1891 1053 1917 ὢν
1073 1891 1162 1927 αὐτῷ·
1183 1892 1253 1919 κατὰ
1272 1892 1301 1919 δὲ
1319 1892 1364 1918 τὸν
1381 1891 1431 1927 τῆς
1458 1891 1633 1922 ὑποστάσεως
1651 1890 1744 1924 λόγον,
1759 1890 1810 1916 οὐκ

1015 1937 1065 1965 ἑτι.
1082 1939 1223 1966 Κεκένωτο
1235 1939 1288 1975 γὰρ
1305 1940 1391 1971 πᾶσα,
1407 1938 1445 1970 ὡς
1458 1937 1533 1965 αὐτοί
1549 1946 1627 1972 φασι,
1639 1937 1688 1963 καὶ
1701 1937 1808 1970 υῐοτικὴ

1016 1984 1165 2016 ὑπόστασις
1182 1985 1214 2011 ἐκ
1229 1993 1260 2011 τε
1278 1985 1333 2011 τῶν
1353 1984 1486 2021 οὐρανῶν,
1501 1984 1549 2011 καὶ
1569 1982 1660 2009 αὐτῶν
1676 1982 1732 2008 τῶν
1754 1990 1807 2007 πα-

1013 2030 1116 2066 τρικῶν
1139 2029 1247 2058 κόλπων
1261 2039 1268 2046 ·
1293 2031 1324 2057 οὺ
1341 2031 1396 2065 γὰρ
1422 2030 1573 2057 συναπτέον
1597 2029 1750 2056 ὑπόστασιν
1774 2029 1807 2063 τῇ

1016 2076 1174 2107 ὑποστάσει,
1188 2075 1250 2103 οὔτε
1265 2076 1314 2108 τὰς
1325 2077 1353 2102 ὲν
1369 2076 1418 2112 μιᾷ
1432 2076 1512 2111 οὐσίᾳ
1526 2074 1712 2110 ὑπαρχούσας.
1735 2074 1808 2108 Ἐγὼ

1014 2121 1042 2148 δὲ
1059 2121 1089 2148 τδ
1103 2122 1152 2156 τῆς
1170 2121 1289 2156 ἀμαθίας
1309 2122 1445 2157 προπετὲς
1459 2121 1512 2148 τῶν
1530 2121 1616 2148 ταῦτα
1634 2120 1807 2156 πεφρονηκό-

1013 2175 1068 2194 των
1080 2167 1234 2201 θαυμάσας,
1246 2167 1300 2193 δεῖν
1313 2167 1406 2203 ᾠήθην
1425 2166 1581 2201 ἀναγκαίως
1600 2167 1689 2192 ἐκεῖνο
1706 2166 1806 2197 εἰπεῖν,

1014 2213 1055 2239 ὃτι
1076 2213 1141 2247 παρ’
1157 2212 1248 2244 αὐτοῖς
1269 2214 1286 2247 ὴ
1310 2212 1390 2240 οὺσὶα
1409 2212 1567 2239 πεπόσωται
1589 2212 1636 2238 τοῦ
1656 2211 1738 2242 Θεοῦ,
1760 2211 1806 2238 καὶ

1015 2258 1193 2293 καταληπτὴν
1219 2258 1304 2293 αὐτὴν
1327 2257 1397 2285 εἷναί
1416 2267 1482 2292 φασι
1497 2258 1545 2285 καὶ
1567 2257 1805 2292 πεπερατωμένην

1015 2303 1063 2329 καὶ
1088 2303 1138 2330 οὐκ
1164 2302 1204 2330 ἔτι
1221 2303 1271 2338 μὲν
1287 2303 1494 2339 άπεριόριστον,
1517 2303 1577 2329 οὐδὲ
1597 2302 1803 2338 ἀκατάληπτον,

1014 2349 1072 2376 ἀλλ’
1085 2349 1134 2384 ἢδη
1150 2349 1198 2377 καὶ
1218 2349 1311 2380 τόποις
1322 2350 1460 2386 χωρητὴν,
1474 2350 1521 2376 καὶ
1541 2349 1710 2384 διαστήμασι
1728 2357 1805 2384 περι-

1014 2395 1130 2430 ληπτήν.
1148 2395 1241 2422 Ταῦτα
1254 2395 1283 2421 δὲ
1301 2397 1358 2427 τοῖς
1374 2395 1429 2422 τῶν
1448 2395 1581 2430 σωμάτων
1600 2394 1692 2428 λόγοις
1714 2394 1803 2429 ἁρμό-

1014 2441 1073 2473 ζει⁶
1091 2440 1188 2468 οὐκοῦν
1205 2440 1352 2476 καὶσῶμα,
1369 2441 1478 2472 πάντως
1494 2440 1523 2467 δέ
1540 2449 1590 2467 που
1607 2440 1653 2467 καὶ
1672 2441 1702 2466 ὲν
1724 2440 1802 2471 εῖδει,

1013 2487 1060 2514 καὶ
1078 2487 1108 2514 οὐ
1130 2487 1192 2522 δίχα.
1218 2487 1359 2522 σώματος·
1377 2487 1473 2514 ἕπεται
1496 2487 1550 2522 γὰρ
1574 2486 1608 2513 τὰ
1631 2485 1723 2513 τοιάδε
1747 2486 1803 2516 τοῖς

1013 2531 1144 2567 σώμασιν.
1158 2529 1282 2564 Εἷταπῶς
1290 2532 1417 2568 όΣωτὴρ,
1427 2541 1436 2557 t
1448 2532 1570 2566 Πνεῦμα.
1580 2531 1659 2566 φησὶ,
1667 2532 1681 2557 ὁ
1693 2531 1776 2562 Θεός;
1790 2540 1798 2555 ι

1014 2577 1125 2612 Πνεῦμα
1141 2577 1194 2613 γὰρ
1210 2578 1275 2604 αὐτὸ
1292 2575 1361 2604 εἷναί
1371 2586 1449 2613 φησι,
1466 2578 1510 2605 ἵνα
1530 2577 1693 2613 σωματικῆς
1710 2578 1819 2614 ἀγάγῃ’

1012 2623 1162 2656 φαντασίας
1178 2623 1230 2657 ἔξω
1244 2623 1293 2658 τὴν
1312 2624 1441 2660 ὑπερφυᾶ
1463 2624 1510 2650 καὶ
1530 2623 1688 2659 ἀπόρρητον
1710 2623 1798 2657 φύσιν.

1011 2665 1074 2703 'Ap‘
1087 2669 1137 2695 οὐκ
1153 2669 1186 2695 ἄν
1201 2677 1244 2701 τις
1263 2670 1327 2706 εἴπῃ
1341 2670 1452 2702 δικαίως
1468 2670 1524 2701 τοῖς
1535 2669 1570 2696 τὰ
1584 2669 1674 2696 τοιάδε
1689 2669 1800 2705 τεθρυλ-

1011 2714 1133 2749 ληκόσιν,
1149 2715 1165 2750 ἦ
1188 2715 1378 2751 κατατολμῶσι
1401 2716 1523 2751 φρονεῖν·
1547 2724 1557 2742 ί
1573 2715 1739 2749 Ὲδικαιὼθη
1753 2715 1799 2741 Σό-

1011 2760 1082 2794 δομα
1106 2761 1139 2787 ἐκ
1165 2761 1231 2794 σοῦ;
1252 2771 1261 2788 ι
1291 2761 1492 2798 Εὑσεϐέστερον
1510 2761 1565 2797 γὰρ
1597 2761 1758 2795 δοξάζουσιν
1775 2761 1798 2788 οἱ

1013 2807 1077 2842 παρ’
1093 2807 1206 2844 Ἕλλησι
1226 2809 1302 2844 σοφοὶ
1313 2809 1343 2836 τὺ
1353 2809 1429 2836 Θεῑον
1442 2809 1588 2845 ἀσώματον
1604 2809 1651 2836 καὶ
1669 2810 1797 2843 ἀνείδεον,
