1883 3056
69 169 85 196 ι
92 169 150 198 ξος)

576 170 764 201 ADVERSUS
784 172 1189 201 AN'FHR‘OPOMURPHITAS.

1647 169 1717 198 ιιιο

66 228 183 256 ἄπυσόν
202 237 232 255 τε
248 228 295 256 καὶ
309 229 423 265 ἀμερὲς,
442 228 488 256 καὶ
504 229 709 265 ἀσχημάτιστον
725 229 796 258 εἶναι

972 233 1011 268 gis
1026 232 1070 268 pie
1081 231 1116 260 de
1131 232 1186 260 Deo
1197 231 1330 263 sentiunt,
1350 230 1401 266 qui-
1412 230 1485 258 illum
1512 230 1646 265 corporis,
1661 231 1715 256 ror-

68 274 282 310 6ε6αιούμενοι,
304 275 351 302 καὶ
369 275 496 311 πανταχῆ
519 275 569 310 μὲν
592 276 732 312 Βπάρχειν,
756 277 874 313 ἀπολιμ-

70 320 215 347 πάνεσθαι
234 320 263 347 δὲ
282 320 407 355 μηδενός.
429 320 492 353 Πῶς
508 321 537 348 δὲ
558 321 670 349 κάκεῖνο
685 321 807 349 διέλαθεν
823 323 873 349 αὑ-

69 365 161 398 τοὺςς
179 365 210 392 El
227 364 282 400 γὰρ
307 364 451 400 ὁμοούσιος
463 364 500 392 ὢν
514 367 528 392 6
543 366 608 398 Υἱὸς
624 365 663 401 τῷ
677 366 776 402 Πατρὶ,
795 367 874 394 κεκέ-

71 419 153 436 νωχε
171 411 220 445 τῆς
234 409 317 437 αὑτοῦ
338 411 489 445 παρουσίας
505 410 550 438 τὸν
570 411 694 447 οὐρανὸν,
707 413 751 439 ὅτε
769 412 875 448 ἄνθρω-

73 465 131 488 πος
145 457 267 490 γέγονεν,
284 456 332 483 καὶ
347 457 404 488 τοῖς
418 457 464 483 ἐπὶ
481 457 532 492 γῆς
548 458 791 493 συνανεστρέφετο,
804 459 875 495 ἄρα-

73 511 128 537 ρεν
141 503 181 529 ὅτι
204 502 251 528 καὶ
266 503 283 538 ἡ
305 502 341 538 γῆ
360 499 394 537 ἦν
415 502 481 538 κενὴ
495 503 543 538 τῆς
560 504 607 530 τοῦ
623 504 731 539 Πατρὸς
755 505 875 532 ὑποστά-

74 557 162 582 σεως,
184 549 225 576 ὅτι
249 549 287 584 μὴ
307 549 420 584 γέγονεν
445 549 588 585 ἄνθρωπος
610 550 702 582 αὐτὸς,
728 551 798 586 μήτε
822 552 876 587 μὴν

75 595 239 631 ἀνθρώποις
258 595 507 630 συνανεστρέφετο·
525 595 594 628 ἀλλ’,
618 596 662 623 ἵνα
688 605 716 623 τι
733 596 806 624 κατὰ
825 597 875 633 τὴν

75 641 230 668 ἀσυνεσίαν
246 642 337 669 αὐτῶν
353 642 434 673 εἴπω,
454 641 610 678 μεμένηκεν
626 643 655 670 ὲν
671 644 727 675 τοῖς
739 643 874 679 οὐρανοῖς.

76 687 146 717 Πῶς
157 684 204 714 οὖν
217 687 232 713 6
250 687 346 722 Σωτὴρ
362 687 493 722 ἔφασκεν,
511 688 551 715 ὄτι
576 698 585 714 ι
606 689 650 716 Ἐν
673 689 736 725 ἐμοὶ
760 689 848 724 μένων
862 691 876 717 ό

76 733 190 768 Πατὴρ,
204 733 286 765 αὐτὸς
300 735 372 760 ποιεῖ
385 733 419 760 τὰ
442 733 528 770 ἓργα;
548 743 557 760 ›
568 734 632 766 Πῶς
645 735 675 762 δὲ
688 735 732 762 διὰ
745 735 793 762 τοῦ
809 744 875 771 προ-

79 779 172 814 φήτου
188 780 270 815 φησί·
285 789 294 805 ι
307 780 352 815 Μὴ
367 780 427 815 οὐχὶ
440 780 486 807 τὸν
501 780 614 816 οὐρανὸν
629 781 677 808 καὶ
687 781 736 817 τὴν
753 783 805 817 γῆν
821 781 876 816 ὲγὼ

79 826 199 862 πληρῶ;
224 826 298 860 λέγει
315 826 432 862 Κύριος;
447 837 457 853 ι
477 828 524 854 καὶ
540 827 636 855 πάλιν·
654 837 664 853 ι
675 827 744 860 Θεὸς
757 827 876 863 ὲγγίζων

79 872 140 906 ἐγώ
158 873 228 908 ειμι,
241 872 315 906 λέγει
331 873 442 908 Κύριος,
460 873 508 900 καὶ
529 873 590 908 οὐχὶ
607 873 673 905 Θεὸς
687 873 848 910 «tamen;
863 883 873 900 ι

926 286 987 310 mae,
1004 278 1177 313 quantitatis,
1189 277 1316 313 partium,
1328 281 1356 305 et
1378 277 1471 312 figurae
1497 281 1635 311 expertem
1656 282 1717 303 esse

926 323 1070 355 aﬂ‘trmant,
1085 329 1110 351 et
1123 323 1210 351 ubivis
1226 323 1346 351 locorum
1359 330 1435 355 esse,
1447 329 1533 357 neque
1553 322 1588 349 ab
1611 321 1664 348 ulla
1687 329 1717 348 re

926 368 1031 396 abesse.
1045 368 1104 402 Quo
1120 373 1199 402 pacto
1211 372 1302 395 autent
1325 369 1418 400 etiam,
1432 367 1496 395 illud
1523 367 1595 402 ipsos
1620 367 1718 394 latuit?

927 414 955 441 Si
968 414 1041 442 enim
1068 414 1153 442 Filius
1177 414 1312 442 exsistens
1339 414 1528 444 coesseutialis
1555 413 1639 446 Patri,
1654 420 1718 440 eva-

925 458 1017 485 cuavit
1029 466 1075 486 sua
1088 459 1232 493 praesentia
1253 459 1351 486 cmlum
1367 459 1477 496 quando
1491 458 1579 485 iactus
1603 462 1642 485 est
1666 459 1714 483 lto-

926 513 980 539 mo,
999 511 1026 533 et
1053 514 1113 533 cutn
1143 506 1176 533 iis
1200 506 1246 541 qui
1275 507 1300 534 itt
1318 511 1388 534 terra
1413 510 1475 534 sunt
1499 512 1541 533 est
1569 511 1716 534 versatus:

926 555 1136 578 consentaneum
1151 551 1242 584 fuerit,
1259 556 1359 578 terram
1372 559 1481 586 quoque
1495 551 1579 579 fuisse
1602 559 1715 578 vacuam

926 596 1104 632 bypostaseos
1138 596 1236 628 Patris,
1252 597 1386 632 siquidem
1406 597 1463 631 ipse
1487 605 1538 624 non
1563 601 1606 624 est
1629 597 1718 624 factus

926 643 1018 675 homo,
1032 649 1118 676 neque
1129 650 1189 669 cutn
1204 642 1361 670 hominibus
1376 647 1498 670 versutus
1511 652 1518 670 :
1535 643 1593 674 sed,
1607 644 1717 678 utquid-

927 687 1087 723 piamjttxta
1107 688 1226 723 ipsorum
1257 689 1420 724 imperitiam
1449 689 1549 721 dicam,
1577 691 1715 717 tnansitin

926 734 1012 761 cmlis.
1028 734 1167 768 Quomodo
1183 734 1266 769 igitur
1286 734 1412 763 Salvator
1427 735 1504 767 dixit,
1521 735 1584 769 quia
1605 745 1614 761 ι
1630 736 1659 762 lu
1673 744 1717 763 nte

927 788 1040 808 manens
1056 780 1136 808 Pater
1148 781 1206 816 ipse
1232 781 1299 808 facit
1310 788 1392 816 opera
1406 781 1427 796 ⁸¹
1442 781 1454 808 ?
1476 791 1486 807 ι
1503 781 1562 815 Quo
1578 787 1655 816 paeto
1665 789 1718 808 au-

928 832 981 854 tem
995 835 1042 862 per
1053 827 1213 861 prophetam
1234 828 1273 854 ait
1288 834 1296 854 :
1315 836 1325 854 ι
1340 828 1436 854 Annon
1449 828 1547 855 ctelum
1569 833 1596 855 et
1614 833 1715 855 terram

927 880 977 908 ego
996 873 1112 908 impleo?
1126 873 1213 908 inquit
1227 871 1358 901 Dominus
1369 875 1391 889 "
1403 874 1414 900 ?
1428 883 1437 899 I
1458 879 1486 901 et
1500 881 1610 901 rursus:
1626 884 1634 900 I
1646 874 1717 902 Deus

79 919 178 946 Πάντα
194 919 247 955 γὰρ
262 919 347 954 ὲγγὺς
364 920 432 954 ἔχει,
455 920 490 947 τὰ
511 920 600 948 πάντα
621 920 735 956 πληρῶν
755 920 822 956 ὁμοῦ

972 920 1112 954 Ipiuquans
1124 927 1182 947 sum
1194 927 1255 955 ego,
1272 919 1338 947 dicit
1346 919 1487 953 Dominus,
1502 924 1530 948 et
1544 928 1596 948 non
1613 921 1685 948 Deus
1700 928 1715 948 θ

79 965 174 1002 Πατρὶ
187 966 201 992 6
214 966 414 1001 γεγεννημένος
428 966 458 998 ἐξ
471 965 553 993 αὑτοῦ
569 967 640 993 κατὰ
652 966 733 1001 φύσιν
748 966 874 1003 Χριστός.

80 1011 141 1038 Καὶ
154 1010 219 1045 γοῦν
238 1011 252 1037 ὁ
271 1011 415 1046 προφήτης
432 1010 531 1038 Δαϐίδ·
549 1020 558 1036 ι
572 1011 627 1037 Ποῦ
648 1011 784 1047 πορευθῶ,
798 1012 875 1047 φησὶ,

80 1057 140 1084 ἀπὸ
152 1056 199 1083 τοῦ
219 1055 378 1091 Πνεύματός
398 1064 455 1090 σου,
471 1056 519 1084 καὶ
534 1057 645 1084 ἀπὸτοῦ
664 1056 811 1091 προσώπου
830 1066 877 1084 σου

82 1102 137 1130 ποῦ
152 1102 260 1137 φεύξως
276 1111 285 1128 ι
303 1102 339 1129 Οὺ
356 1102 415 1138 γὰρ
431 1102 516 1134 ἐστιν,
539 1102 590 1129 οὐκ
610 1102 684 1130 ἐστιν
710 1103 842 1138 οὐρανοὺς
859 1103 876 1138 ἢ

82 1150 137 1185 γῆν
152 1149 243 1184 εὑρεῖν
254 1148 386 1176 δύνασθαί
400 1157 466 1176 ποτε
481 1149 533 1184 τῆς
546 1149 668 1186 ἀρρήτου
684 1149 816 1184 Θεότητος
831 1157 877 1176 κε-

83 1195 161 1228 νούς·
182 1196 220 1228 ὡς
244 1195 313 1230 ἔφην
327 1196 399 1230 γὰρ,
428 1195 463 1222 τὰ
483 1196 572 1222 πάντα
592 1195 692 1231 πληροῖ
712 1195 728 1231 ἡ
751 1195 810 1222 θεία
832 1196 878 1222 καὶ

82 1242 229 1277 ὁμοοὺσιος
241 1241 337 1277 Τριάς,
350 1240 523 1277 Μεμνήμεθα
537 1241 567 1268 δὲ
587 1241 628 1267 ὅτι
643 1240 690 1267 καὶ
706 1241 720 1267 6
734 1240 788 1268 τῶν
808 1240 877 1268 ὅλων

84 1288 182 1324 Σωτὴρ
199 1289 249 1314 καὶ
270 1287 372 1324 Κύριος
388 1289 444 1320 τοῖς
465 1287 553 1322 ἁγίοις
566 1286 728 1318 ἀποστόλοις
740 1286 858 1321 ἔφασκεν
869 1295 877 1302 ·

87 1345 96 1360 ι
115 1335 254 1372 Συμφέρει
265 1335 329 1370 ὑμῖν
339 1335 383 1361 ἶνα
394 1333 450 1369 ἐγὼ
466 1334 578 1361 ἀπέλθω
587 1341 594 1349 ·
611 1334 658 1361 ἐὰν
672 1334 727 1370 γὰρ
744 1333 782 1370 μὴ
796 1333 878 1360 ἀπέλ-

84 1382 136 1414 θω,
151 1383 165 1409 6
181 1381 360 1417 Παράκλητος
376 1381 427 1408 οὐκ
441 1380 582 1407 ἐλεύσεται
598 1379 667 1416 πρὸς
682 1380 765 1416 ὑμᾶς.
778 1389 787 1405 ι
802 1379 879 1406 Ἐπεὶ

84 1428 115 1454 δὲ
147 1427 328 1463 πεπόρευται,
357 1427 407 1462 τὴν
438 1426 506 1454 ίδίαν
531 1426 698 1462 ἀποπληρῶν
719 1426 876 1462 ὑπόσχεσιν,

84 1473 210 1509 ἐπεμψεν
227 1475 293 1509 ἡμῖν
306 1473 336 1506 ἐξ
348 1473 464 1509 οὐρανοῦ
478 1473 524 1499 τὸν
538 1472 729 1508 Παράκλητον,
744 1472 877 1504 τουτέστι,

84 1521 117 1547 τὺ
131 1520 253 1556 Πνεῦμα.
273 1519 351 1548 Ἐστι
368 1519 396 1546 δὲ
422 1518 565 1555 ὁμοούσιον
581 1519 621 1554 τῷ
637 1519 726 1554 Πατρὶ
743 1519 790 1546 καὶ
809 1518 877 1554 Υἱῷ.

83 1565 150 1603 'Ap‘
170 1565 217 1594 οὖν
235 1567 280 1593 ὅτε
303 1565 542 1601 καταπεφοίτηκεν
557 1565 598 1597 είς
616 1565 668 1600 γῆν
688 1565 876 1601 Παράκλητος,

87 1615 132 1641 ἵνα
147 1613 250 1650 ἁγιάσῃ
262 1613 346 1648 ἡμᾶς,
361 1612 392 1639 τὸ
413 1611 525 1647 Πνεῦμα
542 1612 590 1639 καὶ
607 1612 658 1638 οὐκ
672 1613 701 1638 ὲν
719 1613 775 1643 τοῖς
794 1612 877 1647 οὐρα-

86 1661 142 1691 νοῖς
159 1658 207 1696 ῆν;
224 1659 294 1686 Ἀλλ’
311 1659 398 1685 ἐκεῖνο
418 1658 501 1692 φάναι
519 1657 621 1693 πρέποι
637 1657 681 1690 ἂν,
701 1658 742 1685 ὅτι
758 1658 875 1693 ἁγιάσαν

87 1706 162 1740 ἡμᾶς
184 1704 270 1740 ἀνέϐη
297 1703 379 1731 πάλιν
406 1704 447 1734 είς
471 1702 518 1729 τὸν
536 1702 659 1738 οὐρανὸν,
683 1704 730 1729 καὶ
751 1703 801 1730 οὐκ
819 1703 878 1730 ἐστι

89 1751 149 1786 μεθ’
171 1751 260 1787 ἡμῶν.
278 1750 375 1778 Καίτοι
398 1749 563 1785 γέγραπται,
578 1749 618 1776 ὅτι
644 1748 759 1784 Πνεῦμα
775 1749 877 1786 Κυρίου

87 1800 139 1833 τὴν
155 1797 318 1834 οίκουμένην
335 1797 528 1833 πεπλήρωκεν.
557 1796 637 1823 Ἀλλὰ
653 1796 701 1823 καὶ
723 1796 804 1828 αὐτὸς
825 1796 877 1832 ἔφη

88 1843 208 1880 Χριστὸς
223 1843 328 1879 μέλλων
343 1842 501 1870 ἀναϐαίνειν
517 1842 585 1878 πρὸς
595 1842 641 1869 τὸν
649 1841 759 1878 Πατέρα
792 1852 801 1868 ι
813 1842 878 1869 Ἰδοὺ

88 1890 145 1924 ἐγὼ
165 1889 225 1925 μεθ’
241 1889 318 1925 ὑμῶν
333 1889 392 1925 είμι
403 1889 495 1921 πάσας
506 1888 556 1921 τὰς
566 1888 684 1924 ὴμέρας,
703 1889 749 1916 καὶ
763 1888 816 1920 ἕως
830 1889 879 1924 τῆς

89 1936 246 1968 συντελείας
260 1934 307 1962 τοῦ
321 1935 429 1967 αἰῶνος.
441 1945 451 1961 ι
465 1934 496 1961 Εἰ
508 1935 537 1962 δὲ
553 1934 612 1970 μεθ’
625 1934 704 1970 ἡμῶν
719 1935 788 1968 ἐστι,
806 1934 880 1962 κενοί

90 1991 141 2009 που
159 1982 277 2015 πάντως,
294 1982 342 2008 καὶ
355 1981 402 2009 νῦν
417 1982 470 2008 εισι
483 1982 544 2017 τῆς,
559 1980 598 2012 ὠς
615 1980 692 2008 αὐτοί
705 1989 783 2015 φασι,
798 1981 880 2007 υίοτι-

90 2029 141 2063 κῆς
157 2028 334 2060 ὑποστάσεως
353 2028 379 2054 οἱ
394 2027 514 2063 οὐρανοὶ,
538 2027 586 2054 καὶ
610 2026 656 2054 τὸν
679 2027 779 2053 κόλπον
800 2027 880 2061 ἀφεὶς

89 2075 137 2102 τοῦ
152 2075 259 2111 Πατρδς
275 2075 332 2106 τοῖς
357 2074 404 2101 ἐπὶ
418 2073 469 2109 γῆς
493 2072 544 2109 ἠδη
567 2072 669 2108 μᾶλλον
685 2072 878 2099 συνδιαιτᾶται.

91 2122 183 2150 Ταῦτα
197 2122 251 2157 γὰρ
267 2121 365 2148 ἐκεῖνοι
380 2119 591 2156 ψυχρολογοῦσι,
605 2118 644 2151 ὡς
659 2117 737 2154 ἔφην.
753 2115 821 2147 Εἶτα
838 2118 880 2150 τίς

90 2167 214 2200 ἀνέξεται
228 2167 279 2202 τῆς
297 2165 408 2193 ἐκείνων
425 2164 607 2201 ἀσελτηρίαςς
624 2164 641 2200 ἢ
666 2164 708 2196 τίς
729 2163 784 2190 τῶν
802 2172 880 2190 νουν-

90 2214 240 2249 εχεστέρων
248 2213 298 2240 οὐκ
307 2212 461 2248 ἀμφιλαφὲς
473 2211 564 2243 αὐτοῖς
576 2209 742 2245 ὲπισταλάξῃ
753 2210 879 2245 δάκρυον,

90 2260 117 2286 οῖ
129 2268 161 2294 γε
175 2259 224 2291 τὰς
240 2259 316 2295 ἱερὰς
334 2257 469 2289 καὶ-θείας
481 2257 593 2293 Γραφὰς
605 2255 781 2292 ἠγνοηκότες,
797 2255 827 2282 τδ
841 2255 880 2286 είς
897 2263 918 2291 ι)

91 2305 152 2332 νοῦν
168 2302 236 2341 ἧκον
249 2304 440 2336 ἀϐασανίστως
460 2303 631 2339 ἐρεύγονται,
652 2302 699 2329 καὶ
721 2301 775 2328 τῶν
791 2300 879 2336 ὀρθῶν

91 2352 140 2387 τῆς
159 2350 322 2386 Ἑκκλησίας
337 2350 482 2385 δογμάτων
506 2348 688 2381 ἐκπίπτουσις
711 2347 744 2373 Τί
767 2346 806 2382 τῷ
830 2347 879 2373 Φι-

91 2398 182 2432 λίππῳ
202 2397 266 2432 περὶ
290 2396 339 2423 τοῦ
363 2396 470 2431 Πατρδς
498 2395 604 2429 λέγοντι
631 2392 849 2429 προσπεφώνηκε
866 2393 881 2419 6

92 2444 171 2476 Υίός;
191 2451 200 2468 ι
211 2443 248 2470 Οὐ
261 2442 399 2473 πιστεύεις
414 2442 455 2469 ὅτι
467 2441 523 2476 ἐγὼ
534 2441 563 2467 ὲν
573 2439 612 2475 τῷ
629 2440 727 2475 Πατρὶ,
743 2439 787 2465 (αἱ
797 2439 811 2465 ό
823 2439 880 2465 Πα-

91 2490 141 2526 τὴρ
151 2491 180 2516 ἐν
187 2488 249 2524 ἐμοί
259 2489 316 2516 ἐστι
324 2497 331 2521 ;
338 2487 455 2515 »οὐκοῦν
463 2488 605 2522 ἀμήχανον
613 2483 682 2512 εἷναί
691 2493 756 2512 ποτε
764 2484 824 2520 δίχα
832 2483 880 2510 τοῦ

93 2537 184 2571 ἑτέρου
197 2535 244 2562 τὸν
253 2534 349 2569 ἕτερον
358 2542 365 2550 ·
379 2533 437 2561 ἀλλ’
449 2533 569 2568 ἔνθαπερ
577 2533 592 2559 6
602 2532 698 2567 Πατὴρ
711 2528 780 2557 εἶναι
795 2531 882 2557 νοοῖτο

95 2582 161 2616 (ἐστὶ
172 2581 202 2608 δὲ
218 2579 380 2615 πανταχοῦ),
392 2580 451 2606 ἐκεῖ
464 2587 516 2606 που
539 2578 648 2608 πάντως
662 2577 708 2604 καὶ
718 2577 733 2604 6
747 2576 823 2608 Υἱὸς,
834 2574 882 2601 καὶ

95 2627 211 2662 ἔνθαπερ
229 2626 261 2653 ἂν
275 2627 290 2653 ὁ
303 2626 376 2657 Υἱὸς,
397 2626 456 2652 ἐκεῖ
471 2624 519 2651 καὶ
534 2624 548 2650 6
570 2624 676 2659 Πατήρ.
698 2623 730 2649 Ei
749 2622 805 2657 γάρ
820 2622 879 2648 ἐστι

94 2673 262 2707 ἀπαύγασμα
285 2671 331 2698 τοῦ
347 2671 454 2706 Πατρὸς
474 2671 489 2696 ὁ
515 2670 588 2702 Υἱὸς,
612 2669 659 2696 καὶ
678 2669 763 2702 Λόγος
786 2665 879 2698 αὐτοῦ,

95 2719 139 2745 καὶ
155 2717 248 2752 σοφία,
268 2717 315 2744 καὶ
341 2716 466 2751 δύναμις,
481 2715 541 2746 πῶς
557 2715 618 2749 δίχα
632 2714 720 2748 Λόγου
736 2712 782 2739 καὶ
799 2712 881 2739 δυνά-

97 2773 165 2799 μεως
191 2763 237 2790 καὶ
257 2762 353 2797 σοφίας
376 2762 514 2798 ἐνδέχεται
535 2760 655 2789 νοεῖσθαί
669 2768 734 2786 ποτε
761 2759 805 2785 τὸν
821 2758 881 2784 Πα-

129 2851 237 2878 “Joan.
255 2859 310 2879 xw.
332 2851 374 2879 l0.
413 2851 435 2866 ⁶¹
447 2851 547 2878 Jercm.
564 2857 643 2878 ιιιιι.
659 2849 705 2876 τι.
745 2848 767 2862 ⁸³
780 2847 847 2875 ibid.
865 2846 911 2874 ‘25.

97 2895 189 2920 xxt‘ttt,
205 2888 252 2916 ‘20.
292 2887 312 2903 ⁸⁷
325 2887 403 2915 Juatt.
421 2894 476 2919 xiv,
498 2886 540 2913 10.
578 2886 599 2900 "‘
613 2885 620 2911 Ι
633 2885 695 2912 Cor.
711 2892 729 2917 t,
743 2883 788 2910 “ll.

927 964 1006 999 longe
1021 965 1056 991 '3?
1075 974 1084 990 ι
1102 964 1199 992 Omnia
1218 965 1291 992 ettim
1309 971 1391 1000 prope
1404 973 1434 992 se
1450 965 1541 998 habet,
1555 965 1646 993 omnia
1662 966 1714 992 int-

928 1010 1003 1044 plens
1024 1010 1103 1037 simul
1129 1018 1190 1037 cutn
1204 1003 1296 1038 .Patre
1320 1011 1429 1046 genitus
1449 1019 1481 1038 ex
1500 1011 1558 1046 ipso
1570 1012 1715 1039 secundum

929 1062 1053 1084 natttratu
1066 1057 1201 1085 Christus.
1218 1057 1320 1085 Idcirco
1332 1062 1359 1084 et
1374 1058 1504 1092 propheta
1519 1057 1619 1085 David:
1635 1067 1645 1083 ι
1659 1057 1718 1091 Quo

929 1103 983 1135 ibo,
1001 1103 1097 1137 inquit,
1113 1110 1128 1130 a
1147 1103 1250 1138 Spiritu
1276 1108 1332 1136 tuo,
1354 1108 1382 1131 et
1396 1111 1410 1129 a
1433 1103 1501 1130 facie
1527 1107 1571 1130 tua
1595 1111 1649 1137 quo
1676 1103 1718 1130 fu-

928 1148 1180 1185 giam“?tNeque
1206 1149 1278 1176 enim
1304 1149 1366 1176 cceli
1397 1149 1515 1183 uspiam,
1533 1156 1620 1184 neque
1644 1154 1716 1176 terra

929 1194 1044 1222 inveniri
1057 1199 1181 1228 possttnt,
1196 1194 1341 1221 inell‘abilis
1361 1194 1516 1222 Divinitatis
1527 1202 1625 1222 vacua.
1637 1194 1716 1227 Nam,

929 1245 958 1267 ut
969 1240 1134 1272 dixi,otnnia
1146 1240 1239 1275 implet
1251 1240 1341 1267 divina
1353 1245 1381 1268 et
1392 1241 1576 1268 coessentialis
1586 1240 1717 1268 Trinitas.

929 1285 1097 1313 Metniueritn
1124 1291 1214 1314 autent
1228 1285 1287 1321 ejus
1304 1285 1376 1320 quod
1393 1291 1420 1313 et
1447 1285 1572 1313 Salvator
1596 1286 1717 1313 omnium

928 1337 956 1359 et
969 1332 1098 1360 Dominus
1114 1333 1216 1360 sanctis
1230 1332 1361 1367 apostolis
1375 1332 1443 1359 dixit
1460 1341 1467 1359 :
1485 1340 1494 1357 ι
1510 1331 1624 1366 Expedit
1643 1332 1719 1359 vobis

929 1384 959 1405 ut
984 1386 1033 1413 ego
1065 1379 1176 1406 vadam:
1192 1379 1245 1406 nisi
1274 1379 1347 1406 enim
1371 1378 1475 1410 abiero,
1494 1378 1648 1406 Paracletus
1664 1386 1720 1405 non

930 1426 1019 1452 veniet
1032 1425 1066 1452 ad
1079 1432 1127 1452 vos
1139 1425 1172 1452 ".
1192 1434 1202 1451 ι
1233 1424 1412 1460 Posteaquam
1443 1429 1532 1452 autem
1556 1424 1633 1456 abiit,
1650 1431 1718 1459 prat-

928 1476 1003 1499 stans
1016 1471 1041 1498 id
1059 1471 1130 1507 quod
1159 1471 1330 1506 promiserat,
1346 1472 1419 1499 misit
1436 1471 1513 1499 nobis
1529 1478 1562 1498 ex
1578 1470 1647 1498 ctelo
1665 1470 1719 1497 Pa-

929 1518 1070 1551 racletmn,
1089 1518 1139 1546 hoc
1154 1522 1206 1550 est,
1227 1518 1368 1553 Spiritum.
1385 1517 1432 1545 Est
1448 1522 1538 1544 autem
1550 1517 1574 1544 is
1589 1524 1718 1545 coessen-

931 1563 1002 1589 tialis
1015 1563 1089 1590 Patri
1103 1567 1130 1590 et
1144 1562 1222 1590 Filio.
1237 1563 1304 1590 Cum
1320 1570 1386 1598 ergo
1401 1562 1544 1590 descendit
1564 1562 1591 1590 itt
1617 1567 1725 1589 terram.

930 1608 1086 1636 Paracletns
1109 1614 1138 1635 ut
1158 1616 1206 1636 nos
1231 1608 1429 1640 sanetitlcaret,
1459 1608 1579 1643 Spiritus
1593 1608 1619 1635 in
1641 1608 1718 1636 caelis

927 1654 1007 1681 etiam
1019 1661 1070 1680 non
1080 1654 1157 1681 erat?
1168 1653 1249 1688 Atqui
1273 1652 1347 1680 aliud
1372 1652 1453 1681 etiatn
1476 1653 1619 1681 dicendum
1633 1658 1716 1686 esset,

928 1699 1009 1735 387
1017 1700 1100 1735 quod,
1112 1707 1174 1727 cum
1186 1707 1234 1727 tios
1248 1699 1455 1733 sattctilicasset,
1474 1707 1566 1728 rursus
1581 1700 1607 1727 itt
1618 1699 1715 1727 celum

929 1747 1128 1779 conscenderit,
1157 1754 1244 1782 neque
1271 1746 1387 1781 amplius
1418 1746 1496 1774 nobis
1530 1747 1617 1774 adest.
1637 1746 1718 1780 Atqui

929 1793 1058 1827 scriptum
1074 1797 1125 1825 est,
1145 1792 1276 1827 Spiritum
1290 1793 1336 1820 Dei
1358 1792 1504 1827 replevisse
1530 1793 1635 1820 orbem.
1648 1793 1718 1826 Quin

929 1841 956 1865 et
968 1837 1025 1872 ipse
1035 1837 1159 1865 Christus
1166 1839 1199 1864 ad
1208 1837 1314 1865 Patrem
1323 1844 1528 1870 conscensums,
1535 1837 1620 1865 dixit:
1631 1847 1640 1864 ι
1651 1838 1721 1866 Ecca

929 1891 980 1919 ego
991 1884 1129 1911 vobiscum
1144 1891 1203 1911 sunt
1217 1883 1343 1910 omnibus
1355 1883 1464 1915 diebus,
1474 1889 1502 1910 et
1513 1891 1597 1918 usque
1609 1884 1642 1910 ad
1654 1890 1719 1911 con-

929 1930 1139 1958 summationem
1169 1929 1260 1957 satcuIi
1274 1929 1307 1956 °°.
1326 1938 1335 1954 ι
1350 1929 1379 1956 Si
1405 1936 1470 1956 vero
1492 1929 1634 1956 nobiscum
1664 1933 1718 1960 est,

930 1975 1009 2003 vacui
1022 1980 1088 2003 sunt
1099 1975 1210 2002 omnino
1223 1975 1305 2002 etiam
1326 1982 1414 2007 nunc,
1427 1981 1457 2002 ut
1484 1975 1534 2009 ipsi
1560 1974 1718 2009 loquuntur,

932 2021 1021 2048 [ilialis
1050 2021 1227 2057 bypostaseos
1250 2019 1331 2054 cceli,
1356 2024 1384 2047 et
1409 2020 1518 2048 deserto
1541 2020 1630 2048 Patris
1647 2021 1718 2052 sinu,

932 2074 993 2094 cunt
1010 2067 1043 2094 iis
1063 2067 1106 2101 qtti
1121 2067 1147 2093 in
1167 2071 1238 2096 terra
1252 2066 1381 2101 suntiam
1397 2066 1486 2101 potius
1499 2071 1638 2100 versatur;
1652 2066 1721 2093 adeo

932 2113 1004 2140 enittt
1030 2111 1157 2144 absurda,
1174 2116 1202 2139 ut
1216 2111 1281 2144 dixi,
1297 2110 1423 2139 effutiunt
1438 2111 1486 2138 illi.
1500 2111 1535 2138 At
1549 2118 1624 2143 vero,
1644 2112 1721 2146 quis-

933 2166 995 2185 nam
1014 2157 1121 2186 illorum
1137 2157 1274 2184 inScitiam
1290 2156 1379 2184 ferat?
1406 2161 1453 2184 aut
1468 2157 1529 2191 quis
1554 2157 1635 2190 paulo
1659 2165 1720 2184 cor-

933 2204 1022 2231 datior
1046 2211 1099 2230 non
1124 2203 1233 2238 jugibus
1264 2202 1391 2238 lacrymis
1420 2201 1478 2229 illos
1511 2201 1642 2236 deploret,
1673 2203 1720 2237 qui

934 2257 1028 2277 sacras
1040 2255 1068 2277 et
1085 2250 1190 2277 divinas
1222 2248 1378 2283 Scriptttras
1407 2247 1573 2282 ignorantes,
1589 2249 1720 2284 quidquid

933 2297 998 2330 ipsis
1012 2296 1037 2322 itt
1053 2300 1169 2322 mentem
1195 2294 1267 2322 venit.
1297 2300 1398 2321 temere
1415 2298 1550 2325 ernctattt,
1565 2298 1592 2320 et
1609 2301 1623 2321 a
1637 2295 1721 2322 rectis

933 2341 1060 2370 Ecclesia:
1083 2340 1256 2376 dogmatibus
1278 2340 1427 2367 excidunt?
1443 2339 1512 2373 Quid
1538 2338 1662 2375 Philippo
1687 2341 1720 2367 de

933 2387 1014 2415 Patre
1029 2387 1126 2415 dicenti
1139 2385 1275 2422 respondit
1288 2385 1431 2413 Christus?
1447 2394 1456 2410 ι
1467 2385 1523 2412 Non
1539 2385 1627 2412 credis
1648 2387 1720 2420 quod

933 2442 984 2469 ego
997 2434 1024 2461 in
1034 2434 1127 2466 Pater,
1146 2438 1174 2461 et
1185 2433 1267 2461 Pater
1292 2433 1318 2460 in
1335 2440 1377 2460 me
1389 2437 1430 2460 est
1446 2433 1490 2460 "’?
1509 2442 1518 2458 ι
1539 2432 1610 2460 Fieri
1627 2433 1721 2468 itaque

935 2487 988 2507 non
1004 2484 1091 2514 potest
1116 2483 1146 2505 ut
1168 2478 1238 2505 alter
1265 2477 1368 2512 absque
1395 2476 1482 2504 altero
1499 2476 1652 2504 subsistat:
1671 2477 1719 2503 sed

933 2526 977 2553 ubi
990 2525 1070 2552 Patre
1088 2532 1149 2552 esse
1174 2523 1334 2558 intelligitur
1348 2522 1408 2558 (est
1420 2527 1509 2549 autem
1535 2522 1664 2557 ubique).
1684 2522 1720 2549 ibi

933 2572 1015 2598 etiam
1041 2571 1152 2598 omnino
1170 2574 1212 2597 est
1227 2573 1255 2596 et.
1284 2568 1389 2595 Filius:
1404 2573 1432 2596 et
1452 2568 1495 2595 tibi
1523 2568 1618 2598 Filius.
1635 2569 1671 2595 ibi
1693 2573 1721 2596 et

933 2617 1022 2643 Pater.
1039 2616 1067 2642 Si
1078 2617 1149 2642 enim
1158 2619 1199 2641 est
1210 2613 1337 2648 splendor
1350 2612 1437 2639 Patris
1455 2611 1551 2643 Filius,
1562 2615 1589 2638 et
1602 2611 1719 2638 Verbttm

935 2663 1029 2698 ipsius,
1047 2668 1074 2689 et
1091 2660 1233 2695 sapientia,
1249 2665 1277 2686 et
1299 2659 1417 2694 potentia
1432 2657 1454 2673 ⁸⁸
1471 2667 1477 2685 :
1492 2665 1546 2692 quo
1560 2661 1640 2691 pacto
1661 2656 1719 2683 ﬁeri

934 2713 1022 2744 potest
1036 2715 1064 2735 ut
1077 2708 1177 2742 absque
1190 2707 1278 2734 Verbo
1291 2711 1319 2733 et
1333 2705 1463 2740 sapientia
1479 2709 1506 2731 et
1519 2703 1638 2739 potentia
1657 2711 1720 2737 per-

934 2757 1048 2791 cipiatur
1059 2754 1158 2781 Pater?
1175 2752 1314 2786 Quomodo
1327 2757 1416 2778 autent
1431 2751 1562 2785 sapientia
1579 2749 1638 2780 Dei,
1655 2749 1722 2775 Ver-

1592 2838 1612 2854 “
1627 2838 1721 2865 Matth.

953 2846 975 2861 “
989 2844 1058 2872 Psal.
1071 2851 1203 2875 cuum,
1218 2842 1244 2868 7.
1284 2842 1305 2857 "
1317 2841 1394 2869 Juan.
1427 2849 1482 2872 ut.
1501 2840 1526 2866 7.
