1883 3056
122 168 196 202 ηις

625 165 811 200 Αῠνεῐιδυδ
830 165 1237 198 ANTHROPOMORPHITAS.

1690 169 1761 199 ll“

121 233 215 269 μένει,
235 231 308 260 καθὰ
321 228 370 258 καὶ
391 231 426 258 τὰ
454 229 581 265 σώματα,
606 229 691 265 ἥγουν
714 229 748 256 τὰ
763 229 846 265 ἕτερα
862 227 912 256 τῶν

1003 227 1141 255 vinitatem
1169 227 1357 262 incorpoream
1388 233 1461 258 esse,
1478 226 1568 263 ﬁgura
1591 230 1618 253 et
1642 228 1759 261 partium

121 277 295 313 κτισμάτων.
310 277 392 309 Ἴσως
404 276 434 303 δὲ
449 275 586 311 ἠγνόησαν
602 275 643 302 ὅτι
656 275 688 302 τὸ
699 274 777 302 Θεῖον
799 274 915 310 ἀσώμα-

119 323 171 350 τόν
183 323 252 355 ἐστι,
267 323 484 358 ἀσχημάτιστον,
499 320 613 357 ἀμερὲς,
629 321 661 348 οὑ
680 319 815 357 μετρητὸν
835 319 917 347 ποσό-

119 377 197 404 ⁸τητι,
212 369 242 396 οὐ
257 367 497 404 περιγραφόμενον
523 367 609 402 τόπῳ,
633 366 703 393 ἀλλὰ
725 365 847 402 πληροῦν
866 365 916 401 μὲν

119 415 159 442 τὰ
170 415 270 447 πάντα,
285 413 335 441 καὶ
348 415 377 441 ὲν
392 414 470 446 πᾶσι,
485 413 628 449 ἁχώρητον
643 412 673 440 ὃν
692 412 753 439 κατ’
780 411 849 439 ίδίαν
865 411 917 446 φύ-

121 469 180 488 σιν.
201 460 360 496 Γέγραπται
376 459 442 496 γὰρ,
463 459 505 486 ὅτι
530 468 540 485 ι
557 459 613 486 Ποῦ
640 457 768 494 πορευθῶ
790 457 845 485 ἀπὸ
867 456 916 484 τοῦ

122 500 285 541 Πνεόματός
310 513 368 537 σου,
383 505 432 532 καὶ
442 504 498 532 ἀπὸ
517 503 666 540 προσώπου
684 510 732 531 σου
746 501 799 531 ποῦ
818 501 915 539 φύγω;

127 551 195 578 Ἐὰν
207 551 301 578 άναϐὦ
316 551 357 583 είς
372 551 420 578 τὸν
432 547 557 586 οὐρανὸν,
570 549 603 577 σὺ
611 550 671 577 ἐκεῖ
682 547 723 576 εί·
741 549 790 577 ἐὰν
803 549 917 576 καταϐῶ

121 598 165 629 εἰς
177 597 223 624 τὺν
239 591 316 634 ᾅδην,
338 597 431 633 παρετ.
454 596 517 624 Ἐὰν
529 595 693 631 άναλάϐοιμι
712 596 762 628 τὰς
775 595 916 632 πτέρυγάς

122 651 178 679 μου
191 635 250 671 κατ’
264 643 383 680 ὤρθρον,
398 643 447 671 καὶ⁵
469 642 675 679 κατασκηνώσω
692 643 734 675 είς
755 642 790 669 τὰ
812 642 916 678 ἔσχατα

119 690 176 725 τῆς
189 689 346 726 θαλάσσης,
373 685 421 717 καὶ
439 689 494 724 γὰρ
513 689 573 716 ἐκεῖ
598 689 615 725 ἡ
633 688 693 725 χείρ
717 697 764 715 σου
785 688 916 725 ὁδηγήσει

122 745 176 771 μου
186 738 205 764 “.
219 746 229 762 ι
247 735 419 764 Ἐδειτοίνυν
430 736 529 768 αὐτοὺς
550 736 602 763 οὐκ
616 735 646 769 ἐξ
665 735 801 771 ἀμαθείας
825 736 917 771 φωνάς

121 782 286 818 ἐρεύγεσθαι
300 783 458 818 προπετεῖς,
478 782 535 809 ἀλλ’
553 782 665 815 ἐννοεῖν,
680 779 725 810 οἶά
737 791 767 809 τε
787 782 836 809 καὶ
852 783 915 815 ὅσα,

122 829 172 856 καὶ
186 829 216 856 ὲν
237 827 293 856 τίσι
310 829 459 864 ὑπεροχαῖς
473 828 490 864 ἡ
515 828 575 855 θεία
588 828 636 855 καὶ
651 828 845 864 ὑπερμεγέθης
869 828 917 855 καὶ

120 875 280 910 ἀπόρρητος
295 875 354 902 tati.
369 874 417 902 τοῦ
428 874 495 901 Θεοῦ
511 874 602 909 φύσις.
618 870 680 906 Πῶς
699 873 747 910 [aL
765 874 848 911 Πότε]
860 874 917 910 γὰρ

967 278 1117 310 expertem,
1140 281 1253 308 quaeque
1283 273 1436 308 quantitate
1461 273 1612 300 mensurari
1644 278 1672 300 et
1700 272 1760 300 loco

966 319 1152 347 circumscribi
1177 324 1294 354 nequeat
1310 328 1317 346 :
1332 319 1379 346 sed
1407 317 1490 354 389
1509 319 1622 353 implere
1648 319 1758 353 quidem

966 367 1066 397 omnia,
1085 370 1113 394 et
1143 367 1169 394 in
1196 365 1333 398 omnibus,
1366 366 1581 399 immensamque
1604 373 1664 392 esse
1680 364 1758 398 juxta

966 413 1101 449 propriam
1114 420 1190 441 suam
1203 414 1336 439 naturam.
1352 411 1489 446 Scripttlm
1503 415 1545 438 est
1558 411 1630 438 enim
1642 418 1649 437 :
1663 419 1671 436 ι
1684 410 1758 444 Qun-

967 467 1030 488 nam
1041 459 1086 487 ibo
1105 467 1119 486 a
1135 458 1238 494 Spiritu
1252 463 1309 490 tuo.
1322 462 1350 485 et
1368 465 1384 484 a
1399 457 1469 484 facie
1491 461 1535 484 tua
1564 464 1617 491 quo
1640 455 1760 491 fugiam?

967 506 996 534 Si
1016 505 1163 534 escendero
1187 505 1214 532 in
1239 504 1350 536 caelum,
1364 508 1391 531 tu
1412 503 1467 531 illic
1490 510 1538 531 es:
1552 502 1574 530 si
1592 503 1759 530 desccmlcro

967 553 994 580 in
1007 552 1153 586 infernum,
1167 552 1242 579 ades.
1256 551 1285 578 Si
1300 557 1442 586 sumpsero
1460 550 1517 577 alas
1533 557 1607 577 meas
1631 549 1758 581 diluculo,

966 604 993 627 et
1006 598 1162 626 habitavero
1173 597 1199 624 in
1210 597 1340 625 extremis
1357 595 1452 629 maris,
1471 595 1573 622 ctenim
1589 595 1644 623 illic
1663 603 1759 622 llltlllllS

968 650 1012 672 tua
1028 645 1142 672 deducet
1155 652 1198 672 me
1210 641 1245 671 ".
1264 652 1274 669 ι
1293 642 1442 678 Oportebat
1454 643 1536 677 igitur
1558 650 1605 670 eos
1627 650 1680 669 non
1704 650 1759 676 pne

969 692 1074 720 inscitia
1088 691 1248 719 temerarias
1262 691 1343 718 hasce
1356 697 1437 718 voces
1449 693 1586 722 eructare,
1600 688 1647 716 sed
1665 696 1757 716 secum

967 737 1134 774 perpendere
1149 736 1238 772 qualis
1253 741 1281 764 et
1295 741 1406 771 quanta.
1423 740 1452 764 et
1468 743 1549 770 quam
1574 734 1711 763 excellens
1724 734 1760 761 sit

967 784 1060 812 divina
1086 788 1168 819 atque
1193 784 1325 811 immensa
1349 781 1548 818 inellabilisque
1575 781 1624 809 Dei
1650 785 1758 808 natura.

968 830 1027 864 Quo
1041 833 1121 865 pacto
1142 830 1214 857 enim
1231 829 1300 857 Deus
1315 828 1433 856 Verbum
1447 828 1600 863 seiunctum
1613 826 1759 862 aliquando

969 876 1051 904 fuerit
1069 884 1084 904 a
1100 876 1189 908 Patre.
1198 881 1245 903 aut
1259 876 1288 902 in
1306 876 1365 911 ipso
1378 881 1488 903 manere
1499 873 1629 902 desierit?
1644 873 1672 901 Si
1687 873 1759 900 enim

120 921 137 947 ὁ
147 920 214 952 Θεὸς
230 919 317 954 Λόγος
337 919 443 955 ἀπέστη
457 918 505 946 τοῦ
520 915 592 946 εἶναι
609 919 680 954 μετὰ
697 918 745 945 τοῦ
766 919 883 954 Πατρός,
898 914 912 954 ἠ

1000 924 1026 951 ιιί
1041 928 1130 959 potest
1145 928 1174 950 ut
1188 931 1202 950 a
1215 923 1317 950 lumine
1333 922 1442 950 excidat
1454 926 1649 956 separeturquo
1664 920 1758 955 splen-

119 965 170 993 ¹τοῦ
190 968 219 994 ὲν
234 966 309 1002 αὺτῷ
323 966 436 1002 μένειν;
457 965 491 992 El
516 966 571 1001 γὰρ
593 965 732 1001 ἐνδέχεται
749 965 796 992 τοῦ
826 961 916 1000 φωτὸς

121 1013 260 1043 ἐκπεσεῖν,
273 1010 321 1039 καὶ
340 1010 510 1047 χωρισθῆναι
524 1011 555 1038 τὸ
569 1011 742 1047 ἀπαύγασμα
753 1010 785 1037 τὺ
804 1011 852 1038 ἀπ’
867 1010 916 1038 αὺ-

120 1057 181 1089 τοῦ,
194 1054 229 1092 ἦν
243 1056 276 1084 ἂν
292 1056 367 1088 εἰκὸς
377 1056 514 1092 ἐννοῆσαι,
528 1057 570 1084 ὅτι
582 1056 628 1083 τὸν
640 1056 703 1083 Υιὺν
719 1055 859 1091 ἐνδέχεται
876 1055 916 1093 μὴ

120 1100 193 1130 εἶναι
213 1102 283 1138 μετὰ
302 1102 350 1129 τοῦ
373 1103 492 1138 Πατρός.
513 1102 577 1134 Πῶς
592 1102 647 1139 γὰρ
665 1102 715 1129 οὐκ
737 1102 853 1138 ἐνόησαν
874 1103 916 1129 ὅτι

119 1149 249 1185 γεννητὸς
260 1149 299 1176 ὣν
314 1150 330 1177 ό
345 1149 435 1185 ἥλιος·
452 1149 557 1184 κτίσμα
571 1149 627 1185 γάρ
639 1150 709 1182 ἐστι,
722 1149 755 1176 δι’
769 1148 853 1176 αὑτοῦ
867 1148 915 1175 τοῦ

121 1195 211 1230 Λόγου
236 1195 417 1231 παρενεχθεὶς
438 1197 478 1228 εἰς
502 1195 644 1231 γέννησινο
667 1194 773 1231 διέρπει
799 1195 850 1230 μὲν
865 1194 917 1230 τὴν

119 1241 179 1269 ἄνω
204 1241 252 1268 καὶ
276 1237 352 1278 αὖτῷ
385 1242 533 1278 ταχθεῖσαν
559 1241 636 1274 ὁδὸν,
665 1241 777 1277 καθίησι
803 1241 832 1267 δὲ
859 1241 915 1272 τοῖς

119 1287 295 1323 ἁπανταχόσε
311 1288 341 1315 τὸ
353 1287 423 1322 φῶς,
439 1288 485 1314 καὶ
497 1287 586 1315 πάντα
599 1286 713 1322 πληρῶν
726 1287 776 1322 τῆς
789 1286 819 1319 ἐξ
831 1284 914 1312 αὐτοῦ

121 1333 311 1370 προχεομένης
324 1333 424 1369 αὐγῆς,
435 1333 492 1368 εχει
506 1333 588 1360 πάλιν
602 1331 688 1367 αὐτὴν
702 1332 731 1359 ὲν
744 1331 831 1368 αὐτῷῖ
845 1332 914 1359 Πότε

121 1380 212 1408 τοίνυν
235 1380 286 1408 οὒκ
306 1377 341 1416 ἦν
355 1380 385 1407 ιν
408 1379 498 1414 Πατρὶ
514 1380 546 1407 τὸ
570 1379 742 1414 ἀπαύγασμα
763 1379 813 1414 τῆς
835 1378 915 1414 δόξης

121 1426 205 1454 αὑτοῦ
220 1426 293 1462 (ﬂ);
308 1426 375 1453 πότε
392 1425 558 1462 κεχώρισται
572 1426 621 1461 τῆς
641 1425 817 1458 ὑποστάσεως
830 1424 914 1453 αὐτοῦ

120 1473 295 1510 όχαρακτὴρ
307 1473 411 1507 αὑτοῦ,
435 1473 484 1501 καὶ
506 1473 541 1500 τὰ
565 1473 655 1500 πάντα
677 1471 846 1509 πληροῦντος
866 1471 914 1500 τοῦ

123 1518 241 1554 Πατρὸς,
253 1519 304 1545 οὐκ
315 1518 372 1554 ἔχει
386 1517 467 1545 τοῦτο
480 1517 551 1545 κατὰ
561 1517 642 1553 φύσιν
653 1518 668 1544 ὸ
679 1514 753 1551 Υἱὸς,
767 1517 798 1544 τὸ
813 1517 913 1551 πάντα,

120 1565 205 1601 φημὶ,
220 1563 354 1600 πληροῦν,
365 1564 413 1591 καὶ
424 1563 563 1600 πανταχοῦ
575 1561 656 1596 εἶναι,
668 1563 716 1590 καὶ
729 1563 836 1596 οὐδενὸς
844 1565 914 1592 ἁπο-
927 1585 949 1614 c

120 1609 322 1645 λιμπάνεσθαιι
339 1610 505 1646 Έτεροφυὴς
520 1609 575 1646 ἄρα
591 1609 656 1645 παρ’
667 1609 750 1636 αὐτόν
766 1610 834 1637 ἐστι.
853 1610 915 1637 Ἐκ-

121 1656 254 1683 πίπτουσι
271 1655 363 1683 τοίνυν
380 1656 421 1688 εἰς
437 1656 488 1691 τὴν
508 1655 564 1682 τῶν
584 1655 718 1692 Ἀριανῶν
737 1655 915 1692 πεπλανημέ-

121 1710 170 1738 νην
187 1702 267 1736 δόξαν
279 1703 305 1729 οἱ
317 1702 403 1728 ταῦτα
416 1702 506 1736 λέγειν
522 1701 677 1737 τολμῶντες
692 1702 758 1737 περὶ
771 1702 867 1730 αὐτοῦ.
882 1702 914 1728 Εἰ

122 1748 173 1782 μὲν
189 1748 244 1784 γὰρ
261 1748 369 1784 ἀληθῶς
387 1748 588 1776 πεπιστεύκασι
608 1748 649 1775 ὅτι
664 1748 713 1775 καὶ
730 1747 806 1781 Θεὸς,
822 1748 870 1775 καὶ
881 1748 915 1774 ὲκ

120 1793 189 1820 θεοῦ
202 1794 311 1829 Πατρός
333 1794 405 1822 κατὰ
427 1794 509 1829 φύσιν
534 1794 657 1829 πέφυκεν
667 1795 682 1822 ό
694 1794 769 1827 Υἱὸς,
782 1795 808 1822 τί
820 1795 858 1831 μὴ
869 1795 914 1822 νέ-

121 1849 204 1876 μουσι
218 1840 294 1876 αὐτῷ
311 1841 346 1868 τὰ
361 1842 396 1877 τῇ
407 1841 468 1877 θείᾳ
483 1841 561 1876 φύσει
573 1841 729 1877 πρέποντας
741 1842 773 1868 Et
783 1841 811 1868 δὲ
827 1842 914 1877 ὃνομα

122 1887 173 1922 μὲν
187 1887 262 1922 αὐτῷ
275 1887 307 1914 τὸ
322 1887 370 1914 τοῦ
385 1887 453 1914 Θεοῦ
470 1887 699 1924 περιπλάττουσι,
714 1887 770 1914 τῶν
789 1887 915 1923 ἀξιωμά-

120 1942 174 1961 των
202 1934 231 1960 δὲ
254 1933 436 1969 ἀποστεροῦσι
459 1934 510 1969 τῆς
534 1934 851 1970 Θεότητος,ὴγνοήκασι,
871 1935 914 1961 ὅτι

121 1979 305 2016 καταφέρουσι
329 1982 358 2007 ὲν
376 1981 509 2016 κτίσμασι
526 1980 573 2008 τὸν
595 1980 725 2017 Ποιητὴν,
750 1980 798 2008 καὶ
821 1982 851 2008 ὲν
878 1982 913 2017 τῇ

122 2025 208 2061 μοίρᾳ
217 2025 272 2052 τῶν
289 2026 442 2060 γεγονότων
457 2026 586 2053 τάττουσι
603 2025 650 2053 τὶν
667 2026 721 2053 τῶν
743 2025 812 2053 ὅλων
835 2026 914 2052 Γενε-

121 2071 248 2107 σιουργδν
270 2072 319 2099 καὶ
339 2071 453 2107 Κύριον.
470 2071 576 2100 Οὐκοῦν
594 2069 629 2108 ἦν
647 2072 697 2107 μὲν
716 2072 762 2098 ἐπὶ
776 2071 828 2107 γῆς
844 2071 913 2099 όοώ-

122 2126 203 2153 μενος
220 2118 292 2145 κατὰ
306 2118 398 2153 σάρκα
421 2118 576 2154 ἄνθρωπος,
596 2118 712 2154 πλήρεις
726 2117 755 2145 δὲ
778 2117 825 2144 καὶ
843 2117 914 2144 οὓτω

119 2164 169 2198 τῆς
183 2163 267 2190 αὑτοῦ
281 2163 408 2199 θεότητος
421 2161 492 2199 ἦσαν
506 2164 532 2190 οἱ
546 2163 655 2200 οὐρανοί
663 2172 670 2179 ⁸
691 2163 790 2199 πληροῖ
807 2163 861 2198 γὰρ
879 2163 914 2189 τὰ

121 2209 210 2236 πάντα
227 2209 294 2242 Θεὸς
314 2209 351 2236 ὢν
365 2210 380 2236 ό
391 2210 488 2244 Λόγος.

420 2256 547 2282 ΚΕΦΔΛ.
568 2255 610 2283 κ’.

119 2301 180 2328 Ποὸ
214 2301 286 2335 τοὺς
302 2301 458 2336 λέγοντας,
475 2302 521 2329 ὅτι
538 2301 638 2335 watth
652 2303 669 2329 ό
689 2302 785 2336 Λόγος
800 2301 918 2335 ἐνεργεῖ

155 2311 209 2370 τιξς
223 2338 396 2370 θεοσημιας,
411 2336 502 2364 οὐδὲν
514 2337 647 2370 ἐχούσης
661 2336 737 2370 πρὸς
750 2336 839 2363 τοῦτο
856 2336 912 2370 τῆς

223 2338 396 2373 θεοστιμζας,
411 2336 502 2364 οὐδὲν
514 2337 647 2373 ἐχούσης
661 2336 737 2371 πρὸς
750 2336 839 2363 τοῦτο
856 2336 912 2371 τῆς

154 2372 242 2406 ἁγίας
257 2372 352 2399 αὑτοῦ
369 2372 495 2407 σαρκόςι

155 2417 224 2449 Τοὺς
236 2417 265 2444 δὲ
279 2417 418 2452 λέγοντας,
428 2418 469 2445 ὅτι
480 2418 511 2444 οὐ
523 2418 575 2454 χρὴ
587 2418 749 2445 κοινοποιεῖν
760 2417 809 2453 τὴν
821 2417 912 2453 σάρκα

159 2475 181 2492 ⁷’
193 2475 267 2504 Psal.
280 2484 412 2510 cxxxvm,
427 2476 505 2505 7-l0.

967 970 1016 998 dor
1031 971 1076 1004 qui
1094 970 1127 997 ab
1143 969 1202 1004 ipso
1220 968 1366 1004 procedit:
1386 967 1571 996 verisimiliter
1585 967 1665 994 etiam
1683 965 1760 994 intel-

967 1015 1014 1051 ligi
1030 1019 1121 1050 posset
1136 1014 1195 1042 ﬂeri
1214 1021 1294 1049 posse
1317 1018 1348 1041 ut
1367 1008 1451 1041 Filius
1470 1020 1532 1040 cum
1545 1011 1626 1039 Patre
1642 1018 1695 1039 non
1711 1011 1758 1038 sit.

967 1061 1107 1096 Quomodo
1123 1065 1215 1088 autem
1236 1067 1291 1088 non
1319 1059 1523 1092 intellexerunt,
1538 1061 1703 1091 creaturam,
1719 1061 1759 1090 ut,

966 1107 1081 1143 exempli
1099 1107 1197 1142 gratia,
1212 1106 1298 1134 solem
1313 1106 1387 1141 (nam
1402 1110 1430 1133 et
1444 1105 1485 1133 sol
1504 1109 1630 1132 creatura
1643 1108 1698 1136 est,
1711 1111 1759 1139 per

968 1154 1083 1183 Verbum
1102 1154 1189 1188 ipsum
1200 1153 1235 1181 ad
1245 1157 1335 1181 ortum
1352 1151 1522 1186 traductus),
1536 1158 1586 1185 per
1598 1150 1758 1183 Zodiacum,

966 1200 1124 1236 praescripta
1139 1199 1191 1228 sibi
1213 1200 1241 1227 in
1259 1199 1330 1227 cmlo
1353 1199 1398 1227 via
1415 1199 1444 1226 in
1459 1198 1553 1226 orbem
1565 1197 1648 1230 ferri;
1662 1197 1759 1224 demit-

967 1251 1024 1274 tere
1043 1248 1133 1274 autem
1162 1246 1258 1280 quovis
1282 1246 1404 1273 locorum
1417 1252 1497 1272 suum
1521 1244 1760 1278 lumen:cumque

965 1292 1056 1319 omnia
1085 1292 1196 1327 impleat
1223 1292 1368 1327 (splendore
1392 1299 1473 1326 quem
1488 1298 1522 1319 ex
1534 1298 1565 1318 se
1582 1289 1704 1323 ell'undit,
1718 1289 1759 1315 ni-

966 1337 1114 1365 hilominus
1131 1342 1220 1365 tamen
1253 1337 1328 1365 illum
1352 1338 1434 1365 etiam
1451 1337 1479 1364 in
1494 1344 1524 1365 se
1540 1335 1680 1364 retinere?
1703 1335 1759 1362 Ali-

965 1383 1110 1416 quandone
1124 1382 1207 1418 igitur
1222 1390 1275 1410 non
1289 1382 1372 1410 luerit
1382 1382 1411 1410 in
1430 1381 1511 1410 Patre
1526 1381 1652 1415 splendor
1666 1380 1760 1416 gloriae

965 1428 1042 1462 ejus?
1056 1434 1215 1463 separatave
1230 1429 1314 1457 fuerit
1323 1429 1470 1464 aliquando
1485 1428 1520 1456 ab
1533 1429 1672 1464 hypostasi
1688 1426 1758 1461 ejus.

967 1474 1054 1510 imago
1075 1475 1180 1510 ipsius?
1197 1480 1225 1503 et
1239 1483 1301 1502 cum
1322 1474 1415 1502 omnia
1431 1474 1542 1510 impleat
1564 1474 1654 1506 Pater,
1667 1481 1758 1501 annon

965 1520 1047 1548 etiam
1061 1520 1114 1548 hoc
1137 1521 1216 1556 juxta
1241 1520 1380 1555 propriam
1406 1527 1483 1548 suam
1503 1524 1629 1547 naturam
1649 1520 1759 1547 habebit

966 1566 1063 1599 Filius,
1084 1567 1155 1601 quod
1187 1567 1312 1594 videlicet
1339 1566 1432 1594 omnia
1464 1566 1583 1601 impleat.
1607 1571 1635 1594 et
1670 1566 1758 1593 ubivis

965 1612 1087 1641 locorum
1113 1614 1160 1646 sit,
1177 1622 1263 1649 tneque
1291 1614 1325 1640 ab
1351 1613 1405 1640 ullo
1426 1612 1648 1640 absit?Divers:e
1676 1612 1759 1648 igitur

966 1665 1069 1689 natura:
1081 1659 1116 1687 ab
1141 1660 1200 1695 ipso
1223 1660 1286 1687 erit.
1299 1659 1432 1693 Quocirca
1450 1659 1476 1686 in
1501 1659 1665 1686 Arianorum
1682 1665 1757 1684 crro-

966 1715 1045 1735 neam
1062 1706 1215 1741 opinionem
1240 1705 1428 1740 prolabuntur,
1443 1704 1488 1739 qui
1507 1704 1564 1732 haec
1584 1705 1618 1731 de
1639 1704 1697 1738 ipso
1712 1703 1756 1730 di-

966 1760 1030 1781 cere
1048 1753 1160 1780 audent.
1175 1752 1204 1779 Si
1227 1751 1299 1778 enim
1320 1759 1384 1779 vere
1403 1751 1590 1783 crediderunt,
1611 1749 1709 1777 Filium
1730 1750 1758 1776 ct

966 1799 1062 1831 Deum,
1077 1802 1104 1825 et
1117 1804 1149 1824 ex
1167 1797 1222 1824 Deo
1233 1796 1313 1823 Patre
1323 1797 1472 1824 secundum
1489 1801 1613 1823 naturam
1636 1795 1756 1829 genitum

965 1851 1099 1872 essczcur
1116 1851 1167 1870 non
1179 1844 1322 1872 ascribunt
1339 1843 1376 1871 illi
1389 1851 1449 1878 qute
1464 1843 1562 1870 divinae
1577 1847 1680 1869 natura:
1692 1850 1756 1868 cmi-

965 1889 1099 1917 veniunt?
1115 1889 1144 1916 Si
1161 1896 1226 1917 vero
1242 1897 1342 1916 nomen
1357 1889 1466 1924 quidem
1478 1887 1526 1915 Dei
1544 1888 1594 1922 ipsi
1612 1887 1754 1923 aﬂiugunt,

965 1936 1119 1963 divinitatis
1155 1940 1246 1963 autem
1278 1934 1458 1970 dignitatibus
1491 1939 1572 1969 atque
1604 1934 1757 1968 insignibus

966 1983 1054 2018 ipsum
1079 1982 1200 2017 privanl,
1233 1982 1360 2017 ignorant
1373 1989 1403 2009 se
1423 1980 1580 2008 Creatorem
1600 1979 1635 2007 ad
1664 1984 1755 2008 creata

964 2027 1121 2059 deturbare,
1132 2025 1310 2062 omniumque
1321 2030 1397 2054 ortus
1407 2026 1554 2054 Auctorem
1569 2032 1601 2053 ac
1613 2025 1756 2052 Dominum

964 2075 1058 2102 eodem
1085 2081 1147 2101 cum
1178 2073 1311 2101 creaturis
1334 2073 1430 2101 ordine
1450 2072 1596 2100 collocare.
1621 2071 1756 2105 Quocirca

963 2124 1024 2148 erat
1035 2120 1144 2155 quidem
1159 2120 1185 2147 in
1199 2123 1283 2153 terra,
1293 2119 1368 2147 visus
1376 2118 1525 2146 secundum
1534 2125 1646 2146 carnem
1658 2118 1759 2157 homo;

964 2165 1036 2201 pleni
1065 2170 1156 2192 autem
1185 2164 1360 2192 nihilominus
1387 2164 1473 2198 ipsius
1500 2163 1654 2191 divinitatis
1678 2168 1758 2190 erant

964 2210 1037 2239 cteli.
1053 2209 1150 2238 Omnia
1164 2212 1237 2238 enim
1259 2210 1354 2245 implet
1375 2209 1446 2237 Deus
1461 2209 1600 2238 exsistens
1625 2209 1755 2238 Verbum.

1209 2253 1292 2290 390
1311 2253 1426 2282 CAPUT
1445 2254 1505 2282 xx.

967 2300 1098 2327 Adversus
1122 2300 1248 2332 dicentes,
1286 2298 1400 2326 Verbum
1433 2298 1602 2333 peculiariter
1623 2299 1756 2326 miracula

1001 2336 1116 2369 operari,
1137 2340 1228 2362 sancta
1249 2335 1331 2369 ipsius
1354 2342 1434 2361 carne
1457 2333 1523 2361 nihil
1547 2334 1582 2361 ad
1595 2334 1643 2362 hoc
1664 2334 1756 2368 confe‘

1001 2376 1083 2397 rente.

1000 2417 1053 2444 Eos
1064 2421 1157 2443 autem
1167 2416 1213 2450 qui
1229 2414 1365 2444 allirmant
1376 2422 1430 2444 non
1441 2419 1569 2451 oportere
1583 2422 1757 2445 communem

719 2536 798 2566 ΒΟΝ.
813 2536 986 2565 VULCANll
1001 2535 1119 2565 NOTAE.

155 2611 212 2647 (M)
233 2611 307 2639 Πότε
325 2613 431 2640 τοίνυν
448 2613 504 2640 οὐκ
518 2611 557 2648 ἦν
575 2613 610 2640 ἐν
625 2613 666 2646 τῷ
681 2612 772 2648 Πατρὶ
786 2612 819 2640 τὸ
835 2612 912 2640 amt

1000 2622 1020 2640 α
1037 2612 1092 2648 τῆς
1116 2612 1209 2647 δόξης
1226 2613 1319 2641 αὐτοῦ
1329 2621 1339 2646 ;
1355 2613 1417 2641 lsid.
1435 2613 1586 2641 Pclusiotes
1610 2613 1690 2647 epist.
1709 2612 1755 2644 58.

119 2647 165 2684 llb.
182 2648 467 2684 nt,eleganterlocum
482 2647 554 2676 hunc
570 2649 697 2682 explicat,
715 2649 808 2675 dicens
821 2657 828 2684 ς
843 2648 900 2675 Καὶ

1000 2649 1082 2680 ιέσιος
1100 2649 1204 2680 Παῦλος
1220 2649 1267 2675 καὶ
1281 2648 1376 2684 ὥσπερ
1391 2649 1484 2681 ἔνθους
1499 2649 1654 2684 γενόμενος,
1668 2648 1759 2675 πάντα

119 2683 154 2709 τὰ
165 2682 249 2723 γῄῖνα
264 2691 302 2709 πα
322 2683 478 2725 αδείγματα
499 2684 639 2745 ὑπερνηὶἀ
662 2692 731 2726 ενος,
754 2683 926 2725 ὀεπαύγασμα
940 2684 991 2726 τῆς
1011 2684 1101 2726 δόξης,
1124 2684 1177 2710 καὶ*
1189 2682 1422 2734 χαρακτῇραπῆς
1445 2682 1621 2727 ὑποστάσεως
1641 2685 1692 2719 τῆς
1706 2693 1757 2710 πα-

119 2726 216 2745 “tunc
229 2718 276 2744 τὸν
288 2692 353 2745 Υςὸν
378 2717 449 2745 εἷναι
463 2719 596 2745 ωοίσατο·
629 2692 661 2745 t5:
672 2727 720 2745 μεν
734 2727 781 2745 του
803 2726 912 2745 ποωτου
933 2727 963 2745 το
983 2720 1129 2745 συναῖοιον.
1144 2719 1189 2745 διὰ
1211 2727 1239 2745 ος.
1263 2727 1310 2745 του
1328 2720 1454 2745 δευτέρου
1479 2719 1711 2745 παραδειγματος.
1727 2719 1757 2745 τὸ

119 2718 216 2779 “ut?
229 2718 276 2744 τὸν

120 2761 188 2779 ενυπ
205 2761 276 2779 στατι

120 2754 188 2779 ἑνυπ

313 2719 353 2745 ίὸν
378 2717 449 2745 εἷναι
462 2717 583 2754 ᾠρίσατο
590 2726 596 2733 ·

671 2719 720 2753 μὲν
734 2719 787 2755 τοῦ
803 2719 912 2755 πρώτου
933 2719 963 2745 τὸ
983 2719 1129 2751 συναῖὁιον,
1144 2719 1189 2745 διὰ
1211 2719 1239 2745 δὲ
1263 2719 1310 2755 τοῦ
1328 2720 1454 2755 δευτέρου
1479 2719 1711 2755 παραδείγματος,
1727 2719 1757 2745 τὸ

205 2761 302 2780 στατον
321 2754 442 2788 μηνύων.
461 2753 518 2780 HOC
541 2760 592 2786 est,
610 2753 644 2780 Et
658 2754 762 2780 divinus
779 2754 823 2780 ille
847 2754 912 2780 Paul

205 2797 242 2815 tes
255 2789 418 2815 transiliam.
431 2789 595 2815 splendorem
611 2789 703 2815 ulariw
717 2793 742 2815 et
765 2788 912 2814 charactere

1000 2763 1012 2780 ε
1030 2755 1097 2781 velut
1115 2755 1167 2781 Deo
1183 2754 1384 2815 plenuslgaclus.
1401 2753 1489 2782 omnes
1511 2753 1628 2781 terrenas
1650 2763 1756 2787 compa-

1000 2796 1077 2815 terme
1094 2790 1259 2815 utbstanlt'ae.
1302 2790 1376 2815 ilium
1391 2798 1445 2815 esse
1461 2790 1566 2815 statuit-
1583 2798 1627 2815 ner
1639 2790 1754 2815 priorem

123 2794 242 2815 ratione;
255 2789 418 2824 transiliens,
431 2789 595 2823 splenderent
610 2789 703 2823 gloria:
717 2793 742 2815 et
765 2788 940 2814 characterem
960 2796 1077 2824 palemis
1094 2790 1259 2822 utbstantiaa,

1302 2790 1376 2828 ilitnn
1391 2798 1445 2816 esse
1461 2790 1566 2821 statuit,
1582 2798 1627 2823 per
1638 2790 1754 2828 priorem

120 2823 344 2857 comparationem
364 2829 522 2850 comeruum
541 2832 596 2851 esse
611 2824 698 2854 Patri,
713 2831 759 2857 per
780 2824 948 2857 posteriorem
968 2833 1026 2851 tero
1050 2826 1283 2858 romparutt’onem,
1302 2825 1328 2851 in
1346 2823 1427 2851 Patre
1448 2826 1574 2852 exsistere
1595 2833 1653 2851 eum
1668 2825 1751 2856 signi-

121 2857 214 2899 ﬁcans.
231 2857 268 2899 Ita
277 2858 411 2899 gyrillus_
420 2858 558 2899 Christum
571 2858 675 2899 'FIllllm
692 2859 747 2899 Dei.
768 2859 801 2884 ἐκ
813 2858 883 2899 θεοῦ
908 2868 912 2894 λ

1000 2862 1080 2894 ατρὸς
1098 2857 1149 2894 πρὸ
1166 2859 1266 2891 παντὸς
1284 2860 1380 2891 αἰῶνος
1395 2861 1441 2886 καὶ
1462 2861 1558 2895 χρόνου
1573 2859 1748 2896 γεννηθέντα,

121 2892 196 2926 Θεὸν,
213 2894 259 2920 καὶ
277 2893 416 2928 Μονογενῆ
433 2894 478 2920 καί
495 2894 676 2921 ἐνυπόσῖατον
690 2894 775 2927 Λόγον
791 2893 881 2926 αὑτοῦ,
893 2892 980 2922 vocat;
