1883 3056
135 118 204 146 1115

134 178 226 204 tacere
241 183 352 204 carnem
370 183 430 203 cum
449 174 594 203 divinitate
612 175 761 210 Unigeniti,
779 183 867 210 neque
882 175 919 202 di-
940 177 962 205 Α

136 222 274 250 vinitatem
296 229 356 250 eum
375 229 458 249 carne
479 222 506 250 in
525 221 690 249 editionibus
708 222 923 248 miraculorum:

135 269 275 295 autetiam
295 268 454 295 suscitatam
479 275 539 295 esse
564 267 696 294 Lazarum
717 276 732 295 e
750 271 925 294 monumento

135 313 269 340 clamante
288 320 340 340 non
356 314 476 344 homine,
499 312 546 340 sed
568 312 622 341 Deo
637 312 744 340 Verbo:
758 319 785 340 et
800 321 860 341 cum
874 313 926 340 iter

137 358 247 392 faceret,
264 366 316 386 non
333 359 416 386 Deum
432 359 615 386 lassitudinem
633 360 761 391 sensisse,
771 360 818 386 sed
837 359 925 387 liomi-

137 411 196 431 nem
222 408 411 438 assumptum:
435 405 480 439 qui
507 406 589 432 etiant
618 405 716 432 famem
740 413 772 432 ac
794 405 867 432 sitim
885 409 926 433 est

135 453 275 483 expertus,
296 449 424 483 crucique
446 449 539 477 aﬂixus
553 455 580 477 et
598 454 721 477 mortuus
747 455 805 478 est:
823 450 849 477 in
865 451 925 477 uni-

137 501 243 520 versum
259 501 272 519 a
288 493 403 521 veritate
426 495 553 521 aberrare
567 494 692 527 dicimus,
710 495 926 530 mysteriumque

137 538 331 565 incarnationis
356 539 492 573 ignorare.
517 539 610 573 Neque
636 541 708 566 enim
725 541 840 568 dicimus
858 541 926 568 duos

135 591 196 610 csse
210 583 304 616 Filios,
324 592 411 619 neque
436 585 503 612 duos
525 585 661 617 Christus,
682 586 728 613 sed
752 587 923 614 unumCln-i-

137 634 207 656 stum
230 635 257 656 et
284 629 398 663 Filium;
423 631 468 665 qui
493 631 600 664 quidem
628 639 660 658 ex
687 631 742 658 Deo
763 631 845 660 Patre
862 638 926 660 ante

136 675 226 702 omnia
244 677 343 703 sarcula
361 680 387 702 et
418 681 537 711 tempora
562 676 680 711 genitus,
704 681 731 704 et
755 678 781 704 in
801 678 859 712 ipso
877 687 925 705 ex-

137 721 209 748 sistit
225 720 343 748 Verbum
360 722 443 756 ipsius
460 731 467 750 :
486 724 510 749 in
528 723 630 750 ultimis
645 729 734 750 autem
749 725 838 751 saeculi
858 730 926 751 tem-

138 768 248 802 poribus
264 769 389 796 enlndein
403 770 550 797 secundum
569 778 679 797 carnem
693 779 725 798 ex
744 772 856 799 muliere
875 781 926 798 na-

139 821 206 844 tum.
229 815 267 843 Ne
287 817 369 851 igitur
392 822 519 851 tanquam
542 817 687 844 bianimem
709 819 879 853 distinguant
894 827 925 848 ac

137 866 277 895 separent,
313 869 380 889 neve
406 862 472 888 duos
499 862 577 889 nobis
603 863 732 890 inducant
757 863 856 890 Filios.
880 866 926 891 sed

138 913 220 932 nnmn
236 911 318 940 atque
332 907 456 933 eumdem
475 907 622 938 latcautnr,
643 913 671 934 ut
687 908 858 936 inrarnatum
878 910 925 937 Dei

138 950 270 983 Verbum;
289 952 463 987 ejusdemque
476 960 536 980 esse
552 953 641 980 omnia
658 973 666 986 ,
679 959 707 980 et
721 955 800 981 verba
816 960 842 982 et
861 964 926 990 ope-

137 997 268 1024 raliones.
284 997 351 1025 Cum
363 999 435 1026 enim
454 999 510 1034 ipse
532 999 603 1026 Dens
617 999 664 1031 sit,
680 1005 706 1026 et
727 1001 807 1028 simul
821 1010 927 1036 quoque

138 1043 235 1075 homo,
253 1043 372 1077 loquitur
390 1045 582 1072 convenienter
595 1050 621 1072 et
635 1046 766 1073 divinitati
788 1052 814 1074 et
832 1049 927 1074 imma-

139 1089 214 1116 nitati
229 1098 236 1116 :
249 1095 376 1124 operatur
393 1095 482 1117 autem
499 1090 581 1118 etiam
597 1091 724 1120 similiter
745 1098 772 1120 et
795 1093 884 1119 divina
901 1098 928 1120 et

139 1135 267 1163 humana.
283 1135 349 1163 Cum
369 1136 450 1171 igitur
465 1144 516 1164 non
539 1136 659 1165 fatentur
685 1147 766 1165 unum
786 1139 882 1166 Filium
902 1145 928 1167 et

140 1180 292 1214 Dominum,
303 1181 429 1209 desinant
453 1182 579 1217 imperite
598 1191 660 1210 eum
687 1185 807 1212 dividere
820 1190 846 1212 et
865 1194 927 1220 par-

139 1227 182 1253 tiri
198 1227 224 1254 ln
236 1228 323 1260 duos;
343 1233 372 1254 ut
386 1236 455 1255 uitus
468 1229 578 1263 quidem
597 1230 744 1263 separatim
761 1235 788 1258 et
802 1231 929 1259 distincte

138 1272 224 1300 Filius
237 1273 415 1309 intelligatur,
433 1273 552 1302 Verbum
567 1276 694 1303 videlicet
709 1284 740 1303 ex
760 1276 814 1304 Deo
831 1277 926 1306 Patre:

138 1319 208 1346 alius
229 1324 318 1346 autem
346 1328 439 1348 rursus
460 1322 606 1356 separatim
633 1327 660 1349 et
682 1323 809 1350 distincte
832 1324 928 1355 Filius.

139 1369 169 1389 ut
190 1363 240 1398 ipsi
265 1364 372 1399 quidem
401 1365 506 1397 volunt,
530 1366 575 1400 qui
599 1367 736 1394 hominem
771 1371 929 1403 assumpsit.

140 1408 195 1436 Nos
209 1410 281 1436 enim
299 1418 468 1446 nequaquam
486 1411 522 1438 ita
538 1412 666 1446 dicimus,
686 1420 772 1448 neque
789 1414 824 1441 ita
840 1416 930 1442 credi-

140 1463 218 1483 mus:
235 1457 282 1482 sed
296 1457 370 1491 quod
395 1457 466 1485 Deus
480 1458 615 1486 exsistens
638 1459 756 1486 Verbum
771 1460 870 1487 tactum
888 1466 930 1489 est

140 1508 221 1533 caro,
235 1508 322 1535 neque
337 1502 416 1529 desiit
428 1510 490 1530 esse
503 1503 584 1537 Deus,
601 1504 647 1531 sed
659 1505 806 1539 permansit
817 1505 844 1532 id
856 1507 927 1541 quod

140 1551 208 1579 erat,
223 1547 325 1582 absque
345 1548 397 1576 ulla
413 1550 562 1576 mutatione
578 1550 635 1576 sive
652 1550 821 1584 alteratione,
833 1557 859 1578 et
870 1559 930 1579 car-

139 1592 185 1626 nis
199 1598 278 1626 atque
290 1595 430 1628 sanguinis
445 1596 580 1630 particeps
596 1595 744 1622 secundum
759 1596 929 1632 Scripturas:

141 1645 251 1665 carnem
274 1647 337 1666 vero
354 1641 403 1675 ipsi
422 1641 536 1672 unitum,
554 1642 745 1676 propriamque
766 1642 851 1677 ipsius
865 1643 931 1671 επο-

141 1690 224 1718 ctam,
250 1687 340 1713 anima
357 1687 524 1721 intelligente
540 1689 686 1714 animatam
707 1688 790 1716 fuisse
804 1690 919 1718 dicimus

388 1743 468 1780 391
484 1743 597 1772 CAPUT
614 1743 684 1772 XXI.

141 1796 272 1825 Adversus
291 1799 406 1826 dicentes
432 1808 481 1826 non
501 1808 557 1827 esse
583 1805 745 1833 assumptum
770 1811 828 1830 cum
853 1812 932 1831 carne

176 1833 226 1859 sibi
238 1834 370 1874 νηίδα-[ει
379 1836 502 1874 adversus
519 1836 751 1874 dicentea,_corptts
767 1845 931 1874 assumptum

178 1874 277 1896 sancte
295 1868 419 1896 Trinitati
435 1871 598 1896 cummistum
612 1868 704 1905 fuisse;

943 1525 966 1555 (Ξ

176 1955 350 1990 Assumptnm
371 1962 435 1982 vero
453 1963 514 1983 esse
525 1964 586 1983 cum
609 1964 692 1983 carne
710 1956 759 1984 sibi
776 1959 849 1986 unita
864 1967 932 1995 quo-

142 2000 222 2028 modo
233 2001 368 2036 quispiam
387 2002 544 2036 negaverit?
557 2002 723 2031 Snscitalum
739 2005 811 2032 enim
827 2014 842 2033 a
860 2014 933 2034 tuor-

144 2046 206 2079 tuis,
227 2046 314 2081 ipsnm
338 2047 471 2080 videlicet,
489 2048 560 2076 sicut
578 2050 703 2084 apparuit
727 2055 754 2077 et
775 2051 933 2087 intelligitur

144 2093 236 2125 homo,
246 2093 392 2121 collocavit
409 2094 489 2122 Pater
512 2095 538 2122 in
553 2096 650 2122 dextra
671 2096 762 2124 throni
781 2098 933 2133 majestatis

144 2140 170 2166 in
182 2140 310 2172 excelsis,
326 2149 405 2175 supra
424 2149 531 2168 onmem
555 2143 748 2178 principatum,
765 2149 792 2171 et
812 2151 932 2180 potesta-

626 117 654 146 S.
675 117 810 147 CYRILLI
829 115 1064 145 ALEXANDRINI
1085 114 1244 143 AliClllEl’.

1709 111 1792 139 ιιη

977 175 1009 210 τῇ
1034 174 1143 209 θεότητι
1165 172 1212 200 τοῦ
1239 172 1427 206 Μονογενοῠς,
1450 171 1509 199 οὐδὲ
1534 171 1584 207 τὴν
1601 171 1723 206 θεὸτητα
1748 173 1789 207 τῇ

976 220 1059 256 σαρκὶ
1070 221 1098 247 ὲν
1110 221 1171 251 ταῖς
1183 218 1415 255 θαυματουργίαις
1424 227 1430 234 ·
1446 218 1463 254 ἦ
1475 219 1522 246 καὶ
1535 219 1575 245 ὅτι
1587 218 1634 245 τὸν
1647 217 1788 253 Λάζαρον

976 267 1009 293 ὲκ
1024 265 1071 292 τοῦ
1098 265 1230 301 μνημείου
1255 265 1366 300 ἤγειρεν
1384 264 1514 300 φωνήσας
1539 265 1589 300 οὐχ
1608 264 1786 299 ἄνθρωπος,

976 312 1033 339 ἀλλ’
1049 312 1063 338 ὁ
1077 311 1143 342 Θεὸς
1170 311 1270 344 Λόγος·
1285 310 1332 336 καὶ
1347 310 1388 336 ὅτι
1405 309 1454 344 οὺχ
1473 310 1487 336 ὁ
1503 309 1569 341 Θεὸς
1591 309 1725 336 ἐκοπίασε
1752 310 1786 336 ἐν

976 359 1008 394 τῇ
1027 357 1178 392 ὁδοιπορίᾳ,
1195 356 1253 382 ἀλλ’
1268 356 1282 382 ὁ
1298 355 1464 390 ἀναληφθεὶς
1487 354 1646 390 ἄνθρωπος,
1661 355 1712 382 καὶ
1729 355 1786 382 αὖ-

976 404 1022 436 τὸς
1043 404 1185 438 ὲπείνησε,
1210 402 1258 429 καὶ
1281 401 1406 437 ἐδίψησε,
1427 401 1474 427 καὶ
1499 401 1691 437 ὲνεσταυρὼθη
1704 422 1712 434 ,
1730 401 1785 428 καὶ

977 449 1126 478 ἀπέθανεν·
1141 449 1297 484 ὁλοτρὸπως
1312 448 1400 483 φαμὲν
1417 447 1634 483 διημαρτηκέναι
1649 447 1702 482 τῆς
1714 447 1784 482 ἁλη-

978 496 1064 528 Θείας,
1085 495 1132 522 καὶ
1149 495 1199 530 τῆς
1214 494 1285 530 μετά
1300 494 1401 529 σαρκὸς
1422 493 1579 529 οἰκονομίας
1592 493 1729 529 ἀγνοῆσαι
1748 493 1784 519 τὸ

980 541 1186 578 μυστήριον.οὺ
1207 541 1261 576 γὰρ
1280 538 1350 567 εἷναί
1370 548 1461 574 φαμεν
1475 539 1557 570 Υἱοὺς
1572 539 1629 571 δύο,
1647 538 1712 565 οὐδὲ
1730 539 1785 565 δύο

978 588 1129 624 Χριστοὺς,
1151 587 1208 614 ἀλλ’
1230 587 1278 614 Eva
1294 586 1421 622 Χριστὸν,
1436 585 1484 613 καὶ
1501 586 1575 617 Υἱὸν,
1593 585 1639 624 τὸν
1656 586 1690 612 ὲκ
1707 584 1782 611 Θεοῦ

981 620 1028 670 μέν
1051 634 1158 669 Πατρδς
1176 633 1230 669 πρὸ
1245 620 1347 664 παντὸς
1364 631 1463 663 αἰῶνος
1479 632 1526 658 καὶ
1546 620 1644 666 χρόνοῗ)
1674 639 1782 665 γεννη-

979 679 1059 706 θέντα
1071 679 1148 711 Θεὸν,
1168 678 1300 714 μονογενῆ
1321 678 1368 704 καὶ
1378 677 1559 704 ὲνυπόστατον
1572 676 1659 710 Λόγον
1672 675 1762 702 αὑτοῦ
1773 684 1780 689 ·

979 726 1007 752 ὲν
1023 725 1148 760 ἐσχάτοις
1166 724 1194 750 δὲ
1211 724 1257 751 τοῦ
1281 723 1379 755 αἰῶνος
1401 724 1507 758 καιροῖς
1532 722 1576 749 τὸν
1603 722 1687 750 αὐτὸν
1706 722 1782 748 κατὰ

981 771 1071 805 σάρκα
1085 771 1116 796 ἐκ
1132 769 1271 804 γυναικός.
1284 769 1380 796 Τοίνυν
1396 769 1433 801 ὠς
1450 768 1560 803 δίψυχον
1581 767 1619 803 μὴ
1634 768 1782 803 ἀποδιορι-

980 815 1111 848 ζέτωσαν,
1127 813 1195 850 μηδὲ
1206 813 1253 840 δύο
1274 814 1340 849 ἡμῖν
1355 813 1587 848 εὶσκομιζέτωσαν
1599 813 1692 845 Υἱοὺς,
1707 812 1780 838 ἀλλά

980 862 1027 888 ἕνα
1048 861 1157 888 καὶτὸν
1179 860 1259 887 αὑτὸν
1281 859 1510 895 ὀμολογείτωσαν,
1533 859 1571 891 ὡς
1593 859 1780 894 ὲνανθρωπὴ-

980 915 1062 934 σαντα
1075 906 1143 933 Θεοῦ
1157 906 1253 940 Λόγον,
1268 906 1315 932 καὶ
1329 905 1411 932 αὐτοῦ
1428 905 1528 938 πάντα,
1544 905 1592 932 καὶ
1607 905 1714 939 φωνὰς,
1730 905 1780 931 καὶ

978 953 1127 988 ἐνεργείας.
1147 951 1256 987 Ἐπειδὴ
1270 951 1324 987 γὰρ
1336 952 1351 978 ὁ
1364 951 1446 983 αὐτὸς
1463 948 1496 986 ἦν
1511 951 1577 983 Θεὸς
1591 950 1660 985 ὁμοῦ
1686 959 1716 977 τε
1731 951 1782 977 καὶ

978 997 1138 1033 ἄνθρωπος,
1160 997 1236 1023 λαλεί
1258 997 1305 1023 καὶ
1330 995 1491 1032 θεοπρεπῶς
1512 997 1560 1023 καὶ
1583 996 1780 1032 ἀνθρωπίνως.

985 1044 1106 1079 Ἐνεργεῖ
1118 1043 1146 1070 δὲ
1158 1044 1259 1079 ὁμοίως
1272 1043 1318 1070 καὶ
1331 1042 1367 1069 τὰ
1383 1042 1543 1078 ἀνθρώπινα
1558 1043 1604 1069 καὶ
1621 1043 1778 1078 θεοπρεπῆ.

980 1090 1065 1117 Ὅταν
1084 1090 1173 1117 τοίνυν
1189 1090 1238 1125 οὐχ
1261 1088 1424 1124 ὁμολογοῦσι
1440 1088 1489 1115 ἕνα
1505 1088 1569 1114 Υίδν
1592 1088 1641 1115 καὶ
1658 1088 1780 1123 Χριστὸν

980 1138 1026 1164 καὶ
1045 1137 1163 1172 Κύριον,
1188 1136 1356 1172 διαιροῦντες
1381 1134 1497 1170 ἀμαθῶς
1522 1135 1711 1161 πεπαύσονται
1731 1134 1781 1161 καὶ

980 1183 1130 1213 διῖστάντες
1147 1182 1187 1213 εἰς
1207 1181 1263 1214 δύο,
1280 1180 1318 1213 ὡς
1340 1181 1390 1208 ἕνα
1407 1181 1456 1215 μὲν
1475 1179 1567 1212 ίδικῶς
1591 1180 1639 1206 καὶ
1656 1179 1710 1206 ἀνά
1730 1179 1780 1214 μὲ-

981 1237 1026 1264 ρος
1038 1227 1101 1254 Υἱὸν
1114 1227 1244 1260 νοεῖσθαι,
1257 1226 1304 1253 τὸν
1318 1227 1350 1253 ὲκ
1362 1225 1430 1253 Θεοῦ
1447 1225 1555 1260 Πατρὸς
1566 1225 1652 1259 Λόγον
1683 1224 1779 1259 ἕτερον

979 1274 1007 1301 δὲ
1026 1273 1107 1300 πάλιν
1130 1273 1223 1305 ίδικῶς
1245 1273 1292 1300 καὶ
1315 1272 1366 1299 άνά
1382 1271 1464 1307 μέρος
1478 1271 1554 1303 Υὶὸν,
1569 1270 1627 1303 τὸν,
1642 1269 1681 1302 ὡς
1700 1269 1778 1296 αὐτοί

981 1329 1058 1355 φασι,
1071 1319 1260 1354 ἀναληφθέντα
1275 1318 1429 1354 ἄνθρωπον.
1447 1317 1541 1352 Φαμὲν
1556 1317 1610 1352 γὰρ
1625 1316 1675 1351 οὐχ
1690 1315 1778 1347 οὕτως

981 1367 1078 1402 ἡμεῖς,
1100 1365 1153 1392 οὐδ’
1173 1365 1259 1397 οὕτως
1279 1364 1456 1399 πιστεύομεν,
1479 1362 1536 1390 ἀλλ’
1557 1363 1599 1390 ὅτι
1619 1362 1688 1393 Θεὸς
1710 1361 1748 1388 ὢν
1763 1363 1778 1388 ὁ

981 1413 1066 1447 Λόγος
1083 1413 1196 1446 γέγονεν
1211 1411 1291 1447 σὰρξ,
1311 1411 1362 1437 οὐκ
1386 1408 1533 1437 ἀποόαλὼν
1547 1409 1578 1436 τὸ
1600 1406 1672 1434 εἶναι
1691 1407 1775 1440 Θεὸς,

982 1459 1049 1486 ἀλλά
1073 1458 1121 1485 καὶ
1139 1456 1301 1493 μεμενηκὼς
1315 1457 1386 1492 ὅπερ
1407 1453 1442 1491 ἦν
1464 1455 1606 1491 ἀτρέπτως
1621 1454 1670 1480 καὶ
1693 1452 1776 1480 ἀναλ-

982 1505 1111 1537 λοιώτως,
1126 1504 1173 1530 καὶ
1200 1503 1299 1539 σαρκὸς
1312 1502 1360 1529 καὶ
1375 1502 1493 1537 αἵματος
1513 1499 1690 1537 μετεσχηκὼς
1707 1499 1777 1525 κατά

982 1552 1032 1584 τὰς
1048 1551 1175 1588 Γραφάςο
1193 1550 1242 1585 τὴν
1262 1549 1291 1576 δέ
1308 1557 1340 1583 γε
1363 1547 1509 1575 ἑνωθεῖσαν
1531 1546 1617 1582 αὐτῷ,
1638 1546 1686 1573 καὶ
1711 1545 1777 1571 ἰδίαν

982 1597 1064 1624 αὑτοῦ
1086 1596 1236 1632 γενομένην
1270 1595 1360 1630 σάρκα
1390 1593 1548 1629 ὲψυχῶσθαί
1580 1601 1673 1628 φαμεν
1704 1591 1777 1627 ψυχῇ

983 1653 1074 1680 vespa.

1273 1740 1399 1768 ΚΕΦΛΛ.
1420 1738 1487 1767 KA'.

983 1799 1062 1837 Πρὸς
1080 1799 1151 1837 τοὺς
1166 1798 1321 1837 λέγονζας,
1336 1797 1381 1824 ὅτι
1394 1796 1450 1837 οὐκ
1464 1794 1621 1837 ἀνελήφβη
1632 1793 1709 1837 μετὰ
1724 1792 1775 1837 τῇς

1017 1829 1180 1870 ὲνὶυθείσήνς
1202 1829 1282 1870 αὐτῷ
1300 1829 1439 1870 ίσαρκᾴς.
1462 1830 1516 1868 [fui
1536 1829 1612 1870 tit/Lng
1633 1829 1707 1870 σοὺε

1018 1878 1138 1904 γον-τας,
1155 1863 1199 1895 ἔτι
1210 1868 1244 1895 τὸ
1256 1863 1431 1902 ἀναληξρθὲῶί
1445 1864 1532 1900 σῶμα
1546 1864 1583 1899 τῇ
1595 1864 1665 1900 ἁγίᾳ
1681 1863 1775 1898 Τριάδι

1018 1905 1230 1940 συγκέκραται.

1020 1962 1082 1989 ’Ότι
1100 1962 1128 1988 δὲ
1144 1962 1191 1987 καὶ
1208 1959 1346 1995 ἀνελήφθη
1367 1959 1436 1994 μετὰ
1453 1959 1503 1994 τῆς
1528 1957 1677 1992 ἐνωθείσης
1702 1957 1774 1991 αὑτῷ

985 2009 1094 2046 σαρκὸς,
1116 2008 1175 2039 πῶς
1189 2007 1222 2034 ἃν
1236 2005 1381 2032 ἐνδοιάσειέ
1396 2013 1459 2037 τις;
1483 2004 1537 2031 Τὸν
1551 2003 1606 2039 γὰρ
1623 2004 1656 2030 ἐκ
1671 2002 1774 2038 νεκρῶν

984 2053 1179 2089 ἐγηγερμένον.
1195 2051 1276 2078 αὑτὸν
1291 2050 1421 2085 δηλονότι,
1436 2049 1496 2076 καθ’
1507 2049 1634 2084 ὃτιέφηνε
1649 2048 1699 2074 καὶ
1713 2049 1774 2074 νοεῖ-

984 2108 1028 2126 ται
1043 2098 1195 2134 ἇνθρωπος.
1213 2095 1359 2123 κεκάθικεν
1374 2097 1387 2122 ὁ
1403 2095 1498 2130 Πατὴρ
1515 2095 1540 2121 ἐι
1555 2095 1630 2129 δεξιᾷ
1650 2093 1699 2120 τοῦ
1717 2093 1774 2129 θρό-

984 2155 1029 2172 νου
1043 2145 1090 2179 τῆς
1104 2142 1296 2179 μεγαλωσύνης
1309 2143 1338 2168 ὲν
1350 2142 1406 2173 τοῖς
1416 2141 1537 2176 ὑψηλοῖς,
1549 2139 1679 2175 ὑπεράνω
1689 2139 1774 2174 πάσης

144 2190 208 2218 tem,
226 2191 252 2213 et
270 2187 493 2220 dominationem,
509 2193 537 2214 et
554 2195 635 2222 supra
653 2196 734 2216 omne
748 2197 844 2217 nomen
859 2190 927 2226 quod

1018 2191 1073 2226 νχῆς
1086 2190 1133 2216 καὶ
1152 2188 1285 2222 ἐξουσίας,
1303 2188 1349 2214 καὶ
1362 2187 1518 2222 δυνάμεως,
1534 2186 1580 2212 καὶ
1596 2185 1772 2220 κυριότητος,

143 2231 298 2258 notninatnr
311 2232 344 2259 ⁷¹.
361 2233 455 2260 Veniet
471 2238 560 2260 autem
575 2235 611 2260 ita
628 2241 721 2261 rursus
735 2242 783 2262 suo
799 2241 930 2270 tempore.

143 2276 287 2304 Suifecerit
301 2283 390 2304 autem
404 2278 437 2305 ad
454 2279 534 2313 hujus
555 2279 594 2306 rei
614 2279 693 2306 [idem
710 2287 866 2308 sanctorum
881 2290 930 2308 an-

143 2322 261 2354 gelorum
283 2330 346 2355 vox,
363 2323 408 2358 qui
420 2324 666 2358 contemplantibus
688 2326 775 2360 ipsmn
800 2327 825 2353 in
849 2328 932 2355 caelos

142 2368 348 2400 ascendentem,
370 2373 512 2403 postquam
526 2377 541 2397 e
559 2371 673 2398 mortuis
688 2372 833 2398 suscitatus
847 2377 930 2405 esset,

143 2419 235 2447 aperte
251 2415 423 2442 clamarunt:
442 2425 451 2441 ‹
470 2415 519 2442 Hic
531 2421 573 2443 est
584 2416 663 2444 Jesus
678 2422 834 2452 assumptus
847 2426 862 2445 a
882 2426 930 2445 vo-

143 2459 202 2491 bis;
217 2459 260 2486 hic
273 2461 363 2488 veniet
374 2460 468 2487 eodem
483 2462 563 2489 modo
573 2469 626 2496 quo
637 2463 724 2498 ipsum
742 2463 847 2490 vidistis
864 2472 930 2490 eun.

143 2509 196 2531 tem
210 2505 237 2532 in
250 2505 348 2533 caelum
369 2506 403 2533 "'.
428 2516 437 2532 ι
454 2505 482 2534 Si
506 2514 571 2542 ergo
585 2508 632 2543 qui
656 2509 851 2543 assumptiouis
873 2509 932 2544 ejus

143 2555 309 2585 spectatores
323 2552 440 2584 fuerum,
451 2552 568 2580 Verbum
577 2561 659 2581 carne
672 2559 781 2581 exutum
796 2555 931 2581 viderunt:

146 2596 242 2622 merito
258 2597 379 2624 nonnulli
395 2599 477 2624 etiam
500 2598 537 2625 ita
559 2603 704 2626 venturum
727 2607 788 2626 eum
810 2599 932 2633 suspira-

146 2646 248 2669 rentur.
267 2643 334 2670 Cum
358 2651 421 2671 vero
437 2645 538 2672 sanctis
558 2645 688 2679 apostolis
701 2646 882 2672 certissunam
900 2645 930 2672 ii-

147 2688 206 2714 dem
226 2688 330 2722 fecerit,
353 2690 488 2725 palpabile
509 2699 607 2726 corpus
630 2699 708 2718 suum
732 2692 889 2724 ostendens,
905 2697 933 2719 et

147 2734 185 2760 sic
198 2740 350 2769 assumptus
367 2741 409 2763 est
424 2745 430 2763 ἶ
450 2736 485 2763 ita
504 2744 612 2763 I‘IJI‘SUII'I
628 2740 758 2764 νοιιιυιυε
776 2743 829 2769 651.
845 2744 931 2771 neque

185 2820 206 2835 '“
219 2821 317 2855 Eplies.
334 2829 352 2853 I,
366 2822 412 2848 2|.
451 2823 473 2839 "
485 2823 546 2850 Act.
565 2832 584 2856 I,
603 2823 642 2851 ll.

985 2237 1032 2264 καὶ
1056 2235 1156 2266 παντὸς
1178 2234 1310 2269 ὀνόματος
1334 2233 1548 2268 ὀνομαζομένου.
1565 2232 1645 2265 Ἥξει
1658 2231 1688 2258 δὲ
1706 2231 1773 2257 οὕτω

985 2282 1055 2308 κατὰ
1074 2280 1198 2316 καιρούς.
1223 2280 1278 2305 Καὶ
1297 2278 1410 2314 ἀρκέσει
1431 2278 1500 2312 πρὸς
1521 2277 1600 2304 τοῦτο
1618 2277 1675 2303 τῶν
1693 2277 1772 2310 ἀγίων

984 2327 1108 2362 ἀγγέλων
1124 2327 1140 2361 ἡ
1157 2325 1232 2360 φωνὴ
1247 2326 1303 2357 τοῖς
1329 2324 1476 2359 θεωμένοις
1497 2324 1579 2351 αὐτὸν
1597 2324 1772 2351 ἀναϐαίνοντα

986 2374 1054 2410 μετά
1069 2373 1118 2408 τὴν
1134 2374 1166 2399 ὲκ
1180 2372 1284 2406 νεκρῶν
1298 2372 1456 2403 ἀναϐίωσιν,
1468 2370 1620 2405 ἀναφανδὸν
1635 2370 1770 2404 βοώντων

987 2431 996 2446 ι
1015 2416 1098 2450 Οὗτος
1122 2419 1136 2444 ὁ
1163 2418 1266 2452 Ἰησοῦς
1287 2417 1301 2443 ὁ
1319 2417 1484 2452 ἀναληφθεὶς
1508 2417 1554 2451 ἀφ’
1578 2416 1666 2451 ὑμῶν,
1692 2415 1771 2446 οὓτως

984 2467 1134 2497 ἐλεύσεται,
1151 2465 1180 2491 ὃν
1197 2464 1296 2499 τρόπον
1312 2463 1461 2490 ἐθεάσασθε
1487 2462 1569 2489 αὑτὸν
1592 2463 1770 2498 πορευόμενον

983 2512 1024 2542 εἰς
1044 2510 1090 2536 τὸν
1105 2509 1229 2544 οὐρανόν.
1244 2518 1252 2534 ι
1272 2509 1302 2534 El
1321 2508 1370 2543 μὲν
1383 2506 1433 2534 οὖν
1443 2508 1467 2534 οἱ
1487 2508 1536 2542 τῆς
1551 2507 1715 2543 ἀναλήψεως
1729 2508 1769 2534 αὖε

983 2555 1030 2582 τοῦ
1045 2555 1144 2590 θεωροὶ
1159 2553 1312 2588 γεγονότες,
1331 2554 1434 2588 γυμνὸν
1447 2553 1496 2588 τῆς
1515 2553 1616 2589 σαρκὸς
1633 2553 1680 2580 τὸν
1693 2553 1769 2587 Λόγον

983 2600 1137 2630 τεθέανται,
1151 2598 1223 2625 οὕτω
1233 2599 1313 2625 αὑτὸν
1330 2598 1377 2625 καὶ
1391 2598 1466 2633 ἥξειν
1477 2598 1680 2624 ὑπονοείτωσάν
1694 2606 1767 2628 τινες.

985 2646 1017 2671 Εἰ
1038 2645 1066 2671 δὲ
1083 2644 1313 2680 πεπληροφὸρηκε
1335 2644 1398 2675 τοὺς
1423 2644 1518 2677 ἁγίους
1539 2642 1726 2674 ἀποστόλους,
1744 2641 1768 2668 τὸ

984 2690 1142 2726 ψηλαφητὼ
1153 2691 1244 2722 αὐτοῖς
1255 2686 1335 2726 σῶμα
1349 2690 1447 2721 δείξας,
1460 2689 1506 2716 καὶ
1519 2688 1607 2720 οὕτως
1619 2687 1766 2723 ἀνελήφθη·

984 2736 1055 2763 οὕτω
1078 2736 1159 2764 πάλιν
1177 2736 1325 2768 ἐλεύσεται,
1349 2737 1395 2762 καὶ
1411 2735 1460 2762 οὐκ
1477 2735 1509 2762 ἂν
1525 2734 1704 2767 διαψεύσαιτο
1719 2735 1767 2762 τῶν
