1883 3056
115 169 188 196 ΗΠ

617 175 804 203 ADVERSUS
825 175 1226 205 ANTHROI‘OMORPIIITAS.

1682 174 1753 202 1113

112 227 202 260 ἁγίων
216 226 374 254 ἀποστόλων
388 228 403 254 ὁ
419 228 463 255 ἐπ’
479 229 552 265 αὑτῷ
569 230 658 266 λόγος.
676 232 759 260 Ἀλλὰ
780 233 847 268 μηδέ
869 242 908 260 τι-

994 235 1075 263 ηοεΙοΙί
1099 235 1166 263 falsa
1181 235 1213 262 de
1236 235 1294 270 ipso
1311 234 1492 270 praedicarim.
1515 233 1599 262 Porro
1614 241 1702 269 neque
1719 235 1751 261 il-

109 281 160 304 νες
176 273 263 299 ἐκεῖνο
274 274 367 305 κακῶς
380 274 601 309 φανταζέτωσαν,
621 278 689 313 μήτε
706 279 760 314 μὴν
780 279 906 306 ὑπονοεί·

109 325 216 350 τωσαν,
233 319 274 345 ὄτι
290 319 321 345 τὺ
336 319 434 347 ὲνωθὲν
454 320 532 357 σῶμα
546 322 586 359 τῷ
603 323 683 359 Λόγῳ
705 325 738 360 τῇ
756 324 836 359 φύσει
857 325 908 359 τῆς

112 363 196 398 ἁγίας
210 365 324 400 Τριάδος
338 366 532 403 συγκέκραται.
555 368 710 404 Ἀμήχανον
723 369 788 406 γὰρ,
801 371 908 406 ἐκείνην

110 410 165 444 τὴν
182 410 349 446 ἀπόρρητον,
365 412 412 439 καὶ
432 413 571 449 ὑπερφυᾶ.
594 416 641 442 καὶ
660 416 761 448 παντὸς
778 417 908 444 ἐπέκεινα

112 456 164 482 καὶ
178 455 224 482 νοῦ
239 457 286 483 καὶ
300 456 380 492 λόγου
395 459 543 496 νοουμένην
554 461 658 494 οὐσίαν,
669 462 828 498 προσθήκην
836 463 907 497 τινὰ,

111 501 164 528 καὶ
181 501 298 537 μάλιστα
316 505 366 539 τῆς
384 503 484 537 ἔξωθεν
502 506 550 533 καὶ
572 507 669 542 ἑτέρας
685 507 803 542 φύσεως,
826 508 908 536 δύνα-

112 547 178 573 σθαι
195 546 303 574 λαϐεῖν·
315 548 372 576 ἔστι
385 550 440 586 γὰρ
454 551 483 577 ὲν
496 552 552 583 τοῖς
566 552 628 579 καθ’
640 553 736 580 ἑαυτὸν
751 554 906 587 παντέλεια,

112 593 164 619 καὶ
183 592 244 620 οὔτε
263 595 324 621 τινὰ
344 595 457 631 μείωσιν
477 597 640 633 ἐπιδέχεται,
655 598 700 626 διὰ
720 599 749 625 τὺ
765 599 908 635 ἀτρέπτως

112 639 163 665 καὶ
187 639 375 673 ὰναλλοιώτως
399 642 471 678 ἔχειν
495 643 555 674 ἀεὶ.
577 643 639 671 οὔτε
668 645 737 680 μὴν,
761 646 797 678 ὠς
823 646 905 681 ἔφην,

113 684 276 721 προσθήκης
289 685 324 713 ἂν
338 687 424 714 δέοιτό
438 697 522 721 τινος.
536 689 762 725 Περιττολογοῦσι
778 691 867 718 τοίνυν
883 691 907 717 οἱ

112 731 149 755 ὲκ
168 730 268 766 πολλῆς
285 732 421 767 ἀμαθείας
443 734 514 761 κατὰ
537 735 689 770 σύγκρασιν
711 737 794 772 ήγουν
813 745 907 763 συνου-

115 775 178 802 σίαν
189 776 244 805 τῶν
255 779 285 805 ὲν
300 780 334 815 τῇ
355 779 435 814 φύσει
447 781 496 816 τῆς
512 782 592 816 ἁγίας
606 783 722 818 Τριάδος
738 784 862 818 χωρῆσαι
878 783 908 809 τὸ

113 822 198 857 σῶμα
213 824 347 858 λέγοντες.
371 826 536 862 Διακείμεθα
560 829 614 864 γὰρ
637 830 686 864 οὐχ
709 828 796 861 οὕτως
816 830 906 864 ἡμεῖς,

112 868 174 895 ἀλλ’
191 869 275 906 ὀρθὴν
296 870 394 907 ἔχομεν
409 873 472 908 περὶ
486 873 533 900 τοῦ
553 874 661 901 πάντων
682 874 760 910 ἡμῶν
782 875 907 910 Σωτῆρος

959 280 1003 308 lud
1023 281 1143 308 nonnulli
1167 288 1308 315 perperam
1328 280 1522 315 imaginentur,
1541 280 1588 308 sed
1610 288 1644 308 ne
1664 281 1752 315 suspi-

959 333 1054 353 cemur
1069 327 1196 360 quidem:
1211 334 1310 361 corpus
1332 325 1423 353 Verbo
1449 326 1555 353 unitum
1571 331 1672 354 sanctae
1688 326 1750 353 Tri-

959 373 1054 400 nitatis
1079 378 1183 400 naturae
1202 372 1375 400 commistum
1400 371 1494 399 fuisse.
1510 371 1582 398 Fieri
1601 374 1673 399 enim
1698 381 1750 400 non

958 424 1057 454 potest,
1073 424 1103 446 ut
1116 419 1148 446 ad
1166 417 1330 446 ineliabilem
1354 418 1426 445 illam
1438 422 1465 444 et
1483 418 1644 446 immensam
1659 419 1749 445 omni-

958 473 1010 500 que
1024 465 1162 492 intellectu
1184 469 1211 492 et
1231 463 1321 491 verbis
1343 464 1513 498 superiorem
1534 464 1680 491 essentiam
1703 473 1750 491 ac-

958 511 1046 539 cessio
1071 511 1172 544 aliqua,
1194 518 1226 537 ac
1248 509 1419 544 potissimum
1445 513 1582 536 extraneas
1604 513 1686 544 atque
1711 509 1750 536 di-

959 562 1175 589 versae-naturae,
1192 556 1246 583 ﬁat.
1273 555 1321 583 Est
1346 555 1417 582 enim
1440 555 1466 582 in
1486 563 1516 582 se
1535 555 1590 588 ipsa
1608 555 1749 590 perfectis-

959 604 1037 635 sima,
1067 602 1186 637 nullique
1205 601 1386 628 imminutioui
1416 601 1532 628 obnoxia
1552 610 1558 627 :
1582 601 1751 635 quandoqui-

958 647 1018 673 dum
1046 647 1072 674 in
1090 647 1173 681 ipsam
1201 646 1272 673 nulla
1297 645 1376 681 plane
1401 646 1515 673 mutatio
1543 647 1601 674 sive
1625 646 1749 674 alteratio

959 695 1045 725 cadit,
1063 701 1149 728 neque
1164 697 1321 728 augmento,
1343 699 1373 720 ut
1387 693 1451 725 dixi,
1474 692 1529 720 ullo
1545 693 1657 727 indiget.
1675 693 1750 720 Vana

959 739 1049 774 itaque
1065 745 1092 767 et
1116 739 1203 766 inanis
1219 744 1260 766 est
1284 746 1378 766 eorum
1400 738 1503 773 opinio,
1522 739 1582 773 qui,
1600 747 1654 774 prae
1669 740 1751 766 nimia

959 785 1078 819 inscitia,
1101 785 1251 812 secundum
1274 784 1491 812 commistionem
1519 785 1577 812 sive
1593 785 1750 816 coitionem.

960 830 985 857 in
1004 831 1060 866 ipsa
1074 835 1176 858 sanctae
1198 830 1341 857 Trinitatis
1357 835 1452 857 natura
1467 831 1575 865 corpori
1589 830 1676 858 locum
1691 839 1751 858 esse

960 875 1137 903 contendunt.
1164 874 1258 910 Neque
1279 875 1351 903 enim
1384 883 1434 904 nos
1457 875 1494 903 ita
1525 877 1676 903 sentimus:
1703 876 1750 903 sed

112 915 234 949 Χριστοῦ
254 916 303 952 τὴν
317 917 405 950 δόξαν.
418 919 509 954 Φαμὲν
529 919 582 955 γὰρ
606 919 687 946 αὑτὸν
703 920 748 946 τὸν
772 921 906 956 μονογενῆ

994 926 1061 949 ctam
1084 921 1225 956 sequinmr
1240 922 1274 948 de
1288 921 1396 948 Christo
1413 922 1533 948 omnium
1551 927 1672 950 nostrum
1690 922 1749 949 Sal-

115 961 205 995 Λὸγον
232 962 441 999 ὲνανθρωπῆσαι
458 964 504 991 τὸν
526 965 592 992 Θεὸν
608 964 666 1001 [τοῦ
678 965 746 992 Θεοῦ
756 965 790 1003 ⁸2],
803 966 854 992 οὐκ
868 966 909 998 εἰς

114 1008 208 1042 σάρκα
228 1008 278 1043 τὴν
301 1010 370 1036 ἰδίαν
385 1010 466 1045 φύσιν
489 1012 720 1047 μεταποιήσαντα,
739 1011 796 1038 ἀλλ’
810 1012 842 1038 ἐκ
859 1012 909 1047 τῆς

112 1054 197 1087 ἁγίας
224 1055 362 1091 Παρθένου
390 1055 505 1084 λαὸόντα
538 1057 640 1093 αὐτὴν,
663 1058 764 1093 ἥξοντα
798 1066 828 1084 τε
860 1059 909 1086 σὺν

114 1100 185 1135 αὐτῇ
209 1100 289 1128 πάλιν
308 1102 337 1128 ὲν
357 1103 390 1138 τῇ
404 1102 468 1139 δόξῃ
482 1103 529 1130 τοῦ
545 1104 652 1136 [Iacobs
669 1104 738 1140 μετὰ
751 1103 807 1131 τῶν
819 1103 909 1138 ἁγίων

112 1145 251 1180 ἀγγέλων.

406 1206 533 1234 ΚΕΦΑΛ.
551 1205 615 1234 ΚΒ¹.

113 1246 176 1275 Ὅτι
189 1247 239 1276 διὰ
254 1248 309 1284 τῆς
322 1249 401 1283 ιδίας
411 1250 530 1286 σαρκὸς
549 1251 665 1286 ἐνεργεῖ
677 1251 731 1285 τὰς
746 1252 909 1286 θεοσημίας

364 1285 437 1320 Θεὸς
455 1286 498 1312 ὢν
520 1287 537 1314 ό
556 1285 659 1321 Λόγος.

150 1339 310 1376 ’Ἄνθρωπον
333 1341 361 1368 δὲ
376 1342 422 1369 τὸν
444 1342 576 1378 μονογενῆ
596 1342 686 1377 Λόγον
700 1342 748 1369 τοῦ
769 1342 838 1370 Θεοῦ
861 1351 908 1378 γε-

112 1385 208 1412 νέσθαι
226 1386 327 1422 φαμὲν,
342 1387 391 1422 οὐχ
414 1387 459 1414 ἴνα
473 1387 503 1414 τὸ
517 1385 586 1414 εἶναι
605 1387 672 1419 Θεὸς
694 1387 830 1423 ἀποϐάλῃ,
847 1387 907 1415 ἀλλ’

111 1430 171 1458 οὗθ’
184 1431 227 1459 ἵνα
240 1433 344 1467 γυμνὸς
357 1433 443 1460 νοοῖτο
456 1433 552 1468 Λόγος,
567 1433 781 1468 ὲνανθρωπήσας
794 1433 823 1460 δὲ
840 1433 908 1469 μᾶλ-

112 1476 169 1510 λον,
187 1478 236 1504 καὶ
252 1478 318 1505 ῐδιον
340 1478 420 1513 σῶμα
440 1479 626 1514 ποιησάμενος
642 1479 673 1506 τὸ
687 1481 718 1506 ἐκ
734 1480 784 1514 τῆς
799 1479 907 1516 Παρθέ-

113 1531 160 1548 νου
178 1522 226 1549 καὶ
241 1522 383 1550 Θεοτόκου.
400 1524 504 1551 Οὐκοῦν
517 1524 531 1550 ό
545 1524 662 1559 Χριστὸν
675 1524 827 1560 ὀνομάζων,
844 1524 906 1551 οὔτε

115 1569 203 1602 Λόγον
217 1568 345 1604 σημαίνει
362 1569 475 1605 γυμνὸν,
490 1569 551 1596 οὔτε
565 1569 707 1606 ἄνθρωπον
722 1570 822 1602 κοινὸν,
838 1571 855 1606 ἢ
869 1570 905 1603 ὡς
920 1585 941 1614 C

112 1614 162 1641 ἕνα
185 1614 241 1641 τῶν
260 1614 321 1642 καθ’
335 1616 422 1651 ἡμᾶς’
438 1616 475 1648 ὡς
494 1616 563 1652 ἔφην
583 1616 629 1649 δὲ,
652 1615 905 1652 ἐνανθρωπήσαντα

113 1661 160 1687 τὸν
173 1661 206 1688 ἐκ
218 1661 286 1688 Θεοῦ
298 1662 403 1695 Πατρὺς
416 1661 514 1696 Λόγον,
529 1662 577 1690 καὶ
591 1662 771 1698 κεχρισμένον
786 1662 827 1694 εἰς
838 1662 908 1689 ἁπο-

115 1707 224 1743 στολήν.
249 1707 287 1734 οὐ
311 1708 366 1744 γὰρ
387 1708 530 1744 ἄνθρωπος
553 1707 732 1744 ὲθεοποιήθη,
748 1708 822 1735 καθά
840 1708 907 1743 φασί

112 1761 201 1785 τινες,
214 1753 327 1786 ἑνωθεὶς
341 1754 381 1789 τῷ
395 1754 484 1789 Λόγῳ,
502 1754 560 1781 ἀλλ’
581 1754 663 1786 αὐτὸς
676 1755 691 1780 ὁ
707 1755 793 1788 Λόγος
815 1754 906 1789 σάρκα

113 1800 215 1832 λαϐὼν,
231 1801 277 1827 καὶ
289 1801 434 1836 γενόμενος
447 1800 603 1837 ἄνθρωπος,
623 1801 761 1837 μεμένηκε
774 1801 822 1828 καὶ
836 1800 908 1828 οὕτω

113 1846 192 1878 Θεός.
208 1846 290 1873 ὀταν
305 1843 353 1873 οὖν
367 1847 417 1878 τὰς
434 1845 582 1882 θεοσημίας
598 1846 754 1882 ἐργάζεται,
771 1847 809 1883 μὴ
824 1847 908 1882 διορί-

115 1900 166 1923 σας
180 1891 232 1917 ἀνὰ
255 1891 339 1927 μέρος
351 1891 400 1926 τῆς
421 1891 502 1926 ἁγίας
516 1891 617 1928 σαρκὸς
632 1891 713 1918 αὑτοῦ
735 1892 780 1919 τὸν
793 1893 826 1919 ὲκ
839 1892 907 1919 Θεοῦ

114 1937 212 1971 Λόγον,
226 1937 299 1972 αὐτῷ
325 1936 396 1964 κατὰ
419 1937 505 1973 μονὴν
528 1937 579 1974 τὴν
599 1937 646 1964 ἐπὶ
668 1939 716 1973 τῆς
742 1938 908 1974 τελουμένης

114 1983 221 2020 ἁνάψῃς
233 1983 348 2018 δύναμιν
360 1983 428 2019 (15)”
442 1983 496 2011 νόει
509 1983 538 2010 δὲ
553 1983 652 2019 μᾶλλον
666 1984 796 2018 εὐσεϐῶς,
812 1985 852 2012 ὅτι
867 1993 909 2019 γε-

114 2031 226 2066 νόμενος
242 2030 387 2066 ἄνθρωπος
402 2030 417 2057 ό
435 2030 584 2066 μονογενὴς
600 2030 685 2064 Λόγος
700 2030 747 2057 τοῦ
766 2030 845 2062 Θεοῦ,
861 2031 909 2057 καὶ

113 2077 159 2104 διὰ
179 2076 228 2111 τῆς
254 2076 322 2107 ἰδίας
340 2076 424 2103 αὑτοῦ
447 2076 549 2112 σαρκὸς
574 2076 705 2108 πολλάκις
721 2076 847 2113 ἐνήργει,
869 2076 908 2109 ὡς

115 2123 184 2150 ιδίαν
199 2123 268 2158 ἔχων
283 2122 381 2158 αὐτὴν,
395 2122 426 2149 οὺ
443 2122 515 2150 κατὰ
531 2122 662 2158 σύγχυσιν
679 2122 695 2158 ἢ
717 2123 835 2159 φορμόν.
852 2123 909 2150 Καὶ

113 2169 208 2204 ὥσπερ
223 2168 281 2196 ἔστι
295 2170 366 2196 νοεῖν
380 2169 450 2205 ὑπὲρ
465 2168 612 2204 ἀνθρώπου
628 2169 764 2201 τέκτονος,
785 2169 907 2204 τεχνίτου

114 2215 205 2251 τυχὸν,
218 2215 234 2251 ἢ
248 2215 442 2251 σιδηρέως,ὅτι
456 2217 529 2242 ποιεῖ
543 2215 578 2242 τὰ
592 2215 660 2251 ἔργα
676 2215 747 2242 κατὰ
759 2216 768 2226 '
781 2216 827 2242 τοῦ
842 2215 907 2242 ἰδίου

960 973 1053 994 vatore
1077 967 1251 995 sententiam.
1275 967 1395 994 Dicimus
1420 967 1491 994 enim
1516 968 1683 1003 unigenitum
1701 967 1748 994 Dei

962 1013 1078 1041 Verbum
1096 1013 1268 1040 incarnatum
1292 1021 1363 1046 esse.
1385 1020 1438 1040 non
1458 1013 1565 1047 propria
1590 1020 1638 1040 sua
1654 1018 1749 1040 natura

959 1059 986 1087 in
1011 1067 1121 1086 carnem
1149 1059 1231 1095 392
1261 1063 1452 1091 transmutata,
1475 1060 1522 1087 sed
1547 1067 1578 1087 ea
1599 1067 1631 1086 ex
1657 1067 1751 1087 sacro-

959 1110 1052 1132 sancta
1073 1105 1184 1140 Virgine
1204 1110 1333 1140 acet-pla:
1354 1110 1554 1140 venturumque
1572 1113 1633 1132 cum
1656 1106 1749 1132 eadem

958 1158 1041 1180 carne
1058 1159 1164 1179 rursum
1180 1152 1206 1178 in
1225 1151 1321 1187 gloria,
1340 1158 1400 1178 cum
1416 1151 1519 1178 sanctis
1535 1151 1650 1186 angelis.

1240 1205 1353 1234 CAPUT
1380 1204 1463 1234 XXII.

960 1252 1037 1286 Quod
1063 1260 1110 1287 per
1135 1251 1269 1286 propriam
1304 1259 1423 1287 carnme
1441 1251 1570 1278 miracula
1593 1251 1652 1278 edat
1681 1250 1748 1278 Deus

1213 1287 1343 1314 exsistam
1363 1285 1487 1313 Verbum.

994 1343 1134 1371 Hominem
1154 1351 1228 1375 vero,
1250 1343 1417 1378 unigenitum
1434 1343 1483 1371 Dei
1505 1343 1623 1371 Verbum
1647 1344 1748 1372 l'actmn

959 1391 1044 1418 fuisse
1070 1390 1198 1421 dicimus,
1225 1397 1277 1416 non
1299 1394 1329 1416 ut
1353 1389 1488 1417 desineret
1509 1397 1569 1417 esse
1593 1390 1681 1422 Deus,
1701 1390 1749 1417 sed

959 1443 1047 1473 neque
1061 1440 1090 1463 ut
1106 1436 1205 1463 nudum
1223 1435 1389 1470 intelligatur
1406 1433 1534 1468 Verbum,
1553 1435 1600 1462 sed
1615 1436 1704 1468 potius
1719 1439 1748 1461 ut

959 1482 1141 1514 incarnatum,
1169 1481 1308 1516 proprium
1333 1480 1385 1508 sibi
1407 1487 1505 1514 corpus
1528 1487 1561 1507 ex
1590 1479 1698 1515 Virgine
1722 1484 1749 1507 et

959 1527 1071 1562 Deipara
1086 1525 1216 1555 alliceret.
1229 1525 1375 1559 Quacirca,
1394 1526 1439 1560 qui
1457 1526 1595 1562 C_hristum
1615 1526 1748 1559 nominat,

959 1581 1012 1600 non
1039 1573 1140 1600 nudum
1171 1571 1288 1600 Verbum
1315 1572 1465 1607 signiﬁcat,
1494 1578 1582 1606 neque
1612 1571 1748 1598 hominem

958 1619 1108 1654 vulgarem,
1125 1619 1166 1646 vel
1191 1623 1319 1653 tanquam
1336 1626 1418 1646 unum
1433 1617 1519 1645 nostri
1534 1617 1649 1645 similem
1666 1626 1674 1644 :
1690 1617 1748 1649 sed,

959 1671 988 1693 ut
1001 1665 1068 1698 dixi,
1091 1664 1261 1692 incarnatum
1286 1671 1320 1691 ex
1337 1663 1392 1691 Deo
1407 1663 1488 1692 Patre
1501 1663 1631 1697 Verbum,
1655 1668 1682 1691 et
1697 1671 1748 1690 un-

958 1716 1030 1739 ctum
1046 1711 1073 1738 in
1087 1710 1278 1746 apostolatum.
1292 1709 1386 1745 Neque
1400 1710 1471 1737 enim
1486 1710 1578 1742 homo,
1594 1714 1623 1737 ut
1639 1709 1748 1744 quidam

958 1757 1064 1790 volunt,
1085 1757 1156 1785 Deus
1180 1761 1223 1784 est
1237 1756 1361 1789 eﬂ'ectus,
1383 1756 1476 1784 unitus
1495 1754 1604 1783 Verbo:
1622 1755 1669 1783 sed
1683 1754 1750 1783 Ver-

958 1803 1022 1831 bum
1039 1803 1125 1838 ipsum
1144 1810 1226 1830 carne
1250 1807 1389 1837 assumpta
1416 1802 1496 1829 homo
1514 1802 1624 1834 factum,
1649 1801 1749 1832 mansit

958 1851 1038 1878 etiam
1053 1850 1135 1877 Deus.
1158 1849 1225 1877 Cum
1243 1848 1326 1884 igitur
1351 1847 1480 1876 miracula
1501 1848 1568 1882 edit,
1586 1854 1621 1875 ne
1635 1847 1748 1874 seorsim

958 1904 1114 1931 separansa
1140 1900 1233 1924 sancta
1260 1895 1345 1930 ipsius
1369 1901 1454 1922 carne
1475 1893 1594 1921 Verbum
1616 1893 1675 1925 Dei,
1698 1893 1748 1920 soli

958 1942 1009 1977 ipsi
1026 1943 1080 1969 vim
1096 1940 1220 1969 miraculi
1239 1940 1304 1968 editi
1321 1939 1446 1967 tribuas:
1470 1940 1517 1967 sed
1541 1939 1578 1966 ita
1599 1939 1687 1974 potius
1707 1939 1749 1973 pie

957 1989 1058 2024 cogita,
1082 1987 1251 2023 unigenitum
1275 1986 1323 2014 Dei
1346 1985 1464 2014 Verbum
1489 1986 1626 2013 hominem
1648 1986 1748 2013 factum

957 2035 1038 2062 etiam
1052 2041 1100 2069 per
1115 2033 1253 2068 propriam
1272 2039 1347 2059 suam
1361 2039 1470 2059 carnem
1487 2038 1673 2066 smpenumero
1684 2038 1749 2065 ope-

959 2085 1045 2107 ratum
1060 2086 1130 2112 esse,
1154 2078 1252 2113 quippe
1264 2078 1308 2112 qui
1325 2078 1462 2112 propriam
1479 2077 1551 2104 iliam
1574 2077 1625 2104 sibi
1649 2077 1750 2104 habue-

959 2126 1005 2158 rit,
1028 2133 1080 2153 non
1104 2132 1152 2160 per
1181 2124 1367 2152 confusionem
1397 2128 1425 2150 et
1452 2122 1684 2150 commistionem.
1710 2125 1750 2149 Ac

958 2171 1185 2206 quemadmodum
1211 2168 1325 2204 intelligi
1353 2172 1443 2203 potest
1465 2167 1500 2195 de
1516 2167 1593 2195 fabro
1617 2167 1750 2202 (lignario

960 2222 1020 2252 puta
1037 2217 1077 2244 vel
1093 2215 1239 2251 ferrario),
1251 2215 1323 2249 quod
1337 2218 1466 2249 operatur
1477 2213 1585 2248 quidem
1597 2214 1686 2240 anima
1702 2220 1750 2248 per

116 2262 242 2297 σώματος
256 2263 273 2297 ή
291 2262 383 2297 ψυχή·
402 2262 450 2288 καὶ
465 2262 515 2289 οὐκ
535 2261 567 2289 ἄν
584 2270 627 2293 τις
646 2261 718 2288 εἴποι
733 2261 823 2297 ψυχῆς
838 2261 907 2297 ἔργα

994 2262 1096 2296 oprium
1112 2269 1226 2295 corpus;
1244 2267 1324 2287 nemo
1339 2265 1428 2286 tamen
1444 2258 1545 2286 dixerit
1555 2257 1640 2285 solius
1655 2258 1750 2285 aninun

116 2307 200 2342 μένης
222 2305 302 2340 εἶναι,
325 2307 378 2335 κᾶν
394 2307 464 2343 αὑτὴ
486 2308 557 2335 κινεί
579 2307 649 2342 πρὸς
670 2307 740 2342 ἔργα
756 2308 788 2334 τὸ
806 2307 904 2342 σῶμα,

113 2352 182 2380 ἀλλὰ
195 2353 241 2380 τοῦ
260 2353 479 2389 συναμφοτέρου·
495 2352 567 2380 οὕτω
581 2353 635 2380 νόει
651 2353 698 2380 καὶ
712 2353 759 2379 ἐπὶ
773 2352 903 2388 Χριστοῦ.

114 2399 171 2434 Πρὸ
184 2399 233 2435 μὲν
245 2399 300 2435 γὰρ
312 2400 361 2435 τῆς
372 2399 606 2435 ινανθρωπήσεως
617 2399 720 2435 γυμνὸς
733 2398 770 2426 ὦν
784 2399 824 2425 ἐτι
843 2399 903 2426 καθ’

102 2445 209 2484 ,ἑαυτὸν
222 2446 237 2472 ὁ
256 2445 341 2480 Λόγος
356 2445 504 2481 ἐργάζεται
518 2445 552 2472 τὰ
566 2445 705 2482 θεοπρεπῆ
717 2454 724 2460 ⁸
740 2446 858 2481 γεγονὼς
876 2446 905 2472 δὲ

113 2489 271 2525 ἄνθρωπος,
293 2490 403 2526 ἐνήργει
426 2491 474 2518 καὶ
491 2491 534 2518 διὰ
558 2492 609 2527 τῆς
632 2491 733 2527 σαρκὸς
756 2491 850 2524 αὑτοῦ,
867 2492 905 2524 ὼς

113 2536 193 2572 ἔφην·
207 2536 293 2568 οὕτως
307 2536 395 2572 ἥψατο
409 2536 462 2563 τῶν
473 2537 590 2571 τυφλῶν,
602 2536 689 2569 οὕτως
701 2537 812 2573 ἤγειρεν
825 2537 905 2564 πάλιν

114 2582 160 2609 τδν
180 2583 231 2617 τῆς
249 2583 338 2619 χήρας
351 2583 421 2615 υἱὸν,
437 2583 486 2619 τὴν
506 2585 585 2619 χεῖρα
608 2583 748 2616 ἐκτείνας,
767 2584 814 2610 καὶ
835 2583 906 2618 ἁψά-

115 2637 195 2664 μενος
218 2629 267 2663 τῆς
284 2629 379 2664 σοροῦ·
398 2629 470 2656 οὕτω
486 2629 590 2661 πτύσας
614 2629 661 2656 καὶ
681 2629 765 2664 πηλὸν
784 2629 902 2664 ποιήσας

957 2316 1018 2335 esse
1034 2315 1129 2342 opera.
1144 2306 1254 2334 tametsi
1270 2306 1313 2333 illa
1328 2305 1423 2333 incitet
1437 2312 1470 2332 ac
1483 2308 1590 2332 moveat
1605 2311 1702 2338 corpus
1715 2304 1749 2330 ad

957 2362 1037 2388 opus.
1054 2354 1101 2381 sed
1118 2353 1261 2387 utriusque
1276 2361 1282 2379 :
1300 2351 1337 2379 ita
1352 2358 1460 2386 quoque
1477 2349 1646 2378 sentiendum
1661 2354 1703 2378 est
1716 2350 1750 2377 de

959 2399 1076 2427 Christo.
1119 2398 1186 2426 Nam
1215 2402 1279 2425 ante
1305 2397 1521 2425 incarnationem
1551 2396 1651 2423 nudum
1679 2395 1750 2423 exsi-

959 2449 1034 2472 stens
1058 2444 1144 2472 adhuc
1163 2451 1212 2479 per
1233 2451 1263 2471 se
1287 2441 1404 2471 Verbum
1425 2449 1509 2476 opera
1532 2441 1617 2468 edidit
1637 2440 1748 2468 divina:

960 2491 1040 2518 homo
1065 2495 1156 2518 autem
1178 2489 1294 2521 factum,
1312 2495 1359 2524 per
1381 2495 1491 2515 carnem
1509 2486 1592 2514 etiam
1617 2493 1706 2516 suam,
1722 2490 1751 2512 ut

960 2537 1026 2568 dixi,
1041 2544 1124 2572 opera
1142 2536 1237 2564 edidit.
1253 2534 1291 2562 Ita
1308 2535 1380 2562 enim
1394 2533 1515 2560 admovit
1528 2540 1638 2560 manum
1656 2531 1748 2562 cmcis.

959 2581 997 2608 ita
1015 2589 1121 2609 rursum
1144 2585 1255 2608 extensa
1280 2587 1360 2606 manu
1383 2578 1500 2606 loculum
1515 2578 1649 2612 attingens
1663 2577 1751 2604 susci-

956 2627 1024 2654 tavit
1037 2628 1123 2654 viduze
1140 2627 1242 2653 tilitnn:
1262 2626 1298 2653 ita
1316 2626 1371 2653 luto
1384 2633 1417 2652 ex
1437 2630 1544 2660 sputoe
1574 2627 1646 2651 terra
1666 2623 1749 2654 iacto,

115 2673 206 2709 ἔχρισε
222 2674 269 2701 τοῦ
284 2675 317 2701 ὲκ
330 2675 441 2710 γενετῆς
456 2674 556 2709 τυφλοῦ
569 2675 632 2707 τοὺς
643 2674 811 2710 ὀφθαλμούς.
825 2675 856 2702 Εἰ
872 2675 901 2701 δὲ

994 2675 1031 2702 xit
1054 2674 1147 2702 oculos
1171 2674 1233 2701 caeci
1255 2673 1291 2700 ab
1321 2677 1395 2700 ortu.
1424 2671 1454 2698 Si
1481 2677 1547 2698 vero
1569 2669 1750 2704 spirituulitcr

720 2753 796 2781 BON.
821 2752 981 2782 VULCANll
1001 2752 1118 2780 NOTAE}.

150 2832 206 2866 (l5)
219 2832 303 2865 Αὐτῷ
318 2833 392 2860 κακὰ
406 2832 506 2867 μονὴν
523 2832 580 2865 τὴν
595 2833 644 2859 ἐπὶ
658 2831 712 2866 τῆς
733 2831 908 2866 τελουμένης

994 2833 1058 2865 μείνῃς
1076 2832 1216 2866 δύναμιν.
1234 2830 1320 2867 Locus
1340 2837 1483 2867 corruptus
1497 2834 1527 2867 et
1545 2828 1664 2867 Ilmtilns.
1679 2827 1748 2867 _\'idc.

116 2863 202 2894 an'ila'
226 2863 364 2894 emendari
386 2863 483 2902 possit;
501 2863 575 2901 αὑτῷ
600 2863 758 2902 καταμόνας
771 2863 908 2902 ment-

994 2863 1140 2902 έλουμὲνης
1153 2863 1329 2901 ’θεοσημείας
1346 2866 1451 2901 ὰνὰψῃς
1472 2865 1598 2900 δύναμιν.
1624 2865 1652 2892 lu
1679 2863 1748 2889 hanc

116 2903 206 2938 itaque
218 2903 381 2931 sententiam
400 2902 495 2931 Latine
512 2903 626 2931 reddidi.
