1883 3056
145 145 212 172 HI9

143 203 225 228 etiam
241 202 315 230 Vixit.
331 201 418 236 cogita
434 207 528 227 rursus
539 200 610 234 quod
623 200 766 228 traducens
782 201 925 228 lmmzumn
943 209 963 235 Α

144 252 267 274 naturam
284 247 317 273 ad
335 245 502 280 spiritualem
517 246 624 273 vivendi
640 246 785 276 rationem.
799 247 855 281 ipse
873 255 929 273 rem

145 292 298 319 humaniter
318 298 396 318 orsus
418 291 511 322 fuerit,
536 291 619 318 utvia
637 299 670 319 ac
693 291 853 326 principium
879 293 930 319 lm-

144 346 230 364 nmme
264 341 369 364 natum
407 341 488 367 esset.
531 341 560 364 ut
590 336 672 363 vitam
707 337 804 372 degere
841 343 931 371 posset

143 382 222 417 393
237 390 289 409 non
300 381 356 416 jam
370 382 518 409 carnaliter
531 387 558 409 et
577 382 745 417 voluptuose,
765 383 812 410 sed
840 384 929 418 potius

143 433 235 454 sancte
247 432 274 454 et
285 426 470 462 spiritualiter.
484 428 579 456 Omnis
590 428 662 455 enim
689 427 751 456 honi
767 429 928 464 principium

143 473 220 500 nobis
235 472 321 500 factus
337 472 395 500 fuit.
421 472 523 501 Idcirco
537 473 608 500 enim
635 472 723 501 factus
739 479 780 501 est
796 475 887 508 homo,
901 479 930 502 ut

143 521 176 545 ab
192 518 375 546 imbecillitate
397 519 423 546 in
444 519 531 546 Adam
555 524 706 551 contracta,
725 524 820 547 natura
837 526 929 548 nostra

144 564 400 599 iiheralahtanquam
411 565 436 592 in
451 565 520 599 ipso.
529 570 555 592 et
567 565 674 600 quidem
687 565 784 601 primo,
800 565 928 601 spiritua-

143 610 194 637 Iem
208 610 277 637 illam
296 611 455 638 declararet.

417 666 532 695 CAPUT
550 665 645 694 XXIII.

144 721 273 749 Adversus
289 723 412 753 dicentes.
432 724 474 749 Αη
487 723 545 757 ﬁeri
563 723 675 757 poluerit
690 728 717 749 tu
733 723 853 750 Christus
868 731 929 757 pec-

167 763 246 787 caret,
262 763 366 792 gestum
379 758 579 785 similitudinem
591 758 655 785 Adu:
667 763 772 792 propter
783 767 887 786 carnem
900 759 912 787 3'

178 847 274 874 Stolidi
289 855 352 874 vero
369 855 400 874 ac
413 849 550 874 dementes
562 855 673 881 prorsus
686 853 760 879 sunt,
779 848 823 882 qui
840 848 927 882 ipsum

143 892 225 917 etiam
236 891 384 925 Christum,
399 893 490 919 nesrio
508 900 560 927 quo
579 897 667 925 pacto,
683 899 797 926 peccare
810 893 929 926 potuisse

144 936 290 967 allirmant,
315 944 373 964 eam
392 937 426 964 ob
445 945 566 970 causam,
597 938 667 971 quod
691 938 718 964 in
743 938 828 964 forma
851 939 928 965 nobis

144 980 224 1006 simili
246 988 293 1015 per
312 981 527 1008 incarnationem
550 982 585 1009 sit
608 981 715 1015 factus;
730 983 856 1017 quodque
872 983 929 1009 for-

145 1031 216 1051 mam
232 1026 303 1052 servi
319 1027 464 1061 acceperit,
478 1033 503 1054 et
520 1036 580 1055 cum
597 1028 752 1056 hominibus
768 1030 794 1056 in
811 1034 882 1056 terra
894 1029 930 1056 sit

146 1075 280 1098 versatus.
304 1071 332 1099 Si
357 1073 428 1100 enim
450 1073 531 1101 desiit
554 1081 615 1102 esse
640 1074 711 1109 quod
735 1080 805 1107 erat,
828 1080 875 1102 aut
896 1081 929 1102 ex

146 1115 237 1143 divina
259 1122 356 1145 natura
374 1119 399 1145 in
417 1119 562 1147 humanam
580 1124 682 1147 tantum
705 1128 737 1148 ac
751 1121 835 1148 nostri
855 1121 930 1148 simi-

147 1161 197 1188 lem
220 1167 346 1190 naturam
373 1164 466 1194 abiit:
491 1166 615 1193 humanae
641 1166 834 1194 imbecillitatis
854 1167 927 1193 illum

145 1212 270 1242 arguant.
288 1208 315 1236 Si
331 1217 406 1243 vero,
423 1211 523 1238 idcirco
537 1212 681 1239 humanam
699 1218 823 1240 naturam
838 1218 927 1248 gesta-

146 1252 193 1285 vit,
208 1257 249 1285 ut,
262 1261 321 1288 qme
336 1254 362 1282 in
379 1256 464 1283 Adam
482 1257 617 1285 imbecilla
629 1263 698 1291 erat,
712 1259 738 1285 in
750 1266 780 1286 se
794 1259 928 1286 validissi-

145 1305 217 1324 mam
233 1304 261 1326 et
276 1305 387 1334 peccato
401 1303 567 1336 superiorem
584 1303 734 1331 declararet
749 1312 816 1331 :cm-
829 1304 927 1331 frustra

145 1343 172 1370 id
193 1344 272 1372 anxie
301 1345 440 1380 inquirunt
468 1347 541 1383 quod
572 1349 696 1377 invenire
721 1357 774 1376 non
801 1351 929 1385 possunt?

143 1390 285 1422 Quomodo
299 1396 388 1419 autem
408 1393 492 1428 ipsius
506 1394 581 1421 obliti
597 1399 662 1421 sunt
675 1395 790 1422 dicentis
804 1405 810 1422 :
829 1406 838 1421 ι
853 1395 929 1423 Venit

145 1436 270 1471 princeps
284 1438 389 1470 mundi,
404 1443 433 1466 et
446 1440 472 1466 in
490 1447 532 1467 me
552 1448 604 1467 non
620 1441 701 1468 habet
715 1441 861 1476 quidquam
869 1441 903 1467 ’3?
918 1451 926 1466 ι

144 1483 241 1517 Arguit
258 1483 365 1517 quidem
385 1484 490 1518 peccati
509 1493 616 1513 omnem
638 1493 759 1519 carnem,
783 1486 867 1520 ipsius
883 1494 930 1512 au-

145 1536 205 1555 cior
227 1537 234 1556 :
253 1530 301 1556 sed
328 1530 409 1558 stulta
435 1535 518 1566 atque
542 1532 654 1559 sinistra
680 1532 764 1566 ipsius
792 1533 930 1560 accusatio

146 1574 248 1601 nullum
264 1575 290 1602 in
303 1574 413 1604 Christo
425 1576 514 1604 locum
531 1577 635 1605 habuit.
649 1577 755 1604 Nullum
768 1577 840 1605 enim
853 1586 930 1613 pror-

145 1628 192 1646 sus
216 1620 241 1646 in
267 1620 325 1654 ipso
351 1627 492 1656 peccatum
519 1623 657 1650 inventum
679 1624 740 1650 fuit.
767 1623 871 1651 Etenim
898 1624 930 1650 ad

146 1665 252 1694 Judtcos
268 1667 357 1702 inquit
371 1674 381 1694 :
396 1677 405 1693 ι
422 1667 488 1701 Quis
503 1676 537 1696 ex
560 1669 635 1697 vobis
653 1673 747 1704 arguet
763 1677 804 1696 me
816 1671 850 1697 de
867 1677 930 1704 pec-

147 1711 226 1736 cato?
242 1710 269 1738 Si
285 1712 426 1739 veritatem
442 1713 513 1746 dico,
531 1721 579 1740 cur
593 1721 647 1741 non
659 1714 771 1741 creditis
786 1715 850 1742 mihi
862 1714 904 1741 "3
918 1725 928 1741 ι

148 1757 381 1788 Quemadmodum
403 1758 486 1794 igitur
502 1759 528 1786 in
547 1759 634 1786 Adam
651 1760 822 1787 condemnati
839 1768 932 1788 sumus

147 1804 183 1829 ob
209 1803 430 1837 inobedientiam,
461 1805 637 1840 mandatique
663 1806 930 1841 transgressionem:

149 1850 184 1875 ita
208 1849 235 1876 in
258 1849 515 1885 Christojustiﬁcati
540 1858 645 1884 sumus,
671 1857 780 1886 propter
799 1853 932 1880 omnimo-

149 1895 210 1921 dam
227 1895 310 1930 ipsius
323 1904 338 1923 a
353 1901 465 1930 peccato
479 1897 687 1931 immunitatem,
702 1897 758 1925 sive
776 1898 930 1932 puritatem,

149 1945 174 1966 et
188 1940 334 1974 perfectam
348 1941 565 1977 Inculpatamque
576 1942 756 1970 obedientiam
771 1947 814 1969 :et
831 1948 933 1969 natum

150 1986 273 2013 humanm
300 1987 384 2022 gloria
407 1995 438 2015 ac
464 1988 584 2024 dignitas
609 1989 635 2016 In
662 1988 713 2016 hoc
736 1994 777 2016 est
798 1988 930 2016 restituta.

149 2032 292 2059 Lbstructa
320 2034 410 2068 itaque
435 2040 476 2062 est
499 2035 665 2068 maledictio,
689 2039 716 2062 et
731 2034 885 2062 obturatum
901 2043 932 2062 os

149 2078 264 2112 peccati,
283 2083 309 2105 et
326 2087 386 2106 cum
407 2079 466 2114 ipso
484 2080 579 2107 mortis
597 2080 741 2115 imperium
765 2080 874 2108 irritum
892 2081 933 2108 fa-

149 2130 221 2151 uim
243 2130 294 2156 est,
318 2133 349 2152 ac
364 2126 562 2160 quodammodo
579 2134 640 2153 cum
661 2133 709 2153 sua
734 2126 825 2154 radice
842 2133 934 2153 emar-j

150 2170 216 2198 egit.
241 2171 268 2196 Si
286 2171 357 2198 enim
376 2177 527 2205 peccatum,
548 2172 608 2199 fons
627 2175 708 2206 atque
723 2172 799 2207 origo
812 2172 932 2199 omnium

151 2216 284 2244 malorum
312 2218 390 2244 nohis
413 2217 462 2244 fuit
484 2226 491 2244 :
512 2218 624 2245 abolitio
647 2225 741 2244 eorum
767 2226 827 2252 qua:
854 2219 935 2245 nobis

151 2263 309 2290 acciderunt
334 2263 416 2290 inierit
445 2263 605 2298 justiﬂcatio
629 2264 655 2290 in
673 2263 782 2291 Christo
801 2272 849 2299 per
869 2264 934 2291 obe-

152 2308 278 2336 1'4ienliam
296 2309 427 2344 ingressa,
450 2310 577 2345 omnique
599 2309 677 2344 plane
690 2308 773 2345 394
794 2310 870 2344 culpa
890 2317 936 2336 ca-

151 2360 226 2381 rens.
254 2355 387 2387 Quocirca
408 2355 489 2382 etiam
515 2355 668 2388 Adamum,
695 2360 726 2382 ut
749 2355 800 2390 ipsi
825 2356 934 2387 dicunt,

151 2400 262 2428 lLdutus
280 2405 321 2428 est
336 2411 342 2428 :
357 2410 408 2428 non
424 2406 513 2429 tamen
523 2402 560 2429 illi
569 2401 667 2429 similis
683 2407 752 2434 erat.
763 2401 807 2436 qui
823 2409 853 2429 ex
865 2406 935 2428 terra

952 2239 973 2266 D

152 2449 277 2473 terrenus
293 2456 300 2473 :
314 2448 361 2474 sed
387 2452 416 2474 ut
441 2448 571 2480 ecclesiis,
598 2447 845 2482 incomparabiliter
867 2454 936 2481 pne—

152 2492 269 2518 stanlior
291 2496 412 2519 terreno.
437 2492 521 2520 Porro
545 2493 672 2527 puritatis
694 2500 708 2518 a
731 2496 842 2526 peccato
858 2491 937 2518 laude

152 2534 296 2562 humanam
320 2542 444 2563 naturam
465 2538 491 2564 in
517 2538 574 2572 ipso
604 2541 728 2565 ornatam
755 2536 837 2563 fuisse
858 2536 936 2563 facile

639 144 670 171 S.
690 142 826 172 CYItlLLl
847 143 1082 171 ALEXANDRINI
1102 141 1261 172 ARCIIIEP.

1714 137 1796 165 Ηξο

980 202 1027 228 καὶ
1041 202 1233 237 πνευματικῶς
1251 202 1354 237 διῆγεν,
1373 200 1458 228 ἐννόει
1473 199 1565 230 πάλιν,
1579 198 1626 225 ὅτι
1643 196 1794 224 ἀναϐιεά-

981 247 1035 280 ζων
1054 248 1089 274 τὰ
1109 247 1169 274 καθ’
1183 248 1256 282 ἡμᾶς
1279 249 1318 280 είς
1338 246 1527 282 πνευματικὴν
1547 243 1704 275 πολιτείαν,
1731 243 1790 276 αὺ-

980 292 1025 325 τὺς
1039 293 1140 329 ἧρξατο
1152 293 1198 320 τοῦ
1211 293 1373 329 πράγματος
1387 290 1577 327 ἀνθρωπίνως,
1590 290 1637 316 ἵνα
1653 289 1717 320 ὁδὸς
1735 289 1790 315 καὶ

980 339 1052 374 ἁρχὴ
1071 340 1104 374 τῇ
1125 338 1268 373 ἀνθρώπου
1284 337 1364 372 φύσει
1377 338 1490 372 γένηται
1512 335 1581 371 πρὸς
1596 335 1629 361 τὸ
1644 334 1789 361 δύνασθαι

980 384 1085 419 διαζῆν,
1100 384 1191 410 οὐκέτι
1214 383 1352 419 σαρκικῶς
1375 383 1423 410 καὶ
1447 381 1610 417 φιληδόνως,
1633 380 1723 414 ἁγίως
1754 379 1788 406 δὲ

982 429 1083 465 μᾶλλον
1102 429 1149 456 καὶ
1163 428 1370 464 πνευματικῶς.
1388 427 1504 462 Ἀγαθοῦ
1521 427 1577 462 γὰρ
1591 426 1695 457 παντὸς
1709 426 1786 459 ἡμῖν

981 475 1077 510 γέγονε
1098 476 1181 511 ἀρχή.
1195 475 1250 502 Καὶ
1267 474 1313 502 διὰ
1333 474 1412 501 τοῦτο
1431 473 1536 509 πέφηνε
1551 472 1708 508 ἄνθρωπος,
1734 471 1786 497 ἶνα

980 522 1030 557 τῆς
1040 523 1070 549 ὲν
1082 522 1167 557 ’Δδὰμ
1177 521 1318 553 ἀσθενείας
1330 519 1379 556 τὴν
1392 519 1469 556 ἡμῶν
1482 519 1563 554 φύσιν
1573 517 1783 552 ἐλευθερώσας,

979 567 1017 600 ὡς
1033 569 1061 595 ὲν
1075 567 1150 604 αὐτῷ
1163 568 1209 595 καὶ
1226 567 1327 603 πρώτῳ
1338 565 1414 602 δείξῃ
1427 564 1627 601 πνευματικήν.

1268 665 1394 692 ΚΕΦΛΔ.
1417 664 1482 692 ΚΓ.

980 721 1134 755 Πρὸς-’τοὺς
1142 720 1296 757 λέγοντας.
1307 718 1342 757 Et
1354 719 1509 757 ἐνεδέκετο
1522 717 1696 757 ἀμαρτῃοῃι
1708 717 1780 757 x95-

1015 750 1090 783 στὸν
1103 750 1282 790 φορέὰαντιί
1295 755 1352 789 τὴν
1367 750 1511 789 ὁμοιῶσιγ
1533 750 1586 779 τοῦ
1616 751 1709 786 Ἀδὰμ
1723 750 1779 777 διὰ

1014 791 1072 825 τὴν
1087 791 1186 825 σάρκα
1195 798 1205 823 ;

1020 847 1155 874 ’Δσὺνετοι
1172 847 1201 874 δὲ
1214 846 1385 878 παντελῶςοὶ
1396 846 1443 873 καὶ
1456 845 1546 877 αὐτὸν,
1560 844 1611 871 οὐκ
1624 839 1674 870 οἷδ’
1684 843 1777 874 ὅπως.

981 894 1027 921 τὸν
1045 894 1163 928 Χριστὸν
1177 893 1399 928 ὑποτοπήσαντες
1417 891 1611 927 πλημμελῆσαι
1627 889 1775 920 δύνασθαι,

981 939 1026 966 διὰ
1041 939 1072 966 τὸ
1087 940 1116 966 tv
1130 939 1195 966 εἴδει
1211 939 1250 974 τῷ
1268 938 1328 965 καθ’
1344 939 1419 974 ἡμᾶς
1437 936 1615 972 οἰκονομικῶς
1628 935 1774 970 γενέσθαι,

982 984 1030 1012 καὶ
1052 984 1146 1012 δούλου
1176 984 1284 1019 μορφὴν
1309 983 1411 1016 Μσεῖν,
1437 983 1485 1010 καὶ
1514 980 1776 1016 συναναστραφῆναι

981 1031 1037 1062 τοῖς
1057 1031 1102 1057 ἐπὶ
1117 1030 1169 1065 γῆς
1184 1029 1347 1065 ἀνθρώποις,
1365 1029 1396 1056 Ei
1419 1029 1469 1064 μὲν
1489 1029 1544 1064 γὰρ
1557 1027 1605 1055 τοῦ
1621 1024 1691 1054 εἶναι
1708 1027 1723 1053 ὃ
1739 1024 1776 1062 ἦν

981 1077 1098 1115 ἀπέστη,
1112 1077 1140 1112 ἢ,
1157 1078 1189 1104 ἐκ
1203 1076 1251 1103 τοῦ
1264 1074 1334 1103 εἶναι
1342 1076 1418 1108 Θεὸς,
1434 1076 1473 1107 εἰς
1489 1074 1520 1102 τὸ
1535 1074 1595 1101 καθ’
1609 1075 1686 1109 ἡμᾶς
1700 1071 1776 1100 εἶναι

983 1122 1063 1158 μόνον
1090 1122 1320 1157 μεταπεφοίτηκε,
1335 1121 1494 1157 ζητήτωσαν
1515 1121 1544 1147 tv
1567 1119 1642 1155 αὐτῷ
1665 1120 1701 1146 τὰ
1723 1120 1776 1154 τῆς

982 1168 1154 1203 ἀνθρωπίνης
1175 1167 1316 1199 ἀσθενείας
1330 1167 1499 1202 ἐγκλήματα.
1524 1166 1556 1193 Ei
1580 1165 1609 1192 δὲ
1622 1165 1667 1192 διὰ
1693 1164 1776 1190 τοῦτο

981 1215 1031 1249 τὴν
1041 1213 1088 1240 τοῦ
1101 1213 1243 1249 ἀνθρώπου
1258 1213 1338 1249 φύσιν
1353 1213 1518 1248 πεφόρηκεν,
1530 1213 1584 1245 ἵνα,
1593 1212 1630 1243 ὡς
1641 1212 1671 1238 ὲν
1686 1211 1776 1245 ’Δδαμ

981 1259 1179 1295 ἀσθενήσασαν,
1188 1260 1217 1286 tv
1231 1259 1305 1295 αὐτῷ
1316 1259 1414 1293 δείξει⁶
1425 1257 1614 1292 δυνατωτάτην
1621 1257 1668 1284 καὶ
1682 1257 1776 1291 ἁμαρ-

982 1305 1043 1336 τίας
1057 1305 1210 1340 κρείττονα,
1226 1305 1253 1331 τί
1267 1305 1356 1340 μάτην
1375 1303 1602 1340 περιεργάζονται
1616 1302 1630 1328 ὃ
1644 1301 1775 1329 δύνανται

981 1351 1031 1385 οὐχ
1058 1350 1165 1385 εὐρεῖν;
1194 1350 1254 1382 πῶς
1280 1350 1309 1377 δὲ
1334 1349 1458 1385 λέγοντος
1483 1348 1566 1376 αὑτοῦ
1590 1346 1773 1374 ὲπελάθοντο’

985 1406 994 1422 ι
1023 1396 1153 1432 Ἔρχεται
1171 1397 1185 1423 ὁ
1202 1395 1249 1422 τοῦ
1274 1396 1377 1432 κόσμου
1402 1395 1505 1431 ἄρχων,
1528 1394 1574 1421 καὶ
1593 1394 1622 1420 tv
1643 1392 1707 1428 ἐμοὶ
1723 1392 1775 1418 οὐκ

983 1440 1039 1476 ἔχει
1051 1440 1136 1467 οὐδέν.
1156 1450 1166 1467 ι
1187 1441 1344 1476 Κατηγορεῖ
1369 1440 1418 1475 μὲν
1430 1440 1476 1466 καὶ
1490 1439 1579 1473 πάσης
1604 1437 1706 1472 σαρκὸς
1724 1436 1773 1470 τῆς

983 1486 1119 1522 ἁμαρτίας
1135 1487 1148 1513 ὁ
1163 1487 1276 1522 εὑρετής
1286 1495 1292 1502 ·
1306 1485 1364 1513 ἀλλ’
1378 1484 1412 1522 ἦν
1430 1485 1479 1521 τῆς
1492 1485 1596 1511 ἐκείνου
1613 1483 1774 1517 σκαιότητος

983 1531 999 1567 ἠ
1015 1531 1160 1567 περιεργία
1173 1531 1313 1566 ἄπρακτος
1328 1531 1357 1557 ὲν
1370 1530 1496 1566 Χριστῷο
1514 1529 1629 1565 εὕρηται
1640 1528 1695 1562 γὰρ
1705 1527 1773 1557 ὅλως

983 1576 1059 1603 οὐδὲν
1074 1577 1103 1603 tv
1120 1576 1203 1611 αὐτῷ.
1219 1577 1274 1603 Καὶ
1289 1575 1354 1609 γοῦν
1368 1576 1436 1611 πρὸς
1458 1575 1601 1605 Ἰουδαίους
1617 1573 1668 1608 ἔφη
1681 1581 1687 1586 ·
1701 1581 1710 1597 1
1725 1571 1773 1602 Τίς

984 1622 1014 1654 ἐξ
1039 1621 1116 1657 ὑμῶν
1140 1621 1245 1656 ἐλέγχει
1272 1630 1307 1657 με
1331 1622 1377 1648 ἐπὶ
1403 1620 1556 1656 ἁμαρτίας;
1585 1620 1617 1646 Εἰ
1644 1618 1773 1653 ἀλήθειαν

984 1667 1064 1702 λέγω,
1074 1667 1118 1694 διὰ
1132 1667 1158 1693 τί
1172 1667 1250 1702 ὑμεῖς
1262 1667 1292 1693 οὐ
1308 1667 1449 1693 πιστεύετέ
1465 1675 1525 1702 μοι;
1541 1676 1550 1692 ι
1566 1666 1672 1699 ’Ὠσπερ
1684 1664 1773 1689 τηεν-δν

984 1712 1013 1738 ὲν
1037 1711 1122 1746 ’Δδὰμ
1139 1711 1339 1746 κατεκρίθημεν
1361 1711 1406 1737 διὰ
1425 1710 1474 1745 τὴν
1490 1710 1640 1745 παρακοὴν,
1660 1707 1708 1734 καὶ
1724 1708 1772 1742 τῆς

985 1757 1095 1792 ἐντολῆς
1111 1757 1160 1792 τὴν
1177 1756 1341 1792 παράϐασιν,
1357 1756 1443 1788 οὕτως
1459 1758 1487 1783 ἐν
1502 1754 1611 1791 Χριστῷ
1633 1753 1772 1780 δεδικαιὼι

987 1803 1056 1839 μεθα
1079 1803 1124 1830 διὰ
1152 1803 1182 1829 τὸ
1210 1803 1388 1838 ὰπλημμελὲς
1409 1802 1572 1836 ὸλοτρόπως,
1590 1800 1638 1827 καὶ
1661 1800 1712 1835 τὴν
1734 1800 1773 1830 ei;

986 1850 1058 1877 ἅπαν
1072 1850 1119 1877 καὶ
1138 1849 1287 1885 ἀμώμητον
1309 1849 1432 1884 ὑπακοήν
1442 1857 1449 1864 ’
1465 1849 1512 1875 καὶ
1528 1847 1558 1874 τδ
1574 1847 1706 1881 καύχημα
1723 1845 1772 1881 τῆς

985 1896 1157 1932 ἀνθρωπείας
1182 1895 1289 1930 φύσεως
1311 1896 1341 1922 tv
1365 1895 1452 1931 τούτῳ
1477 1895 1584 1929 γέγονε.
1612 1895 1772 1929 Πὲφρακται

986 1942 1050 1977 γοῦν
1074 1943 1092 1978 ἡ
1113 1942 1178 1977 ἀρὰ,
1199 1941 1290 1968 καὶτὸ
1306 1941 1394 1976 mea
1407 1942 1458 1976 τῆς
1475 1941 1612 1977 ἁμαρτίας
1628 1940 1771 1975 ἐμπέφρα-

986 1997 1060 2022 κται,
1076 1988 1123 2015 καὶ
1135 1988 1185 2015 σὺν
1196 1987 1269 2024 αὐτῷ
1284 1988 1315 2014 τὸ
1329 1987 1376 2014 τοῦ
1388 1987 1501 2014 θανάτου
1517 1986 1616 2022 κράτος
1632 1986 1771 2020 κατείργη‹

984 2035 1052 2066 mf,
1072 2033 1167 2069 ὥσπερ
1192 2034 1280 2069 οἰκείᾳ
1295 2033 1358 2069 ῥίζῃ
1386 2031 1639 2068 συναπομαρανθὲν.
1666 2030 1700 2057 Et
1721 2030 1772 2065 γὰρ

986 2079 1094 2106 πάντων
1104 2079 1158 2106 τῶν
1170 2079 1262 2106 κακῶν
1273 2079 1403 2114 πρόξενος
1415 2079 1480 2114 ἡμῖν
1491 2079 1508 2114 ἡ
1521 2077 1642 2113 ἁμαρτία
1651 2077 1771 2111 γέγονεν,

985 2124 1124 2160 ἀναίρεσις
1139 2124 1216 2151 ἔσται
1230 2124 1285 2150 τῶν
1301 2123 1513 2160 συμὸεσηκὸτων
1528 2124 1545 2158 ἡ
1566 2124 1594 2150 ἐν
1608 2120 1721 2158 Χριστῷ
1735 2122 1771 2148 δι-

986 2171 1108 2203 καίωσις,
1123 2170 1157 2197 δι’
1174 2171 1297 2206 ὑπακοῆς
1311 2170 1493 2202 εἰσϐαίνουσα,
1511 2169 1558 2196 καὶ
1570 2169 1602 2196 τὸ
1618 2168 1772 2196 ἀνυπαίτιον

987 2217 1086 2252 ἔχουσα
1101 2215 1250 2248 παντελῶς.
1271 2217 1352 2243 Ὥστε
1369 2216 1416 2243 καὶ
1429 2217 1454 2243 εἰ
1467 2215 1514 2243 τὸν
1534 2214 1629 2250 Ἀδὰμ,
1648 2215 1686 2246 ὦς
1699 2222 1770 2249 φασι,

988 2262 1154 2297 πεφόρηκεν,
1169 2262 1227 2290 ἀλλ’
1247 2262 1278 2288 οὐ
1292 2262 1352 2288 κατ’
1364 2263 1468 2289 ἐκεῖνον
1487 2257 1532 2297 ἦν,
1547 2260 1593 2287 τὸν
1607 2261 1641 2286 ὲκ
1653 2260 1706 2295 γῆς
1718 2261 1772 2294 χοϊ-

988 2308 1046 2341 κὺν,
1072 2308 1130 2335 ἀλλ’
1145 2308 1183 2340 ὡς
1204 2308 1375 2344 ἐπουράνιος,
1391 2307 1512 2343 ἀμείνων
1532 2305 1708 2342 ἁσυγκρίτως
1729 2304 1770 2331 τοῦ

989 2351 1081 2388 χοϊκοῦ
1091 2359 1098 2367 ⁸
1115 2353 1161 2378 καὶ
1174 2353 1230 2384 τοῖς
1245 2353 1294 2387 τῆς
1307 2352 1514 2388 ἀναμαρτησίας
1529 2351 1651 2382 ἐπαίνοις
1663 2350 1713 2386 τὴν
1727 2350 1770 2377 ἀν-

989 2399 1191 2434 θρώπου’φύσιν
1207 2399 1415 2434 στεφανωμένην
1426 2400 1435 2410 ⁴
1451 2400 1480 2425 tv
1495 2398 1570 2433 αὐτῷ
1582 2397 1722 2433 θεωρῆσαί
1731 2405 1769 2428 τις

989 2446 1022 2472 ἂν
1040 2446 1156 2477 δύναιτο,
1174 2445 1224 2480 τῆς
1243 2445 1420 2472 Θεοπνεύστου
1438 2445 1550 2480 Γραφῆς
1575 2443 1770 2479 ἐπιμαρτυρού-

986 2498 1039 2526 ’σης
1048 2490 1133 2526 αὐτῷ,
1142 2492 1183 2518 ὅτι
1200 2500 1210 2516 ‹
1221 2491 1248 2518 Ἀ
1254 2491 1370 2527 μαρτίαν
1382 2492 1431 2518 οὐκ
1448 2491 1586 2526 ἐποίησεν,
1597 2489 1662 2516 οὐδὲ
1678 2489 1768 2525 εὑρέθη

988 2536 1062 2568 δόλος
1078 2538 1107 2562 ὲν
1122 2537 1161 2571 τῷ
1176 2537 1290 2572 στόματι
1309 2537 1401 2564 αὑτοῦ.
1420 2547 1429 2562 ι

154 2581 214 2614 quis
234 2582 442 2616 contempletur,
466 2591 527 2610 eum
552 2583 691 2619 Scriptura
719 2590 795 2609 sacra
820 2583 853 2609 de
878 2583 934 2617 ipso
956 2588 1090 2611 testetur:
1110 2584 1200 2617 (Quia
1223 2590 1360 2619 peccatum
1397 2592 1448 2611 non
1465 2584 1637 2618 fecit,neque
1653 2584 1768 2611 inventus

163 2631 194 2654 .st
209 2628 235 2654 in
251 2636 298 2655 ore
313 2627 371 2662 ejus
387 2629 462 2657 dolus
472 2629 506 2656 ⁷⁵.
523 2639 533 2655 ι

199 2705 310 2733 "Joau.
330 2715 373 2733 MV
398 2707 442 2735 50.
480 2707 594 2735 “Jouu.
613 2716 670 2740 \lll,
690 2708 727 2735 ili.

767 2709 789 2724 ⁷⁸
803 2708 809 2734 Ι
822 2708 893 2735 Prtr.
913 2715 941 2739 ιι,
958 2708 1002 2734 ⁵32.
