1883 3056
84 156 162 183 1125

593 153 779 181 ADVERSUS
798 152 1203 184 ANTllROPOMOBPIHTAS.

1658 160 1727 186 H26

83 214 166 241 οειαν
177 221 183 228 ·
207 213 318 240 ἐπειδὰν
339 213 366 240 δὲ
391 213 521 248 στάσιμον
541 212 653 249 γένηται
669 213 699 240 τὸ
715 213 809 246 κακὸν,
825 227 826 231 η

982 222 994 241 n
1010 215 1176 248 pervenerit,
1192 218 1256 241 tunc
1269 215 1386 248 primunt
1399 221 1486 243 artem
1499 222 1574 243 suam
1588 215 1725 249 adhibent,

82 260 139 296 τὴν
152 259 249 295 τέχνην
270 260 412 294 ἐπάγουσι,
431 260 594 295 ἐκφανείσης
617 260 708 294 πάσης
723 260 771 295 τῆς
786 260 863 286 νόσου
875 268 881 274 ”

81 306 176 337 οὕτως
190 306 237 332 καὶ
250 306 314 337 τοὺς
329 305 422 336 κακῶς
437 305 547 340 ἔχοντας
561 306 611 341 τὴν
630 305 719 340 ψυχὴν
741 305 882 340 ἰατρεύων,

81 353 138 388 τὴν
151 353 183 378 ἐκ
198 352 297 383 κακίας
310 352 386 378 νόσον
407 352 545 387 ἀνέμεινε,
592 350 749 386 κατεκράθη
760 351 777 386 ἡ
790 350 881 385 φύσις,

82 399 181 425 πᾶσαν
201 397 416 435 ἐκκαλυφθῆναι,
433 397 471 429 ὡς
494 396 527 424 ἂν
554 396 637 432 μηδὲν
653 396 706 423 τῶν
724 396 884 431 κεκρυμμέ-

84 453 144 471 νων
160 443 346 479 ἀθεράπευτον
362 442 472 478 μείνειε’
486 442 533 469 τοῦ
553 441 645 478 ἰατροῦ
664 442 742 477 μόνον
757 442 787 468 τὸ
800 442 883 477 φανὲν

85 489 300 525 θεραπεύοντος.
316 489 372 516 Καὶ
382 489 427 516 διὰ
439 488 519 515 τοῦτο
537 488 599 514 οὔτε
612 488 683 515 κατὰ
693 488 756 520 τοὺς
770 489 883 524 καιροὺς

83 537 137 564 τοῦ
162 537 236 568 Νῶε,
251 536 342 570 πάσης
360 535 462 571 σαρκὸς
478 535 506 561 ὲν
531 535 625 570 ἀδικίᾳ
648 533 882 570 καταφθαρείσης,

86 585 190 618 ἐπάγει
205 583 248 610 διὰ
267 583 315 618 τῆς
333 582 401 614 ἰδίας
418 580 569 617 ἐμφανείας
582 581 632 616 τὴν
653 580 734 614 ἴασιν,
748 581 788 607 ὅτι
807 580 883 607 οὔπω

82 630 139 665 τῆς
161 628 310 663 Σώομικῆς
331 627 430 659 κακίας
453 627 467 653 ὁ
486 626 600 662 βλαστὸς
612 625 712 661 ὲξεφύη
753 625 813 652 οὐδὲ
837 625 883 652 ἐπὶ

82 675 136 702 τοῦ
150 674 246 710 καιροῦ
261 674 310 709 τῆς
324 674 449 709 Σοδόμων
466 672 660 708 καταστροφῆς
673 673 687 698 ό
703 672 804 707 Κύριος
820 672 883 706 φαί-

83 730 176 753 νεται,
192 721 258 747 διότι
271 719 357 746 πολλὰ
377 719 432 746 τῶν
446 719 600 746 ὑπολοίπων
620 718 714 746 κακῶν
727 719 760 754 τῇ
777 718 883 754 ἀνθρω-

85 769 157 806 πίνῃ
171 768 210 795 ἔτι
232 767 436 804 κατεκρὺπτετο
461 767 552 801 φύσει.
578 767 632 794 Ποῦ
649 766 703 802 γὰρ
719 767 733 793 ὁ
749 766 884 801 θεομάχος

83 813 209 850 Φαραώς
225 813 276 840 ποῦ
298 813 354 840 τῶν
369 813 559 849 Αίγυπτίων.ὴ
579 812 734 848 ἀδάμαστος
749 812 882 848 πονηρία;

84 861 128 887 Οὐ
150 861 204 896 μὴν
219 860 279 887 οὐδὲ
295 860 357 887 τότε
373 859 412 895 τῷ
426 859 560 895 διορθωτῇ
576 858 624 886 τοῦ
641 858 741 890 παντὸς
755 858 884 894 εὔκαιρον

86 908 150 941 (ἐπὶ
164 908 219 933 τῶν
238 907 396 941 Αἰγυπτίων
413 906 484 940 λέγω
498 905 607 940 κακῶν)
624 904 829 940 καταμιχθῆναι
846 904 885 940 τῷ

87 953 154 989 βίῳ,
175 953 245 980 Ἀλλ’
261 953 315 979 ἔδει
329 953 374 979 καὶ
389 953 443 980 τῶν
460 951 635 988 Ἰσραηλιτῶν
647 951 696 987 τὴν
712 950 885 988 παρανομίαν

86 1001 244 1036 ἀναφῆναι·
270 999 323 1026 ἔδει
349 999 460 1034 καὶτῆς
492 997 642 1032 Ἀσσυρίων
666 996 814 1032 βασιλείας.
837 996 886 1024 καὶ

86 1047 139 1074 τοῦ
162 1045 408 1081 Ναϐουχοδονόζωρ
421 1044 470 1080 τὴν
487 1043 692 1079 ὐπερηφανείαν
714 1042 887 1078 ὑποσμύχον-

88 1102 143 1120 σαν
158 1092 198 1119 ἔτι
210 1092 251 1128 τῷ
266 1091 316 1126 βίῳ
331 1090 452 1126 φανερὰν
462 1090 603 1125 γενέσθαι·
620 1089 673 1116 ἔδει
686 1089 734 1123 τὴν
748 1089 818 1116 κατὰ
832 1089 886 1116 τῶν

87 1137 174 1163 ὁσίων
189 1135 356 1171 μιαιφονίαν,
373 1133 429 1161 οἷόν
444 1143 504 1162 τινα
519 1134 637 1170 πονηρὸν
657 1134 800 1170 ἀκανθώδη
824 1133 887 1169 βλα-

89 1182 156 1208 στὺν
179 1182 229 1217 τῆς
251 1181 341 1215 κακῆς
365 1180 412 1206 τοῦ
436 1179 559 1207 διαϐόλου
592 1179 670 1215 ῥίζης
701 1179 885 1215 ἀναδραμεῖν·

89 1229 145 1255 ἔδει
169 1228 220 1263 τὴν
244 1227 299 1254 τῶν
322 1226 456 1253 Ἰουδαίων
474 1226 546 1253 κατά
569 1226 623 1252 τῶν
648 1225 734 1260 ἁγίων
758 1225 805 1252 τοῦ
819 1225 886 1252 Θεοῦ

90 1273 284 1310 φανερωθῆναι
304 1272 417 1304 λύσσαν,
440 1272 495 1299 τῶν
516 1272 581 1304 τοὺς
607 1272 750 1307 προφήτας
767 1273 883 1299 ἀποκτα-

89 1319 204 1350 νόντων,
219 1318 266 1345 καὶ
284 1317 494 1345 λιθοϐολούντων
508 1318 571 1349 τοὺς
587 1317 823 1352 ἀπεσταλμένους,
841 1317 888 1345 καὶ

89 1365 170 1396 τέλος
188 1363 234 1391 τοῦ
247 1363 312 1391 ναοῦ
328 1363 432 1390 καὶτοῦ
448 1362 644 1398 Θυσιαστηρίου
661 1362 763 1398 μεταξὺ
777 1363 808 1389 τὺ
818 1362 889 1390 κατὰ

91 1409 141 1437 τὸν
158 1409 296 1445 Ζαχαρίαν
311 1408 376 1443 ἄγος
399 1408 607 1444 ἐργασαμένων.
632 1408 753 1444 Πρόσθες
779 1408 818 1444 τῷ
837 1417 887 1435 κα-

91 1455 200 1491 ταλόγῳ
215 1455 269 1482 τῶν
285 1453 411 1489 πονηρῶν
433 1453 642 1489 βλαστημόιτων,
662 1454 708 1480 καὶ
731 1453 779 1480 τοῦ
800 1453 888 1489 Ἡρώ-

92 1502 141 1528 δου
157 1502 205 1537 τὴν
222 1500 408 1535 παιδοφονίαν.
432 1500 507 1526 Ἐπεὶ
526 1497 573 1526 οὖν
588 1501 663 1526 πᾶσα
682 1500 730 1535 τῆς
748 1500 848 1532 κακίας
871 1501 888 1536 ὴ

94 1548 210 1582 δύναμις
232 1548 264 1573 ὲκ
279 1547 327 1581 τῆς
343 1546 464 1581 πονηρᾶς
480 1545 559 1580 ῥίζης
574 1545 698 1581 ἀνεδόθη,
714 1545 761 1572 καὶ
780 1545 889 1572 πολυει-

95 1594 148 1626 δῶς
162 1593 266 1628 ηὔξησε
280 1593 309 1619 ἐν
331 1594 390 1624 ταῖς
414 1592 591 1627 προαιρέσεσι
616 1591 669 1617 τῶν
687 1591 748 1617 καθ’
771 1591 890 1626 ἑκάστην

95 1639 205 1674 γενεὰν,
227 1640 259 1674 τῇ
284 1639 369 1674 κακίᾳ
392 1638 558 1673 ἀγνωρίμως
581 1637 792 1673 ὑλομανησάσῃ,
818 1637 889 1670 τότε,

97 1686 190 1717 καθώς
205 1694 271 1721 φησι
291 1685 360 1721 πρὸς
381 1684 542 1720 Ἀθηναίους
563 1684 578 1710 ὁ
592 1683 709 1716 Παῦλος,
730 1692 738 1708 t
760 1683 829 1715 Τοὺς
840 1683 891 1718 τῆς

97 1731 209 1765 ἀγνοίας
223 1730 335 1766 χρόνους
353 1729 489 1765 ὑπεριδὼν
510 1730 524 1755 ό
536 1729 611 1760 Θεὸς,
634 1729 682 1754 ἐπὶ
696 1727 751 1754 τῶν
767 1727 891 1762 ἐσχάτων

98 1776 211 1812 ἡμερῶν
228 1775 421 1811 παραγίνεται,
451 1784 460 1800 ι
478 1774 521 1801 ὅτε
538 1775 588 1800 οὐκ
606 1771 640 1809 ἦν
657 1775 671 1800 ὁ
696 1773 806 1806 συνιὼν,
828 1772 891 1799 οὔτε

99 1823 149 1849 οὐκ
163 1820 197 1856 ἦν
218 1823 232 1848 ό
247 1820 370 1856 ἐκζητῶν
390 1821 437 1847 τὸν
463 1820 539 1853 Θεὸν,
555 1821 600 1847 ὅτε
626 1820 725 1851 πάντες
741 1819 890 1852 ἐξέκλιναν,

100 1869 159 1903 ἇμα
184 1867 386 1903 ὴχρειώθησαν,
410 1868 455 1894 ὅτε
477 1866 654 1901 συνεκλείσθη
679 1866 713 1892 τὰ
741 1866 829 1892 πάντα
852 1865 892 1896 είς

101 1914 250 1950 ἁμαρτίαν,
267 1914 311 1940 ὅτε
335 1913 499 1940 ἐπλεόνασεν
519 1914 536 1948 ἡ
562 1912 693 1948 ἁμαρτία,
719 1912 763 1938 ὅτε
780 1911 847 1948 πρὸς
863 1911 892 1938 τὸ

101 1961 251 1996 ἀκρότατον
268 1959 366 1995 μέτρον
392 1959 406 1985 ό
424 1959 473 1993 τῆς
488 1957 586 1989 κακίας
603 1957 703 1993 ηὔξησε
718 1956 815 1991 ζόφοςε
832 1957 893 1983 τότε

101 2007 225 2041 ἐπεφάνη
247 2007 264 2041 ὴ
290 2007 381 2041 χάρις,
398 2005 458 2031 τότε
473 2006 490 2040 ἡ
507 2004 554 2031 τοῦ
569 2004 696 2040 ἀληθινοῦ
712 2004 800 2038 φωτὸς
814 2003 893 2034 ἀκτὶς

102 2053 271 2084 ἐπανέτειλε,
287 2052 347 2079 τότε
363 2052 499 2086 ὲπέφανεν
521 2052 535 2078 ὸ
549 2051 599 2086 τῆς
614 2050 787 2086 δικαιοσύνης
797 2050 892 2081 Ἥλιος

102 2100 158 2130 τοῖς
169 2099 197 2125 ἐν
208 2098 298 2125 σκότει
314 2098 360 2124 καὶ
376 2099 440 2133 σκιᾷ
455 2096 631 2132 καθημένοις,
649 2097 710 2122 τότε
727 2096 776 2128 τὰς
792 2095 893 2128 πολλὰς

104 2145 224 2180 κεφαλὰς
238 2144 285 2170 τοῦ
299 2144 445 2179 δράκοντος
461 2142 634 2174 συνέθλασεν,
650 2142 747 2174 ὲπιὸὰς
772 2142 810 2177 τῷ
832 2141 893 2168 ποδὶ

103 2192 145 2218 διὰ
167 2191 215 2225 τῆς
231 2190 405 2226 ἀνθρωπίνης
422 2189 532 2224 σαρκὸς,
548 2189 595 2216 καὶ
613 2189 646 2224 τῇ
669 2190 703 2223 γῇ
720 2187 893 2223 προσθλάσας

104 2238 150 2265 καὶ
160 2237 367 2272 καταπατήσας.
385 2237 439 2263 Καὶ
451 2236 546 2272 μηδεὶς
560 2235 628 2271 πρὸς
639 2235 673 2262 τὰ
688 2234 735 2261 νῦν
748 2235 777 2261 ὲν
788 2235 827 2270 τῷ
843 2235 892 2270 βίῳ

105 2283 320 2318 καταψεύδεσθαι
337 2282 470 2318 νομιζέτω
491 2282 536 2309 τὸν
551 2281 640 2316 λόγον,
657 2281 717 2307 καθ’
731 2281 761 2307 όν
784 2282 812 2308 ὲν
837 2282 892 2313 τοῖς

105 2331 268 2361 τελευταίοις
291 2330 398 2365 χρόνοις
426 2330 516 2364 φαμὲν
541 2328 694 2364 ἐπιλάμψαι
718 2327 757 2363 τῷ
780 2327 830 2364 βίῳ
848 2331 894 2355 τδν

106 2377 215 2412 Κύριον.
229 2376 304 2412 Ἐρεῖ
321 2375 375 2412 γὰρ
391 2376 405 2402 ό
418 2375 568 2410 ἀντιλέγων
584 2375 666 2411 τυχὸν
676 2394 682 2406 ,
704 2375 744 2401 ὃτι
761 2374 813 2401 Τὸν
828 2375 894 2401 ἀνα-

107 2424 231 2459 μείνοντα
248 2423 312 2454 τοὺς
334 2424 446 2458 χρόνους
470 2421 539 2457 πρὸς
553 2421 602 2457 τὴν
628 2422 677 2456 τῆς
696 2421 796 2452 κακίας
811 2421 893 2455 φανέ-

107 2477 200 2505 ρωσιν,
224 2469 298 2501 ὅπως
313 2469 397 2503 αὐτὴν
413 2467 577 2503 αὺξηθεῖσαν
598 2467 687 2503 ἐξέλῃ,
709 2467 893 2502 προθέλυμνον

100 2514 194 2566 induant
202 2515 287 2550 αὐτὴν
295 2514 369 2546 εἰκὸς
377 2514 554 2550 ἀνῃρηκέναι,
560 2513 598 2545 ὡς
609 2513 690 2549 μηδὲν
697 2513 780 2548 αὐτῆς
786 2513 892 2540 ὑπολει-

108 2560 205 2595 φθῆναι
220 2559 259 2595 τῷ
272 2560 322 2595 βίῳ
329 2559 454 2594 λείψανον
464 2567 471 2574 ·
482 2558 542 2586 νυνὶ
549 2558 576 2584 δὲ
585 2559 669 2592 φόνοι,
676 2558 723 2584 καὶ
731 2558 839 2590 κλοπαὶ,
846 2558 893 2584 καὶ

112 2607 237 2642 μοιχεῖαι,
252 2607 300 2633 καὶ
314 2606 404 2633 πάντα
418 2605 550 2641 τολμᾶται
565 2604 599 2631 τὰ
621 2605 803 2640 πονηρότατα.
825 2604 894 2630 Ἀλλ’

109 2656 123 2682 ὁ
136 2656 201 2691 προς
215 2654 294 2681 τοῦτο
309 2654 426 2690 βλέπων,
453 2652 632 2688 ὺποδείγματί
652 2660 705 2678 τινι
721 2651 774 2678 τῶν
796 2650 895 2685 γνωρί-

112 2709 166 2736 μων
179 2701 227 2736 τὴν
243 2700 307 2736 περὶ
330 2700 432 2726 τούτων
457 2698 623 2735 ἀμφιϐολίαν
645 2697 762 2724 λυσάτω.
789 2697 895 2732 Ὥσπερ

110 2748 160 2782 γὰρ
176 2747 238 2774 ἰδεῖν
254 2746 310 2773 ἔστι
326 2746 373 2772 ἐπὶ
386 2746 436 2781 τῆς
451 2745 505 2772 τῶν
520 2744 643 2781 ἑρπετῶν
656 2743 833 2777 ἀναιρέσεως,
846 2744 896 2770 οὐκ

110 2793 184 2824 εὐθὺς
207 2793 240 2828 τῇ
264 2792 370 2828 κεφαλῇ
395 2791 441 2819 τὸν
463 2791 541 2818 ὅλκον
566 2789 820 2825 συγκεκρουμένων,
837 2789 895 2816 ἀλλ’

145 2881 166 2896 ⁷⁸
175 2881 234 2909 Act.
253 2887 318 2912 xvtt,
333 2880 378 2908 50.

937 267 999 287 cum
1013 259 1068 294 jam
1091 265 1164 287 totus
1181 261 1290 288 morbus
1305 269 1335 288 se
1351 262 1510 289 exeruerit:
1527 261 1562 288 ita
1583 261 1665 288 etiam
1681 270 1728 288 eos

937 306 982 340 qui
1001 306 1098 333 animm
1111 307 1183 334 vitiis
1198 307 1326 334 laborant
1341 315 1453 340 curans,
1474 308 1568 335 morbo
1584 315 1618 335 ex
1634 308 1728 341 nequi-

938 352 973 378 tia
1003 353 1122 379 curando
1151 353 1283 387 tantisper
1311 353 1486 387 supersedit,
1515 354 1601 381 donec
1629 359 1727 381 natura

937 398 1068 432 quidquid
1089 398 1163 425 inse
1190 399 1252 426 ntali
1272 399 1389 426 habebat
1412 404 1496 426 totum
1523 399 1670 434 patefecit,
1695 408 1729 426 ne

938 444 1002 478 quid
1018 445 1116 472 occulti
1135 445 1287 472 iucuratum
1302 445 1514 480 relinqueretur:
1532 453 1591 472 cum
1609 446 1729 472 medicus

937 497 967 517 ea
985 494 1090 516 tantum
1104 498 1163 525 qum
1181 495 1314 525 apparent
1332 496 1419 518 curet.
1443 491 1545 518 Idcirco
1558 498 1646 525 neque
1660 495 1728 517 tem-

937 536 1048 570 poribus
1061 535 1128 569 Noe,
1147 545 1208 563 cutn
1223 538 1311 564 otnnis
1327 545 1391 564 caro
1408 537 1433 563 in
1448 537 1590 571 iniquitate
1602 541 1728 571 corrupta

937 587 1031 614 esset,
1052 581 1221 617 apparitione
1240 590 1287 610 sua
1312 582 1445 610 medelam
1468 582 1546 609 aﬂ‘ert
1561 591 1566 608 :
1579 582 1642 616 quia
1660 590 1730 608 noti-

938 629 1000 655 dunt
1016 628 1190 656 Sodomitirte
1208 629 1336 664 nequitia-
1351 637 1462 664 germen
1477 629 1660 663 epullularat:
1679 637 1726 654 ne-

937 682 989 709 que
1008 683 1040 702 eo
1059 680 1179 709 tempore
1195 683 1248 709 qtto
1268 674 1448 702 Sodomorum
1468 675 1532 702 urbs
1553 681 1648 702 eversa
1667 674 1727 706 fuit,

939 720 1067 748 Dominus
1094 723 1240 755 apparuit:
1259 721 1322 755 quia
1348 721 1430 747 multa
1454 721 1543 748 adhuc
1560 721 1586 748 in
1611 711 1728 747 humana

938 767 1027 794 anima
1043 766 1107 793 vitia
1122 766 1328 793 delitescebant.
1349 765 1399 794 Ubi
1413 766 1486 794 enim
1503 766 1633 793 adversus
1645 765 1728 792 Deum

939 813 1043 839 bellans
1057 812 1182 839 Pharao?
1195 812 1240 838 ubi
1255 811 1447 847 {Egyptiorum
1462 812 1594 840 indOmita
1611 811 1730 838 malitia?

937 856 972 882 At
1001 863 1034 882 tte
1067 860 1122 882 tum
1155 855 1265 890 quidem
1290 856 1372 883 totius
1400 856 1519 884 universi
1552 857 1728 884 instauratoi-i

901 899 922 926 B
938 905 1121 935 opportunum
1149 901 1237 927 visum
1264 899 1316 927 fuit
1335 900 1408 936 (post
1433 899 1572 936 Egyptia,
1603 901 1726 935 inquam,

940 946 1022 981 mala)
1038 947 1099 973 vita:
1113 946 1232 974 misceri.
1248 945 1398 982 Oportebat
1410 947 1482 974 enim
1499 947 1580 974 etiam
1597 947 1730 975 Israelita-

940 1000 999 1020 rum
1012 992 1095 1028 395
1109 993 1320 1020 inobedicutiam
1338 992 1524 1026 manifestari;
1549 994 1690 1029 oportebat
1704 999 1731 1020 et

940 1040 1015 1073 regni
1036 1038 1211 1073 Assyriorum
1236 1044 1263 1067 et
1279 1038 1535 1067 Nabuchodonozor
1554 1040 1731 1074 ﬂagrantissi-

941 1093 1013 1112 mam
1035 1085 1192 1119 superbiam
1215 1085 1388 1112 manifestam
1412 1085 1471 1112 ﬁeri
1489 1095 1495 1112 :
1510 1086 1651 1120 oportebat
1668 1093 1732 1113 san-

941 1137 1047 1159 ctorum
1067 1132 1167 1159 caedem
1188 1132 1271 1159 veluti
1288 1139 1400 1166 pravum
1419 1131 1529 1166 aliquod
1549 1137 1575 1158 et
1592 1132 1730 1166 spinosum

942 1179 1020 1206 make
1045 1178 1144 1206 diaboli
1173 1178 1274 1206 radicis
1298 1185 1410 1213 germen
1438 1178 1551 1205 excitari
1567 1187 1574 1205 :
1589 1179 1732 1214 oportebat

941 1224 1099 1251 Jlldll'ol‘lllll
1129 1224 1261 1251 adversus
1277 1229 1388 1251 sanctos
1413 1223 1460 1250 Dei
1492 1224 1594 1251 rabiem
1622 1225 1732 1251 manife-

942 1271 1021 1302 stari,
1045 1269 1225 1297 occidentium
1242 1269 1397 1305 prophetas,
1410 1275 1437 1297 et
1449 1276 1496 1297 eos
1507 1269 1552 1304 qui
1567 1269 1642 1296 missi
1654 1274 1733 1296 erant

941 1318 1076 1352 lapidibus
1096 1317 1284 1350 obruentium,
1308 1325 1340 1345 ac
1358 1318 1465 1344 tandem
1489 1317 1629 1352 piaculare
1644 1317 1733 1344 scelus

942 1365 969 1391 in
987 1363 1148 1391 Zachariam
1164 1363 1236 1390 inter
1252 1364 1339 1398 ipsum
1355 1364 1441 1391 altare
1452 1369 1478 1391 et
1494 1363 1623 1399 templum
1637 1371 1732 1398 perpe-

943 1410 1091 1442 trantium';
1104 1409 1172 1437 adde
1185 1410 1267 1437 etiam
1280 1411 1403 1445 catalogo
1415 1418 1558 1445 pravorum
1569 1410 1731 1446 germinum,

944 1456 1088 1482 infantium
1119 1456 1220 1483 caedem
1253 1456 1287 1483 ab
1308 1456 1414 1484 Herode
1444 1462 1638 1492 perpetratam.
1664 1457 1732 1484 Cum

944 1502 1025 1536 igitur
1045 1502 1135 1528 onmis
1155 1501 1182 1528 itt
1206 1502 1364 1529 universttm
1389 1502 1516 1537 nequitiae
1536 1502 1577 1530 vis
1594 1509 1626 1529 ex
1651 1510 1731 1536 prava

944 1547 1034 1575 radice
1051 1547 1172 1580 emersit,
1187 1547 1332 1582 multisque
1350 1547 1438 1575 modis
1458 1547 1581 1574 excrevit
1596 1547 1621 1574 in
1639 1547 1734 1574 volun-

943 1594 1043 1621 tatibus
1061 1601 1094 1621 ac
1107 1594 1205 1621 studiis
1219 1601 1266 1628 per
1281 1601 1500 1628 unamquamque
1517 1593 1732 1628 generationem,

944 1639 1045 1667 tualitia
1067 1640 1220 1674 promiscue
1243 1639 1418 1667 luxuriante:
1434 1644 1490 1666 tum
1517 1639 1638 1671 demum,
1662 1640 1735 1666 sicut

943 1686 980 1713 ait
1003 1687 1036 1712 ad
1059 1686 1240 1713 Athenienses
1264 1686 1373 1718 Paulus,
1395 1695 1404 1711 ι
1427 1685 1587 1720 Ignorantim
1613 1690 1734 1719 tempora

943 1732 1096 1767 despiciens
1120 1732 1200 1765 Deus,
1225 1731 1327 1758 ultimis
1354 1732 1523 1766 temporibus
1545 1731 1701 1764 advenit";
1722 1741 1730 1756 ι

943 1787 1006 1806 cum
1029 1787 1081 1807 non
1100 1784 1172 1806 esset
1188 1780 1233 1814 qui
1256 1779 1429 1814 intelligeret,
1452 1787 1540 1814 neque
1564 1779 1735 1806 inveniretur

943 1826 988 1860 qui
1017 1830 1152 1859 quaereret
1179 1825 1261 1852 Dettm
1284 1833 1291 1852 :
1313 1825 1422 1860 quando
1446 1832 1541 1852 omnes
1563 1825 1734 1853 declinarant

943 1871 1077 1907 simulque
1093 1871 1202 1898 inutiles
1218 1870 1281 1898 facti
1302 1876 1391 1902 erant,
1406 1872 1515 1906 quando
1532 1871 1623 1898 omnia
1645 1871 1734 1906 impli-

943 1923 1002 1945 cata
1021 1918 1131 1944 fuerunt
1153 1917 1266 1948 malitia.
1287 1917 1396 1951 quando
1411 1917 1558 1944 abundavit
1578 1923 1732 1951 peccatum,

943 1963 1051 1998 quando
1077 1964 1110 1989 ad
1138 1971 1271 1991 summam
1306 1970 1460 1990 mensuram
1488 1963 1616 1997 nequitiae
1646 1963 1734 1998 Caligo

943 2009 1066 2036 excrevit
1081 2015 1090 2035 τ
1104 2013 1178 2041 tunc,
1196 2009 1315 2043 inquatn,
1336 2008 1463 2043 apparuit
1480 2008 1578 2043 gratia,
1599 2013 1663 2035 tunc
1677 2009 1732 2035 veri

944 2055 1054 2083 luminis
1069 2056 1161 2083 radius
1174 2055 1286 2088 eli‘ulsit,
1302 2060 1366 2083 tunc
1381 2059 1493 2083 exortus
1506 2060 1547 2082 est
1561 2055 1607 2083 Sol
1621 2056 1733 2090 iustitiae

944 2104 978 2130 iis
992 2103 1038 2138 qui
1060 2102 1087 2130 in
1115 2103 1234 2130 tenebris
1250 2108 1332 2137 atque
1348 2102 1375 2130 itt
1392 2104 1485 2129 umbra
1511 2103 1652 2134 sedebant,
1671 2107 1733 2130 tunc

945 2149 1027 2177 tnttlta
1051 2149 1141 2183 capita
1160 2148 1288 2176 draconis
1310 2148 1451 2181 contrivit,
1469 2149 1536 2184 pede
1562 2148 1607 2175 illa
1624 2149 1734 2183 procul-

944 2203 1012 2223 cans
1031 2203 1078 2229 per
1091 2195 1239 2222 humanam
1264 2202 1385 2226 carnem,
1403 2199 1537 2230 terraque
1558 2195 1634 2222 illisit
1653 2200 1734 2230 atque

909 2260 930 2286 Β
945 2241 1081 2276 protrivit.
1108 2240 1200 2276 Neque
1223 2248 1288 2268 vero
1310 2241 1444 2276 quispiam
1477 2241 1502 2267 in
1526 2242 1649 2275 prmsenti
1672 2242 1734 2268 vita

945 2293 1016 2315 statu
1042 2295 1196 2314 sermonem
1219 2286 1292 2314 hunc
1314 2287 1422 2314 veritati
1447 2293 1598 2321 repugnare
1620 2286 1734 2313 arbitre-

946 2338 999 2366 tur,
1014 2341 1067 2365 qnn
1082 2333 1232 2359 asserimus
1248 2331 1390 2359 Dominunt
1411 2331 1513 2358 ultimis
1528 2331 1653 2358 humana:
1672 2331 1734 2358 vitae

947 2379 1118 2414 temporibus
1135 2379 1266 2405 illuxisse.
1282 2377 1358 2405 Dicet
1371 2377 1442 2404 enim
1461 2376 1586 2404 fortassis
1605 2375 1734 2404 adversa-

945 2425 1013 2456 ritts,
1036 2424 1182 2452 verisimile
1199 2431 1261 2451 esse
1276 2431 1338 2450 eum
1355 2423 1400 2457 qui
1427 2427 1548 2458 tempora
1565 2422 1735 2456 prastolatus

945 2471 1028 2498 estad
1046 2470 1172 2505 nequitia!
1184 2469 1433 2497 manilestationem
1447 2469 1600 2500 commoda,
1611 2472 1641 2495 ut
1651 2467 1733 2500 illam,

946 2524 1008 2544 cum
1034 2516 1065 2542 ad
1084 2523 1220 2542 sutntuum
1241 2514 1420 2546 excrevisset,
1439 2513 1562 2540 tolleret:
1578 2513 1734 2545 verisimile,

951 2562 1075 2595 inquam,
1086 2568 1146 2588 esse
1156 2568 1216 2587 eum
1230 2567 1337 2587 omuetn
1353 2559 1426 2586 illam
1441 2558 1524 2586 semel
1540 2558 1660 2586 funditus
1673 2565 1735 2585 sns-

949 2607 1044 2634 tnlisse
1056 2626 1064 2639 ,
1091 2607 1126 2633 ita
1150 2611 1180 2633 ut
1199 2605 1278 2632 nulla:
1293 2605 1407 2640 amplius
1422 2604 1480 2639 ejus
1498 2604 1524 2631 in
1543 2605 1596 2635 vita
1614 2604 1736 2638 reliquiae

948 2654 1093 2680 litererent.
1111 2651 1188 2678 Nune
1204 2659 1269 2678 vero
1285 2656 1313 2677 et
1328 2651 1425 2681 ca‘des,
1442 2654 1468 2677 ct
1485 2650 1598 2685 rapinae,
1613 2655 1638 2678 et
1659 2650 1736 2676 adul-

948 2699 1027 2728 teria.
1053 2703 1079 2725 ct
1099 2699 1162 2732 quid
1187 2705 1239 2724 non
1263 2696 1443 2732 pessimorum
1462 2695 1623 2731 ﬂagitiorum
1640 2703 1736 2730 perpe-

948 2744 1053 2772 tratnr?
1073 2745 1107 2770 At
1122 2744 1166 2777 qui
1188 2752 1220 2770 eo
1244 2743 1403 2777 respexerit,
1427 2742 1605 2770 sitnilitudine
1618 2744 1734 2776 quadam

947 2798 962 2816 a
977 2790 1056 2817 rebus
1074 2790 1226 2817 notioribus
1242 2797 1347 2824 sumpta
1362 2789 1472 2816 dubitttn
1489 2788 1578 2815 solvat
1602 2787 1736 2821 Quemad-
