1883 3056
74 133 162 160 ίίὶθ

592 131 777 160 ADVERSUS
799 129 1195 159 ANTllROPOMORPHlTAS.

1648 135 1716 164 “30

72 192 206 227 ὂψομαι,
223 193 302 227 φησὶ,
317 193 348 219 τὸ
366 192 436 228 μέγα
451 192 540 228 ὅραμα
555 192 650 219 τοῦτο·
667 202 676 218 ι
701 194 733 219 οὐ
752 192 876 229 τοπικὴν,

949 197 1029 223 ceret,
1055 203 1065 218 ‹
1079 192 1229 219 Transiens
1245 190 1351 223 videbo,
1372 191 1470 226 inquit,
1490 199 1615 227 magnam
1633 196 1716 223 visio.

69 235 177 273 υἷμαι,
196 238 304 273 κίνησιν
328 239 415 274 δηλῶν
431 239 473 265 διὰ
489 239 546 274 [τῆς
560 239 734 272 διαϐάσεως,
750 240 816 266 ἀλλὰ
829 239 878 275 τὴν

73 284 241 318 «apostth
255 284 302 310 τοῦ
324 285 419 320 χρόνου
433 285 569 314 διάϐασιν,
593 285 630 312 Τὸ
644 286 698 321 γὰρ
712 286 774 312 τότε
788 286 878 312 διατυ-

75 329 181 356 πωθὲν
199 331 227 356 ὲν
245 331 279 365 τῇ
295 330 375 364 φλογὶ
388 331 436 357 καὶ
448 332 481 367 τῇ
502 330 586 366 βάτῳ,
602 331 744 364 διαϐάντος
757 332 804 359 τοῦ
829 332 878 367 μέ-

76 383 134 401 σου
150 375 263 411 χρόνου,
286 376 379 411 σαφῶς
403 377 432 403 ὲν
454 376 493 411 τῷ
512 377 583 404 κατὰ
601 377 650 412 τὴν
668 377 806 413 Παρθένον
825 386 878 413 μυ-

78 422 198 457 στηρίῳ
223 421 407 457 ἀνεκαλύφθη.
440 423 485 454 Ὡς
508 423 561 458 γὰρ
584 424 643 450 ἐκεῖ
664 424 680 449 ὁ
703 424 804 458 θάμνος
830 424 878 450 καὶ

78 466 172 493 ἆπτει
189 466 220 493 τὸ
235 466 293 501 φῶς
307 467 355 493 καὶ
368 467 399 494 οὺ
413 467 520 494 καίεται
532 475 539 482 ·
555 467 626 494 οὓτω
648 469 695 495 καὶ
710 469 726 504 ἡ
742 469 879 504 Παρθένος

79 512 219 545 ἐνταῦθα,
235 513 284 539 καὶ
298 512 384 540 τίκτει
399 512 430 539 τὸ
441 513 509 547 φῶς.
526 515 573 540 καὶ
589 514 619 540 οὐ
634 514 784 550 φθείρεται.
800 515 832 542 Εἰ
850 515 878 541 δὲ

81 557 174 592 βάτος
188 558 366 593 προδιατυποῖ
380 558 410 584 τὸ
419 558 550 585 Θεοτόκον
566 559 646 594 σῶμα
661 560 710 595 τῆς
728 560 877 595 Παρθένου,

83 604 127 639 μὴ
149 605 334 640 ἐπαισχυνθῇς
352 604 391 640 τῷ
414 606 567 641 αἰνίγματι.
584 607 662 633 Πᾶσα
676 606 732 641 γὰρ
747 607 816 646 σᾲρξ
835 600 880 634 διὰ

81 651 139 685 τὴν
162 650 214 685 τῆς
236 650 374 685 ἁμαρτίας
397 651 564 687 παραδοχὴν,
580 652 640 679 κατ’
655 652 722 679 αὐτὸ
732 652 820 685 τοῦτο,
838 653 879 681 ὅτι

83 695 161 730 σάρξ
175 695 234 722 ἔστι
250 696 340 730 μόνον,
351 697 474 732 ἁμαρτία
487 698 571 724 ἐστίν.
588 698 620 724 Ἦ
631 697 660 724 δὲ
673 698 792 733 ἁμαρτία
803 699 879 735 παρὰ

83 740 139 775 τῆς
161 740 276 776 Γραφῆς
289 742 322 776 τῇ
344 743 394 778 τῆς
413 742 546 777 ἀκάνθης
563 743 706 779 ἐπωνυμίᾳ
726 744 878 780 κατονομά-

84 785 181 817 ζεται.

381 833 508 861 ΚΕΦΑΛ.
528 835 590 861 KZ’.

934 245 992 263 nem
1009 238 1076 264 hanc
1087 237 1128 264 ἠε
1144 246 1153 262 ι
1171 245 1219 271 per
1231 237 1381 269 transitum,
1399 245 1451 264 non
1466 237 1589 271 localem,
1604 244 1632 267 ut
1646 242 1715 269 arbi-

934 288 1005 314 tror,
1034 288 1135 310 motum
1160 283 1332 316 signiﬁcans,
1368 283 1414 310 scd
1442 289 1544 311 certam
1573 287 1716 319 quamdam

934 329 1061 362 temporis
1082 328 1274 357 evolutionem.
1297 328 1373 362 Quod
1393 329 1465 357 enim
1482 335 1547 358 tunc
1568 332 1593 358 in
1610 332 1717 361 ﬁatnma

932 374 1013 410 397
1030 378 1056 402 et
1072 375 1140 401 rubo
1157 375 1301 410 ﬁguratum
1314 375 1364 401 fuit
1375 394 1382 407 ,
1404 373 1434 403 id
1445 376 1538 411 elapso
1558 377 1718 406 iutermedio

934 425 1055 455 tempore
1070 420 1213 448 manifeste
1230 420 1399 455 in'Virginis
1423 422 1551 457 mysterio
1567 423 1715 451 revelatum

933 464 992 492 iuit.
1016 464 1247 498 Quemadmodum
1272 466 1343 493 enim
1370 466 1424 494 illic
1449 466 1539 495 lumen
1570 468 1715 504 virgultum

933 511 1067 543 accendit,
1094 518 1181 545 neque
1209 515 1299 538 tamen
1331 511 1481 539 aduritur:
1504 512 1540 540 ita
1567 513 1649 541 etiam
1673 515 1718 543 hic

933 555 1014 589 Virgo
1032 561 1059 582 et
1079 557 1150 590 parit
1167 556 1268 588 lumen,
1284 561 1312 584 et
1329 565 1382 585 non
1400 559 1593 592 corrumpitur.
1607 559 1637 586 Si
1652 568 1717 588 vero

933 602 1015 628 rubus
1032 602 1143 637 ﬁgurate
1161 603 1298 638 signiﬁcat
1314 603 1453 638 deiparum
1470 604 1588 639 Virginis
1607 613 1716 640 corpus,

933 655 966 676 ne
991 652 1017 675 te
1042 647 1160 676 offendat
1183 648 1278 684 ﬁgura.
1297 649 1391 678 Omnis
1414 650 1485 677 enim
1509 657 1584 684 caro,
1607 657 1718 686 propter

933 692 1035 727 peccati
1049 693 1261 728 susceptionem,
1282 702 1313 721 ea
1332 695 1436 723 ratione
1451 703 1504 730 qua
1518 703 1583 723 caro
1597 701 1641 724 est
1658 701 1718 724 tan-

933 740 1001 769 tum,
1038 742 1178 771 peccatum
1203 743 1255 765 est.
1274 738 1418 767 Peccatum
1443 747 1508 768 vero
1532 748 1548 769 a
1575 740 1716 777 Scriptura

931 781 1015 814 spina:
1030 782 1210 816 appellatione
1223 785 1386 812 nominatur.

1203 839 1318 869 CAPUT
1336 841 1444 870 XXVII'

87 889 150 917 Τὸν
162 889 279 933 μεῖσξὺ
291 889 347 933 Ξοῦ
360 890 436 933 ναοῦ
450 891 499 933 καί
516 891 569 933 101:)
591 891 808 933 θυσιαστηρίου
824 901 878 926 φο-

949 891 1093 933 ἶαρίιαηαηι
1108 894 1177 921 inter
1190 896 1315 930 templum
1334 902 1357 933 et
1372 896 1457 925 altare
1473 899 1649 933 interfectum,
1665 908 1717 928 non

123 924 448 961 νεὺθένταΑΖαχαρίαν,
465 927 520 952 οὐκ
535 926 676 959 εὔκαιρον
688 924 728 961 ἦν
739 924 789 959 νεὶς
804 924 881 960 {lup

124 961 235 1022 τιῦρίαν
248 959 305 994 τῆς
320 961 455 995 ἁφθόρου
471 962 593 995 Μητρὸς
611 961 667 997 (19)
684 959 880 996 παωπῆσα-

125 1004 149 1022 σ
168 1004 210 1022 αι.

131 1071 235 1106 Ὶερεὺς
246 1067 321 1102 οὗτος
335 1071 350 1098 ὁ
364 1071 499 1106 Ζαχαρίας
513 1068 557 1107 ἦν,
569 1071 616 1098 καὶ
629 1072 658 1098 ὲν
667 1071 707 1106 τῷ
715 1072 765 1107 τῆς
777 1081 883 1108 προφη-

88 1116 167 1148 τείας
181 1117 341 1153 χαρίσματι.
362 1117 395 1144 ’Π
405 1117 433 1144 δὲ
449 1118 498 1152 τῆς
508 1117 674 1153 προφητείας
692 1118 806 1154 δύναμις
819 1119 883 1146 ἀνάν-

89 1171 215 1197 γραπτος
231 1164 259 1190 ὲν
269 1163 307 1198 τῷ
316 1162 408 1197 βιϐλίῳ
419 1162 465 1188 τοῦ
477 1163 641 1197 Εὑαγγελίου
656 1163 883 1198 κηρύσσεται.ὂτι

92 1207 309 1241 προοδοποιΟὖσα
318 1209 372 1239 τοῖς
387 1207 562 1243 ἀνθρώποιςὴ
576 1208 634 1235 θεία
645 1208 734 1244 χάρις,
744 1209 782 1245 μὴ
790 1209 836 1236 τὸν
851 1210 883 1236 ἐκ

91 1253 242 1287 παρθενίας
249 1253 325 1279 τόκον
336 1252 450 1279 ἄπιστον
459 1254 623 1288 ἡγήσασθαι,
631 1256 685 1286 τοῖς
691 1254 813 1281 ἐλάττοσι
820 1254 870 1282 θαύ
876 1270 883 1275 -

94 1305 163 1332 μασι
172 1296 358 1332 προγυμνάζει
368 1297 421 1323 τῶν
432 1298 554 1324 ἀπίστων
565 1298 614 1333 τὴν
627 1298 834 1332 συγκατάθεσιν.
843 1299 882 1335 τῇ

94 1343 192 1378 στείρᾳ
208 1344 255 1369 καὶ
269 1343 401 1378 παρήλικι
415 1344 536 1370 τίκτεται
550 1345 624 1375 παῖς.
641 1345 728 1371 Τοῦτο
741 1345 882 1380 προοίμιον

93 1388 142 1414 τοῦ
158 1389 227 1415 κατὰ
246 1388 294 1424 τὴν
312 1389 448 1424 Παρθένον
464 1389 614 1425 μυστηρίου
629 1390 744 1424 γίνεται.
773 1391 818 1422 Ὠς
830 1391 884 1427 γὰρ

101 1433 244 1460 Ἐλισάὸετ
260 1434 290 1460 οὺ
307 1434 413 1468 φύσεως
425 1435 536 1470 δυνάμει
551 1436 643 1470 μήτηρ
656 1435 772 1470 γίνεται,
789 1437 885 1470 ἄγονος

95 1479 142 1505 τὸν
158 1479 214 1513 βίον
229 1489 335 1515 καταγη
340 1480 456 1515 ράσασα,
463 1481 519 1507 ἀλλ’
529 1481 574 1507 ἐπὶ
585 1481 615 1507 τὺ
623 1481 692 1507 θεῖον
705 1481 828 1517 βούλημα
837 1481 884 1508 τοῦ

97 1525 194 1556 παιδὸς
207 1526 223 1555 ὴ
238 1527 346 1560 γένεσις
359 1527 523 1562 ἀναφέρεται
536 1534 542 1540 ·
561 1526 632 1553 οὕτω
649 1528 696 1554 καὶ
716 1528 767 1562 τῆς
781 1527 884 1562 παρθε-

968 928 1050 971 [uisae
1080 928 1255 971 opportunum
1283 935 1311 957 ut
1337 931 1365 958 in
1394 928 1571 961 testimonium
1603 928 1717 971 Virginis

968 967 1022 989 mal
1027 967 1062 989 ηις
1077 969 1246 991 statueretur.

969 1061 1116 1090 Zacharias
1138 1063 1182 1091 hic
1199 1065 1326 1092 sacerdos
1349 1070 1407 1093 erat
1428 1071 1455 1094 et
1477 1068 1624 1103 prophetia:
1648 1069 1719 1098 dono

934 1107 1034 1135 clarus.
1061 1108 1213 1143 Prophetia:
1238 1115 1328 1138 autem
1358 1113 1398 1140 vis
1423 1113 1559 1150 descripta
1594 1116 1622 1144 in
1650 1116 1719 1145 libro

935 1153 1141 1189 Evangeliurum
1161 1156 1334 1190 praedicatur,
1358 1160 1428 1192 quod
1451 1160 1539 1187 divina
1564 1163 1649 1196 gratia
1671 1163 1720 1190 ho-

936 1199 1052 1228 minibus
1068 1200 1139 1227 viam
1159 1206 1292 1235 sternens,
1312 1211 1346 1231 ne
1358 1210 1465 1239 partum
1478 1214 1511 1234 ex
1529 1208 1634 1243 virgine
1649 1209 1720 1236 indi-

934 1253 1014 1281 gnum
1032 1254 1093 1275 esse
1108 1247 1161 1276 ﬁde
1183 1249 1379 1283 existimarent,
1406 1252 1556 1281 minoribus
1579 1255 1720 1283 miraculis

935 1292 1134 1320 incredibilium
1156 1294 1342 1323 assensionem
1370 1304 1402 1324 ac
1428 1298 1506 1326 ﬁdem
1530 1306 1718 1335 praeexercet:

936 1339 998 1365 anui
1023 1339 1166 1374 decrepita
1190 1341 1310 1368 nascitur
1335 1342 1417 1371 ﬁlius.
1441 1343 1498 1371 lloc
1516 1345 1600 1373 veluti
1617 1349 1719 1382 praelu-

936 1387 1007 1413 dimn
1028 1391 1069 1413 est
1085 1387 1206 1422 mysterii
1225 1392 1320 1422 partus
1334 1388 1458 1423 virginei.
1484 1389 1717 1423 Quemadmodum

935 1432 1006 1459 enim
1028 1432 1167 1460 Elizabeth
1190 1441 1242 1460 non
1267 1439 1370 1461 natura;
1392 1435 1522 1462 beneﬁcio
1538 1444 1571 1463 ac
1591 1437 1720 1465 facultate

937 1478 967 1504 I'it
993 1483 1092 1510 pater,
1125 1485 1185 1505 cum
1209 1478 1310 1506 sterilis
1336 1486 1384 1513 per
1407 1487 1514 1507 omnem
1542 1481 1623 1509 vitam
1655 1490 1719 1510 con-

936 1523 1079 1557 senuisset,
1090 1524 1136 1551 sed
1147 1523 1245 1551 divinae
1255 1524 1386 1552 voluntati
1402 1525 1447 1552 ﬁlii
1459 1527 1597 1560 generatio
1609 1534 1718 1564 accepta

96 1571 175 1606 νικῆς
189 1558 281 1603 ὠδῖνος
296 1558 433 1607 ἡὰπιστία
445 1558 490 1607 τῇ,
502 1572 570 1607 πρὸς
583 1573 612 1598 τὸ
628 1573 704 1599 Θεῖον
718 1558 842 1609 ἀναιρορᾷ
853 1574 882 1599 τὸ

949 1570 1056 1597 ‘efertur
1070 1579 1077 1597 :
1096 1570 1132 1597 ita
1148 1571 1231 1597 etiam
1244 1570 1357 1606 virginei
1369 1558 1718 1605 partus—incredibilitas-ad

96 1617 193 1643 πιστὸν
216 1617 281 1652 ἔχει.
314 1618 424 1652 Ἐπειδὴ
454 1618 543 1644 τοίνυν
567 1618 754 1653 προλαμϐάνει
779 1618 824 1645 τὸν
851 1620 884 1646 ἐκ

99 1662 250 1698 παρθενίας
263 1663 342 1689 τόκον
356 1665 369 1690 ὁ
381 1663 435 1690 ἀπὸ
449 1665 499 1699 τῆς
512 1665 632 1699 στείρας,
647 1667 662 1691 ὁ
683 1665 751 1700 πρὸς
764 1665 813 1700 τὴν
829 1673 883 1698 φω-

99 1709 148 1744 νὴν
161 1708 211 1743 τῆς
225 1709 411 1744 κυοφορούσης
423 1709 468 1736 τὸν
486 1710 587 1745 Κύριον
606 1711 671 1745 πρὶν
684 1711 724 1741 είς
743 1710 800 1744 φῶς
817 1719 884 1745 προ-

99 1752 186 1779 ελθεῖν
211 1753 240 1779 ἐν
267 1755 299 1788 τῇ
333 1753 447 1790 μητρῷα
473 1755 550 1790 νηδύϊ
581 1756 746 1792 σκιρτήσας·
772 1755 830 1792 ἅμα
856 1756 885 1782 δὲ

99 1798 222 1834 παρῆλθε
244 1799 284 1830 είς
305 1799 412 1833 γένεσιν
426 1801 440 1826 ὁ
461 1800 508 1826 τοῦ
523 1800 611 1835 Λόγου
636 1801 799 1836 πρόδρομος,
824 1802 884 1828 τότε

100 1844 193 1871 λύεται
208 1845 247 1880 τῷ
262 1845 383 1880 Ζαχαρία
406 1845 450 1872 διὰ
472 1846 522 1880 τῆς
539 1847 711 1882 προφητικῆς
726 1848 886 1882 περιπνοίας

102 1890 119 1926 ἡ
133 1890 232 1926 σιωπὴ.
246 1891 292 1917 καὶ
304 1891 354 1918 ὅσα
368 1891 533 1926 διεξέρχεται
544 1893 557 1918 ὁ
572 1892 719 1928 Ζαχαρίας,
733 1893 885 1928 προφητεία

101 1934 148 1960 τοῦ
167 1935 309 1970 μέλλοντος
337 1934 385 1971 ἦν·
413 1933 490 1968 οὗτος
514 1937 603 1963 τοίνυν
627 1937 641 1963 ὁ
662 1937 701 1972 τῷ
726 1937 885 1973 προφητικῷ

102 1980 242 2016 Πνεύματι
264 1982 332 2017 πρὸς
344 1983 392 2017 τὴν
412 1982 466 2009 τῶν
480 1983 608 2018 κρυπτῶν
633 1983 732 2017 γνῶσιν
751 1992 885 2019 χειραγω-

103 2026 242 2063 γούμενος,
253 2028 283 2054 τὸ
295 2028 443 2064 μυστήριον
455 2029 503 2064 τῆς
526 2029 672 2064 παρθενίας
687 2030 732 2055 ἐπὶ
743 2029 789 2056 τοῦ
803 2030 886 2064 ἀφοό-

104 2081 150 2108 ρου
175 2073 253 2099 τόκου
277 2076 456 2109 κατανοήσας,
480 2074 531 2100 οὐκ
552 2074 682 2110 ἀπέκρινε
696 2074 734 2110 τῷ
759 2075 816 2110 ναῷ
839 2075 885 2102 τοῦ

103 2119 163 2150 ταῖς
180 2118 323 2154 παρθένοις
351 2119 421 2146 κατὰ
446 2119 490 2146 τὸν
512 2119 592 2154 νόμον
616 2120 884 2155 ἀποκεκληρωμένου

103 2164 184 2191 τόπου
203 2164 252 2199 τὴν
274 2164 409 2198 παναγνον
436 2165 551 2200 μητέρα,
579 2165 711 2192 διδάσκων
733 2167 795 2197 τοὺς
822 2167 885 2192 Ίου-

103 2210 191 2241 δαίους
207 2210 247 2237 ὃτι
261 2211 275 2237 ὁ
285 2211 339 2237 τῶν
358 2211 426 2237 ὅλων
442 2211 610 2246 Δημιουργὺς
623 2211 678 2247 (20)
695 2211 740 2238 καὶ
753 2211 883 2243 Βασιλεὺς
899 2224 921 2251 D

104 2256 191 2292 πάσης
205 2256 328 2288 κτίσεως,
344 2257 499 2292 ὑποχείριον
516 2256 572 2291 ἔχει
587 2257 676 2292 ἑαυτῴ
692 2257 760 2292 μετὰ
774 2258 882 2284 πάντων

104 2302 152 2337 τὴν
174 2302 346 2337 ἀνθρωπίνην
371 2302 460 2336 φύσιν,
482 2302 519 2337 τῷ
538 2302 594 2337 ίδίῳ
614 2302 744 2337 θελήματι
761 2303 828 2337 πρὸς
853 2303 884 2329 τὸ

104 2347 195 2374 δοκοῦν
218 2348 304 2383 αὐτὴν
329 2348 413 2381 ἄγων,
439 2348 489 2374 οὐκ
515 2347 595 2378 αὐτὸς
612 2347 663 2374 ὑπὸ
684 2347 785 2384 ταύτης
806 2348 884 2374 δυνα-

107 2394 273 2428 στευόμενος,
299 2394 336 2425 ὡς
359 2395 388 2419 ὲν
409 2395 442 2428 τῇ
461 2393 575 2428 δυνάμει
596 2393 679 2419 αὑτοῦ
695 2391 764 2420 εἶναι
787 2393 884 2429 καινὴν

106 2439 226 2474 γέννησιν
239 2439 450 2475 δημιουργῆσαι,
463 2439 523 2474 ἥτις
544 2440 593 2474 τὴν
609 2439 758 2474 γενομένην
778 2440 883 2474 μητέρα

105 2485 133 2511 τὸ
147 2483 213 2511 εἶναι
226 2484 359 2520 παρθένον
371 2485 421 2511 οὐκ
434 2485 627 2520 ἀφαιρήσεται.
645 2485 694 2511 Διὰ
709 2484 787 2511 τοῦτο
800 2484 884 2520 αὐτὴν

138 2563 159 2578 ⁷*
172 2563 253 2590 Exod.
268 2571 310 2595 Ill,
325 2563 350 2589 5.

937 1616 1020 1643 Deum
1036 1615 1119 1644 relata
1137 1616 1216 1644 ﬁdem
1232 1617 1344 1645 invenit.
1359 1618 1426 1645 Cum
1441 1618 1524 1654 igitur
1536 1625 1630 1655 partus
1649 1629 1719 1649 anus

935 1662 1036 1690 sterilis
1072 1662 1222 1696 virgineum
1248 1668 1355 1698 partum
1383 1664 1538 1698 praecedat,
1569 1665 1593 1692 is
1617 1666 1662 1700 qui
1686 1667 1718 1693 ad

935 1715 1027 1734 vocem
1050 1707 1108 1742 ejus
1134 1715 1194 1742 quae
1211 1708 1354 1736 Dominum
1375 1714 1452 1737 utero
1474 1710 1606 1745 gestabat,
1630 1719 1718 1746 prius-

936 1761 1016 1788 quam
1034 1754 1060 1780 in
1075 1754 1161 1781 lucem
1182 1755 1312 1788 prodiret,
1328 1756 1355 1782 in
1369 1760 1491 1783 materno
1509 1761 1585 1784 utero
1597 1757 1719 1785 exsulta-

936 1800 992 1834 bat,
1014 1801 1095 1827 simul
1110 1808 1174 1828 vero
1190 1801 1270 1828 etiam
1289 1805 1367 1828 natus
1387 1807 1428 1829 est
1443 1801 1523 1829 Verbi
1541 1810 1692 1836 praecursor
1710 1811 1718 1830 :

938 1850 1002 1872 tunc
1025 1846 1132 1872 demum
1159 1845 1272 1873 solvitur
1301 1845 1440 1874 Zacharias
1463 1854 1511 1882 per
1533 1848 1718 1882 prophetieant

936 1891 1098 1920 aﬂlationem
1112 1892 1260 1925 silentium,
1279 1897 1306 1920 et
1319 1899 1485 1928 quaecunque
1499 1893 1601 1927 profert
1616 1894 1719 1922 Zacha-

937 1938 1001 1968 rias,
1020 1937 1162 1971 prophetia
1180 1935 1332 1963 futurorum
1358 1941 1446 1964 erant.
1477 1936 1525 1964 llic
1549 1938 1639 1972 itaque
1659 1946 1720 1973 pro-

936 1983 1043 2017 phetico
1066 1982 1162 2016 spiritu
1185 1981 1219 2008 ad
1241 1981 1410 2009 occultorqu
1434 1983 1615 2017 cognitionem
1639 1985 1717 2018 quasi

937 2035 1016 2054 manu
1035 2026 1143 2058 ductus,
1160 2034 1220 2054 cum
1238 2027 1399 2062 mysterium
1417 2027 1533 2062 Virginis
1546 2028 1579 2056 de
1594 2028 1719 2056 incorru-

936 2077 982 2108 pto
997 2077 1074 2108 partu
1092 2073 1175 2107 probe
1187 2073 1360 2107 intelligeret,
1388 2081 1440 2100 non
1455 2073 1543 2101 arcuit
1557 2074 1719 2102 incontami-

936 2124 1026 2146 natam
1049 2119 1277 2154 purissimamque
1303 2125 1417 2146 matrem
1439 2119 1472 2146 ab
1493 2126 1526 2146 eo
1549 2120 1639 2155 templi
1661 2119 1720 2147 loco

936 2166 981 2200 qui
1007 2164 1157 2200 virginibus
1185 2172 1217 2191 ex
1249 2165 1308 2199 lege
1331 2164 1488 2199 designatus
1510 2171 1579 2198 erat,
1605 2166 1715 2199 docens,

937 2211 1063 2238 videlicet
1088 2209 1206 2242 Judzeos,
1236 2209 1392 2236 Creatorem
1422 2209 1503 2237 totius
1524 2211 1641 2238 universi
1661 2218 1719 2237 om-

938 2257 1033 2291 nisque
1058 2262 1189 2284 creatura:
1201 2256 1285 2291 398
1299 2256 1441 2283 Dominum
1471 2256 1618 2283 humanam
1644 2263 1719 2283 natu-

938 2310 994 2329 ram
1016 2310 1077 2329 cum
1103 2302 1212 2337 reliquis
1233 2304 1314 2330 etiam
1341 2302 1467 2329 omnibus
1491 2303 1542 2330 sibi
1568 2303 1717 2337 sobjectam

938 2348 1049 2379 habere,
1073 2352 1100 2374 et
1117 2355 1166 2381 pro
1189 2355 1239 2374 suo
1255 2348 1386 2374 arbitratu
1408 2355 1570 2382 quocunque
1591 2348 1654 2375 velit
1672 2350 1719 2376 du-

937 2401 1009 2426 cere,
1024 2401 1076 2420 non
1089 2398 1179 2421 autem
1193 2393 1277 2428 ipsius
1290 2393 1393 2428 legibus
1404 2393 1545 2421 astrictum
1560 2401 1620 2422 esse
1633 2404 1640 2421 :
1653 2396 1720 2422 adeo

937 2439 1005 2466 utin
1025 2439 1109 2474 ipsius
1127 2443 1261 2474 potestate
1282 2439 1318 2466 sit
1342 2440 1422 2466 situm
1448 2447 1545 2467 novam
1567 2445 1719 2468 creaturam

938 2492 1043 2518 creare,
1061 2492 1119 2519 qum
1137 2490 1223 2512 mater
1241 2484 1336 2512 elfecta
1360 2486 1438 2521 virgo
1455 2492 1516 2513 esse
1533 2492 1585 2513 non
1602 2487 1722 2514 desinat.

713 2629 791 2657 BDN.
812 2630 971 2658 νυωΑΝιι
989 2631 1103 2659 NOTAE.

141 2709 201 2748 ('19)_
211 2709 268 2748 Τῆς
283 2709 421 2748 ἒάέρθόροι]
441 2709 568 2748 Ιξιῃγρόςῖ
591 2707 618 2734 In
644 2707 675 2735 ν.
690 2708 721 2736 C.
743 2713 802 2735 erat
820 2709 882 2743 ἀφθι

970 2711 1016 2737 sed
1035 2710 1175 2745 legendum
1204 2711 1314 2739 omnino
1338 2711 1469 2748 άιρθόρου,
1491 2717 1521 2739 ut
1542 2717 1570 2740 et
1596 2713 1646 2740 hac
1661 2713 1718 2747 ipsa

110 2753 167 2780 pag.
181 2744 202 2772 C
218 2745 261 2775 Η,
281 2745 327 2780 sint
340 2744 387 2770 τοῦ
404 2743 520 2778 ἀφθόνου
539 2744 629 2780 τόκου.

141 2779 192 2815 (ρο)
211 2780 247 2817 _'0
267 2779 326 2817 τῷν
342 2779 422 2817 ᾅλων
437 2779 632 2817 ρημιουργός,
649 2782 702 2817 (εἰςἸ
723 2777 785 2817 "me
804 2779 882 2817 omni:

949 2779 1103 2817 jiphraslice
1114 2781 1249 2817 explicant
1260 2783 1312 2808 vim
1328 2782 1451 2809 vocabuli
1467 2783 1651 2814 ὰὸασίλευτος,
1670 2783 1720 2810 hoe

110 2813 156 2846 est,
174 2815 216 2848 qui
237 2815 332 2841 nullius
349 2814 490 2853 imperium
506 2813 644 2853 agnoscit;
662 2814 713 2844 vel,
730 2813 774 2853 qui
797 2814 931 2853 neminem
951 2815 1030 2843 habet
1047 2813 1224 2851 superiorem,
1238 2817 1308 2851 quod
1328 2817 1463 2852 interpres
1478 2819 1568 2853 Cyrilli
1585 2813 1718 2845 interdum

111 2850 191 2882 vertit,
209 2850 381 2883 inregnuma;
398 2848 541 2878 interdum,
561 2848 648 2874 minus
663 2855 743 2880 recw,
763 2849 928 2876 immortalis.

267 2894 402 2924 l’ATnOL.
427 2894 485 2924 Gtt.
510 2893 648 2922 LXXVI.

1504 2899 1542 2928 36
