1883 3056
167 102 237 130 H35
676 101 705 130 S.
726 101 861 130 CYRILLI
880 102 1115 130 ALEXANDRINI
1135 101 1292 130 ARCHIEP.
1731 99 1798 127 “‘55

168 161 301 195 micuerit,
320 169 388 189 vana
404 162 509 190 illorum
522 162 631 189 consilia
649 167 731 197 alque
745 164 834 190 studia
846 163 872 191 in
885 171 911 191 ve

1054 173 1063 190 ι
1076 163 1187 200 ζητοῦσι
1199 163 1243 190 τὸν
1256 163 1340 190 ἔλεον.
1354 163 1494 198 Τοιγάρτοι
1508 163 1666 198 κεκράτηκε
1684 161 1737 195 τῆς
1753 161 1797 186 ὑπ’

168 214 210 236 tos
234 216 294 235 mox
318 208 431 241 abeunt;
454 209 553 242 quippe
574 208 618 242 qui
634 209 775 235 amentiam
789 216 866 236 suam
885 218 909 236 ιιι

1054 209 1116 235 ανὸν
1131 208 1185 235 τῶν
1201 208 1340 244 ὑμετέρων
1365 208 1543 234 ὑπασπιστῶν
1557 209 1574 243 ἡ
1594 206 1796 242 μαχιμωτάτη,

167 262 225 281 sam
248 254 390 286 facientes,
414 254 544 288 cvestigio
556 256 589 281 ιιι
608 261 694 288 genua
712 260 801 282 vestra
816 263 876 282 sese
890 263 906 290 p

1067 245 1312 290 ἐμπειροπολεμος,
1325 254 1370 280 καὶ
1386 255 1430 280 ἀεὶ
1443 254 1547 280 νικῶσα
1563 253 1682 289 πληθύς,
1701 253 1796 288 Ὑμεῖς

167 300 271 333 volant,
295 299 485 335 supplicesque
507 299 612 326 veniam
636 306 793 334 exposcam.
820 299 910 326 Nimirl

1052 308 1064 325 E
1078 299 1133 326 τῶν
1146 300 1215 334 πρὸς
1229 300 1299 334 ἑῴαν
1315 299 1360 326 καὶ
1374 299 1495 333 ἑσπέραν
1507 299 1554 325 καὶ
1566 299 1634 334 ᾠδὴ,
1650 299 1700 325 καὶ
1714 298 1795 333 λύρα,

168 348 295 374 cohortes
318 349 414 373 vestra:
430 344 651 376 bellicosissima,
677 345 857 379 militarisque
870 346 910 372 dis

1050 365 1051 370 η
1067 346 1176 381 ἁπάσης
1189 345 1317 376 ὑπόθεσις
1332 345 1469 379 εὐφημίας
1479 353 1486 359 ·
1501 345 1573 379 ὑμᾶς
1584 345 1608 370 oi
1624 344 1695 379 πρὸς
1708 344 1793 373 νότον,

169 392 248 427 plina:
271 390 450 426 perilissiuue.
468 398 500 418 ac
521 391 662 425 triumphis
687 391 798 425 agendis
815 399 912 426 nunqu:

1076 391 1129 426 μὴν
1155 391 1202 417 καὶ
1221 391 1279 417 ὅσοι
1300 390 1469 424 βορειότερον
1491 389 1595 416 οἰκοῦσι
1618 389 1716 420 τόπον,
1739 397 1795 422 φω-

169 445 221 464 non
239 436 407 468 assuefactae.
429 441 560 463 terrarum
583 436 675 463 orbem
692 437 879 471 subjugarunt.
900 437 912 464 \

1052 444 1064 467 ς
1089 435 1276 470 χαριστηρίοις
1299 435 1495 469 στεφανοῦντες
1519 435 1551 461 οὐ
1577 434 1795 469 καταλήγουσιν.

169 483 281 519 proinde
296 487 367 510 totus
377 482 484 513 Oriens.
500 489 547 510 vos
562 487 633 509 totus
647 483 721 510 canit
733 482 868 511 Occidens
895 491 912 510 ο

1053 489 1144 516 ιεισμα
1158 481 1187 507 δὲ
1203 481 1234 507 τὸ
1250 480 1419 515 ἀκράδαντον
1433 482 1482 515 τῆς
1496 480 1567 507 οὓτω
1583 480 1728 515 θεοφιλοῦς
1749 482 1796 507 καὶ

171 529 252 563 uique
270 527 379 556 laudum
402 535 502 562 genere
517 528 703 562 prosequitur;
725 535 782 561 vos,
798 528 843 562 qui
855 528 888 554 ad
905 536 914 554 ι

1052 527 1190 562 ηγεστάτης
1206 527 1282 562 ὑμῶν
1302 526 1450 562 βασιλείας,
1471 526 1550 558 αὐτὸς
1564 527 1578 553 ὁ
1595 526 1699 561 Κύριος
1715 526 1795 561 ἡμῶν

171 579 258 602 strum
280 578 403 609 vergunt.
428 581 485 607 vos,
509 573 554 608 qui
571 574 604 600 ad
627 573 781 608 aquilonem
807 575 911 608 pertiue

1052 573 1113 606 σοῢς
1136 573 1271 608 Χριστός·
1299 581 1308 598 ι
1323 573 1363 599 Δι’
1387 572 1471 599 αὐτοῦ
1491 572 1545 608 γὰρ
1570 572 1693 607 βασιλεῖς
1716 572 1795 607 βασι-

172 619 274 646 festivis
285 618 511 654 gratulationibus
521 625 652 646 exornare
665 626 801 654 nunquam
817 619 915 646 desinm

1053 627 1131 651 ουσι,
1153 619 1199 644 καὶ
1216 618 1240 644 οἱ
1266 617 1397 644 δυνάσται
1421 617 1557 652 γράφουσι
1578 617 1768 652 δικαιοσύνην,
1785 627 1793 643 ι

171 665 364 692 lnroucussum
376 668 464 691 autem
480 663 594 698 piissimi
615 667 643 691 ct
654 664 832 692 sacratissimi
847 664 914 698 impe

1053 664 1082 696 :3;
1090 664 1120 691 τδ
1136 663 1341 699 γεγραμμένον.
1356 664 1435 690 Ἐστι
1452 664 1506 699 γὰρ
1521 663 1595 698 αὐτῷ
1610 664 1751 695 παναλκὲς
1767 664 1796 690 τὸ

170 710 252 738 vestri
277 709 476 736 firmamentum
497 713 539 736 est
558 709 616 744 ipse
636 709 763 736 Dominus
778 708 857 737 Jesus
872 709 911 737 Ch

1054 719 1121 746 ημα,
1135 710 1182 736 καὶ
1197 711 1225 736 ὲν
1241 709 1280 744 τῷ
1294 710 1460 736 κατανεῦσαι
1477 710 1556 745 μόνον
1572 711 1589 745 ὴ
1608 710 1713 742 παντὸς
1727 711 1797 744 πλή-

170 761 238 783 stus.
261 765 271 782 ι
291 755 342 783 Per
365 755 437 782 hunc
459 754 544 786 enim,
561 758 590 781 ut
610 754 741 788 scriptum
766 759 817 787 est.
835 755 856 787 ³,
879 762 913 790 ιρι

1052 765 1088 788 τις
1115 755 1230 790 ἀγαθοῦ.
1254 756 1382 790 Διανέμει
1403 755 1431 782 δὲ
1452 756 1499 782 καὶ
1517 756 1578 783 λίαν
1597 757 1716 789 ἑτοίμως
1739 758 1795 787 τοῖς

172 805 294 837 regnant,
322 805 349 829 et
375 805 496 835 potentes
518 801 668 828 decernunt
685 800 818 835 justitiam
844 810 852 828 :
878 810 888 826 ι
913 814 915 825 Α

1052 801 1148 828 ιπῶσιν
1160 801 1241 828 αὑτὸν
1261 801 1295 828 τὰ
1310 802 1419 828 πάντων
1433 801 1560 837 ἐξαίρετα
1583 802 1638 828 τῶν
1655 803 1708 828 ὅσα
1721 803 1795 828 ἐστὶν

170 848 241 875 enim
263 846 301 874 illi
318 846 441 874 voluntas
462 847 645 881 omnipotens,
671 846 812 881 omnisque
834 847 909 879 boni.

1051 848 1157 882 όληπτα
1181 847 1229 874 καὶ
1243 847 1465 882 τεθαυμασμένα.
1483 848 1538 874 Καὶ
1551 848 1662 883 ἀπόχρη
1683 847 1733 882 μὲν
1755 848 1794 879 είς

171 893 256 920 solum
282 898 392 924 annuat.
419 891 507 926 copia.
524 892 550 926 2
573 891 718 927 Dilargitur
734 892 758 919 is
779 899 845 927 ergo
859 892 912 920 ami

1052 892 1142 925 5διιξιν
1156 888 1194 919 ὧν
1211 891 1289 927 ἔφην,
1305 892 1341 919 τὰ
1354 892 1393 928 τῷ
1414 892 1540 927 ὑμετέρῳ
1559 893 1657 928 κράτει
1677 892 1795 928 δεδωρη-

173 939 228 966 suis
244 945 355 966 munera
379 938 405 965 iu
423 938 518 972 primis
533 937 634 965 eximia
656 943 683 965 et
700 938 840 972 praeclara,
855 943 882 965 et
894 946 916 973 (ιι

1053 946 1087 970 ια,
1101 938 1272 973 δοθησόμενα
1286 937 1314 964 δὲ
1328 937 1379 970 ἔτι,
1393 937 1466 964 καθὰ
1482 938 1719 973 πεπιστεύκαμεν.
1736 939 1796 964 Ὀτι

172 985 198 1011 in
215 984 302 1019 pretio
328 984 487 1016 habeantur,
515 991 596 1018 quam
616 983 733 1010 maxime
749 983 855 1015 idoneo,
877 988 906 1011 et

1052 985 1107 1010 ἐστι
1125 985 1227 1019 κρηπὶς
1248 985 1443 1015 ἀκατασειστος
1462 986 1521 1016 ταῖς
1537 984 1671 1019 βασιλέων
1690 985 1795 1019 τιμαῖς,

171 1031 278 1064 quidem
296 1030 440 1057 admodum
458 1029 585 1057 alacriter
605 1034 633 1057 et
659 1034 793 1064 prompte.
820 1029 896 1062 Quod
911 1031 914 1057 Ι

1072 1031 1111 1061 είς
1129 1030 1194 1056 Θεὸν
1210 1029 1349 1062 εὐσεὸείας
1364 1029 1399 1056 τὰ
1418 1029 1582 1064 αὐχήματα,
1596 1030 1644 1056 καὶ
1665 1029 1698 1061 ἐξ
1711 1029 1796 1064 αὐτῆς

170 1075 296 1107 dicimus,
317 1075 359 1102 vel
381 1082 411 1102 ea
431 1074 487 1101 sola
509 1081 570 1109 qua:
593 1074 727 1110 maiestati
752 1080 848 1102 vestra:
866 1077 900 1103 ab

1053 1075 1169 1111 ράσομαι
1182 1076 1231 1110 τῆς
1241 1076 1321 1109 ἁγίας
1334 1075 1381 1102 καὶ
1394 1075 1574 1102 θεοπνεύστου
1586 1075 1795 1110 πληροφορῆσαι

170 1122 268 1150 donata
281 1125 354 1154 sunt,
371 1125 400 1148 et
410 1120 474 1148 olim
486 1120 583 1152 adhuc,
602 1120 828 1155 quemadmodum
843 1121 912 1148 cenﬂ

728 1121 828 1148 nodum
843 1121 954 1148 cenﬂdi-
1003 1121 1126 1156 Γραφῆς,
1144 1121 1360 1157 βραχυλογήσας,
1372 1121 1410 1153 ὡς
1423 1121 1471 1148 ἔνι.

170 1175 241 1201 mus,
257 1167 437 1198 donabuntur,
453 1173 547 1193 verum
562 1172 624 1194 esse
644 1165 783 1193 evidenter
793 1167 949 1194 ostendunt.
970 1165 1103 1194 Caeterum
1123 1167 1195 1201 quod
1209 1167 1307 1194 eximia
1342 1167 1368 1194 in
1389 1167 1472 1194 Deum
1503 1167 1587 1201 pietas
1603 1167 1795 1194 inconcussum

171 1214 251 1251 regia:
276 1212 412 1249 dignitatis
434 1211 638 1239 fundamentum
658 1211 782 1245 exsistat,
807 1211 832 1239 id
851 1217 952 1248 quanta
973 1212 1031 1240 fieri
1046 1212 1145 1246 poterit
1175 1212 1308 1240 brevitate
1320 1217 1347 1239 et
1366 1211 1502 1244 claritate,
1518 1212 1561 1239 vel
1593 1220 1626 1239 ex
1644 1212 1702 1247 ipsa
1717 1220 1795 1240 sacra

173 1261 317 1295 divinaque
330 1259 470 1294 Scriptura
485 1259 582 1302 docere
592 1257 691 1285 enitar.

206 1319 238 1348 ll.
253 1319 365 1347 Plurimi
379 1319 447 1346 citra
460 1318 672 1346 controversiam
684 1322 758 1346 retro
773 1318 841 1346 actis
854 1323 949 1353 tempo-

1050 1320 1079 1346 3'.
1097 1319 1222 1346 Πλεῖστοι
1239 1319 1288 1354 μὲν
1301 1318 1355 1354 γὰρ
1368 1319 1426 1345 ὅσοι
1442 1318 1571 1352 γεγόνασι
1583 1319 1655 1345 κατὰ
1669 1318 1793 1354 καιροὺς,

170 1368 245 1395 ribus
258 1367 397 1398 exstitere,
411 1365 457 1400 qui
473 1364 591 1392 Judaeam
605 1365 770 1400 provinciam
785 1365 911 1394 administ

1050 1364 1097 1399 τῆς
1115 1364 1248 1390 Ἰουδαίων
1261 1363 1394 1398 ἄρξαντες
1408 1362 1510 1398 χώρας,
1522 1363 1569 1389 καὶ
1584 1363 1648 1394 τοὺς
1663 1363 1714 1398 τῆς
1728 1364 1793 1399 παρ’

171 1417 234 1439 rtmt
257 1411 384 1446 regnique
396 1410 467 1437 illius
481 1409 662 1445 gubernacula
686 1414 879 1437 tractaverunt.
900 1411 914 1436 ν

1050 1411 1096 1441 τοῖς
1109 1409 1246 1445 βασιλείας
1258 1409 1396 1440 διέποντες
1412 1409 1533 1445 θρόνους.
1552 1409 1623 1436 Ἀλλ’
1639 1410 1663 1435 οἱ
1680 1410 1731 1445 μὲν
1745 1409 1793 1444 τῆς

171 1464 230 1484 rum
246 1460 377 1490 quotquot
390 1462 422 1481 ex
436 1455 488 1482 illis
500 1455 571 1482 cultu
584 1460 612 1482 et
626 1455 808 1486 observantia,
825 1463 884 1491 quae
899 1455 914 1482 Ι]

1059 1456 1123 1482 Θεὸν
1139 1455 1234 1487 αἰδοῦς
1249 1455 1364 1487 ἀνοσίως
1379 1455 1608 1490 ὀλιγωρήσαντες,
1623 1455 1673 1481 καὶ
1686 1455 1732 1481 τὸν
1745 1456 1794 1491 τῆς

170 1503 311 1533 debentur,
339 1501 419 1535 impie
441 1501 603 1536 contemptis
636 1506 664 1527 et
686 1501 796 1534 justitia:
827 1502 911 1536 magis

1049 1501 1177 1536 αιοσύνης
1195 1501 1327 1536 πρύτανιν
1349 1501 1416 1535 παρ’
1429 1500 1508 1526 οὐδὲν
1527 1501 1686 1535 ποιούμενοι
1700 1501 1792 1534 νόμον,

171 1548 229 1583 lege
243 1554 291 1582 pro
305 1546 389 1574 nihilo
404 1547 496 1580 ducta,
511 1553 560 1574 suo
576 1547 656 1574 lastui
673 1547 784 1581 suisque
801 1547 914 1575 libidiuil

1050 1568 1052 1573 τ
1070 1549 1125 1579 τοῖς
1142 1547 1190 1582 τῆς
1213 1547 1379 1581 φαυλότητος
1390 1553 1402 1566 α
1420 1546 1526 1581 βάθροις
1542 1546 1657 1578 ἑαυτοὺς
1677 1547 1793 1578 ἐνιέντες

171 1595 255 1621 lihere
271 1591 461 1627 indulgendum
477 1599 537 1620 esse
551 1596 723 1627 putaverunt,
739 1600 833 1620 omnes
847 1593 874 1620 hi
892 1602 914 1619 ιιι

1050 1593 1181 1625 τάλανες,
1205 1593 1286 1618 κακοὶ
1304 1591 1397 1623 κακῶς
1421 1591 1596 1618 ἀπολώλασι·
1617 1591 1793 1625 παγχάλεπον

170 1645 197 1666 et
219 1638 309 1666 miseri
326 1638 396 1665 male
416 1638 567 1672 misereque
586 1638 732 1672 perierunt.
755 1638 801 1664 Est
818 1639 886 1665 enim
911 1647 913 1665 ι

1049 1648 1058 1665 2
1079 1639 1110 1665 τὸ
1131 1637 1313 1674 προσκρούειν
1336 1637 1406 1672 Θεῷ,
1427 1637 1476 1663 καὶ
1501 1637 1573 1664 κατά
1596 1646 1622 1663 τι
1640 1636 1706 1671 γοῦν
1725 1636 1792 1668 ὅλως

169 1684 412 1720 periculosissima,
445 1683 582 1719 quidpiam
610 1683 636 1711 in
667 1682 752 1711 Deum
773 1685 911 1712 committe

1049 1693 1056 1710 ι
1069 1683 1200 1719 φέρεσθαι
1215 1683 1261 1709 τοῦ
1276 1683 1390 1716 εἰκότος,
1403 1683 1555 1714 λυποῦντας
1569 1683 1661 1709 αὐτόν.
1674 1683 1754 1710 Ὅσοι
1765 1684 1792 1710 δὲ

169 1730 378 1766 proculcataque
397 1730 526 1764 aequitate
544 1736 705 1764 quocunque
733 1730 812 1757 modo
836 1730 862 1757 in
883 1730 910 1757 ill

1049 1739 1052 1760 ;
1073 1731 1113 1761 είς
1128 1730 1208 1756 αὐτὴν
1228 1729 1368 1760 εὐσεϐείας
1387 1729 1531 1764 γεγόνασιν
1551 1729 1729 1765 ἐπιμεληταὶ,
1747 1732 1792 1757 καὶ

169 1775 299 1803 od‘ensam
315 1775 445 1803 incidere.
460 1774 561 1802 Contra
573 1781 636 1802 vero
649 1775 802 1810 quicunque
813 1783 843 1802 se
861 1776 912 1810 pios

1049 1785 1058 1802 ν
1071 1775 1244 1810 ἀρεσκόντων
1259 1774 1336 1809 αὑτῷ
1355 1775 1461 1809 γνήσιοι
1475 1774 1604 1809 φύλακες,
1618 1778 1792 1810 νενικήκασιν

170 1822 244 1850 illutn
264 1821 445 1854 declararunt,
470 1828 582 1857 qumque
597 1822 634 1848 illi
649 1822 779 1856 placitura
796 1822 909 1849 credeba

1046 1822 1117 1856 ἱροὺς
1137 1821 1266 1856 ἀμογητὶ,
1282 1821 1329 1847 καὶ
1345 1821 1531 1856 κεκρατήκασι
1547 1822 1602 1847 τῶν
1609 1821 1643 1848 δι’
1657 1822 1789 1852 ἐναντίας.

169 1868 242 1895 omni
268 1875 318 1902 ope
338 1872 467 1902 praestare
486 1868 670 1899 elaborarunt,
683 1867 752 1894 citra
777 1869 902 1895 sudorem

1048 1867 1131 1898 ιοῦτός
1150 1875 1192 1898 τις
1205 1865 1239 1902 ἦν
1257 1867 1362 1898 Ἰωσίας
1378 1867 1492 1898 ἐκεῖνος,
1505 1866 1534 1898 ὃς
1553 1867 1645 1898 αὐτοῖς
1664 1868 1791 1902 τεμένεσι

169 1914 318 1948 pulverem,
346 1913 422 1941 hoste
437 1906 542 1940 devicto
570 1912 766 1947 debellatoque,
788 1913 912 1947 lriuntphl

1048 1931 1051 1938 .
1078 1912 1179 1947 βωμοῖς
1196 1914 1258 1944 τοὺς
1281 1912 1335 1939 τῶν
1354 1912 1470 1939 είδώλων
1489 1914 1690 1948 κατεμπρήσας
1711 1913 1791 1947 Θερα-

169 1959 335 1988 cecinerunt.
350 1958 488 1993 Ejusmodi
510 1959 581 1986 inter
601 1963 713 1986 caeteros
728 1959 776 1986 fuit
792 1958 879 1985 Josias
896 1958 912 1985 il

1048 1958 1114 1990 ιτὰς,
1133 1957 1258 1992 γοητείας
1270 1966 1300 1983 τε
1318 1958 1425 1993 ἁπάσης
1438 1958 1484 1984 καὶ
1496 1958 1713 1993 ψευδομαντείας
1728 1958 1791 1993 τρό-

169 2005 214 2040 qui
236 2005 367 2032 idolorum
389 2004 537 2032 cultoribus
554 2012 607 2031 una
623 2012 683 2033 cum
707 2004 773 2039 ipsis
790 2004 908 2032 delubris

1047 2012 1071 2035 ις
1093 2003 1237 2038 περιελὼν,
1260 2004 1307 2030 καὶ
1330 2004 1364 2031 τὰ
1388 2004 1438 2038 τῆς
1462 2003 1655 2038 δσιμονιώδους
1682 2004 1790 2038 ἀπάτης

169 2051 222 2078 aris
240 2050 368 2083 incensis.
383 2050 664 2085 incantationibusque
679 2054 706 2078 et
720 2050 795 2078 falsis
809 2051 912 2078 divinat

1046 2048 1158 2079 ταλύσιις
1172 2048 1295 2082 παίγνια,
1310 2048 1356 2074 τοῦ
1378 2048 1477 2080 παντὸς
1497 2049 1575 2082 ἀξίαν
1596 2049 1726 2084 ἀπέφηνε
1746 2049 1789 2075 λό-

169 2097 249 2124 nibus
267 2096 393 2124 omnibus
407 2103 422 2123 e
439 2096 527 2123 taedio
548 2095 672 2126 sublatis.
701 2103 732 2123 ac
753 2096 878 2124 inanibus
897 2096 912 2123 d

1047 2105 1052 2120 l
1074 2094 1123 2129 τὴν
1137 2094 1233 2120 ἑαυτοῦ
1254 2094 1402 2129 βασιλείαν,
1419 2095 1466 2121 καὶ
1481 2094 1645 2128 ἀξιάγαστον
1667 2095 1718 2129 μὲν
1736 2096 1790 2126 τοῖς

170 2142 300 2170 ιηοιιὴιοω
324 2143 478 2176 imposturae
505 2142 628 2169 ludibriis
656 2142 818 2176 profligatis,
841 2150 913 2177 regni

1046 2141 1100 2171 λαι,
1120 2141 1349 2176 τεθαυμασμένην
1371 2141 1399 2167 δὲ
1420 2142 1466 2168 καὶ
1486 2143 1526 2173 εἰς
1549 2141 1639 2177 δεῦρο,
1663 2142 1742 2177 παρά
1760 2151 1789 2175 γε

170 2188 290 2223 apprime
315 2187 494 2219 nobilitatum.
522 2194 681 2222 summaque
703 2188 773 2220 apud
797 2193 902 2215 veteres

1047 2197 1056 2219 ς
1074 2187 1157 2214 εἰδόσι
1178 2188 1262 2223 τιμᾷν
1283 2188 1317 2215 τὰ
1333 2186 1374 2220 οἷς
1391 2188 1425 2214 ἂν
1447 2189 1461 2215 ό
1476 2188 1549 2220 θεῖος
1570 2189 1698 2223 ἑφήὸοιτο
1719 2189 1790 2220 νοῦς.

170 2234 333 2261 recentiores
347 2241 440 2260 omnes
455 2233 514 2267 qui,
528 2240 559 2260 ea
579 2234 676 2267 quibus
690 2232 778 2261 divina
792 2241 868 2260 mens
881 2234 913 2260 ob

1047 2233 1088 2260 ίλὰ
1107 2234 1186 2260 ταυτὶ
1207 2233 1257 2268 μὲν
1277 2234 1385 2260 ἅπαντα
1403 2234 1459 2266 τοῖς
1473 2234 1619 2269 ὑμετέροις
1648 2234 1790 2268 προγόνοις

169 2284 269 2311 ctatur,
283 2279 371 2306 colere
387 2279 549 2310 didicerunt,
563 2278 642 2305 laude
662 2283 690 2305 et
710 2278 891 2305 admiratione
910 2289 912 2303 l

1061 2279 1124 2314 ὑμῖν
1140 2279 1231 2311 αὐτοῖς
1252 2278 1282 2306 εὗ
1299 2279 1371 2314 μάλα
1391 2280 1581 2315 κατώρθωται.
1601 2281 1792 2315 Διαμεμνήσι»

169 2331 250 2358 gnum
270 2324 377 2359 reliquit
393 2325 413 2352 ⁸.
442 2323 684 2351 Verumenimvero
706 2324 767 2352 licet
786 2323 879 2351 isthmc
891 2331 912 2351 οη

1047 2324 1092 2350 ιδὲ
1112 2325 1254 2360 χρησίμως
1270 2325 1316 2352 καὶ
1335 2326 1389 2352 τῶν
1406 2327 1435 2352 ὲν
1453 2326 1563 2361 Ἐζεκίᾳ
1577 2325 1617 2361 τῷ
1637 2327 1790 2362 σοτρωτάτῳ

170 2370 212 2397 nia
227 2377 286 2398 cum
306 2370 407 2397 virtute
432 2375 459 2396 et
474 2371 559 2404 gloria
580 2378 594 2396 a
609 2370 758 2405 majoribus
777 2370 883 2402 vestris,
903 2377 913 2395 \

1048 2370 1075 2397 τὰ
1092 2371 1204 2406 καιροὺς
1220 2372 1421 2407 πεπραγμένων
1431 2380 1438 2387 ·
1452 2372 1544 2407 ὀνήσει
1560 2372 1615 2407 γὰρ
1627 2372 1659 2398 οὐ
1674 2373 1791 2408 μετρίως

168 2416 262 2450 bisque
279 2416 343 2451 ipsis
359 2421 483 2450 suscepta
503 2416 699 2450 observat-aque
718 2416 814 2448 sciam,
830 2424 881 2442 non
899 2424 911 2443 e

1047 2425 1052 2440 ι
1069 2416 1267 2452 εὐσεϐεστάτην
1284 2417 1361 2452 ὑμῶν
1384 2417 1506 2452 κορυφὴν
1529 2418 1545 2453 ἡ
1562 2417 1619 2444 τῶν
1641 2417 1731 2452 λόγων
1748 2417 1790 2444 ὅύς

168 2466 257 2489 tamen
282 2461 386 2494 inutile,
419 2463 523 2496 opinor,
541 2463 563 2488 si
592 2469 652 2496 qua:
679 2462 807 2498 sapientis
829 2462 950 2489 Ezechiae
1004 2471 1096 2497 ναμις.

168 2510 267 2544 pietate
280 2516 312 2537 ac
327 2510 416 2537 studio
435 2517 468 2537 eo
485 2510 510 2536 in
528 2517 627 2544 genere
647 2516 721 2545 gesta
741 2514 813 2542 sunt,
830 2509 880 2537 hoc
911 2510 971 2537 loco
990 2516 1051 2544 apte
1082 2517 1330 2538 commemoravero
1349 2520 1355 2538 ε
1372 2511 1485 2546 hujusce
1510 2518 1628 2547 namque
1658 2511 1790 2539 narratio-

168 2557 209 2584 nis
218 2557 258 2583 vis
269 2561 296 2584 ct
311 2557 419 2591 energia
437 2565 490 2584 non
505 2564 599 2591 parum
613 2556 745 2584 commodi
759 2560 856 2583 vestra:
872 2556 1029 2584 sublimitati
1045 2557 1209 2591 apportaliit.

209 2647 310 2674 'Prov.
326 2656 384 2681 vui,
404 2648 447 2676 15.
487 2646 542 2674 διν
558 2647 624 2683 Reg.
644 2655 710 2675 xxm
731 2646 758 2679 4,
773 2654 850 2682 seqq.

720 2726 808 2754 Variae
827 2725 957 2754 lectiones
970 2724 1072 2753 codicis
1089 2724 1268 2759 Seguieriani.

203 2809 212 2822 ι
231 2803 432 2838 φιλαυτότητιλς.
