1883 3056
112 212 182 240 1157

586 212 630 240 DE
649 212 763 241 RECTA
781 212 870 245 FIDE,
890 211 936 239 AD
955 210 1179 240 THEODOSIUM
1198 209 1267 238 IMP.

1663 208 1732 236 “38

147 270 167 296 Γ
168 273 184 296 ⁵.
211 269 293 305 Ἀνήρ
313 278 354 301 τις
369 270 423 296 τῶν
446 270 478 297 ἐκ
500 270 658 303 Βαϐυλῶνος
676 272 726 304 τῆς
745 272 897 307 Περσικῆς,

985 271 1030 299 Ill.
1056 271 1119 299 Fuit
1143 279 1175 299 ex
1194 269 1303 298 Persica
1318 269 1454 304 Babylone
1482 268 1524 296 vir
1549 267 1730 302 quidam,cui

87 333 93 336 .
116 314 259 349 Ῥαψάκης
283 311 361 346 οὗτος
376 312 421 348 ἦν.
442 312 526 347 Οὗτος
546 317 636 342 ἀνεῖλε
654 317 703 352 μὲν
726 317 845 350 ἅπασαν,
860 318 897 347 ὡς

109 360 177 392 ἔπος
193 360 290 391 εἰπεῖν,
301 360 350 395 τὴν
370 360 424 386 τῶν
442 361 575 388 Ἰουδαίων
590 361 682 396 χώραν
694 370 701 377 ·
722 361 899 398 καταδῃώσας

109 407 141 433 δὲ
161 407 209 433 σὺν
229 407 297 442 αὐτῇ
317 407 366 442 τὴν
382 407 548 443 Σαμάρειαν,
569 408 612 434 ἐπ’
631 408 716 443 αὐτὴν
731 407 774 443 ᾔει
787 408 837 443 τὴν
852 408 899 435 Ἰε-

113 451 255 487 ρουσαλὴμ
270 452 424 488 μυριάνδρῳ
436 452 450 472 ἀ
464 453 564 488 πληθύῖ
580 453 633 480 τῶν
649 453 702 480 ὑπὸ
720 455 799 489 χεῖρα
820 453 899 489 δορυ-

112 497 298 532 φορούμενον
319 497 366 523 καὶ
382 497 511 532 φάλαγγα
535 497 585 532 μὲν
609 497 723 533 ἱππικὴν
739 498 790 524 οὐκ
812 497 899 532 εὐχεί-

114 551 201 578 ρωτον
222 542 303 578 ἔχων,
320 542 422 577 μᾶλλον
438 543 467 569 δὲ
483 543 529 569 καὶ
544 542 723 578 δυσάντητον·
743 542 855 578 ὁπλίτην
870 542 898 569 δὲ

111 588 280 623 πεζομάχον,
300 588 348 615 καὶ
369 590 429 620 ταῖς
450 589 573 624 ψάμμοις
598 588 751 624 ἰσάριθμον.
776 587 842 615 Εἶτα
858 588 899 624 τῷ

111 635 196 670 τείχει
213 635 381 670 περιστήσας
393 640 404 654 θ
420 634 556 666 ἑλεπόλεις
571 635 616 662 καὶ
638 635 685 669 τὴν
699 635 746 661 τοῦ
779 635 897 670 πολέμου

111 680 302 716 παρασκευὴν,
323 681 464 712 ἀπονοίαις
481 689 512 706 τε
531 680 712 716 βαρὸαρικαίς
727 681 758 707 οὺ
780 682 899 717 μετρίως

112 724 367 760 κατωφρυωμένος,
391 725 517 760 αἱρήσειν
541 725 591 760 μὲν
613 725 685 752 κατὰ
708 726 808 760 κράτος
829 725 898 761 ὁμοῦ

111 771 176 802 ταῖς
187 771 281 802 ἄλλαις
299 771 347 797 καὶ⁸
366 770 452 806 αὐτὴν
467 770 570 805 ἐςασκε
587 771 638 807 τὴν
652 771 731 805 ἁγίαν
750 771 837 805 πόλιν,
851 772 899 798 καὶ

111 816 163 851 τῆς
182 816 301 851 ἀρρήτου
315 816 393 850 δόξης
407 815 635 852 κατεθρασύνετο,
645 816 693 843 καὶ
704 816 899 852 παλιμφήμους

112 861 191 896 ἠφίει
200 861 302 896 φωνὰς,
314 861 421 897 ἀκρατῆ
434 862 482 889 καὶ
493 862 618 896 ἀχάλινον
628 862 677 897 τὴν
688 861 814 896 γλῶσσαν
825 862 898 894 ἀνεὶς

949 315 1082 350 Rapsaces
1091 323 1198 343 nomen.
1208 314 1257 342 llic
1267 319 1441 349 posteaquam
1455 313 1608 341 universam
1621 310 1729 339 Judteo-

948 369 1006 388 rum
1027 361 1191 395 provinciam
1213 359 1407 393 propemodum
1446 361 1618 391 occupasset,
1634 355 1730 383 Sama-

948 406 1070 440 riamque
1089 413 1140 432 una
1154 412 1216 432 cum
1233 404 1289 439 ipsa
1310 403 1443 431 hostiliter
1457 401 1632 437 depopulatus
1646 405 1729 432 esset.

948 452 1033 487 copiis
1047 449 1290 479 innumerabilibus
1311 450 1426 483 stipatus
1442 449 1526 481 ipsam
1544 454 1651 482 quoque
1669 446 1730 473 llic-

949 498 1109 534 rosolymam
1133 496 1233 524 adoriri
1258 495 1428 524 moliebatur.
1451 494 1536 522 Porro
1558 497 1648 521 autem
1669 499 1729 519 cum

949 543 1062 572 minime
1081 542 1301 575 contemnendas.
1325 542 1379 569 imo
1399 548 1465 569 vero
1487 545 1591 567 tantum
1613 546 1666 566 non
1689 538 1731 565 iu-

949 588 1141 623 expugnabiles
1159 587 1281 622 equitutn
1303 591 1408 613 turmas
1429 586 1630 620 peditatumque
1650 583 1733 609 maris

949 641 1046 662 arenas
1061 641 1129 668 pene
1150 638 1303 668 aequantem
1319 631 1479 662 adduceret,
1510 629 1669 657 vastatrices
1686 635 1732 655 ur-

949 680 1023 707 bium
1035 679 1175 707 macltinas
1197 678 1384 713 reliquumque
1399 676 1461 705 belli
1484 680 1643 711 apparatum
1668 674 1734 701 civi-

950 725 1014 752 tatis
1052 724 1185 752 mmnibus
1219 724 1360 757 admovet;
1382 714 1550 758 barbaraque
1575 719 1686 748 vesania
1701 726 1734 746 ac

949 771 1093 805 supercilio
1107 770 1252 805 plurimum
1275 769 1372 802 elatus,
1387 769 1414 804 3
1432 773 1552 796 sanctam
1577 765 1734 800 Hierosoly-

949 825 1054 844 morum
1073 817 1210 844 civitatem
1233 816 1344 849 perinde
1362 822 1395 843 ac
1410 815 1478 843 alias
1492 814 1518 841 vi
1538 821 1568 841 se
1589 817 1733 847 capturum

949 866 1215 897 expugnaturumque
1236 861 1396 896 iactitabat,
1417 864 1455 894 et,
1482 863 1575 887 contra
1601 864 1734 885 veneran-

113 908 162 934 ἐπὶ
182 906 251 942 Θεῷ.
265 907 336 942 Ἔφη
352 907 406 943 γὰρ
428 908 469 935 ὃτι
486 906 537 934 κᾶν
558 907 583 934 εἰ
599 907 719 942 βούλοιτο
736 907 832 939 σώζειν
848 907 898 933 αὺ-

968 916 1010 936 am
1033 907 1080 935 Dei
1098 907 1265 942 maiestatem
1293 906 1443 942 petulanter
1457 912 1564 940 quoque
1582 904 1733 938 insurgens.

113 953 188 985 τοὺς,
208 952 336 988 ἀνόνητον
352 952 459 979 ἔσεσθαι
473 953 530 984 τοῖς
548 952 592 979 ἐπ’
603 952 678 988 αὐτῷ
693 952 836 979 πποιθόσι
850 952 900 988 τὴν

114 998 195 1033 χάριν
213 999 263 1033 τῆς
282 998 451 1033 ἐπικουρίας,
468 998 580 1034 Ἐπειδὴ
593 998 622 1025 δὲ
636 996 704 1034 ἧκόν
719 1007 791 1030 τινες
806 999 898 1032 ἀπαγ-

116 1044 257 1078 γέλλοντες
271 1043 308 1079 τῷ
323 1044 428 1080 βασιλεῖ
439 1044 489 1079 τῆς
502 1044 606 1071 ἐκείνου
618 1045 781 1080 σκαιότητος
791 1046 826 1072 τά
843 1045 902 1072 τολι

116 1090 242 1125 μήματα,
267 1090 313 1116 καὶ
334 1091 398 1120 τοὺς
421 1090 556 1125 Περσικοῦ
580 1090 753 1126 φρονήματος
766 1091 902 1126 γέμοντας

115 1136 221 1170 λόγους,
236 1135 296 1162 τότε
308 1136 351 1170 δὴ,
369 1135 429 1162 τότε
448 1136 541 1170 μόναις
555 1135 649 1171 ὥσπερ
663 1135 821 1171 ὲπαλγήσας
842 1136 902 1167 ταῖς

115 1182 188 1209 κατὰ
210 1181 277 1208 Θεοῦ
296 1181 480 1216 δυσφημίαις,
503 1181 550 1208 καὶ¹
567 1180 615 1207 τοῦ
635 1181 685 1216 τὴν
705 1181 781 1207 πόλιν
799 1180 903 1208 ἁλῶναι

113 1228 218 1263 ταύτην
230 1227 340 1254 ἔσεσθαι
353 1228 492 1262 πρόιρασιν
510 1227 654 1262 ἐμφρόνως
669 1226 837 1262 ὑπειληφὼς.
854 1236 902 1254 πε-

117 1274 296 1308 ριερῤήγνυτο
312 1273 361 1308 τὴν
372 1273 484 1308 ἐσθῆτα,
500 1273 547 1300 καὶ
560 1274 600 1305 είς
613 1273 658 1300 τὸν
670 1270 743 1299 οἷκον
757 1272 839 1309 ἀνέϐη
854 1272 905 1300 τοῦ

115 1318 196 1349 Θεοῦ,
220 1318 305 1350 λιταῖς
326 1318 447 1354 δηλονότι
467 1319 517 1354 τὴν
533 1318 608 1345 θείαν
626 1318 711 1354 ὀργὴν
733 1319 902 1355 ὑποτρέχων,

115 1365 163 1391 καὶ
186 1365 241 1391 τῶν
262 1365 309 1391 ἐπὶ
332 1365 393 1396 ταῖς
422 1365 589 1400 δυσφημίαις
614 1365 784 1400 αίτιαμάτων
808 1365 902 1392 ἑαυτὸν

116 1410 306 1438 ἀπαλλάττων.
320 1411 375 1437 Καὶ
389 1411 417 1437 τί
430 1410 460 1437 τὸ
474 1410 613 1444 ἐντεῦθεν;
628 1410 739 1446 Εὐμενῆ
756 1411 803 1438 καὶ
823 1411 906 1438 ἵλεων

115 1456 303 1490 κατεστήσατο
321 1455 367 1482 τὸν
391 1455 445 1482 τῶν
468 1455 608 1490 δυνάμεων
637 1454 757 1490 Κύριον·
777 1455 902 1490 νενίκηκε

115 1501 164 1528 τὸν
181 1501 337 1538 Ἀσσύριον·
353 1501 402 1537 οὐχ
422 1501 506 1528 ἵππον
528 1502 568 1532 εις
585 1501 674 1536 μάχην
688 1501 801 1533 ὁπλίσας
822 1501 902 1536 εὐχά-

117 1546 201 1578 λινον,
223 1546 255 1572 οὐ
278 1545 393 1579 τοξοτῶν
411 1546 582 1582 εὐστοχίαις,
603 1546 633 1573 οὗ
650 1546 769 1582 δοράτων
790 1546 901 1582 βολαῖς,

116 1592 178 1618 οὐδὲ
196 1593 255 1623 ταῖς
278 1591 331 1618 τῶν
346 1591 482 1619 τακτικῶν
503 1591 661 1627 ἐμπειρίαις
681 1592 735 1619 τῶν
751 1592 803 1619 ὑπὸ
818 1594 902 1628 ,χεῖρα
915 1579 936 1609 c

118 1636 269 1672 χρώμενος,
285 1635 367 1672 ψήφῳ
380 1636 409 1662 δὲ
428 1636 528 1671 μᾶλλον
543 1637 575 1672 τῇ
594 1636 668 1672 παρὰ
681 1635 761 1668 Θεοῦ,
782 1637 832 1671 τῆς
848 1636 902 1663 τῶν

125 1682 276 1718 ’Δσσυρίων
289 1683 417 1718 στρατιᾶς
430 1682 475 1709 τὸν
496 1683 526 1708 ὲν
543 1683 593 1718 μιᾷ
611 1682 689 1709 νυκτὶ
709 1682 903 1718 καθορίσαντος

120 1728 244 1755 θάνατον.
261 1737 270 1753 ι
293 1727 402 1763 Ἐξῆλοε
415 1727 480 1762 γὰρ,
493 1727 585 1763 φησιν,
600 1727 715 1761 ἄγγελος
729 1727 844 1762 Κυρίου,
857 1727 904 1754 καὶ

119 1773 225 1800 ἀνεῖλεν
248 1774 280 1799 ὲκ
299 1775 348 1808 τῆς
371 1773 546 1808 παρεμϐολῆς
566 1772 620 1799 τῶν
637 1772 786 1808 Ἀσσυρίων
809 1773 906 1800 ἑκατὸν

120 1819 285 1855 ὀγδοήκοντα
299 1819 378 1845 πέντε
389 1819 519 1853 χιλιάδας.
531 1819 586 1844 Καὶ
595 1817 759 1849 ἀναστάντες
770 1818 809 1854 τῷ
822 1818 905 1854 πρωῒ,

122 1863 201 1900 εὗρον
218 1865 306 1891 πάντα
315 1865 350 1891 τὰ
366 1864 480 1899 σώματα
496 1864 590 1899 νεκρά.
609 1873 618 1889 ι
636 1860 715 1890 Οὗτοι
727 1863 776 1899 τῆς
794 1865 833 1896 εἰς
841 1864 907 1890 Θεὸν

120 1909 263 1940 εὐσεϐείας
278 1909 390 1943 καρποὶ,
405 1909 452 1936 καὶ
465 1909 511 1936 τοῦ
528 1909 566 1945 μὴ
580 1909 743 1945 ἀνασχέσθαι
762 1909 864 1945 φωνῆς,
883 1911 906 1936 εἰ

123 1955 184 1982 κατ’
197 1955 282 1990 αὐτῆς
295 1957 345 1991 τῆς
358 1955 433 1988 θείας
448 1955 552 1989 γένοιτο
565 1955 653 1991 δόξης.

951 953 1089 987 liberaque
1110 951 1379 979 incontinentissimae
1399 958 1431 978 ac
1450 949 1666 978 insolentissimus
1688 948 1735 975 lin-

950 1005 1008 1032 guae
1025 997 1100 1024 frena
1122 996 1291 1032 permittens,
1317 995 1475 1023 maledictas
1499 994 1527 1022 in
1555 994 1640 1022 Deum
1655 1001 1735 1021 voces

951 1045 1111 1078 detorquere
1138 1050 1190 1070 non
1216 1041 1367 1069 dubitabat.
1388 1041 1487 1069 Aiebat
1507 1041 1590 1073 enim,
1615 1047 1663 1068 eos
1688 1040 1739 1074 qui

951 1096 1026 1116 suam
1046 1089 1071 1115 in
1091 1088 1178 1123 ipsum
1196 1095 1270 1122 spem
1290 1086 1500 1120 collocaveram,
1516 1086 1622 1114 etiamsi
1641 1085 1734 1118 vellet,

951 1142 1062 1162 servare
1077 1134 1230 1169 speratique
1252 1133 1364 1162 subsidii
1380 1133 1539 1161 beneﬁcium
1555 1132 1655 1160 eisdem
1670 1139 1736 1166 pras-

952 1186 1026 1208 stare
1043 1188 1096 1208 non
1126 1188 1206 1216 posse
1224 1181 1246 1208 ⁸.
1263 1181 1331 1209 Cum
1352 1188 1417 1216 ergo
1428 1181 1607 1209 accessissent
1625 1180 1671 1215 qui
1692 1180 1734 1208 in-

951 1233 1032 1253 sanos
1058 1225 1129 1253 illius
1156 1230 1280 1258 conatus,
1305 1226 1440 1260 verbaque
1461 1225 1570 1254 Persico
1591 1225 1661 1253 [astu
1679 1231 1735 1253 tur-

951 1271 1041 1306 gentia
1057 1271 1112 1305 regi
1122 1271 1323 1303 denuntiarent,
1339 1271 1395 1306 ille,
1408 1271 1464 1299 sola
1474 1271 1595 1299 convicia
1611 1272 1637 1298 in
1651 1271 1734 1299 Deum

952 1317 1059 1344 detorta
1076 1317 1218 1351 mgerrime
1234 1317 1336 1350 ferens,
1358 1324 1444 1352 eaque
1460 1317 1598 1352 capiendae
1619 1317 1737 1344 civitatis

951 1370 1060 1390 causam
1079 1370 1139 1390 esse
1156 1369 1235 1397 posse
1261 1362 1304 1398 pie
1332 1362 1533 1397 prudenterque
1548 1362 1734 1395 considerans,

951 1408 1096 1443 derepente
1113 1415 1250 1436 censetssa
1274 1412 1349 1435 veste
1366 1408 1393 1436 in
1414 1407 1524 1435 dontum
1541 1407 1587 1435 Dei
1602 1407 1735 1439 ascendit,

951 1454 1107 1489 suppliciter
1135 1454 1182 1482 irae
1205 1454 1302 1481 divinae
1323 1453 1522 1485 obsecundans,
1545 1458 1574 1480 et
1592 1459 1622 1480 se
1640 1452 1675 1479 ab
1689 1451 1738 1479 illo

952 1500 1180 1535 blasphemiarum
1201 1500 1316 1527 crimine
1334 1499 1488 1527 exsolvens.
1501 1498 1605 1534 Ecquid
1619 1498 1665 1526 illo
1678 1503 1736 1525 stu—

952 1546 996 1574 dio
1010 1546 1143 1580 promovit
1151 1544 1241 1573 ?'ll|ud
1253 1546 1391 1579 nimirum,
1409 1546 1480 1581 quod
1500 1545 1628 1573 virtutum
1644 1544 1737 1572 Domi-
1759 1547 1761 1550 ‘

955 1599 1018 1618 num
1036 1591 1180 1625 benignum
1205 1593 1407 1628 propitiamque
1429 1592 1480 1620 sibi
1498 1591 1633 1619 reddidit:
1649 1598 1737 1625 quan-

956 1637 1117 1672 doquidem,
1129 1645 1181 1665 non
1211 1637 1323 1665 frenatis
1349 1643 1376 1665 et
1400 1637 1433 1665 ad
1454 1645 1569 1672 pugnam
1599 1636 1740 1664 instructis

956 1682 1043 1716 equis.
1060 1690 1114 1710 non
1127 1683 1333 1718 sagittariorum
1351 1683 1525 1715 dexteritate,
1550 1690 1605 1710 non
1619 1683 1740 1710 hastato-

957 1735 1016 1754 rum
1032 1727 1105 1762 pilis,
1120 1735 1173 1756 non
1187 1728 1285 1756 ducum
1302 1729 1417 1764 peritia»,
1425 1730 1472 1757 sed
1491 1729 1538 1756 Dei
1552 1728 1660 1756 auxiliis
1677 1735 1741 1755 usus

958 1774 1142 1809 munitusque,
1159 1776 1286 1810 Assyrios
1309 1775 1437 1804 debellari
1452 1776 1576 1808 volentis,
1593 1782 1645 1802 una
1661 1779 1742 1802 nocte

958 1827 1065 1847 otnnem
1080 1821 1186 1848 illorum
1208 1822 1357 1849 exercitum
1371 1821 1479 1850 delevit.
1504 1821 1640 1855 Scriptqu
1663 1828 1741 1847 nam-

959 1872 1012 1899 que
1021 1870 1063 1893 cst
1076 1874 1083 1893 :
1106 1875 1117 1892 ‹
1131 1866 1261 1901 Egressus
1276 1873 1318 1894 est
1329 1873 1420 1895 autem
1435 1867 1546 1903 angelus
1566 1866 1684 1898 Domini,
1715 1871 1742 1892 et

960 1912 1093 1944 percussit
1110 1919 1145 1939 ex
1162 1911 1259 1940 castris
1277 1912 1451 1947 Assyriorum
1471 1917 1580 1940 centum
1607 1911 1744 1946 octoginta

959 1956 1078 1990 quinque
1091 1957 1185 1986 millia.
1199 1957 1383 1992 Etsurgentes
1393 1966 1471 1986 mane
1481 1958 1641 1987 invenerunt
1653 1958 1742 1985 onuria

120 2012 235 2038 corpora
252 2007 356 2032 mortua
371 2003 392 2030 ‘.
412 2012 423 2029 ι
445 2003 477 2031 lli
518 2003 627 2039 pietatis
645 2007 709 2030 sunt
727 2002 853 2036 fructus;
872 2003 929 2031 [nec
948 2010 1053 2038 eorum,
1068 2005 1114 2039 qui
1130 2004 1302 2040 blasphemas
1330 2007 1357 2034 in
1372 2005 1455 2034 Deum
1475 2014 1555 2034 voces
1569 2014 1621 2034 non
1642 2006 1743 2039 fcruut,

121 2058 239 2079 IIDCI'CCS.

158 2097 194 2122 A’.
212 2096 272 2122 Δεῖν
283 2095 311 2122 δὲ
326 2093 402 2131 οἶμαι
415 2094 533 2130 μάλιστα
547 2095 606 2127 ταῖς
623 2094 755 2130 βασιλέων
769 2094 910 2121 εὖσεὸέσιν

121 2142 219 2172 ἀκοαῖς
234 2140 412 2175 παλίμφημον
434 2139 484 2174 μὲν
497 2140 573 2166 οὐδὲν
589 2139 726 2167 λαλεῖσθαι
739 2139 810 2166 κατὰ
830 2139 908 2172 Θεοῦ,

1000 2095 1044 2123 ιν.
1058 2096 1184 2124 Arbitror
1202 2101 1290 2125 autem
1311 2097 1345 2125 ad
1360 2097 1421 2132 pias
1441 2097 1591 2133 principum
1608 2105 1687 2126 aures
1703 2098 1746 2126 ni-

964 2140 1000 2167 ltil
1017 2141 1088 2175 quod
1112 2141 1138 2168 in
1156 2141 1240 2169 Deum
1256 2141 1441 2177 blasphemum
1458 2142 1503 2176 sit,
1519 2141 1610 2170 efferri
1626 2142 1744 2175 debere;

122 2189 217 2214 ἐκεῖνα
237 2187 266 2213 δὲ
288 2187 398 2221 μᾶλλον,
417 2186 467 2212 ὅσα
491 2186 538 2213 καὶ
552 2184 649 2221 μώμου
668 2186 769 2217 παντὸς
790 2186 838 2211 καὶ
852 2185 906 2212 δια-

965 2193 1054 2214 verum
1069 2186 1094 2213 id
1111 2190 1224 2217 tantum,
1242 2187 1312 2221 quod
1329 2192 1406 2214 extra
1427 2195 1533 2215 omnem
1554 2192 1645 2215 notam
1658 2192 1684 2215 et
1701 2196 1745 2215 re-

123 2233 207 2268 6ολῆς
229 2233 358 2259 ἐπέκεινα
373 2232 475 2267 τρέχει,
491 2233 538 2259 καὶ
553 2232 602 2266 τῆς
625 2231 782 2267 πρεπούσης
805 2231 909 2263 δοξολο-

123 2280 187 2314 γίας
209 2279 284 2314 αὐτῷ
307 2279 424 2305 ποιεῖται
441 2278 490 2312 τὴν
511 2278 623 2304 ἔκτισιν.
645 2278 761 2312 Ἀριστα
781 2277 810 2303 δὲ
832 2276 910 2303 τοῦτο

124 2325 202 2360 κάγὼ
220 2324 296 2356 εἰδὼς
314 2324 396 2360 ἔχειν,
411 2324 601 2359 παρωρμήθην
616 2324 784 2358 ἀναγκαίως,
799 2323 849 2358 τῆς
863 2324 911 2358 ὀρ-

123 2373 175 2406 Οῆς
187 2380 217 2398 τε
233 2371 279 2397 καὶ
297 2369 479 2405 άποστολικῆς
501 2369 619 2401 πίστεως
631 2369 680 2403 τὴν
698 2368 845 2403 παράδοσιν
864 2369 910 2402 ὲγ-

123 2418 231 2453 γράψαι
253 2417 302 2452 μὲν
320 2416 388 2451 τῷδε
410 2415 449 2450 τῷ
473 2414 582 2450 βιϐλίῳ,
609 2414 695 2447 ξένιον
715 2414 744 2440 δὲ
766 2413 860 2449 ὥσπερ
883 2423 908 2440 τι

125 2464 310 2498 πνευματικὸν
333 2461 515 2497 προσκομίσαι
536 2460 575 2496 τῷ
590 2461 713 2496 ὑμετέρῳ
739 2459 848 2495 κράτει,
864 2461 910 2486 καὶ

125 2510 223 2541 αὑταῖς
236 2509 264 2536 δὲ
277 2510 336 2540 ταῖς
359 2507 578 2542 θεοφιλεστάταις
596 2506 704 2542 άληθῶς
722 2505 865 2541 βασιλίσιν,
883 2505 910 2532 αἳ

124 2558 160 2592 τῇ
178 2556 298 2591 ὑμετέρᾳ
311 2555 472 2590 γαληνότητι
489 2553 733 2588 συναστράπτουσι.
748 2552 804 2579 Καὶ
818 2553 834 2587 ὴ
858 2552 909 2586 μὲν

125 2603 189 2634 ταῖς
203 2601 408 2632 εὐκταιοτάταις
422 2600 486 2635 ὑμῖν
499 2599 656 2634 ὲπαυχοῦσα
676 2599 778 2632 γοναῖς,
794 2598 840 2624 καὶ
864 2597 913 2632 τῆς

127 2648 216 2675 εἰσαεὶ
235 2647 365 2682 διαμονῆς
379 2646 429 2678 τὰς
445 2645 555 2676 ἐλπίδας
570 2646 625 2675 τοῖς
648 2644 798 2679 σκήπτροις
819 2643 913 2677 εἰσφέ-

127 2701 227 2730 ρουσα·
242 2693 259 2728 ὴ
273 2693 301 2719 δὲ
316 2693 372 2724 τοῖς
391 2691 565 2727 παρθενικοῖς
587 2689 757 2724 βλαστήμασι
776 2688 915 2724 συνακμά-

961 2232 1166 2267 prebensionem
1182 2233 1312 2268 positum,
1328 2233 1361 2261 ad
1384 2233 1488 2261 laudem
1501 2238 1532 2260 et
1544 2233 1670 2269 gloriam.
1685 2242 1745 2268 quac

959 2285 1065 2305 sutan
1077 2278 1140 2312 jure
1156 2286 1263 2306 summo
1279 2279 1317 2306 illi
1331 2279 1440 2307 Nuntiui
1459 2279 1601 2313 debentur,
1617 2281 1690 2307 omni
1712 2287 1746 2307 ex

961 2329 1037 2359 parte
1064 2323 1158 2352 faciat.
1180 2325 1246 2352 Cum
1273 2333 1338 2360 ergo
1362 2326 1492 2360 optimum
1521 2326 1746 2354 convenientissi-

961 2377 1088 2403 mumque
1103 2369 1129 2396 id
1145 2376 1206 2396 csse
1218 2374 1386 2404 compertum
1401 2370 1526 2403 habeam,
1544 2370 1642 2398 incitor
1659 2379 1747 2399 neces-

962 2415 1044 2447 sario,
1058 2419 1087 2442 ut
1099 2419 1179 2442 rectae
1191 2415 1250 2442 ﬁdei
1265 2423 1394 2443 canoucm
1414 2418 1448 2443 ab
1465 2416 1594 2451 apostolis
1608 2417 1745 2450 traditum,

963 2465 991 2487 ct
1021 2460 1242 2488 comnteutariolo
1273 2461 1324 2489 hoc
1357 2461 1478 2489 breviter-
1510 2462 1747 2498 comprehensum,

963 2506 1042 2534 veluti
1059 2507 1180 2541 spiritale
1194 2507 1329 2541 quoddam
1346 2507 1466 2539 xcnium,
1489 2515 1550 2535 cum
1567 2514 1665 2536 vestrae
1689 2517 1747 2536 Ina-

959 2551 1064 2586 }cstati,
1085 2557 1140 2579 tum
1154 2552 1222 2586 ipsis
1237 2560 1345 2588 quoque
1366 2553 1467 2588 reginis
1485 2561 1555 2582 vera;
1571 2554 1678 2589 pietatis
1692 2560 1750 2582 stu—

962 2598 1125 2626 diosissimis
1138 2598 1250 2626 oderam
1262 2619 1269 2631 ,
1287 2605 1316 2625 ut
1339 2606 1399 2633 qua:
1416 2599 1502 2627 ambae
1519 2608 1570 2626 una
1585 2607 1646 2627 cum
1659 2606 1748 2628 vestra

964 2644 1110 2671 serenitate
1127 2649 1272 2671 coruscent
1291 2645 1485 2680 insigniterque
1501 2645 1614 2673 ﬂoreant
1632 2655 1640 2673 :
1664 2647 1748 2674 altera

963 2689 1048 2722 enim,
1067 2689 1159 2717 sobole
1173 2689 1250 2717 vobis
1264 2690 1468 2724 exoptatissima
1482 2690 1555 2725 felix,
1577 2692 1651 2728 regni
1667 2693 1750 2721 veStri

166 2772 176 2787 "
188 2770 222 2798 ιν
237 2770 304 2806 Reg.
321 2777 399 2802 ιιι-ιιι.
419 2769 452 2797 15
470 2776 546 2804 seqq.
561 2777 569 2802 ;
586 2768 637 2796 lsa.
657 2774 750 2799 xxxvr,
768 2766 785 2793 ‘2
801 2773 877 2801 seqq.

965 2765 971 2786 ί
989 2766 1055 2802 Reg.
1074 2775 1132 2800 χιιι,
1150 2766 1195 2801 '55;
1212 2768 1263 2796 lsa.
1282 2775 1386 2801 xxxv",
1402 2768 1446 2796 36.

671 2844 757 2872 Variae.
770 2843 899 2872 lectiOncs
909 2843 1009 2872 codicis
1024 2842 1200 2878 chtticriani.

166 2921 180 2942 ἃ
198 2921 345 2957 μυριάδων.
388 2925 398 2939 ε
415 2921 601 2954 παραστήσας.
