1883 3056
97 167 177 197 ΗΜ

589 173 634 200 DE
653 173 768 202 RECTA
789 173 878 206 FIDE,
899 174 946 201 AD
966 174 1190 204 TllEODOSIUM
1210 175 1279 204 IMP.

1669 177 1738 205 11ιὲ

96 228 235 263 ἠγμένοι,
251 230 320 256 ὥστε
341 233 387 258 καὶ⁴
410 232 596 259 ἀνυπόστατον
612 234 660 259 τὸν
680 234 712 259 ὲκ
729 234 796 259 Θεοῦ
822 243 839 268 φ

992 235 1042 261 iam
1067 241 1093 262 et
1108 235 1274 270 impietatem
1294 236 1410 271 prolapsi
1425 240 1499 268 sunt,
1514 240 1542 263 ut
1556 235 1603 263 Dei
1620 236 1735 264 Verbum

96 271 180 301 εἶναι
193 275 289 309 Λόγον,
304 277 380 312 ῥῆμα
394 278 421 304 δὲ
439 278 532 310 ἁπλῶς
547 279 576 304 το
593 279 663 306 κατὰ
685 279 769 314 μόνην
785 280 898 315 νοούμε-

97 327 154 346 νον
174 322 314 356 προφορὰν
331 323 360 349 ὲν
374 323 510 359 ἀνθρώπῳ
534 324 671 358 γενέσθαι.
697 325 855 360 Μάρκελλος
870 325 899 351 δὲ

97 361 182 392 οὗτοι
200 367 246 394 καὶ
264 368 405 400 Φωτεινός.
421 371 500 396 Δοκεῖ
515 379 546 404 γε
563 371 615 406 μὴν
631 371 677 396 καὶ
693 371 796 405 ἑτέροις
821 371 898 398 ἐναν-

98 409 253 446 θρωπῆσαι
272 413 322 448 μὲν
346 414 454 448 ἀληθῶς
467 416 513 441 τὸν
527 416 682 451 Μονογενῆ,
699 417 746 442 καὶ
767 417 801 442 ἐν
817 417 899 452 σαρκὶ

98 457 234 490 γενέσθαι
258 459 404 492 πιστεύειν,
421 461 458 496 μὴ
477 461 530 497 μὴν
542 461 582 488 ἔτι
600 463 647 488 καὶ
661 462 839 497 ἐμψυχῶσθαι
852 471 897 489 τε-

99 502 189 535 λείως
210 504 258 538 τὴν
281 505 482 541 ἀναληφθεῖσαν
503 507 592 541 σάρκα
615 508 687 543 ψυχῇ
709 508 822 544 λογικῇ,
850 510 898 535 καὶ

100 548 171 574 νοῦν
188 549 287 586 ἐχούσῃ
300 550 346 577 τὸν
363 551 424 578 καθ’
444 553 534 587 ἡμᾶς*
550 553 589 584 εἰς
607 553 720 588 ἑνότητα
742 554 771 580 δὲ
787 554 838 589 τὴν
859 556 898 586 εἰς

101 595 193 629 ἅπαν,
210 596 304 633 ὥσπερ
319 595 365 625 οὖν
380 599 490 632 οἴονται,
507 601 740 635 κατασφίγγοντες
753 602 800 628 τόν
819 610 849 628 τε
866 603 899 629 ἐκ

101 641 177 668 Θεοῦ
197 643 293 677 Λόγον,
308 644 354 670 καὶ
371 645 418 672 τὸν
438 646 470 671 ὲκ
493 647 543 681 τῆς
568 647 649 680 ἁγίας
665 647 805 683 Παρθένου
823 649 898 681 ναὸν,

102 690 270 724 κατοικῆσσὶ
286 699 368 724 φασιν
382 692 410 717 ἐν
427 692 501 728 αὐτῷ
513 693 558 719 τὸν
574 694 660 728 Λόγον
671 702 677 709 ·
698 695 746 721 καὶ
768 695 833 722 ἴδιον
849 695 898 730 μὲν

101 735 274 770 ποιήσασθαι
296 738 326 763 τὸ
343 737 423 772 σῶμα
442 739 472 764 τὸ
488 739 650 774 ἀναληφθὲν,
665 739 753 776 ψυχῆς
771 740 799 766 δὲ
818 741 898 767 αὐτὸν

101 781 157 815 τῆς
180 782 292 817 λογικῆς
312 792 341 809 τε
363 784 410 810 καὶ
431 785 527 820 νοερᾶς
545 786 720 822 ἀναπληροῦν
737 787 782 813 τὸν
804 787 896 814 τόπον.

103 826 218 862 ’Έτεροι
242 828 265 854 δ’
284 826 317 855 αὖ
337 830 520 864 πρεσϐεύουσι
545 831 595 865 μὲν
614 833 675 864 ταῖς
689 833 792 858 τούτων
809 833 898 865 δόξαις

101 871 141 898 τὰ
165 873 289 906 ἐναντία,
313 876 360 901 καὶ
377 876 567 911 ἀντιφέρονται
590 879 645 909 τοϊς
664 879 845 913 φρονήμασιν,
867 879 898 905 ἐκ

101 927 135 944 τε
153 919 221 946 Θεοῦ
236 920 321 955 Λόγου
339 922 386 948 καὶ
399 922 488 958 ψυχῆς
503 923 552 958 τῆς
569 923 681 959 λογικῆς
697 925 744 951 καὶ
761 924 896 959 σώματος,

103 965 168 999 ἤτοι
192 966 298 998 τελείας
324 967 417 999 ἁπλῶς
436 968 656 1005 ἀνθρωπὸτητος.
682 971 843 997 συνεστάναι
868 980 897 997 τε

103 1011 156 1037 καὶ
169 1012 374 1048 ἀναπεπλέχθαι
386 1014 622 1050 διαϐεϐαιούμενοι
636 1016 682 1043 τὸν
704 1016 879 1052 Ἐμμανουήλ
890 1026 896 1032 ⁸

102 1057 137 1083 οὑ
157 1057 210 1091 μὴν
232 1057 273 1084 ἔτι
293 1059 340 1084 καὶ¹
365 1060 430 1093 ὑγιᾶ
452 1061 499 1086 καὶ
521 1060 671 1096 ἀμώμητον
689 1062 829 1094 παντελῶς
849 1063 899 1098 τὴν

103 1103 152 1130 ἐπ’
171 1103 245 1137 αὐτῷ
267 1106 433 1141 τετηρήκασι
450 1106 538 1139 δόξαν.
565 1107 764 1134 Καταδιιστᾶσι
781 1108 835 1144 γὰρ
859 1109 900 1140 εἰς

103 1148 154 1176 δύο
181 1151 227 1177 τὺν
252 1151 299 1178 ἕνα
324 1152 453 1187 Χριστὸν,
481 1153 528 1179 καὶ
553 1155 669 1188 παχεῖαν
689 1154 783 1190 ὥσπερ
807 1155 900 1186 αὐτοῖς

105 1196 226 1229 ἐνιέντες
250 1197 297 1233 τὴν
321 1198 462 1234 διατομὴν,
485 1199 536 1225 ἀνὰ
555 1199 636 1234 μέρος
651 1200 781 1235 ἑκάτερον
806 1209 900 1235 μονον-

104 1243 169 1278 ουχὶ
193 1244 239 1269 καλ⁸
255 1244 361 1270 ἑστῶτα
377 1244 637 1280 παραδεικνύουσιν·
653 1245 747 1280 ἕτερον
764 1245 813 1280 μὲν
830 1243 899 1272 εἶναι

104 1289 303 1324 διατεινάμενοι
317 1289 363 1316 τὸν
380 1290 411 1316 ἐκ
427 1290 566 1325 Παρθένου
586 1290 716 1326 τεχθέντα
730 1291 840 1322 τελείως
856 1292 901 1318 ἄν·

106 1333 229 1370 ϐρωπον,
242 1335 334 1370 ἕτερον
348 1335 371 1361 δ’
383 1333 416 1362 αὖ
432 1336 477 1361 τὸν
490 1337 522 1362 ὲκ
536 1335 604 1362 Θεοῦ
614 1336 722 1371 [ἰατρὸς
733 1336 820 1370 Λόγον
831 1346 836 1352 ·
852 1337 901 1371 οὐχ

105 1381 120 1406 ὃ
135 1380 161 1407 τί
178 1381 243 1407 ποτέ
257 1382 330 1408 ἐστιν
344 1382 361 1416 ἦ
377 1390 406 1408 τε
423 1381 470 1408 τοῦ
493 1381 561 1408 Θεοῦ
576 1381 582 1400 ί
600 1382 690 1416 φύσις,
707 1383 755 1409 καὶ
768 1384 817 1418 τῆς
835 1391 901 1418 σαρ-

107 1430 168 1468 reg,
186 1431 379 1466 διακρίνοντες,
392 1431 454 1458 οὐδὲ
476 1432 571 1467 μόναις
590 1434 650 1464 ταῖς
663 1433 703 1464 εἰς
717 1433 797 1460 τοῦτο
811 1433 902 1468 διαφο-

109 1477 174 1510 ραῖς
192 1476 392 1512 ἐμφιλοχωρείν
416 1477 563 1510 ἐθέλοντες.
581 1479 648 1505 Οὐδὲ
669 1478 723 1514 γὰρ
740 1478 773 1505 ἂν
797 1479 902 1510 ἐννοίας

107 1523 158 1556 τῆς
177 1522 292 1557 ἀληθοῦς
308 1524 347 1555 εἰς
365 1523 443 1550 τοῦτο
462 1523 623 1560 διήμαρτον,
644 1524 705 1551 ἐπεὶ
729 1524 766 1560 μὴ
789 1525 870 1559 φύσις
883 1527 900 1560 ἠ

951 281 1160 316 anhypostaton,
1191 283 1241 309 hoc
1261 287 1312 313 est,
1339 283 1437 309 nullam
1459 282 1560 310 habens
1586 283 1736 311 subsisten-

951 327 1014 354 tiam
1036 328 1231 362 (cuiuscemodi
1252 329 1316 355 illud
1335 333 1386 360 est,
1408 329 1483 362 quod
1501 333 1564 355 tunc
1583 328 1669 355 solum
1697 333 1739 356 est

951 378 977 399 et
994 373 1163 408 intelligitur,
1182 374 1247 401 dum
1259 381 1306 400 ore
1322 373 1478 407 profertur),
1502 374 1592 401 dicere
1607 374 1735 405 audeam,

953 420 1058 454 taleque
1077 420 1192 447 Verbum
1215 420 1241 446 in
1264 419 1372 446 homine
1392 419 1491 446 factum
1512 419 1687 446 contendunt.
1706 418 1737 445 Ili

950 474 1013 493 vero
1026 471 1090 493 sunt
1103 466 1245 492 Marcellus
1259 471 1287 492 et
1302 465 1442 492 Photinus.
1458 465 1667 499 Comperiuntur
1692 465 1736 491 alii

950 512 1007 546 qui,
1023 511 1077 539 etsi-
1089 512 1253 546 unigenitum
1272 512 1317 538 Dei
1333 511 1447 539 Verbum
1464 518 1527 537 vere
1548 511 1683 538 hominem
1699 510 1738 536 fa-

951 562 1021 584 ctum
1038 563 1065 584 et
1082 557 1253 587 incarnatum
1270 565 1320 584 non
1337 562 1447 591 negent,
1476 557 1565 583 induci
1584 562 1673 583 tamen
1691 563 1738 582 ne.-

950 608 1062 638 queunt,
1077 607 1108 630 ut
1118 611 1238 634 carnem,
1253 611 1333 638 quatit
1352 603 1508 636 assumpsit,
1524 603 1614 629 anima
1633 603 1737 629 ratione

950 653 976 675 et
999 653 1197 676 Inentenostra:
1220 649 1299 675 simili
1323 649 1431 684 praedita
1463 649 1608 683 perfectam
1634 647 1737 674 anima-

950 700 1060 729 tamque
1088 694 1170 722 fuisse
1191 696 1314 722 credant.
1342 695 1446 722 Etenim
1475 694 1591 721 Verbum
1613 693 1683 728 quod
1704 700 1736 719 ex

950 741 1038 773 Patre,
1053 745 1080 768 et
1096 740 1223 775 templum
1238 741 1309 775 quod
1323 749 1354 768 ex
1371 748 1449 768 saera
1462 740 1671 775 Virgine-ortum
1683 744 1735 770 est,

949 786 976 814 in
993 795 1072 814 unam
1089 787 1234 821 perfectam
1254 787 1384 814 unitatem
1397 787 1601 819 contrahentes,
1619 785 1735 812 Verbum

950 832 976 859 in
993 833 1037 859 illo
1061 832 1234 865 inhabitasse,
1259 840 1411 867 corpusque
1433 837 1602 866 assumptum
1619 831 1650 857 ad
1675 839 1735 857 eum

951 879 1058 906 modum
1071 879 1121 906 sibi
1133 879 1270 914 proprium
1283 879 1405 906 etl'eeisse
1417 878 1585 912 conﬁngunt,
1601 883 1630 903 ut
1641 877 1737 903 auinue

950 925 1054 953 ratione
1084 925 1183 952 utentis
1217 925 1304 952 locum
1329 932 1376 958 per
1403 932 1432 952 se
1458 925 1544 958 ipsum
1569 922 1732 957 expleverit.

950 971 1020 998 Sunt
1038 971 1160 1006 denique
1186 971 1244 1005 qui,
1270 971 1365 998 horum
1395 970 1515 997 omnium
1538 968 1736 1003 opinatiouibus

950 1018 1123 1044 adversantes
1138 1017 1333 1051 sententiisque
1349 1016 1526 1050 refragantes,
1536 1022 1570 1041 ex
1580 1013 1736 1046 DeivVerbo,

951 1063 1094 1096 animaque
1115 1062 1291 1097 intelligente,
1308 1067 1335 1089 et
1349 1069 1473 1096 corpore,
1491 1061 1543 1088 hoe
1555 1065 1608 1094 est,
1622 1061 1736 1087 humana

951 1113 1044 1135 natura
1061 1109 1181 1135 muneris
1195 1108 1319 1135 omnibus
1333 1108 1449 1142 perfecta
1471 1107 1658 1140 absolutaque,
1674 1106 1737 1133 Em-

953 1154 1102 1180 manuclem
1127 1153 1303 1181 constitutum
1325 1153 1558 1188 compositumque
1581 1156 1737 1179 constanter

952 1199 1102 1233 allirment;
1132 1207 1218 1234 neque
1246 1200 1335 1226 adhuc
1375 1203 1463 1226 tamen
1502 1206 1596 1225 sanam
1627 1205 1736 1232 prorsus

951 1246 1093 1279 omnisque
1109 1246 1166 1273 vitii
1181 1251 1319 1279 expertem
1336 1245 1499 1272 sententiam
1515 1249 1632 1271 tuentur.
1646 1243 1737 1276 Quan-

952 1293 1094 1327 doquidem
1118 1300 1200 1319 unum
1218 1292 1355 1320 Christum
1380 1293 1407 1319 in
1433 1291 1499 1318 duos
1528 1295 1683 1321 secernunt,
1699 1296 1737 1322 et,

952 1347 1044 1366 crassa
1068 1339 1183 1373 quadam
1207 1338 1378 1372 separatione
1390 1337 1460 1364 inter
1476 1337 1547 1363 hune
1563 1341 1590 1363 et
1607 1336 1679 1363 illum
1698 1336 1737 1362 in—

953 1386 1042 1416 ducta,
1073 1389 1217 1419 utrumque
1239 1391 1361 1411 seorsum
1389 1391 1420 1410 ac
1442 1382 1525 1417 quasi
1542 1389 1589 1416 per
1611 1389 1641 1409 se
1665 1386 1737 1409 stare

952 1430 1118 1457 contendunt
1135 1437 1141 1455 :
1160 1434 1187 1456 et
1200 1429 1312 1455 alterum
1330 1429 1449 1462 quidem,
1469 1435 1529 1454 eum
1546 1427 1671 1453 nimirum
1690 1426 1739 1460 qui

952 1484 984 1503 ex
1005 1476 1113 1510 Virgine
1126 1481 1204 1502 natus
1220 1481 1271 1506 est,
1287 1474 1436 1509 perfectum
1452 1473 1605 1504 hominem;
1620 1471 1734 1498 alterunt

953 1529 1060 1549 rursum
1077 1521 1164 1555 ipsum
1181 1520 1226 1547 Dei
1240 1519 1331 1547 Patris
1347 1519 1463 1546 Verbum
1483 1525 1543 1545 esse
1555 1517 1663 1549 dicunt;
1684 1523 1740 1543 non

107 1569 177 1604 αὑτὴ
196 1569 297 1604 σαρκός
310 1578 340 1596 τε
354 1571 401 1596 καὶ
415 1570 551 1606 θεότητος.
573 1571 653 1598 Ἀλλὰ
668 1571 714 1598 τὸν
732 1572 781 1607 μὲν
797 1573 834 1603 ὡς

993 1568 1018 1594 id
1039 1568 1109 1594 inter
1134 1566 1179 1593 Dei
1209 1572 1236 1593 et
1258 1566 1349 1593 carnis
1373 1571 1495 1592 naturam
1517 1564 1623 1591 intersit
1643 1561 1736 1589 distin-

63 1622 68 1626 ”
108 1615 216 1650 θρωπον
232 1615 285 1651 ἰδίᾳ
298 1616 418 1648 τιθέντες
430 1617 477 1643 καὶ
492 1617 544 1643 ἀνά
559 1617 652 1652 μέρος,
668 1618 713 1644 τὸν
728 1618 767 1650 δὲ,
784 1618 822 1650 ὡς
833 1618 900 1645 Θεὸν

109 1660 189 1694 φύσει
213 1670 243 1687 τε
267 1662 313 1688 καὶ
337 1662 446 1697 ἀληθῶς
468 1663 648 1698 ὀνομάζουσι,
668 1664 756 1690 καίτοι
776 1664 900 1696 θέλοντες

109 1705 178 1734 εἶναι
194 1708 361 1743 Χριστιανοιθ
373 1709 428 1734 Καὶ
442 1708 474 1743 δὴ
491 1709 649 1743 καὶλογίδια
667 1710 735 1737 ἄττα
754 1711 818 1745 περὶ
839 1711 901 1737 τού-

110 1762 164 1780 των
179 1754 397 1788 συγγράφοντες,
416 1754 504 1780 εἰπεῖν
518 1755 719 1790 τετολμήκασιν
741 1756 837 1787 αὑταῖς
858 1756 901 1782 λέ-

111 1800 183 1832 ξεσιν
196 1797 262 1826 ὦδε·
290 1800 319 1826 Ὁ
336 1800 385 1834 μὲν
401 1800 455 1835 γὰρ
470 1799 549 1834 φύσει
569 1801 616 1827 καὶ
631 1801 738 1835 ἀληθῶς
757 1801 819 1831 Υἱὺς
835 1802 849 1827 ό
869 1802 900 1828 ὲκ

109 1845 177 1872 Θεοῦ
195 1845 301 1880 Πατρὸς
322 1845 407 1879 Λόγος
426 1846 515 1877 ἐστὶν,
532 1847 546 1872 ὁ
564 1846 601 1879 δὲ,
622 1847 774 1882 ὁμωνύμως
788 1847 827 1882 τῷ
843 1847 900 1881 Υἱῷ

112 1893 184 1924 Υἱός.
199 1894 253 1919 Καὶ
270 1892 329 1928 μεθ’
343 1892 424 1927 ἕτερα
439 1892 534 1920 πάλιν·
546 1892 618 1928 Σὰρξ
633 1893 647 1918 ὁ
661 1892 708 1919 τοῦ
722 1892 789 1919 Θεοῦ
804 1894 899 1928 Λόγος,

110 1939 178 1965 ἀλλὰ
199 1938 341 1973 ἄνθρωπον
365 1938 529 1973 ἀνειληφώς.
555 1939 583 1965 Ὀ
604 1939 652 1973 μὲν
668 1939 722 1974 γὰρ
745 1939 901 1974 Μονογενὴς

113 1984 322 2019 προηγουμένως
342 1984 388 2009 καὶ
406 1983 466 2009 καθ’
482 1983 589 2016 ἑαυτὸν,
612 1983 673 2015 Υἱὸς
690 1983 737 2009 τοῦ
754 1983 821 2009 Θεοῦ
843 1984 900 2010 ἐστι

111 2035 162 2062 τοῦ
174 2035 282 2062 πάντων
296 2034 481 2070 δημιουργοῦ·
498 2034 527 2061 ὃν
549 2033 576 2060 δὲ
591 2034 722 2061 ἀνέλαϐεν
746 2034 899 2069 ἄνθρωπον,

111 2081 141 2107 οὐ
155 2080 234 2115 φύσει
248 2080 312 2111 Θεὸς
330 2080 378 2111 ὢν,
391 2080 436 2107 διὰ
452 2080 498 2106 τὸν
514 2080 685 2107 ἀναλαϐόντα
698 2079 781 2106 αὑτὸν
792 2080 900 2115 ἀληθῶς

114 2127 175 2153 Υἱδν
188 2126 266 2159 Θεοῦ,
277 2126 431 2162 ὁμωνύμως
445 2126 519 2161 αὐτῷ
533 2126 708 2162 χρηματίζει.
720 2126 757 2152 Τὸ
771 2126 820 2161 μὲν
830 2126 899 2161 γὰρ,

115 2183 123 2198 ι
138 2173 230 2204 Οὐδεὶς
245 2172 315 2206 ἔγνω
333 2173 379 2198 τὸν
394 2172 467 2204 Υὶὸν,
483 2173 507 2198 ει
525 2172 562 2207 μὴ
579 2173 593 2198 ὸ
614 2172 720 2207 Πατὴρ⁹
741 2181 749 2195 9
763 2172 808 2198 τὸν
821 2172 900 2206 φύσει

113 2219 214 2245 τέλειον
227 2219 274 2245 καὶ
289 2218 404 2254 ἀληθείᾳ
417 2218 493 2253 δηλοί
504 2218 536 2244 ὲκ
553 2216 599 2244 τοῦ
613 2217 719 2252 Πατρὸς
733 2218 806 2244 Υἱόν.
819 2218 840 2243 Τ
841 2218 855 2243 ὸ
873 2217 901 2244 δὲ

952 1618 1075 1649 guentes,
1093 1620 1180 1648 neque
1191 1612 1261 1639 intra
1272 1611 1343 1638 solos
1356 1611 1564 1646 discrepantium
1580 1613 1738 1636 naturarum

951 1660 1081 1687 terminos
1104 1660 1293 1687 consistentes.
1322 1657 1361 1684 lla
1396 1657 1467 1684 enim
1499 1664 1512 1683 a
1539 1656 1651 1682 veritate
1685 1662 1742 1680 non

951 1704 1131 1731 aberrarunt:
1156 1703 1207 1730 alia
1233 1704 1305 1730 enim
1332 1703 1434 1734 carnis,
1462 1701 1513 1728 alia
1540 1707 1633 1727 rursus
1659 1699 1736 1726 Verbi

951 1754 992 1776 est
1005 1753 1112 1776 natura.
1138 1748 1174 1775 At
1196 1748 1222 1775 hi
1237 1748 1352 1775 alterum
1373 1753 1543 1774 seorsum-ac
1560 1752 1608 1780 per
1620 1753 1661 1776 se,
1677 1749 1737 1770 tan-

951 1804 1031 1830 quam
1051 1803 1155 1823 merum
1175 1795 1311 1822 hominem
1334 1798 1474 1826 statuunt;
1498 1792 1611 1819 alterum
1630 1798 1693 1818 vero
1710 1796 1735 1817 ut

951 1849 1044 1868 verum
1071 1841 1274 1875 naturalemque
1295 1841 1378 1867 Deum
1404 1839 1563 1870 nominant,
1586 1845 1646 1864 eum
1670 1837 1739 1863 intc-

952 1888 1003 1915 rim
1021 1893 1047 1915 et
1060 1888 1214 1915 Christiano
1232 1886 1340 1913 nomine
1353 1885 1402 1913 sibi
1418 1883 1600 1914 blandiantur,
1614 1886 1640 1909 et
1656 1889 1738 1916 quos—

951 1935 1012 1961 dam
1027 1942 1132 1968 quoque
1147 1934 1220 1960 hisce
1236 1933 1268 1960 de
1282 1932 1362 1960 rebus
1381 1931 1486 1958 libellos
1516 1929 1736 1962 eonscripserint.

951 1981 992 2008 Ad
1017 1981 1127 2008 verbum
1154 1985 1243 2007 autem
1269 1979 1338 2005 hunc
1363 1979 1387 2004 in
1411 1977 1519 2004 modum
1541 1977 1660 2003 scribere
1680 1975 1738 2001 ausi

952 2032 1037 2055 sunt:
1060 2026 1109 2054 llic
1128 2026 1260 2061 siquidem
1286 2026 1401 2059 (nempe
1430 2023 1474 2050 Dei
1500 2023 1586 2049 Patris
1602 2019 1737 2054 Verbum)

953 2081 1034 2100 verus
1046 2077 1073 2100 et
1087 2072 1217 2099 naturalis
1227 2076 1268 2098 est
1281 2070 1365 2096 Filius
1381 2078 1387 2096 :
1405 2069 1448 2095 ille
1463 2075 1526 2094 vero
1539 2067 1613 2103 (puta
1622 2065 1740 2100 Virginis

953 2119 1053 2152 natus)
1078 2118 1214 2152 requivoce
1235 2116 1280 2143 Dei
1303 2115 1387 2142 Filius
1410 2114 1520 2141 dicitur.
1537 2113 1570 2139 Et
1586 2111 1664 2146 paulo
1679 2116 1739 2145 post

954 2166 1072 2192 iterum:
1101 2164 1199 2198 Utique
1226 2163 1271 2190 Dei
1299 2162 1415 2189 Verbum
1439 2168 1492 2187 non
1516 2164 1556 2186 est
1578 2159 1668 2190 homo,
1692 2156 1739 2184 sed

954 2211 1090 2238 hominem
1124 2208 1280 2242 assumpsit.
1318 2205 1541 2239 Quandoquidem
1582 2202 1740 2236 Unigcnilus

113 2265 255 2299 λεγόμενον
276 2246 396 2291 oneror}
420 2246 548 2300 Γαϐριὴλ,
567 2273 576 2289 α
591 2263 636 2299 Μὴ
653 2246 747 2298 φοΰόῦ,
770 2264 856 2298 Μαριά

996 2264 1004 2282 ι
1024 2255 1086 2282 inde
1104 2255 1136 2282 ab
1151 2253 1227 2280 initio
1241 2260 1288 2287 per
1301 2259 1341 2284 se,
1356 2248 1643 2283 Dcimnniumopiﬁcis
1656 2246 1739 2273 Filius

114 2309 190 2347 εὗρες
205 2311 260 2347 γὰρ
275 2311 354 2346 χάριν
368 2311 443 2345 παρὰ
457 2311 495 2345 τῷ
508 2310 569 2346 Θεῷ
579 2319 585 2325 ·
604 2312 650 2337 καὶ
666 2310 721 2337 ἰδοὺ
736 2309 860 2345 συλλήψῃ
872 2310 900 2335 ἐν

115 2356 221 2390 γαστρὶ,
238 2357 286 2383 καὶ
299 2355 364 2391 τέξῃ
384 2356 452 2388 υἱον,
468 2356 516 2382 καὶ
529 2355 656 2387 καλέσεις
670 2355 700 2381 τὸ
715 2355 800 2390 ὄνομα
818 2355 900 2380 αὐτοῦ

121 2402 235 2437 Ἰησοῦν·
247 2411 256 2428 ι
271 2402 309 2437 τῷ
326 2401 464 2438 ἀνθρώπῳ
475 2402 637 2437 ἐφαρμόζει.
653 2401 733 2427 ’Λλλά
747 2401 825 2427 ταυτὶ
841 2401 900 2435 μὲν,

116 2450 221 2475 ἐκεῖνοι.
232 2449 405 2483 Φρονήσομεν
416 2448 444 2474 δὲ
456 2449 535 2483 ἡμεῖς
542 2448 595 2482 οὐχ
606 2444 667 2474 ὧδε.
686 2446 838 2473 Ἀναπείσει
850 2446 902 2482 γὰρ

116 2494 238 2529 οὐδαμῶς
260 2493 315 2520 ’τῶν
332 2493 494 2529 ἑτεροδόξων
514 2495 528 2520 ὁ
546 2494 641 2527 λύγος,
657 2493 769 2529 τροχιὰν
785 2492 902 2527 ἀφέντας

116 2539 162 2574 τὴν
175 2539 217 2565 ἐπ’
226 2540 332 2566 εὐθεῖαν
344 2538 351 2564 i
361 2560 369 2572 ,
380 2538 533 2574 διατρέχειν
543 2538 554 2557 ι
569 2538 665 2573 ἑτέραν
675 2537 724 2572 τὴν
734 2537 786 2570 ἔξω
801 2537 902 2564 σκοποῦ

119 2586 161 2613 καὶ
174 2586 402 2622 διεστραμμένην.

954 2307 996 2330 est
1011 2312 1017 2329 :
1036 2302 1118 2328 homo
1134 2305 1234 2331 autem,
1247 2306 1327 2333 quem
1339 2297 1469 2332 suscepit,
1486 2303 1546 2322 eum
1560 2299 1656 2322 natura
1669 2293 1740 2320 Deus

957 2358 1008 2377 non
1026 2349 1069 2381 sit,
1093 2351 1202 2383 propter
1224 2347 1252 2381 6
1269 2353 1330 2373 cum
1348 2353 1361 2371 a
1379 2352 1433 2379 quo
1453 2347 1603 2377 assumptus
1627 2345 1678 2373 est,
1695 2340 1740 2374 qui

958 2401 1036 2422 verus
1047 2394 1092 2421 Dei
1110 2393 1194 2420 Filius
1205 2397 1257 2424 est,
1274 2391 1370 2419 eodem
1382 2398 1443 2417 eum
1457 2390 1514 2422 ipso
1527 2388 1637 2415 nomine
1650 2386 1739 2421 appel—

958 2441 1038 2467 latnr.
1063 2440 1153 2473 Quare
1175 2439 1225 2466 hoc
1247 2437 1349 2465 Christi
1375 2436 1515 2463 oraculum
1531 2443 1538 2462 :
1557 2443 1566 2459 ι
1582 2433 1667 2460 Nemo
1688 2432 1740 2459 scit

957 2487 1017 2522 quis
1032 2487 1067 2513 sit
1082 2486 1175 2517 Filius,
1197 2485 1247 2511 nisi
1265 2483 1344 2511 Pater
1365 2483 1395 2514 ”,
1416 2492 1425 2508 ι
1440 2489 1533 2508 verum
1547 2485 1574 2508 et
1590 2480 1739 2507 naturalem

957 2535 1004 2562 Dei
1018 2534 1107 2561 Patris
1117 2534 1216 2561 Filium
1231 2532 1357 2559 ostendit.
1378 2531 1412 2557 At
1428 2530 1491 2556 illud
1507 2536 1572 2556 vero
1587 2536 1601 2554 a
1617 2527 1740 2555 Gabrielc

957 2580 1179 2616 pronuntiatum:
1202 2578 1261 2606 «Ne
1285 2577 1390 2608 timeas,
1413 2576 1507 2608 Maria,
1529 2574 1653 2602 invenisti
1667 2573 1738 2600 enim

119 2634 229 2669 gratiam
247 2635 316 2669 apud
338 2633 441 2660 Deum:
464 2637 491 2659 et
514 2640 578 2659 ecce
603 2631 739 2665 conctpies
758 2631 784 2658 in
812 2635 899 2661 utero,
920 2634 946 2655 et
961 2628 1051 2663 paries
1083 2627 1166 2654 (ilium
1191 2631 1217 2653 et
1256 2625 1364 2653 vocabis
1381 2631 1478 2651 nomen
1495 2623 1552 2657 ejus
1567 2621 1657 2648 Jesum
1676 2621 1706 2652 ιδ,
1729 2630 1736 2645 ι

119 2667 143 2706 in
158 2667 292 2705 hominem
308 2678 432 2712 quadrat.
449 2677 481 2704 Et
504 2678 559 2704 haec
588 2677 624 2704 illi
640 2677 780 2703 liautcnus.
798 2674 850 2702 Nos
865 2678 953 2701 autem
987 2674 1043 2708 eius
1077 2673 1216 2701 sententia:
1244 2678 1410 2707 uerpmquam
1433 2677 1534 2697 sumus.
1565 2667 1643 2696 Absit
1657 2667 1738 2698 enim,

162 2755 182 2770 ⁸³
194 2754 260 2782 Luc.
277 2763 304 2785 κ,
321 2754 367 2781 22,
418 2754 438 2768 ¹’“
451 2753 516 2781 an.
535 2762 552 2785 ι,
573 2754 614 2780 ὅθι

652 2809 738 2836 νδιιιε
751 2808 880 2835 lectiones
893 2807 994 2834 COdlLlS
1017 2806 1194 2841 Seguicriani.

158 2885 164 2903 ί
182 2884 199 2918 ἦ
215 2891 243 2909 τε
261 2883 305 2910 τοῦ
321 2883 407 2916 Λόγον
425 2881 514 2916 φύσις.
555 2886 561 2905 t
586 2881 628 2907 ἐπ’
648 2881 721 2907 εὐθύ.

762 2881 774 2900 k
789 2880 961 2914 ὀιαστεέχειν.
