1883 3056
150 127 217 155 1155

639 131 669 158 S.
689 130 828 159 CVRILLI
848 132 1082 161 ALEXANDRIM
1100 133 1263 162 ARCIIIEP.

1710 129 1791 158 illi

147 191 176 213 nt
191 189 269 216 aliter
282 190 458 218 sentientium
473 191 561 218 oratio
583 191 634 218 hue
646 200 695 219 nos
727 192 838 220 inducat
865 197 893 220 ut
927 199 1001 221 recta
1018 195 1113 222 semita
1140 195 1245 227 relicta,
1283 195 1439 227 distortum,
1454 199 1483 222 et
1502 201 1521 221 τι
1546 197 1624 221 recto
1653 191 1789 221 veritatis

146 241 229 267 scopo
241 234 416 262 abducentcm
436 236 507 263 viam
525 237 710 271 ingrediantur
724 239 744 265 ⁵.

185 279 237 306 νιι.
257 280 333 313 Quod
348 281 371 308 si
390 281 451 315 quis
469 282 604 316 prolixum
620 283 654 310 de
672 283 790 318 qualibet
813 284 925 311 istarum
943 288 965 316 Α

146 325 302 359 opinionum
334 334 516 361 sermonem,
540 330 697 364 justumth
716 335 742 357 et
772 335 929 357 accuratum

147 378 261 397 cxatnen
277 371 420 400 instituere
440 374 538 406 vellet,
555 383 596 401 nae
613 375 774 403 immensum
792 376 837 403 ille
862 381 930 402 tem-

148 423 197 450 pus
223 417 382 450 insumeret,
407 419 554 454 laboreque
579 422 713 450 exhausto
738 423 881 456 prtearduo
898 430 930 450 ac

147 461 245 489 dillicili
262 465 426 498 superabili,
451 466 493 492 vix
516 467 656 500 quidpiam
679 467 768 494 adhuc
785 467 865 495 laude
887 468 929 495 di—

145 515 227 541 gnum
243 515 395 543 praestaret.
416 511 500 546 Nugis
520 514 632 547 proinde
661 514 847 548 orationisque
864 515 924 542 lon-

146 553 265 587 gitudiue
280 556 480 589 praetermissis,
506 559 620 592 agedum
636 559 794 592 perbrevem
816 559 930 593 singulis

145 606 286 626 censuram
302 601 490 630 adhibeamus.
503 603 535 630 Et
546 604 633 637 primo
645 603 754 638 quidem
769 605 827 632 istis
845 606 930 640 phan-

147 647 290 672 tasmatunt
305 647 461 674 architectis
479 648 540 682 jure
555 649 608 676 dici
631 655 713 684 queat
736 658 744 677 :
769 660 778 676 ι
802 651 906 678 Erratis
920 671 928 684 ,

147 691 297 719 nescientes
313 693 522 726 Seripturas",
553 703 640 729 neque
666 703 791 730 magnum
820 697 928 731 pietatis

146 737 318 770 mysterium,
334 738 384 766 hoc
394 745 436 766 est
449 740 595 774 Christum,
616 742 661 775 qui
676 742 872 770 manifestatus
887 747 930 771 est

146 781 172 808 in
190 791 284 816 carne,
307 783 523 817 justilieatusest
541 787 566 813 in
591 788 709 821 spiritu,
735 789 860 823 apparuit
881 797 928 816 an-

145 828 230 861 gelis,
259 830 419 864 praedicatus
445 837 486 859 est
514 833 659 867 gentibus,
676 835 798 862 creditus
825 840 867 862 est
895 835 922 862 in

145 876 256 908 nnmdo,
270 882 424 911 assumptus
454 883 497 905 est
519 878 545 904 in
573 878 657 913 gloria
689 879 720 905 ¹⁶.
739 889 749 905 ι
770 879 926 907 Adversarii

143 926 233 948 autem
251 922 290 949 Vel
309 927 414 957 turpem
430 928 519 950 notam
532 925 654 958 antiquis
669 924 852 958 scriptoribus
881 925 924 952 iu-

144 971 225 993 urant
239 972 360 1001 oportet;
377 968 505 1003 orbisque
516 957 660 1000 doctores,
685 957 783 1003 quibus
803 969 928 996 Christus
944 957 965 985 Β

145 1012 203 1046 ipse
216 1013 353 1048 pra-cepit,
381 1023 390 1039 ι
411 1014 512 1042 Euutes
537 1014 632 1042 docete
654 1022 750 1043 omnes
769 1020 864 1050 gentes
880 1015 901 1031 ¹⁷
919 1036 927 1049 ,

145 1059 279 1086 mendacii
297 1060 480 1094 redarguunt;
499 1060 541 1087 vel
552 1064 626 1088 certe
641 1060 666 1088 si
682 1061 707 1088 id
727 1061 819 1088 facere
828 1061 927 1089 exhor-

144 1109 232 1138 reaut,
248 1109 276 1131 ut
291 1110 392 1132 rectam
412 1106 445 1132 de
467 1105 577 1132 Christo
600 1106 759 1133 sententiam
784 1106 926 1141 complexi,

144 1156 207 1176 suas
227 1149 349 1176 inscitias
376 1149 466 1176 valere
489 1149 624 1183 jubeant;
664 1150 818 1185 divinisque
852 1150 927 1178 Scri-

144 1195 230 1230 pturis
241 1195 378 1222 mordicus
387 1195 572 1226 adhaerentes,
591 1203 695 1222 necnon
713 1201 797 1223 tutam
807 1197 925 1224 erroris-

143 1249 196 1275 que
212 1247 348 1275 expertem
359 1247 516 1270 sanctorum
530 1242 600 1269 viam
611 1242 735 1277 ingressi,
749 1247 824 1271 recta
836 1243 869 1270 ad
885 1243 926 1278 ip-

144 1294 201 1314 sum
215 1287 353 1314 veritatem
368 1288 539 1315 contendant.

180 1332 247 1360 Vlll.
264 1333 348 1360 Porro
361 1338 452 1360 autem
468 1334 532 1361 illud
549 1333 657 1368 pietatis
674 1333 831 1369 mysterium
853 1333 927 1361 aliud

143 1378 245 1404 nullum
261 1383 303 1405 est
314 1379 400 1410 nobis,
413 1384 442 1406 ut
457 1379 563 1413 opinor,
577 1386 659 1413 quam
672 1378 759 1413 ipsum
773 1378 821 1406 Dei
839 1378 926 1405 Patris

144 1423 273 1456 Verbum,
283 1425 353 1458 quod
364 1425 562 1452 manifestatum
574 1430 616 1452 est
629 1425 655 1451 in
668 1431 750 1451 carne
760 1432 767 1451 :
778 1424 924 1459 siquidem,

143 1469 234 1496 servili
251 1469 335 1496 forma
347 1475 496 1504 assumpta,
511 1478 542 1497 ex
557 1478 634 1497 sacra
647 1474 676 1497 ct
693 1470 802 1504 deipara
815 1469 926 1506 Virgine

143 1520 235 1542 natum
244 1515 394 1543 est.Visum
406 1521 483 1543 estet
491 1516 607 1551 angelis,
619 1524 681 1543 nam
691 1520 719 1543 et
727 1523 820 1544 recens
833 1521 925 1544 natun

142 1561 262 1588 venerati
277 1567 350 1595 sunt,
369 1566 398 1589 et
411 1562 579 1597 doxologiam
593 1562 665 1589 illam
679 1571 688 1588 ι
701 1562 794 1590 Gloria
805 1562 831 1589 in
850 1563 927 1589 altis-

143 1607 221 1634 simis
236 1607 301 1640 Deo,
316 1612 342 1634 et
355 1608 379 1634 iu
399 1613 470 1635 terra
486 1616 548 1643 pax,
571 1608 597 1634 in
614 1608 768 1635 hominibus
782 1608 854 1635 bona
880 1615 926 1635 voc
940 1623 962 1651 ρ

143 1651 232 1679 lnntas
246 1653 278 1685 ¹⁸,
298 1653 452 1680 ediderunt.
480 1653 561 1680 Iidem
578 1654 614 1681 illi
643 1654 797 1689 pastoribus
818 1662 926 1688 quoque

143 1699 226 1726 Deum
242 1699 357 1727 Verbum
372 1705 482 1735 propter
500 1709 548 1727 nos
570 1701 596 1727 iu
619 1709 728 1728 carnem
751 1700 857 1728 venisse
880 1701 926 1727 de-

143 1744 328 1771 nuntiarunt:
347 1753 357 1770 ι
386 1744 476 1778 Ερρο,
500 1745 648 1780 inquiunt,
673 1749 753 1772 natus
781 1750 824 1771 est
848 1744 925 1772 vobis

143 1790 222 1817 hodie
237 1790 373 1823 Salvator,
387 1791 432 1826 qui
445 1796 487 1818 est
502 1791 627 1818 Christus
645 1791 777 1818 Dominus
791 1811 798 1823 ,
817 1791 843 1818 in
859 1791 927 1818 civi-

144 1841 197 1863 tate
215 1835 308 1863 David.
319 1836 352 1863 Et
368 1837 420 1863 hoc
439 1837 491 1864 erit
504 1837 580 1864 vobis
596 1837 702 1871 signum
713 1837 738 1871 7
754 1845 761 1864 :
781 1835 927 1864 invenietis

143 1882 272 1909 infantem
289 1883 385 1916 pannis
398 1882 547 1909 involutum
562 1903 570 1915 ,
593 1887 620 1909 et
633 1883 750 1916 positum
771 1883 798 1909 in
824 1890 923 1917 praese-

143 1929 188 1963 pio
200 1929 234 1954 ¹“.
253 1928 338 1955 »Ειιιη
349 1929 479 1962 ejusmodi
495 1937 560 1963 ergo
578 1928 709 1956 Deiortus
723 1936 771 1963 per
786 1928 925 1963 Virginem

143 1974 289 2007 exstiterit,
308 1975 423 2009 talisque
442 1975 562 2009 ejusdem
578 1975 604 2001 in
626 1982 708 2002 carne
729 1975 925 2005 tnanil'estatio,

141 2021 276 2054 quomodo
299 2028 351 2048 non
370 2029 464 2056 magna
494 2021 615 2053 vanitas,
639 2028 768 2056 meroque
790 2021 927 2048 temeritas

140 2071 196 2098 est;
214 2065 267 2092 imo
280 2073 344 2093 vero
353 2067 486 2100 quomodo
502 2074 554 2093 non
577 2070 667 2100 aperta
680 2066 794 2099 insania,
808 2073 926 2093 merum-

142 2119 195 2147 que
218 2112 344 2139 delirium
372 2117 425 2145 est,
452 2117 505 2140 tam
536 2112 647 2144 illustri,
679 2117 786 2146 tamque
809 2112 925 2140 evidenti

143 2159 301 2186 oeconomia:
315 2159 477 2193 apparentia:
489 2167 585 2186 nomen
607 2159 745 2193 imponere
758 2159 769 2185 ?
783 2158 926 2186 Enimvero

143 2205 165 2231 si
181 2203 261 2231 Verbi
275 2204 426 2231 inearnatio
438 2204 535 2230 umbra.
547 2209 599 2237 est,
613 2209 660 2230 aut
677 2212 721 2231 res
737 2208 839 2230 tantutn
857 2203 925 2229 ima-

143 2249 257 2284 ginaria,
272 2257 322 2277 nec
335 2249 415 2282 Virgo
432 2257 495 2276 vere
508 2250 587 2276 enixa
600 2254 653 2281 est,
672 2257 737 2284 ergo
758 2257 845 2283 neque
856 2248 924 2276 Ver-

1015 286 1052 311 Z'.
1075 286 1129 312 Καὶ
1152 287 1176 312 εὶ
1198 286 1250 321 μέν
1273 295 1315 318 τις
1336 286 1422 312 ἕλοιτο
1445 285 1549 320 μακρὸν
1569 285 1613 319 ἐφ’
1633 285 1758 311 ’ἑκαστον
1777 282 1788 301 ⁸

982 332 1118 358 ποιεῖσθαι
1135 332 1224 366 λόγον,
1252 333 1299 359 καὶ
1323 332 1422 367 διαρκῆ
1437 332 1486 366 τὴν
1511 331 1641 365 βάσανον,
1658 331 1713 357 οὐκ
1732 329 1787 356 eb—

982 377 1135 412 αρίθμητον
1149 378 1198 412 μὲν
1212 378 1365 413 δαπανήσει.
1374 377 1480 412 χρόνον.
1491 376 1616 411 Δυσαχθῆ
1632 375 1661 402 δὲ
1676 375 1788 410 ἱδρῶτα

982 424 1028 450 καὶ
1041 424 1240 459 δυσδιὰφυκτον
1259 424 1388 455 ἀνατλὰς,
1405 423 1574 459 κατορθώσει
1590 422 1681 458 μόλις.
1703 422 1786 455 Παρ-

982 469 1057 501 έντες
1071 469 1103 504 δὴ
1118 467 1164 496 οὖν
1182 469 1213 496 τὸ
1229 470 1283 496 δεῖν
1298 469 1402 496 οἴεσθαι
1425 469 1518 504 μακρὰ
1533 468 1581 495 καὶ
1595 468 1704 502 σφόδρα
1717 475 1785 494 στε-

981 515 1129 550 νολεσχεῖν,
1151 515 1198 542 καὶ
1217 515 1311 550 ὀλίγην
1325 515 1424 550 κομιδῇ
1444 515 1498 550 τὴν
1518 515 1637 549 βάσανον
1666 513 1784 548 ἐπιρρο-

982 559 1110 592 πτοῦντες
1127 560 1246 594 ἑκάστῳ,
1279 561 1345 596 φέρε
1363 561 1489 595 λέγωμεν
1512 560 1559 587 καὶ
1581 559 1636 595 πρό
1657 567 1693 593 γε
1721 558 1782 585 τῶν

981 606 1069 633 ἄλλων
1081 607 1138 638 τοῖς
1157 607 1306 642 Δοχηταίς·
1333 616 1343 632 ι
1362 606 1518 639 Πλανᾶσθε,
1544 606 1583 640 μὴ
1605 605 1710 636 εἰδότες
1726 605 1782 636 τὰς

980 652 1000 678 Γ
1002 652 1102 687 ραφὰς,
1123 652 1192 687 μήτε
1216 651 1270 687 μὴν
1297 652 1328 678 τὸ
1348 652 1422 687 μέγα
1440 652 1489 686 τῆς
1508 651 1651 682 εὐσεϐείας
1668 651 1779 685 μυστὴ-

982 706 1050 732 ριον,
1060 698 1186 725 τουτέστι
1198 698 1326 733 Χριστὸν,
1339 698 1369 729 ὃς
1382 696 1543 732 ἐφανερώθη
1554 697 1583 723 ἐν
1608 697 1705 731 σαρκὶ,
1721 696 1779 722 ἐδι-

980 743 1086 778 καιώθη
1111 744 1141 770 ὲν
1163 744 1312 778 πνεύματι,
1333 743 1412 778 ὤφθη
1427 743 1565 777 ἀγγέλοις,
1583 742 1728 778 ἐκηρύχθη
1745 743 1778 768 ὲν

979 788 1095 822 ἔθνεσιν,
1115 789 1263 824 ἐπιστεύθη
1288 789 1318 816 ὲν
1343 789 1438 824 κόσμῳ
1452 808 1460 820 ,
1483 788 1623 823 ἀνελήφθη
1644 788 1673 814 ἐν
1698 788 1776 823 δόξῃ.

979 835 1039 860 Δεῖν
1058 834 1087 861 δὲ
1108 832 1186 870 οἶμαι
1207 835 1270 867 τοὺς
1290 835 1322 861 δι’
1349 835 1473 866 ἐναντίας
1496 835 1513 869 ἦ
1538 834 1629 868 ψῆφον
1655 833 1777 867 ἐπάγειν

977 881 1027 916 τὴν
1041 881 1140 916 αἰσχίω
1154 881 1211 912 τοῖς
1232 880 1328 913 πάλαι,
1349 881 1398 907 καὶ
1419 880 1603 916 ψευδηγόρους
1621 880 1778 906 ἀποκαλεῖν

978 926 1043 958 τοὺς
1064 926 1114 961 τῆς
1133 926 1298 962 οἰκουμένης
1325 926 1534 961 μυσταγωγοὺς,
1550 925 1591 958 οἷς
1620 926 1705 956 αὐτὸς
1721 925 1775 959 ἔφη

980 971 1115 1006 Χριστός·
1142 980 1151 997 ι
1171 971 1353 1007 Πορευθέντες
1392 972 1581 1007 μαθητεύσατε
1611 971 1705 998 πάντα
1739 970 1776 997 τὰ

979 1018 1054 1053 ἔθνη·
1072 1027 1081 1043 i
1106 1018 1122 1052 ἢ
1144 1018 1223 1053 εἴπερ
1244 1018 1324 1044 τοῦτο
1351 1019 1574 1053 καταπεφρῐκασι
1590 1018 1670 1053 δρᾷ-ν,
1703 1016 1776 1051 ὀρθὰ

980 1063 1029 1098 μὲν
1045 1063 1153 1090 ἑλέσθαι
1174 1065 1282 1098 φρονεῖν
1297 1065 1331 1090 τὰ.
1348 1065 1394 1090 ἐπὶ
1420 1063 1543 1100 Χριστῷ,
1558 1063 1722 1098 φράσαντας
1745 1062 1776 1088 δὲ

979 1109 1009 1135 τὸ
1023 1109 1161 1145 ἐρρῶσθαι
1177 1110 1232 1136 δεῖν
1247 1111 1307 1141 ταῖς
1327 1110 1402 1144 σφῶν
1416 1110 1506 1136 αὐτῶν
1520 1109 1666 1144 ἀμαθίαις,
1684 1108 1774 1142 ἀπρὶξ

980 1154 1029 1189 μὲν
1045 1154 1156 1189 ἔχεσθαι
1169 1155 1223 1181 τῶν
1247 1155 1327 1190 ἱερῶν
1343 1155 1530 1190 Γραμμάτων,
1546 1155 1596 1190 τὴν
1611 1154 1640 1181 δὲ
1660 1153 1775 1187 ἀπλανῆ

978 1200 1032 1227 τῶν
1054 1201 1141 1234 ἁγίων
1164 1201 1306 1235 διάγοντας
1326 1201 1419 1236 τρίϐον
1432 1220 1439 1233 ,
1466 1201 1511 1227 ἐπ’
1531 1199 1616 1235 αὐτὴν
1633 1199 1705 1226 ἰέναι
1721 1198 1774 1233 τὴν

978 1246 1117 1282 ἀλήθειαν.

1014 1334 1054 1361 H'.
1064 1335 1112 1369 Ετη
1125 1334 1180 1370 γὰρ
1197 1334 1230 1361 ἂν
1246 1334 1295 1369 οὺχ
1311 1334 1414 1370 ἕτερον,
1432 1331 1521 1368 οἶμαι,
1533 1333 1559 1360 τ).
1573 1333 1604 1358 τὸ
1618 1332 1669 1366 τῆς
1690 1329 1772 1357 εὐσεο

979 1379 1054 1412 Εείας
1080 1380 1270 1416 μυστήριον,ἢ
1297 1380 1379 1411 αὐτὸς
1402 1381 1469 1415 ἡμῖν
1484 1381 1497 1406 ὁ
1518 1379 1551 1405 ὲκ
1567 1377 1635 1404 Θεοῦ
1660 1377 1771 1411 Πατρδς

979 1425 1075 1460 Λόγος,
1094 1425 1124 1457 ὃς
1141 1424 1300 1459 ἐφανερώθη
1316 1425 1344 1450 ἐν
1360 1424 1460 1459 σαρκί·
1476 1423 1639 1458 γεγέννηται
1653 1422 1709 1455 γὰρ
1725 1421 1787 1447 διὰι

977 1474 1025 1509 τῆς
1039 1473 1119 1508 ἁγίας
1143 1472 1280 1508 Παρθένοιι
1302 1472 1348 1499 καὶ
1373 1471 1516 1503 Θεοτόκου,
1538 1469 1646 1506 μορφὴν
1671 1468 1771 1495 δούλου

977 1518 1079 1546 λαϐὼν.
1096 1519 1185 1554 Ὤφθη
1200 1519 1229 1545 δὲ
1248 1519 1294 1545 καὶ
1316 1518 1452 1552 ἀγγέλοις,
1467 1516 1492 1543 οἳ
1504 1515 1671 1551 γεννηθέντα
1683 1522 1772 1540 κατα-

978 1565 1136 1601 γεραίρουσι
1148 1573 1155 1580 ·
1171 1574 1180 1591 ι
1194 1563 1263 1596 Δόξα
1281 1573 1320 1596 τε,
1337 1563 1429 1598 φασὶν,
1444 1563 1472 1589 ὲν
1485 1561 1610 1597 ὑψίστοις
1631 1560 1704 1595 Θεῷ,
1722 1560 1771 1586 καὶ

979 1612 1026 1638 ἐπὶ
1039 1612 1090 1646 γῆς
1103 1611 1210 1647 εἰρήνη,
1220 1612 1249 1638 ὲν
1260 1610 1414 1646 ἀνθρώποις
1427 1609 1546 1636 εὐδοκία.
1560 1618 1570 1635 ι
1582 1608 1639 1636 Καὶ
1654 1607 1708 1644 μὴν
1720 1607 1772 1634 καὶ

978 1657 1034 1688 τοῖς
1049 1656 1161 1691 ποιμέσι
1179 1655 1430 1691 κατασημαίνοντες
1442 1654 1488 1681 τὸν
1504 1653 1537 1680 δι’
1549 1653 1622 1689 ἡμᾶς
1637 1653 1666 1678 ὲν
1684 1652 1773 1686 σαρκὶ

977 1701 1044 1728 Θεὸν
1054 1701 1152 1734 Λόγον,
1174 1709 1183 1726 ι
1202 1700 1268 1727 ’ἰδοὺ
1283 1700 1326 1734 δὴ,
1340 1699 1432 1734 φασὶν,
1450 1698 1583 1733 ἐγεννήθη
1600 1697 1666 1732 ὑμῖν
1682 1698 1771 1731 σήμε-

979 1754 1025 1781 ρον
1043 1745 1149 1780 Σωτὴρ,
1162 1745 1191 1776 ὃς
1208 1745 1267 1770 ἐστι
1281 1743 1399 1779 Χριστὸς
1412 1743 1524 1778 Κύριος,
1540 1743 1569 1768 ὲν
1581 1742 1657 1768 πόλει
1671 1739 1767 1767 deum.

978 1791 1032 1818 Καὶ
1041 1790 1120 1818 τοῦτο
1129 1791 1194 1826 ὑμῖν
1205 1790 1236 1817 τὸ
1250 1791 1364 1825 σημεῖον
1373 1798 1380 1804 ·
1397 1790 1536 1825 Εὐρήσετε
1548 1788 1649 1823 βρέφος
1659 1788 1769 1821 ἐσπαρ-

977 1836 1147 1872 γανωμένον,
1171 1836 1218 1863 καὶ
1235 1836 1362 1871 κείμενον
1384 1835 1413 1861 ὲν
1433 1835 1531 1870 φᾶτνῃ.
1551 1843 1560 1859 ›
1584 1833 1616 1859 Εἰ
1641 1831 1709 1858 Θεοῦ
1739 1831 1770 1857 δὲ

977 1882 1056 1913 τόκος
1070 1881 1114 1908 διὰ
1128 1881 1276 1917 παρθένου,
1296 1880 1344 1908 καὶ
1359 1881 1512 1915 φανέρωσις
1530 1879 1559 1905 ὲν
1584 1877 1677 1912 σαρκὶ,
1707 1876 1769 1906 πῶς

977 1928 1027 1955 οὐκ
1045 1927 1164 1963 ἀδρανὴς
1191 1926 1377 1962 είκαιομυθία,
1403 1927 1461 1957 πῶς
1487 1925 1515 1952 δὲ
1531 1925 1591 1960 οὐχὶ
1608 1923 1693 1959 μανία
1718 1922 1770 1949 καὶ

977 1973 1069 2008 λῆρος,
1083 1972 1114 1999 τὸ
1135 1973 1185 2007 τῆς
1198 1972 1334 2007 δοκήσεως
1347 1972 1433 2005 δνομα
1454 1969 1505 2004 τῆς
1520 1969 1592 1996 οὕτω
1609 1966 1714 2002 σαφοῦς
1734 1975 1767 1992 τε

978 2019 1024 2046 καὶ
1041 2017 1173 2054 ἐναργοῦς
1185 2017 1373 2052 καταγράφειν
1389 2015 1564 2051 οἰκονομίας;
1586 2014 1616 2040 Εἰ
1631 2013 1685 2048 γὰρ
1701 2012 1768 2038 σκιὰ

977 2065 1025 2092 καὶ
1048 2064 1160 2098 δόκησις
1188 2061 1233 2098 ἦν,
1254 2063 1301 2090 καὶ
1324 2061 1385 2089 οὔτε
1403 2061 1541 2097 σάρκωσις
1567 2058 1686 2094 άληθῶς,
1701 2057 1766 2084 οὔτε

979 2110 1032 2146 μὴν
1047 2109 1158 2136 τέτοκεν
1170 2109 1187 2144 ἡ
1214 2108 1362 2144 Παρθένος,
1379 2106 1429 2134 οὐκ
1444 2105 1593 2132 ἐπελάϐετο
1607 2104 1767 2139 σπέρματος

984 2155 1109 2191 Ἀϐραὰμ
1120 2157 1133 2182 ὁ
1145 2156 1177 2181 ὲκ
1190 2155 1258 2181 Θεοῦ
1270 2154 1377 2189 Πατρὺς
1390 2153 1486 2187 Λόγος,
1501 2153 1552 2187 οὐχ
1564 2150 1694 2186 ὡμοιώθη
1706 2150 1766 2180 τοῖς

977 2201 1111 2234 ἀδελφοῖς.
1126 2200 1194 2226 xm
1205 2204 1256 2220 ’³-³
1268 2199 1334 2234 γὰρ,
1343 2199 1373 2225 οὺ
1392 2199 1478 2230 τύπος
1505 2198 1540 2225 τὰ
1565 2197 1628 2224 καθ’
1641 2196 1727 2231 ἡμᾶς,
1746 2194 1764 2228 ἦ

977 2247 1098 2282 δόκησις·
1114 2246 1172 2274 ἀλλ’
1185 2251 1198 2265 ο
1214 2246 1333 2282 ὲσμὲνὲν
1342 2246 1466 2281 σώμασιν
1482 2246 1579 2276 ἁπτοῖς
1591 2252 1621 2270 τε
1638 2242 1686 2268 καὶ
1698 2242 1764 2276 ὁρα-

143 2294 221 2326 bum,
239 2295 309 2328 quod
329 2301 362 2321 ex
384 2294 438 2321 Deo
462 2293 543 2322 Patre
559 2294 670 2328 prodiit,
690 2302 782 2321 semen
808 2294 926 2321 Abrahtn

1005 2294 1050 2324 ιῖς,
1071 2292 1119 2319 καὶ
1139 2292 1187 2328 τὴν
1211 2291 1314 2327 γηγενῆ
1333 2291 1365 2326 δὴ
1389 2291 1601 2325 ταὺτην¹σάρκα
1623 2296 1764 2323 κατημφι-

142 2339 341 2372 apprehendit,
370 2346 458 2374 neque
481 2338 610 2366 fratribus
629 2338 809 2366 assimilatum
830 2343 872 2366 est
887 2338 922 2365 ’⁰.

976 2339 1095 2374 εσμένοι,
1111 2338 1158 2365 καὶ
1171 2337 1272 2373 φθορᾶς
1288 2337 1334 2365 καὶ
1349 2337 1442 2365 παθῶν
1459 2335 1615 2372 ἡττώμεθα.

141 2385 247 2413 Etenim
262 2394 322 2420 qua:
334 2386 360 2413 in
375 2387 451 2414 nobis
465 2391 626 2418 cernuntur,
639 2393 670 2413 ea
690 2393 740 2413 nec
760 2390 848 2420 typus,
866 2393 916 2412 nec
935 2387 1043 2419 umbra,
1059 2393 1107 2412 nec
1135 2390 1271 2420 spectrum
1295 2378 1367 2418 sunt,
1401 2385 1447 2412 sed
1465 2383 1575 2413 veritas,
1591 2387 1618 2410 et
1631 2389 1676 2409 res
1692 2381 1759 2414 ipsa.

144 2432 266 2460 Vivimus
287 2440 403 2467 namque
424 2433 450 2460 in
470 2433 629 2466 corporibus
643 2452 651 2464 ,
671 2440 732 2466 qua:
750 2436 779 2459 et
804 2432 875 2467 tangi
898 2437 925 2460 et
944 2432 1029 2460 videri
1065 2437 1193 2467 possunt;
1215 2436 1376 2466 terrenaque
1409 2438 1491 2458 carne
1519 2429 1619 2460 vestiti,
1641 2428 1762 2455 interitui

147 2478 308 2512 ueterisque
321 2479 495 2513 passionibus
513 2478 624 2513 subjecti
636 2485 740 2506 sumus.

177 2525 223 2552 ΙΧ.
244 2525 327 2560 Igitur
344 2526 365 2553 si
383 2526 428 2553 Dei
449 2525 565 2553 Verbum
581 2533 646 2553 caro
669 2525 768 2552 factum
790 2533 842 2553 non
860 2530 902 2552 est
916 2545 924 2557 ,

141 2579 202 2598 cum
229 2579 280 2598 nec
293 2572 318 2599 in
341 2579 374 2599 eo
387 2571 461 2606 quod
480 2571 619 2604 sustinuit,
646 2576 777 2598 tentatum
795 2571 849 2604 sit,
869 2579 921 2598 non

179 2650 303 2676 “Matth.
324 2649 450 2680 xxn.‘29.
506 2650 526 2664 ’θ’
556 2649 563 2676 l
595 2648 665 2676 Tim.
692 2657 734 2681 IN,
763 2650 806 2676 16.

141 2684 165 2700 ’⁸
179 2685 258 2711 llebr.
277 2693 305 2717 Il,
324 2686 367 2717 16,
384 2685 422 2711 17η

861 2649 881 2665 ’⁷
894 2648 988 2675 Matth.
1005 2655 1101 2680 xxvm,
1129 2648 1172 2675 l9.

1014 2527 1052 2551 (δ’.
1073 2525 1179 2552 Οὐκοῦν
1198 2525 1222 2551 εἰ
1236 2525 1273 2559 μὴ
1289 2525 1383 2559 γέγονε
1403 2524 1470 2559 σὰρξ
1489 2525 1503 2550 ὁ
1516 2523 1613 2557 Λόγος,
1625 2523 1685 2549 οὐδὲ
1697 2523 1725 2547 ὲν
1739 2518 1765 2555 ᾧ

979 2570 1112 2597 πέπονθεν
1137 2570 1217 2602 αὐτὸς
1242 2570 1411 2606 πειρασθεὶς,
1429 2570 1540 2596 δύναται
1558 2570 1615 2600 τοῖς
1634 2568 1759 2604 πειραζο-

1226 2648 1246 2663 η
1277 2647 1342 2675 Luc.
1360 2655 1389 2681 ιι,
1404 2647 1446 2674 ιι.
1505 2647 1525 2663 ιε
1553 2647 1618 2673 ibid.
1648 2647 1692 2679 ιι,
1716 2646 1758 2673 is.

682 2750 768 2778 Varia.-
780 2751 909 2779 lectiones
920 2753 1020 2780 codicis
1034 2752 1208 2787 chuicriuui.

179 2827 189 2846 ι
204 2829 318 2862 ἑκάστῳ.
357 2831 403 2847 m-I‘
423 2828 542 2860 ἴσως,οᾶ
561 2829 628 2854 σκιά,

673 2832 683 2843 τ’
702 2830 763 2855 σκιὰ
778 2831 829 2864 γὰρ
845 2830 902 2856 οὔτι
922 2840 971 2857 που

992 2831 1024 2857 1i
1044 2830 1100 2856 καθ’
1119 2831 1200 2864 ἡμᾶς,
1220 2830 1286 2856 ἀλλ’.
