1883 3056
83 180 167 208 1145

575 180 618 207 DE
637 179 751 208 RECTA
771 178 860 211 FIDE.
882 178 929 206 AD
948 179 1174 208 TllEODl)SlUM
1194 180 1263 208 ῙΜΡ.

1653 185 1720 213 lll6

83 237 190 271 μένοις
203 236 346 272 βοηθῆσαι.
359 237 427 264 Οὐδὲ
441 238 494 273 γὰρ
508 237 540 264 ἄν
554 247 579 265 τι
591 239 672 266 πάθοι
690 239 763 271 σκιὰ,
776 239 867 273 οἶχετα

936 244 1019 273 potest
1035 239 1069 267 iis
1084 240 1129 275 qui
1143 243 1282 267 tentantur
1295 246 1373 274 opem
1388 239 1471 268 ferre.
1489 240 1632 276 Siquidem
1648 244 1720 271 nulla

82 282 122 316 δὴ
142 281 194 308 οὖν
210 283 240 308 τὸ
255 282 366 317 σύμπαν
383 284 449 318 ἡμῖν
464 284 504 315 εἰς
517 284 547 310 τὸ
563 284 647 319 μηδὲν
669 285 787 320 ἀληθῶς.
804 285 884 310 Ποῖον

82 329 147 363 γὰρ
169 328 209 355 ἔτι
232 328 316 356 νῶτον
339 329 455 356 δέδωκεν
475 331 546 366 ὑπὲρ
563 331 656 366 ἡμῶν;
685 332 701 366 ἢ
724 332 802 358 ποίαν
827 333 884 362 τοῖς

83 374 208 401 παίουσι
224 376 342 411 παρειὰν
359 376 548 412 ὑποστρώσας,
565 378 634 413 πρὸς
647 378 696 410 τὰς
709 379 740 405 ἐκ
751 378 803 405 τῶν
821 378 884 405 ’1ου-

82 420 179 446 allow
197 421 368 457 διεκαρτέρει
392 421 516 458 πληγάς;
545 423 622 458 ἥλοις
644 424 672 450 δὲ
697 424 882 459 διαπεπόιρθαι

83 466 191 501 χεῖρὰς
204 475 234 493 τε
248 467 297 494 καὶ
311 467 394 500 πόδας
403 468 449 495 τὸν
463 468 512 495 οὐκ
523 469 551 495 ὲν
564 470 646 504 σαρκὶ
659 470 808 504 πεφηνότα,
822 470 882 496 τινα

84 511 123 546 δὴ
138 512 243 547 τρόπον
256 513 360 549 οἰηθείη
374 523 415 546 τις
429 515 479 547 av;
505 514 521 550 ἢ
539 515 628 547 ποίειν,
644 515 706 542 εἰπέ
724 524 781 551 μοι.
802 516 882 542 πλευ-

85 556 145 591 ρὰν
170 557 360 590 διανύττοντες
374 560 399 586 οἱ
427 559 545 587 Πιλάτου
559 560 714 596 δορυφόροι,
736 561 767 587 τὸ
791 561 881 596 τίμιον

83 599 165 638 αἷμα
179 604 380 637 συναναὸλύζον
389 605 466 631 ὕδατι
477 607 533 637 τοῖς
545 606 692 641 θεωμένοις
703 607 879 642 παρέδειξαν;

85 650 150 676 Καὶ
171 651 196 677 εί
212 650 264 686 χρὴ
283 651 386 678 τούτων
402 652 432 678 τὸ
445 652 573 678 ἐπέκεινα
586 652 687 686 λέγειν,
700 652 763 679 οὔτε
778 653 881 680 ἀπέθα-

83 704 136 722 νεν
153 696 226 732 ὑπὲρ
242 696 332 732 ἡμῶν,
353 696 416 723 οὔτε
436 698 488 733 μὴν
507 698 655 734 ἐγήγερται
666 699 679 724 ὁ
696 699 822 734 Χριστός.
842 696 880 727 Οὖ

82 741 312 776 παραδεχθέντος
334 743 375 774 εἰς
393 742 532 778 ἀλήθειαν,
556 743 705 770 κεκένωται
726 744 776 778 μὲν
799 745 815 779 ἠ
835 744 880 770 πί-

83 794 165 819 στις,
183 787 287 822 οἴχεται
305 787 333 814 δὲ
357 788 372 814 ὁ
391 789 548 823 σταυρὸς,ἡ
566 788 614 815 τοῦ
638 789 740 824 κόσμου
758 790 880 824 σωτηρία

84 832 138 858 καὶ
157 832 227 868 ζωὴ,
238 833 284 859 καὶ
298 833 405 860 διόλωλε
419 833 559 865 παντελῶς
576 836 593 870 ἡ
609 835 663 861 τῶν
680 836 709 861 ὲν
726 835 816 861 πίστει
832 844 879 861 κε-

83 879 271 913 κοιμημένων
283 879 370 911 ἐλπίς.
386 877 421 907 Εὖ
446 880 499 916 γὰρ
520 877 570 907 ὦδε
590 880 661 916 ἔχειν
676 882 762 907 ἐδόκει
782 882 828 908 καὶ
841 881 879 916 τῷ

85 923 224 958 μακαρίῳ
242 923 359 959 Παύλῳο
377 933 387 950 ι
402 925 553 961 Παρέδωκα
571 926 626 961 γὰρ
647 926 720 961 ὑμῖν,
737 927 831 961 φησιν,
849 927 878 952 ἐν

82 967 223 1002 πρώτοις,
246 968 261 995 ὃ
283 970 330 996 καὶ
353 970 518 1005 παρέλαϐον,
539 971 580 998 ὅτι
605 971 722 1006 Χριστὸς
743 972 878 998 ἀπέθανεν

83 1013 163 1048 ὑπὲρ
180 1013 236 1040 τῶν
262 1015 404 1051 ἁμαρτιῶν
423 1017 501 1052 ήμῶν
519 1017 588 1044 κατὰ
612 1017 661 1049 τὰς
685 1019 807 1053 Γραφὰς,
831 1019 878 1045 καὶ

81 1059 130 1085 ὅτι
146 1059 245 1095 ἐτάφη,
271 1061 319 1087 καὶ
344 1061 385 1087 ὅτι
409 1061 556 1097 ἐγήγερται
578 1064 612 1098 τῇ
634 1063 725 1098 ἡμέρᾳ
747 1065 780 1099 τῇ
799 1063 878 1098 τρίτῃ

83 1105 163 1131 κατὰ
181 1105 231 1138 τὰς
247 1106 368 1141 Γραφὰς,
395 1108 442 1134 καὶ
464 1108 504 1134 ὅτι
520 1108 597 1144 ὤφθη
623 1110 717 1144 Κηφᾷ,
739 1108 798 1136 εἶτα
821 1111 878 1141 τοῖς

83 1150 214 1177 δώδεκα·
232 1151 329 1178 ἔπειτα
344 1152 420 1188 ὤφθη
441 1153 534 1180 ἐπάνω
551 1155 739 1186 πεντακοσίοις
753 1156 878 1190 ἀδελφοῖς

83 1196 211 1230 ἐφάπαξ,
227 1198 256 1230 ὲξ
276 1195 313 1224 ὧν
332 1200 357 1225 οἱ
378 1199 488 1231 πλείους
505 1199 630 1234 μένουσιν
650 1200 702 1232 ἕως
717 1201 789 1235 ἄρτι,
807 1202 879 1233 τινὲς

82 1241 116 1268 δὲ
134 1244 183 1269 καὶ
200 1243 402 1279 ἐκοιμήθησαν·
417 1244 512 1271 ἔπειτα
531 1245 609 1280 ὤφθη
632 1245 762 1280 Ἰακώϐῳ,
782 1246 878 1273 ἔπειτα

84 1291 149 1321 τοῖς
167 1290 327 1323 ἀποστόλοις
342 1292 425 1318 πᾶσιν
435 1299 442 1307 ³
458 1292 571 1327 ἔσχατον
587 1292 615 1318 δὲ
634 1292 743 1319 πάντων
758 1292 878 1327 ὡσπερεὶ

83 1337 128 1371 τῷ
141 1338 308 1373 ἐκτρώματι,
321 1338 398 1374 ὤφθη
412 1339 505 1374 κάμοί.
522 1350 531 1365 ι
544 1339 599 1366 Καὶ
614 1339 673 1375 μεθ’
687 1339 768 1376 ἕτερα
781 1340 876 1366 πάλιν·

88 1392 100 1408 ι
121 1383 152 1409 Ιςί
169 1383 197 1410 δὲ
211 1384 329 1419 Χριστὸς
341 1385 519 1421 κηρύσσεται,
532 1385 573 1411 ὅτι
596 1386 628 1412 ὲκ
641 1385 746 1421 νεκρῶν
763 1386 879 1422 ἐγήγερ-

83 1436 145 1460 ται,
168 1429 226 1459 πῶς
244 1428 369 1463 λέγουσιν
386 1430 414 1456 ἐν
431 1429 495 1464 ὑμῖν
509 1439 594 1462 τινες,
614 1430 655 1456 ὅτι
671 1430 818 1462 ἀνάστασις
833 1439 878 1457 νε-

86 1473 165 1507 κρῶν
180 1474 229 1500 οὐκ
246 1474 339 1508 ἔστιν;
363 1475 387 1501 εἰ
401 1475 430 1502 δὲ
446 1475 597 1508 ἀνάστασις
611 1476 716 1511 νεκρῶν
729 1476 779 1503 οὐκ
793 1476 878 1508 ἔστιν,

83 1521 148 1547 οὐδὲ
163 1521 280 1556 Χριστὸς
293 1523 442 1557 ἐγήγερται
455 1530 462 1537 ·
483 1523 507 1548 εἰ
520 1522 548 1548 δὲ
565 1522 683 1559 Χριστὸς
695 1522 745 1549 οὑκ
760 1523 878 1559 ἐγήγερ-

936 286 962 313 in
978 286 1100 313 umbram
1125 286 1215 320 passio
1230 286 1329 313 cadere
1354 291 1451 320 potest.
1473 293 1555 322 atque
1572 289 1608 315 ita
1626 290 1716 316 omnia

934 339 993 366 qum
1006 331 1100 359 salutis
1120 336 1220 358 nostra:
1234 339 1314 358 causa
1332 331 1401 359 facta
1423 338 1496 364 sunt,
1512 341 1576 361 vere
1604 335 1629 361 in
1648 335 1721 361 nibi—

934 378 988 405 lum
1005 377 1136 414 recident.
1150 376 1216 403 Nam
1230 377 1308 412 quale
1325 377 1448 410 dorsum,
1464 387 1568 412 qtmso,
1581 388 1629 414 pro
1641 381 1722 408 nobis

933 413 1088 449 exedendum
1114 422 1227 456 pnebuit
1247 423 1294 449 “l
1317 427 1363 450 aut
1384 424 1479 458 quales
1506 413 1720 459 percutientibus

932 468 1166 502 genascxhibuit?
1184 473 1230 494 aut
1256 469 1392 502 quomodo
1414 470 1447 497 ad
1478 470 1632 498 Iudaeorum
1661 480 1720 499 ver-

933 513 995 540 bera
1015 513 1121 540 fortiter
1135 513 1278 548 perstitit?
1310 519 1358 541 aut
1386 515 1536 549 cuiusmodi
1561 525 1656 544 manus
1673 523 1720 546 aut

932 559 1014 594 pedes
1027 559 1112 586 clavis
1129 560 1237 593 pervios
1254 560 1346 587 habuit
1363 561 1374 587 ?
1394 566 1439 588 aut
1458 562 1537 596 quale
1551 562 1621 590 latus
1639 563 1718 591 Pilali

932 605 1063 632 satellites
1094 605 1277 640 perfodientes
1303 607 1453 640 pretiosum
1483 609 1642 643 sanguinem
1665 619 1718 639 una

931 659 992 678 cum
1009 658 1076 685 aqua
1099 651 1225 678 fluentem
1244 653 1420 680 cernentibus
1435 655 1612 689 ostenderunt
1626 656 1649 670 ²¹
1664 656 1719 684 ?Et

930 701 960 723 ut
978 696 1019 723 his
1038 696 1153 730 amplius
1173 697 1300 732 quiddam
1323 699 1409 724 dicam
1428 706 1436 725 :
1453 699 1506 726 Nec
1531 708 1593 727 vere
1612 709 1718 735 quoque

930 750 978 777 pro
992 743 1068 769 nobis
1080 748 1193 770 mortem
1209 744 1321 778 oppetiit
1337 744 1462 772 Christus
1476 745 1614 778 Dominus,
1631 754 1718 780 neque

929 794 960 814 ex
970 787 1082 814 mortuis
1090 788 1273 815 exsuscitatus
1282 793 1331 815 est.
1343 789 1642 822 llocantemcoucesso,
1651 792 1717 818 ﬁdes

930 837 1021 860 nostra
1047 833 1124 867 plane
1145 834 1306 868 evanescit;
1333 836 1366 861 ad
1394 836 1451 863 hinc
1475 844 1540 863 crux
1555 857 1562 869 ,
1594 845 1654 872 quis
1675 843 1716 865 est

931 880 1023 906 mundi
1047 878 1121 906 salus
1146 884 1173 906 et
1197 879 1250 905 vita
1269 899 1277 911 ,
1303 881 1416 912 interit;
1438 882 1530 909 interit
1553 883 1668 917 denique
1689 888 1716 910 et

931 925 1054 952 universa
1070 933 1177 960 quoque
1194 925 1300 952 illorum
1332 926 1429 953 liducia
1455 927 1499 961 qui
1525 928 1551 954 iu
1575 928 1626 955 [ille
1652 929 1716 956 dor-

931 971 1058 997 mierunt.
1080 971 1137 998 lloc
1155 978 1270 1005 namque
1290 976 1364 998 recte
1388 973 1449 999 hinc
1471 974 1617 1008 consequi.
1633 979 1661 1001 ct
1675 976 1715 1002 di-

929 1017 991 1042 vino
1007 1025 1112 1051 quoque
1128 1016 1210 1044 Paulo
1221 1017 1307 1043 vismu
1325 1017 1395 1051 fuit;
1409 1018 1446 1045 ait
1461 1026 1577 1053 namque
1591 1027 1598 1045 :
1614 1028 1623 1045 ι
1644 1020 1714 1047 Tra—

929 1062 982 1087 didi
997 1062 1068 1088 enim
1082 1063 1157 1088 vobis
1172 1062 1198 1088 in
1215 1061 1320 1095 primis,
1336 1063 1407 1096 quod
1424 1068 1451 1089 et
1464 1064 1554 1098 accepi
1567 1072 1574 1090 :
1587 1065 1713 1099 quoniam

929 1107 1052 1135 Christus
1079 1112 1202 1134 mortuus
1228 1112 1271 1135 est
1290 1115 1338 1142 pro
1348 1109 1466 1142 peccatis
1491 1110 1592 1137 nostris
1618 1118 1715 1138 secun-

929 1155 990 1181 dmn
1003 1153 1172 1187 Scripturas;
1196 1158 1224 1180 et
1242 1155 1305 1188 quia
1330 1154 1452 1188 sepultus
1474 1160 1533 1187 est,
1550 1159 1577 1182 ct
1595 1156 1656 1190 quia
1668 1164 1713 1183 re-

929 1201 1048 1227 surrexit
1073 1200 1151 1226 tertia
1171 1199 1215 1227 die
1238 1200 1386 1227 secundum
1413 1200 1585 1236 Scripturas;
1605 1202 1713 1236 ct_qnia

929 1247 1002 1273 visus
1018 1251 1058 1273 est
1068 1246 1176 1281 Cephea,
1188 1252 1216 1274 et
1230 1251 1290 1281 post
1303 1247 1355 1274 hoc
1368 1247 1492 1274 undecim
1506 1257 1513 1275 :
1526 1248 1622 1276 deinde
1639 1250 1715 1277 visus

928 1297 970 1318 est
985 1291 1125 1326 plusquam
1138 1292 1293 1326 quingentis
1308 1291 1439 1319 fratribus
1452 1292 1551 1326 simul;
1566 1300 1598 1319 ex
1610 1293 1711 1326 quibus

929 1337 1004 1364 niulti
1024 1341 1134 1364 manent
1151 1344 1237 1371 usque
1253 1337 1351 1368 adhuc,
1366 1337 1474 1372 quidam
1487 1343 1577 1365 autem
1597 1339 1714 1366 dormie-

928 1388 1016 1410 runt:
1034 1382 1132 1409 deinde
1154 1381 1227 1409 visus
1257 1387 1298 1410 est
1326 1387 1353 1409 et
1374 1381 1496 1416 Jacobo,
1527 1383 1623 1411 deinde
1649 1392 1714 1418 apo-

929 1427 1006 1455 stolis
1016 1427 1142 1454 omuibus
1158 1435 1165 1453 z
1180 1426 1327 1454 novissime
1342 1431 1432 1454 autem
1447 1427 1567 1454 omnium
1585 1433 1712 1462 tanquam

930 1471 1056 1509 abortivo
1073 1471 1147 1499 visus
1161 1475 1203 1498 est
1224 1475 1252 1498 et
1275 1471 1340 1498 mihi
1361 1471 1395 1499 ".
1420 1481 1430 1497 ›
1458 1471 1491 1498 Ει
1515 1473 1608 1506 paucis
1630 1473 1713 1499 inter-

927 1519 1026 1555 iectis:
1047 1527 1056 1544 ι
1083 1517 1112 1545 Si
1137 1521 1227 1545 autem
1246 1516 1372 1544 Christus
1397 1517 1560 1552 praedicatur
1588 1518 1617 1553 8
1640 1518 1712 1553 quod

83 1576 145 1598 ται.
164 1567 242 1594 κενὸν
268 1567 321 1604 ἄρα
343 1567 374 1594 τὸ
391 1569 521 1603 κήρυγμα
544 1557 724 1604 ἡμῶν.’Κενὴ
742 1569 771 1596 δὲ
788 1557 834 1596 καὶ
848 1557 867 1596 -θ

936 1564 1108 1594 -οςυι-τοιιίιιι
1131 1564 1258 1596 mortuis,
1285 1563 1420 1598 quomodo
1445 1565 1553 1599 quidam
1574 1565 1669 1592 dicunt
1686 1565 1712 1591 in

85 1615 179 1646 πίστις
194 1614 282 1650 ἡμῶν,
296 1614 482 1650 εὑρισκόμεθα
495 1615 523 1641 δὲ
535 1614 582 1641 καὶ
593 1614 814 1651 ψευδομάρτυρες
827 1616 873 1642 τοῦ

84 1659 166 1692 Θεοῦ,
176 1659 217 1686 ὅτι
232 1660 465 1695 ἐμαρτυρήσαμεν
480 1660 551 1687 κατὰ
564 1660 610 1686 τοῦ
625 1659 704 1693 Θεοῦ,
721 1661 762 1687 ὅτι
779 1662 873 1697 ἧγειρε

84 1703 133 1731 τὸν
147 1705 272 1740 Χριστὸν,
290 1704 319 1731 ὃν
341 1706 391 1732 οὐκ
407 1706 530 1741 ἤγειρεν,
550 1705 630 1741 είπερ
647 1705 702 1741 ἄρα
715 1707 807 1741 νεκροὶ
824 1707 874 1734 οὐκ

85 1749 246 1786 ἐγείρονται.
266 1760 275 1776 ι
292 1751 408 1787 Τεθναίη
423 1750 478 1786 γὰρ
492 1750 536 1784 ἂν,
546 1751 607 1778 εἰπέ
620 1759 675 1785 μοι,
689 1751 750 1777 τίνα
763 1751 795 1787 δὴ
810 1751 873 1787 τρό-

85 1803 137 1822 πον
152 1796 168 1830 ή
185 1795 264 1829 σκιά;
280 1796 339 1828 πῶς
353 1794 401 1823 οὖν
416 1796 550 1831 ἀνέστησε
563 1796 609 1824 τὸν
623 1797 740 1831 Χριστὸν
751 1798 764 1823 ὁ
779 1797 874 1832 Πατὴρ

87 1843 166 1869 σκιὰν
177 1843 242 1870 ὄντα
259 1844 306 1870 καὶ
329 1843 451 1878 δόκησιν,
472 1843 520 1870 καὶ
542 1843 599 1874 τοῖς
620 1842 668 1869 τοῦ
693 1842 809 1869 θανάτου
830 1843 874 1869 δε-

87 1890 166 1923 σμοῖς
179 1888 228 1924 οὐχ
244 1888 397 1924 ἁλώσιμον;
412 1888 532 1924 Οίχέσθω
546 1889 578 1924 δὴ
593 1886 640 1916 οὖν
653 1890 668 1915 ὁ
681 1890 792 1916 ἐκείνων
807 1890 872 1925 ἐμε-

85 1933 142 1965 τὸς,
159 1933 244 1968 μύθου
259 1934 287 1961 δὲ
302 1934 400 1966 ἄλλως,
419 1934 466 1960 καὶ
490 1933 599 1960 ἀνοσίου
625 1933 724 1969 βουλῆς
747 1935 871 1970 ἀποδρά-

86 1989 176 2016 σματα
195 1981 229 2007 τὰ
243 1981 307 2016 παρ’
328 1981 419 2012 αὐτοῖς
433 1986 447 2005 Ρ
459 1980 611 2015 ἡγούμεθα.
627 1980 696 2012 Τοὺς
711 1980 765 2015 γὰρ
782 1981 871 2007 τοιού-

85 2035 148 2058 τους
170 2027 236 2062 ἡμῖν
263 2026 487 2062 προκαταμηνύει
511 2026 624 2061 γράφων
648 2026 695 2052 τοῦ
710 2027 838 2062 Σωτῆρος
856 2028 869 2054 ό

88 2072 219 2108 μαθητής·
237 2081 246 2098 ι
266 2073 326 2100 Ὅτι
338 2072 429 2099 πολλοὶ
442 2072 664 2108 ψευδοπροφῆται
676 2072 869 2107 ἐξεληλύθασιν

87 2120 127 2151 εἰς
143 2119 186 2145 τὸν
209 2119 319 2154 κόσμον.
345 2119 389 2146 Ἐν
409 2119 496 2154 τούτῳ
518 2119 680 2153 γινώσκεται
699 2119 730 2145 τὸ
757 2119 869 2154 Πνεῦμα

86 2165 133 2192 τοῦ
149 2165 224 2193 Θεοῦ.
248 2166 305 2192 Πᾶν
325 2165 431 2200 πνεῦμα
447 2165 461 2191 ὃ
475 2165 601 2200 ὁμολογεῖ
631 2164 734 2200 Ἰησοῦν
750 2165 868 2201 Χριστὸν

86 2213 115 2238 ἐν
138 2211 217 2246 σαρκὶ
240 2211 398 2246 ἐληλυθότα,
427 2212 459 2237 ὲκ
478 2210 524 2237 τοῦ
554 2210 623 2237 Θεοῦ
651 2211 719 2237 ἐστι.
736 2211 789 2237 Καὶ
811 2211 866 2237 πᾶν

925 1613 1014 1645 vobis,
1039 1610 1167 1646 quoniam
1191 1609 1356 1637 resurrectio
1380 1614 1549 1637 mortuorum
1572 1618 1624 1638 non
1645 1611 1712 1638 est?

925 1662 974 1690 Sin
989 1665 1081 1688 autem
1094 1659 1259 1686 resurrectio
1275 1663 1443 1685 mortuorum
1462 1667 1512 1685 non
1541 1663 1601 1689 est,
1626 1666 1714 1693 neque

924 1708 1049 1736 Christus
1064 1706 1226 1733 resurrexit.
1241 1704 1269 1732 Si
1295 1709 1385 1732 autem
1401 1704 1527 1732 Christus
1550 1713 1602 1732 non
1620 1713 1712 1732 resur-

924 1754 1006 1785 rexit,
1033 1753 1121 1779 inanis
1139 1755 1181 1778 est
1200 1751 1359 1784 przedicalio
1377 1757 1468 1778 nostra
1480 1771 1488 1783 ,
1506 1751 1594 1779 inanis
1619 1756 1661 1778 est
1684 1756 1712 1778 ct

924 1799 990 1826 ﬁdes
1006 1802 1118 1828 nostra;
1136 1796 1291 1823 invenimur
1316 1801 1407 1823 autem
1422 1801 1449 1823 et
1471 1796 1530 1824 falsi
1555 1800 1637 1824 testes
1651 1797 1710 1829 Βιτί,

922 1843 1052 1878 quoniam
1064 1841 1249 1869 testimonium
1260 1841 1376 1869 diximus
1389 1843 1521 1869 adversus
1530 1841 1624 1874 Deum,
1638 1844 1711 1878 quod

922 1889 1096 1917 suscitaverit
1129 1888 1289 1920 Christum,
1311 1896 1390 1923 quem
1416 1896 1468 1916 non
1497 1889 1659 1920 suscitavit.
1687 1889 1715 1917 sit

922 1935 1021 1962 mortui
1037 1942 1089 1961 non
1111 1938 1254 1968 resurgunt
1274 1933 1307 1961 “.
1329 1943 1337 1959 ι
1355 1933 1405 1961 llic
1427 1941 1477 1968 ego
1497 1933 1552 1968 jam
1573 1938 1599 1961 te
1626 1934 1710 1961 inter-

924 1988 1009 2015 rogo:
1025 1978 1183 2014 Ecquonam
1200 1978 1280 2005 modo
1294 1980 1388 2005 umbra
1408 1979 1563 2006 moriatur?
1582 1987 1636 2014 quo
1651 1987 1711 2008 rur-

894 2019 897 2022 ’
920 2033 979 2053 sum
997 2030 1077 2060 pacto
1096 2024 1216 2052 eccleslis
1231 2024 1314 2051 Pater
1330 2024 1467 2052 Christum
1490 2025 1524 2052 ad
1545 2025 1628 2052 vitam
1659 2033 1704 2053 re-

920 2071 1039 2103 vocavit,
1053 2070 1141 2105 utqui
1157 2070 1279 2102 quaedam
1295 2073 1400 2097 tantum
1417 2071 1511 2098 umbra
1526 2077 1554 2099 et.
1576 2080 1624 2099 rex
1641 2073 1710 2099 ima-

918 2117 1042 2153 ginaria,
1066 2124 1126 2151 quae
1150 2116 1247 2144 mortis
1279 2117 1400 2144 vinculis
1423 2117 1483 2152 capi
1507 2125 1559 2145 non
1595 2123 1684 2153 potest
1699 2139 1706 2151 ,

918 2163 1079 2191 exstiterit?
1099 2162 1246 2190 Facessant
1258 2162 1372 2197 proinde
1382 2163 1565 2191 istiuscemodi
1582 2163 1688 2198 ineptia:
1699 2185 1710 2197 ,

919 2209 1078 2237 insanorum
1099 2208 1180 2243 plane
1209 2208 1385 2236 consiliorum
1408 2214 1436 2236 et
1458 2208 1609 2236 fabularum
1632 2210 1710 2237 ebul-

87 2255 192 2290 πνεῦμα
215 2255 229 2282 ὃ
251 2256 289 2291 μὴ
312 2255 438 2291 ὁμολογεῖ
459 2256 503 2282 τὸν
531 2256 645 2290 Ἰησοῦν,
672 2257 704 2282 ἐκ
730 2255 778 2282 τοῦ
800 2256 866 2282 Θεοῦ

936 2256 1030 2282 imenta
1053 2254 1124 2281 dicta
1149 2253 1258 2281 illorum
1275 2254 1418 2281 habemus.
1444 2254 1600 2288 llujusmodi
1623 2263 1709 2288 nuga-

85 2303 134 2329 οὐκ
154 2301 219 2330 ἐστι.
244 2303 300 2329 Καὶ
325 2302 404 2329 τοῦτό
432 2303 490 2329 ἐστι
515 2303 546 2328 τὸ
569 2302 615 2329 τοῦ
645 2302 828 2338 ’Λντιχρῖστου
853 2303 868 2329 ὃ

86 2349 228 2384 ἀκηκόατε,
244 2349 284 2375 ὅτι
303 2348 422 2384 ἔρχεται,
438 2349 484 2375 καὶ
509 2348 556 2375 νῦν
572 2349 600 2375 ὲν
627 2348 665 2383 τῷ
682 2348 777 2384 κόσμῳ
794 2349 867 2375 ἐστὶν

86 2395 144 2429 ἠδη.
161 2395 190 2420 Εἰ
206 2394 258 2429 γὰρ
276 2395 312 2430 μὴ
333 2394 444 2429 γέγονεν
463 2394 617 2429 ἄνθρωπος,
635 2394 704 2429 μήτε
722 2393 775 2429 μὴν
800 2395 867 2421 ἀνα-

86 2440 196 2475 ϐέϐηκεν
210 2441 239 2466 ὲν
253 2440 336 2474 σαρκὶ
359 2436 426 2476 πρὸὲ
442 2440 487 2466 τὸν
503 2440 532 2466 ὲν
546 2440 670 2475 οὐρανοῖς
690 2440 797 2475 Πατέρα
821 2439 869 2466 καὶ

86 2486 157 2518 Θεὸν,
175 2486 228 2513 οὐδ’
240 2486 273 2513 ἂν
286 2486 444 2522 ὑποστρέψῃ
457 2486 487 2519 ἐξ
505 2487 620 2522 οὐρανοῦ
642 2487 703 2514 καθ’
719 2486 804 2521 ἡμᾶς,
822 2486 868 2513 ἄν·

86 2532 187 2568 θρωπος
200 2532 321 2567 δηλονότι
339 2532 385 2559 καὶ
400 2533 429 2559 ἐν
445 2533 536 2568 σαρκί.

918 2306 990 2328 tores
1016 2300 1170 2327 exorituros
1205 2299 1319 2327 dilectus
1347 2299 1498 2327 Salvator-is
1520 2301 1606 2328 nostri
1624 2300 1706 2328 disci-

918 2347 996 2382 pulus
1021 2353 1069 2373 nos
1090 2350 1152 2372 ante
1166 2345 1350 2379 praemonuit:
1380 2354 1389 2371 ι
1413 2345 1568 2379 Quoniam,
1596 2346 1705 2381 inquit,

919 2391 995 2419 multi
1012 2390 1251 2426 pseudoprophetis
1264 2391 1391 2418 exierunt
1409 2391 1435 2418 in
1453 2391 1593 2418 mundum.
1609 2391 1638 2418 ln
1654 2392 1707 2419 hoc

918 2437 1092 2472 cognoscitur
1107 2435 1225 2470 Spiritus
1236 2436 1284 2464 Dei
1304 2446 1310 2463 :
1326 2437 1422 2464 Omnis
1435 2437 1546 2471 spiritus
1561 2437 1606 2471 qui
1625 2437 1705 2464 conli'

919 2488 992 2510 tetur
1013 2482 1107 2510 Jesum
1127 2482 1265 2509 Christum
1288 2482 1315 2509 in
1343 2490 1426 2509 carne
1441 2482 1564 2515 venisse,
1586 2491 1620 2510 ex
1651 2482 1706 2510 Deo

917 2533 976 2561 cst;
1003 2533 1031 2556 et
1055 2528 1143 2555 omnis
1162 2527 1272 2562 spiritus
1299 2528 1343 2562 qui
1370 2528 1450 2556 solvit
1469 2528 1579 2561 Jesmn,
1596 2537 1630 2556 ex
1653 2529 1706 2556 Deo

87 2588 134 2607 non
158 2585 209 2607 est.
247 2580 280 2608 Et
315 2581 358 2609 hic
383 2581 584 2613 Autiehristus,
614 2581 647 2608 de
675 2588 729 2616 quo
752 2578 876 2610 audistis,
894 2577 1024 2612 quoniam
1052 2575 1139 2608 venit,
1155 2581 1183 2602 et
1200 2576 1311 2603 nuncin
1331 2576 1431 2604 nmndo
1450 2577 1538 2604 est".
1558 2587 1567 2604 ι
1588 2576 1615 2604 Si
1633 2577 1704 2604 enim

86 2635 138 2664 ipse
170 2633 248 2655 natus
264 2636 315 2655 non
348 2633 400 2661 est,
440 2636 526 2663 neque
564 2635 645 2654 carne
666 2627 775 2653 indutus
809 2626 842 2653 ad
871 2624 1011 2652 cmlestem
1041 2622 1147 2649 l‘atrem
1173 2627 1201 2650 et
1229 2623 1312 2650 Dcnm
1338 2623 1481 2657 ascendit;
1513 2631 1600 2659 neque
1625 2625 1705 2652 homo

87 2679 185 2706 quoque
219 2672 331 2706 perinde
358 2680 391 2700 ac
405 2680 453 2700 nos
482 2680 563 2700 carne
574 2671 686 2699 vestitus
695 2671 728 2698 de
742 2670 820 2698 ctelis
847 2669 911 2697 olim
933 2674 1092 2695 reversurus
1108 2671 1160 2694 est.

119 2753 136 2768 τ’
149 2752 198 2779 Isa.
217 2761 242 2785 L,
255 2753 282 2779 6.
321 2753 343 2769 ¹²
355 2753 432 2780 Joan.
454 2761 509 2786 χιι,
528 2753 572 2780 5L
613 2753 635 2768 ³³
648 2753 655 2779 Ι
670 2752 734 2779 Cor.
749 2759 794 2785 xv,
808 2751 869 2778 5-8.

914 2751 938 2767 ¹¹⁶
958 2751 1022 2778 ibid.
1041 2751 1131 2778 'l‘lrlb'.

1171 2751 1193 2766 ²⁵
1213 2749 1221 2776 l
1237 2748 1315 2776 Joau.
1332 2756 1368 2782 Iv,
1386 2748 1440 2776 1-5.

619 2819 704 2846 Variae
716 2819 843 2847 lectiones
859 2818 958 2846 codicis
971 2817 1147 2853 Seguicriani.

121 2893 133 2912 ν
143 2887 258 2914 ἐκείνων.
