1883 3056
100 192 174 222 ιιιο

96 250 212 277 παθῶνι
228 250 284 276 οὔτ’
301 251 334 276 ἂν
349 251 364 285 ἡ
380 250 485 285 φθαρτή
498 259 526 276 τε
541 251 586 277 καὶ
603 252 782 287 ἀλλοιουμένη
797 254 889 286 φύσις,

97 296 243 322 τουτέστιν
266 296 282 330 ἡ
308 297 436 329 γεννητὴ,
450 296 699 330 καταπλουτήσειεν
716 297 748 323 ἂν
773 298 889 332 οὑσιώδη

97 341 153 376 ’τὴν
166 341 308 377 ἀτρεψίαν,
341 340 394 367 οὐδ’
421 341 455 367 ἂν
474 341 639 376 ὲπαυχήσειε
662 343 717 373 τοῖς
742 345 791 377 τῆς
815 343 889 374 θείας

99 387 212 420 φύσεως
226 387 348 420 ἀγαθοῖς,
365 387 403 416 ὡς
421 387 507 418 ἰδίοις,
522 389 538 421 ἡ
561 387 660 419 κτίσις·
676 388 822 415 ἀκούσεται
836 390 890 424 γὰρ

100 434 234 467 εὐλόγως·
253 444 261 458 ι
272 434 304 460 Ti
312 434 366 467 γὰρ
376 433 446 467 ἔχεις
457 433 470 459 ὃ
486 434 535 460 οὐκ
546 434 659 467 Elatiae;
674 445 682 459 ι
701 435 762 461 Ὅτι
772 436 800 462 δέ
817 436 890 462 ἐστιν

100 479 238 514 ἄτρεπτος
250 479 299 514 μὲν
316 479 362 505 καὶ
373 479 554 511 ἀναλλοίωτος
565 481 704 512 παντελῶς
745 481 791 507 τοῦ
803 482 889 515 Λόγου

100 525 195 559 φύσις,
213 524 344 559 ἀλλοιωτὴ
359 524 386 550 δὲ
400 524 490 558 πάντη
502 525 518 559 ἡ
532 525 643 560 γενητὴ,
661 526 832 561 καταθρήσαι
848 536 890 559 τις

99 571 135 597 ἂν
155 571 201 598 καὶ
216 571 276 597 λίαν
296 570 425 602 εὐκόλως,
439 571 676 605 ἁναμελῳδοῦντος
694 572 724 597 ἐν
747 573 889 607 Πνεύματι

100 616 152 643 τοῦ
168 616 302 652 μακαρίου
315 615 396 642 Δαυῖδ
405 624 412 630 ·
432 626 441 640 ‹
452 617 485 642 Οἱ
496 615 607 651 οὐρανοὶ
624 616 798 649 ἀπολοῦνται,
816 617 847 643 σὺ
861 617 890 644 δὲ

101 662 260 697 διαμένεις·
276 663 324 690 καὶ
337 665 438 696 πάντες
454 664 492 696 ὡς
515 666 624 701 ἱμάτιον
642 666 888 701 παλαιωθήσονται,

102 708 152 734 καὶ
167 709 233 735 ὡσεὶ
260 711 434 745 περιϐόλαιον
451 711 547 745 ἑλίξεις
567 713 677 744 αὐτοὺς,
698 713 745 739 καὶ
771 713 888 747 ἀλλαγήι

103 762 198 780 σονται
208 763 214 768 ·
231 755 263 781 σὺ
278 756 306 782 δὲ
325 757 339 782 ὁ
354 757 436 788 αὐτὸς
452 755 486 790 εἴ,
500 758 548 784 καὶ
561 758 596 784 τὰ
610 758 656 794 ἔτη
674 767 720 785 σου
736 759 787 785 οὐκ
801 759 890 785 ἐκλεί-

100 799 194 833 ψουσι.
214 810 223 826 ι
240 801 295 827 Ποῦ
310 802 455 837 τοιγαροῦν
475 804 629 838 μεμένηκεν
645 805 659 830 ὸ
679 804 761 835 αὐτὸς
775 804 816 830 ἔτι
830 806 844 831 ὁ
858 806 890 830 ἐκ

101 844 172 871 Θεοῦ
198 846 295 879 Λόγος,
320 847 401 882 εἴπερ
416 848 490 874 ἐστὶν
516 849 614 882 ἀληθὲς
631 850 728 880 εἰπεῖν,
741 849 781 876 ὃτι
799 850 890 884 μεθεὶς

100 891 134 918 τὸ
148 892 350 928 ὲρηρεισμένως
361 902 390 920 τε
404 895 454 920 καὶ
462 894 617 929 ἀκλονήτως
630 894 710 929 ἔχειν,
721 895 889 929 καταπεφοῑ-

101 945 171 971 τηκε
192 938 241 972 μὲν
253 939 292 970 εἰς
307 939 376 974 ὅπερ
388 939 438 965 οὐκ
454 937 498 974 ἦν,
521 940 738 975 μεταπεποίηται
750 940 778 967 δὲ
792 941 838 967 καὶ
852 941 892 972 εἰς

102 984 206 1018 σαρκὸς
225 983 317 1018 φύσιν,
334 985 380 1011 καὶ
396 985 436 1014 εἰς
447 986 478 1011 τὸ
496 985 657 1021 φθείρεσθαι
671 985 809 1020 πεφυκὸς;
826 984 888 1021 Ἀρ*

99 1028 150 1056 οὖν
163 1031 223 1065 οὐχὶ
233 1031 315 1066 λῆρός
328 1040 356 1058 τε
377 1031 427 1066 ἤδη
439 1031 486 1058 καὶ
502 1032 584 1067 μανία
599 1032 695 1065 ταυτί,
711 1032 800 1059 καίτοι
830 1032 889 1063 πῶς

99 1074 136 1101 ἂν
149 1076 295 1102 ἐνδοιάσειέ
314 1085 357 1107 τις
374 1086 381 1109 ;

583 193 626 220 DE
646 194 760 222 IIECTA
782 194 868 228 FIDE,
890 195 935 222 AD
955 195 1174 223 TIIEUDOSIUM
1197 195 1266 223 IMP.

1658 198 1727 227 “50

942 253 1066 287 pulsione
1077 258 1154 280 extra
1167 254 1283 288 propriae
1292 253 1448 281 stabilitatis
1462 253 1564 280 limites
1579 253 1726 288 aliquando

941 299 1153 331 exturbabitur;
1174 307 1260 333 neque
1277 299 1461 334 corruptibilis
1483 307 1590 326 rursum
1607 304 1634 326 et
1656 299 1725 326 alte-

943 344 1034 370 rahilis
1050 349 1157 375 natura,
1177 344 1227 370 hoc
1244 349 1287 371 est
1309 350 1413 377 creata,
1434 345 1608 371 essentialem
1628 345 1725 370 immn-

941 389 1102 416 tabilitatem
1133 391 1295 424 quandoque
1325 390 1513 424 adipiscetur;
1548 398 1635 424 neque
1673 391 1725 416 ulla

940 436 1049 463 omnino
1066 443 1192 462 creatura
1207 436 1306 462 divina:
1323 441 1426 462 natura:
1442 435 1520 462 bouis
1547 436 1630 462 veluti
1657 443 1721 469 pro—

940 482 1007 516 priis
1035 481 1182 515 aliquando
1204 482 1400 514 coronabitur;
1425 482 1516 509 audiet
1545 482 1630 515 enim,
1653 487 1679 507 ct
1701 482 1725 507 id

940 527 1047 561 quidem
1068 528 1165 554 merito
1192 537 1199 555 :
1229 537 1238 553 ι
1266 527 1335 560 Quid
1362 528 1445 555 habes
1465 529 1536 562 quod
1568 536 1620 554 non
1652 535 1727 554 acce-

941 571 1048 606 pisti"?
1061 582 1070 598 ι
1085 572 1161 605 Quod
1176 578 1265 599 autem
1277 574 1360 608 ipsius
1368 573 1448 600 Verbi
1461 579 1555 600 natura
1569 574 1653 600 modis
1669 581 1727 599 Oltl-

941 618 1020 645 nibus
1032 619 1067 645 sit
1081 619 1270 651 immutabilis,
1292 625 1319 646 et
1341 619 1511 647 invariabilis
1524 640 1532 651 ,
1553 619 1642 646 otnnis
1663 627 1727 646 vero

941 669 1029 690 creata
1045 665 1154 690 omnino
1173 666 1308 692 nmtabilis
1324 666 1386 700 ιο,
1401 666 1426 692 id
1443 673 1476 692 ex
1497 666 1589 692 divino
1616 665 1726 696 Davidc,

940 710 1058 736 suaviter
1068 710 1093 735 in
1106 710 1206 744 Spiritu
1217 711 1383 742 modulante,
1395 710 1467 737 nullo
1476 711 1584 744 negotio
1595 709 1727 744 perspici

942 761 985 781 tur
1000 763 1006 781 :
1025 764 1033 780 ι
1049 755 1127 787 (ΣαιΙί,
1142 756 1215 782 canit
1229 756 1261 787 is,
1275 756 1412 789 peribunt,
1424 760 1450 782 tu
1460 761 1551 782 autem
1564 762 1725 790 permanes;

940 807 968 828 et
981 809 1076 829 ontnes
1093 802 1164 828 sicut
1179 802 1368 828 vestimentum
1385 806 1555 829 veterascent
1568 821 1576 833 ,
1605 805 1633 828 et
1654 801 1724 827 sicut

941 847 1109 882 opertorium
1128 847 1250 874 involves
1267 855 1325 878 cos,
1342 852 1370 874 et
1378 848 1556 874 mutabuntur
1572 856 1578 873 :
1594 851 1621 873 tu
1634 851 1724 872 autem

941 893 1012 920 idem
1035 893 1091 927 ipse
1111 900 1151 924 es,
1168 897 1195 918 et
1213 893 1276 919 anni
1299 894 1335 920 tui
1359 901 1412 919 non
1425 893 1593 920 deﬁcient".
1615 892 1667 917 )At
1680 891 1726 925 qui

945 938 1001 965 lieri
1019 943 1118 973 potest,
1132 942 1160 964 ut
1177 938 1222 964 Dei
1237 937 1354 965 Verbum
1372 938 1440 965 idem
1454 945 1566 972 prorsus
1581 936 1724 967 manserit,

943 985 965 1011 si
977 992 1039 1010 vere
1051 983 1183 1011 asseritnr
1194 983 1344 1010 stabilitate
1355 984 1633 1017 imnntlabilitateque
1645 991 1727 1016 quam

946 1030 1071 1062 habebnt,
1091 1029 1198 1062 relicta,
1222 1031 1247 1056 in
1265 1030 1329 1057 illtnl
1359 1029 1511 1061 transiissc.
1537 1029 1607 1063 quod
1633 1033 1729 1061 suapte

947 1081 1042 1103 natura
1063 1084 1116 1103 non
1131 1082 1211 1108 erat,
1236 1081 1502 1110 transmutatumque
1522 1076 1623 1102 essein
1648 1079 1727 1100 natu-

102 1129 175 1154 ram,
195 1121 244 1148 hoc
260 1128 313 1154 est,
338 1123 364 1149 in
397 1124 426 1150 id
454 1123 525 1158 quod
546 1124 682 1157 corrumpi
709 1128 800 1150 natum
823 1129 874 1150 est.
908 1123 1016 1154 Annon,
1046 1123 1172 1154 obsecro,
1209 1122 1303 1149 istlncc
1324 1130 1398 1149 mera
1414 1127 1478 1149 sunt
1492 1121 1728 1152 deliria?unnon,

102 1173 198 1202 aperte
222 1174 286 1195 sunt
313 1169 448 1196 insanity?
477 1171 547 1197 Sunt
573 1172 697 1205 equidem
713 1171 780 1197 citra
805 1170 886 1197 ullam
907 1177 1021 1204 prorsus
1035 1169 1266 1197 controversiam.

142 1215 193 1241 IA’.
215 1215 286 1250 Ὦρα
301 1216 356 1250 γὰρ
371 1216 459 1242 εἰπεῖν
472 1217 532 1248 ταῖς
548 1217 660 1243 ἐκείνων
674 1216 805 1251 ἀμαθίαις
820 1217 892 1243 ἀντι-

101 1261 243 1292 τείνοντας
267 1261 465 1295 ἀμαθέστερον,
489 1261 527 1292 ὡς
544 1262 619 1288 ἔστιν
640 1263 690 1288 οὐκ
708 1262 821 1293 ἀπεικὸς
844 1262 891 1288 καὶ

103 1305 156 1338 τὴν
182 1305 232 1331 οὐκ
249 1305 303 1331 ἀπὸ
318 1305 371 1339 γῆς
394 1306 483 1340 σάρκα
506 1306 572 1341 πρὸς
587 1310 600 1324 “
621 1306 670 1341 τὴν
691 1307 740 1339 τῆς
764 1306 892 1341 θεότητος

103 1350 189 1384 φύσιν
210 1350 358 1385 ἀναφοιτᾷν
385 1350 514 1376 δύνασθαὶ
530 1359 605 1382 ποτε,
624 1351 671 1377 καὶ
687 1351 737 1385 τῆς
763 1351 891 1377 ἀνωτάτω

105 1396 204 1422 πασῶν
219 1396 312 1426 οὐσίας
333 1395 458 1429 γενέσθαι
481 1396 619 1423 σύστασιν.
641 1397 671 1422 Εἰ
694 1396 746 1431 γὰρ
763 1395 833 1431 αὐτὴ
846 1396 894 1431 τῆς

105 1441 236 1475 Θεὸτητος
252 1441 342 1475 φύσις,
357 1442 428 1467 κατὰ
444 1450 476 1475 γε
498 1441 546 1477 τὴν
569 1442 681 1468 ἐκείνων
698 1442 896 1477 ἐμϐροντησίαν

105 1487 148 1518 εἰς
161 1487 211 1521 τὴν
225 1488 274 1522 τῆς
293 1487 393 1522 σαρκὸς
410 1488 553 1522 μετακεχώ
566 1497 632 1523 ρηκε
645 1488 737 1522 φύσιν,
755 1488 842 1520 οὐδὲν,
859 1488 896 1519 ὼς

106 1532 194 1564 ἔοικε,
212 1533 243 1559 τὸ
267 1534 398 1568 ἀπεῖργον
417 1534 468 1565 ἔτι,
481 1534 530 1568 τὴν
544 1534 593 1568 μὲν
617 1534 693 1560 κάτω
708 1543 738 1560 τε
758 1534 805 1560 καὶ
827 1533 896 1560 ἰδίαν

979 1215 1025 1242 XI.
1043 1215 1149 1249 Alioqui
1166 1219 1251 1241 restat
1267 1219 1295 1240 ιιι
1310 1214 1444 1244 dieantns,
1462 1214 1569 1240 illorum
1583 1212 1727 1240 stoliditati

941 1262 1066 1289 stolidius
1082 1262 1222 1296 quidpiam
1239 1266 1418 1295 opponentes,
1435 1261 1581 1287 absurdum
1597 1268 1648 1287 non
1664 1269 1723 1287 esse

944 1313 972 1334 ut
986 1312 1092 1334 terrena
1107 1307 1189 1333 etiam
1205 1315 1269 1333 caro
1290 1306 1375 1340 possit
1387 1307 1413 1333 in
1427 1306 1578 1333 divinitatis
1599 1310 1724 1333 natura?!

943 1352 1088 1386 aliquando
1112 1351 1254 1382 converti,
1279 1351 1392 1385 fierique
1421 1351 1573 1377 substantia
1604 1351 1727 1377 onmium

943 1405 1068 1432 suprema
1084 1397 1133 1432 (l).
1149 1396 1214 1423 Nam
1231 1397 1253 1423 si
1269 1397 1359 1423 divina
1374 1396 1430 1430 ipsa
1448 1401 1556 1428 natura,
1570 1396 1647 1427 juxta
1669 1401 1729 1422 stu—

944 1443 1034 1477 pidum
1055 1443 1162 1469 illorum
1174 1449 1295 1472 sensum,
1312 1443 1422 1468 transiit
1439 1443 1463 1468 in
1479 1443 1572 1469 carnis
1590 1446 1727 1472 naturain.

945 1488 1010 1516 nihil
1023 1489 1133 1516 obstare
1148 1487 1265 1518 videtur.
1278 1488 1422 1522 quominus
1436 1495 1510 1519 caro,
1535 1487 1690 1514 inferiorem
1703 1493 1731 1514 ct

943 1534 1084 1569 propriam
1111 1532 1308 1560 transcenderis
1340 1537 1487 1565 naturain,
1523 1532 1732 1559 transformetur

107 1579 190 1613 φύσιν
219 1579 424 1613 ὑπερπέτασθαι
452 1580 502 1614 τὴν
531 1579 631 1615 σάρκα,
659 1579 870 1614 μεταπλάττεσθι

959 1579 1029 1606 :tiam
1056 1579 1081 1606 in
1111 1579 1239 1606 deitatem
1261 1582 1288 1604 et
1307 1585 1440 1605 summam
1468 1578 1624 1604 essentiam.
1647 1578 1728 1611 Atqui

105 1625 136 1651 δὲ
158 1625 204 1651 καὶ
230 1625 297 1660 πρὸς
325 1625 460 1660 θεότητα,
491 1626 537 1651 καὶ
558 1626 598 1656 εἰς
622 1625 714 1651 οὐσίαν
743 1625 792 1660 τὴν
823 1626 894 1651 ἀνω-

106 1671 190 1697 τάτω.
217 1670 285 1696 Ἀλλ’
310 1671 340 1696 οὐ
369 1671 428 1702 ταῖς
466 1670 576 1696 ἐκείνων
603 1670 759 1701 ὰσυνεσίαις
794 1669 824 1696 τὸ
849 1669 894 1695 εὐο

108 1717 201 1747 nates;
232 1717 419 1751 χαριούμεθα,
453 1716 574 1751 ἑψόμεθα
597 1721 609 1734 ν
635 1716 663 1742 δὲ
701 1716 800 1751 μᾶλλον
834 1717 893 1748 ταῖς

108 1762 194 1793 θείαις
207 1762 338 1797 Γραφαζ,
356 1763 405 1789 καὶ
422 1763 564 1798 Προφήτην
582 1763 631 1798 μὲν
649 1763 789 1797 λέγοντος”
809 1774 817 1788 ι
829 1763 892 1790 Ἰδοὺ

108 1809 127 1845 ή
144 1809 277 1844 παρθένος
299 1810 328 1835 ἐν
353 1809 452 1844 γαστρὶ
476 1809 541 1842 ἕξει,
564 1810 610 1836 καὶ
627 1810 733 1843 τέξεται
757 1810 824 1842 υἱὸν,
847 1810 894 1836 καὶ

108 1855 256 1882 καλέσουσι
281 1855 311 1881 τὸ
337 1855 420 1890 ὄνομα
441 1855 522 1881 αὑτοῦ
554 1856 739 1891 Ἐμμανουήλι
769 1866 778 1881 ι
808 1865 893 1884 καταα

109 1900 306 1936 σφραγίζοντος
323 1901 350 1927 δὲ
370 1901 419 1936 τὴν
436 1902 665 1936 προαναφώνησιν
687 1901 732 1928 τοῦ
758 1903 892 1938 μακαρίου

110 1947 240 1983 Γαϐριὴλ,
255 1947 301 1973 καὶ
311 1947 360 1982 τὴν
374 1947 476 1973 ἄνωθεν
492 1947 581 1981 ψῆφον
596 1949 628 1981 τῇ
647 1948 774 1982 παρθένῳ
785 1948 894 1983 διερμη-

109 1993 232 2025 νεύοντος
243 2001 249 2007 ”
268 2003 276 2018 ι
291 1993 335 2028 Μὴ
356 1993 440 2027 φοϐοῦ
458 1993 520 2028 γὰρ,
535 1993 599 2027 ἔφη,
621 1994 738 2029 Μαριάμ
749 2002 755 2009 ·
771 1995 813 2020 ὅτι
838 1995 893 2021 ἰδοὺ

111 2039 234 2074 συλλήψῃ
252 2040 280 2066 ἐν
294 2039 403 2074 γαστρὶ,
422 2039 469 2066 καὶ
485 2039 549 2075 τέξῃ
566 2040 633 2071 υἱὸν,
654 2040 700 2066 καὶ
726 2040 850 2072 καλέσεις
864 2041 894 2068 τὸ

109 2085 195 2120 ὄνομα
221 2085 304 2111 αὐτοῦ
328 2085 443 2120 Ἰησοῦν.
463 2095 472 2111 ι
497 2086 544 2112 Ἐκ
569 2087 697 2119 γυναικὸς
720 2084 767 2113 οὖν
786 2087 895 2122 ἀληθῶς

111 2131 291 2165 γεγεννῆσθαι
317 2132 483 2166 πιστεύομεν
511 2132 556 2158 τὸν
583 2133 767 2168 Ἐμμανουὴλ,
794 2134 840 2160 καὶ
864 2134 895 2159 τὺ

110 2177 238 2212 λαμπρόν
252 2187 282 2204 τε
297 2178 342 2204 καὶ
360 2178 524 2212 ἁξιάταστον
544 2179 593 2213 τῆς
613 2179 718 2206 ἑαυτῶν
733 2180 841 2214 φύσεως
863 2180 894 2206 οὐ

110 2224 265 2259 ὁιωσὸμεθα
293 2225 441 2260 καύχημα,
461 2226 622 2260 φρονοῦντες
641 2226 738 2261 ὀρθῶς.
767 2227 896 2262 Ἐπεδρά-

113 2269 178 2301 ξατο
193 2276 204 2289 ι
221 2270 274 2304 γὰρ
287 2270 301 2295 ὁ
318 2270 472 2305 Μονογενὴς
494 2271 555 2304 οὐχὶ
572 2271 622 2304 τῆς
645 2271 713 2302 ἰδίας
726 2271 834 2306 φύσεως
848 2270 896 2307 (ἦν

111 2313 166 2347 γὰρ
183 2314 216 2340 ἂν
230 2315 307 2340 οὐδέν
319 2323 345 2341 τι
360 2314 460 2349 μᾶλλον
473 2315 508 2341 τὰ
519 2314 579 2341 καθ’
597 2316 672 2350 ἡμᾶς
686 2316 715 2342 ἐν
730 2316 895 2351 ἀμείνοσιν),

109 2359 237 2386 ἁλλόὺδὲ
247 2361 297 2394 τῆς
309 2361 445 2395 ἀγγέλων·
455 2361 534 2393 ἀλλὰ,
547 2371 556 2387 ‹
572 2361 730 2396 σπέρματος
743 2362 894 2398 Ἁϐραάμ.)

111 2405 185 2433 καθὰ
208 2405 440 2441 γέγραπται.ἾΙν
463 2407 517 2441 γὰρ
542 2407 626 2438 οὕτω,
645 2409 692 2433 καὶ
713 2407 761 2442 οὐχ
783 2409 896 2444 ἑτέρως,

110 2451 141 2478 τὸ
157 2451 332 2486 διολισθῆσαν
346 2453 387 2484 εἰς
403 2453 506 2487 φθορὰν
525 2452 719 2479 ἀνασώσασθαι
735 2453 822 2484 γένος.

148 2541 198 2567 IB’.
219 2541 250 2567 'l‘i
273 2541 320 2573 6é;
335 2542 396 2576 οὐχὶ
418 2542 526 2568 κάκεῖνο
549 2542 618 2577 πρὸς
637 2542 728 2568 τοῖσδε
758 2542 896 2569 καταϐαυ-

113 2587 213 2621 μόιςειν
229 2587 320 2619 ἅξιον;
339 2588 480 2622 μονονουχὶ
495 2587 549 2623 γὰρ
571 2589 617 2614 καὶ
637 2588 668 2614 τὸ
682 2588 818 2624 ἐρρῶσθαι
833 2588 899 2623 φοά-

148 2665 167 2679 ³¹
191 2666 197 2691 Ι
217 2666 278 2691 Cor.
298 2672 333 2696 tv,
347 2665 372 2691 7.
413 2665 434 2680 ’ί
454 2665 523 2691 Psal.
540 2673 576 2697 ut,
595 2665 636 2697 I7,
652 2665 696 2692 I8.

734 2665 756 2680 ³³
777 2665 827 2692 Isa.
856 2673 904 2699 vtt,
922 2666 962 2692 Ii.

946 1633 998 1653 non
1018 1625 1054 1652 ita
1074 1624 1232 1658 desipimus,
1255 1632 1305 1651 nec
1329 1628 1401 1650 tanta
1430 1624 1540 1650 levitate
1565 1630 1670 1654 smnus,
1689 1627 1728 1653 ut,

945 1671 1110 1706 posthabitis
1126 1675 1229 1697 sancta:
1244 1670 1394 1704 Scriptura:
1411 1670 1520 1699 litteris,
1541 1669 1643 1695 insaer
1670 1667 1730 1694 illu-

947 1725 1006 1744 rum
1033 1716 1177 1743 sententia:
1204 1721 1258 1743 tam
1296 1715 1392 1742 leviter
1423 1715 1646 1745 snliscribmnus,
1671 1722 1731 1740 cum

946 1763 1076 1796 propheta
1099 1762 1199 1789 diserte
1227 1761 1319 1788 dicat:
1340 1770 1348 1785 ι
1371 1761 1439 1788 Εεεο
1464 1761 1539 1794 virgo
1553 1759 1687 1792 concipiet
1705 1764 1732 1784 et

945 1808 1031 1842 pariet
1060 1807 1160 1839 lilium,
1184 1812 1212 1834 ct
1238 1807 1377 1834 vocabitur
1405 1814 1501 1832 noun-n
1536 1806 1594 1838 ejus
1623 1805 1731 1831 Eutnra-

945 1854 1006 1881 tutel
1022 1854 1081 1887 ³³ςι
1102 1853 1252 1887 beatusque
1273 1852 1378 1879 Domini
1397 1852 1511 1886 angelus
1531 1850 1653 1882 Gabriel,
1668 1858 1731 1884 pro-

945 1900 1033 1934 pheta:
1049 1899 1189 1926 oraculum
1213 1898 1382 1926 conﬁrmans
1406 1897 1572 1930 caelesti-que
1593 1898 1732 1922 decretum

947 1945 1047 1980 Virgini
1058 1952 1206 1980 exponens,
1220 1944 1256 1971 ita
1271 1943 1398 1977 pl‘mdicct
1412 1951 1419 1969 :
1435 1952 1443 1967 ι
1456 1942 1494 1969 Nc
1509 1943 1615 1973 timeas,
1631 1941 1712 1967 Maria
1725 1949 1731 1966 :

945 1999 1008 2019 ecce
1024 1992 1159 2024 concipies
1173 1992 1198 2018 in
1210 1995 1297 2022 utero,
1310 1994 1337 2016 et
1348 1990 1437 2024 paries
1455 1988 1549 2019 lilium,
1577 1992 1604 2014 et
1620 1987 1731 2014 vocabis

946 2045 1042 2064 nomen
1060 2036 1118 2071 ejus
1139 2036 1230 2064 Jesum
1245 2037 1277 2062 ³³.
1303 2044 1311 2060 ι
1332 2034 1535 2062 Emmannclem
1554 2033 1667 2067 proinde
1696 2039 1728 2058 ex

946 2083 1059 2110 muliere
1071 2089 1133 2110 vere
1162 2087 1256 2109 natum
1273 2085 1355 2114 ,certo
1375 2081 1532 2111 credimus;
1558 2086 1645 2114 neque
1668 2078 1729 2104 illu—

946 2133 1029 2156 strcm
1045 2128 1128 2159 illam,
1152 2135 1313 2161 summaque
1336 2126 1516 2153 admiratione
1533 2125 1641 2159 dignam
1655 2128 1733 2150 natu-

947 2183 983 2201 ra:
995 2179 1092 2201 nostrae
1103 2173 1227 2209 gloriam,
1242 2173 1264 2200 si
1277 2176 1352 2200 certe
1364 2172 1494 2206 sapimus,
1507 2170 1712 2204 aspcrnabimur
1724 2178 1731 2201 ;

947 2220 1067 2254 suscepit
1087 2227 1203 2254 namque
1222 2219 1387 2254 Unigenitus
1414 2226 1467 2244 non
1489 2217 1625 2251 propriam
1652 2219 1732 2242 natu-

947 2274 1004 2294 raut
1024 2267 1088 2302 (hac
1112 2267 1184 2292 enim
1203 2266 1308 2292 ratione
1326 2264 1392 2291 nihil
1417 2263 1541 2290 utilitatis
1562 2268 1664 2289 natura:
1685 2270 1734 2288 no-

945 2318 1008 2341 stra:
1024 2312 1207 2347 accessisset),
1219 2312 1266 2339 sed
1282 2319 1369 2346 neque
1382 2310 1530 2345 angelicam
1545 2315 1651 2344 quoque
1672 2315 1731 2334 sus-

947 2360 1038 2395 cepit;
1061 2366 1165 2389 vcrnm.
1180 2363 1209 2385 ut
1226 2358 1359 2393 scriptum
1383 2362 1443 2389 est,
1458 2366 1467 2382 ι
1498 2355 1612 2382 Abralne
1640 2360 1732 2380 semen

949 2405 1128 2440 apprehendit
1144 2405 1178 2432 ³⁵.
1196 2414 1205 2430 ι
1227 2404 1284 2431 Hoc
1301 2403 1385 2434 enim,
1400 2410 1451 2428 non
1464 2401 1518 2428 alio
1536 2401 1614 2427 modo
1637 2399 1732 2426 huma-

950 2460 1012 2479 num
1032 2459 1117 2486 genus
1133 2452 1160 2478 in
1177 2450 1317 2478 interitum
1341 2448 1496 2484 prolapsum
1515 2446 1659 2474 instaurari
1675 2453 1732 2486 ,νο-

950 2501 1030 2524 terat.

982 2543 1038 2571 XII.
1055 2544 1125 2577 Quid
1141 2544 1252 2571 autent?
1276 2543 1373 2569 Annon
1392 2548 1508 2572 summa,
1524 2547 1626 2573 quarso,
1644 2537 1731 2563 admi-

949 2590 1054 2617 ratione
1068 2590 1178 2624 dignum
1195 2595 1247 2622 cst,
1271 2587 1416 2623 quosdam,
1432 2587 1495 2614 dum
1515 2590 1631 2612 mentem
1657 2591 1733 2610 suam

1003 2667 1024 2682 "'
1046 2665 1111 2694 Luc.
1127 2674 1146 2699 ι,
1160 2666 1206 2694 30.
1246 2666 1266 2681 ³⁵
1289 2665 1369 2693 Ilcbr.
1387 2673 1417 2697 tt,
1439 2664 1477 2690 ιθ,

656 2741 740 2769 Variae
750 2742 876 2770 lectiones
891 2743 993 2770 codicis
1005 2743 1183 2777 Seguieriani.

167 2815 178 2826 “
198 2811 236 2841 ci;
287 2814 297 2827 ’ί
314 2809 539 2844 ῖεροσιι;ιοιῦμεθα.
580 2817 591 2830 ι
613 2810 769 2836 ἐῖι.λά6;το.

151 2887 188 2921 (1)
206 2886 236 2912 Al
259 2892 282 2913 et
301 2894 428 2919 supinum
444 2887 558 2912 omnium
572 2886 726 2913 tubatantiw
741 2885 870 2920 subjecta:

959 2894 963 2911 ι
977 2892 1069 2919 pauit.
