1883 3056
172 185 241 212 “bl

671 182 701 210 S.
721 182 858 211 CYRILLI
878 183 1112 211 ALEXANDRIN‘I
1132 183 1292 212 ARCIIIEP.

1755 182 1819 210 “5!

173 251 299 271 errorum
313 241 456 276 spiritibus
473 242 692 274 accommodant,
711 242 865 276 divinarque
885 242 960 269 Scri-

1027 249 1111 272 rzvte;
1124 242 1158 276 τῇ
1172 240 1344 275 θεοπνεύστῳ
1362 240 1468 278 Γραφῇ,
1486 239 1534 266 καὶ
1548 238 1693 274 πνεύματι
1711 238 1820 273 πλάνης

172 296 259 324 ptime
278 289 326 323 ιι
341 293 445 316 tantum
462 296 514 314 non
529 288 653 315 nuntium
667 288 788 319 mittunt.
807 289 832 314 itt
845 296 905 315 eam
925 293 962 315 te.

172 335 346 366 meritatetn,
379 333 562 368 puerilemqne
581 334 722 361 stultitiam
749 334 963 367 devenisse,‘ut

174 380 336 408 tta-culorum
352 379 477 412 opificem
506 379 590 406 Deum
607 378 726 406 Verbum
741 400 749 412 ,
768 381 822 407 Deo
839 385 866 407 et
888 380 963 408 Patri

173 431 352 456 roteternunt,
370 432 417 459 per
427 425 520 452 carnis
533 425 668 460 originem
683 425 798 460 primtmt
811 426 962 454 exsistendi

173 471 282 497 initiuttt
308 471 436 505 adeptum
460 478 521 498 esse
546 471 735 505 arbitrentur;
754 471 886 508 illumque
905 473 962 507 jam

173 524 246 544 nunc
261 517 369 544 demunt
389 521 483 544 natum
509 517 704 551 imaginentur,
727 517 773 552 qtti
793 525 874 545 omne
896 523 963 546 teut-

173 569 223 596 pns
247 566 275 588 et
289 569 376 588 :evnnt
394 562 542 593 antecedit,
563 566 590 588 ut
617 561 687 589 Deus
703 563 747 590 vix
773 563 882 591 taudettt
908 563 962 590 ali-

171 607 294 642 quando,
311 613 409 640 nempe
428 606 559 633 extremis
578 607 653 634 hisce
674 607 872 636 incarnationis
892 613 962 636 teut-

173 652 287 686 poribus
305 651 391 680 factus
406 653 442 679 sit
460 651 558 686 Pater;
586 657 612 680 et
636 653 670 686 is,
695 661 743 688 per
764 662 843 689 quem
859 656 962 688 omnia,

173 703 201 725 et
216 699 241 725 itt
258 705 312 733 quo
327 698 429 730 omnia,
442 703 532 725 sumat
546 700 695 726 exsistendi
711 700 816 727 initiuttt
834 709 886 728 una
901 709 963 729 cum

174 743 288 777 templo,
318 743 391 777 quod
406 743 492 770 edidit
509 742 612 778 Virgo?
627 744 722 770 Annon
737 745 819 779 igitur
833 745 866 773 ad
890 753 964 773 sum-

176 796 248 815 ntum
265 788 399 815 malorum
421 788 560 823 fastigium
577 795 784 824 pervenerunt,
799 791 846 825 qui
864 792 964 818 mentis

174 839 286 869 stupore
301 835 422 869 oppressi
436 854 444 867 ,
461 834 559 862 fabulae
574 835 772 863 adeo‘aniutali
789 841 818 863 et
832 844 962 864 exsecra-

175 880 221 908 bili
246 885 300 907 tam
320 885 447 916 prompto
465 881 557 908 animo
578 881 733 909 inita-rent?
749 891 759 908 ‹
782 882 852 910 Vere
869 883 963 917 sepul-

174 934 251 953 crum
270 931 367 961 patens
383 931 425 954 est
439 931 532 962 guttur
545 935 638 954 eorum
652 935 660 960 ;
676 932 704 955 et
722 928 821 963 linguis
840 929 897 956 suis
915 930 964 958 do-

176 972 234 999 lose
246 977 328 1007 agunt
342 985 347 1000 :
364 979 498 1000 venenum
516 974 640 1008 aspidum
654 974 705 1001 sub
719 974 798 1002 labiis
812 982 906 1002 eorum
917 983 924 1008 ;
935 983 965 1003 os

175 1024 270 1044 eorum
288 1016 481 1045 maledictione
495 1021 522 1044 et
533 1018 715 1045 amaritudine
727 1019 835 1053 plettum
849 1026 891 1048 est
902 1020 935 1047 ³⁸.
953 1031 963 1047 ι

175 1061 251 1089 Illnnt
269 1071 404 1098 namque,
423 1071 472 1098 per
490 1071 570 1098 quem
597 1064 750 1092 subsistunt
773 1067 875 1100 omnia,
902 1073 966 1095 ante

174 1109 266 1136 omnia
280 1109 418 1137 exstitisse
443 1111 599 1137 necessario
617 1111 820 1145 intelligendum
843 1118 894 1140 est.
911 1113 964 1141 Sed

177 1155 242 1189 quid
269 1159 397 1189 agerent,
414 1163 476 1182 cum
499 1154 621 1183 Joannes
638 1157 761 1184 scribat:
780 1166 790 1183 ‹
816 1158 844 1184 ltt
863 1159 964 1193 princic

177 1200 222 1233 pio
241 1205 300 1227 erat
322 1200 451 1234 Verbum,
466 1206 493 1229 et
509 1201 627 1229 Verbum
645 1208 703 1230 erat
723 1204 793 1237 apud
811 1203 916 1238 Deum;
938 1209 966 1232 et

179 1246 248 1273 Dens
266 1252 325 1274 erat
352 1247 492 1276 Verbum:
520 1248 570 1276 hoc
596 1253 656 1275 erat
684 1249 711 1276 itt
736 1250 869 1285 principio
893 1251 964 1285 apud

177 1292 282 1320 Deum?
300 1293 395 1321 Omnia
414 1302 461 1329 per
479 1294 566 1329 ipsum
587 1294 658 1322 facta
684 1299 758 1327 sunt,
777 1300 805 1323 et
821 1297 882 1324 sine
905 1297 965 1332 ipso

178 1338 278 1366 factmtt
296 1344 338 1367 est
355 1347 441 1374 neque
457 1348 554 1372 unnttt,
573 1341 644 1375 quod
664 1340 765 1368 factttm
789 1346 832 1368 est
845 1342 878 1368 ³⁷.
897 1351 906 1368 t
933 1342 967 1370 Et

176 1385 231 1411 alio
246 1393 353 1414 rursum
368 1385 448 1413 loco:
468 1395 479 1411 ι
498 1386 575 1419 Quod
599 1386 649 1413 fuit
665 1386 699 1413 ab
714 1387 802 1420 ittitio,
821 1388 892 1422 quod
917 1395 966 1414 au-

177 1431 306 1464 divimus,
331 1432 402 1466 qttod
419 1433 536 1459 vidimus
552 1432 642 1460 oculis
671 1434 784 1466 nostris,
806 1433 877 1468 quod
901 1442 965 1469 per-

177 1477 335 1510 speximus,
362 1482 389 1505 et
416 1486 513 1506 manus
540 1485 642 1506 nostra
669 1483 910 1508 contrectaverunt
933 1481 966 1508 de

179 1522 268 1551 Verbo
281 1525 342 1551 vitae
356 1532 363 1552 :
375 1525 465 1552 etvita
481 1526 651 1552 manifestata
668 1530 730 1559 est;
745 1531 773 1553 et
788 1526 905 1554 vidimus
917 1547 925 1560 ,
939 1531 967 1554 et

179 1575 322 1602 testamur,
338 1576 365 1597 et
383 1571 576 1599 annnntiamus
606 1571 682 1600 vobis
705 1572 790 1599 vitam
821 1577 963 1604 aeternam,

177 1624 237 1651 qua:
252 1621 311 1643 erat
326 1617 396 1651 apud
414 1617 534 1649 Patrem,
548 1617 712 1652 ctapparuit
726 1618 804 1645 nobis
819 1618 852 1645 ³⁸.
867 1627 876 1644 t
894 1618 964 1651 Quin

177 1667 205 1690 et
231 1663 288 1697 ipse
305 1671 413 1698 quoque
434 1663 562 1691 Christus
584 1663 686 1692 Judmis
711 1669 764 1691 tam
788 1665 963 1698 spectabilem

178 1709 336 1739 substantiae
348 1717 403 1736 sunt
418 1710 608 1743 antiquitatem
622 1710 780 1745 neutiquam
793 1711 908 1739 obscure
919 1711 944 1738 in
954 1726 962 1731 -

179 1753 280 1781 sinuat.
297 1755 363 1782 Cum
377 1755 449 1782 enim
464 1756 589 1783 dicerent
606 1765 614 1783 :
635 1765 645 1782 t
663 1756 862 1791 Quinquaginta
880 1764 966 1785 annos

180 1800 298 1827 nondum
313 1801 410 1833 habes,
426 1806 453 1829 et
469 1802 606 1839 Abraham
628 1802 721 1829 vidisti
735 1802 780 1828 '9?
796 1811 806 1827 ι
827 1802 965 1837 Ejusmodi

179 1854 338 1881 responsum
350 1852 443 1882 aperte
454 1847 573 1875 tulerunt
586 1857 592 1863 -
611 1857 620 1873 ι
635 1848 732 1879 Amen,
747 1855 826 1875 auten
839 1847 903 1874 dico
917 1856 965 1875 vo-

179 1892 231 1924 bis,
248 1899 392 1928 antequam
418 1893 555 1921 Abraham
580 1894 668 1928 fieret,
687 1902 736 1928 ego
754 1902 814 1921 suttt
826 1893 859 1922 “.
878 1904 887 1920 ι
905 1893 965 1922 Jam

178 1947 239 1965 eum
252 1940 365 1966 verbum
383 1939 447 1967 illud
468 1940 666 1973 subslantiale,
687 1945 762 1972 erat,
786 1945 814 1967 et
831 1948 900 1973 sum,
919 1941 966 1967 al)-

179 1985 267 2013 solutc
294 1985 346 2013 ltoc
379 1985 440 2013 loro
469 1991 616 2020 ponantur,
645 1986 680 2013 ita
706 1986 827 2021 quidem,
850 1991 879 2014 ut
900 1986 966 2014 niltii

180 2038 291 2065 prorsus
308 2031 442 2058 inferatur
456 2040 463 2065 ;
479 2033 661 2065 ecquodnam,
671 2033 797 2065 obsecro,
813 2033 967 2068 generatio-

180 2076 222 2103 nis
238 2075 343 2103 initiuttt
370 2077 513 2111 intaginari
535 2077 578 2105 ltic
605 2078 741 2113 quispiam
767 2080 888 2114 poterit?
914 2082 968 2108 Aut

178 2129 232 2156 qua
255 2123 362 2149 tandem
390 2123 495 2151 ratione
519 2124 578 2151 lieri
604 2129 704 2158 potest,
718 2129 746 2152 ιιι
769 2126 792 2153 is
813 2126 857 2161 qui
885 2134 966 2161 supra

178 2173 286 2193 ontncm
312 2171 431 2195 utentem
453 2172 481 2195 et
506 2175 615 2196 sensum
639 2169 665 2196 in
691 2169 824 2204 principio
847 2175 916 2203 erat.
939 2172 966 2198 itt

179 2216 300 2246 tetnpore
315 2218 343 2240 ut
369 2213 543 2245 subsisteret,
561 2214 707 2242 inclinatus
727 2215 832 2243 fuerit?
850 2217 926 2249 Quod
942 2217 965 2244 si

1016 288 1062 314 τὸν
1079 287 1180 314 οἰκεῖόν
1201 296 1273 318 τινες
1289 287 1472 321 ἀπονέμοντες
1492 285 1567 318 νοῦν,
1582 286 1625 316 εἰς
1644 284 1730 311 τοῦτο
1755 285 1821 311 καθ-

1018 333 1106 360 ικοντο
1117 333 1289 364 δυσϐουλίας,
1305 333 1352 359 καὶ
1369 331 1568 367 μειρακιώδους
1583 331 1772 366 ἀϐελτηρίας,
1786 331 1821 362 ὡς

1016 378 1120 405 οἴεσθαι
1137 378 1202 409 δεῖν,
1217 378 1263 404 τὸν
1284 378 1338 404 τῶν
1355 377 1463 404 αἰώνων
1485 377 1665 412 δημιουργὺν,
1685 376 1737 402 τὸν
1760 385 1821 402 συν-

1017 424 1101 450 αἲδιον
1117 424 1156 459 τῷ
1177 424 1238 458 Θεῷ
1253 423 1299 450 καὶ
1322 423 1410 457 Πατρὶ
1425 422 1491 449 Θεὸν
1511 423 1610 458 Λόγον,
1626 424 1659 458 τῇ
1675 423 1730 458 τῆς
1750 431 1820 458 σαρ-

1017 470 1064 501 κὸς
1078 470 1185 504 γενέσει
1200 468 1493 505 συμπαφμαρωῦσαν
1513 468 1588 504 ἔχειν
1600 469 1652 504 τῆς
1667 469 1820 504 ὑπάρξεως

1016 517 1067 551 τὴν
1084 516 1183 551 ἀρχὴν,
1204 516 1254 542 καὶ
1278 515 1391 550 ὀψιγενῆ
1409 514 1594 550 φαντάζεσθαι
1610 515 1656 541 τὸν
1682 515 1821 541 ἐπέκεινα

1018 563 1119 594 παντὸς
1131 562 1231 593 αἰῶνος
1246 562 1296 588 καὶ
1311 561 1409 596 χρόνου
1419 570 1426 576 ·
1436 561 1473 592 ὡς
1489 561 1518 586 ἐν
1529 561 1660 596 ἐσχάτοις
1675 562 1725 587 καὶ
1740 561 1820 595 μόλις

1017 607 1129 642 τοτςτῆς
1139 607 1370 642 ἐνανθρωπήσεως
1381 607 1498 642 καιροῖς,
1510 607 1820 641 Πατέραμένγενέσθαι

1017 652 1063 679 τὸν
1075 652 1158 679 Θεόν·
1174 652 1365 679 συνεισϐαλεῖν
1378 652 1409 678 δὲ
1422 651 1518 687 ὥσπερ
1531 653 1573 684 εἰς
1583 652 1615 678 τὸ
1627 650 1702 679 εἶναί
1719 661 1753 678 τε
1773 652 1820 678 καὶ

1018 697 1168 732 ὑφεστάναι
1190 697 1229 732 τῷ
1250 698 1283 724 ἐκ
1306 697 1358 732 τῆς
1379 697 1518 732 Παρθένου
1532 697 1600 730 ναῷ,
1621 697 1669 724 τὸν
1683 697 1719 724 δι’
1733 695 1770 724 οὗ
1784 698 1817 724 τὰ

1017 743 1118 775 πάντα,
1131 743 1179 769 καὶ
1195 743 1225 769 ὲν
1236 739 1259 776 ᾦ
1270 742 1304 769 τὰ
1315 743 1414 769 πάντα.
1427 740 1491 778 Ἆρ’
1507 740 1554 769 οὖν
1569 742 1633 777 οὐχὶ
1649 742 1722 778 πρὸς
1737 743 1818 778 λῆξιν

1018 788 1067 824 ἤδη
1081 788 1130 823 τὴν
1146 787 1277 815 ἀνωτάτω
1291 787 1467 822 διεληλάκασι
1491 787 1546 814 τῶν
1561 788 1668 819 κακῶν,
1684 788 1711 814 οἱ
1728 787 1817 823 μῦθον

1017 833 1090 860 οὕτω
1106 833 1217 870 γραώδη
1234 834 1281 860 καὶ
1300 833 1429 868 βδελυρὺν
1450 834 1653 869 προχειρότατα
1666 834 1815 869 προσηκά-

1020 888 1106 915 μενοι,
1117 879 1164 906 καὶ
1182 880 1233 915 τῆς
1246 879 1369 916 ἀκράτου
1382 879 1499 911 νωθείας
1515 880 1561 905 τὸν
1573 880 1676 906 οικείον
1690 879 1815 915 ἀναπλη-

981 923 1004 953 Β
1017 924 1154 960 ρὼσαντες
1173 924 1252 958 νοῦν;
1273 934 1282 950 t
1299 925 1391 959 Τάφος
1414 923 1522 959 ἀληθῶς
1539 924 1722 960 ἀνεῳγμένος
1733 926 1749 951 ὁ
1766 925 1815 952 λά-

1018 971 1085 1006 ρυγξ
1107 971 1198 998 αὐτῶν
1209 992 1218 1004 ,
1233 973 1294 1003 ταῖς
1318 970 1455 1006 γλώσσαις
1471 970 1560 998 αὐτῶν
1577 970 1737 998 ἐδολιοῦσαν
1747 979 1754 986 ·
1778 972 1815 1003 ἰὸς

1015 1016 1137 1043 ἀσπίδων
1154 1017 1206 1044 ὑπὸ
1221 1017 1256 1044 τὰ
1278 1017 1355 1052 χείλη
1379 1017 1479 1049 αὐτῶν,
1501 1013 1540 1043 ὦν
1563 1017 1653 1052 στόμα
1675 1017 1749 1052 ἀρᾶς
1767 1018 1814 1043 καὶ

1018 1062 1134 1098 πικρίας
1154 1064 1245 1098 γέμει,
1261 1073 1270 1089 ›
1288 1063 1338 1090 Τὸν
1352 1063 1406 1099 γάρ
1422 1072 1463 1090 τοι
1481 1063 1515 1090 δι’
1529 1059 1559 1090 οὗ
1581 1063 1616 1090 τὰ
1635 1064 1746 1095 πάντα,
1768 1063 1814 1090 καὶ

1017 1109 1222 1145 προϋφεστάναι
1237 1110 1292 1136 τῶν
1310 1110 1441 1137 πάντων)
1459 1110 1565 1146 ἀνάγκη
1582 1111 1664 1137 νοεῖν.
1683 1110 1719 1135 Τί
1730 1109 1761 1136 δὲ

1017 1156 1065 1182 καὶ
1077 1156 1165 1191 δρῷεν
1177 1156 1228 1188 ἄν;
1247 1157 1373 1184 Ὶωάννου
1389 1156 1439 1191 μὲν
1454 1156 1626 1192 γράφοντος·
1648 1165 1658 1182 ‹
1678 1157 1725 1182 Ἑν
1739 1157 1813 1190 ἀρχῇ

1015 1200 1050 1238 ἦν
1065 1202 1079 1228 ό
1094 1202 1191 1237 Λόγος.
1205 1202 1252 1229 καὶ
1266 1204 1280 1229 ὁ
1295 1202 1380 1237 Λόγος
1395 1200 1430 1238 ἧν
1451 1202 1518 1237 πρὸς
1535 1202 1580 1228 τὸν
1595 1201 1672 1234 Θεὸν,
1684 1202 1733 1228 καὶ
1744 1202 1811 1232 856;

1015 1246 1049 1284 ἦν
1059 1249 1185 1283 όΛὸγος·
1201 1245 1279 1280 οὗτος
1294 1247 1329 1284 ἦν
1349 1249 1378 1275 ὲν
1394 1249 1465 1284 ἀρχῇ
1482 1248 1551 1283 πρὸς
1566 1248 1613 1274 τὸν
1626 1248 1705 1274 θεόν·
1721 1248 1811 1274 πάντα

1015 1295 1049 1322 δι’
1067 1295 1150 1321 αὐτοῦ
1167 1295 1287 1329 ἐγένετο,
1303 1294 1350 1320 καὶ
1362 1295 1446 1330 χωρὶς
1463 1293 1546 1320 αὑτοῦ
1565 1294 1676 1328 ἐγένετο
1691 1294 1754 1320 οὐδὲ
1771 1294 1809 1327 ἓν,

1015 1341 1030 1368 ὃ
1049 1341 1156 1376 γέγονε.
1175 1351 1184 1366 ι
1200 1341 1255 1367 Καὶ
1274 1341 1372 1367 πάλιν·
1389 1349 1400 1367 ι
1416 1341 1448 1367 Ὃ
1462 1338 1497 1376 ἦν
1510 1340 1558 1367 ἀπ’
1579 1341 1669 1376 ἀρχῆς
1682 1361 1689 1373 ,
1708 1341 1722 1367 ὃ
1740 1341 1809 1375 ἀκη-

1017 1387 1130 1422 κόαμεν,
1145 1386 1160 1413 δ
1174 1386 1339 1422 ἑωράκαμεν
1355 1387 1413 1417 τοῖς
1428 1385 1578 1421 ὀφθαλμοῖς
1593 1387 1685 1422 ήμῶν,
1703 1386 1719 1412 ὂ
1731 1386 1808 1413 ἐθεα-

1018 1432 1134 1467 σάμεθα,
1152 1433 1198 1459 καὶ
1216 1433 1244 1458 αι
1260 1433 1351 1467 χεῖρες
1372 1431 1452 1467 ἡμῶν
1468 1431 1662 1467 ἐψηλάφησαν,
1680 1433 1746 1467 περὶ
1762 1432 1812 1458 ττιιὶ

1016 1479 1104 1513 Λόγου
1120 1479 1167 1514 τῆς
1186 1477 1260 1513 ζωῆς
1270 1486 1278 1494 ·
1297 1478 1344 1504 καὶ
1359 1479 1376 1513 ἡ
1393 1477 1449 1513 ζωὴ
1462 1477 1635 1513 ἐφανερώθη,
1650 1479 1700 1504 καὶ
1720 1478 1807 1512 έωρά-

1017 1533 1104 1560 καμεν
1117 1545 1124 1557 ,
1147 1525 1194 1550 καὶ
1212 1523 1416 1559 μαρτυροῦμεν,
1433 1523 1489 1550 ’καὶ
1514 1524 1725 1560 ἀπαγγέλλομεν
1743 1525 1807 1559 ὑμῖν

1016 1570 1066 1605 τὴν
1089 1569 1161 1606 ζωὴν
1180 1569 1232 1605 τὴν
1254 1569 1374 1602 αίώνιον,
1392 1570 1452 1605 ἥτις
1473 1567 1509 1605 ἦν
1531 1569 1600 1605 πρὸς
1617 1570 1664 1596 τον
1684 1570 1811 1605 Πατέρα,

1019 1617 1065 1643 καὶ
1081 1616 1242 1652 ὲῳανερὼοη
1258 1616 1335 1651 ἡμῖν.
1354 1625 1364 1642 ι
1387 1615 1476 1642 Αὑτοῦ
1492 1616 1521 1642 δὲ
1536 1615 1656 1651 Χριστοῦ
1673 1616 1724 1651 τῆς
1741 1616 1808 1648 ἰδίας

1018 1661 1163 1698 ὑπάρξεως
1182 1662 1232 1696 τὴν
1253 1661 1376 1689 ἄποπτον
1399 1662 1566 1698 ἀρχαιότητα
1587 1663 1644 1695 τοῖς
1671 1662 1808 1695 Ἰουδαίοις

1018 1709 1275 1744 κατασημήναντος.
1309 1708 1419 1744 Ἐπειδὴ
1442 1709 1496 1744 γὰρ
1517 1709 1652 1744 ἔφασκονσ
1677 1719 1686 1735 ε

1018 1762 1101 1781 κοντα
1123 1753 1171 1788 ἐτη
1192 1753 1270 1780 οὔπω
1291 1753 1381 1789 ἔχεις,
1407 1755 1454 1781 καὶ
1482 1755 1608 1790 Ἀὁραάμ
1634 1755 1778 1790 ἐώρακας;
1795 1765 1804 1781 ι

1017 1801 1188 1836 ἀντήκουσαν
1223 1800 1365 1835 ἐναργῶς·
1394 1810 1404 1826 ε
1425 1800 1512 1836 Ἀμὴν
1536 1800 1608 1834 λέγω
1631 1801 1716 1835 ὑμῖν,
1742 1801 1808 1836 πρὶν

1023 1846 1149 1882 Ἀϐραὰμ
1168 1846 1314 1880 γενέσθαι,
1332 1846 1388 1880 ἐγώ
1407 1847 1475 1882 ειμι.
1494 1856 1505 1873 ι
1526 1845 1564 1874 Ob
1579 1847 1608 1873 δὲ
1623 1847 1655 1873 τὸ
1671 1846 1712 1882 ἦν
1734 1848 1806 1874 ἐστιν

1018 1891 1236 1926 ὲπενηνεγμένου
1254 1891 1378 1927 μηδενὸς,
1395 1891 1441 1918 ναὶ
1457 1892 1512 1927 μὴν
1525 1892 1571 1918 καὶ
1585 1891 1626 1924 τὸ,
1641 1892 1714 1927 εἶμι,
1728 1893 1805 1919 τέτα-

1018 1946 1081 1963 κται
1100 1937 1204 1971 σαφῶς,
1218 1937 1279 1963 τινα
1297 1937 1346 1972 τῆς
1367 1937 1502 1971 γενέσεως
1519 1938 1624 1965 κατίδοι
1639 1947 1684 1970 τις
1707 1939 1742 1965 ἂν
1757 1941 1806 1974 τὴν

1018 1983 1118 2018 ἀρχήν;
1139 1983 1173 2008 Ἣ
1192 1983 1254 2009 τίνα
1272 1983 1305 2018 δὴ
1320 1983 1420 2019 τρόπον
1440 1983 1454 2009 ὁ
1469 1983 1508 2009 ὢν
1524 1984 1553 2010 ἐν
1572 1984 1644 2019 ἀρχῇ
1660 1985 1694 2019 τῇ
1707 1985 1805 2016 παντὸς

1018 2028 1146 2055 ἐπέκεινα
1161 2029 1220 2060 νοῦ,
1229 2029 1413 2064 παραδέξαιτο
1423 2029 1457 2056 ἂν
1470 2029 1501 2056 τὸ
1514 2030 1544 2056 ἐν
1559 2030 1649 2065 καιρῷ
1664 2030 1806 2058 κεκλίσθαι

1019 2074 1086 2109 πρὸς
1102 2074 1232 2111 ὓπαρξινς
1255 2075 1287 2101 El
1304 2075 1354 2109 μὲν
1367 2072 1415 2101 οὖν
1426 2083 1468 2106 τις
1488 2074 1576 2101 ἕλοιτο
1587 2080 1599 2093 ι
1623 2075 1731 2107 τούτοις
1747 2084 1805 2110 qo-

1018 2119 1155 2156 λαιότερον
1180 2120 1373 2156 ἀντιφέρεθαι,
1401 2121 1518 2157 χαλεπὸν
1546 2121 1633 2152 οὐδὲν.
1662 2123 1729 2154 τοὺς
1758 2122 1804 2157 τῆς

1019 2167 1197 2194 θεοπνεύστου
1219 2167 1330 2203 Γραφῆς
1349 2168 1587 2204 παρακομίζοντας
1598 2169 1708 2203 λόγους,
1725 2170 1760 2196 τὰ
1775 2171 1804 2196 ὲκ

1018 2214 1068 2248 τῆς
1083 2213 1402 2250 ὲκείνωνὶὲμῦροντησίας
1417 2215 1619 2251 ἀποκρούεσθαι
1636 2215 1713 2250 βέλη.
1725 2216 1766 2242 Τά
1774 2225 1803 2249 γε

178 2258 241 2291 quis
254 2257 334 2292 paulo
345 2258 448 2285 diutius
465 2259 567 2286 versari
594 2259 622 2286 itt
642 2259 693 2287 hac
706 2259 890 2295 disputatione
907 2262 963 2289 vel-

1027 2259 1076 2295 μὴν
1087 2259 1175 2291 οὕτως
1196 2260 1299 2296 ἐναργῆ
1320 2261 1451 2288 νοσοῦντα
1470 2261 1517 2288 τὸν
1530 2261 1652 2296 ἔλεγχον,
1675 2262 1724 2288 καὶ
1741 2262 1803 2288 πολὺ

178 2302 226 2336 let,
243 2303 351 2331 diIIiciIe
362 2312 415 2332 nott
433 2310 517 2338 esset,
531 2305 696 2333 testimoniis
710 2305 864 2333 divinarum
879 2306 966 2334 Litte-

178 2358 269 2377 rarum
287 2351 338 2386 12
360 2351 387 2378 itt
409 2351 527 2378 medium
553 2351 687 2384 adductis,
708 2353 827 2380 vesaniae
852 2353 966 2388 hujusce

179 2397 231 2424 tela
249 2398 390 2431 repellere.
415 2396 513 2424 Verttttt
535 2405 769 2431 supervacaneum
787 2399 867 2431 duco,
886 2399 919 2426 de
932 2399 966 2426 iis

1019 2305 1079 2332 λίαν
1094 2305 1190 2340 ἔχοντα
1212 2306 1244 2332 τὸ
1264 2306 1400 2338 ἀκαλλὲς,
1430 2307 1558 2342 περιττὸν
1578 2305 1657 2342 οἶμαί
1690 2316 1742 2334 που
1761 2307 1804 2333 καὶ

1019 2352 1159 2386 φροντίδος
1183 2351 1285 2385 ἀξιοῦν.
1310 2353 1415 2379 θὺκοῦν
1437 2354 1482 2380 ἐπ’
1502 2354 1592 2381 ἐκεῖνο
1614 2353 1719 2390 ἴωμεν,
1740 2354 1806 2389 ὅπερ

1018 2399 1078 2424 ἐστὶ
1094 2399 1149 2425 τῶν
1164 2398 1395 2434 κατεγνωσμένων
1409 2400 1550 2433 συγγενές.

177 2451 238 2477 quae
253 2448 307 2470 tatn
321 2447 416 2477 aperta
431 2443 599 2478 turpitudine
615 2443 752 2476 laborant,
790 2448 919 2478 tantaque
953 2444 1083 2471 facilitate
1121 2445 1245 2478 redargui
1258 2450 1381 2479 possunt,
1403 2446 1516 2473 omttlno
1547 2453 1659 2473 curare.
1669 2445 1758 2479 Quare
1770 2444 1802 2472 ad

179 2493 205 2520 id
225 2491 295 2526 quod
312 2490 459 2523 damnatis,
476 2490 553 2518 hisce
565 2489 739 2525 opinionibus
752 2495 897 2525 cognatum
912 2495 965 2524 est,
981 2490 1036 2524 jam
1053 2499 1124 2518 nunc
1139 2492 1292 2518 orationem
1325 2498 1527 2521 convertatnus.

214 2536 283 2565 XIII.
301 2536 371 2564 Snnt
386 2536 431 2564 alii
448 2536 530 2572 igitur
544 2557 552 2570 ,
576 2537 622 2572 qui
643 2536 766 2564 veritatis
785 2537 963 2571 pulchritudi-

179 2593 240 2611 uem
259 2585 425 2615 obscurant,
450 2583 630 2617 eamdemque
652 2583 763 2617 perinde
780 2591 812 2610 ac
830 2583 962 2610 nomisma

179 2630 314 2664 quoddatn
340 2629 544 2661 adulterantes,
573 2629 790 2664 exlulleulesque
825 2630 851 2656 in
879 2630 961 2656 altutn

179 2683 275 2708 cornu,
296 2675 468 2709 iniquitatem
483 2695 490 2708 ,
506 2681 535 2702 ut
554 2676 685 2709 scriptum
708 2680 752 2702 est
773 2675 808 2707 “,
832 2675 963 2703 adversus

212 2754 234 2769 “
244 2753 314 2781 Psal.
332 2754 431 2787 xut,5,
447 2755 473 2782 4.
513 2755 534 2771 ³⁷
549 2754 628 2782 Joatt.
646 2764 665 2789 I,
684 2756 735 2783 1-5.
755 2754 796 2781 ³³1
815 2755 922 2788 Joau.|,
941 2755 966 2788 I,
981 2754 998 2781 2

1055 2537 1102 2563 1Γ¹.
1124 2538 1367 2573 Παρασημαίνουσι
1391 2539 1445 2575 γὰρ
1460 2547 1533 2570 τινες
1552 2538 1602 2574 τῆς
1626 2538 1756 2573 ἀληθείας
1771 2537 1798 2564 τὺ

1018 2583 1114 2615 κάλλος
1124 2605 1131 2617 ,
1155 2585 1280 2620 καθάπερ
1299 2593 1325 2610 τι
1340 2585 1461 2620 νόμισμα
1486 2583 1693 2620 κιϐδηλεὺοντες
1704 2604 1712 2616 ,
1727 2585 1796 2610 ἐπαί-

1018 2628 1110 2662 ροντές
1124 2637 1153 2654 τε
1166 2629 1205 2660 εἰς
1221 2628 1288 2663 ὕψος
1302 2629 1332 2655 τὸ
1347 2629 1448 2664 κέρας,
1473 2629 1519 2656 καὶ
1533 2629 1644 2656 ἀδικίαν
1660 2628 1796 2660 λαλοῦντες

1018 2675 1088 2702 κατὰ
1104 2676 1151 2702 τοῦ
1166 2676 1244 2708 Θεοῦ,
1264 2675 1335 2703 κατὰ
1350 2676 1380 2702 τὸ
1392 2676 1596 2712 γεγραμμένον.
1617 2675 1794 2711 ’Λνὺπαρκτᾶν

1001 2774 1007 2782 .
1029 2755 1051 2772 δ’
1063 2755 1139 2783 Joan.
1154 2764 1213 2789 vut,
1227 2755 1272 2782 57.
1293 2755 1315 2771 ⁵³³
1336 2755 1400 2783 ibid.
1415 2756 1459 2784 58.
1494 2755 1515 2772 ⁸⁸
1535 2754 1607 2784 Psal.
1623 2762 1718 2787 uxrv,
1733 2755 1757 2787 5,
1770 2754 1792 2781 6.

722 2833 808 2862 Varia:
819 2834 948 2863 lectiones
960 2834 1060 2862 codicis
1071 2833 1250 2869 Seguieriani.

215 2901 229 2920 .V
243 2897 334 2924 ὄντων.
376 2902 385 2915 ι
400 2898 518 2932 βούλοιτο
528 2900 568 2926 vel
583 2900 636 2926 ἕλοι
651 2899 688 2926 τὸ.
