1883 3056
66 108 143 136 “5'5

65 176 101 194 τε
135 168 184 193 καὶ
210 164 302 196 ίδικῶς
328 163 376 197 οὐχ
405 160 579 196 ὑφεστηκότσ.
608 158 787 194 φαντάζονται
816 163 861 184 τον
877 161 897 188 Α

65 211 228 246 Μονογενῆ·
245 211 292 237 καὶ
307 210 356 236 οὑκ
370 207 439 235 εἶναι
458 207 508 243 μὲν
529 207 559 233 ὲν
580 206 727 232 ὑποστάσει
742 205 775 239 τῇ
801 203 862 234 κοιθῖ

68 259 182 289 ἑαυτὸν,
197 257 273 293 ῥῆμα
286 256 316 282 δὲ
330 253 425 284 ἁπλῶς
437 274 445 287 ,
466 253 513 280 καὶ
527 252 605 286 λόγον
627 251 672 277 τὸν
688 250 759 277 κατὰ
779 250 863 285 μόνην

65 307 124 339 τὴν
140 302 282 339 προφορὰν
295 299 422 335 γενέσθαι
445 298 522 334 παρὰ
547 296 626 324 Θεοῦ.
646 297 690 328 Ὠς
712 296 760 322 καὶ
773 296 802 322 ἐν
821 295 864 321 ἀν-

70 349 178 384 Θρὼπῳ
192 346 353 381 κατοικῆσαι
374 353 457 380 φασιν
481 345 506 371 οἱ
526 344 652 375 τάλανες.
674 341 819 373 Συνθέντες
835 340 863 367 δὲ

71 396 147 423 οὕτω
160 395 206 422 τὸν
222 393 336 430 Ἰησοῦν,
353 391 440 426 ἁγίων
454 390 504 426 μὲν
522 387 591 416 εἷναί
608 398 690 425 φασιν
703 388 863 423 ἁγιώτερον,

71 443 107 469 οὐ
121 442 175 478 μὴν
189 441 230 467 ἔτι
245 441 293 467 καὶ
302 439 379 467 Θεὸν.
391 437 497 464 Οὐκοῦν
509 436 582 464 καθὰ
592 436 639 463 καὶ
656 436 670 462 ὁ
679 434 726 461 τοῦ
739 434 865 470 Σωτῆρος

74 488 229 516 ἐπιστέλλει
248 485 373 522 μαθητὴς
384 504 392 517 ,
408 484 450 516 τίς
473 484 549 510 ἐστιν
565 484 579 509 ὁ
593 482 723 517 ψεύστης,
748 481 772 507 εἰ
798 480 835 515 μὴ
851 480 865 506 ὁ

73 535 254 571 ἀρνούμενος,
269 533 310 560 ὅτι
331 530 436 567 Ἰησοῦς
447 531 498 558 οὐκ
518 529 592 557 ἐστιν
609 530 623 555 ὸ
636 527 771 564 Χριστόςς
788 523 866 558 οὗτός

73 583 152 609 ἐστιν
174 583 188 608 ὁ
205 579 399 615 ’Δντίχριστο;,
419 578 434 604 ὁ
448 576 615 612 ἀρνούμενος
631 574 678 601 τὸν
691 573 802 608 Πατέρα
819 572 866 599 καὶ

73 628 124 654 τὺν
139 625 210 652 Υἱόν.
227 624 284 655 Πᾶς
300 625 315 650 ὁ
330 622 495 658 ἀρνούμενος
511 621 556 647 τὸν
571 620 646 650 TUM,
672 618 733 645 οὐδὲ
749 618 795 644 τὸν
811 618 866 644 Πα-

74 673 145 708 τέρα
164 672 236 707 ἔχει·
258 671 273 696 ὁ
294 669 433 705 ὁμολογῶν
453 667 498 694 τὸν
519 666 598 698 Υἱὸν,
619 665 666 692 καὶ
688 665 734 692 τὸν
756 664 867 700 Πατέρα

75 718 148 754 ἔχει
173 718 275 752 Ἄμφω
297 715 352 751 γὰρ
378 714 425 740 καὶ
449 713 483 739 δι’
511 713 631 748 ἀμφοῖν,
662 711 710 738 καὶ
738 708 868 745 ὲκῖὶτερος

75 766 109 792 ὲν
125 763 247 799 ἑκατέρῳ
259 783 266 795 ,
285 761 353 798 πρός
377 769 407 788 τε
426 759 507 796 ἡμῶν
530 758 622 785 αὐτῶν
651 758 699 784 καὶ
714 757 768 783 τῶν
783 756 868 790 ἁγίων

75 812 206 846 ἀγγέλων
228 808 465 844 ὲπιγινώσκονται.
481 807 518 833 Οὐ
533 806 587 842 γὰρ
607 806 639 833 ἄν
654 814 695 837 τις
721 804 867 841 ἁναμὰοοιί,

77 841 110 884 τί.
123 841 182 884 εστι
197 841 302 891 Πατὴρ.
321 856 346 881 εἰ
364 853 401 890 μὴ
416 853 480 880 Υἱὺν
497 841 642 886 ὑφεστῶτά
658 860 688 878 τε
710 850 758 877 καὶ
772 858 868 884 γεγεν-
886 841 907 870 Β

76 905 198 941 νημένον
226 903 376 935 εὶσδὲξαιτο
398 900 470 928 κατὰ
491 899 564 927 νοῦν.
585 898 655 926 Ἀλλ’
671 898 725 925 οὐδ’
755 898 788 925 ἂν
806 897 821 923 ὃ
844 897 870 923 τί

79 951 149 978 ποτέ
163 952 237 978 ἐστιν
251 951 265 976 ὸ
279 949 342 981 Υἱὸς
355 947 490 984 ἅναμάθοι
505 946 597 978 πάλιν,
612 946 636 972 εἰ
649 945 697 980 μὴ,
706 945 748 971 ὅτι
762 945 872 970 τέτοκεν

76 1000 96 1025 ὁ
118 997 224 1033 Πατὴρ,
243 995 410 1030 διενθυμοῖτο
427 992 530 1027 σαφῶς.
548 991 653 1018 Οὐκοῦν
670 991 817 1023 ἀναγκαῖον
834 986 873 1015 οἷ-

81 1045 134 1080 μαί
147 1052 199 1070 που
213 1043 260 1069 καὶ
273 1041 392 1076 ἀσφαλὲς
408 1041 505 1069 εἰπεῖν.
518 1039 556 1069 ὡς
570 1038 649 1073 εἴπερ
663 1037 738 1063 ἐστὶν
754 1035 874 1069 ἀνύπαρ-

81 1100 148 1122 κτος
164 1092 178 1117 ὁ
191 1089 265 1121 Υἱὸς,
289 1088 344 1114 οὐδ’
369 1087 401 1114 ἂν
420 1087 466 1113 τὸν
495 1085 606 1120 Πατέρα
623 1083 730 1118 πατέρα
753 1082 826 1109 κατὰ
843 1081 873 1107 τὸ

81 1136 183 1173 ἀληθὲς
195 1135 334 1171 νοήσωμεν
347 1134 390 1161 ἄν.
406 1132 460 1160 Ποῦ
474 1132 527 1166 γάρ
539 1131 598 1157 ἐστι
618 1129 720 1164 πατὴρ,
737 1129 762 1155 εί
777 1128 815 1163 μὴ
830 1128 874 1154 τὲ-

82 1192 163 1210 τοκεν
183 1181 306 1217 ἀληϐὦςς
332 1181 349 1216 ἢ
364 1180 444 1214 εἴπερ
462 1179 611 1214 γεγέννηκε
629 1176 661 1203 τὸ
680 1175 718 1212 μὴ
739 1174 873 1210 ὑφεστὼς,

84 1230 155 1265 μηδὲ
178 1228 298 1264 ὑπάρχον
322 1227 400 1258 ὅλως,
420 1225 452 1252 τὸ
475 1223 606 1259 γεννηθὲν
625 1222 700 1249 ἔσται
724 1222 754 1248 τὺ
781 1221 873 1256 μηδέν.

83 1276 123 1302 Τὸ
142 1275 197 1311 γάρ
210 1283 251 1300 τοι
269 1273 306 1309 μὴ
318 1272 442 1307 ὑφεστὼς
454 1292 462 1303 ,
478 1272 507 1297 ἐν
523 1271 574 1305 ἴσῳ
588 1269 626 1304 τῷ
643 1267 748 1303 μηδενὶ,
774 1267 874 1311 μᾶλλον

83 1322 113 1348 δὲ
127 1309 265 1351 παντελῶς
282 1317 357 1345 οὐδέν
367 1325 374 1332 ·
388 1313 448 1343 εἶτα.
462 1314 509 1342 τοῦ
527 1313 640 1350 μηδενὸς
658 1312 734 1339 ἔσται
752 1309 846 1345 Πατὴρ
860 1310 874 1336 ό

82 1366 163 1398 Θεός.

121 1496 172 1523 1Δ⁷.
200 1494 269 1522 Ἀλλ’
293 1489 316 1520 ὢ
335 1491 479 1528 βέλτιστοι,
501 1489 584 1524 φαίην
603 1488 637 1515 ἂν
653 1487 742 1522 ἔγωγε
758 1485 828 1521 πρός
843 1493 875 1519 γε
889 1502 910 1530 C

84 1542 151 1573 τοὺς
165 1541 218 1568 τῶν
227 1539 355 1567 τοιούτων
381 1536 528 1572 ἐξηγητὰς,
550 1534 628 1566 ὕθλος
640 1534 744 1564 εἰκαῖος
758 1532 792 1558 τὰ
809 1530 874 1566 παρ’

86 1587 176 1623 ὑμῶν.
190 1587 226 1613 Ἦ
242 1585 308 1620 γοῦν
323 1584 447 1620 ἐρομένῳ
469 1581 605 1618 φράζετε,
622 1579 681 1611 πῶς
703 1577 841 1613 ἐξαίρετος
858 1576 875 1611 ἡ

86 1622 129 1666 είς
143 1634 217 1669 ἡμᾶς
230 1632 369 1666 ἀγάπησις
381 1629 428 1657 τοῦ
440 1628 508 1655 Θεοῦ
523 1627 570 1654 καὶ
593 1625 709 1661 Πατρός.
724 1625 780 1650 Καὶ
793 1625 817 1650 εἰ
831 1622 875 1649 δέ-

86 1679 175 1706 δωκεν
186 1677 256 1711 ὑπὲρ
272 1676 350 1711 ἡμῶν
370 1674 415 1701 τὸν
436 1673 509 1702 Υἱδν.
525 1673 571 1698 τὸν
586 1671 646 1697 καθ’
668 1670 740 1705 ὑμᾶς
763 1669 813 1704 οὐχ
827 1669 875 1702 ὑφ-

86 1722 234 1759 εστηκότα,
255 1721 285 1747 τὸ
303 1719 387 1756 μηδὲν
410 1719 464 1754 ἄρα
484 1718 602 1745 δέδωκεν
617 1716 687 1751 ὑπὲρ
710 1714 800 1750 ἡμῶν.
821 1713 878 1740 Καὶ

87 1771 151 1797 οὔτε
167 1769 236 1805 σὰρξ
249 1769 263 1794 ὸ
275 1759 361 1801 Δόγοξ
375 1766 498 1800 γέγονεν,
513 1764 577 1790 οὔτε
600 1763 647 1789 τὸν
664 1762 755 1797 τίμιον
771 1759 877 1794 ὑπέστη

89 1816 219 1852 σταυρὸν,
237 1814 300 1841 οὔτε
315 1814 476 1847 κατήργηκε
498 1809 546 1837 τοῦ
571 1808 687 1836 θανάτου
714 1807 746 1834 τὸ
766 1807 876 1841 κράτος,

87 1863 152 1890 οὗτε
163 1851 220 1898 γμὴν
233 1860 364 1888 ἁνεὸίωσε
378 1859 470 1886 πάλιν.
485 1857 516 1883 Εἰ
532 1855 587 1891 γάρ
607 1856 664 1881 ἐστι
680 1853 711 1880 τὸ
733 1853 815 1898 μηδὲν
831 1851 878 1898 καί

88 1895 274 1943 ἀνύπαρκτος,
296 1904 356 1932 καθ’
373 1903 444 1938 ὑμᾶς
455 1922 463 1934 ,
475 1901 533 1933 πῶς
560 1900 589 1926 εν
609 1907 640 1933 γε
656 1897 761 1928 τούτοις
780 1895 878 1930 γένοιτ’

89 1954 141 1985 iv;
158 1940 343 1986 Πεφενάκικεν
365 1946 411 1974 οὖν
427 1947 482 1982 ἄρα
499 1947 548 1981 τῆς
574 1943 654 1978 ἁγίας
674 1942 786 1977 Γραφῆς
805 1942 818 1967 ὀ
836 1940 879 1966 λό-

91 2008 142 2034 γος
154 1999 218 2030 τοὺς
232 1995 460 2025 πεπιστευκότας.
477 1993 525 2019 καὶ
543 1992 560 2026 ὴ
572 1991 621 2025 τῆς
641 1990 758 2020 πίστεως
772 1987 878 2022 ἑδραιό-

90 2033 143 2082 της
166 2045 271 2080 οἴχεται
288 2042 356 2078 πρὸς
379 2041 410 2067 τὸ
434 2039 527 2074 μηδέν.
551 2038 582 2064 Τί
598 2037 642 2069 δέ;
673 2036 723 2062 οὐκ
739 2036 768 2061 ὲν
787 2033 878 2082 μορφῇ

91 2081 161 2118 Θεοῦ
177 2089 308 2125 ὑπάρχειν
325 2087 370 2114 τὸν
385 2086 460 2118 Υἱὸν,
480 2085 511 2111 τὸ
527 2084 597 2121 ἱερὸν
617 2083 683 2118 ἡμῖν
706 2081 879 2116 κατεσήμανε

91 2136 224 2172 Γράμμα,
244 2134 337 2161 εἰκόνα
356 2141 386 2158 τε
401 2131 482 2158 αὑτὸν
499 2129 547 2156 καὶ
564 2127 727 2164 χαρακτῆρὰ
748 2134 814 2160 φησι
831 2125 878 2151 τοῦ

91 2181 310 2217 Γεγεννηκότος;
324 2178 421 2205 Καίτοι
438 2176 496 2208 πῶς
513 2174 592 2202 τοῦτό
611 2175 684 2200 ἐστιν
707 2173 757 2208 οὑχ
777 2173 880 2199 ἅπασιν
897 2175 918 2202 D

92 2226 219 2262 ἐναργὲς,
238 2226 271 2252 Αἱ
295 2225 323 2251 δὲ
345 2223 458 2254 εἰκόνες,
482 2221 520 2253 ὡς
534 2221 567 2246 τὰ
590 2220 746 2255 ἀρχέτυπα;
761 2218 801 2244 δεῖ
815 2217 880 2253 γὰρ,

92 2273 181 2304 οὕτως
202 2272 287 2303 αὑτὰς
309 2271 357 2296 καὶ
374 2270 425 2304 οὑχ
447 2268 548 2303 ἑτέρως
566 2267 645 2302 ἔχειν.
663 2265 779 2296 Οὐκοῦν,
803 2264 882 2299 εἰμὴ

92 2319 275 2349 ἐνυπόστατος
301 2317 318 2352 ἡ
336 2315 429 2347 εἰκὼν,
456 2314 525 2349 μήτε
549 2313 601 2348 μὴν
620 2313 649 2338 ὲν
665 2312 780 2346 ὑπάρξει
797 2312 883 2337 νοοῖτο

92 2367 127 2401 τῇ
140 2365 200 2391 καθ’
212 2363 308 2390 ἑαυτὸν
331 2364 345 2389 ὁ
358 2361 502 2397 χαρακτήρ
513 2368 521 2375 ·
541 2359 726 2387 ἀνυπόστατον
746 2356 816 2384 εἶναι
831 2357 882 2383 δώ-

97 2419 203 2443 σουσιν,
221 2410 259 2442 ὡς
277 2409 307 2442 ἐξ
325 2408 475 2441 ἀναγκαίου
493 2407 582 2440 λόγου,
597 2405 645 2431 καὶ
662 2405 708 2431 τὸν
722 2401 808 2438 οὗπέρ
825 2405 882 2430 ἐστι

93 2457 250 2494 χαρακτὴρ,
265 2456 313 2482 καὶ
324 2455 354 2482 τὸ
368 2455 418 2490 τῆς
433 2453 535 2485 εἰκόνος
552 2452 667 2483 ἀκαλλὲς
685 2451 881 2490 ἁναδραᾳεῖται

94 2504 205 2534 πάντως
216 2502 262 2528 ἐπὶ
276 2501 306 2528 τὺ
321 2500 497 2539 ἀρχέτυπον..

131 2591 182 2619 IE’.
203 2588 272 2617 Εἶτα.
295 2589 357 2616 εἰπέ
383 2597 449 2624 μοι,
475 2587 609 2618 Φίλιππος
635 2586 820 2622 χριστομαθὴς
845 2587 883 2614 ὢν

95 2641 178 2673 ἄγαν,
199 2637 246 2664 τὸν
269 2636 336 2663 ὅντα
362 2636 410 2662 καὶ
431 2633 603 2669 ὑφεστηκάτα
627 2634 737 2668 Πατέρα
763 2633 883 2661 κατιδεῖν
914 2643 918 2648 ·

95 2684 185 2718 ὴξίου,
201 2682 288 2716 λέγων
300 2690 306 2697 ·
327 2690 336 2706 ι
350 2681 448 2716 Κύριε,
463 2679 547 2712 δεῖξον
562 2680 628 2714 ἡμῖν
638 2679 684 2706 τὸν
701 2680 821 2714 Πατέρα,
836 2681 884 2707 κα)⁵

96 2730 177 2764 ἀρκεῖ
193 2729 278 2763 ἡμίν;
293 2737 302 2752 ι
328 2727 345 2760 ἢ
369 2726 435 2760 γοῦν
458 2726 503 2752 τὸν
524 2725 574 2751 οὑκ
593 2725 658 2751 ὂντα
673 2726 720 2751 καὶ
734 2726 883 2751 ἀνυπόστα-

97 2782 158 2806 τον;
175 2770 349 2807 ⁷Δλλ¹,οἷμαι,
363 2771 430 2806 φαίη
438 2780 480 2802 τις
491 2770 524 2796 ἂν
540 2770 676 2805 μελλήσας
690 2770 775 2802 οὐδὲν,
785 2771 826 2797 ὃτι
837 2771 882 2798 τὸν

135 2843 158 2858 ⁸⁸
180 2841 297 2876 Philipp.
314 2849 344 2876 tt,
360 2841 386 2868 6.
426 2841 447 2855 ’⁸³
469 2839 551 2867 llcbr.
566 2847 594 2872 tt,
612 2840 637 2866 5.
678 2840 700 2856 ⁸⁸
719 2839 798 2868 Joan.
816 2850 871 2877 xiv,
887 2844 913 2870 8.

550 101 596 130 DE
612 100 727 128 RECTA
747 99 839 128 FIDE.
860 97 905 126 AD
925 96 1147 125 TIIEODDSIUM
1166 96 1236 124 IMP.

1634 97 1702 126 1154

915 157 997 183 Deum
1024 156 1182 190 loquuntur.
1214 156 1401 189 ttnaginantur
1423 155 1495 182 enim
1529 154 1704 190 Unigenitnm

915 202 961 229 Dei
988 202 1104 230 Vcrlnnn
1122 203 1334 237 anltypostaton,
1352 203 1404 229 hoc
1429 207 1481 235 est,
1505 202 1703 233 subsistentia,

914 249 956 275 vel
972 249 1121 283 ltypttstasi,
1136 256 1188 281 qua
1209 256 1257 282 per
1270 255 1301 275 se
1314 255 1378 275 vere
1392 255 1425 275 ac
1437 248 1548 283 proprie
1562 249 1714 298 subsistat,‘

914 295 1095 327 destitutum;
1116 295 1218 321 nudum
1241 300 1333 322 autent
1353 295 1478 328 verbum,
1505 302 1538 322 ac
1554 295 1714 330 simplicem‘
1740 322 1744 326 _

915 349 1069 369 sermonem
1085 342 1140 367 sola
1158 341 1381 375 pronuntiatione
1397 349 1412 367 ιι
1434 341 1488 368 Deo
1508 341 1610 368 editum
1631 347 1704 368 csse.

916 388 972 416 lioe
986 395 1068 423 porro
1080 387 1249 421 prolatitiutn
1265 387 1379 414 verbum
1396 388 1488 415 miseri
1503 388 1541 415 illi
1557 389 1582 414 in
1597 388 1706 415 homine

916 434 1084 462 inhabitasse
1099 433 1245 460 atiirntant.
1258 433 1295 460 lla
1309 435 1490 468 contpositum
1508 434 1602 461 Jesutn
1619 439 1701 462 crete-

916 481 955 508 ris
969 480 1073 508 sanctis
1085 487 1146 507 esse
1157 480 1232 506 aittnt
1246 480 1422 511 sanctiorem,
1436 488 1488 507 non
1502 485 1592 507 tamen
1609 481 1705 508 Deum.

916 527 953 554 At
972 527 1044 560 quis,
1072 531 1101 552 ιιι
1127 526 1277 552 διιινιιιοιῐε
1307 526 1391 553 nostri
1418 526 1570 560 discipulus
1601 527 1706 558 scribit.

918 573 1032 600 mendax
1046 577 1099 604 est,
1117 573 1169 599 nisi
1189 572 1212 599 is
1227 572 1272 607 qui
1309 574 1532 607 negatiqnoniatn
1552 573 1633 601 Jesus
1654 583 1707 601 non

917 626 959 648 est
971 621 1106 647 Christus.
1124 619 1174 647 llic
1201 625 1244 646 est
1270 619 1466 651 Antichristus,
1481 620 1527 654 qni
1553 624 1633 654 negat
1656 619 1708 646 Pa-

920 671 987 693 trertt
1010 671 1037 692 et
1062 665 1171 692 Fliinnt.
1197 664 1294 692 Omnis
1320 666 1364 700 qni
1391 670 1473 700 negat
1497 665 1606 698 Filium,
1622 671 1709 700 neque

919 711 1028 738 l‘atrem
1055 710 1159 738 habet:
1179 711 1224 744 ιιιιί
1247 710 1392 738 conﬁtetur
1415 710 1524 741 Filium.
1549 715 1576 737 et
1599 710 1708 737 Patrem

919 758 1011 786 habet.
1024 756 1144 792 Uterque
1158 760 1199 784 est
1211 757 1285 783 enim
1302 764 1351 791 per
1366 762 1512 790 utrumque
1528 765 1535 789 ;
1553 761 1580 782 ct
1596 762 1710 791 uterque

919 812 1027 831 rttrsttm
1040 811 1101 831 ettnt
1118 804 1151 831 ab
1169 803 1284 838 angelis.
1304 808 1359 830 tnnt
1381 811 1395 829 a
1416 803 1497 830 nobis
1520 803 1586 837 ipsis
1603 810 1711 836 quoque

922 849 947 876 in
967 849 1056 876 altero
1083 856 1150 875 esse
1178 848 1357 883 dignoscitur.
1375 847 1450 874 Ilaud
1477 848 1549 874 enim
1576 848 1710 882 quispiam

921 895 986 930 quid
1016 895 1052 922 sit
1080 894 1162 922 Pater
1180 894 1317 926 didicerit,
1346 894 1397 921 nisi
1427 893 1524 921 Filium
1553 899 1656 926 natum,
1685 900 1712 921 et

920 946 1112 976 cnypostaton,
1130 940 1182 967 hoc
1199 945 1240 967 est
1263 947 1312 974 per
1339 947 1368 967 se
1393 939 1600 972 subsistentem,
1622 945 1712 967 mente

921 987 1070 1021 concipiat.
1089 985 1142 1012 Sed
1157 993 1245 1020 neque
1260 985 1324 1020 quid
1339 986 1374 1012 sit
1389 986 1485 1018 Filius,
1504 995 1611 1013 rursum
1630 987 1711 1013 ittlel-

924 1033 969 1068 ligi
995 1041 1010 1059 tt
1033 1039 1171 1067 quoquatu
1198 1031 1373 1073 queathnisi
1391 1033 1461 1066 quod
1481 1032 1561 1059 Pater
1577 1033 1712 1067 genuerit,

926 1078 1028 1113 liquido
1042 1077 1113 1112 apud
1128 1084 1189 1104 sese
1207 1077 1365 1104 constituat.
1384 1077 1568 1110 Quamobrem
1584 1086 1713 1105 necessa—

927 1125 996 1152 rium
1012 1129 1077 1160 puto
1093 1130 1125 1151 ac
1139 1131 1265 1152 securum
1291 1123 1350 1151 lore
1371 1124 1463 1151 dicere
1478 1124 1561 1159 quod,
1586 1124 1608 1151 si
1629 1124 1714 1152 Filius

924 1178 978 1198 non
996 1169 1132 1202 subsistit,
1150 1176 1238 1204 neque
1252 1169 1335 1196 Pater
1353 1177 1460 1204 quoque
1474 1177 1538 1196 vere
1553 1170 1634 1196 Pater
1650 1171 1712 1197 erit.

924 1215 978 1244 Ubi
993 1215 1067 1243 enim
1082 1215 1135 1242 erit
1155 1220 1243 1250 pater,
1272 1215 1295 1242 si
1314 1222 1377 1242 vere
1393 1223 1445 1243 non
1468 1217 1582 1250 genuit?
1597 1215 1714 1244 Rursum

924 1263 946 1289 si
965 1262 990 1288 id
1013 1261 1084 1296 quod
1098 1262 1203 1295 genuit,
1225 1269 1278 1288 tton
1299 1261 1433 1294 sttbsistit,
1463 1267 1509 1288 aut
1532 1263 1643 1290 omnino
1663 1272 1714 1298 non

924 1307 1051 1339 exsistit,
1082 1307 1168 1340 ipsttnt
1206 1307 1327 1340 genitum
1363 1307 1432 1334 nihil
1462 1308 1611 1342 quidquam
1641 1309 1714 1336 erit:

926 1351 1146 1387 quandoquidem
1165 1351 1238 1386 quod
1260 1359 1313 1378 non
1340 1352 1479 1383 subsistit,
1497 1361 1573 1387 teque
1590 1361 1620 1380 ac
1639 1354 1715 1387 nihil,

927 1403 973 1425 aut
985 1397 1027 1433 (ut
1045 1398 1136 1425 verius
1158 1396 1257 1433 dicant)
1273 1397 1338 1425 nihil
1361 1403 1403 1426 est
1418 1406 1529 1432 prorsus
1543 1408 1549 1426 :
1564 1407 1629 1434 ergo
1646 1399 1717 1426 Dt'tts

927 1444 1018 1471 nullus
1029 1444 1109 1471 Pater
1122 1444 1186 1471 erit.

962 1490 1034 1518 XIV.
1066 1490 1165 1517 Verum
1196 1489 1349 1524 hnjusmodi
1379 1491 1504 1518 doctores
1532 1491 1629 1519 merito
1652 1500 1718 1519 sane

927 1544 1042 1571 magnos
1066 1541 1215 1570 nngatorcs
1241 1537 1444 1570 appellaverint.
1465 1537 1572 1572 Alioqui
1601 1546 1718 1572 percon-

926 1582 1000 1610 canti
1029 1582 1095 1608 mihi
1111 1582 1285 1616 respondete,
1301 1590 1452 1617 ecquonam
1471 1589 1548 1618 pacto
1563 1584 1608 1611 Dei
1626 1590 1653 1611 et
1668 1585 1718 1611 Pa-

928 1629 978 1655 tris
989 1636 1052 1664 erga
1070 1635 1118 1655 nos
1144 1628 1252 1655 dilectio
1265 1629 1364 1655 eximia
1378 1630 1525 1656 exstiterit.
1542 1629 1609 1656 Nam
1634 1631 1656 1657 si
1673 1630 1718 1657 Fi-

928 1673 1003 1706 lium,
1038 1673 1083 1708 qni
1103 1679 1197 1701 vestra
1217 1674 1352 1701 sententia
1375 1682 1428 1701 non
1447 1675 1588 1707 subsistit,
1606 1683 1654 1709 pro
1671 1685 1718 1703 no-

929 1721 970 1747 bis
985 1720 1110 1752 tradidit,
1127 1720 1194 1747 nihil
1213 1720 1306 1754 utiqtte
1319 1720 1431 1747 omnino
1452 1721 1538 1748 nostri
1555 1729 1637 1748 causa
1663 1727 1719 1749 tra-

929 1767 1007 1794 didit.
1025 1765 1079 1793 Sed
1095 1774 1184 1801 neque
1209 1766 1325 1793 Verbum
1340 1773 1449 1801 quoque
1466 1767 1566 1794 lactant
1582 1772 1626 1794 est
1642 1775 1718 1800 eam,

929 1819 1019 1846 neque
1031 1812 1180 1846 pretiosam
1194 1811 1246 1846 l3
1257 1819 1367 1838 crucem
1380 1812 1522 1846 sustinuit,
1537 1821 1627 1848 neque
1642 1822 1716 1840 ntor-

931 1859 964 1885 tis
978 1859 1122 1892 imperium
1141 1857 1253 1890 delevit,
1271 1865 1358 1892 neque
1383 1858 1409 1885 in
1432 1859 1526 1891 vitam,
1539 1867 1620 1894 quam
1637 1860 1720 1894 depo-

929 1909 1032 1936 suerat.
1050 1905 1140 1931 denuo
1156 1912 1294 1931 reversum
1319 1910 1370 1932 est.
1389 1904 1456 1932 Nam
1475 1906 1508 1936 si,
1530 1911 1557 1931 ιιι
1573 1914 1618 1933 vos
1633 1914 1719 1941 nuga-

930 1950 1006 1983 tttitti,
1022 1951 1156 1981 niltilest,
1175 1958 1262 1984 neque
1290 1951 1316 1977 itt
1342 1959 1432 1978 rerum
1457 1957 1552 1978 ttatura
1576 1952 1720 1985 subsistit;

929 2005 984 2030 ιμιυ
1003 2003 1081 2031 pacto
1106 1998 1162 2024 hmc
1182 1997 1208 2024 itt
1234 1997 1306 2023 illum
1329 1997 1514 2024 conveniunt?
1532 1997 1635 2025 Divina:
1656 2006 1721 2033 ergo

931 2044 1078 2078 Scriptura:
1097 2044 1139 2071 his
1154 2043 1199 2078 qui
1216 2043 1390 2071 crediderunt
1413 2043 1577 2076 imposuere,
1606 2044 1722 2079 lldeique

931 2090 1047 2116 lirmitas
1067 2093 1174 2116 redacta
1188 2095 1230 2117 est
1253 2090 1280 2116 in
1299 2089 1427 2116 nihilum.
1448 2091 1546 2118 Annon
1565 2098 1651 2117 sacra:
1665 2090 1721 2117 Lit-

932 2141 997 2162 tera:
1010 2135 1107 2163 Filium
1129 2136 1155 2162 in
1173 2135 1258 2163 forma
1285 2134 1332 2162 Dci
1357 2143 1417 2162 esse
1437 2143 1486 2162 nos
1509 2136 1607 2163 docent
1628 2136 1673 2163 "1’
1688 2145 1721 2164 an

934 2189 986 2208 non
998 2181 1137 2208 Genitoris
1153 2181 1299 2215 imaginem
1319 2185 1346 2207 et
1364 2181 1548 2207 characterem
1575 2182 1649 2208 illum
1674 2190 1718 2216 ap-

933 2228 1034 2262 pellant
1044 2226 1066 2243 ⁵³
1078 2227 1089 2253 ?
1103 2226 1135 2253 At
1153 2227 1195 2254 cui
1214 2226 1325 2253 dttbiunt
1341 2234 1401 2254 esse
1429 2231 1518 2262 potest
1540 2228 1670 2262 imagines
1684 2229 1721 2254 ita

933 2280 981 2306 per
999 2272 1090 2300 omnia
1108 2273 1219 2301 all‘ectas
1231 2281 1292 2300 esse
1306 2279 1444 2307 oportere,
1462 2273 1530 2301 sicut
1549 2274 1605 2309 ipsa
1623 2281 1722 2309 proto-

933 2319 1019 2354 typa?
1037 2320 1074 2346 ita
1087 2320 1173 2352 enim.
1191 2327 1241 2347 nec
1256 2320 1336 2347 aliter
1360 2327 1471 2347 necesse
1488 2325 1529 2348 est
1545 2321 1604 2349 illas
1619 2331 1648 2350 se
1671 2323 1720 2349 ha-

933 2365 1009 2393 bere.
1028 2365 1056 2392 Si
1074 2373 1138 2401 ergo
1153 2366 1243 2400 imago
1260 2374 1311 2392 non
1325 2366 1462 2399 subsistit,
1477 2374 1564 2401 tteqne
1580 2370 1723 2396 characn-r

935 2419 984 2446 per
998 2419 1028 2439 se
1047 2412 1173 2444 exsistit;
1191 2417 1219 2438 et
1235 2412 1308 2438 illtnn
1323 2412 1410 2446 ipsunt
1429 2420 1546 2447 quoque,
1563 2414 1639 2449 cujus
1653 2415 1721 2442 inta-

935 2465 969 2491 go
987 2457 1027 2484 vel
1053 2458 1198 2484 character
1219 2462 1272 2489 est,
1302 2466 1354 2484 non
1379 2459 1530 2487 subsistere
1552 2466 1681 2494 oportet:
1700 2463 1722 2488 si

934 2503 1043 2536 quidem
1060 2502 1186 2536 imaginis
1203 2503 1297 2530 vitium
1312 2504 1340 2531 itt
1359 2504 1446 2539 ipsum
1473 2506 1648 2541 archetypum
1667 2516 1724 2534 οιιι-

935 2550 999 2575 nino
1015 2549 1158 2575 redundat.

970 2593 1029 2620 XV.
1042 2594 1177 2621 Praeterea
1194 2594 1248 2627 dic,
1265 2596 1372 2626 amabo.
1391 2604 1452 2624 cum
1468 2596 1607 2632 Pltiltppus
1621 2598 1722 2626 Christi

935 2639 1093 2674 discipulus,
1110 2639 1211 2673 Patris,
1227 2641 1273 2675 qni
1296 2647 1376 2669 estet
1391 2643 1526 2676 subsistit,
1541 2645 1648 2672 videndi
1662 2654 1723 2680 per-

936 2685 1049 2719 enpidtts
1063 2686 1151 2712 aiebat
1168 2695 1174 2712 :
1194 2695 1203 2710 ι
1219 2686 1342 2719 Domine,
1362 2689 1475 2716 ostende
1498 2690 1576 2717 nobis
1603 2691 1721 2722 Patrem,

935 2736 961 2757 ut
977 2731 1072 2758 sullicit
1088 2731 1215 2765 nobis“;
1233 2742 1242 2758 ι
1259 2732 1390 2766 ejusmodi
1407 2737 1529 2764 contueri
1550 2737 1667 2770 volebat,
1678 2739 1722 2772 qui

937 2784 1022 2812 noque
1039 2778 1192 2811 exsisteret,
1211 2787 1297 2815 neque
1321 2781 1500 2810 subsisteret?
1513 2783 1582 2812 Puto
1596 2792 1661 2812 sane
1676 2793 1724 2812 ne-
