1883 3056
88 110 170 138 1157

572 109 615 136 DE
634 108 746 138 BECTA
768 109 855 142 FIDE,
877 110 923 136 AD
944 109 1166 137 THEODOSIUM
1186 110 1254 138 lllll".

1655 114 1723 142 “58

89 168 227 205 Θρωπὶνῃ
257 171 338 204 σαρκὶ
370 173 438 195 κατὰ
466 173 546 202 φύσιν
579 169 696 204 ἡνῶσθαι
728 170 773 195 τὸν
803 170 888 203 Λόγον

953 173 1078 202 ονοηιιιιο,
1090 169 1206 197 Verbum
1218 171 1292 197 carni
1311 170 1442 202 humanae,
1458 170 1546 198 anima
1561 170 1725 206 intelligente

88 215 241 249 ἑμολογεῖν
252 222 258 228 ’
278 216 326 249 τῆς
353 214 402 249 μὲν
419 214 522 240 ἄνωθέν
537 223 566 240 τε
583 215 629 240 καὶ
644 215 823 249 ἀρχαιοτάτης
841 215 887 240 πί-

93 269 188 292 στεως
217 262 265 296 τὴν
291 261 439 295 παράδοσιν
466 261 555 294 ὀλίγου
586 261 725 292 παντελῶς
750 261 887 293 ἀξιοῦντες

91 307 191 340 λόγου,
208 307 316 341 Θελήσει
340 307 368 332 δὲ
393 306 461 342 μόνῃ
486 308 519 341 τῇ
536 307 606 333 κατὰ
631 307 700 341 σφᾶς
723 307 821 338 αὐτοὺς
843 309 888 334 καὶ

93 354 157 384 τοῖς
183 352 364 388 ἀνθρωπίνοις
389 352 444 378 δεῖν
469 352 583 378 ἕπεσθαι
607 352 758 386 λογισμοῖς,
773 352 887 386 ἀμαθῶς

94 398 246 433 ᾑρημένοι,
260 398 307 424 καὶ
318 397 478 433 φρονοῦντες
489 398 596 432 ἀληθῶς
610 398 675 432 παρ’
691 398 705 423 ὃ
719 398 759 424 δεῖ
769 400 886 433 φρονεῖν.

95 446 157 472 Καὶ
182 445 224 476 τίς
239 446 253 471 ὁ
276 445 353 478 λόγος
369 444 460 476 αὐτοῖς
476 444 522 470 τοῦ
546 444 648 470 τοιοῦδε
669 438 814 479 δόγματος,
834 444 889 479 ἐγὼ

96 492 209 527 φράσω,
224 492 276 518 Τὸν
291 491 359 518 Θεοῦ
377 491 490 526 μεσίτην
504 491 551 517 καὶ
566 491 727 527 ἀνθρώπων,
747 492 815 518 κατὰ
839 491 889 524 τὰς

97 539 225 573 Γραφὰς,
241 537 401 572 συγκεῖσθαι
423 546 512 572 φαμεν
528 537 560 563 ἔκ
575 546 604 564 τε
621 537 669 572 τῆς
686 537 746 564 καθ’
761 538 834 572 ἡμᾶς
843 538 890 564 ἀν-

97 585 278 620 θρωπότητος
297 584 408 614 τελείως
421 584 537 618 ἐχούσης
553 584 624 610 κατὰ
648 584 693 610 τὸν
710 584 775 610 ἰδιον
799 584 887 618 λόγον,

99 632 151 658 καὶ
175 633 206 657 ἐκ
232 631 278 657 τοῦ
307 630 457 665 πεφηνότος
482 630 514 656 ὲκ
538 629 605 655 Θεοῦ
630 630 700 656 κατὰ
715 630 794 664 φύσιν
811 629 888 662 Υἱοῦ,

98 677 226 704 τουτέστι
237 677 284 703 τοῦ
299 676 476 710 Μονογενοῦς,
493 676 726 711 Διαϐεϐαιούμεοα
740 677 768 703 δὲ
784 676 890 703 σύνοδον

101 724 155 758 μέν
171 732 240 756 τινα,
255 723 302 750 καὶ
322 722 371 757 τὴν
395 723 463 758 ὑπὲρ
479 722 557 756 λόγον
569 723 732 758 συνδρομὴν,
744 724 783 753 εις
794 723 890 749 ἕνωσιν

99 771 204 797 ἀνίσων
225 779 254 796 τε
272 770 318 796 καὶ
332 769 464 803 ἀνομοίων
479 769 635 803 πεπρᾶχθαι
654 769 844 803 φύσεων.”Βνα
863 770 891 795 δ’

100 815 151 842 οὗν
176 816 250 851 ὅμως
283 814 411 850 Χριστὸν,
432 814 478 840 καὶ
500 814 602 850 Κύριον
621 815 733 850 Ἰησοῦν,
754 815 799 841 καὶ
828 815 891 841 Υἰὺν

942 215 1059 249 perfecte
1085 220 1111 243 et
1133 216 1275 243 informata
1298 217 1444 244 secundum
1469 221 1593 244 naturam
1622 218 1724 245 unitum

941 268 1010 289 esse.
1030 260 1139 294 Verum,
1155 263 1219 288 dum
1245 263 1281 289 ita
1309 262 1540 297 philosophantur,
1553 263 1670 297 antiqua:
1700 269 1726 291 et

941 307 1004 333 olim
1022 307 1126 334 tradita:
1151 308 1211 334 litlei
1240 307 1370 334 rationem
1398 308 1508 335 omnino
1533 308 1681 344 negligant,
1699 314 1725 336 ct

942 355 1087 381 voluntatis
1102 362 1157 381 suae
1169 354 1269 388 judicio
1283 354 1350 381 male
1373 362 1438 382 sano
1452 355 1495 390 (ut
1508 355 1578 389 quod
1594 356 1726 383 humanas

944 404 1045 426 tantum
1057 401 1175 427 rationes
1193 407 1218 428 et
1241 400 1408 434 conjecturas
1427 401 1501 435 sequi
1520 401 1622 435 soleat)
1644 408 1726 435 prave

943 446 1036 478 innixi,
1053 453 1132 473 secus
1156 454 1237 480 quatit
1262 454 1354 473 revera
1381 452 1548 482 oportuerat,
1572 448 1680 482 sapiunt.
1698 453 1727 474 ct.

942 494 1071 519 sentiunt.
1088 492 1120 518 Et
1138 500 1272 526 quaenam,
1285 487 1410 525 obsecro,
1429 493 1562 527 dogmatis
1583 493 1662 527 hujus
1685 497 1727 519 cst

942 538 1029 565 ratio?
1046 539 1148 566 Dicam.
1177 538 1350 565 Mediatorcm
1374 539 1419 566 Dei
1433 544 1460 566 et
1475 539 1613 566 hominum
1629 539 1662 571 '°,
1676 539 1727 566 hoc

943 590 984 612 cst
999 585 1148 617 Christum,
1163 593 1195 612 ex
1212 585 1379 612 humanitate
1403 585 1523 612 numeris
1543 585 1668 612 omnibus
1683 592 1727 611 se-

944 631 1059 658 cundum
1081 633 1217 665 propriam
1245 632 1376 659 rationem
1408 634 1525 666 perfecta
1553 637 1580 658 et
1604 632 1726 658 absoluta

945 676 1113 711 naturalique
1137 677 1181 704 Dei
1200 677 1280 710 Filio,
1303 678 1353 705 hoc
1373 683 1414 704 est
1430 677 1583 712 Unigenilo,
1596 678 1726 704 constitu—

945 728 1013 754 tum,
1032 723 1181 757 Scripturis
1198 724 1390 751 convenienter
1404 725 1590 758 praedicamus.
1604 723 1728 750 Allirma-

945 776 1004 796 mus
1022 774 1113 796 autern
1128 775 1237 796 naturas
1249 770 1382 804 dispares,
1396 778 1427 796 ac
1441 770 1510 796 inter
1529 777 1558 796 se
1572 769 1726 800 dissimiles.

945 816 1060 849 quadarn
1088 815 1205 843 coitione
1228 820 1254 843 et
1276 823 1409 843 concursu
1424 817 1468 850 qui
1493 816 1582 843 verbis
1599 816 1728 850 explicari

101 861 286 897 ὀνομάζεσθαι
315 861 542 895 ἐπιγινώσκομεν,
561 862 589 887 ἐν
618 861 709 896 ταυτῷ
732 862 780 888 καὶ
807 862 894 897 ὑπάρ-

954 869 997 888 ton
1013 866 1112 896 potest,
1125 862 1150 888 in
1165 869 1247 888 unum
1262 862 1433 889 convertisse.
1443 861 1625 896 Aguoscimus
1640 865 1727 888 tamen

100 917 197 943 χοντα,
214 908 261 934 καὶ
285 907 429 942 νοούμενον
450 907 517 933 Θεὸν
539 916 568 933 τε
591 907 659 942 ὁμοῦ
675 907 722 933 καὶ
739 907 891 943 ἄνθρωπον.

109 955 307 981 ’Λδιᾶτπαστον
326 954 354 980 δὲ
374 953 513 984 παντελῶς
527 953 576 988 τὴν
592 953 688 980 ἕνωσιν
701 954 839 989 διατηρεῖν
853 955 894 980 εἰ-

103 1000 234 1035 θίσμεθα,
248 1000 293 1026 τὸν
307 999 388 1025 αὑτὸν
406 997 475 1025 εἶναι
492 999 538 1025 καὶ
554 999 696 1034 Μονογενῆ
709 999 893 1031 πιστεύοντες,

103 1046 154 1072 καὶ
179 1046 361 1079 πρωτότοκον·
388 1045 526 1079 Μονογενῆ
553 1044 611 1079 μὲν⁷
627 1044 664 1076 ὡς
692 1044 759 1071 Θεοῦ
790 1045 895 1079 Πατρὺς

104 1093 203 1126 Λόγον,
224 1092 271 1118 καὶ
285 1092 316 1117 ἐκ
332 1091 381 1125 τῆς
395 1091 488 1122 οὐσίας
506 1091 588 1117 αὐτοῦ
609 1091 749 1126 πεφηνότα
760 1099 766 1106 ·
784 1092 891 1126 πρωτό-

104 1148 186 1166 τοκον
205 1139 227 1164 δ’
242 1135 286 1168 αὖ.
302 1137 368 1164 καθὸ
386 1138 498 1172 γέγονεν
511 1136 664 1172 ἅνθρωπος,
683 1137 729 1163 καὶ
743 1138 772 1163 ὲν
785 1137 893 1168 πολλοῖς

104 1185 350 1219 ἁδε).φοῖς.Ὤσ-περ
367 1183 422 1218 γὰρ
437 1181 477 1215 εἷς
501 1184 558 1209 ἐστι
575 1182 641 1214 Θεὸς
656 1184 669 1209 ὁ
684 1183 789 1218 Πατὴρ,
811 1183 841 1215 ἐξ
861 1179 892 1209 οὗ

104 1231 140 1256 τὰ
157 1231 261 1257 πάντα·
278 1229 349 1256 οὕτω
362 1230 409 1255 καὶ
421 1226 461 1260 εἷς
478 1229 580 1263 Κύριος
598 1228 702 1262 Ἰησοῦς
717 1228 843 1262 Χριστὸς,
857 1229 896 1255 δι’

104 1275 138 1304 οὗ
150 1278 184 1303 τὰ
197 1277 294 1303 πάντα.
308 1276 374 1302 Θεὸν
389 1275 443 1309 γὰρ
457 1275 521 1302 ὄντα
536 1274 606 1301 κατὰ
620 1274 700 1308 φύσιν
715 1275 895 1308 ἐπιγινώσκο-

108 1332 160 1358 μεν
178 1323 223 1349 τὸν
243 1322 275 1348 δι’
292 1319 323 1348 οὗ
335 1321 369 1347 τὰ
384 1322 482 1352 πάντα,
499 1321 594 1355 Λόγον,
610 1321 655 1347 καὶ
672 1321 694 1346 εἰ
708 1320 801 1354 γέγονε
818 1320 894 1355 σὰρξ,

106 1367 247 1394 τουτέστιν
259 1366 412 1400 ἄνθρωπος.

943 915 1026 934 unum
1046 907 1097 942 15
1111 907 1296 939 Christum,ct
1309 907 1450 934 Domiuutn
1466 907 1568 940 .lesum,
1585 913 1612 934 et
1628 907 1726 934 Filium

944 957 1086 985 vocatum;
1107 953 1205 988 quippe
1220 960 1280 979 cum
1292 953 1372 979 simul
1386 952 1457 979 Deus
1469 958 1496 980 et
1513 953 1593 980 hme
1615 953 1729 980 exsistat

945 1000 1082 1034 tnentiqne
1106 1007 1135 1027 se
1163 1000 1270 1027 oll'erat.
1284 999 1390 1026 Etenim
1412 1000 1476 1027 unio
1504 1000 1547 1027 illa
1570 1006 1728 1028 naturarum

945 1054 1030 1080 usque
1059 1047 1126 1073 adeo
1152 1047 1289 1074 individua
1321 1047 1507 1081 indivulsaque
1533 1052 1575 1074 cst
1596 1053 1625 1074 ιιι
1648 1056 1729 1075 ιιιιυιιι

947 1091 1125 1125 cumdentque
1155 1092 1323 1127 unigenitum
1353 1093 1434 1120 simul
1464 1098 1491 1120 ct
1522 1093 1729 1128 primogenitum

947 1137 1107 1163 credamus:
1125 1137 1292 1171 unigenitum
1310 1138 1429 1171 qttidetn,
1442 1142 1568 1172 tanquam
1586 1139 1630 1165 Dei
1644 1138 1730 1165 Patris

947 1182 1076 1214 Verbum,
1090 1190 1121 1209 ex
1136 1183 1206 1210 illius
1219 1183 1371 1210 substantia
1393 1190 1502 1217 natum;
1520 1184 1728 1218 primogenitum

945 1235 1019 1262 vero,
1037 1234 1169 1262 quatenus
1193 1230 1262 1256 inter
1279 1230 1376 1257 multos
1391 1230 1489 1257 fratres
1513 1231 1592 1257 homo
1607 1230 1730 1257 exstitit:

945 1274 1161 1308 quandoquidem
1186 1280 1214 1300 ιιι,
1243 1282 1311 1301 unus
1340 1280 1382 1302 est
1408 1275 1480 1302 Deus
1506 1275 1596 1307 Pater,
1619 1283 1650 1302 ex
1678 1283 1732 1309 quo

945 1319 1051 1352 omnia;
1069 1319 1103 1346 ita
1124 1327 1193 1346 unus
1208 1327 1315 1354 quoque
1332 1326 1374 1347 est
1395 1321 1524 1348 Dominus
1550 1321 1629 1348 Jesus
1656 1321 1733 1349 Citri-

945 1370 1012 1395 stus,
1027 1372 1076 1399 per
1099 1372 1178 1399 quem
1204 1366 1294 1393 omnia
1306 1366 1339 1393 εί.
1357 1366 1424 1395 Nam
1451 1366 1568 1393 Verbum
1593 1367 1668 1398 illud.
1686 1375 1732 1401 per

105 1413 180 1448 quod
202 1413 290 1440 omnia
315 1414 476 1444 consistunt,
493 1411 640 1438 secundum
662 1415 785 1437 naturam
807 1411 888 1437 Deum
909 1417 969 1437 esse
980 1411 1116 1443 novimus,
1132 1411 1237 1439 etiamsi
1258 1419 1332 1445 caro,
1368 1412 1419 1439 hoc
1446 1418 1487 1439 est
1523 1413 1603 1440 homo
1633 1413 1732 1440 factum

108 1466 162 1488 est.

145 1506 195 1534 lZ'.
222 1506 290 1533 Ἀλλ’
307 1505 364 1532 οὔτι
379 1514 429 1531 που
445 1504 545 1539 σφόδρα
559 1506 617 1535 ταῖς
631 1504 659 1530 ἐν
672 1505 737 1539 ἡμῖν
752 1504 814 1538 περὶ
833 1502 891 1529 τού-

981 1502 1061 1529 XVll.
1088 1502 1339 1535 C:etcrum,eorum
1366 1505 1436 1531 dicta
1460 1512 1520 1531 cmn
1555 1506 1655 1532 nostris
1681 1513 1732 1532 non

108 1563 156 1581 του
180 1553 271 1586 δόξαις
294 1554 328 1578 τὰ
351 1553 464 1578 ἐκείνων
491 1551 741 1586 συμφέρεται.“Ενα
766 1550 815 1585 μὲν
842 1550 895 1584 γὰρ

109 1599 334 1635 ὁμολογουμένως
368 1598 565 1633 παραδέχονται
598 1597 645 1623 καὶ
676 1597 752 1622 αὐτοὶ
794 1595 896 1631 Ἰησοῦν

111 1647 238 1681 Χριστὸν,
254 1644 444 1680 παρωθοῦνται
460 1644 488 1670 δὲ
503 1644 572 1674 λίαν,
589 1643 626 1674 ὡς
640 1642 767 1673 δυσσεῆὲς
780 1643 820 1668 ὅτι
844 1642 895 1677 μά-

111 1693 199 1724 λιστα,
215 1691 388 1725 καταδιιστᾷν
409 1690 448 1721 εἱς
470 1689 516 1716 δύο
539 1689 584 1715 τὸν
602 1688 784 1723 Ἐμμανουήλ.
802 1689 897 1724 Ψυχῆς

112 1738 135 1765 δ’
148 1735 194 1765 οὖν
208 1737 282 1771 ὅμως
296 1736 346 1770 τῆς
360 1735 534 1770 ἀνθρωπίνης
557 1735 604 1760 καὶ
617 1734 728 1770 λογικῆς
743 1734 793 1769 τὴν
809 1734 897 1769 σάρκα

113 1781 281 1817 χωρίσαντες
302 1781 349 1806 καὶ
370 1779 571 1814 γυμνώσαντες,
589 1779 709 1814 ἡνῶσθαι
730 1788 811 1812 φασιν
828 1780 896 1815 αὐτῇ

114 1829 158 1855 τὸν
173 1829 204 1855 ἐκ
218 1827 286 1854 Θεοῦ
301 1827 399 1861 Λόγον·
413 1826 558 1861 ἐξεύρηται
570 1826 599 1852 δέ
614 1835 656 1856 τις
674 1825 764 1857 αὐτοῖς
788 1826 834 1852 καὶ
855 1835 898 1852 πι-

114 1873 202 1905 θανὸς,
226 1873 263 1903 ὼς
285 1871 398 1903 οἴονται,
417 1871 484 1906 πρὸς
501 1870 579 1897 τοῦτο
599 1870 687 1904 λόγος.
705 1870 745 1896 Τὰ
769 1870 822 1905 γάρ
845 1879 897 1902 τοι,

114 1920 196 1955 φασὶ,
219 1919 289 1946 κατὰ
316 1918 440 1945 σύνθεσιν
466 1918 534 1952 πρὸς
558 1917 616 1949 ἑνὸς
640 1917 742 1944 τελείου
769 1918 897 1944 σύστασιν

115 1964 370 2000 συνδεδραμηκότα,
390 1964 460 1999 μέρη
475 1972 504 1989 τε
523 1969 533 1982 ε
549 1963 596 1989 καὶ
609 1963 638 1995 ἐξ
659 1963 761 1989 ἀτελῶν
784 1963 898 1998 ὁρᾶσθαι

115 2012 199 2047 φιλεῖ·
214 2010 260 2037 τοῦ
278 2010 389 2041 τελείως
414 2010 521 2045 ἔχοντος
544 2009 605 2036 καθ’
619 2009 717 2039 ἑαυτὸ,
735 2010 782 2035 καὶ
808 2009 844 2041 ὼς
870 2010 898 2034 ἐν

117 2058 170 2093 ibi;
187 2057 277 2091 φύσει,
295 2057 345 2091 τῆς
364 2056 396 2082 ὲκ
411 2055 501 2090 μερῶν
515 2055 666 2086 συνθέσεως
682 2054 713 2080 οὺ
727 2054 896 2089 δεδεημένου.

949 1549 1016 1576 satis
1032 1553 1192 1584 congruunt.
1216 1548 1280 1576 Nam
1305 1554 1333 1576 et
1352 1550 1400 1584 ipsi
1414 1558 1520 1585 quoque
1539 1559 1621 1578 utunn
1646 1552 1733 1579 solum

949 1596 1084 1623 Christum
1118 1601 1210 1630 aperte
1243 1598 1421 1628 constituunt,
1451 1602 1477 1623 et
1506 1605 1588 1624 unum
1627 1597 1734 1624 Emma-

950 1641 1055 1669 nuelem
1079 1642 1106 1669 in
1134 1643 1200 1669 duos
1227 1642 1366 1673 divellere,
1392 1648 1518 1676 tanquam
1543 1651 1597 1670 rem
1628 1651 1733 1670 summa

950 1695 1010 1715 cum
1032 1688 1172 1722 impietate
1192 1688 1374 1722 coniunctam,
1395 1695 1568 1723 summopere
1589 1696 1734 1716 exsecran—

952 1738 996 1760 tur
1013 1742 1019 1760 :
1035 1733 1082 1760 sed
1098 1733 1216 1760 Verbum
1244 1734 1351 1761 interim
1367 1735 1454 1766 carui,
1471 1742 1530 1768 quas
1543 1734 1672 1768 humana,
1683 1736 1734 1762 hoc

951 1786 1001 1812 est,
1016 1781 1120 1807 ratione
1137 1780 1247 1814 praedita
1274 1781 1362 1807 anima
1388 1785 1468 1807 exuta
1494 1780 1674 1815 destitutaque
1688 1781 1733 1812 sit,

953 1827 1055 1852 unilutu
1069 1826 1232 1860 praedicant;
1248 1831 1273 1853 et
1289 1834 1338 1853 cur
1358 1827 1427 1853 istud
1450 1826 1596 1860 praedicare
1607 1827 1733 1858 debeant.

953 1870 1083 1898 rationem
1099 1871 1243 1897 admodum
1257 1870 1425 1905 plausibilem
1441 1872 1605 1906 comperisse
1614 1880 1644 1899 se
1656 1877 1735 1899 autu-

953 1921 1036 1943 mant.
1052 1916 1135 1943 Aiunt
1149 1916 1232 1949 enim,
1242 1924 1302 1950 qua:
1317 1917 1350 1943 ad
1375 1917 1453 1944 unius
1474 1916 1586 1951 perfecti
1605 1919 1736 1944 constitu-

953 1962 1053 1988 tionem
1076 1968 1125 1994 pcr
1148 1961 1370 1996 compositionem
1399 1966 1576 1992 concurrunt,
1591 1969 1622 1988 ea
1647 1958 1736 1996 partes

952 2015 1012 2035 esse
1020 2013 1047 2035 et
1058 2008 1276 2043 impcrl‘ectorum
1290 2011 1420 2036 rationem
1437 2009 1578 2040 obtinere;
1592 2017 1653 2036 nam
1665 2008 1735 2043 quod

952 2053 1100 2087 perfectum
1117 2059 1159 2081 est
1172 2062 1218 2088 per
1237 2062 1276 2087 se,
1291 2059 1372 2089 atquc
1386 2060 1415 2081 ut
1440 2054 1466 2081 in
1495 2054 1600 2089 propria
1628 2060 1735 2086 natura,

117 2103 272 2138 Τοιγάρτοι,
292 2101 368 2136 φασὶ,
401 2100 580 2135 παραιτητέον
613 2099 733 2131 εἰκότως,
757 2099 896 2133 ἄνθρωπον

953 2107 1005 2126 ttott
1027 2107 1094 2133 optts
1123 2100 1213 2130 habet.
1233 2105 1262 2126 ut.
1289 2099 1322 2127 ad
1348 2099 1486 2134 partiaiem
1514 2099 1735 2132 compositionem

116 2148 207 2175 δοῦναι
223 2147 336 2179 τέλειον,
350 2146 396 2173 τὸν
412 2145 593 2172 συνενωθέντα
609 2145 649 2179 τῷ
666 2145 743 2180 Λόγῳ
765 2144 839 2177 ναὸν,
855 2144 900 2171 ἵνα

116 2195 163 2222 καὶ
179 2195 195 2229 ἡ
213 2193 341 2225 ἓνωσιςίι,
358 2193 430 2228 ἥπερ
445 2193 478 2219 ἂν
501 2192 548 2218 ἐπὶ
563 2190 675 2226 Χριστῷ
698 2192 783 2217 νοοῖτο
807 2190 899 2225 τυχὸν,

117 2240 218 2275 ἀκριϐῆ
233 2248 262 2265 τε
288 2239 336 2265 καὶ
352 2238 511 2273 ἀδιάϐλητον
536 2237 581 2264 τὸν
608 2237 651 2263 ἐπ’
665 2237 749 2271 αὐτῆς
763 2236 900 2267 ἁποσώζοι

115 2286 204 2319 λόγον.
224 2285 279 2312 Καὶ
306 2285 360 2320 μὴν
382 2285 491 2311 κάκεῖνο
517 2282 659 2319 προσθεῖεν
681 2282 724 2313 ἂν,
739 2281 833 2318 ὥσπερ
854 2279 900 2308 οὖν

116 2331 234 2368 ἠγοῦμαι
247 2337 270 2364 ε,
282 2330 372 2357 πάλιν.
387 2330 417 2356 Et
431 2329 484 2365 γὰρ
499 2329 529 2361 ἐξ
543 2328 687 2363 ἀνθρώπου
697 2327 811 2359 τελείου,
821 2328 900 2362 φασὶ,

116 2377 162 2403 καὶ
177 2377 223 2402 τοῦ
241 2376 273 2403 ἐκ
287 2375 335 2402 τοῦ
351 2375 456 2410 [ἰατρὸς
474 2374 549 2405 ὄντος
562 2374 650 2408 Λόγου
665 2374 787 2408 φήσομεν
800 2373 808 2392 ί
828 2371 897 2399 εἶναι

115 2424 160 2450 τὸν
177 2421 360 2458 Ἑμμανουὴλ,
377 2421 407 2447 οὑ
439 2421 526 2456 βραχὺ
554 2421 583 2446 τὸ
611 2420 708 2454 δεῖμα,
739 2419 838 2454 μᾶλλον
869 2419 897 2445 δὲ

114 2468 279 2502 ἀδιάφυκτον
312 2467 362 2502 ἤδη
382 2475 440 2497 πως
472 2466 648 2499 ἀναφανεῖται
677 2464 780 2495 λοιπὸν,
797 2464 826 2489 τὺ
850 2463 896 2490 καὶ

115 2513 271 2548 ἀῆουλήτως
294 2512 350 2538 δεῖν
372 2511 419 2538 δύο
442 2511 490 2546 μὲν
505 2511 589 2542 υἱοὺς,
613 2510 746 2543 Χριστοὺς
767 2507 834 2536 δἀὗ
852 2509 898 2535 δύο

117 2559 222 2594 φρονεῖν
244 2567 274 2584 τε
298 2558 345 2584 καὶ
370 2557 469 2592 λέγειν.
485 2554 552 2583 Εἶτα
567 2556 711 2587 τίτούτοις
732 2555 898 2590 ἀπιτεροῦμεν

116 2606 209 2640 ἡμεῖς;
235 2603 346 2638 Πρῶτον
361 2604 420 2638 μὲν,
436 2603 475 2629 ὃτι
489 2602 539 2636 τῆς
555 2602 672 2633 πίστεως
685 2601 734 2636 τὴν
747 2600 831 2632 οὕτως
847 2601 898 2635 ἁρ-

150 2684 171 2699 ⁸⁰
193 2684 201 2710 l
217 2684 287 2710 Tim.
304 2691 334 2714 u,
413 2683 434 2698 “
457 2681 540 2708 lCor.
557 2688 614 2712 vnl,
630 2680 657 2707 6.

951 2145 1041 2171 Veniat
1056 2154 1063 2172 :
1080 2150 1161 2179 atque
1174 2145 1234 2172 ideo
1246 2145 1396 2172 cavendum
1410 2152 1471 2172 esse
1496 2145 1591 2172 sedqu
1616 2153 1650 2172 ne
1669 2149 1736 2172 teut-

950 2191 1035 2226 plum.
1050 2192 1122 2225 quod
1138 2191 1227 2219 Verbo
1240 2192 1346 2218 unitum
1364 2196 1417 2224 est,
1435 2191 1584 2225 perfectum
1599 2191 1735 2218 hominem

951 2238 1088 2265 exstitisse
1111 2238 1300 2269 concedentes,
1311 2243 1435 2264 exactam
1463 2238 1535 2264 illam
1559 2239 1639 2265 unius
1653 2239 1737 2265 ratio~

951 2290 1021 2315 nem,
1036 2290 1097 2317 qua:
1117 2283 1142 2310 in
1154 2283 1262 2310 Christo
1286 2284 1417 2310 accidisse
1440 2283 1618 2317 dignoscitur,
1632 2284 1736 2310 merita:

950 2329 1090 2355 calumnia:
1113 2336 1290 2363 exponamus.
1308 2329 1376 2362 Quin
1405 2334 1433 2355 et
1457 2329 1521 2356 illud
1547 2336 1653 2363 quoque
1685 2329 1736 2356 huc

953 2373 1105 2409 adjecturos
1122 2375 1260 2408 suspicor;
1280 2381 1386 2408 nempe,
1400 2375 1421 2400 si
1436 2381 1468 2401 ex
1483 2374 1590 2401 homine
1607 2375 1735 2408 perfecto,

953 2424 980 2447 et
992 2419 1037 2446 Dei
1054 2420 1143 2446 Patris
1160 2420 1246 2447 Verbo
1275 2420 1478 2447 Emmanueletn
1505 2420 1640 2446 coaluisse
1662 2420 1736 2446 dica-

949 2473 1020 2496 mus,
1037 2465 1063 2492 itt
1080 2465 1144 2492 illud
1161 2474 1208 2493 nos
1232 2471 1257 2493 et
1281 2474 1417 2500 magnum.
1434 2471 1458 2492 et
1476 2466 1555 2500 plane
1581 2467 1738 2493 inevitabile

948 2510 1096 2544 periculum
1110 2515 1238 2537 venturos
1254 2518 1323 2541 esse,
1335 2516 1364 2537 ut
1379 2511 1419 2537 vel
1437 2511 1511 2537 inviti
1524 2511 1590 2538 duos
1601 2511 1735 2544 Christos,

948 2561 975 2583 et
991 2556 1058 2583 duos
1085 2557 1176 2584 itideut
1199 2557 1267 2584 ﬁlios
1294 2562 1386 2584 tenere
1409 2562 1436 2584 et
1460 2557 1580 2591 proﬁteri
1597 2565 1735 2592 cogamur.

947 2601 1031 2634 Cedo,
1047 2603 1111 2636 quid
1141 2610 1189 2629 nos
1218 2604 1251 2630 ad
1280 2603 1336 2630 lucc
1360 2603 1738 2638 respondebimus?Apprime

659 2750 745 2779 νει-ἰαὶ
760 2751 888 2780 lectiones
904 2752 1005 2780 codicis
1024 2752 1204 2787 Seguieriani.

152 2828 162 2841 ε
184 2821 254 2857 μέρη
269 2822 296 2848 τέ
311 2822 371 2847 ;ἱσι.
410 2821 422 2840 d
442 2820 574 2851 σύνθεσις.
617 2826 627 2838 ε
649 2816 769 2855 ἐγῷμαι.

813 2820 821 2839 τ
837 2820 999 2855 συντίθεμεν
1014 2821 1059 2847 τὸν
1081 2821 1263 2856 Ἐμμανουήλ.
