1883 3056
146 119 216 147 “63

642 117 670 145 S.
692 117 826 146 CYBILLI
846 118 1080 146 ALEXANDRI‘NI
1100 115 1257 149 ARClllEP.

1715 115 1786 142 1164

145 179 349 212 mortalitatem,
361 183 389 206 et
402 185 462 206 eam
471 184 530 212 qua.-
541 184 574 205 ex
587 177 728 205 divinitate
738 178 931 212 proficiscitur,

1002 180 1062 207 οὖτο
1083 181 1162 213 εἰδὼς
1184 183 1198 208 ὀ
1223 181 1365 213 θεσπέσιος
1381 181 1481 216 γράφει
1505 178 1630 209 Παῦλος⁸
1658 176 1785 209 ίὯσπερ

143 226 320 253 securitatem
352 233 384 252 ac
415 224 582 256 ﬁrmitatem,
608 226 754 251 secundum
786 225 929 259 quamdam

144 272 240 305 gratia:
269 270 542 298 communicationem
571 269 597 296 in
618 270 774 298 universum
788 270 929 298 hominum

143 325 228 350 genus
241 318 418 344 transmittet.
431 315 515 351 Cujus
523 315 632 351 quidem
656 316 694 343 rei
707 317 813 344 divinus
829 316 931 344 Paulus

143 373 196 390 non
215 364 335 399 ignarus,
358 363 394 390 ita
409 363 524 390 scribit:
545 373 554 389 ι
580 363 655 390 Sicut
673 364 842 398 portavimus
865 364 932 391 itna-

141 410 233 442 ginent
254 409 367 441 terreni,
383 414 522 444 portemus
538 414 565 437 et
578 410 724 444 imaginem
739 410 859 438 caelestis
872 411 905 438 “.
918 420 927 437 ι

141 453 288 488 Imaginem
320 454 423 481 terreni
438 454 566 489 peccandi
584 455 802 489 propensionem,
815 459 843 482 et
856 463 929 482 mor-

141 507 195 534 gem
209 507 269 535 qua:
280 499 343 526 ltinc
360 499 458 531 oritur,
474 504 571 527 vocat:
583 504 611 526 at
631 507 696 527 vero
718 508 765 535 per
783 500 926 536 imaginem

140 545 270 577 cmlestis,
285 545 335 572 hoc
348 548 399 577 est,
410 544 524 577 Christi,
540 545 722 572 constantiam
753 545 778 573 in
806 547 966 581 sanctitate,

140 593 232 626 ptione
248 592 282 618 ad
295 591 378 618 vitam
387 591 653 619 etimmortalitatem
667 592 801 628 designat.

176 636 247 664 XXI.
269 637 367 664 Tottnn
384 637 476 671 itaque
496 635 544 664 Dei
561 636 678 664 Verbum
695 638 744 665 toti
763 643 867 666 natura:
884 647 934 666 no-

139 688 205 710 stra:
229 682 355 709 humana:
378 682 482 709 unitum
509 683 668 710 asserimus.
691 683 767 712 Nulla
795 686 867 712 enim
889 693 934 713 ra-

140 723 215 756 tione
232 728 381 762 putandum
394 732 446 760 cst,
468 728 591 762 principe
608 729 694 756 nostri
709 735 796 764 parte,
814 731 866 758 hoc
878 736 930 764 est,

139 774 229 801 anima
244 773 378 807 neglecta,
393 774 622 808 peregrinationis
633 783 689 802 sure
706 775 844 805 molestias
856 778 930 805 cartti

139 818 239 853 largiri.
251 813 379 846 Voluisse.
395 818 514 847 Pulchre
535 825 624 847 autem
643 829 691 855 per
708 827 853 858 utramque
868 832 932 859 par-

140 871 195 893 tem
225 865 437 899 dispensationis
464 871 665 894 sacramentum
687 868 823 901 perfecit:
848 877 931 897 carne

139 918 189 937 sua
209 915 336 944 tanquam
351 918 454 945 organo
476 911 510 938 ad
528 912 619 939 carnis
635 920 727 948 opera,
742 915 931 950 naturalesque

138 955 325 991 :egt'itudines,
338 963 370 983 ac
387 961 484 984 caetera
505 957 591 985 otlicia
613 959 819 994 vituperationis
834 969 930 996 exper-

138 1001 195 1034 tia;
216 1000 306 1027 anima
327 1008 433 1028 rursum
447 1001 481 1028 ad
506 1001 640 1030 humanas
665 1004 871 1040 inculpatasque
888 1006 929 1033 af-

138 1042 272 1073 fectiones
295 1047 432 1074 utebatur.
454 1046 522 1074 Nam
547 1052 574 1074 et
596 1048 726 1081 esuriem,
751 1054 779 1076 et
799 1050 929 1085 longioris

138 1092 245 1120 itineris
260 1092 392 1124 laborem,
415 1098 442 1120 et
465 1100 592 1127 pavorem
613 1102 644 1122 ac
661 1100 776 1128 metum,-
797 1101 824 1124 et
843 1097 929 1124 tristi-

139 1135 216 1170 tiam,
233 1143 261 1165 et
277 1145 417 1171 angorem,
432 1143 460 1165 et
475 1138 559 1173 ipsam
578 1139 695 1174 denique
711 1141 738 1167 in
756 1149 836 1169 crttcc
856 1150 929 1169 mor-

138 1188 193 1210 tem
208 1183 353 1217 pertulisse
368 1183 492 1212 traditur.
508 1184 614 1212 Etcnitn
637 1186 710 1213 nullo
728 1193 852 1222 cogente,
869 1189 929 1215 ani-

138 1222 210 1256 mam
230 1236 306 1256 suam
325 1230 410 1256 nostri
428 1237 510 1257 causa
527 1232 665 1265 posuit“,
688 1240 741 1267 quo
757 1234 883 1261 nimirum
901 1241 929 1262 et

138 1275 208 1301 vivis
222 1279 249 1301 et
261 1275 374 1302 mortuis
386 1275 574 1304 dominaretur
585 1277 619 1305 ⁸³,
636 1277 669 1305 Ει
680 1279 788 1313 quidem
802 1280 856 1315 19
867 1289 928 1308 car-

137 1327 199 1346 nem
215 1327 292 1346 suam
307 1320 376 1346 citra
395 1321 611 1349 controversiam
627 1322 796 1352 liberationis
811 1326 927 1359 pretium

137 1372 187 1400 pro
204 1365 325 1392 ontnium
344 1373 426 1393 carne
443 1366 593 1401 dependit;
609 1369 727 1396 anintam
744 1378 808 1398 vero
823 1371 925 1405 justum

137 1418 187 1445 pro
213 1410 366 1437 tnortaliutn
387 1411 510 1438 omnium
536 1412 678 1441 animabus
706 1415 822 1449 pretimn
849 1417 927 1443 exiti-

137 1456 208 1487 buit,
233 1456 341 1483 tatnetsi
358 1456 439 1483 vitam
454 1464 534 1491 quam
559 1465 687 1493 posuerat
703 1461 776 1495 (nam
791 1463 844 1488 vita
866 1467 926 1490 erat

984 226 1038 262 γὰρ
1057 227 1228 261 ἐφορέσαμεν
1244 227 1294 263 τὴν
1314 227 1405 253 εἰκόνα
1427 225 1475 253 τοῦ
1496 223 1601 260 χοϊκοῦ,
1617 222 1787 258 φορέσωμεν

984 273 1031 298 καὶ
1043 273 1092 306 τὴν
1111 273 1202 299 εἰκόνα
1216 273 1263 299 τοῦ
1278 272 1450 308 ἐπουρανίου.
1464 281 1473 297 ›
1486 270 1586 298 Εἰκόνα
1602 269 1653 305 μὲν
1668 267 1727 302 γὰρ
1738 266 1785 292 τοῦ

985 317 1090 352 χοϊκοῦ,
1109 318 1137 344 τὸ
1160 318 1298 345 εὐόλισθον
1326 318 1377 353 ἔφη
1403 318 1471 352 πρὸς
1489 315 1641 352 ἁμαρτίαν,
1658 314 1710 340 καὶ
1739 313 1785 338 τὸν

984 364 1110 391 ἐντεῦθεν
1127 365 1192 400 ἡμῖν
1215 365 1395 400 ὲπιρριφέντα
1411 364 1547 390 θάνατον·
1571 361 1668 388 εἰκόνα
1695 359 1726 385 δὲ
1751 355 1783 384 αὖ

983 410 1030 436 τοῦ
1058 411 1232 446 ἐπουρανίου,
1249 411 1373 438 τουτέστι
1399 409 1529 445 Χριστοῦ,
1551 408 1582 435 τὸ
1607 406 1719 442 ἑδραῖον
1745 405 1785 436 εἰς

984 456 1130 492 ἁγιασμόν,
1146 458 1192 484 καὶ
1209 457 1257 493 τὴν
1270 459 1302 484 ὲκ
1315 458 1430 484 θανάτου
1454 457 1501 483 καὶ
1519 455 1625 490 φθορᾶς
1647 454 1785 486 (iw-1°?“

982 503 1031 538 δήν
1046 512 1076 529 τε
1090 503 1137 530 καὶ
1151 504 1322 531 ἀνακαίνισιν
1334 505 1374 536 είς
1387 504 1542 539 ἀφθαρσίαν
1559 502 1607 529 καὶ
1622 500 1711 535 ζωήν.

985 549 1157 584 reditumque
1179 554 1207 576 et
1233 550 1455 578 instaurationem
1468 557 1502 576 ex
1519 554 1608 576 tnorte
1631 553 1660 574 et
1687 553 1784 574 corru-

1022 642 1088 670 ΚΝ.
1111 643 1192 670 Ὅ).ον
1216 641 1263 670 οὖν
1283 644 1331 680 ὅλῃ
1356 642 1525 679 συνηνῶσθαε
1547 649 1640 677 φαμεν
1665 640 1701 674 τῇ
1723 637 1774 664 καθ

984 689 1058 724 ἡμᾶς
1072 689 1263 725 ἀνθρωπότητι
1284 690 1330 716 τὸν
1346 690 1378 716 ὲκ
1395 689 1462 716 Θεοῦ
1476 689 1573 722 Λόγον.
1592 686 1632 713 Οὐ
1655 685 1714 719 γάρ
1731 692 1782 709 που

983 735 1014 761 τὺ
1037 735 1149 769 ἄμεινον
1180 738 1208 763 ἐν
1234 737 1308 771 ἡμῖν,
1330 737 1452 763 τουτέστι
1483 734 1584 770 ψυχὴν,
1614 732 1727 762 οὖδενδς
1752 730 1783 756 ἂν

983 781 1083 816 ἠξίωσε
1105 783 1197 816 λόγου,
1223 784 1290 819 μόνῃ
1315 783 1486 819 δωρούμενος
1499 784 1533 817 τῇ
1548 781 1634 817 σαρκὶ
1649 779 1705 814 τῆς
1721 778 1782 804 ἐπ’

982 827 1083 862 δημῐας
1097 829 1160 860 τοὺς
1176 828 1283 860 πόνους.
1306 830 1472 865 Ἐπράττετο
1489 829 1518 855 δὲ
1535 826 1629 857 καλῶς
1644 825 1680 852 δι’
1697 823 1782 858 ἄμφω

982 874 1030 908 τῆς
1058 875 1215 910 οἰκονομίας
1240 876 1272 901 τὸ
1300 877 1468 911 μυστήριον·
1494 873 1711 909 προσεχρήσατο
1742 869 1780 899 δὲ.

982 919 1110 956 καθάπερ
1122 921 1241 957 ὀργάνῳ,
1258 923 1292 958 τῇ
1315 922 1364 957 μὲν
1390 922 1442 957 ἰδίᾳ
1463 921 1556 956 σαρκὶ,
1577 918 1638 955 [τὰ]
1657 917 1730 952 πρὶς
1748 915 1781 942 τά

983 966 1085 1000 σαρκὸς
1107 966 1175 1001 ἔργα
1188 975 1216 993 τε
1235 968 1283 994 καὶ
1299 968 1508 1003 ἀρρωστήματα
1526 964 1641 1000 φυσικὰ,
1664 963 1715 990 καὶ
1731 963 1781 988 ὅσα

983 1011 1078 1046 μώμου
1097 1013 1204 1048 μακράν
1215 1020 1222 1027 ⁸
1239 1013 1311 1049 ψυχῇ
1325 1014 1346 1040 δ’
1360 1011 1393 1040 αὖ
1411 1015 1443 1048 τῇ
1463 1013 1526 1048 ἰδίᾳ,
1540 1012 1610 1047 πρὸς
1625 1011 1660 1037 τὰ
1673 1009 1780 1044 ἀνθρώ·

981 1058 1047 1085 πινὰ
1062 1067 1091 1084 τε
1106 1059 1152 1086 καὶ
1165 1059 1313 1086 ἀνυπαίτια
1328 1060 1414 1094 πάθη.
1429 1060 1559 1094 Πεινῆσαι
1582 1058 1638 1093 γὰρ
1652 1057 1779 1091 λέγεται,

981 1105 1082 1136 κόπους
1112 1105 1274 1139 ὑπενεγκεῖν
1300 1106 1364 1138 τοὺς
1392 1106 1424 1132 ἐκ
1452 1105 1566 1141 μακρῶν
1600 1103 1778 1140 ὁδοιποριῶν,

981 1151 1076 1182 πτοίας
1092 1160 1122 1177 τε
1141 1152 1189 1178 καὶ
1205 1152 1316 1186 φόϐους,
1331 1153 1378 1179 καὶ
1395 1151 1495 1187 λύπην,
1511 1152 1558 1178 καὶ
1573 1150 1712 1184 ἀγωνίαν,
1730 1149 1778 1175 καὶ

980 1197 1025 1224 τὸν
1042 1197 1089 1223 ἐπὶ
1105 1197 1145 1232 τῷ
1167 1197 1278 1232 σταυρῷ
1296 1197 1422 1224 θάνατον.
1444 1196 1708 1230 Ἐπαναγκάζοντος
1723 1195 1777 1229 γὰρ

979 1241 1097 1272 οὐδενὸς,
1113 1241 1235 1268 τέθεικεν
1256 1242 1303 1276 ἀφ’
1325 1242 1422 1269 ἑαυτοῦ
1440 1241 1488 1278 τὴν
1505 1242 1574 1268 ἰδίαν
1587 1241 1681 1276 ψυχὴν
1706 1240 1776 1275 ὑπὲρ

978 1287 1070 1322 ἡμῶν,
1088 1288 1131 1315 ἵνα
1145 1288 1192 1314 καὶ
1203 1289 1307 1324 νεκρῶν
1327 1290 1374 1316 καὶ
1391 1288 1500 1320 ζώντων
1514 1288 1664 1324 κυριεύσῃ
1686 1287 1775 1322 σάρκα

980 1334 1030 1368 μὲν
1048 1334 1097 1369 τὴν
1122 1334 1201 1367 ἰδίαν,
1216 1335 1265 1370 τῆς
1290 1335 1418 1362 ἁπάντων
1437 1334 1538 1371 σαρκὸς
1563 1334 1775 1364 ἀνταποτιννῦς,

978 1379 1064 1415 δῶρον
1083 1380 1191 1414 ἀληθῶς
1201 1381 1338 1414 ἀντάξιον·
1347 1381 1436 1416 ψυχὴν
1448 1381 1487 1412 δὲ,
1504 1381 1595 1416 ψυχῆς
1612 1381 1775 1416 ἀντίλυτρον

977 1423 1028 1458 τῆς
1043 1425 1171 1451 ἁπάντων
1186 1426 1359 1460 ποιούμενος,
1380 1427 1404 1452 εἰ
1422 1427 1469 1453 καὶ
1486 1427 1588 1453 ἀνεϐίω
1605 1426 1700 1457 πάλιν,
1716 1426 1774 1461 ζωὴ

978 1471 1050 1497 κατὰ
1065 1471 1146 1505 φύσιν
1162 1472 1292 1507 ὑπάρχων
1306 1472 1344 1502 ὠς
1359 1472 1436 1504 Θεός.
1453 1473 1508 1498 Καὶ
1519 1472 1587 1507 γοῦν
1599 1473 1612 1499 ὁ
1628 1472 1774 1503 Θεσπέσιος

135 1509 167 1533 ut
186 1503 256 1531 Deus
283 1504 431 1531 secundum
460 1506 599 1540 naturalis;
622 1505 711 1533 denuo
736 1510 924 1542 resumpserit.

1004 1503 1082 1552 ἑτροξ
1093 1536 1100 1548 ,
1120 1528 1128 1542 ι
1148 1503 1262 1553 Ἀνδρεξ
1276 1518 1399 1552 ἀδελφοὶ,
1414 1503 1508 1554 ίρησὶν,
1524 1503 1584 1552 ei)”
1599 1520 1689 1546 εἰπεῖν
1703 1520 1774 1555 μετὰ

135 1550 205 1578 Hinc
219 1550 327 1577 divinus
348 1549 467 1578 Petrus:
487 1559 496 1576 t
512 1549 578 1584 Viri,
597 1551 694 1586 inquit,
719 1552 829 1584 fratres.
847 1555 928 1582 liceat

136 1600 270 1624 audenter
286 1598 377 1624 dicere
400 1596 433 1623 ad
452 1604 498 1624 vos
513 1597 546 1624 de
570 1598 723 1632 patriarcha
740 1599 836 1632 David,
859 1609 927 1636 quo-

136 1643 209 1669 niam
223 1647 250 1670 et
262 1641 406 1670 defunctus
422 1647 475 1674 est,
491 1647 517 1669 et
533 1643 654 1678 sepultus
665 1648 717 1676 est,
731 1648 757 1670 et
770 1645 925 1680 sepulcrum

135 1688 194 1722 ejus
208 1693 250 1715 est
265 1688 336 1722 apud
362 1695 412 1715 nos
428 1695 514 1722 usque
534 1689 561 1716 in
584 1689 745 1717 hodiernutn
761 1691 844 1718 diem.
859 1691 927 1719 Pro-

135 1736 215 1769 pheta
236 1735 318 1769 igitur
337 1742 399 1761 ctttn
415 1739 498 1767 esset,
520 1739 549 1762 et
571 1735 655 1763 sciret
671 1737 735 1771 quia
750 1738 925 1772 jurejurando

132 1782 254 1815 jurasset
284 1781 321 1807 illi
351 1781 431 1813 Deus,
461 1781 494 1808 de
524 1781 613 1809 l'ructu
638 1782 722 1810 lumbi
750 1784 808 1818 ejus
830 1786 926 1812 sedere

135 1837 216 1864 super
230 1829 321 1856 sedem
335 1827 406 1863 ejus,
433 1828 578 1863 providens
597 1829 701 1857 loeutus
720 1836 761 1857 est
783 1833 815 1858 de
835 1839 926 1858 resur-

135 1875 255 1901 rectione
277 1874 389 1908 Christi,
417 1877 479 1910 quia
496 1883 584 1910 neque
609 1877 754 1905 derelictus
777 1879 861 1906 estin
883 1880 925 1906 in-

134 1921 224 1953 lerno,
240 1928 328 1955 neque
340 1928 405 1948 caro
421 1921 480 1955 ejus
497 1922 563 1948 vidit
575 1923 778 1956 corruptionem
790 1925 822 1950 “3.
842 1934 851 1950 ι
869 1924 925 1952 Nec

133 1965 206 1992 enim
234 1965 276 1991 fas
297 1970 339 1992 est
364 1965 465 1998 dicere,
493 1973 603 1992 carnem
628 1965 718 1993 Verbo
745 1968 848 1994 unitam
874 1968 924 1994 abi-

134 2010 243 2046 quando
260 2011 379 2046 potuisse
404 2012 551 2046 corrumpi,
568 2017 615 2038 aut
633 2012 752 2040 divinam
771 2013 843 2040 illam
865 2014 924 2040 ani-

134 2065 205 2085 matn
229 2059 300 2086 intra
323 2058 422 2086 inferni
441 2063 535 2094 portas
555 2059 682 2087 detineri.
698 2060 777 2094 Nam,
806 2066 835 2087 ut
854 2061 924 2088 divi-

134 2112 188 2132 nus
212 2103 310 2132 Petrus
321 2104 370 2136 ait,
391 2104 481 2132 anima
505 2104 564 2139 ejus
581 2105 607 2132 in
625 2105 733 2133 inferno
755 2106 850 2134 relicta
868 2114 922 2134 non

132 2150 194 2178 fuit.
217 2150 311 2186 Neque
335 2158 400 2178 vero
423 2155 549 2178 naturam
572 2150 732 2186 illatn,qute
755 2160 806 2180 nec
831 2158 921 2181 mente

132 2197 344 2232 comprehendi,
374 2204 460 2232 neque
485 2204 534 2232 per
557 2202 673 2225 mortem
704 2198 838 2226 ullatenus
862 2200 921 2235 capi

131 2248 231 2278 potest,
245 2244 296 2271 hoc
309 2248 350 2270 est
362 2242 500 2279 Unigcniti
513 2244 694 2278 divinitatem,
707 2251 722 2272 e
735 2245 920 2274 subterraneis

131 2289 186 2316 illis
200 2290 334 2323 specubus
352 2297 459 2316 rursum
480 2290 626 2318 emersisse
641 2290 763 2319 dicemus
776 2300 783 2318 :
797 2292 919 2326 quando-

131 2336 240 2370 quidem
273 2335 346 2362 nulla
369 2336 549 2363 admiratione
572 2337 682 2371 dignum
706 2343 798 2370 esset,
823 2338 846 2366 si
872 2339 919 2366 Dei

131 2382 251 2410 Verbum
270 2383 418 2409 divinitatis
434 2383 459 2409 vi
477 2383 656 2418 ejusdemque
672 2382 791 2411 efﬁcacia
814 2386 918 2419 nixum,

131 2429 200 2463 apud
214 2428 315 2455 inferos
332 2436 385 2455 non
403 2429 558 2462 mansisset,
573 2436 633 2456 cum
648 2430 845 2458 admirabiliter
857 2440 918 2459 Oll-

130 2475 210 2501 nibus
242 2474 324 2506 adsit,
353 2474 518 2509 impleatque
546 2476 648 2502 omnia.
679 2475 772 2503 Deitas
799 2485 917 2512 namque

129 2519 203 2546 omni
222 2519 282 2547 loco
296 2524 324 2546 et
339 2520 603 2555 circumscriptione,
622 2526 650 2548 et
669 2523 845 2550 mensurabili
861 2532 919 2551 ma-

129 2565 269 2599 gnitudine
292 2566 427 2599 superior,
454 2573 469 2593 a
495 2566 570 2593 nullo
602 2567 662 2600 capi
689 2570 917 2602 eomprehendivc

129 2617 227 2645 potest.

164 2681 186 2697 ’το
208 2681 217 2708 l
232 2681 293 2709 Cor.
316 2690 360 2716 xv,
374 2682 418 2710 49.
456 2683 478 2698 ⁶¹
499 2682 508 2710 l
523 2683 602 2712 Joan.
618 2692 659 2718 ιιι,
676 2685 719 2714 l6.

759 2685 781 2701 ⁶²
802 2685 880 2714 Rom.
899 2694 953 2720 MV,
968 2688 996 2716 9.

978 1563 1134 1597 παρρησίας
1151 1564 1220 1598 πρὸς
1239 1564 1312 1599 ὑμᾶς
1336 1565 1401 1599 περὶ
1416 1565 1463 1591 τοῦ
1478 1566 1652 1601 πατριάρχου
1678 1565 1772 1597 Δαϐὶδ,

976 1607 1018 1633 ὅτι
1033 1608 1081 1633 καὶ
1097 1608 1257 1644 ἐτελεύτησε
1275 1610 1323 1636 καί
1339 1610 1427 1646 ἐτάφη
1441 1631 1448 1642 ,
1464 1611 1511 1638 καὶ
1527 1612 1557 1637 τὸ
1575 1612 1672 1646 μνῆμα
1689 1612 1772 1638 αὑτοῦ

977 1653 1051 1680 ἐστιν
1066 1655 1096 1681 ἐν
1119 1655 1184 1690 ἡμῖν
1207 1655 1271 1692 ἄχρι
1293 1656 1344 1691 τῆς
1362 1658 1468 1693 ἡμέρας
1485 1658 1599 1693 ταύτης.
1623 1660 1773 1696 Προφήτης

976 1697 1023 1726 οὖν
1039 1700 1182 1735 ὑπάρχων,
1204 1702 1251 1728 καὶ
1266 1701 1346 1732 εἰδὼς
1359 1722 1366 1734 ,
1383 1703 1423 1729 ὅτι
1446 1704 1521 1739 ὅρκῳ
1543 1705 1652 1739 ὤμοσεν
1668 1706 1746 1741 αὐτῷ
1759 1708 1773 1733 ὁ

977 1746 1054 1779 Θεὸς,
1069 1747 1101 1773 ὲκ
1115 1748 1222 1782 καρποῦ
1244 1748 1292 1783 τῆς
1309 1749 1409 1783 ὀσφύος
1424 1750 1506 1777 αὐτοῦ
1527 1751 1641 1779 καθίσαι
1665 1754 1712 1780 ἐπὶ
1725 1754 1772 1780 τοῦ

977 1791 1072 1827 θρόνου
1094 1793 1188 1826 αὐτοῦ,
1213 1794 1346 1829 προειδὼς
1369 1795 1484 1830 ἐλάλησε
1508 1797 1639 1833 περὶτῆς
1653 1799 1771 1826 ἀναστέ-

977 1847 1046 1870 eam;
1062 1838 1109 1865 τοῦ
1131 1840 1261 1874 Χριστοῦ,
1280 1841 1321 1867 ὅτι
1343 1841 1404 1868 οὔτε
1429 1843 1628 1880 ἐγκατελείφθη
1656 1847 1672 1880 ἡ
1699 1847 1772 1882 ψυχὴ

976 1883 1060 1910 αὐτοῦ
1073 1885 1113 1916 εἰς
1125 1885 1203 1920 ᾅδην,
1217 1886 1274 1913 οὔθ’
1288 1888 1303 1922 ἡ
1323 1887 1392 1923 σὰρξ
1406 1889 1489 1915 αὑτοῦ
1503 1888 1557 1916 οἵδε
1572 1890 1736 1927 διαφθοράν.
1757 1904 1767 1919 ι

975 1929 1013 1955 Οὐ
1031 1929 1138 1966 γάρτοι
1150 1930 1230 1966 θέμις
1247 1933 1344 1966 εἰπεῖν,
1372 1934 1460 1970 φθορᾷ
1480 1935 1531 1969 μὲν
1546 1935 1678 1964 δύνασθαι
1702 1947 1770 1974 κρι-

974 1975 1081 2002 τεῐσθαί
1095 1985 1160 2003 ποτε
1182 1978 1232 2014 τὴν
1253 1979 1401 2006 ἑνωθεῖσαν
1422 1981 1461 2016 τῷ
1480 1982 1559 2018 Λόγῳ
1584 1984 1687 2018 σάρκα,
1704 1986 1769 2012 κάτ-

974 2029 1037 2056 οχον
1045 2022 1068 2048 δ’
1076 2020 1111 2049 αὖ
1122 2025 1181 2056 ταῖς
1191 2024 1255 2060 ᾅδου
1270 2025 1367 2057 πύλαις
1381 2027 1430 2061 τὴν
1442 2027 1517 2055 θείαν
1527 2029 1767 2067 γενέσθαιψυχήγ

974 2068 1026 2095 οὐκ
1036 2069 1234 2106 ἐγκατελείφθη
1243 2071 1296 2106 γὰρ
1309 2072 1348 2104 εἰς
1363 2072 1440 2108 ᾅδην,
1450 2073 1522 2101 καθὰ
1534 2075 1581 2102 καὶ
1595 2076 1608 2102 ὁ
1621 2075 1769 2108 θεσπέσιος

974 2112 1026 2148 ἔφη
1045 2113 1160 2149 Πέτρος.
1176 2115 1213 2140 Οὺ
1229 2116 1283 2150 γάρ
1303 2125 1354 2142 που
1367 2118 1418 2152 τήν
1433 2127 1462 2144 τε
1482 2118 1603 2153 ἄληπτον
1617 2122 1768 2154 παντελῶς,

975 2158 1023 2185 καὶ
1044 2159 1182 2187 ἀνάλωτον
1203 2161 1243 2196 τῷ
1261 2161 1369 2198 θανάτῳ
1386 2163 1479 2197 φύσιν,
1495 2166 1620 2193 τουτέστι
1635 2167 1688 2202 τὴν
1709 2168 1768 2194 0εὸ-

974 2211 1044 2239 τητα
1057 2204 1105 2231 τοῦ
1122 2205 1312 2240 Μονογενοῦς.
1338 2208 1393 2235 τῶν
1410 2209 1463 2236 ὑπὸ
1486 2209 1568 2245 χθόνα
1586 2213 1684 2248 μυχῶν
1704 2215 1769 2241 ἁνα-

973 2250 1135 2296 κεκομίσθαι
1149 2253 1271 2288 φήσομεν
1282 2262 1289 2269 ·
1304 2254 1366 2281 οὔτε
1382 2255 1436 2291 γὰρ
1452 2256 1485 2283 ἂν
1503 2256 1609 2293 ἠξιώθη
1624 2260 1655 2286 τὸ
1673 2261 1768 2296 χρῆμα

972 2294 1123 2331 θαύματος,
1141 2299 1165 2324 εἰ
1187 2299 1224 2334 μὴ
1254 2300 1409 2336 μεμένηκεν
1423 2303 1464 2334 εις
1477 2303 1524 2329 τὸν
1539 2303 1607 2340 ᾅδην
1623 2305 1638 2332 ό
1652 2294 1766 2334 Efeso-3

969 2343 1067 2377 Λόγος,
1100 2345 1132 2380 τῇ
1155 2345 1205 2380 τῆς
1239 2346 1366 2382 θεότητος
1395 2349 1522 2384 ἐνεργείᾳ
1541 2358 1572 2376 τε
1598 2352 1647 2378 καὶ
1675 2352 1764 2386 φύσει,

971 2389 1134 2424 παραδόξως
1163 2399 1193 2416 τε
1225 2392 1272 2417 καὶ
1303 2393 1373 2428 ὑπὲρ
1402 2393 1492 2428 λόγον,
1515 2395 1628 2431 πληρῶν
1657 2398 1707 2432 μὲν
1733 2400 1764 2425 τὰ

972 2435 1070 2466 πάντα,
1087 2437 1135 2463 καὶ
1150 2438 1206 2468 τοῖς
1222 2439 1304 2464 πᾶσιν
1319 2439 1471 2476 ἐπιδημῶν.
1480 2441 1630 2478 *Δνώτερον
1642 2444 1698 2478 γάρ
1713 2453 1762 2470 που

973 2481 1019 2506 καὶ
1036 2482 1216 2518 περιορισμοῦ
1235 2484 1281 2510 καὶ
1294 2484 1377 2511 τόπου
1392 2487 1440 2513 καὶ
1453 2487 1586 2522 μεγέθους
1602 2489 1763 2526 μετρητοῦα-

970 2528 1001 2552 τὸ
1017 2527 1106 2559 Θεῖον,
1124 2529 1190 2555 αὐτὸ
1209 2529 1238 2555 δὲ
1254 2531 1307 2557 ὑπὸ
1321 2532 1437 2566 μηδενὸς
1450 2533 1638 2570 χωρούμενον.

1036 2689 1058 2704 ⁸⁸
1076 2689 1138 2717 Act.
1156 2698 1185 2723 tt,
1202 2691 1292 2720 29-51.

676 2762 759 2789 Varia:
775 2762 908 2792 lectiones
928 2764 1030 2792 codicis
1046 2764 1228 2800 Seguieriani.

164 2839 179 2860 It
192 2835 290 2870 μέτρου
304 2837 349 2863 καὶ
364 2837 457 2872 τόμου.
475 2837 622 2874 Utrumque
636 2839 712 2867 dccst
726 2840 751 2868 in
772 2842 934 2878 manuscript

1002 2843 1156 2877 rgnierano.
