1883 3056
111 204 184 232 HG?"

590 199 635 228 DE
656 199 769 226 RECTA
790 198 867 226 FIDE
887 199 931 225 AD
952 198 1176 227 TIIEODOSIUM
1197 199 1267 225 IMP.

1672 200 1740 226 “th

149 263 214 290 KB’.
227 260 381 297 Παράδοξον
392 264 403 279 ³
417 259 445 287 δὲ
459 259 507 287 καὶ
523 259 613 286 οὐδενὶ
630 259 684 286 τῶν
697 259 781 285 ὄντων
796 258 892 294 θαυμαι

999 258 1072 286 ΚΧΙΙ.
1096 258 1192 285 Mirum
1216 265 1281 285 vero
1308 257 1393 285 rideri
1420 258 1510 290 debet,
1539 258 1609 292 quod
1644 266 1742 294 corpus

110 308 176 335 στὸν
187 312 210 338 ³.
225 308 266 334 ὅτι
282 306 362 341 σῶμα
384 305 433 340 μὲν
450 305 549 331 ἀνεϐίω
566 304 595 331 τὸ
613 306 647 340 τῇ
672 304 752 339 φύσει
766 304 901 339 φθαρτόν·

109 349 146 386 ἦν
161 352 215 386 γὰρ
234 351 299 377 ἴδιον
311 349 358 376 τοῦ
374 349 514 385 ἀφθάρτου
526 350 625 383 Λόγου.
634 348 712 384 Ψυχὴ
724 349 751 375 δὲ
765 349 797 384 δὴ
811 349 903 381 πάλιν,

110 397 163 431 τὴν
187 396 255 432 πρὸς
279 396 360 423 αὑτὸν
376 394 498 429 λαχοῦσα
513 395 667 431 συνδρομήν
683 403 712 420 τε
728 396 775 422 καὶ
790 396 899 426 ἕνωσιν,

112 443 336 478 καταπεφοίτηκε
354 442 403 478 μὲν
427 443 467 474 εἰς
485 442 561 478 ᾅδου,
585 442 732 477 θεοπρεπεί
745 442 774 469 δὲ
789 441 903 476 δυνάμει

113 489 163 516 καὶ
194 489 304 524 ἐξουσίᾳ
331 488 471 524 χρωμένη,
495 489 618 520 καὶτοῖς
645 490 734 515 ἐκεῖσε
765 487 903 521 πνεύμασι

114 535 304 570 κατεφαίνετο.
335 534 484 570 Τοιγάρτοι
523 535 570 562 καὶ
600 534 704 568 ἔφασκε,
726 535 781 565 τοῖς
809 534 838 559 ἐν
863 533 905 559 δε-

115 583 209 617 σμοῖς·
227 592 238 607 ‹
262 574 399 614 Ἐξέλοετε
409 590 416 597 ο
431 581 546 613 καὶτοῖς
560 582 588 607 ἐν
605 580 643 615 τῷ
656 580 761 607 σκότει·
786 580 902 606 Ἀνακα-

113 627 260 655 λύπτεσθε.
279 637 288 653 ι
307 627 360 654 Καί
378 637 422 663 μοι
448 627 522 654 δοκεῖ
543 627 626 661 φάναι
643 635 669 653 τι
691 626 811 653 τοιοῦτον
827 625 875 652 καὶ
891 626 905 652 ὁ

115 671 259 703 θεσπέσιος
280 671 382 706 Πέτρος
405 671 471 707 περὶ
491 671 540 697 τοῦ
568 671 636 697 Θεοῦ
663 671 762 705 Λόγου,
786 670 833 697 καὶ
855 671 905 704 τῆς

114 719 177 745 καθ’
191 718 286 746 ἕνωσιν
306 718 461 754 οἰκονομίας
473 720 481 736 ι
498 718 686 753 γεγενημένης
702 717 784 744 αὑτοῦ
796 716 886 751 ψυχῆς
896 725 902 731 ·

117 775 127 791 ι
148 767 279 802 Κρεῖττον
295 765 349 801 γὰρ
361 764 604 800 ἀγαθοποιοῦντας,
623 765 647 790 εἱ
664 763 735 790 θέλοι
754 763 784 789 τὸ
798 762 904 798 θέλημα

113 813 163 839 τοῦ
176 812 255 845 θεοῦ,
269 813 396 848 πάσχειν,
409 813 426 847 ἢ
441 811 674 841 κακοποιοῦντας·
689 811 730 837 ὅτι
746 810 793 836 καὶ
809 809 824 836 ὁ
835 809 905 844 Χρι-

115 859 180 891 στὸς
198 858 272 891 ἅπαξ
288 858 359 894 ὑπὲρ
374 857 546 894 ἁμαρτωλῶν
563 857 683 883 ἀπέθανε
694 876 701 888 ,
716 856 819 887 δίκαιος
835 855 905 890 ὑπὲρ

114 905 226 938 ἀδίκων,
251 905 284 931 ἵν’
299 905 373 940 ἡμᾶς
397 903 562 940 προσαγάγῃ
587 902 626 938 τῷ
649 902 719 937 Θεῷ,
737 900 905 933 Θανατωϐεὶς

115 951 166 984 μὲν
192 950 292 986 σαρκὶ,
318 949 496 984 ζωοποιηθεὶς
518 949 546 975 δὲ
570 949 609 984 τῷ
631 948 785 983 πνεύματι·
818 949 847 974 ἐν
870 944 902 982 ᾦ,

114 997 192 1031 φησι,
222 996 269 1022 καὶ
300 997 355 1027 τοῖς
387 996 416 1022 ἐν
451 996 558 1031 φυλακῇ
591 994 728 1030 πνεύμασι
760 993 903 1028 πορευθεὶς

114 1033 432 1077 ἐκήροξενβπειθήσασὶ
444 1049 519 1068 ποτε.
534 1051 543 1067 ι
559 1041 626 1068 Οὐδὲ
639 1041 704 1075 γὰρ,
720 1038 809 1075 οἶμαι,
825 1041 903 1074 φαῖεν

114 1086 159 1117 ἂν,
182 1086 218 1118 ὡς
242 1085 333 1121 γυμνὴ
347 1087 394 1113 καὶ
410 1086 469 1113 καθ’
489 1086 588 1121 ἑαυτὴν
610 1087 626 1120 ἠ
642 1085 738 1121 θεότης
753 1085 798 1111 τοῦ
815 1086 903 1112 Μονο-

114 1130 211 1164 γενοῦς
232 1130 453 1166 καταπεφοίτηκε
477 1131 526 1166 μὲν
543 1131 583 1162 εἰς
607 1131 682 1166 ᾄδοι),
711 1130 854 1166 διεκήρυξε
874 1129 902 1156 δὲ

113 1178 170 1208 τοῖς
193 1177 282 1203 ἐκεῖσε
305 1176 459 1212 πνεύμασιν
476 1196 483 1209 ,
509 1177 630 1209 ἄποπτος
654 1175 721 1204 οὖσα
743 1176 900 1208 παντελῶς·

114 1223 235 1257 κρεῖττον
250 1223 304 1258 γὰρ
318 1223 361 1249 ἀεὶ
380 1223 427 1249 τοῦ
441 1223 556 1259 ὁρᾶσθαι
568 1223 600 1250 τὸ
621 1223 708 1250 Θεῖον.
727 1223 799 1249 Ἀλλ’
812 1223 842 1249 οὐ
859 1222 902 1249 ὅσα

113 1269 194 1302 κήσει
208 1268 254 1295 καὶ
265 1269 509 1304 ὲσχηματισμένως
531 1269 571 1300 είς
587 1269 616 1295 τὸ
630 1269 720 1304 ψυχῆς
735 1267 804 1300 εἶδος
817 1269 901 1303 αὐτὴν

116 1313 313 1349 μεμορφῶσθαι
337 1313 458 1349 δώσομεν
470 1321 476 1328 ·
503 1315 687 1349 παραιτητέον
704 1314 758 1350 γὰρ
778 1315 904 1349 πανταχῆ

113 1360 164 1394 τὴν
178 1360 298 1395 δόκησιν.
307 1359 376 1386 Ἀλλ’
391 1359 486 1396 ὥσπερ
501 1361 559 1392 τοῖς
570 1361 616 1387 ἐπὶ
630 1361 683 1396 γῆς
695 1361 902 1395 συνανεστράφη

115 1407 187 1442 μετὰ
200 1407 311 1442 σαρκὸς,
328 1406 399 1434 οὕτω
423 1407 470 1433 καὶ
493 1408 554 1438 ταῖς
569 1408 609 1439 εἰς
624 1407 687 1443 ᾇδου
702 1407 801 1442 ψυχαῖς
814 1407 904 1441 διεκή-

116 1452 206 1488 ρυξεν,
232 1453 297 1481 ἴδιον
324 1453 395 1488 ἔχων
423 1453 549 1488 φόρημα,
576 1453 625 1488 τὴν
654 1453 801 1480 ὲνωθεῖσαν
827 1452 902 1488 αὑτῴ

117 1500 218 1535 ψυχήνι

115 1546 260 1580 degebant,
286 1551 408 1574 versatus
432 1545 516 1574 estin
541 1552 677 1580 corpore;
695 1545 731 1572 ita
765 1545 917 1580 spiritibus,

956 309 1052 338 suapte
1070 308 1165 331 natura
1189 303 1309 330 interittti
1333 309 1360 330 et
1380 303 1460 331 morti
1474 303 1621 331 obnoxium
1649 305 1683 330 ad
1705 305 1743 331 ri-

957 353 1011 376 tam
1033 349 1122 376 denuo
1156 349 1269 376 redierit
1291 357 1298 375 :
1322 348 1347 376 id
1373 349 1446 376 enim
1474 349 1636 376 immortalis
1660 348 1742 375 Verbi

956 395 1096 430 proprium
1120 399 1190 422 erat.
1215 394 1261 422 Sic
1285 402 1394 430 quoque
1418 395 1518 427 anima,
1539 403 1599 429 qua:
1616 403 1676 422 cum
1699 396 1744 424 iito

957 441 1100 476 conjuncta
1115 441 1294 477 copulataque
1311 441 1409 475 fuerat,
1424 443 1456 468 ad
1470 442 1572 470 inferos
1584 443 1743 476 descendit,

956 488 1100 523 divinaque
1114 488 1214 515 virtute
1231 495 1263 516 ac
1279 488 1400 523 potentia
1416 492 1506 520 utens,
1521 489 1661 522 spiritibus
1676 497 1744 523 quo-

956 541 1009 567 que
1024 533 1123 561 ibidem
1140 533 1256 568 captivis
1269 540 1329 560 sese
1344 533 1467 561 exhibuit
1479 533 1511 560 ⁸⁵.
1529 534 1636 561 Etenim
1653 535 1684 562 iis
1698 535 1744 569 qui

955 578 1072 606 vinculis
1098 578 1134 606 ibi
1151 578 1292 605 constricti
1312 578 1506 606 detinebantur
1522 588 1528 605 :
1548 588 1557 604 ι
1573 579 1661 611 Exite,
1682 581 1718 606 ait
1736 589 1742 606 :

957 625 990 652 iis
1001 632 1064 652 vero
1083 624 1129 660 qui
1149 625 1269 652 tenebris
1280 625 1490 660 operiebantur:
1503 625 1669 653 Revelamini
1684 627 1716 652 (⁵.
1731 636 1740 652 ι

955 671 1044 706 Atque
1070 671 1123 698 huc
1150 671 1214 698 mihi
1241 678 1355 706 magnus
1393 671 1437 699 ille
1463 671 1562 700 Petrus
1589 673 1744 708 respexisse

956 716 1071 749 videtur,
1091 723 1151 743 eum
1166 716 1200 742 de
1218 715 1266 743 Dei
1284 715 1383 748 Verbo,
1401 715 1576 751 ejusdemque
1593 718 1743 745 secundum

956 762 1182 797 dispensatoriam
1209 762 1336 789 unionem
1363 763 1464 795 anima,
1493 763 1564 790 hunc
1582 764 1607 790 iu
1634 766 1742 791 modum

956 808 1135 836 conciouatur
1151 817 1158 834 :
1175 817 1184 834 ‹
1201 807 1296 836 Melius
1319 815 1359 836 est
1384 809 1457 836 enim
1485 809 1688 838 benefacicutes
1709 812 1742 844 (si

956 855 1079 882 voluntas
1097 854 1143 881 Dei
1162 854 1238 890 velit)
1256 855 1322 890 pali,
1339 862 1419 889 quam
1436 855 1639 884 malefacicntes
1656 866 1661 882 :
1679 858 1743 891 quia

956 906 983 928 et
998 901 1124 928 Christus
1140 901 1222 928 semel
1242 908 1291 935 pro
1305 902 1424 936 peccatis
1440 904 1540 930 nostris
1555 908 1678 931 mortuus
1690 909 1742 936 est,

921 939 940 967 Β
952 948 1043 982 justus
1064 954 1113 982 pro
1125 947 1244 982 injustis,
1259 947 1313 982 20
1327 951 1355 974 ut
1379 954 1428 974 nos
1444 947 1554 976 offerret
1568 948 1622 976 Deo
1636 957 1642 981 ;
1669 957 1743 977 mor-

955 994 1073 1021 lilicalus
1104 993 1213 1028 quidem
1248 1000 1348 1025 carne,
1384 992 1535 1021 viviﬁcatus
1569 1001 1657 1022 autem
1688 996 1743 1030 spi-

955 1039 1048 1071 ritu",
1080 1039 1106 1066 in
1131 1046 1185 1074 quo
1207 1043 1234 1066 et
1257 1039 1299 1066 his
1316 1039 1362 1074 qui
1382 1039 1408 1066 in
1432 1047 1544 1068 carcere
1568 1045 1647 1068 erant
1662 1041 1744 1076 spiri-

955 1087 1025 1113 tibus
1050 1086 1163 1113 veniens
1188 1085 1365 1120 praedicavit,
1392 1086 1439 1120 qui
1476 1086 1606 1114 increduli
1636 1087 1744 1115 fuerant

953 1130 1108 1166 aliquando.
1116 1139 1125 1155 ι
1140 1129 1196 1158 Nec
1207 1137 1271 1158 vero
1281 1130 1376 1158 dicent-
1384 1131 1553 1159 divinitatem
1564 1141 1610 1166 per
1621 1140 1649 1160 se
1660 1133 1743 1160 solam

957 1177 990 1204 ad
1009 1176 1112 1204 inferos
1132 1177 1317 1209 descendisse,
1339 1170 1535 1212 spiritibusque
1559 1179 1657 1206 ibidem
1680 1188 1744 1207 cuu—

956 1223 1039 1250 clusis
1062 1223 1242 1258 praedicasse;
1268 1231 1329 1251 cum
1357 1223 1415 1258 ipsa
1441 1225 1551 1252 omnino
1575 1227 1626 1252 sub
1652 1227 1745 1254 oculos

958 1277 1010 1296 nou
1025 1269 1120 1301 cadat,
1143 1269 1370 1304 prmstanliorque
1398 1269 1444 1302 sit,
1467 1277 1550 1304 quam
1580 1276 1608 1297 ut
1631 1273 1664 1299 ab
1689 1273 1744 1299 ullo

957 1314 1030 1341 cerni
1049 1318 1142 1350 queat.
1159 1314 1214 1342 Nec
1228 1314 1309 1341 etiam
1329 1315 1532 1342 concedendum
1551 1321 1591 1343 est
1616 1317 1699 1351 ipsam
1717 1319 1742 1344 in

957 1365 1131 1395 apparentem
1154 1360 1252 1388 animae
1276 1361 1393 1395 speciem
1416 1362 1634 1389 trausl‘onmuam
1660 1371 1744 1391 esse:

954 1406 1090 1440 siquidem
1117 1410 1236 1433 externae
1263 1405 1340 1434 istius
1366 1399 1531 1441 apparentia:
1560 1413 1744 1436 commentum

956 1453 1070 1481 omnino
1088 1452 1223 1487 repudiari
1249 1452 1337 1479 debet.
1361 1452 1415 1480 Sed
1433 1453 1658 1487 quemadmodum
1680 1453 1745 1481 Uni-

956 1500 1063 1534 genitus
1088 1507 1152 1526 cum
1181 1499 1232 1530 iis,
1255 1498 1299 1532 qui
1328 1506 1354 1525 In
1389 1499 1549 1533 corporibus
1573 1500 1628 1527 suis
1654 1501 1745 1528 adhuc

955 1545 1000 1579 qui
1028 1545 1098 1579 apud
1123 1544 1225 1571 inferos
1252 1544 1427 1577 tenebantur,
1458 1545 1577 1573 animam
1600 1552 1690 1574 mente
1717 1553 1744 1576 ct

116 1592 224 1619 ratione
243 1593 383 1626 praeditam
402 1592 453 1620 sibi
470 1592 644 1627 conjunctam
662 1592 776 1623 habens,
794 1592 974 1619 ecueionatus
994 1595 1047 1619 est.

153 1639 217 1665 Kl”.
236 1638 292 1665 Καὶ
310 1638 393 1673 βαθὺς
409 1639 458 1674 μὲν
476 1638 539 1670 ἴσως
555 1639 603 1665 καὶ
617 1638 772 1675 ἀπόρρητος
799 1638 896 1674 ἀ).ηθῶ‹

999 1637 1087 1665 XXIII.
1109 1637 1156 1665 Est
1180 1645 1247 1666 sane
1263 1637 1461 1666 incarnationis
1484 1640 1578 1668 modus
1602 1642 1742 1671 admodum

116 1685 165 1712 καὶ
184 1686 246 1717 ταῖς
268 1686 417 1721 ἡμετέραις
441 1685 572 1717 διανοίαις
593 1685 643 1720 οὺχ
666 1684 802 1720 ἁλώσιμος
821 1686 835 1711 ὁ
854 1684 905 1719 τῆς

115 1731 350 1766 ὲνανθρωπήσεως
363 1730 473 1766 τρόπος.
497 1731 600 1757 Ἐκεῖνο
615 1731 637 1757 δ’
654 1728 700 1757 οὖν
717 1731 792 1765 ὅμως
806 1730 903 1758 ἀναλο-

115 1776 241 1810 γίζεσθαι
264 1775 381 1811 πρέπει⁸
403 1776 438 1803 τὰ
459 1775 513 1811 γάρ
527 1784 569 1802 τοι
595 1775 632 1811 μὴ
654 1775 715 1802 καθ’
732 1776 807 1811 ἡμᾶς
825 1775 906 1802 πολυ-

117 1823 298 1858 πραγμονεῖν,
315 1822 365 1848 οὐχ
379 1822 497 1857 ἀζήμιον
508 1830 515 1838 ·
542 1822 706 1849 ἀνούστατον
725 1821 753 1849 δὲ
766 1821 906 1854 παντελῶς

116 1869 147 1896 τὸ
165 1868 291 1904 βασάνοις
311 1868 458 1903 ὑποφέρειν
471 1869 505 1895 τὰ
521 1868 591 1903 ὑπὲρ
604 1868 679 1900 νοῦν,
698 1869 743 1895 καὶ
759 1867 906 1904 πειρᾶσθαι

116 1916 187 1942 νοεῖν
206 1914 225 1942 ἃ.
249 1915 298 1950 οὐχ
311 1912 419 1942 οἷόντε.
435 1916 470 1941 Ἥ
484 1915 534 1942 οὐκ
554 1913 643 1948 οῖσοα,
666 1916 707 1942 ὅτι
730 1917 761 1941 τὸ
786 1914 853 1949 βαθὺ
874 1915 905 1950 δὴ

117 1960 197 1988 τοῦτο
213 1960 372 1996 μυστήριον,
389 1960 436 1987 καὶ
448 1959 511 1987 νοῦν
525 1961 659 1996 ὑπερέχον
674 1960 719 1987 τὸν
735 1961 763 1986 ἐν
779 1960 857 1994 ἡμῖν,
872 1961 905 1995 τῇ

117 2007 197 2042 ἡμῶν
208 2006 419 2042 ἀπεριεργάστῳ
433 2006 525 2033 πίστει
552 2007 714 2042 τετίμηται;
729 2007 765 2034 Τὸ
777 2007 806 2034 δὲ
823 2008 906 2034 ὰσυν-

117 2055 187 2087 έτως
205 2055 310 2088 λέγειν,
335 2064 345 2080 ι
361 2054 422 2086 Πῶς
435 2054 543 2081 δύναται
558 2053 644 2080 ταῦτα
665 2053 809 2087 γενέσθαι;
829 2062 837 2078 ι
857 2053 906 2079 Νι-

119 2101 233 2137 κοδήμῳ
242 2109 271 2127 τε
284 2101 381 2136 ἐκείνῳ
402 2100 450 2127 καὶ
465 2100 522 2131 τοῖς
536 2101 598 2127 κατ’
614 2099 697 2126 αὑτὸν
709 2100 906 2135 ἀπονέμοντες,

119 2146 314 2177 ἁνενδοιάστως
330 2144 547 2180 παραδεξώμεθα
564 2144 599 2172 τὰ
609 2145 654 2171 διὰ
663 2144 709 2171 τοῦ
731 2144 804 2171 θείου
822 2144 907 2171 Πνεύ-

122 2199 207 2226 ματος
230 2189 475 2226 χρησμῳδούμενα,
496 2190 543 2217 καὶ
569 2189 643 2224 αὑτῷ
662 2189 691 2216 δὲ
715 2189 906 2224 πιστεύσωμεν

119 2237 225 2271 λέγοντι
243 2235 351 2272 Χριστῷ
362 2244 368 2249 ·
388 2245 398 2261 ‹
418 2235 514 2271 Ἀμὴν,
530 2235 603 2271 ἀμὴν
615 2235 686 2269 λέγω
711 2236 785 2271 ὑμῖν,
799 2235 817 2262 ἃ
833 2235 903 2262 οἶδα.

120 2292 181 2319 μεν,
207 2282 352 2318 λαλοῦμεν,
377 2283 425 2310 καὶ
445 2281 464 2309 ἃ
480 2282 654 2318 ἑωράκαμεν,
674 2282 876 2318 μαρτυροῦμεν.
895 2291 904 2308 ι

119 2329 240 2365 υίχὲσῦω
253 2330 285 2365 δὴ
302 2326 349 2356 οὖν
363 2329 446 2364 λῆρος
463 2329 512 2363 μὲν
528 2327 611 2361 ἄπας,
636 2328 720 2364 μῦθός
735 2337 764 2354 τε
777 2327 906 2364 ἀδρανὴς,
924 2322 945 2349 ι)

119 2377 166 2403 καὶ
185 2375 356 2414 ψευδοδοξία,
374 2376 420 2402 καὶ
438 2374 668 2410 κεκομψευμένων
691 2375 842 2410 ῥημάτωνιι
865 2383 910 2409 cpe-

119 2423 266 2457 νακισμός·
292 2421 463 2457 προσιέμεθα
485 2420 544 2447 οὔτι
570 2429 622 2447 που
647 2420 678 2447 τὸ
714 2420 908 2447 κατασίνεσῢαι

119 2469 242 2504 πεφυκὸς
253 2488 261 2501 ,
277 2468 328 2495 κᾶν
347 2468 372 2494 εἰ
388 2469 444 2499 τοῖς
461 2467 531 2502 ἄγαν
552 2467 760 2502 ὲξησκημένοις,
787 2467 834 2493 καὶ
855 2467 908 2502 μὴν

119 2516 167 2542 καὶ
181 2515 289 2550 πικροῖς
303 2515 379 2549 ἡμᾶς
392 2515 586 2550 κατακροτοῖεν
607 2519 620 2533 ν
637 2513 726 2547 λόγοις
741 2514 764 2540 οἱ
785 2513 818 2540 δι’
831 2514 906 2539 ὲναν-

119 2562 189 2592 eia;
207 2561 285 2587 Ἐστι
301 2561 355 2595 γὰρ
378 2560 407 2586 τὸ
429 2560 500 2587 θεῖον
525 2560 605 2594 ἡμῶν
629 2560 780 2595 μυστήριον
804 2559 854 2585 οὐκ
877 2559 906 2584 ἐν

120 2607 223 2638 πειθοῐς
237 2606 331 2641 σοφίας
345 2606 519 2641 ἀνθρωπίνης
534 2606 635 2640 λόγοις,
652 2605 709 2633 ἀλλ’
724 2606 753 2630 ἐν
767 2603 907 2636 ἀποδείξει

121 2653 290 2688 Πνεύματος.

958 1684 1076 1716 subtilis,
1097 1691 1214 1718 vereque
1235 1684 1452 1719 inexplicabilis;
1478 1677 1539 1714 talis
1556 1688 1674 1722 domum,
1696 1691 1744 1724 qui

958 1731 1132 1765 cogitatiOnis
1152 1735 1302 1766 captusque
1317 1725 1403 1759 nostri
1419 1734 1558 1768 angustias
1573 1734 1665 1763 multis
1684 1744 1746 1771 par-

958 1777 1030 1805 tibus
1050 1777 1174 1804 excedal.
1191 1777 1362 1812 Quapropter
1381 1778 1449 1806 illud
1473 1779 1569 1808 iterum
1594 1781 1746 1817 iterumque

958 1823 1111 1858 expendere
1139 1831 1187 1850 nos
1209 1824 1313 1850 decet:
1335 1831 1449 1859 nempe,
1477 1830 1507 1852 ut
1534 1827 1655 1861 periculo
1692 1837 1746 1856 non

959 1873 1038 1897 \‘acat
1059 1869 1196 1897 curiosius
1215 1869 1242 1897 iu
1261 1878 1293 1897 ea
1309 1870 1457 1905 inquirere,
1476 1879 1536 1907 quae
1553 1873 1669 1901 humana
1692 1883 1744 1902 non

959 1921 1020 1942 sunt
1034 1924 1040 1942 :
1055 1915 1091 1942 ita
1113 1920 1242 1943 extremm
1259 1916 1403 1944 dementia:
1418 1917 1503 1945 videri
1523 1927 1554 1946 ea
1571 1927 1631 1954 quae
1648 1921 1746 1948 mentis

959 1966 1059 1989 nostrae
1085 1963 1171 1990 aciem
1194 1963 1349 1996 excedunt,
1373 1959 1486 1992 humani
1507 1965 1601 2000 judicii
1633 1967 1744 1994 trutina:

959 2009 1093 2044 subjicere
1113 2008 1202 2036 moliri
1218 2018 1224 2036 :
1240 2009 1282 2036 vel
1306 2009 1339 2036 ad
1362 2017 1456 2037 eorum
1484 2018 1591 2038 rursum
1615 2012 1748 2048 cognitio—

959 2063 1020 2082 nem
1048 2055 1127 2086 eniti.
1157 2062 1217 2090 quae
1243 2055 1317 2082 nullo
1343 2061 1424 2090 pacto
1448 2060 1541 2084 nostra
1569 2057 1746 2093 intelligentia

959 2100 1153 2136 comprehendi
1178 2105 1300 2136 possunt.
1322 2100 1416 2128 Nescis
1432 2102 1591 2136 profundum
1615 2103 1666 2131 hoc
1689 2111 1748 2139 my-

959 2147 1085 2180 sterium,
1100 2147 1231 2182 omnique
1247 2147 1367 2175 humano
1377 2155 1459 2176 sensu
1477 2148 1630 2180 sublimius.
1645 2149 1697 2177 ﬁde
1713 2151 1747 2177 ab

959 2193 1032 2220 omni
1060 2193 1167 2220 curiosa
1193 2193 1320 2228 indagine
1341 2193 1429 2221 aliena
1455 2194 1584 2222 honorari
1609 2203 1624 2222 ιι
1649 2196 1749 2223 nobis?

959 2238 1140 2272 Quamobrem
1158 2238 1266 2266 stultam
1281 2238 1352 2266 illam
1368 2239 1544 2273 quaestionem
1558 2248 1565 2268 :
1584 2250 1593 2266 ‹
1608 2240 1747 2273 Quomodo

960 2290 1073 2328 possunt
1094 2286 1150 2313 haec
1167 2285 1224 2313 fieri
1237 2285 1281 2311 '7?
1296 2294 1305 2311 ι
1328 2285 1474 2313 Nicodemo
1487 2286 1600 2321 ejusque
1615 2287 1748 2313 similibus

961 2331 1164 2366 relinquentes,
1191 2330 1259 2358 citra
1292 2329 1374 2358 ullam
1402 2330 1601 2358 haesitationem
1629 2331 1748 2366 Spiritus

958 2377 1046 2404 sancti
1063 2377 1172 2404 oracula
1192 2376 1384 2410 suscipiamus,
1404 2377 1510 2412 ipsique
1530 2377 1639 2405 Christo
1661 2378 1693 2405 de
1719 2386 1748 2405 se

958 2423 1078 2458 loquenti
1104 2423 1184 2450 ﬁdem
1211 2423 1407 2450 ltabeamuszt
1423 2423 1520 2457 Amen,
1546 2423 1644 2458 inquit,
1668 2432 1747 2452 amen

958 2469 1019 2496 dico
1038 2468 1126 2500 vobis,
1155 2468 1218 2503 quia
1245 2475 1305 2502 quae
1321 2468 1432 2500 scimus,
1457 2467 1611 2503 loquimur;
1645 2474 1673 2496 et
1689 2477 1749 2504 qua:

959 2514 1084 2547 vidimus,
1098 2514 1270 2541 testamur".
1287 2523 1296 2540 ι
1313 2514 1428 2541 Valeant
1443 2514 1524 2549 igitur
1539 2514 1645 2548 deliria,
1661 2515 1750 2543 faces-

961 2565 1022 2588 Sunt
1038 2567 1133 2588 omnes
1149 2559 1263 2587 inﬁrmae
1278 2560 1311 2587 ad
1327 2560 1543 2594 persuadendum
1565 2560 1672 2593 fabulae,
1689 2561 1749 2596 opi-

963 2605 1110 2639 nionesque
1127 2604 1212 2638 falsae,
1229 2611 1260 2632 ac
1275 2604 1476 2639 phaleratarum
1491 2605 1646 2632 vocularum
1664 2606 1751 2640 impo-

964 2655 1066 2677 sturae:
1081 2650 1146 2677 nihil
1161 2650 1233 2677 enim
1254 2650 1325 2684 quod
1343 2649 1534 2678 detrimentum
1550 2649 1650 2678 all‘erre
1671 2651 1751 2683 SOIrl,

121 2699 302 2732 admittimus;
322 2698 429 2726 etiamsi
460 2698 608 2726 adversarii
639 2697 875 2725 exercitatissimis
906 2697 1102 2730 acerrimisque
1130 2695 1282 2724 rationibus
1312 2704 1362 2725 nos
1392 2696 1570 2732 pulsaverint.
1602 2696 1648 2726 Est
1678 2698 1750 2726 enim

157 2776 180 2792 “
199 2776 207 2802 I
224 2776 297 2804 Pelr.
313 2785 352 2809 tu,
370 2776 410 2802 lt).
451 2777 472 2791 “
494 2775 545 2802 lsa.
562 2783 635 2807 XLIX,
650 2776 677 2802 9.

717 2775 740 2791 “
760 2774 768 2801 Ι
785 2775 856 2802 Petr.
875 2783 917 2806 ιιι,
933 2775 976 2806 l7,
995 2774 1039 2802 IS.

1078 2775 1100 2790 "
1121 2775 1198 2802 Joau.
1216 2783 1258 2806 tu,
1275 2775 1302 2801 9.
1342 2775 1365 2791 “
1385 2775 1450 2804 ibid.
1466 2776 1510 2804 Η.

668 2852 753 2880 Varia:
770 2852 899 2880 lectiones
914 2852 990 2880 codic
1004 2861 1017 2880 s
1029 2853 1210 2888 Srgtteiriani.

159 2927 173 2945 ι
187 2924 217 2950 οὐ
231 2923 391 2958 παράδοξον.
430 2927 441 2942 ⁸
455 2923 638 2959 ἀθαύμαστον.
680 2924 688 2942 ι
705 2924 888 2960 οἰκονομικήν.

926 2928 939 2942 υ
955 2923 1107 2960 ῥηματίων.

1146 2929 1159 2944 V
1175 2924 1310 2960 κρατοῖεν.
