1883 3056
159 137 173 165 Ι
180 138 232 166 169

639 139 682 167 DE
702 140 816 170 [lEt'TA
835 142 914 170 FIDE
935 144 981 170 AD
1002 143 1228 172 TIIEODOSIUM
1245 145 1314 172 lill’.

1721 145 1785 173 H70

155 197 325 234 ἀπορρήτοις
342 199 388 226 καὶ
403 199 473 235 ὑπὲρ
489 200 551 228 νοῦν
564 201 725 238 ἀναλάμψας
737 204 833 238 Λόγος,
850 214 926 240 γεγει

1027 214 1065 239 us,
1090 207 1135 242 qui
1152 207 1261 242 quidem
1287 214 1319 234 ex
1340 207 1392 233 Deo
1412 203 1493 232 Patre
1517 205 1637 232 nascitur
1653 211 1682 232 ut
1703 206 1785 239 Deus,

155 244 258 280 νῆσθαι
277 242 385 279 λέγεται
401 245 433 272 ἐκ
454 247 598 280 γυναικὸς,
622 250 828 285 καταφοιτήσας
848 252 876 277 ἐν
901 253 947 279 ἀν-

155 289 331 326 θρωπότητι,
346 291 393 318 καὶ
407 291 502 324 καθεὶς
517 293 613 321 ἑαυτὸν
627 296 667 326 εἰς
680 296 749 331 ὅπερ
766 296 815 323 οὐκ
829 295 863 332 ἦν
874 306 880 313 ⁸
898 299 946 334 οὐχ

155 335 203 363 ἵνα
218 336 297 373 μείνῃ
311 338 507 372 κεκενωμὲνος,
523 339 581 366 ἀλλ’
595 340 639 367 ἴνα
651 341 716 373 Θεὸς
735 340 802 369 εἶναι
817 344 946 380 πιστεύη-

153 391 221 414 ται,
239 383 286 410 καὶ
300 384 329 410 ἐν
344 383 409 410 εἴδει
423 384 461 420 τῷ
484 385 544 412 καθ’
567 387 642 422 ἡμᾶς
656 388 785 424 πεφηνὼς
807 390 854 416 ἐπὶ
876 392 944 426 γῆς,

152 431 205 465 οὐχ
217 430 254 462 ὡς
268 431 297 457 ὲν
309 431 446 467 ἀνθρώπῳ
460 434 636 469 κατοικήσας,
653 435 711 462 ἀλλ’
727 436 765 467 ὡς
778 437 858 468 αὐτὸς
875 438 945 464 κατὰ

152 476 307 512 ἀλήθειανά
331 478 475 513 ἄνθρωπος
491 480 620 515 γεγονὼς,
647 483 717 518 μετὰ
735 484 783 509 τοῦ
806 484 856 518 τὴν
875 484 943 512 ἰδίαν

152 522 348 551 ἀνασώσασθαι
371 525 459 558 δόξαν.
485 526 541 552 Καὶ
560 526 625 561 γοῦν
641 529 655 554 ὁ
674 527 817 561 θεσπέσιος
837 530 944 563 Παῦλος

151 568 191 595 τὰ
204 569 271 596 πολὺ
286 570 335 605 τῆς
352 571 474 606 ἀλλήλων
490 572 699 608 ὁμοουσιὸτητος
728 574 890 610 διεστηκότα
914 585 944 603 τε

153 613 204 640 καὶ
225 615 373 651 ἀμετρήτῳ
387 616 504 652 διαφορᾷ
526 617 751 653 διεσχοινισμὲνα,
776 619 891 655 θεότητά
913 629 943 647 τε

153 659 203 686 καὶ
215 660 422 697 ἀνθρωπότητα,
439 663 576 698 συλλέγων
590 664 631 695 είς
643 664 674 691 ἓν
690 666 880 700 οἰκονομικῶς,
897 667 943 693 καὶ

147 705 185 739 ἐξ
197 707 299 742 ἀμφοῖν
313 707 358 734 τδν
373 707 421 734 ἕνα
438 708 653 744 κατασημαίνων
669 709 786 746 Χριστὸν
808 711 854 738 καὶ
879 711 943 739 Υἰὸν

152 752 201 778 καὶ
214 752 290 785 Θεὸν,
320 763 330 778 ι
350 753 456 786 Παῦλος
470 754 572 786 δοῦλος,
596 755 688 790 φησὶν,
708 756 795 790 Ἰησοῦ
811 757 942 791 Χριστοῦ,

151 798 253 834 κλητὸς
285 799 452 833 ἀπόστολος,
479 801 671 836 ἀφωρισμένος
704 803 744 833 εἰς
776 803 942 837 Εὑαγτέλιον

151 844 232 878 Θεοῦ,
247 845 261 872 δ
278 847 514 883 προεπηγγείλατο
526 848 570 874 διὰ
582 848 636 875 τῶν
653 848 802 885 προφητῶν
816 849 899 876 αὑτοῦ
913 850 942 876 ὲν

151 890 275 926 Γραφαῖς
292 892 385 926 ἁγίαις
402 892 525 928 περὶτοῦ
539 893 605 920 Υἱοῦ
620 894 716 926 αὑτοῦ,
729 894 776 921 τοῦ
791 895 939 930 γενομένου

150 936 185 962 ὲκ
209 936 366 972 σπέρματος
392 939 473 966 Δαϐὶδ
494 939 565 966 κατὰ
584 940 684 975 σάρκα,
711 940 758 967 τοῦ
785 941 941 977 ὁρισθέντος

150 979 218 1006 Υίοῦ
233 980 302 1008 Θεοῦ
322 982 351 1008 ὲν
370 983 504 1018 δυνάμει,
526 983 597 1010 κατὰ
617 983 726 1019 πνεῦμα
741 985 908 1021 ἁγιωσύνης.
927 995 935 1011 ι

156 1026 223 1054 Ἰδοὺ
234 1027 266 1063 δὴ
283 1028 377 1063 σαφῶς
390 1029 545 1064 ἀφωρίσθαι
559 1029 642 1064 φησὶν
653 1030 749 1057 ἑαυτὸν
759 1031 799 1062 είς
815 1031 938 1065 Εὐαγγὲ-

148 1072 207 1100 λιον
217 1073 295 1108 Θεοῦ,
314 1075 404 1101 καίτοι
418 1075 533 1110 γράφων
550 1076 712 1111 ἀναφανδόν·
731 1086 740 1102 ι
756 1078 792 1104 Οὐ
806 1077 860 1114 γὰρ
876 1079 939 1104 ἐαυ-

148 1120 214 1151 ςοὺς
226 1120 409 1156 κηρύσσομεν,
421 1121 489 1149 ἀλλὰ
501 1123 619 1157 Χριστὸν
635 1122 747 1158 Ἰησοῦν·
762 1133 772 1150 ι
788 1124 835 1151 καὶ
846 1123 937 1151 πάλιν·

152 1174 162 1191 ε
180 1166 216 1191 Οὐ
231 1165 286 1202 γὰρ
300 1166 397 1202 ἔκρινά
416 1175 442 1194 τι
458 1168 557 1195 εἰδέναι
571 1169 600 1195 ἐν
625 1169 700 1202 ὑμῖν,
715 1170 740 1196 εί
763 1169 800 1205 μὴ
821 1170 938 1206 Χριστὸν

155 1212 270 1248 Ἰησοῦν,
287 1213 335 1240 καὶ
346 1213 441 1240 τοῦτον
456 1214 675 1251 ἐσταυρωμένον.
692 1225 702 1241 ι

958 881 978 908 Β

998 253 1052 287 22
1067 260 1099 280 ex
1114 260 1190 280 sacra
1207 258 1295 280 autent
1309 251 1417 287 Virgine
1433 256 1463 279 ut
1481 251 1573 279 homo.
1596 251 1700 279 Etenim
1715 251 1786 279 idem

999 298 1062 325 illud
1086 298 1202 327 Verbum
1227 298 1298 333 quod
1323 297 1506 333 inexplicabili
1527 298 1625 331 modo,
1651 304 1786 332 supraque

997 351 1104 371 omnem
1131 345 1261 372 humanae
1283 344 1381 371 mentis
1411 349 1520 379 captum
1551 344 1636 371 eluxit
1668 351 1700 371 ex
1730 342 1786 371 Deo

998 389 1086 422 Patre,
1106 389 1131 417 in
1150 390 1296 417 humanam
1317 394 1440 416 naturam
1459 389 1637 422 descendens,
1661 393 1690 416 et
1709 389 1735 415 in
1757 389 1784 416 id

997 437 1069 471 quod
1087 444 1142 464 non
1166 442 1227 464 erat
1251 444 1281 464 se
1304 436 1455 468 dimittens,
1480 443 1514 463 ex
1540 435 1654 463 muliere
1678 443 1786 470 quoque

996 483 1096 510 dicitur
1113 488 1206 510 natutn
1219 492 1228 510 :
1247 490 1299 510 tton
1324 491 1378 517 quo
1396 486 1519 510 maneret
1539 482 1720 513 exinanitum,
1737 482 1784 508 sed

995 528 1067 556 Deus
1091 536 1153 556 esse
1170 528 1342 561 crederetur,
1361 533 1505 563 postquam
1528 527 1609 555 etiam
1636 527 1662 554 in
1680 532 1784 554 naturae

996 578 1095 601 nostra:
1108 573 1194 600 forma
1211 574 1236 601 in
1264 574 1345 601 terris
1366 574 1493 608 apparuit
1511 582 1518 600 :
1537 581 1590 600 non
1609 578 1735 607 tanquam
1759 574 1783 600 is

994 619 1041 655 qui
1061 619 1198 647 hominem
1216 619 1364 653 inhabitet,
1381 619 1428 648 sed
1446 625 1574 655 tanquam
1597 620 1621 647 is
1636 620 1681 655 qui
1702 620 1783 647 homo

996 667 1083 701 reipsa
1098 666 1224 699 exsistat,
1243 666 1327 702 gloria
1346 670 1436 694 tamen
1456 674 1504 693 sua
1525 674 1636 701 prorsus
1654 666 1781 693 incolumi

994 715 1021 738 et
1034 711 1119 738 salva.
1136 710 1306 746 Quapropter
1321 712 1429 738 divinus
1444 710 1543 738 Paulus
1561 711 1740 744 divinitatem,
1756 717 1783 739 et

994 757 1213 789 humanitatem,
1241 765 1301 792 qua:
1322 757 1394 792 quod
1423 758 1456 785 ad
1486 763 1590 785 naturae
1615 758 1782 785 identituteut

994 803 1103 835 attinet,
1121 803 1279 838 longissimo
1296 803 1450 835 intervallo,
1477 803 1664 838 immensoque
1683 803 1782 831 discri-

996 850 1068 876 mine
1090 857 1105 876 a
1127 855 1156 877 se
1179 853 1272 876 muttto
1289 849 1401 881 distant,
1425 848 1626 883 dispensatione
1651 849 1677 876 in
1699 857 1781 876 unum

995 902 1104 929 cogens.
1122 899 1150 921 et
1163 901 1199 921 ex
1221 894 1347 928 utrisque
1364 901 1446 920 unum
1469 894 1619 926 Christum,
1634 893 1718 921 Deum
1734 893 1782 920 Fi-

993 939 1059 967 lium
1078 942 1206 968 constare
1228 939 1387 973 ostendens,
1403 939 1439 966 ita
1456 939 1496 966 ait
1513 948 1520 967 :
1539 949 1548 965 ι
1563 939 1662 966 Paulus
1687 947 1782 967 servus

993 985 1057 1014 Jesu
1072 986 1186 1019 Christi,
1197 991 1310 1013 vocatus
1325 985 1474 1020 apostolus,
1487 992 1644 1020 segregatus
1654 986 1680 1012 in
1693 985 1782 1012 Evan-

992 1032 1091 1067 gelium
1119 1031 1177 1064 Dei,
1200 1031 1271 1066 quod
1295 1036 1358 1058 ante
1382 1030 1546 1065 promiserat
1569 1038 1618 1065 per
1636 1031 1787 1065 prophetas

992 1086 1056 1106 suos
1073 1079 1099 1105 in
1115 1077 1266 1113 Scripturis
1287 1078 1391 1105 sanctis
1409 1078 1441 1105 de
1463 1077 1532 1104 Filio
1548 1084 1609 1109 suo,
1624 1077 1670 1112 qui
1693 1076 1782 1104 factus

989 1129 1034 1152 est
1059 1124 1083 1152 ei
1111 1131 1146 1151 ex
1169 1124 1274 1152 semine
1300 1123 1385 1150 David
1412 1123 1562 1151 secundum
1589 1131 1711 1155 carnem,
1735 1123 1781 1157 qui

991 1169 1198 1206 prtedeslinatus
1214 1174 1256 1197 est
1271 1169 1356 1196 Filius
1370 1168 1417 1196 Dei
1442 1168 1470 1196 in
1493 1168 1605 1201 virtute,
1630 1167 1787 1196 secundutn.

991 1216 1119 1251 spiritum
1140 1215 1412 1243 sanctiﬁcationis“.
1432 1221 1441 1242 ι
1468 1215 1540 1243 Ecce
1566 1215 1614 1243 tibi
1634 1220 1727 1250 aperte
1753 1215 1780 1241 in

147 1256 325 1293 Evangeiium
351 1260 397 1288 Dei
423 1266 594 1296 segregatum
620 1262 746 1290 afﬁrmat.
769 1262 849 1296 Atqui
875 1262 938 1290 alibi
959 1262 1060 1290 diserte
1094 1262 1128 1289 ad
1150 1261 1222 1290 hunc
1247 1262 1357 1289 modum
1380 1262 1496 1290 scribit:
1513 1272 1523 1288 ι
1556 1262 1614 1289 Non
1640 1270 1689 1289 nos
1709 1261 1784 1296 ipsos

148 1305 346 1339 praedicamus,
369 1307 416 1334 sed
439 1308 534 1335 Jesum
558 1307 697 1335 Christum
708 1309 742 1335 τ’.
758 1318 766 1334 ι
795 1307 912 1335 Rursum
929 1316 936 1336 :
960 1317 969 1334 ι
987 1307 1175 1343 Nonjudicavi
1192 1315 1235 1336 me
1248 1308 1351 1344 aliquid
1381 1308 1452 1336 scire
1482 1309 1510 1336 in
1524 1309 1616 1342 vobis,
1627 1308 1781 1336 nisiJesuut

154 1351 306 1386 Christum,
318 1358 345 1381 et
356 1354 427 1381 hunc
439 1354 598 1381 cruciﬁxum
609 1355 642 1382 ⁷³.
663 1364 672 1380 ι

183 1399 257 1431 K1,".
278 1396 342 1426 Υίὺν
354 1399 382 1426 δὲ
394 1400 476 1426 αὑτὸν
498 1401 636 1436 ὀνομάσας
652 1399 731 1433 Θεοῦ,
747 1401 795 1428 καὶ
807 1401 839 1427 ὲκ
853 1400 937 1436 σπέρ-

149 1450 235 1478 ματος
260 1444 308 1471 τοῦ
338 1445 419 1472 Δαὸὶδ
444 1445 626 1481 γεγεννῆσθαί
657 1454 750 1481 φησιν,
767 1446 883 1483 ὡρίσθαι
907 1455 936 1474 τε

146 1490 345 1525 διισχυρίζεται
360 1491 407 1518 καὶ
421 1492 462 1523 εἰς
476 1492 540 1519 Υἱὸν
553 1492 632 1519 Θεοῦ.
655 1493 717 1524 Πῶς
731 1491 787 1525 οὖν,
801 1493 862 1519 εἰπέ
879 1502 935 1528 μοι,

147 1535 214 1568 Θεὸς
234 1537 256 1588 6.
274 1537 307 1563 ἐκ
323 1537 481 1588 σπέρματος
495 1539 600 1573 ἀναφὺς
624 1538 671 1565 τοῦ
694 1539 793 1572 Δαὸίδ;
816 1540 845 1566 '0
861 1539 889 1566 δὲ
905 1539 937 1575 δὴ
952 1560 973 1588 C

147 1583 195 1609 καὶ
211 1583 264 1619 πρὸ
283 1583 400 1616 αἰώνων,
424 1584 471 1611 καὶ
485 1585 579 1616 ἀϊδίως
594 1585 668 1617 Υἱὸς,
686 1585 755 1612 καθὸ
769 1586 889 1621 πέφηνεν
905 1587 937 1613 ἐκ

146 1628 226 1662 Θεοῦ,
240 1629 303 1657 τίνα
317 1630 348 1665 δὴ
359 1630 461 1665 τρόπον
476 1631 516 1662 εἰς
526 1631 591 1657 Υίὸν
601 1631 704 1666 ὡρίσθη
721 1631 800 1664 Θεοῦ,
810 1631 937 1667 καθάπερ

146 1676 187 1708 εἰς
208 1675 317 1711 ἀρχὰςε
333 1676 382 1703 τοῦ
399 1677 549 1711 ὑφεστάναι
575 1677 772 1712 παρενεχθείς;
793 1677 865 1712 Ἔφη
883 1678 937 1714 γὰρ

146 1721 226 1753 αὐτὸς
238 1722 302 1757 περὶ
317 1722 414 1749 ἑαυτοῦ
424 1731 431 1737 ·
446 1732 455 1749 ‹
468 1721 536 1750 Εἷπε
547 1723 649 1758 Κύριος
664 1723 731 1759 πρός
748 1731 793 1758 με·
809 1723 872 1756 Υἱὸς
886 1733 936 1759 μου

146 1763 173 1792 εἷ
195 1767 239 1800 σὺ,
263 1766 320 1802 ἐγὼ
343 1768 465 1804 σήμερον
487 1768 640 1803 γεγέννηκά
661 1777 701 1795 σε.
724 1777 734 1794 ι
759 1768 847 1795 καίτοι
869 1767 935 1801 τοῦ,

146 1812 289 1848 σήμερον,
306 1813 409 1845 ἀείπως
422 1814 490 1849 ἡμῖν
503 1815 551 1849 οὐχ
564 1814 604 1841 ὅτι
619 1814 665 1841 τὸν
680 1814 879 1849 παρῳχηκότα.
890 1815 936 1841 τὸν

146 1859 283 1886 ἐνεστῶτα
297 1859 324 1886 δὲ
341 1860 442 1894 μᾶλλον
453 1860 671 1897 καταδηλοῦντος
686 1861 792 1896 καιρόν.
811 1862 883 1888 Βαοὺ
903 1862 934 1888 τὸ

148 1906 306 1941 μυστήριον,
330 1905 400 1933 ἀλλὰ
423 1907 479 1939 τοῖς
505 1907 554 1942 μὲν
577 1907 630 1933 ἀνὰ
655 1907 737 1943 μέρος
761 1907 858 1934 τιθεῖσι
887 1907 936 1934 καὶ

137 1949 291 1988 ’διορίζουσι
304 1951 466 1988 δυσέφικτον
478 1961 507 1980 τε
521 1954 568 1986 καὶ
582 1953 685 1989 ἄπορον
697 1952 816 1988 ἀληθῶς.
830 1953 892 1984 Τοῖς
903 1961 935 1988 γε

147 1999 201 2036 μὴν
227 2000 266 2031 είς
294 1999 409 2036 ἑνότητα
432 1999 652 2035 κατασφίγγουσι
677 2000 723 2027 τὸν
749 2001 933 2036 Ἐμμανουὴλ,

146 2045 229 2079 ἐγγύς
243 2052 273 2072 τε
289 2046 360 2072 ἑλεῖν
388 2045 436 2072 καὶ
459 2046 622 2081 ὲτοιμοτάτη
646 2045 706 2072 λίαν
732 2046 749 2080 ἠ
775 2046 829 2072 τῶν
855 2046 935 2080 ἱερῶν

144 2091 286 2127 δογμάτων
301 2091 493 2128 ἀκιϐδήλευτος
518 2090 628 2125 γνῶσις.
647 2091 677 2117 '0
692 2091 748 2127 γὰρ
763 2090 802 2126 τῷ
818 2090 935 2126 φύσαντι

147 2133 290 2168 συνατδιος,
303 2136 351 2163 καὶ
364 2136 417 2172 πρὸ
431 2136 531 2168 παντὸς
548 2135 644 2168 αἰῶνος
655 2135 728 2168 Υἱὸς,
740 2137 834 2172 ἐπειδὴ
848 2144 935 2163 κατα-ι

147 2181 261 2218 βέϐηκεν
279 2183 319 2214 εἰς
333 2182 382 2218 τὴν
399 2182 545 2218 ἀνθρώπου
564 2182 656 2217 φύσιν,
671 2183 722 2209 οὐκ
747 2182 934 2217 ἀπολισθήσας

1027 1399 1124 1428 XXVI.
1146 1394 1231 1428 Porro
1255 1405 1345 1427 autem
1365 1407 1426 1428 cum
1445 1400 1532 1435 ipsum
1551 1399 1599 1427 Dei
1615 1400 1712 1428 Filium
1729 1410 1778 1428 nn.

991 1446 1087 1478 mittet,
1103 1450 1131 1473 et
1152 1446 1185 1472 de
1207 1445 1313 1473 semine
1337 1445 1422 1473 David
1440 1450 1536 1472 natmn
1557 1446 1693 1478 enuntiat,
1711 1447 1778 1474 etin

991 1491 1038 1519 Dei
1068 1491 1166 1519 Filium
1191 1491 1413 1526 praedestinatum
1447 1491 1589 1520 confirmat
1608 1493 1680 1528 :jam
1716 1494 1778 1526 dic,

990 1545 1092 1572 qumso,
1118 1545 1172 1573 qua
1197 1538 1304 1565 ratione
1329 1538 1352 1566 is
1379 1537 1450 1566 Deus
1473 1544 1526 1570 est,
1548 1539 1593 1573 qui
1621 1547 1653 1567 ex
1676 1541 1779 1567 semine

990 1583 1075 1610 David
1095 1588 1174 1611 natus
1188 1585 1250 1612 est?
1265 1583 1395 1618 Rursum,
1412 1593 1490 1620 quem
1509 1590 1573 1613 ante
1586 1586 1682 1613 sarcula
1699 1586 1780 1614 Pater

989 1629 1039 1657 sibi
1060 1633 1224 1657 comternum
1246 1630 1350 1665 genuit,
1377 1639 1494 1666 quonam
1521 1637 1601 1667 pacto
1621 1632 1707 1660 Filius
1731 1633 1778 1660 Dei

988 1670 1199 1710 prmdestinatus
1225 1682 1277 1709 est,
1302 1678 1414 1712 perinde
1438 1678 1545 1706 scilicet
1566 1679 1643 1713 quasi
1670 1679 1777 1706 initiantur

988 1722 1154 1749 suhsistendi
1177 1723 1335 1756 acciperet?
1352 1724 1409 1758 ipse
1427 1732 1543 1759 namque
1560 1724 1594 1751 de
1610 1725 1699 1759 seipso
1716 1725 1754 1751 ait
1769 1734 1776 1752 :

992 1775 1001 1792 ι
1018 1766 1148 1794 Dominus
1172 1767 1241 1794 dixit
1263 1768 1296 1794 ad
1318 1775 1380 1795 me:
1398 1768 1483 1797 Filius
1504 1777 1579 1796 meus
1609 1777 1639 1797 es
1667 1775 1705 1801 tu,
1728 1777 1778 1804 ego

988 1811 1068 1840 hodie
1081 1813 1161 1848 genui
1176 1818 1201 1839 te
1211 1812 1247 1842 7‘.
1264 1823 1273 1839 ι
1292 1813 1364 1841 Sane
1377 1822 1438 1842 cum
1454 1815 1586 1849 particula
1605 1816 1673 1848 haec,
1687 1816 1775 1847 hodie,

988 1866 1106 1893 praesens
1123 1858 1180 1885 fere
1197 1866 1306 1893 semper
1330 1868 1467 1895 nunquam
1488 1861 1652 1895 prtcteritum
1672 1866 1778 1896 tempus

988 1905 1108 1936 denotet,
1124 1904 1286 1939 profundum
1300 1905 1410 1941 aliquod
1422 1908 1584 1942 mysterium
1601 1908 1643 1934 hic
1659 1908 1777 1934 insinua~

988 1954 1041 1983 tur,
1057 1951 1104 1978 sed
1123 1951 1156 1978 iis
1174 1951 1221 1986 qui
1239 1953 1361 1980 sectiOue
1376 1953 1485 1980 inducta
1504 1960 1628 1980 seorsum
1647 1953 1774 1981 conside-

987 2001 1048 2024 rant
1066 2001 1093 2024 et
1106 1997 1253 2025 collocant.
1270 1995 1338 2024 Nam
1352 1998 1399 2032 qui
1412 1997 1616 2026 Emmanuelem
1635 1999 1668 2026 ad
1685 2000 1776 2026 unita-

989 2047 1041 2069 tem
1057 2047 1196 2076 revocant,
1213 2043 1246 2071 iis
1269 2048 1298 2071 et
1321 2043 1372 2071 hoc
1394 2042 1494 2079 ipsum,
1515 2048 1542 2071 et
1556 2050 1654 2072 caetera
1674 2046 1774 2078 omnia,

986 2096 1046 2123 qua:
1061 2089 1094 2116 ad
1115 2089 1249 2116 sinceram
1265 2097 1406 2117 sacrorum
1420 2091 1575 2125 dogtnatum
1594 2091 1774 2125 cognitionem

987 2135 1134 2170 pertinent,
1165 2142 1229 2164 sunt
1253 2136 1343 2166 obvia.
1370 2140 1504 2171 captuquc
1524 2136 1664 2164 facillima.
1691 2137 1775 2166 Filius

986 2181 1090 2216 itaque,
1108 2181 1153 2215 qui
1171 2181 1311 2217 generanti
1331 2180 1406 2208 Patri
1422 2187 1574 2209 coaeternus
1594 2187 1647 2215 est,
1663 2187 1690 2210 et
1712 2188 1775 2210 ante

145 2228 190 2254 τοῦ
212 2225 281 2255 εἶναι
297 2227 373 2260 Θεὸς,
385 2226 550 2264 προσλαϐὼν
563 2228 595 2254 τὸ
609 2227 791 2263 ἀνθρώπινον,
807 2229 888 2255 νοοῖτ*
899 2228 926 2255 ἂι

1027 2226 1107 2252 mium
1126 2225 1286 2253 saeculorum
1309 2231 1416 2254 aztatem
1433 2226 1585 2254 subsistens
1601 2231 1653 2260 est,
1667 2233 1776 2261 postea-

146 2273 257 2305 εἰκότως
272 2274 320 2300 καὶ
340 2274 372 2300 ὲκ
392 2275 549 2309 σπέρματος
569 2273 749 2308 γεγεννῆσθαι
763 2272 847 2300 Δαίῖιδ
858 2292 865 2305 ,
885 2273 932 2300 καὶ

146 2320 280 2356 νεωτάτην
294 2320 366 2356 ἒχειν
387 2320 436 2356 τὴν
451 2321 479 2348 ἐν
497 2320 686 2356 ἀνθρωπότητι
701 2321 844 2356 γέννησιντ
856 2330 864 2337 ·
879 2320 934 2347 ὥσ-

146 2374 174 2392 τε
186 2367 258 2393 οὺκε
275 2366 415 2402 ἀλλότριον
439 2366 522 2394 αὑτοῦ
544 2367 574 2393 τὸ
592 2367 775 2402 προσληφθὲν,
792 2367 849 2394 ἀλλ’
867 2367 932 2393 ἴδιον

146 2412 262 2448 ἀληθῶς.
289 2413 451 2448 Λελόγισται
474 2413 619 2448 τοιγαροῦν
633 2413 671 2445 ὡς
694 2406 724 2439 ἔν
744 2413 812 2448 πρὸς
838 2413 930 2445 αὐτὸν,

147 2458 270 2494 καθάπερ
286 2457 381 2493 ἀμέλει
396 2457 444 2485 καὶ
462 2457 512 2493 τὴν
525 2457 698 2493 ἀνθρωπείαν
708 2458 831 2484 σύνθεσιν
845 2467 931 2484 κατα-

147 2503 232 2539 θρήσῃ
254 2511 295 2535 τις
315 2504 360 2530 ἄν·
384 2503 592 2539 συμπέκλεκται
613 2503 667 2539 γὰρ
683 2504 712 2537 ἐξ
728 2504 862 2539 ἀνομοίων
882 2504 931 2539 τὴν

147 2549 235 2583 φύσιν,
257 2549 347 2585 ψυχῆς
361 2550 405 2585 δὴ,
421 2549 504 2584 λέγω,
522 2551 570 2577 καὶ
592 2550 736 2586 σώματος·
756 2551 813 2578 ἀλλ’
828 2549 874 2578 οὖν
891 2549 931 2583 εἷς

147 2595 246 2620 νοεῖται
259 2594 289 2620 τὸ
305 2594 511 2629 συναμφότερον
532 2594 690 2630 ἅνθρωπος·
714 2595 752 2627 ὡς
769 2595 823 2622 ἀπὸ
844 2597 930 2631 μόνης

150 2638 195 2674 μιν
208 2638 258 2674 τῆς
273 2638 375 2674 σαρκὸς
393 2638 452 2666 ὅλον
465 2639 521 2666 ἐσθ’
531 2640 575 2666 ὅτε
589 2640 798 2675 κατωνομάσθαι
810 2640 841 2667 τὸ
849 2640 929 2673 ζῶον,

179 2717 212 2733 ⁷⁸·
234 2717 312 2744 Boni.
330 2725 350 2750 t,
367 2718 421 2746 1-4.
459 2718 481 2734 ⁷³
502 2718 510 2745 l
527 2719 590 2746 Cor.
608 2726 644 2752 iv,
659 2719 686 2745 5.
724 2719 747 2735 ⁷³
767 2719 776 2747 1
793 2720 854 2748 Cor.
873 2729 903 2754 tt,
922 2720 951 2748 2.

985 2277 1065 2306 quam
1083 2270 1226 2298 divinitate
1251 2278 1306 2299 non
1330 2271 1441 2304 amissa,
1475 2271 1522 2299 sed
1539 2272 1710 2300 humanitate
1731 2280 1775 2300 as-

985 2322 1102 2352 sumpta,
1137 2319 1165 2345 in
1194 2318 1312 2346 hominis
1334 2315 1388 2353 23
1410 2323 1536 2345 naturam
1571 2325 1632 2346 sese
1655 2319 1773 2351 dimisit;

983 2364 1139 2399 meritoque
1154 2368 1182 2391 et
1198 2371 1232 2391 ex
1249 2363 1335 2392 David
1357 2371 1466 2400 quoque
1485 2364 1590 2392 semine
1604 2365 1773 2399 progenitus,

984 2415 1013 2438 et
1034 2411 1133 2446 oppido
1161 2418 1256 2439 recens
1282 2416 1362 2438 natus
1391 2411 1559 2438 humanitate
1585 2412 1773 2446 praedicatur:

986 2458 1088 2493 quippe
1106 2466 1166 2486 cum
1186 2458 1213 2486 id
1232 2457 1306 2493 quod
1323 2459 1482 2492 assumpsit,
1505 2457 1540 2485 ab
1554 2465 1588 2486 eo
1602 2457 1676 2486 nullo
1694 2459 1774 2485 modo

985 2503 1103 2531 alienum
1120 2505 1167 2532 sed
1183 2512 1248 2532 vere
1265 2503 1337 2532 illius
1355 2505 1494 2540 proprium
1512 2504 1548 2532 sit
1565 2513 1572 2532 :
1590 2512 1675 2540 quare
1689 2513 1772 2532 unum

986 2555 1113 2579 censetur
1130 2559 1190 2579 cum
1210 2551 1278 2587 ipso.
1292 2551 1526 2585 Quemadmodum
1542 2552 1660 2587 exempli
1680 2559 1772 2585 causa,

986 2597 1013 2624 in
1030 2598 1148 2625 hominis
1172 2605 1280 2634 quoque
1298 2598 1492 2633 compositione
1511 2598 1636 2626 accidere
1652 2598 1774 2626 animad-

984 2642 1130 2677 vertimus;
1147 2642 1170 2671 is
1187 2643 1288 2672 etenim
1304 2651 1337 2672 ex
1351 2643 1443 2673 anima
1460 2648 1487 2673 et
1502 2650 1632 2680 corpore,
1649 2644 1773 2678 parti-bus

992 2721 1016 2737 "
1033 2721 1106 2753 Psal.
1122 2729 1151 2757 ιι,
1165 2722 1191 2750 7.

698 2797 782 2825 Varia:
800 2797 930 2826 lectiones
955 2801 1056 2829 codicis
1074 2801 1253 2837 Seguieriani.

181 2859 197 2881 σι
211 2860 381 2896 κατὰφύςιν.
422 2869 433 2881 ι’
450 2863 547 2898 ἀρχήν,
590 2863 597 2882 ί
614 2862 728 2898 γένπιν.
768 2869 779 2887 ‘c'
799 2864 856 2890 ἔστι
869 2863 890 2890 δέ

886 2864 895 2890 ὲ
908 2864 966 2894 οὐκ.
