1883 3056
129 160 201 189 1175

610 163 652 190 DE
673 164 783 194 ltECTA
808 167 885 195 FIDE
905 168 950 195 AD
971 169 1195 199 TllEODOSlUM
1214 171 1284 199 IMP.

1691 174 1760 202 ΗΠ

127 218 160 248 εὖ
173 221 308 256 βεϐηκότα
320 222 367 248 καὶ
383 222 473 256 σοςςόν.
492 223 638 258 ’Ἐκκριτον
651 224 706 260 γὰρ
721 223 791 252 εἷναί
806 235 876 262 φημι
888 227 917 254 τὸ

1009 237 1122 258 :morare
1140 230 1218 264 velit,
1247 225 1349 264 annon,
1366 234 1485 266 inquam,
1502 233 1552 260 hos
1564 240 1658 260 omnes
1672 234 1757 269 gloria

129 267 226 303 γέρας,
241 266 288 293 καὶ
303 267 358 293 δεῖν
372 268 532 294 ἀνακεῖσθαι
556 269 622 305 μόνῃ
638 271 671 305 τῇ
693 271 746 297 τῶν
761 271 828 298 ὅλων
846 272 921 306 βασι-

128 312 183 339 λίδι
201 312 290 346 φύσει.
306 313 367 344 Πῶς
380 312 427 340 οὖν
451 314 485 340 ἂν
505 315 609 348 γένοιτο
628 315 730 350 Κύριος
744 317 792 352 τῆς
808 317 886 352 δόξης
906 318 920 344 ὁ

129 357 358 392 ἑσταυρωμένος;
377 368 385 384 ι
404 358 441 384 Τὸ
452 358 480 385 δὲ
494 359 665 395 ἀπαύγασμα
679 361 725 387 τοῦ
741 362 858 398 Πατρδς,
873 364 920 390 καὶ

129 404 181 439 τῆς
195 405 288 437 οὐσίας
301 405 315 431 ὁ
326 406 500 442 χαρακτὴρ,ό
513 407 603 443 φέρων
617 408 650 435 τὰ
665 409 752 437 πάντα
762 410 801 445 τῷ
817 411 919 446 ῥήματι

129 449 181 480 τῆς
195 450 337 486 δυνάμεως
348 451 580 488 αὑτοῦ,κρείττων
593 454 718 488 ἀγγέλων
729 466 738 481 1
755 456 919 491 γεγενῆσθαι

128 494 239 528 λέγεται
249 504 256 511 ·
272 497 343 532 τάχα
359 507 410 524 που
426 498 456 524 τὸ
469 499 589 532 ἔλαττον,
615 501 653 532 ὡς
668 501 800 536 ἠγοῦμαι,
817 501 918 535 λαϐὼν,

129 541 176 567 ὅτε
190 542 312 577 πέφηνεν
326 543 480 579 ἅνθρωπος.
497 545 654 580 Γέγραπται
670 546 722 582 γάρ
733 555 739 562 ·
754 547 820 573 «Τὸν
832 547 919 583 βραχύ

128 595 158 613 τι
173 588 238 622 παρ’
255 588 387 622 ἀγγέλους
399 590 589 626 ἠλαττωμένον
602 591 736 627 βλέπομεν
748 592 861 628 Ἰησοῦν,
876 593 920 621 διὰ

129 632 162 659 τὺ
176 633 290 669 πάθημα
306 634 352 661 τοῦ
368 635 495 668 θανάτου,
507 635 569 672 δόξῃ
584 636 631 663 καὶ
644 639 710 673 τιμῇ
725 638 919 674 ἐστεφανωμέ-

130 688 186 706 νον.
206 689 216 705 1
233 678 296 716 τΑρ*
313 679 359 707 οὖν
373 681 510 717 ἐξώσομεν
523 683 569 709 τὸν
581 683 612 709 ἐκ
625 684 692 711 Θεοῦ
710 685 816 721 Πατρός
832 694 922 721 πειρη-

129 726 196 753 νότα
210 727 297 761 Λόγον
322 728 372 763 τῆς
395 728 469 764 αὐτῷ
494 729 654 765 πρεπούσης
675 731 821 764 οὑσιώδους
837 733 921 768 ὑπερ-

130 772 207 808 οχῆς,
220 773 267 799 καὶ
288 773 338 808 τῆς
359 773 428 809 πρὸς
441 774 522 802 αὑτὸν
543 775 675 812 ἀκριϐοῦς
689 777 848 814 ὲμφερείας,
873 778 921 805 καὶ

129 819 181 854 τῆς
197 820 251 846 τῶν
265 820 391 855 ἀγγέλων
407 820 533 854 εὐκλείας
548 822 704 858 ἡττώμενον
718 823 863 859 βλέποντες
877 825 920 852 διὰ

129 865 162 892 τὸ
177 866 227 901 τῆς
243 866 400 902 οἰκονομίας
425 869 613 903 μικροπρεπὲς
627 870 787 906 νοούμενον;
811 872 849 898 Οὐ
868 871 919 907 μὲν

972 276 1169 311 majestateque
1187 284 1273 312 usque
1298 278 1365 305 adeo
1379 278 1540 312 praecellenti
1561 279 1653 306 multis
1673 281 1758 314 parti-

972 323 1023 350 bus
1044 323 1189 351 inferiores
1205 324 1398 352 conﬁtebitur?
1416 324 1550 352 Honorem
1571 326 1668 360 quippe
1688 334 1759 360 pra--

972 368 1194 396 celleutissinmm
1213 377 1273 397 esse
1295 370 1365 402 dico,
1384 370 1489 404 solique
1504 371 1619 404 principi
1637 371 1757 398 omnium

972 419 1079 441 natura;
1095 414 1279 441 tribuendum.
1294 413 1436 447 Quomodo
1455 423 1519 449 ergo
1534 415 1614 442 fuerit
1628 415 1757 442 Dominus

971 459 1066 494 gloriae
1087 459 1113 486 in
1136 467 1216 486 cruce
1239 460 1370 487 snﬂixns?
1397 469 1406 486 ι
1425 460 1557 495 Splendor
1576 469 1640 488 vero
1657 461 1756 493 Patris,

971 508 999 530 et
1012 503 1169 535 substantia:
1190 505 1262 532 illius
1274 505 1428 537 character,
1445 511 1556 539 portans
1569 507 1658 533 omnia
1674 507 1757 534 veroo

972 549 1084 577 virtutis
1105 557 1172 582 suae,
1197 550 1301 585 angelis
1323 552 1495 585 praestantior
1513 550 1624 578 elIectus
1634 552 1656 567 ⁷³
1672 561 1681 576 1
1699 559 1759 586 per-

973 595 1103 623 hibetur:
1121 596 1240 623 fortasse
1255 597 1329 630 quia,
1347 601 1375 623 ut
1393 597 1522 629 arbitror,
1537 598 1626 624 minus
1643 599 1757 632 accepit,

972 641 1080 677 quando
1094 643 1218 676 apparuit
1233 642 1319 669 factus
1343 643 1434 671 homo.
1453 643 1589 677 Scriptum
1608 649 1649 670 est
1664 644 1735 670 enim
1750 654 1757 672 :

975 699 984 715 ι
1000 689 1068 717 Eum
1096 689 1142 723 qui
1169 689 1276 716 modico
1303 697 1383 723 quam
1407 689 1506 724 angeli,
1533 689 1683 716 tninoratus
1706 694 1757 719 est.

973 736 1097 767 videmus
1109 734 1201 762 Jesum
1219 740 1329 769 propter
1343 736 1495 769 passionem
1512 736 1618 766 mortis.
1635 735 1718 769 gloria
1732 740 1760 762 et

972 781 1077 808 honore
1095 781 1297 808 coronatum“.
1314 790 1323 807 1
1344 780 1396 811 Sed
1420 782 1540 816 nunquid
1554 781 1671 812 Nerhttm
1687 782 1759 815 quod

972 835 1005 854 ex
1032 826 1113 855 Patre
1139 831 1231 854 natum
1257 832 1309 858 est,
1333 827 1367 855 ob
1392 828 1417 854 id
1444 827 1478 854 ab
1496 828 1642 855 eminentia
1661 828 1703 855 illa
1731 833 1760 854 et

973 872 1116 908 dignitate,
1135 880 1195 907 qum
1216 873 1397 901 essentialiter
1412 874 1437 901 in
1457 874 1521 901 illud
1537 875 1672 906 convertit,
1693 881 1758 901 nee-

129 906 188 937 οὗν.
209 908 291 946 Οἶμαι
304 911 358 946 γὰρ
372 911 437 945 δεῖν,
451 912 511 939 οὔτε
523 913 576 940 τῶν
589 914 767 950 ἀνθρωπίνων
782 916 920 943 ἀπαλλάτ-

1010 927 1024 945 11
1042 919 1076 946 ab
1097 924 1193 956 exacta
1216 918 1260 945 illa
1276 919 1367 946 Patris
1381 919 1559 948 similitudine
1573 920 1757 951 excludemus,

129 964 188 983 τειν
209 957 349 989 παντελῶς
371 957 416 984 τὸν
440 960 472 985 ἐκ
490 959 558 985 Θεοῦ
584 961 670 995 Λόγον
694 962 764 996 μετὰ
781 963 830 998 τὴν
852 963 921 998 πρὸς

131 1002 221 1037 σάρκα
247 1003 374 1035 σύνοδον,
398 1004 460 1031 οὔτε
488 1006 542 1041 μὴν
569 1006 648 1041 δόξης
673 1009 724 1044 τῆς
753 1008 921 1044 θεοπρεποῦς

129 1048 292 1085 ἀποστερεῖν
305 1050 335 1076 τὸ
349 1051 530 1085 ἀνθρώπινον,
552 1053 576 1079 εἰ
598 1054 627 1080 ἑν
649 1054 759 1090 Χριστῷ
772 1057 857 1083 νοοῖτο
873 1057 921 1093 καὶ

128 1094 246 1129 λέγοιτο.

970 964 1042 999 quod
1069 965 1217 992 secundum
1245 964 1457 999 dispensationis
1486 972 1639 992 mensuram
1669 966 1758 992 animo

970 1017 1144 1047 conceptum,
1170 1011 1327 1046 angelorum
1350 1011 1464 1045 gloriam
1483 1018 1535 1038 non
1559 1011 1688 1046 attingit?
1703 1011 1758 1038 Ne-

970 1065 1126 1094 quaquam:
1143 1057 1262 1086 arhitror
1286 1058 1357 1083 enim
1376 1056 1421 1083 Dei
1437 1056 1554 1084 Verbum
1571 1062 1631 1091 post
1653 1065 1759 1084 assmu-

971 1108 1043 1138 ptam
1064 1103 1147 1130 semel
1164 1110 1286 1137 carnem,
1303 1103 1337 1129 ab
1356 1102 1481 1129 humanae
1501 1108 1604 1129 natura:
1626 1102 1759 1129 conditio-

129 1142 211 1170 nibus
223 1143 276 1179 25
290 1151 344 1172 non
369 1152 429 1172 esse
455 1146 563 1181 penitus
587 1146 802 1182 excludendum;
833 1157 920 1185 neque
939 1150 1100 1182 humanitati
1137 1157 1257 1182 rursum,
1272 1149 1306 1182 si,
1325 1153 1354 1176 ut
1374 1149 1401 1176 in
1420 1148 1530 1176 Christo
1567 1153 1618 1182 est,
1633 1148 1759 1176 conside-

128 1192 216 1220 retur,
229 1189 353 1223 gloriam,
370 1197 429 1224 quae
444 1190 526 1217 Deum
543 1192 630 1224 decet,
647 1192 831 1227 denegandam
845 1202 915 1222 esse.

165 1235 234 1262 κη’.
254 1235 328 1270 Πλὴν
341 1236 525 1271 ἐρησομένους
549 1238 598 1264 οὐκ
620 1238 743 1274 ἠγνόησα
763 1249 838 1273 τινας
851 1249 857 1255 ·
872 1241 920 1273 Τίς

128 1278 161 1314 δὴ
175 1278 229 1314 ἄρα
241 1279 316 1305 ἐστὶν
329 1279 436 1315 ἀληθῶς
453 1280 557 1316 Ἰησοῦς
573 1282 705 1318 Χριστός;
721 1284 734 1310 ὁ
746 1284 778 1310 ἐκ
792 1286 922 1318 γυναικὸς

129 1325 284 1361 ἄνθρωπος,
301 1326 385 1361 ἤγουν
400 1328 415 1353 ό
430 1327 463 1353 ὲκ
476 1327 544 1355 Θεοῦ
560 1328 662 1362 Λόγος;
683 1330 738 1357 Καὶ
752 1331 854 1365 ἠλίθιον
872 1332 923 1368 μὲν

129 1371 228 1407 κομιδῇ
259 1371 290 1398 τὸ
321 1372 503 1400 διατείνεσθαι
531 1375 664 1409 περιττὰ,
693 1376 740 1402 καὶ
771 1377 922 1412 φληνάφοις

129 1417 317 1452 εἰκαιομύθοις
331 1418 533 1452 ἀνταναφωνεῖν
541 1418 565 1447 ιι.
576 1419 646 1456 Ἐρῶ
658 1421 680 1447 δ’
695 1419 751 1454 οὖν,
766 1423 807 1450 ὅτι
823 1424 922 1457 σφαλε-

131 1463 178 1498 ρόν
194 1472 224 1490 τε
238 1464 287 1491 καὶ
301 1464 351 1491 οὐκ
366 1463 483 1500 ἀζήμιον
503 1465 534 1491 τὺ
559 1466 713 1502 διατέμνειν
734 1469 775 1500 εἰς
797 1469 854 1500 δύο,
876 1471 923 1497 καὶ

129 1509 269 1545 ἀναμέρος
293 1511 380 1546 ἱστᾷν,
399 1511 543 1546 ἄνθρωπόν
568 1521 599 1539 τε
626 1514 674 1539 καὶ
689 1513 786 1549 Λόγον,
801 1516 851 1542 οὐκ
874 1517 922 1543 ἀν-

1006 1240 1125 1272 XXVI“.
1142 1241 1200 1268 Non
1228 1240 1350 1276 ignoravi
1374 1246 1463 1268 autem
1479 1240 1594 1272 futuros,
1611 1241 1655 1275 qui
1672 1242 1757 1269 inter-

970 1292 1088 1320 rogent:
1106 1287 1240 1321 Agedum,
1267 1292 1327 1314 uter
1353 1294 1415 1314 vere
1442 1291 1484 1314 est
1509 1286 1587 1314 Jesus
1610 1286 1759 1314 Christus?

971 1336 1030 1363 isne
1055 1335 1101 1370 qui
1128 1335 1208 1362 homo
1224 1342 1255 1361 ex
1282 1334 1393 1361 muliere
1419 1338 1498 1361 natus
1524 1339 1622 1366 est,an
1640 1333 1758 1361 Verbum

971 1383 1043 1418 quod
1073 1390 1105 1409 ex
1132 1381 1186 1409 Deo
1206 1382 1326 1415 genitum
1344 1381 1403 1409 est?
1415 1380 1461 1408 Nae
1476 1381 1588 1408 stnltmn
1603 1386 1645 1407 est
1662 1388 1759 1421 snper-

972 1426 1098 1453 vacaneis
1112 1425 1386 1456 verbiscontendere,
1405 1433 1436 1452 ac
1456 1424 1621 1458 quibuslibet
1643 1424 1760 1464 anilibus

972 1471 1050 1505 nugis
1068 1478 1129 1498 sese
1152 1476 1298 1504 opponere.
1316 1469 1476 1503 Rcspondeo
1504 1468 1681 1496 nihilominus
1706 1476 1758 1509 non

973 1517 1059 1543 solum
1091 1515 1284 1550 periculosum,
1299 1515 1344 1542 sed
1371 1515 1452 1541 etiam
1480 1514 1661 1549 perniciosum
1687 1521 1760 1553 esse,

129 1558 265 1594 εχομένης
287 1558 337 1594 τῆς
359 1559 526 1594 οἰκονομεας,
543 1560 590 1587 καὶ
603 1562 720 1597 Χριστὸν
743 1561 790 1588 ἓνα
815 1562 920 1597 βοώσης

1012 1549 1110 1589 minem
1127 1566 1154 1588 et
1167 1561 1286 1588 Verbum
1304 1561 1456 1596 scjungerc,
1476 1560 1604 1595 factaque
1628 1550 1761 1588 divisione

128 1604 179 1639 τῆς
200 1603 380 1631 θεοπνεύστου
393 1605 522 1640 Γραφῆς·
539 1606 638 1641 χρῆναι
656 1606 710 1641 γὰρ
736 1606 823 1640 ἔγωγέ
837 1615 919 1642 φημι,

131 1651 201 1685 μήτε
224 1649 270 1676 τὸν
287 1650 319 1676 ἐκ
333 1649 400 1676 Θεοῦ
420 1651 506 1684 Λόγον
530 1651 739 1686 ἁνθρωπότητος
761 1651 832 1686 δίχα,
851 1652 920 1687 μήτε

131 1695 185 1732 μὴν
200 1696 247 1723 τὸν
262 1696 295 1723 ἐκ
309 1696 438 1730 γυναικδς
453 1697 639 1732 ἀποτεχθέντα
659 1697 733 1729 ναὸν,
751 1697 789 1729 ὼς
803 1698 840 1733 μὴ
853 1699 920 1725 ἑνω-

130 1741 212 1768 θέντα
233 1742 271 1778 τῷ
283 1742 372 1778 Λόγῳ,
395 1743 512 1778 Χριστὸν
528 1744 632 1779 Ἰησοῦν
656 1743 847 1779 ὀνομάζεσθαι.
862 1744 921 1772 Ἀν-

130 1787 288 1824 θρωπότητι
301 1787 354 1824 γὰρ
367 1787 428 1814 καθ’
446 1788 543 1816 ἕνωσιν
557 1788 732 1824 οἰκονομικὴν
755 1789 921 1825 ἁπορρήτως

130 1834 361 1870 συνενηνεγμένος
385 1835 399 1861 ὁ
426 1836 458 1861 ὲκ
479 1834 547 1862 Θεοῦ
566 1835 661 1869 Λόγος,
676 1836 777 1862 νοεῖται
792 1836 920 1871 Χριστός.

136 1880 285 1917 ’Λνώτερος
309 1880 358 1916 μὲν
383 1881 601 1916 ἀνθρωπότητος,
619 1881 657 1913 ὼς
681 1882 762 1916 φύσει
786 1882 852 1913 Θεὸς
875 1882 921 1908 καὶ¹

128 1926 211 1958 Υἱός·
236 1927 286 1953 οὐκ
302 1926 445 1962 ἀτιμάζων
467 1927 495 1953 δὲ
523 1928 572 1953 καὶ
595 1927 624 1953 τὸ
638 1928 668 1953 ὲν
684 1927 779 1960 ὑφέσει
795 1928 922 1961 γενέσθαι

129 1974 230 2006 δοκεῖν,
251 1974 295 2001 διὰ
319 1974 349 2001 τὸ
375 1974 555 2010 ἀνθρώπινον.
592 1974 735 2010 Τοιγάρτοι
774 1975 840 2001 ποτὲ
871 1975 921 2010 μὲν

129 2019 265 2054 ἕῳασκεν·
287 2021 336 2047 (⁷0
358 2020 489 2056 ἑωρακὼς
515 2021 575 2056 ἐμὲ,
599 2021 705 2057 ἑώρακε
728 2021 774 2048 τὸν
801 2022 921 2057 Πατέρα.

136 2066 209 2101 Ἐγὼ
230 2067 277 2094 καὶ
291 2067 305 2093 ὁ
319 2066 414 2102 Πατὴρ
432 2066 461 2093 ἓν
476 2068 575 2102 ὲσμεψ
591 2076 600 2093 1
621 2067 685 2094 ποτὲ
708 2067 737 2093 δὲ
759 2065 793 2094 αὖ
818 2067 899 2094 πάλιν
914 2075 921 2081 ·

133 2113 185 2141 (Ὀ
201 2114 296 2149 Πατήρ
312 2122 362 2148 μου
387 2112 487 2148 μείζων
507 2121 557 2148 μου
581 2113 669 2140 ἐστίν·
689 2123 699 2139 1
716 2114 746 2140 οὐ
765 2114 848 2149 μείων
868 2113 921 2149 γὰρ

129 2159 168 2186 ὣν
187 2159 233 2186 τοῦ
257 2160 364 2195 Πατρὸς
390 2159 461 2186 κατά
484 2168 516 2194 γε
541 2159 572 2186 τὸ
597 2161 627 2187 ὲν
650 2160 730 2195 οὐσίᾳ
751 2160 858 2192 ταυτὸν,
874 2159 922 2186 καὶ

130 2206 203 2233 κατὰ
225 2207 279 2232 πᾶν
303 2206 392 2233 ὁτιοῦν
408 2206 438 2233 τὸ
457 2205 626 2238 ἰσοστατοῦν,
649 2207 678 2233 ἐν
696 2207 834 2234 ἐλάττοσιν
850 2204 921 2233 εἴναὶ

130 2261 198 2288 φησι
212 2253 256 2280 διὰ
271 2253 302 2280 τὸ
315 2253 497 2288 ἀνθρώπινον.

937 2236 961 2264 D

973 1611 1120 1641 utrumque
1141 1614 1264 1634 seorsum
1284 1611 1421 1637 statuere;
1444 1606 1544 1640 quippe
1574 1613 1633 1648 cum
1651 1606 1762 1640 dispen-

972 1653 1087 1680 sationis
1102 1653 1260 1688 mysterium
1270 1652 1402 1687 ejusmodi
1418 1652 1572 1692 sectionern
1589 1659 1760 1686 nequaquam

971 1700 1107 1732 admittat,
1124 1705 1152 1726 et
1163 1700 1252 1726 divina
1271 1704 1402 1734 praeterea
1431 1699 1570 1733 Scriptura
1595 1707 1677 1725 unum
1694 1698 1762 1725 dun-

973 1750 1048 1772 taxat
1076 1745 1214 1772 Christum
1233 1753 1294 1773 esse
1322 1745 1425 1773 diserte
1453 1745 1559 1778 tradat;
1574 1752 1668 1773 assero
1687 1745 1760 1773 enim

972 1799 1060 1826 neque
1076 1791 1124 1818 Dei
1146 1791 1260 1819 Verbum
1281 1791 1384 1826 absque
1399 1790 1581 1826 humanitate,
1593 1798 1681 1826 neque
1691 1795 1761 1819 tem-

973 1837 1046 1872 plum
1064 1845 1182 1869 rursum,
1203 1837 1274 1868 quod
1295 1844 1328 1864 ex
1352 1836 1465 1871 mnljere
1489 1837 1516 1864 in
1539 1836 1626 1864 lucem
1657 1836 1760 1864 editmn

973 1889 1027 1916 est,
1039 1883 1090 1909 nisi
1105 1891 1167 1910 emn
1176 1882 1264 1909 Verbo
1272 1882 1446 1916 coniunctum
1461 1883 1506 1915 sit,
1516 1882 1655 1910 Christum
1668 1882 1760 1910 Jcsum

973 1929 1103 1964 appellari
1131 1936 1220 1963 posse.
1249 1927 1472 1964 Quandoquidem
1500 1928 1548 1956 Dei
1569 1928 1685 1956 Verbum
1713 1935 1762 1962 per

974 1975 1201 2010 dispensatoriam
1224 1975 1347 2010 copulam
1368 1975 1520 2002 admirabili
1540 1974 1621 2002 modo
1635 1974 1761 2001 humanae

973 2026 1078 2048 natura:
1104 2022 1221 2051 unitum.
1241 2021 1366 2051 Christus
1394 2028 1454 2048 esse
1485 2020 1667 2055 cognoscitur.
1694 2019 1762 2047 Nam

972 2067 1024 2094 etsi
1042 2067 1107 2094 illud
1127 2071 1159 2094 ut
1186 2066 1258 2103 Eleus
1275 2066 1462 2101 naturalisqne
1489 2066 1538 2094 Dei
1562 2066 1650 2094 Patris
1665 2066 1761 2099 Filius,

973 2113 1143 2140 humanitate
1161 2113 1285 2150 superius
1299 2114 1471 2145 sit,attamen
1487 2116 1598 2147 propter
1608 2117 1761 2147 susceptam

973 2159 1090 2187 hominis
1107 2165 1231 2193 naturam
1246 2159 1273 2186 in
1288 2159 1440 2187 humilitate
1455 2159 1549 2194 jacere
1560 2166 1613 2186 non
1627 2159 1763 2186 detrecta-

975 2206 1023 2232 vit.
1045 2206 1135 2244 Atque
1162 2207 1214 2233 huc
1232 2205 1315 2233 tendit
1340 2205 1407 2233 illud
1428 2205 1528 2233 Christi
1546 2215 1554 2234 :
1574 2213 1587 2232 ι
1612 2205 1662 2239 Qui
1689 2204 1763 2232 vi‘det

975 2260 1029 2285 me,
1049 2253 1122 2280 videt
1135 2256 1162 2284 et
1174 2252 1281 2282 Patrem
1300 2259 1389 2280 meum
1400 2252 1440 2287 ⁸ι;
1456 2261 1466 2279 1
1480 2257 1518 2286 et,
1537 2261 1547 2278 ‹
1569 2252 1624 2288 Ego
1640 2256 1667 2279 et
1680 2251 1763 2279 Pater

131 2306 215 2326 unum
233 2307 326 2328 sumus
339 2300 379 2332 3';
395 2309 405 2326 1
419 2293 447 2327 et
475 2299 540 2327 illud
576 2307 685 2327 rursum
708 2299 840 2335 ejusdem,
856 2298 938 2326 Pater
957 2307 1033 2327 meus
1056 2298 1145 2337 major
1165 2306 1208 2326 tne
1244 2303 1286 2327 est
1299 2299 1332 2326 ⁸³.
1353 2308 1362 2326 1
1380 2299 1510 2333 Quamvis
1522 2299 1607 2332 enim,
1625 2298 1683 2326 sive
1698 2298 1763 2325 sub-

131 2348 240 2374 stantia.-
258 2347 441 2380 identitatem,
453 2347 513 2375 sive
527 2347 599 2375 aliud
616 2348 808 2382 quodcunque,
825 2347 850 2373 in
867 2354 920 2381 quo
957 2355 1018 2374 cum
1044 2346 1126 2381 Patre
1151 2346 1270 2374 conferri
1296 2351 1387 2382 queat,
1417 2351 1533 2382 spectes,
1548 2345 1637 2374 Patre‘
1659 2353 1763 2380 nequa-

131 2402 214 2432 quam
233 2394 321 2421 minor
337 2394 389 2426 sit;
412 2398 501 2422 tamen
512 2399 624 2429 propter
642 2398 810 2428 assumptam
822 2393 1029 2427 immanitatem,
1040 2394 1121 2429 Patre
1133 2395 1265 2421 minorem
1279 2401 1308 2422 se
1324 2393 1414 2422 vocat.

167 2441 233 2469 KG'.
253 2439 426 2476 Κηρύττεται
441 2440 470 2466 δὲ
486 2441 534 2466 καὶ
549 2439 594 2466 διὰ
609 2440 664 2466 τῶν
688 2439 768 2474 ἱερῶν
787 2439 919 2475 Γραμμά-

131 2497 199 2521 ⁹(ων,
217 2487 281 2513 ποτὲ
299 2487 348 2521 μὲν
362 2486 399 2517 ὡς
414 2486 473 2518 ὅλος
491 2485 529 2512 ὢν
543 2485 697 2521 ἄνθρωπος,
714 2485 924 2520 σεσιωπημένης

133 2533 217 2561 αὐτοῦ
231 2533 281 2567 τῆς
294 2532 420 2566 οεότητος
435 2532 616 2567 οἰκονομικῶς
626 2540 632 2547 ·
650 2533 715 2558 ποτὲ
737 2531 765 2558 δὲ
789 2529 823 2558 αὖ
842 2531 923 2558 πάλιν

133 2581 172 2612 ὡς
198 2579 273 2611 Θεὸς,
294 2578 504 2613 σεσιωπημένης
528 2577 611 2604 αὐτοῦ
626 2578 676 2613 τῆς
691 2568 923 2613 ὰνθρωπότητοςτ

134 2626 266 2653 ἀδικεῖται
277 2624 305 2650 δὲ
325 2624 385 2651 κατ’
402 2623 498 2650 οὐδένα
509 2624 620 2660 τρόπον,
634 2623 677 2650 διὰ
697 2624 747 2659 τὴν
768 2624 869 2661 ἀμφοῖν
883 2624 924 2655 εἰς

134 2669 250 2703 ἑνότητα
273 2668 419 2703 σύμϐασιν.
440 2668 496 2695 Καὶ
513 2667 578 2702 γοῦν
589 2669 603 2695 ὸ
620 2668 762 2701 θεσπέσιος
777 2669 893 2702 Παῦλος,
908 2670 922 2696 ό

172 2748 195 2765 ν’
207 2748 290 2776 llebr.
307 2747 328 2781 l,
342 2748 370 2781 '5,
388 2748 416 2775 4.
453 2747 476 2764 ⁸⁸
491 2747 573 2776 llebr.
596 2755 625 2779 11,
641 2746 669 2774 9.
706 2746 728 2762 '“
740 2745 819 2787 ξοοη.
842 2754 897 2780 xw,
915 2746 942 2774 9;

1013 2440 1110 2478 XXIX.
1127 2441 1197 2475 Quin
1210 2448 1293 2468 sacra:
1309 2447 1418 2475 quoque
1431 2439 1542 2468 Litterae
1566 2439 1764 2474 dispensatoria

977 2488 1092 2525 quadam
1120 2488 1235 2518 ratione,
1249 2486 1390 2514 divinitate
1419 2486 1491 2514 illius
1502 2492 1659 2520 suppressa,
1678 2489 1764 2514 totum

978 2531 1114 2558 interdum
1132 2531 1283 2566 praedicant
1308 2535 1337 2557 nt
1352 2530 1614 2562 hominem;contra
1637 2537 1765 2557 nonnun—

978 2584 1059 2612 quam
1071 2577 1240 2604 humanitate
1254 2575 1375 2611 ejusdem
1391 2575 1483 2608 tacita,
1499 2579 1584 2602 totum
1603 2575 1765 2610 quandoque

979 2623 1118 2650 insinuant
1128 2626 1158 2650 ut
1172 2622 1266 2650 Deum.
1281 2622 1408 2649 Attamen
1433 2625 1544 2657 propter
1558 2620 1700 2656 utriusque
1716 2627 1766 2648 na-

979 2673 1046 2696 tum
1075 2668 1101 2696 in
1128 2675 1210 2696 unam
1241 2667 1417 2703 eamdemque
1432 2674 1576 2702 personam
1607 2666 1764 2700 coitionem,

980 2746 1002 2763 ⁸¹
1019 2745 1098 2774 Joan.
1115 2754 1143 2780 ι,
1165 2745 1210 2774 50.
1248 2746 1272 2764 ⁸³
1286 2745 1365 2776 Joan.
1392 2754 1450 2782 xxv,
1467 2745 1514 2774 28.

690 2816 777 2846 Variae
792 2817 922 2847 lectiones
937 2817 1039 2847 codicis
1053 2816 1244 2854 .Seguieriani.

174 2889 188 2910 h
201 2887 358 2926 φληνάφους
369 2886 558 2922 εἰκαιομυϐἔας
573 2885 785 2921 ἀνταναφωνεῖν.
