  <div class='ocr_page' id='page_1' title='image "/cluster/home/n/w/nwhite01/storage/ocr_20150623/76/njp.32101007590019/658.png"; bbox 0 0 1883 3056; ppageno 0'>
   <div class='ocr_carea' id='block_1_1' title="bbox 121 171 192 198">
    <p class='ocr_par' dir='ltr' id='par_1_1' title="bbox 121 171 192 198">
     <span class='ocr_line' id='line_1_1' title="bbox 121 171 192 198; baseline 0 0"><span class='ocrx_word' id='word_1_1' title='bbox 121 171 192 198; x_wconf 83' lang='grc' dir='ltr'>ΗΠ</span> 
     </span>
    </p>
   </div>
   <div class='ocr_carea' id='block_1_2' title="bbox 600 172 1271 202">
    <p class='ocr_par' dir='ltr' id='par_1_2' title="bbox 600 172 1271 202">
     <span class='ocr_line' id='line_1_2' title="bbox 600 172 1271 202; baseline 0.004 -4"><span class='ocrx_word' id='word_1_2' title='bbox 600 173 642 200; x_wconf 79' lang='lat' dir='ltr'><strong>DE</strong></span> <span class='ocrx_word' id='word_1_3' title='bbox 663 173 777 201; x_wconf 71' lang='lat' dir='ltr'><strong>RECTA</strong></span> <span class='ocrx_word' id='word_1_4' title='bbox 798 172 875 200; x_wconf 84' lang='lat' dir='ltr'><strong>Fle</strong></span> <span class='ocrx_word' id='word_1_5' title='bbox 894 173 940 200; x_wconf 85' lang='lat' dir='ltr'><strong>AD</strong></span> <span class='ocrx_word' id='word_1_6' title='bbox 960 173 1183 202; x_wconf 77' lang='lat' dir='ltr'><strong>THEODOSIUM</strong></span> <span class='ocrx_word' id='word_1_7' title='bbox 1204 174 1271 201; x_wconf 74' lang='lat' dir='ltr'><strong>IMP.</strong></span> 
     </span>
    </p>
   </div>
   <div class='ocr_carea' id='block_1_3' title="bbox 1681 155 1749 202">
    <p class='ocr_par' dir='ltr' id='par_1_3' title="bbox 1681 155 1749 202">
     <span class='ocr_line' id='line_1_3' title="bbox 1681 155 1749 202; baseline 0.029 -2"><span class='ocrx_word' id='word_1_8' title='bbox 1681 155 1749 202; x_wconf 67' lang='lat' dir='ltr'><strong>me</strong></span> 
     </span>
    </p>
   </div>
   <div class='ocr_carea' id='block_1_4' title="bbox 158 226 913 267">
    <p class='ocr_par' dir='ltr' id='par_1_4' title="bbox 158 226 911 265">
     <span class='ocr_line' id='line_1_4' title="bbox 158 226 911 265; baseline 0.003 -10"><span class='ocrx_word' id='word_1_9' title='bbox 158 230 198 255; x_wconf 84' lang='lat' dir='ltr'><strong>A&#39;.</strong></span> <span class='ocrx_word' id='word_1_10' title='bbox 225 228 254 256; x_wconf 90' lang='lat'><strong>&#39;0</strong></span> <span class='ocrx_word' id='word_1_11' title='bbox 278 226 359 261; x_wconf 76' lang='grc' dir='ltr'><strong>αὖτδς</strong></span> <span class='ocrx_word' id='word_1_12' title='bbox 378 227 425 256; x_wconf 70' lang='grc' dir='ltr'><strong>οὖν</strong></span> <span class='ocrx_word' id='word_1_13' title='bbox 451 228 505 265; x_wconf 82' lang='grc' dir='ltr'><strong>ἄρα</strong></span> <span class='ocrx_word' id='word_1_14' title='bbox 531 230 577 256; x_wconf 75' lang='grc' dir='ltr'><strong>καὶ</strong></span> <span class='ocrx_word' id='word_1_15' title='bbox 603 231 750 265; x_wconf 82' lang='grc' dir='ltr'><strong>μονογενής</strong></span> <span class='ocrx_word' id='word_1_16' title='bbox 775 231 843 261; x_wconf 80' lang='grc' dir='ltr'><strong>ἐστι,</strong></span> <span class='ocrx_word' id='word_1_17' title='bbox 866 230 911 257; x_wconf 77' lang='grc' dir='ltr'><strong>καὶ</strong></span> 
     </span>
    </p>
   </div>
   <div class='ocr_carea' id='block_1_5' title="bbox 1000 226 1749 267">
    <p class='ocr_par' dir='ltr' id='par_1_5' title="bbox 1000 231 1749 267">
     <span class='ocr_line' id='line_1_5' title="bbox 1000 231 1749 267; baseline -0.001 -9"><span class='ocrx_word' id='word_1_18' title='bbox 1000 231 1083 259; x_wconf 73' lang='lat' dir='ltr'><strong>XXX.</strong></span> <span class='ocrx_word' id='word_1_19' title='bbox 1105 231 1178 259; x_wconf 84' lang='lat' dir='ltr'><strong>Idem</strong></span> <span class='ocrx_word' id='word_1_20' title='bbox 1209 233 1301 267; x_wconf 83' lang='lat' dir='ltr'><strong>itaque</strong></span> <span class='ocrx_word' id='word_1_21' title='bbox 1327 232 1480 267; x_wconf 72' lang='lat' dir='ltr'><strong>unigenitus</strong></span> <span class='ocrx_word' id='word_1_22' title='bbox 1503 237 1530 259; x_wconf 88' lang='lat' dir='ltr'><strong>et</strong></span> <span class='ocrx_word' id='word_1_23' title='bbox 1555 231 1749 267; x_wconf 58' lang='lat' dir='ltr'><strong>primogenita:</strong></span> 
     </span>
    </p>
   </div>
   <div class='ocr_carea' id='block_1_6' title="bbox 121 275 908 312">
    <p class='ocr_par' dir='ltr' id='par_1_6' title="bbox 121 275 908 312">
     <span class='ocr_line' id='line_1_6' title="bbox 121 275 908 312; baseline 0.001 -11"><span class='ocrx_word' id='word_1_24' title='bbox 121 275 311 310; x_wconf 79' lang='grc' dir='ltr'><strong>πρωτότοκος·</strong></span> <span class='ocrx_word' id='word_1_25' title='bbox 330 275 344 301; x_wconf 83' lang='grc' dir='ltr'><strong><em>ὁ</em></strong></span> <span class='ocrx_word' id='word_1_26' title='bbox 356 275 410 311; x_wconf 77' lang='grc' dir='ltr'><strong>γάρ</strong></span> <span class='ocrx_word' id='word_1_27' title='bbox 425 284 466 302; x_wconf 73' lang='grc' dir='ltr'><strong>τοι</strong></span> <span class='ocrx_word' id='word_1_28' title='bbox 487 275 634 311; x_wconf 84' lang='grc' dir='ltr'><strong>μονογενὴς</strong></span> <span class='ocrx_word' id='word_1_29' title='bbox 651 276 688 307; x_wconf 87' lang='grc' dir='ltr'><strong>ὼς</strong></span> <span class='ocrx_word' id='word_1_30' title='bbox 701 276 777 308; x_wconf 76' lang='grc' dir='ltr'><strong>Θεὸς,</strong></span> <span class='ocrx_word' id='word_1_31' title='bbox 802 276 908 312; x_wconf 78' lang='grc' dir='ltr'><strong>πρωτό-</strong></span> 
     </span>
    </p>
   </div>
   <div class='ocr_carea' id='block_1_7' title="bbox 119 320 909 357">
    <p class='ocr_par' dir='ltr' id='par_1_7' title="bbox 119 320 909 357">
     <span class='ocr_line' id='line_1_7' title="bbox 119 320 909 357; baseline 0.001 -10"><span class='ocrx_word' id='word_1_32' title='bbox 119 329 202 352; x_wconf 82' lang='grc' dir='ltr'><strong>τοκος</strong></span> <span class='ocrx_word' id='word_1_33' title='bbox 231 321 260 347; x_wconf 81' lang='grc' dir='ltr'><strong>ὲν</strong></span> <span class='ocrx_word' id='word_1_34' title='bbox 285 321 360 356; x_wconf 83' lang='grc' dir='ltr'><strong>ἡμῖν,</strong></span> <span class='ocrx_word' id='word_1_35' title='bbox 379 320 440 348; x_wconf 82' lang='grc' dir='ltr'><strong>καθ’</strong></span> <span class='ocrx_word' id='word_1_36' title='bbox 457 321 554 347; x_wconf 71' lang='grc' dir='ltr'><strong>ἕνωσιν</strong></span> <span class='ocrx_word' id='word_1_37' title='bbox 581 321 759 357; x_wconf 78' lang='grc' dir='ltr'><strong>οἰκονομικῶς</strong></span> <span class='ocrx_word' id='word_1_38' title='bbox 769 321 793 354; x_wconf 69' lang='grc' dir='ltr'><strong>κ,</strong></span> <span class='ocrx_word' id='word_1_39' title='bbox 809 322 856 348; x_wconf 74' lang='grc' dir='ltr'><strong>καὶ</strong></span> <span class='ocrx_word' id='word_1_40' title='bbox 881 322 909 348; x_wconf 82' lang='grc' dir='ltr'><strong>έν</strong></span> 
     </span>
    </p>
   </div>
   <div class='ocr_carea' id='block_1_8' title="bbox 121 364 910 403">
    <p class='ocr_par' dir='ltr' id='par_1_8' title="bbox 121 364 910 403">
     <span class='ocr_line' id='line_1_8' title="bbox 121 364 910 403; baseline 0.001 -11"><span class='ocrx_word' id='word_1_41' title='bbox 121 366 231 398; x_wconf 76' lang='grc' dir='ltr'><strong>πολλοῖς</strong></span> <span class='ocrx_word' id='word_1_42' title='bbox 248 366 371 401; x_wconf 82' lang='grc' dir='ltr'><strong>ἀδελφοῖς</strong></span> <span class='ocrx_word' id='word_1_43' title='bbox 394 367 432 398; x_wconf 81' lang='grc' dir='ltr'><strong>ὡς</strong></span> <span class='ocrx_word' id='word_1_44' title='bbox 454 366 596 402; x_wconf 79' lang='grc' dir='ltr'><strong>ἄνθρωπος</strong></span> <span class='ocrx_word' id='word_1_45' title='bbox 606 375 613 382; x_wconf 89' lang='grc'>·</span> <span class='ocrx_word' id='word_1_46' title='bbox 641 368 674 394; x_wconf 81' lang='grc' dir='ltr'><strong>ἵν’</strong></span> <span class='ocrx_word' id='word_1_47' title='bbox 687 368 768 403; x_wconf 76' lang='grc' dir='ltr'><strong>ἡμεῖς</strong></span> <span class='ocrx_word' id='word_1_48' title='bbox 784 364 858 402; x_wconf 85' lang='grc' dir='ltr'><strong>ὦμεν</strong></span> <span class='ocrx_word' id='word_1_49' title='bbox 872 367 910 398; x_wconf 82' lang='grc' dir='ltr'><strong>ὼς</strong></span> 
     </span>
    </p>
   </div>
   <div class='ocr_carea' id='block_1_9' title="bbox 121 412 910 447">
    <p class='ocr_par' dir='ltr' id='par_1_9' title="bbox 121 412 910 447">
     <span class='ocr_line' id='line_1_9' title="bbox 121 412 910 447; baseline 0.001 -9"><span class='ocrx_word' id='word_1_50' title='bbox 121 413 154 438; x_wconf 79' lang='grc' dir='ltr'><strong>ἐν</strong></span> <span class='ocrx_word' id='word_1_51' title='bbox 169 412 244 447; x_wconf 77' lang='grc' dir='ltr'><strong>αὐτῷ</strong></span> <span class='ocrx_word' id='word_1_52' title='bbox 263 421 294 439; x_wconf 90' lang='grc' dir='ltr'><strong>τε</strong></span> <span class='ocrx_word' id='word_1_53' title='bbox 313 413 360 439; x_wconf 77' lang='grc' dir='ltr'><strong>καὶ</strong></span> <span class='ocrx_word' id='word_1_54' title='bbox 375 412 410 439; x_wconf 84' lang='grc' dir='ltr'><strong>δι’</strong></span> <span class='ocrx_word' id='word_1_55' title='bbox 425 413 507 440; x_wconf 78' lang='grc' dir='ltr'><strong>αὐτοῦ</strong></span> <span class='ocrx_word' id='word_1_56' title='bbox 525 413 578 440; x_wconf 80' lang='grc' dir='ltr'><strong>υἱοὶ</strong></span> <span class='ocrx_word' id='word_1_57' title='bbox 592 413 660 440; x_wconf 83' lang='grc' dir='ltr'><strong>Θεοῦ</strong></span> <span class='ocrx_word' id='word_1_58' title='bbox 677 413 798 447; x_wconf 81' lang='grc' dir='ltr'><strong>φυσικῶς</strong></span> <span class='ocrx_word' id='word_1_59' title='bbox 817 422 847 440; x_wconf 88' lang='grc' dir='ltr'><strong>τε</strong></span> <span class='ocrx_word' id='word_1_60' title='bbox 864 413 910 439; x_wconf 68' lang='grc' dir='ltr'><strong>κα)⁸</strong></span> 
     </span>
    </p>
   </div>
   <div class='ocr_carea' id='block_1_10' title="bbox 121 451 907 494">
    <p class='ocr_par' dir='ltr' id='par_1_10' title="bbox 121 451 907 494">
     <span class='ocr_line' id='line_1_10' title="bbox 121 451 907 494; baseline 0 -10"><span class='ocrx_word' id='word_1_61' title='bbox 121 459 194 485; x_wconf 81' lang='grc' dir='ltr'><strong>κατά</strong></span> <span class='ocrx_word' id='word_1_62' title='bbox 209 458 289 494; x_wconf 85' lang='grc' dir='ltr'><strong>χάριν</strong></span> <span class='ocrx_word' id='word_1_63' title='bbox 301 466 308 473; x_wconf 82' lang='grc'><em>⁴</em></span> <span class='ocrx_word' id='word_1_64' title='bbox 324 458 446 494; x_wconf 80' lang='grc' dir='ltr'><strong>φυσικῶς</strong></span> <span class='ocrx_word' id='word_1_65' title='bbox 464 459 523 494; x_wconf 81' lang='grc' dir='ltr'><strong>μὲν,</strong></span> <span class='ocrx_word' id='word_1_66' title='bbox 535 459 572 491; x_wconf 82' lang='grc' dir='ltr'><strong>ὡς</strong></span> <span class='ocrx_word' id='word_1_67' title='bbox 584 460 612 486; x_wconf 84' lang='grc' dir='ltr'><strong>ὲν</strong></span> <span class='ocrx_word' id='word_1_68' title='bbox 623 459 698 494; x_wconf 80' lang='grc' dir='ltr'><strong>αὐτῷ</strong></span> <span class='ocrx_word' id='word_1_69' title='bbox 711 468 740 486; x_wconf 91' lang='grc' dir='ltr'><strong>τε</strong></span> <span class='ocrx_word' id='word_1_70' title='bbox 757 459 803 486; x_wconf 81' lang='grc' dir='ltr'><strong>καὶ</strong></span> <span class='ocrx_word' id='word_1_71' title='bbox 817 459 889 494; x_wconf 83' lang='grc' dir='ltr'><strong>μόνῳ</strong></span> <span class='ocrx_word' id='word_1_72' title='bbox 901 451 907 473; x_wconf 68' lang='grc' dir='ltr'>ί</span> 
     </span>
    </p>
   </div>
   <div class='ocr_carea' id='block_1_11' title="bbox 122 504 909 541">
    <p class='ocr_par' dir='ltr' id='par_1_11' title="bbox 122 504 909 541">
     <span class='ocr_line' id='line_1_11' title="bbox 122 504 909 541; baseline 0.001 -11"><span class='ocrx_word' id='word_1_73' title='bbox 122 504 294 539; x_wconf 78' lang='grc' dir='ltr'><strong>μεθεκτικῶς</strong></span> <span class='ocrx_word' id='word_1_74' title='bbox 312 505 340 532; x_wconf 83' lang='grc' dir='ltr'><strong>δὲ</strong></span> <span class='ocrx_word' id='word_1_75' title='bbox 355 505 402 532; x_wconf 75' lang='grc' dir='ltr'><strong>καὶ</strong></span> <span class='ocrx_word' id='word_1_76' title='bbox 425 505 496 532; x_wconf 79' lang='grc' dir='ltr'><strong>κατὰ</strong></span> <span class='ocrx_word' id='word_1_77' title='bbox 513 505 592 540; x_wconf 84' lang='grc' dir='ltr'>χάριν</span> <span class='ocrx_word' id='word_1_78' title='bbox 616 506 698 541; x_wconf 77' lang='grc' dir='ltr'><strong>ἡμεῖς</strong></span> <span class='ocrx_word' id='word_1_79' title='bbox 720 505 754 531; x_wconf 84' lang='grc' dir='ltr'><strong>δι’</strong></span> <span class='ocrx_word' id='word_1_80' title='bbox 770 505 851 532; x_wconf 75' lang='grc' dir='ltr'><strong>αὑτοῦ</strong></span> <span class='ocrx_word' id='word_1_81' title='bbox 880 506 909 532; x_wconf 82' lang='grc' dir='ltr'><strong>ἐν</strong></span> 
     </span>
    </p>
   </div>
   <div class='ocr_carea' id='block_1_12' title="bbox 122 547 909 586">
    <p class='ocr_par' dir='ltr' id='par_1_12' title="bbox 122 547 909 586">
     <span class='ocr_line' id='line_1_12' title="bbox 122 547 909 586; baseline 0.001 -10"><span class='ocrx_word' id='word_1_82' title='bbox 122 550 382 585; x_wconf 77' lang='grc' dir='ltr'><strong>ΙΙνεύμα-ιι.Ὤσπερ</strong></span> <span class='ocrx_word' id='word_1_83' title='bbox 398 547 444 577; x_wconf 82' lang='grc' dir='ltr'><strong>οῦν</strong></span> <span class='ocrx_word' id='word_1_84' title='bbox 463 551 573 585; x_wconf 87' lang='grc' dir='ltr'><strong>γέγονεν</strong></span> <span class='ocrx_word' id='word_1_85' title='bbox 588 550 652 577; x_wconf 78' lang='grc' dir='ltr'><strong>ἴδιον</strong></span> <span class='ocrx_word' id='word_1_86' title='bbox 667 552 716 586; x_wconf 82' lang='grc' dir='ltr'><strong>τῆς</strong></span> <span class='ocrx_word' id='word_1_87' title='bbox 730 550 909 586; x_wconf 82' lang='grc' dir='ltr'><strong>ἁνθρωπότη-</strong></span> 
     </span>
    </p>
   </div>
   <div class='ocr_carea' id='block_1_13' title="bbox 121 594 910 632">
    <p class='ocr_par' dir='ltr' id='par_1_13' title="bbox 121 594 910 632">
     <span class='ocr_line' id='line_1_13' title="bbox 121 594 910 632; baseline 0.004 -11"><span class='ocrx_word' id='word_1_88' title='bbox 121 603 170 626; x_wconf 73' lang='grc' dir='ltr'><strong>’τος</strong></span> <span class='ocrx_word' id='word_1_89' title='bbox 196 596 225 621; x_wconf 85' lang='grc' dir='ltr'><strong>ὲν</strong></span> <span class='ocrx_word' id='word_1_90' title='bbox 244 595 355 630; x_wconf 84' lang='grc' dir='ltr'><strong>Χριστῷ</strong></span> <span class='ocrx_word' id='word_1_91' title='bbox 378 594 408 622; x_wconf 78' lang='grc' dir='ltr'><strong>τὸ</strong></span> <span class='ocrx_word' id='word_1_92' title='bbox 433 595 587 630; x_wconf 77' lang='grc' dir='ltr'><strong>μονογενὲς,</strong></span> <span class='ocrx_word' id='word_1_93' title='bbox 607 595 651 622; x_wconf 78' lang='grc' dir='ltr'><strong>διὰ</strong></span> <span class='ocrx_word' id='word_1_94' title='bbox 672 596 702 622; x_wconf 79' lang='grc' dir='ltr'><strong>τὸ</strong></span> <span class='ocrx_word' id='word_1_95' title='bbox 725 596 848 632; x_wconf 79' lang='grc' dir='ltr'><strong>ἡνῶσθαι</strong></span> <span class='ocrx_word' id='word_1_96' title='bbox 871 595 910 632; x_wconf 83' lang='grc' dir='ltr'><strong>τῷ</strong></span> 
     </span>
    </p>
   </div>
   <div class='ocr_carea' id='block_1_14' title="bbox 120 639 909 677">
    <p class='ocr_par' dir='ltr' id='par_1_14' title="bbox 120 639 909 677">
     <span class='ocr_line' id='line_1_14' title="bbox 120 639 909 677; baseline 0.003 -11"><span class='ocrx_word' id='word_1_97' title='bbox 120 640 204 675; x_wconf 85' lang='grc' dir='ltr'><strong>Λόγῳ</strong></span> <span class='ocrx_word' id='word_1_98' title='bbox 227 640 297 667; x_wconf 80' lang='grc' dir='ltr'><strong>κατὰ</strong></span> <span class='ocrx_word' id='word_1_99' title='bbox 320 639 455 676; x_wconf 75' lang='grc' dir='ltr'><strong>σύμϐασιν</strong></span> <span class='ocrx_word' id='word_1_100' title='bbox 478 641 668 677; x_wconf 57' lang='grc' dir='ltr'><strong>οἰκονομικήν</strong></span> <span class='ocrx_word' id='word_1_101' title='bbox 685 641 772 673; x_wconf 75' lang='grc' dir='ltr'><strong>οὕτως</strong></span> <span class='ocrx_word' id='word_1_102' title='bbox 785 642 850 669; x_wconf 76' lang='grc' dir='ltr'><strong>ἴδιον</strong></span> <span class='ocrx_word' id='word_1_103' title='bbox 863 642 909 669; x_wconf 82' lang='grc' dir='ltr'><strong>τοῦ</strong></span> 
     </span>
    </p>
   </div>
   <div class='ocr_carea' id='block_1_15' title="bbox 121 685 909 721">
    <p class='ocr_par' dir='ltr' id='par_1_15' title="bbox 121 685 909 721">
     <span class='ocr_line' id='line_1_15' title="bbox 121 685 909 721; baseline 0.004 -9"><span class='ocrx_word' id='word_1_104' title='bbox 121 686 224 720; x_wconf 77' lang='grc' dir='ltr'><strong>Λόγου,</strong></span> <span class='ocrx_word' id='word_1_105' title='bbox 233 685 273 717; x_wconf 79' lang='grc' dir='ltr'><strong>τὸ,</strong></span> <span class='ocrx_word' id='word_1_106' title='bbox 279 685 313 713; x_wconf 82' lang='grc' dir='ltr'><strong>ἐν</strong></span> <span class='ocrx_word' id='word_1_107' title='bbox 322 685 446 719; x_wconf 72' lang='grc' dir='ltr'><strong>πολλοῖς</strong></span> <span class='ocrx_word' id='word_1_108' title='bbox 453 686 604 720; x_wconf 60' lang='grc' dir='ltr'><strong>ἀδελφοῖς,</strong></span> <span class='ocrx_word' id='word_1_109' title='bbox 615 688 661 714; x_wconf 72' lang='grc' dir='ltr'><strong>καὶ</strong></span> <span class='ocrx_word' id='word_1_110' title='bbox 667 687 707 718; x_wconf 83' lang='grc' dir='ltr'><strong>τὸ,</strong></span> <span class='ocrx_word' id='word_1_111' title='bbox 714 689 909 721; x_wconf 72' lang='grc' dir='ltr'><strong>πρωτότοκος,</strong></span> 
     </span>
    </p>
   </div>
   <div class='ocr_carea' id='block_1_16' title="bbox 121 731 910 768">
    <p class='ocr_par' dir='ltr' id='par_1_16' title="bbox 121 731 910 768">
     <span class='ocr_line' id='line_1_16' title="bbox 121 731 910 768; baseline 0.001 -9"><span class='ocrx_word' id='word_1_112' title='bbox 121 731 170 759; x_wconf 78' lang='grc' dir='ltr'><strong>διὰ</strong></span> <span class='ocrx_word' id='word_1_113' title='bbox 187 732 216 759; x_wconf 76' lang='grc' dir='ltr'><strong>τὸ</strong></span> <span class='ocrx_word' id='word_1_114' title='bbox 229 731 348 767; x_wconf 79' lang='grc' dir='ltr'><strong>ἡνῶσθαι</strong></span> <span class='ocrx_word' id='word_1_115' title='bbox 365 731 457 767; x_wconf 84' lang='grc' dir='ltr'><strong>σαρκί.</strong></span> <span class='ocrx_word' id='word_1_116' title='bbox 469 731 678 768; x_wconf 83' lang='grc' dir='ltr'><strong>Ἐρηρεισμένον</strong></span> <span class='ocrx_word' id='word_1_117' title='bbox 691 733 713 759; x_wconf 75' lang='grc' dir='ltr'><strong>δ’</strong></span> <span class='ocrx_word' id='word_1_118' title='bbox 726 731 771 760; x_wconf 81' lang='grc' dir='ltr'><strong>οὖν</strong></span> <span class='ocrx_word' id='word_1_119' title='bbox 791 733 860 768; x_wconf 79' lang='grc' dir='ltr'><strong>ἔχων</strong></span> <span class='ocrx_word' id='word_1_120' title='bbox 880 734 910 760; x_wconf 78' lang='grc' dir='ltr'><strong>τὸ</strong></span> 
     </span>
    </p>
   </div>
   <div class='ocr_carea' id='block_1_17' title="bbox 122 775 911 814">
    <p class='ocr_par' dir='ltr' id='par_1_17' title="bbox 122 775 911 814">
     <span class='ocr_line' id='line_1_17' title="bbox 122 775 911 814; baseline 0.001 -10"><span class='ocrx_word' id='word_1_121' title='bbox 122 775 195 804; x_wconf 86' lang='grc' dir='ltr'><strong>εἶναι</strong></span> <span class='ocrx_word' id='word_1_122' title='bbox 205 778 280 809; x_wconf 79' lang='grc' dir='ltr'><strong>Θεὸς,</strong></span> <span class='ocrx_word' id='word_1_123' title='bbox 298 777 345 804; x_wconf 75' lang='grc' dir='ltr'><strong>καὶ</strong></span> <span class='ocrx_word' id='word_1_124' title='bbox 357 777 460 813; x_wconf 83' lang='grc' dir='ltr'><strong>τροπῆς</strong></span> <span class='ocrx_word' id='word_1_125' title='bbox 475 777 594 812; x_wconf 80' lang='grc' dir='ltr'><strong>ἀμείνων</strong></span> <span class='ocrx_word' id='word_1_126' title='bbox 611 778 751 814; x_wconf 80' lang='grc' dir='ltr'><strong>ύπάρχῳν,</strong></span> <span class='ocrx_word' id='word_1_127' title='bbox 766 779 810 806; x_wconf 77' lang='grc' dir='ltr'><strong>ἀεὶ</strong></span> <span class='ocrx_word' id='word_1_128' title='bbox 827 778 911 814; x_wconf 83' lang='grc' dir='ltr'><strong>μεμέ-</strong></span> 
     </span>
    </p>
   </div>
   <div class='ocr_carea' id='block_1_18' title="bbox 122 821 910 860">
    <p class='ocr_par' dir='ltr' id='par_1_18' title="bbox 122 821 910 860">
     <span class='ocr_line' id='line_1_18' title="bbox 122 821 910 860; baseline 0.001 -10"><span class='ocrx_word' id='word_1_129' title='bbox 122 832 208 859; x_wconf 82' lang='grc' dir='ltr'><strong>νηκεν</strong></span> <span class='ocrx_word' id='word_1_130' title='bbox 222 824 290 858; x_wconf 74' lang='grc' dir='ltr'><strong>ὅπερ</strong></span> <span class='ocrx_word' id='word_1_131' title='bbox 303 821 348 858; x_wconf 86' lang='grc' dir='ltr'><strong>ἦν,</strong></span> <span class='ocrx_word' id='word_1_132' title='bbox 364 823 412 849; x_wconf 72' lang='grc' dir='ltr'><strong>καὶ</strong></span> <span class='ocrx_word' id='word_1_133' title='bbox 431 823 476 850; x_wconf 84' lang='grc' dir='ltr'><strong>ὅτε</strong></span> <span class='ocrx_word' id='word_1_134' title='bbox 491 823 603 858; x_wconf 82' lang='grc' dir='ltr'><strong>γέγονεν</strong></span> <span class='ocrx_word' id='word_1_135' title='bbox 624 823 778 859; x_wconf 79' lang='grc' dir='ltr'><strong>ἄνθρωπος,</strong></span> <span class='ocrx_word' id='word_1_136' title='bbox 791 826 824 860; x_wconf 84' lang='grc' dir='ltr'><strong>τῇ</strong></span> <span class='ocrx_word' id='word_1_137' title='bbox 839 824 910 851; x_wconf 74' lang='grc' dir='ltr'><strong>κατὰ</strong></span> 
     </span>
    </p>
   </div>
   <div class='ocr_carea' id='block_1_19' title="bbox 123 869 910 908">
    <p class='ocr_par' dir='ltr' id='par_1_19' title="bbox 123 869 910 908">
     <span class='ocr_line' id='line_1_19' title="bbox 123 869 910 908; baseline -0.001 -11"><span class='ocrx_word' id='word_1_138' title='bbox 123 872 235 899; x_wconf 75' lang='grc' dir='ltr'><strong>πάντων</strong></span> <span class='ocrx_word' id='word_1_139' title='bbox 250 872 382 908; x_wconf 74' lang='grc' dir='ltr'><strong>ὑπεροχῇ,</strong></span> <span class='ocrx_word' id='word_1_140' title='bbox 400 869 462 907; x_wconf 80' lang='grc' dir='ltr'><strong>δόξῃ</strong></span> <span class='ocrx_word' id='word_1_141' title='bbox 479 879 508 897; x_wconf 89' lang='grc' dir='ltr'><strong>τε</strong></span> <span class='ocrx_word' id='word_1_142' title='bbox 523 872 556 907; x_wconf 81' lang='grc' dir='ltr'><strong>τῇ</strong></span> <span class='ocrx_word' id='word_1_143' title='bbox 574 871 703 898; x_wconf 82' lang='grc' dir='ltr'><strong>ἀνωτάτω</strong></span> <span class='ocrx_word' id='word_1_144' title='bbox 720 869 910 905; x_wconf 83' lang='grc' dir='ltr'><strong>κατεστεμμέ-</strong></span> 
     </span>
    </p>
   </div>
   <div class='ocr_carea' id='block_1_20' title="bbox 122 916 910 952">
    <p class='ocr_par' dir='ltr' id='par_1_20' title="bbox 122 916 910 952">
     <span class='ocr_line' id='line_1_20' title="bbox 122 916 910 952; baseline -0.001 -8"><span class='ocrx_word' id='word_1_145' title='bbox 122 925 182 949; x_wconf 79' lang='grc' dir='ltr'><strong>νος.</strong></span> <span class='ocrx_word' id='word_1_146' title='bbox 194 918 336 952; x_wconf 78' lang='grc' dir='ltr'><strong>Τοιγάρτοι</strong></span> <span class='ocrx_word' id='word_1_147' title='bbox 351 917 527 944; x_wconf 77' lang='grc' dir='ltr'><strong>κεκέλευσται</strong></span> <span class='ocrx_word' id='word_1_148' title='bbox 546 916 606 952; x_wconf 83' lang='grc' dir='ltr'><strong>μεθ’</strong></span> <span class='ocrx_word' id='word_1_149' title='bbox 617 916 696 952; x_wconf 84' lang='grc' dir='ltr'><strong>ήμῶν</strong></span> <span class='ocrx_word' id='word_1_150' title='bbox 712 917 758 943; x_wconf 75' lang='grc' dir='ltr'><strong>καὶ</strong></span> <span class='ocrx_word' id='word_1_151' title='bbox 773 916 841 951; x_wconf 83' lang='grc' dir='ltr'><strong>αὑτὴ</strong></span> <span class='ocrx_word' id='word_1_152' title='bbox 855 916 910 943; x_wconf 81' lang='grc' dir='ltr'><strong>τῶν</strong></span> 
     </span>
    </p>
   </div>
   <div class='ocr_carea' id='block_1_21' title="bbox 123 962 912 999">
    <p class='ocr_par' dir='ltr' id='par_1_21' title="bbox 123 962 912 999">
     <span class='ocr_line' id='line_1_21' title="bbox 123 962 912 999; baseline -0.003 -9"><span class='ocrx_word' id='word_1_153' title='bbox 123 963 183 990; x_wconf 79' lang='grc' dir='ltr'><strong>ἆ-ιω</strong></span> <span class='ocrx_word' id='word_1_154' title='bbox 197 963 358 998; x_wconf 78' lang='grc' dir='ltr'><strong>πνευμάτων</strong></span> <span class='ocrx_word' id='word_1_155' title='bbox 377 963 394 999; x_wconf 79' lang='grc' dir='ltr'><strong>ἡ</strong></span> <span class='ocrx_word' id='word_1_156' title='bbox 410 963 476 997; x_wconf 75' lang='grc' dir='ltr'><strong>ἁγία</strong></span> <span class='ocrx_word' id='word_1_157' title='bbox 492 971 522 989; x_wconf 86' lang='grc' dir='ltr'><strong>τε</strong></span> <span class='ocrx_word' id='word_1_158' title='bbox 536 963 583 989; x_wconf 76' lang='grc' dir='ltr'><strong>καὶ</strong></span> <span class='ocrx_word' id='word_1_159' title='bbox 599 962 784 998; x_wconf 83' lang='grc' dir='ltr'><strong>παμμακαρία</strong></span> <span class='ocrx_word' id='word_1_160' title='bbox 807 962 912 997; x_wconf 80' lang='grc' dir='ltr'><strong>πληθὺς</strong></span> 
     </span>
    </p>
   </div>
   <div class='ocr_carea' id='block_1_22' title="bbox 123 1006 912 1044">
    <p class='ocr_par' dir='ltr' id='par_1_22' title="bbox 123 1006 912 1044">
     <span class='ocr_line' id='line_1_22' title="bbox 123 1006 912 1044; baseline 0 -10"><span class='ocrx_word' id='word_1_161' title='bbox 123 1009 288 1043; x_wconf 70' lang='grc' dir='ltr'><strong>προσκυνεῖν</strong></span> <span class='ocrx_word' id='word_1_162' title='bbox 310 1006 459 1044; x_wconf 81' lang='grc' dir='ltr'><strong>αὑτῷ.ἾΙν</strong></span> <span class='ocrx_word' id='word_1_163' title='bbox 481 1008 535 1043; x_wconf 73' lang='grc' dir='ltr'><strong>γὰρ</strong></span> <span class='ocrx_word' id='word_1_164' title='bbox 557 1008 644 1044; x_wconf 82' lang='grc' dir='ltr'>δήπου</span> <span class='ocrx_word' id='word_1_165' title='bbox 668 1007 714 1034; x_wconf 75' lang='grc' dir='ltr'><strong>καὶ</strong></span> <span class='ocrx_word' id='word_1_166' title='bbox 741 1008 813 1043; x_wconf 79' lang='grc' dir='ltr'><strong>μάλα</strong></span> <span class='ocrx_word' id='word_1_167' title='bbox 837 1007 912 1040; x_wconf 84' lang='grc' dir='ltr'><strong>εἰκὸς</strong></span> 
     </span>
    </p>
   </div>
   <div class='ocr_carea' id='block_1_23' title="bbox 127 1053 910 1090">
    <p class='ocr_par' dir='ltr' id='par_1_23' title="bbox 127 1053 910 1090">
     <span class='ocr_line' id='line_1_23' title="bbox 127 1053 910 1090; baseline -0.001 -9"><span class='ocrx_word' id='word_1_168' title='bbox 127 1055 277 1090; x_wconf 76' lang='grc' dir='ltr'><strong>ἀνήνασθαι</strong></span> <span class='ocrx_word' id='word_1_169' title='bbox 303 1054 352 1090; x_wconf 78' lang='grc' dir='ltr'><strong>τὴν</strong></span> <span class='ocrx_word' id='word_1_170' title='bbox 365 1053 561 1090; x_wconf 81' lang='grc' dir='ltr'><strong>προσκύνησιν,</strong></span> <span class='ocrx_word' id='word_1_171' title='bbox 576 1054 623 1080; x_wconf 73' lang='grc' dir='ltr'><strong>καὶ</strong></span> <span class='ocrx_word' id='word_1_172' title='bbox 637 1054 803 1089; x_wconf 79' lang='grc' dir='ltr'><strong>κατοκνῆσαι</strong></span> <span class='ocrx_word' id='word_1_173' title='bbox 815 1054 910 1089; x_wconf 85' lang='grc' dir='ltr'><strong>τιμᾷν,</strong></span> 
     </span>
    </p>
   </div>
   <div class='ocr_carea' id='block_1_24' title="bbox 124 1099 912 1136">
    <p class='ocr_par' dir='ltr' id='par_1_24' title="bbox 124 1099 912 1136">
     <span class='ocr_line' id='line_1_24' title="bbox 124 1099 912 1136; baseline 0 -10"><span class='ocrx_word' id='word_1_174' title='bbox 124 1100 157 1126; x_wconf 80' lang='grc' dir='ltr'><strong>τὸ</strong></span> <span class='ocrx_word' id='word_1_175' title='bbox 177 1099 226 1134; x_wconf 80' lang='grc' dir='ltr'><strong>τῆς</strong></span> <span class='ocrx_word' id='word_1_176' title='bbox 250 1099 458 1136; x_wconf 69' lang='grc' dir='ltr'><strong>ἀνθρωπότητος</strong></span> <span class='ocrx_word' id='word_1_177' title='bbox 483 1099 689 1136; x_wconf 79' lang='grc' dir='ltr'><strong>σμικροπρεπὲς</strong></span> <span class='ocrx_word' id='word_1_178' title='bbox 713 1099 844 1134; x_wconf 82' lang='grc' dir='ltr'><strong>ὁρῶντας,</strong></span> <span class='ocrx_word' id='word_1_179' title='bbox 865 1099 912 1127; x_wconf 77' lang='grc' dir='ltr'><strong>καὶ</strong></span> 
     </span>
    </p>
   </div>
   <div class='ocr_carea' id='block_1_25' title="bbox 124 1147 913 1184">
    <p class='ocr_par' dir='ltr' id='par_1_25' title="bbox 124 1147 913 1184">
     <span class='ocr_line' id='line_1_25' title="bbox 124 1147 913 1184; baseline 0 -10"><span class='ocrx_word' id='word_1_180' title='bbox 124 1147 172 1175; x_wconf 78' lang='grc' dir='ltr'><strong>’τὸν</strong></span> <span class='ocrx_word' id='word_1_181' title='bbox 187 1149 220 1175; x_wconf 73' lang='grc' dir='ltr'><strong>δι’</strong></span> <span class='ocrx_word' id='word_1_182' title='bbox 235 1149 309 1184; x_wconf 74' lang='grc' dir='ltr'><strong>ἡμᾶς</strong></span> <span class='ocrx_word' id='word_1_183' title='bbox 323 1148 470 1184; x_wconf 83' lang='grc' dir='ltr'><strong>γενόμενον</strong></span> <span class='ocrx_word' id='word_1_184' title='bbox 484 1147 545 1175; x_wconf 83' lang='grc' dir='ltr'><strong>καθ’</strong></span> <span class='ocrx_word' id='word_1_185' title='bbox 558 1148 632 1183; x_wconf 79' lang='grc' dir='ltr'><strong>ἡμᾶς</strong></span> <span class='ocrx_word' id='word_1_186' title='bbox 645 1148 695 1174; x_wconf 83' lang='grc' dir='ltr'><strong>οὐκ</strong></span> <span class='ocrx_word' id='word_1_187' title='bbox 710 1147 825 1180; x_wconf 80' lang='grc' dir='ltr'><strong>ἀξιῶσαι</strong></span> <span class='ocrx_word' id='word_1_188' title='bbox 839 1147 913 1180; x_wconf 82' lang='grc' dir='ltr'><strong>δοξο-</strong></span> 
     </span>
    </p>
   </div>
   <div class='ocr_carea' id='block_1_26' title="bbox 124 1193 912 1228">
    <p class='ocr_par' dir='ltr' id='par_1_26' title="bbox 124 1193 912 1228">
     <span class='ocr_line' id='line_1_26' title="bbox 124 1193 912 1228; baseline -0.001 -8"><span class='ocrx_word' id='word_1_189' title='bbox 124 1193 227 1228; x_wconf 81' lang='grc' dir='ltr'><strong>λογείν,</strong></span> <span class='ocrx_word' id='word_1_190' title='bbox 241 1193 446 1228; x_wconf 74' lang='grc' dir='ltr'><strong>ἁποφοιτῶντας</strong></span> <span class='ocrx_word' id='word_1_191' title='bbox 460 1193 498 1225; x_wconf 81' lang='grc' dir='ltr'><strong>ὡς</strong></span> <span class='ocrx_word' id='word_1_192' title='bbox 511 1193 648 1220; x_wconf 82' lang='grc' dir='ltr'><strong>ἀπωτάτω</strong></span> <span class='ocrx_word' id='word_1_193' title='bbox 662 1193 709 1219; x_wconf 83' lang='grc' dir='ltr'><strong>τοῦ</strong></span> <span class='ocrx_word' id='word_1_194' title='bbox 723 1193 912 1228; x_wconf 80' lang='grc' dir='ltr'><strong>πεπλανῆσθαι</strong></span> 
     </span>
    </p>
   </div>
   <div class='ocr_carea' id='block_1_27' title="bbox 124 1237 913 1276">
    <p class='ocr_par' dir='ltr' id='par_1_27' title="bbox 124 1237 913 1276">
     <span class='ocr_line' id='line_1_27' title="bbox 124 1237 913 1276; baseline -0.003 -10"><span class='ocrx_word' id='word_1_195' title='bbox 124 1239 367 1267; x_wconf 80' lang='grc' dir='ltr'><strong>ὂοκεῖν.”Αποπτον</strong></span> <span class='ocrx_word' id='word_1_196' title='bbox 379 1239 433 1276; x_wconf 86' lang='grc' dir='ltr'><strong>γὰρ</strong></span> <span class='ocrx_word' id='word_1_197' title='bbox 448 1239 494 1266; x_wconf 76' lang='grc' dir='ltr'><strong>καὶ</strong></span> <span class='ocrx_word' id='word_1_198' title='bbox 504 1239 597 1271; x_wconf 80' lang='grc' dir='ltr'><strong>αὐτοῖς</strong></span> <span class='ocrx_word' id='word_1_199' title='bbox 608 1237 643 1275; x_wconf 83' lang='grc' dir='ltr'><strong>ἦν</strong></span> <span class='ocrx_word' id='word_1_200' title='bbox 656 1238 696 1265; x_wconf 79' lang='grc' dir='ltr'><strong>ἔτι</strong></span> <span class='ocrx_word' id='word_1_201' title='bbox 705 1241 737 1266; x_wconf 74' lang='grc' dir='ltr'><strong>τὸ</strong></span> <span class='ocrx_word' id='word_1_202' title='bbox 750 1239 913 1275; x_wconf 80' lang='grc' dir='ltr'><strong>ἐπιΧριστῷ</strong></span> 
     </span>
    </p>
   </div>
   <div class='ocr_carea' id='block_1_28' title="bbox 128 1281 914 1319">
    <p class='ocr_par' dir='ltr' id='par_1_28' title="bbox 128 1281 914 1319">
     <span class='ocr_line' id='line_1_28' title="bbox 128 1281 914 1319; baseline -0.003 -9"><span class='ocrx_word' id='word_1_203' title='bbox 128 1284 288 1319; x_wconf 85' lang='grc' dir='ltr'><strong>μυστήριον,</strong></span> <span class='ocrx_word' id='word_1_204' title='bbox 308 1282 473 1316; x_wconf 69' lang='grc' dir='ltr'><strong>ἐξεπάλυπτε</strong></span> <span class='ocrx_word' id='word_1_205' title='bbox 499 1283 527 1309; x_wconf 81' lang='grc' dir='ltr'><strong>δὲ</strong></span> <span class='ocrx_word' id='word_1_206' title='bbox 553 1282 584 1309; x_wconf 76' lang='grc' dir='ltr'><strong>τὸ</strong></span> <span class='ocrx_word' id='word_1_207' title='bbox 608 1282 721 1318; x_wconf 81' lang='grc' dir='ltr'><strong>Πνεῦμα</strong></span> <span class='ocrx_word' id='word_1_208' title='bbox 745 1282 846 1314; x_wconf 73' lang='grc' dir='ltr'><strong>αὐτοῖς,</strong></span> <span class='ocrx_word' id='word_1_209' title='bbox 865 1281 914 1308; x_wconf 76' lang='grc' dir='ltr'><strong>καὶ</strong></span> 
     </span>
    </p>
   </div>
   <div class='ocr_carea' id='block_1_29' title="bbox 125 1327 913 1364">
    <p class='ocr_par' dir='ltr' id='par_1_29' title="bbox 125 1327 913 1364">
     <span class='ocr_line' id='line_1_29' title="bbox 125 1327 913 1364; baseline -0.003 -9"><span class='ocrx_word' id='word_1_210' title='bbox 125 1329 266 1356; x_wconf 76' lang='grc' dir='ltr'><strong>δυσσεϐεἴν</strong></span> <span class='ocrx_word' id='word_1_211' title='bbox 288 1330 337 1356; x_wconf 83' lang='grc' dir='ltr'><strong>οὐκ</strong></span> <span class='ocrx_word' id='word_1_212' title='bbox 358 1328 433 1364; x_wconf 74' lang='grc' dir='ltr'>ἠφίει</span> <span class='ocrx_word' id='word_1_213' title='bbox 455 1329 518 1360; x_wconf 72' lang='grc' dir='ltr'><strong>τοὺς</strong></span> <span class='ocrx_word' id='word_1_214' title='bbox 539 1327 730 1363; x_wconf 74' lang='grc' dir='ltr'><strong>ἡγιασμένους.</strong></span> <span class='ocrx_word' id='word_1_215' title='bbox 765 1327 913 1363; x_wconf 82' lang='grc' dir='ltr'><strong>Τοιγάρτοι</strong></span> 
     </span>
    </p>
   </div>
   <div class='ocr_carea' id='block_1_30' title="bbox 127 1373 914 1411">
    <p class='ocr_par' dir='ltr' id='par_1_30' title="bbox 127 1373 914 1411">
     <span class='ocr_line' id='line_1_30' title="bbox 127 1373 914 1411; baseline -0.003 -9"><span class='ocrx_word' id='word_1_216' title='bbox 127 1377 210 1411; x_wconf 74' lang='grc' dir='ltr'><strong>φησιν</strong></span> <span class='ocrx_word' id='word_1_217' title='bbox 226 1377 240 1402; x_wconf 83' lang='grc' dir='ltr'><strong>ό</strong></span> <span class='ocrx_word' id='word_1_218' title='bbox 255 1375 398 1407; x_wconf 80' lang='grc' dir='ltr'><strong>θεσπέσιος</strong></span> <span class='ocrx_word' id='word_1_219' title='bbox 412 1374 515 1406; x_wconf 80' lang='grc' dir='ltr'><strong>Παῦλος</strong></span> <span class='ocrx_word' id='word_1_220' title='bbox 525 1382 533 1390; x_wconf 90' lang='grc'>·</span> <span class='ocrx_word' id='word_1_221' title='bbox 551 1374 652 1401; x_wconf 82' lang='grc' dir='ltr'><strong>(Ὅταν</strong></span> <span class='ocrx_word' id='word_1_222' title='bbox 674 1374 703 1400; x_wconf 76' lang='grc' dir='ltr'><strong>δὲ</strong></span> <span class='ocrx_word' id='word_1_223' title='bbox 716 1374 851 1409; x_wconf 81' lang='grc' dir='ltr'><strong>εἰσαγάγῃ</strong></span> <span class='ocrx_word' id='word_1_224' title='bbox 866 1373 914 1401; x_wconf 83' lang='grc' dir='ltr'><strong>τὸν</strong></span> 
     </span>
    </p>
   </div>
   <div class='ocr_carea' id='block_1_31' title="bbox 130 1420 913 1458">
    <p class='ocr_par' dir='ltr' id='par_1_31' title="bbox 130 1420 913 1458">
     <span class='ocr_line' id='line_1_31' title="bbox 130 1420 913 1458; baseline -0.004 -9"><span class='ocrx_word' id='word_1_225' title='bbox 130 1422 306 1457; x_wconf 76' lang='grc' dir='ltr'><strong>Πρωτότοκον</strong></span> <span class='ocrx_word' id='word_1_226' title='bbox 329 1422 369 1453; x_wconf 85' lang='grc' dir='ltr'><strong>εἰς</strong></span> <span class='ocrx_word' id='word_1_227' title='bbox 382 1421 432 1458; x_wconf 80' lang='grc' dir='ltr'><strong>τὴν</strong></span> <span class='ocrx_word' id='word_1_228' title='bbox 456 1421 629 1456; x_wconf 75' lang='grc' dir='ltr'><strong>οἰκουμένην,</strong></span> <span class='ocrx_word' id='word_1_229' title='bbox 644 1420 736 1455; x_wconf 86' lang='grc' dir='ltr'><strong>λέγει·</strong></span> <span class='ocrx_word' id='word_1_230' title='bbox 751 1420 806 1448; x_wconf 77' lang='grc' dir='ltr'><strong>Καὶ</strong></span> <span class='ocrx_word' id='word_1_231' title='bbox 825 1428 913 1456; x_wconf 82' lang='grc' dir='ltr'><strong>προσ-</strong></span> 
     </span>
    </p>
   </div>
   <div class='ocr_carea' id='block_1_32' title="bbox 128 1466 913 1504">
    <p class='ocr_par' dir='ltr' id='par_1_32' title="bbox 128 1466 913 1504">
     <span class='ocr_line' id='line_1_32' title="bbox 128 1466 913 1504; baseline -0.003 -9"><span class='ocrx_word' id='word_1_232' title='bbox 128 1469 325 1504; x_wconf 74' lang='grc' dir='ltr'><strong>κυνησάτωσαν</strong></span> <span class='ocrx_word' id='word_1_233' title='bbox 351 1468 425 1504; x_wconf 78' lang='grc' dir='ltr'><strong>αὐτῷ</strong></span> <span class='ocrx_word' id='word_1_234' title='bbox 452 1469 552 1499; x_wconf 76' lang='grc' dir='ltr'><strong>πάντες</strong></span> <span class='ocrx_word' id='word_1_235' title='bbox 573 1467 683 1502; x_wconf 82' lang='grc' dir='ltr'><strong>ἄγγελοι</strong></span> <span class='ocrx_word' id='word_1_236' title='bbox 704 1467 783 1495; x_wconf 88' lang='grc' dir='ltr'><strong>Θεοῦ.</strong></span> <span class='ocrx_word' id='word_1_237' title='bbox 796 1467 845 1493; x_wconf 86' lang='grc' dir='ltr'><strong>›⁹Ο</strong></span> <span class='ocrx_word' id='word_1_238' title='bbox 858 1466 913 1502; x_wconf 88' lang='grc' dir='ltr'><strong>γὰρ</strong></span> 
     </span>
    </p>
   </div>
   <div class='ocr_carea' id='block_1_33' title="bbox 129 1510 911 1549">
    <p class='ocr_par' dir='ltr' id='par_1_33' title="bbox 129 1510 911 1549">
     <span class='ocr_line' id='line_1_33' title="bbox 129 1510 911 1549; baseline -0.003 -9"><span class='ocrx_word' id='word_1_239' title='bbox 129 1514 241 1549; x_wconf 78' lang='grc' dir='ltr'><strong>ἰδιότητι</strong></span> <span class='ocrx_word' id='word_1_240' title='bbox 263 1514 362 1548; x_wconf 81' lang='grc' dir='ltr'>φυσικῇ</span> <span class='ocrx_word' id='word_1_241' title='bbox 379 1513 428 1549; x_wconf 82' lang='grc' dir='ltr'><strong>τῆς</strong></span> <span class='ocrx_word' id='word_1_242' title='bbox 448 1513 610 1548; x_wconf 83' lang='grc' dir='ltr'><strong>οξκουμένης</strong></span> <span class='ocrx_word' id='word_1_243' title='bbox 627 1511 737 1547; x_wconf 82' lang='grc' dir='ltr'><strong>ἁπάσης</strong></span> <span class='ocrx_word' id='word_1_244' title='bbox 753 1510 911 1546; x_wconf 85' lang='grc' dir='ltr'><strong>διενεγκὼν,</strong></span> 
     </span>
    </p>
   </div>
   <div class='ocr_carea' id='block_1_34' title="bbox 127 1556 912 1594">
    <p class='ocr_par' dir='ltr' id='par_1_34' title="bbox 127 1556 912 1594">
     <span class='ocr_line' id='line_1_34' title="bbox 127 1556 912 1594; baseline -0.004 -9"><span class='ocrx_word' id='word_1_245' title='bbox 127 1560 180 1593; x_wconf 79' lang='grc' dir='ltr'><strong>ἔξω</strong></span> <span class='ocrx_word' id='word_1_246' title='bbox 194 1568 222 1585; x_wconf 84' lang='grc' dir='ltr'><strong>τε</strong></span> <span class='ocrx_word' id='word_1_247' title='bbox 236 1559 320 1594; x_wconf 71' lang='grc' dir='ltr'><strong>αὐτῆς</strong></span> <span class='ocrx_word' id='word_1_248' title='bbox 339 1558 479 1594; x_wconf 81' lang='grc' dir='ltr'><strong>ὑπάρχων,</strong></span> <span class='ocrx_word' id='word_1_249' title='bbox 493 1558 561 1585; x_wconf 81' lang='grc' dir='ltr'><strong>καθὸ</strong></span> <span class='ocrx_word' id='word_1_250' title='bbox 575 1557 674 1584; x_wconf 83' lang='grc' dir='ltr'><strong>νοεῖται</strong></span> <span class='ocrx_word' id='word_1_251' title='bbox 693 1557 768 1589; x_wconf 78' lang='grc' dir='ltr'><strong>θεὸς,</strong></span> <span class='ocrx_word' id='word_1_252' title='bbox 787 1556 912 1592; x_wconf 76' lang='grc' dir='ltr'><strong>εἰσϐέση-</strong></span> 
     </span>
    </p>
   </div>
   <div class='ocr_carea' id='block_1_35' title="bbox 127 1602 910 1640">
    <p class='ocr_par' dir='ltr' id='par_1_35' title="bbox 127 1602 910 1640">
     <span class='ocr_line' id='line_1_35' title="bbox 127 1602 910 1640; baseline -0.005 -8"><span class='ocrx_word' id='word_1_253' title='bbox 127 1615 174 1632; x_wconf 85' lang='grc' dir='ltr'><strong>κεν</strong></span> <span class='ocrx_word' id='word_1_254' title='bbox 189 1606 228 1636; x_wconf 79' lang='grc' dir='ltr'><strong>εἰς</strong></span> <span class='ocrx_word' id='word_1_255' title='bbox 242 1604 336 1640; x_wconf 74' lang='grc' dir='ltr'><strong>αὐτὴν,</strong></span> <span class='ocrx_word' id='word_1_256' title='bbox 352 1604 433 1640; x_wconf 81' lang='grc' dir='ltr'><strong>μέρος</strong></span> <span class='ocrx_word' id='word_1_257' title='bbox 445 1604 548 1639; x_wconf 85' lang='grc' dir='ltr'><strong>κόσμου</strong></span> <span class='ocrx_word' id='word_1_258' title='bbox 560 1602 699 1638; x_wconf 78' lang='grc' dir='ltr'><strong>πεφηνὼς,</strong></span> <span class='ocrx_word' id='word_1_259' title='bbox 711 1602 748 1633; x_wconf 85' lang='grc' dir='ltr'><strong>ὡς</strong></span> <span class='ocrx_word' id='word_1_260' title='bbox 758 1602 910 1638; x_wconf 75' lang='grc' dir='ltr'><strong>ἄνθρωπος·</strong></span> 
     </span>
    </p>
   </div>
   <div class='ocr_carea' id='block_1_36' title="bbox 126 1649 913 1687">
    <p class='ocr_par' dir='ltr' id='par_1_36' title="bbox 126 1649 913 1687">
     <span class='ocr_line' id='line_1_36' title="bbox 126 1649 913 1687; baseline -0.004 -9"><span class='ocrx_word' id='word_1_261' title='bbox 126 1651 198 1687; x_wconf 77' lang='grc' dir='ltr'><strong>πλὴν</strong></span> <span class='ocrx_word' id='word_1_262' title='bbox 214 1652 245 1678; x_wconf 82' lang='grc' dir='ltr'><strong>οὐ</strong></span> <span class='ocrx_word' id='word_1_263' title='bbox 260 1651 303 1678; x_wconf 77' lang='grc' dir='ltr'><strong>διὰ</strong></span> <span class='ocrx_word' id='word_1_264' title='bbox 317 1650 396 1678; x_wconf 85' lang='grc' dir='ltr'><strong>τοῦτο</strong></span> <span class='ocrx_word' id='word_1_265' title='bbox 414 1650 464 1685; x_wconf 83' lang='grc' dir='ltr'><strong>τῆς</strong></span> <span class='ocrx_word' id='word_1_266' title='bbox 480 1650 554 1681; x_wconf 75' lang='grc' dir='ltr'><strong>θείας</strong></span> <span class='ocrx_word' id='word_1_267' title='bbox 572 1649 712 1676; x_wconf 85' lang='grc' dir='ltr'><strong>ἀπώλισθε</strong></span> <span class='ocrx_word' id='word_1_268' title='bbox 727 1649 815 1684; x_wconf 78' lang='grc' dir='ltr'><strong>δόξης.</strong></span> <span class='ocrx_word' id='word_1_269' title='bbox 825 1649 913 1684; x_wconf 84' lang='grc' dir='ltr'><strong>Προσ-</strong></span> 
     </span>
    </p>
   </div>
   <div class='ocr_carea' id='block_1_37' title="bbox 126 1694 913 1732">
    <p class='ocr_par' dir='ltr' id='par_1_37' title="bbox 126 1694 913 1732">
     <span class='ocr_line' id='line_1_37' title="bbox 126 1694 913 1732; baseline -0.004 -9"><span class='ocrx_word' id='word_1_270' title='bbox 126 1697 248 1723; x_wconf 78' lang='grc' dir='ltr'><strong>κυνεῖται</strong></span> <span class='ocrx_word' id='word_1_271' title='bbox 262 1696 315 1732; x_wconf 72' lang='grc' dir='ltr'><strong>γὰρ</strong></span> <span class='ocrx_word' id='word_1_272' title='bbox 328 1696 365 1727; x_wconf 85' lang='grc' dir='ltr'><strong>ὡς</strong></span> <span class='ocrx_word' id='word_1_273' title='bbox 379 1695 545 1730; x_wconf 79' lang='grc' dir='ltr'><strong>Μονογενὴς,</strong></span> <span class='ocrx_word' id='word_1_274' title='bbox 557 1695 608 1722; x_wconf 82' lang='grc' dir='ltr'><strong>κᾶν</strong></span> <span class='ocrx_word' id='word_1_275' title='bbox 617 1695 641 1720; x_wconf 87' lang='grc' dir='ltr'><strong>εἰ</strong></span> <span class='ocrx_word' id='word_1_276' title='bbox 653 1694 761 1721; x_wconf 84' lang='grc' dir='ltr'><strong>καλοῖτο</strong></span> <span class='ocrx_word' id='word_1_277' title='bbox 776 1695 913 1730; x_wconf 83' lang='grc' dir='ltr'><strong>πρωτότο-</strong></span> 
     </span>
    </p>
   </div>
   <div class='ocr_carea' id='block_1_38' title="bbox 126 1739 913 1778">
    <p class='ocr_par' dir='ltr' id='par_1_38' title="bbox 126 1739 913 1778">
     <span class='ocr_line' id='line_1_38' title="bbox 126 1739 913 1778; baseline -0.005 -8"><span class='ocrx_word' id='word_1_278' title='bbox 126 1752 191 1775; x_wconf 84' lang='grc' dir='ltr'><strong>κος·</strong></span> <span class='ocrx_word' id='word_1_279' title='bbox 217 1744 286 1778; x_wconf 77' lang='grc' dir='ltr'><strong>ὅπερ</strong></span> <span class='ocrx_word' id='word_1_280' title='bbox 309 1743 383 1769; x_wconf 69' lang='grc' dir='ltr'><strong>ἐστὶν</strong></span> <span class='ocrx_word' id='word_1_281' title='bbox 407 1741 531 1777; x_wconf 80' lang='grc' dir='ltr'><strong>ἐναργῶς</strong></span> <span class='ocrx_word' id='word_1_282' title='bbox 554 1741 611 1772; x_wconf 82' lang='grc' dir='ltr'><strong>τοῖς</strong></span> <span class='ocrx_word' id='word_1_283' title='bbox 632 1739 682 1776; x_wconf 80' lang='grc' dir='ltr'><strong>τῆς</strong></span> <span class='ocrx_word' id='word_1_284' title='bbox 705 1740 913 1776; x_wconf 87' lang='grc' dir='ltr'><strong>ἀνθρωπότητος</strong></span> 
     </span>
    </p>
   </div>
   <div class='ocr_carea' id='block_1_39' title="bbox 128 1789 559 1825">
    <p class='ocr_par' dir='ltr' id='par_1_39' title="bbox 128 1789 559 1825">
     <span class='ocr_line' id='line_1_39' title="bbox 128 1789 559 1825; baseline -0.002 -9"><span class='ocrx_word' id='word_1_285' title='bbox 128 1790 240 1825; x_wconf 82' lang='grc' dir='ltr'><strong>μέτροις</strong></span> <span class='ocrx_word' id='word_1_286' title='bbox 254 1789 296 1816; x_wconf 74' lang='grc' dir='ltr'><strong>ὅτι</strong></span> <span class='ocrx_word' id='word_1_287' title='bbox 312 1789 429 1824; x_wconf 84' lang='grc' dir='ltr'><strong>μάλιστα</strong></span> <span class='ocrx_word' id='word_1_288' title='bbox 444 1790 559 1823; x_wconf 79' lang='grc' dir='ltr'><strong>πρέπον.</strong></span> 
     </span>
    </p>
   </div>
   <div class='ocr_carea' id='block_1_40' title="bbox 961 278 1749 314">
    <p class='ocr_par' dir='ltr' id='par_1_40' title="bbox 961 278 1749 314">
     <span class='ocr_line' id='line_1_40' title="bbox 961 278 1749 314; baseline 0.001 -9"><span class='ocrx_word' id='word_1_289' title='bbox 961 278 1014 313; x_wconf 79' lang='grc'><strong>27</strong></span> <span class='ocrx_word' id='word_1_290' title='bbox 1034 282 1075 305; x_wconf 81' lang='lat' dir='ltr'><strong>est</strong></span> <span class='ocrx_word' id='word_1_291' title='bbox 1089 287 1097 305; x_wconf 84' lang='lat'><strong>:</strong></span> <span class='ocrx_word' id='word_1_292' title='bbox 1117 279 1271 313; x_wconf 71' lang='lat' dir='ltr'><strong>nnigcnitns</strong></span> <span class='ocrx_word' id='word_1_293' title='bbox 1286 279 1394 312; x_wconf 79' lang='lat' dir='ltr'><strong>quidem</strong></span> <span class='ocrx_word' id='word_1_294' title='bbox 1412 283 1442 306; x_wconf 89' lang='lat' dir='ltr'><strong>ttt</strong></span> <span class='ocrx_word' id='word_1_295' title='bbox 1457 279 1537 310; x_wconf 79' lang='lat' dir='ltr'><strong>Deus,</strong></span> <span class='ocrx_word' id='word_1_296' title='bbox 1554 278 1749 314; x_wconf 72' lang='lat' dir='ltr'><strong>primogenitus</strong></span> 
     </span>
    </p>
   </div>
   <div class='ocr_carea' id='block_1_41' title="bbox 961 323 1748 356">
    <p class='ocr_par' dir='ltr' id='par_1_41' title="bbox 961 323 1748 356">
     <span class='ocr_line' id='line_1_41' title="bbox 961 323 1748 356; baseline 0.005 -9"><span class='ocrx_word' id='word_1_297' title='bbox 961 328 1026 347; x_wconf 80' lang='lat' dir='ltr'><strong>vero</strong></span> <span class='ocrx_word' id='word_1_298' title='bbox 1054 326 1188 356; x_wconf 87' lang='lat' dir='ltr'><strong>quatenus</strong></span> <span class='ocrx_word' id='word_1_299' title='bbox 1221 324 1369 349; x_wconf 82' lang='lat' dir='ltr'><strong>secundum</strong></span> <span class='ocrx_word' id='word_1_300' title='bbox 1396 323 1590 350; x_wconf 68' lang='lat' dir='ltr'><strong>meonomicatn</strong></span> <span class='ocrx_word' id='word_1_301' title='bbox 1621 324 1748 351; x_wconf 87' lang='lat' dir='ltr'><strong>unionent</strong></span> 
     </span>
    </p>
   </div>
   <div class='ocr_carea' id='block_1_42' title="bbox 962 365 1748 401">
    <p class='ocr_par' dir='ltr' id='par_1_42' title="bbox 962 365 1748 401">
     <span class='ocr_line' id='line_1_42' title="bbox 962 365 1748 401; baseline 0.005 -9"><span class='ocrx_word' id='word_1_302' title='bbox 962 365 1032 393; x_wconf 89' lang='lat' dir='ltr'><strong>inter</strong></span> <span class='ocrx_word' id='word_1_303' title='bbox 1044 374 1092 393; x_wconf 90' lang='lat' dir='ltr'><strong>nos</strong></span> <span class='ocrx_word' id='word_1_304' title='bbox 1102 372 1130 393; x_wconf 91' lang='lat' dir='ltr'><strong>et</strong></span> <span class='ocrx_word' id='word_1_305' title='bbox 1150 367 1220 394; x_wconf 86' lang='lat' dir='ltr'><strong>inter</strong></span> <span class='ocrx_word' id='word_1_306' title='bbox 1234 367 1331 394; x_wconf 90' lang='lat' dir='ltr'><strong>multos</strong></span> <span class='ocrx_word' id='word_1_307' title='bbox 1349 368 1446 394; x_wconf 78' lang='lat' dir='ltr'><strong>fratres</strong></span> <span class='ocrx_word' id='word_1_308' title='bbox 1469 368 1549 394; x_wconf 86' lang='lat' dir='ltr'><strong>homo</strong></span> <span class='ocrx_word' id='word_1_309' title='bbox 1561 372 1683 396; x_wconf 78' lang='lat' dir='ltr'><strong>versatus</strong></span> <span class='ocrx_word' id='word_1_310' title='bbox 1696 374 1748 401; x_wconf 84' lang='lat' dir='ltr'><strong>est,</strong></span> 
     </span>
    </p>
   </div>
   <div class='ocr_carea' id='block_1_43' title="bbox 961 413 1747 448">
    <p class='ocr_par' dir='ltr' id='par_1_43' title="bbox 961 413 1747 448">
     <span class='ocr_line' id='line_1_43' title="bbox 961 413 1747 448; baseline 0.005 -11"><span class='ocrx_word' id='word_1_311' title='bbox 961 419 1014 446; x_wconf 89' lang='lat' dir='ltr'><strong>quo</strong></span> <span class='ocrx_word' id='word_1_312' title='bbox 1027 416 1053 438; x_wconf 88' lang='lat' dir='ltr'><strong>et</strong></span> <span class='ocrx_word' id='word_1_313' title='bbox 1072 419 1121 438; x_wconf 89' lang='lat' dir='ltr'><strong>nos</strong></span> <span class='ocrx_word' id='word_1_314' title='bbox 1136 420 1242 447; x_wconf 84' lang='lat' dir='ltr'><strong>quoque</strong></span> <span class='ocrx_word' id='word_1_315' title='bbox 1264 413 1290 439; x_wconf 89' lang='lat' dir='ltr'><strong>itt</strong></span> <span class='ocrx_word' id='word_1_316' title='bbox 1305 413 1365 447; x_wconf 88' lang='lat' dir='ltr'><strong>ipso</strong></span> <span class='ocrx_word' id='word_1_317' title='bbox 1380 417 1408 439; x_wconf 86' lang='lat' dir='ltr'><strong>et</strong></span> <span class='ocrx_word' id='word_1_318' title='bbox 1427 421 1474 446; x_wconf 88' lang='lat' dir='ltr'><strong>per</strong></span> <span class='ocrx_word' id='word_1_319' title='bbox 1494 414 1582 448; x_wconf 88' lang='lat' dir='ltr'><strong>ipsum</strong></span> <span class='ocrx_word' id='word_1_320' title='bbox 1600 414 1747 442; x_wconf 90' lang='lat' dir='ltr'><strong>secundum</strong></span> 
     </span>
    </p>
   </div>
   <div class='ocr_carea' id='block_1_44' title="bbox 962 458 1746 492">
    <p class='ocr_par' dir='ltr' id='par_1_44' title="bbox 962 458 1746 492">
     <span class='ocr_line' id='line_1_44' title="bbox 962 458 1746 492; baseline 0.004 -8"><span class='ocrx_word' id='word_1_321' title='bbox 962 463 1085 484; x_wconf 86' lang='lat' dir='ltr'><strong>naturam</strong></span> <span class='ocrx_word' id='word_1_322' title='bbox 1099 464 1126 485; x_wconf 90' lang='lat' dir='ltr'><strong>et</strong></span> <span class='ocrx_word' id='word_1_323' title='bbox 1139 459 1251 492; x_wconf 76' lang='lat' dir='ltr'><strong>gratiam</strong></span> <span class='ocrx_word' id='word_1_324' title='bbox 1270 458 1317 485; x_wconf 85' lang='lat' dir='ltr'><strong>ﬁlii</strong></span> <span class='ocrx_word' id='word_1_325' title='bbox 1332 459 1378 486; x_wconf 89' lang='lat' dir='ltr'><strong>Dei</strong></span> <span class='ocrx_word' id='word_1_326' title='bbox 1394 458 1562 486; x_wconf 77' lang='lat' dir='ltr'><strong>eiiiccremur</strong></span> <span class='ocrx_word' id='word_1_327' title='bbox 1576 469 1582 486; x_wconf 93' lang='lat'>:</span> <span class='ocrx_word' id='word_1_328' title='bbox 1599 461 1746 487; x_wconf 85' lang='lat' dir='ltr'><strong>secundum</strong></span> 
     </span>
    </p>
   </div>
   <div class='ocr_carea' id='block_1_45' title="bbox 962 505 1749 541">
    <p class='ocr_par' dir='ltr' id='par_1_45' title="bbox 962 505 1749 541">
     <span class='ocr_line' id='line_1_45' title="bbox 962 505 1749 541; baseline 0.005 -11"><span class='ocrx_word' id='word_1_329' title='bbox 962 509 1086 531; x_wconf 88' lang='lat' dir='ltr'><strong>naturam</strong></span> <span class='ocrx_word' id='word_1_330' title='bbox 1102 505 1220 539; x_wconf 70' lang='lat' dir='ltr'><strong>quidem,</strong></span> <span class='ocrx_word' id='word_1_331' title='bbox 1235 509 1264 531; x_wconf 90' lang='lat' dir='ltr'><strong>ttt</strong></span> <span class='ocrx_word' id='word_1_332' title='bbox 1281 505 1307 532; x_wconf 91' lang='lat' dir='ltr'><strong>in</strong></span> <span class='ocrx_word' id='word_1_333' title='bbox 1324 505 1382 540; x_wconf 84' lang='lat' dir='ltr'><strong>ipso</strong></span> <span class='ocrx_word' id='word_1_334' title='bbox 1402 509 1429 532; x_wconf 89' lang='lat' dir='ltr'><strong>et</strong></span> <span class='ocrx_word' id='word_1_335' title='bbox 1445 513 1497 532; x_wconf 92' lang='lat' dir='ltr'><strong>uno</strong></span> <span class='ocrx_word' id='word_1_336' title='bbox 1519 515 1526 532; x_wconf 71' lang='grc' dir='ltr'><strong>ι</strong></span> <span class='ocrx_word' id='word_1_337' title='bbox 1544 507 1749 541; x_wconf 70' lang='lat' dir='ltr'><strong>participatione</strong></span> 
     </span>
    </p>
   </div>
   <div class='ocr_carea' id='block_1_46' title="bbox 961 550 1747 585">
    <p class='ocr_par' dir='ltr' id='par_1_46' title="bbox 961 550 1747 585">
     <span class='ocr_line' id='line_1_46' title="bbox 961 550 1747 585; baseline 0.003 -9"><span class='ocrx_word' id='word_1_338' title='bbox 961 556 1036 582; x_wconf 85' lang='lat' dir='ltr'><strong>vero,</strong></span> <span class='ocrx_word' id='word_1_339' title='bbox 1057 553 1083 576; x_wconf 86' lang='lat' dir='ltr'><strong>et</strong></span> <span class='ocrx_word' id='word_1_340' title='bbox 1101 550 1247 577; x_wconf 86' lang='lat' dir='ltr'><strong>secundum</strong></span> <span class='ocrx_word' id='word_1_341' title='bbox 1266 550 1380 585; x_wconf 75' lang='lat' dir='ltr'><strong>gratiam</strong></span> <span class='ocrx_word' id='word_1_342' title='bbox 1407 558 1455 585; x_wconf 88' lang='lat' dir='ltr'><strong>per</strong></span> <span class='ocrx_word' id='word_1_343' title='bbox 1470 550 1557 584; x_wconf 86' lang='lat' dir='ltr'><strong>ipsum</strong></span> <span class='ocrx_word' id='word_1_344' title='bbox 1588 551 1613 578; x_wconf 94' lang='lat' dir='ltr'><strong>in</strong></span> <span class='ocrx_word' id='word_1_345' title='bbox 1632 551 1747 584; x_wconf 85' lang='lat' dir='ltr'><strong>Spiritu.</strong></span> 
     </span>
    </p>
   </div>
   <div class='ocr_carea' id='block_1_47' title="bbox 961 594 1748 631">
    <p class='ocr_par' dir='ltr' id='par_1_47' title="bbox 961 594 1748 631">
     <span class='ocr_line' id='line_1_47' title="bbox 961 594 1748 631; baseline 0.004 -10"><span class='ocrx_word' id='word_1_346' title='bbox 961 594 1192 628; x_wconf 83' lang='lat' dir='ltr'><strong>Quemadmodum</strong></span> <span class='ocrx_word' id='word_1_347' title='bbox 1206 595 1287 630; x_wconf 77' lang='lat' dir='ltr'><strong>igitur</strong></span> <span class='ocrx_word' id='word_1_348' title='bbox 1301 595 1400 623; x_wconf 84' lang='lat' dir='ltr'><strong>Christi</strong></span> <span class='ocrx_word' id='word_1_349' title='bbox 1418 595 1590 628; x_wconf 74' lang='lat' dir='ltr'><strong>humanitati,</strong></span> <span class='ocrx_word' id='word_1_350' title='bbox 1607 602 1748 631; x_wconf 77' lang='lat' dir='ltr'><strong>propterea</strong></span> 
     </span>
    </p>
   </div>
   <div class='ocr_carea' id='block_1_48' title="bbox 961 640 1748 676">
    <p class='ocr_par' dir='ltr' id='par_1_48' title="bbox 961 640 1748 676">
     <span class='ocr_line' id='line_1_48' title="bbox 961 640 1748 676; baseline 0.004 -10"><span class='ocrx_word' id='word_1_351' title='bbox 961 640 1032 674; x_wconf 88' lang='lat' dir='ltr'><strong>quod</strong></span> <span class='ocrx_word' id='word_1_352' title='bbox 1047 641 1196 667; x_wconf 87' lang='lat' dir='ltr'><strong>secundum</strong></span> <span class='ocrx_word' id='word_1_353' title='bbox 1210 641 1420 676; x_wconf 88' lang='lat' dir='ltr'><strong>dispensationis</strong></span> <span class='ocrx_word' id='word_1_354' title='bbox 1436 641 1561 676; x_wconf 78' lang='lat' dir='ltr'><strong>copulam</strong></span> <span class='ocrx_word' id='word_1_355' title='bbox 1577 641 1665 669; x_wconf 82' lang='lat' dir='ltr'><strong>Verho</strong></span> <span class='ocrx_word' id='word_1_356' title='bbox 1683 651 1748 669; x_wconf 89' lang='lat' dir='ltr'><strong>cou-</strong></span> 
     </span>
    </p>
   </div>
   <div class='ocr_carea' id='block_1_49' title="bbox 938 686 1748 728">
    <p class='ocr_par' dir='ltr' id='par_1_49' title="bbox 938 686 1748 728">
     <span class='ocr_line' id='line_1_49' title="bbox 938 686 1748 728; baseline 0.002 -16"><span class='ocrx_word' id='word_1_357' title='bbox 938 691 941 694; x_wconf 86' lang='lat'><strong><em>‘</em></strong></span> <span class='ocrx_word' id='word_1_358' title='bbox 959 686 1049 728; x_wconf 76' lang='lat' dir='ltr'><strong>juncta</strong></span> <span class='ocrx_word' id='word_1_359' title='bbox 1065 691 1116 719; x_wconf 87' lang='lat' dir='ltr'><strong>est,</strong></span> <span class='ocrx_word' id='word_1_360' title='bbox 1130 687 1299 722; x_wconf 80' lang='lat' dir='ltr'><strong>unigenitum</strong></span> <span class='ocrx_word' id='word_1_361' title='bbox 1318 694 1378 714; x_wconf 86' lang='lat' dir='ltr'><strong>esse</strong></span> <span class='ocrx_word' id='word_1_362' title='bbox 1393 692 1421 714; x_wconf 88' lang='lat' dir='ltr'><strong>et</strong></span> <span class='ocrx_word' id='word_1_363' title='bbox 1447 687 1500 714; x_wconf 85' lang='lat' dir='ltr'><strong>dici</strong></span> <span class='ocrx_word' id='word_1_364' title='bbox 1530 688 1668 722; x_wconf 88' lang='lat' dir='ltr'><strong>proprium</strong></span> <span class='ocrx_word' id='word_1_365' title='bbox 1684 687 1748 714; x_wconf 66' lang='grc' dir='ltr'><strong>ινσε-</strong></span> 
     </span>
    </p>
   </div>
   <div class='ocr_carea' id='block_1_50' title="bbox 960 733 1747 768">
    <p class='ocr_par' dir='ltr' id='par_1_50' title="bbox 960 733 1747 768">
     <span class='ocr_line' id='line_1_50' title="bbox 960 733 1747 768; baseline 0.001 -8"><span class='ocrx_word' id='word_1_366' title='bbox 960 737 1034 760; x_wconf 90' lang='lat' dir='ltr'><strong>ctum</strong></span> <span class='ocrx_word' id='word_1_367' title='bbox 1054 738 1095 760; x_wconf 91' lang='lat' dir='ltr'><strong>est</strong></span> <span class='ocrx_word' id='word_1_368' title='bbox 1113 742 1120 760; x_wconf 88' lang='lat'><strong>:</strong></span> <span class='ocrx_word' id='word_1_369' title='bbox 1139 734 1173 760; x_wconf 85' lang='lat' dir='ltr'><strong>ita</strong></span> <span class='ocrx_word' id='word_1_370' title='bbox 1193 733 1335 766; x_wconf 87' lang='lat' dir='ltr'><strong>Vcrho,eo</strong></span> <span class='ocrx_word' id='word_1_371' title='bbox 1351 733 1422 768; x_wconf 91' lang='lat' dir='ltr'><strong>quod</strong></span> <span class='ocrx_word' id='word_1_372' title='bbox 1437 734 1542 760; x_wconf 87' lang='lat' dir='ltr'><strong>unittttu</strong></span> <span class='ocrx_word' id='word_1_373' title='bbox 1559 739 1600 761; x_wconf 85' lang='lat' dir='ltr'><strong>est</strong></span> <span class='ocrx_word' id='word_1_374' title='bbox 1616 735 1701 767; x_wconf 73' lang='lat' dir='ltr'><strong>(-arni,</strong></span> <span class='ocrx_word' id='word_1_375' title='bbox 1720 735 1747 761; x_wconf 85' lang='lat' dir='ltr'><strong>id</strong></span> 
     </span>
    </p>
   </div>
   <div class='ocr_carea' id='block_1_51' title="bbox 961 779 1749 815">
    <p class='ocr_par' dir='ltr' id='par_1_51' title="bbox 961 779 1749 815">
     <span class='ocr_line' id='line_1_51' title="bbox 961 779 1749 815; baseline 0 -9"><span class='ocrx_word' id='word_1_376' title='bbox 961 780 1100 815; x_wconf 89' lang='lat' dir='ltr'><strong>proprium</strong></span> <span class='ocrx_word' id='word_1_377' title='bbox 1130 779 1231 807; x_wconf 81' lang='lat' dir='ltr'><strong>factum</strong></span> <span class='ocrx_word' id='word_1_378' title='bbox 1248 785 1298 812; x_wconf 87' lang='lat' dir='ltr'><strong>est,</strong></span> <span class='ocrx_word' id='word_1_379' title='bbox 1316 788 1345 806; x_wconf 89' lang='lat' dir='ltr'><strong>ttt</strong></span> <span class='ocrx_word' id='word_1_380' title='bbox 1369 780 1439 806; x_wconf 87' lang='lat' dir='ltr'><strong>ittter</strong></span> <span class='ocrx_word' id='word_1_381' title='bbox 1463 781 1561 807; x_wconf 87' lang='lat' dir='ltr'><strong>multos</strong></span> <span class='ocrx_word' id='word_1_382' title='bbox 1584 782 1680 807; x_wconf 79' lang='lat' dir='ltr'><strong>fratres</strong></span> <span class='ocrx_word' id='word_1_383' title='bbox 1697 780 1749 813; x_wconf 88' lang='lat' dir='ltr'><strong>pri-</strong></span> 
     </span>
    </p>
   </div>
   <div class='ocr_carea' id='block_1_52' title="bbox 961 826 1746 860">
    <p class='ocr_par' dir='ltr' id='par_1_52' title="bbox 961 826 1746 860">
     <span class='ocr_line' id='line_1_52' title="bbox 961 826 1746 860; baseline 0 -8"><span class='ocrx_word' id='word_1_384' title='bbox 961 826 1110 860; x_wconf 77' lang='lat' dir='ltr'><strong>tnogenitus</strong></span> <span class='ocrx_word' id='word_1_385' title='bbox 1126 826 1162 853; x_wconf 86' lang='lat' dir='ltr'><strong>sit</strong></span> <span class='ocrx_word' id='word_1_386' title='bbox 1175 829 1202 852; x_wconf 88' lang='lat' dir='ltr'><strong>et</strong></span> <span class='ocrx_word' id='word_1_387' title='bbox 1219 826 1379 860; x_wconf 83' lang='lat' dir='ltr'><strong>appelletur.</strong></span> <span class='ocrx_word' id='word_1_388' title='bbox 1396 826 1462 852; x_wconf 90' lang='lat' dir='ltr'><strong>Cum</strong></span> <span class='ocrx_word' id='word_1_389' title='bbox 1480 827 1526 853; x_wconf 84' lang='lat' dir='ltr'><strong>Dei</strong></span> <span class='ocrx_word' id='word_1_390' title='bbox 1547 827 1636 859; x_wconf 79' lang='lat' dir='ltr'><strong>itaque</strong></span> <span class='ocrx_word' id='word_1_391' title='bbox 1651 831 1746 852; x_wconf 84' lang='lat' dir='ltr'><strong>natura</strong></span> 
     </span>
    </p>
   </div>
   <div class='ocr_carea' id='block_1_53' title="bbox 961 871 1745 906">
    <p class='ocr_par' dir='ltr' id='par_1_53' title="bbox 961 871 1745 906">
     <span class='ocr_line' id='line_1_53' title="bbox 961 871 1745 906; baseline -0.003 -8"><span class='ocrx_word' id='word_1_392' title='bbox 961 871 1077 904; x_wconf 85' lang='lat' dir='ltr'><strong>stabilis,</strong></span> <span class='ocrx_word' id='word_1_393' title='bbox 1090 871 1201 898; x_wconf 86' lang='lat' dir='ltr'><strong>immota</strong></span> <span class='ocrx_word' id='word_1_394' title='bbox 1225 872 1367 906; x_wconf 88' lang='lat' dir='ltr'><strong>ontnisque</strong></span> <span class='ocrx_word' id='word_1_395' title='bbox 1395 873 1553 900; x_wconf 83' lang='lat' dir='ltr'><strong>mutationis</strong></span> <span class='ocrx_word' id='word_1_396' title='bbox 1576 880 1672 906; x_wconf 84' lang='lat' dir='ltr'><strong>expers</strong></span> <span class='ocrx_word' id='word_1_397' title='bbox 1700 872 1745 905; x_wconf 80' lang='lat' dir='ltr'><strong>sit,</strong></span> 
     </span>
    </p>
   </div>
   <div class='ocr_carea' id='block_1_54' title="bbox 962 917 1745 952">
    <p class='ocr_par' dir='ltr' id='par_1_54' title="bbox 962 917 1745 952">
     <span class='ocr_line' id='line_1_54' title="bbox 962 917 1745 952; baseline 0.001 -9"><span class='ocrx_word' id='word_1_398' title='bbox 962 924 1098 951; x_wconf 84' lang='lat' dir='ltr'><strong>nunquam</strong></span> <span class='ocrx_word' id='word_1_399' title='bbox 1113 917 1183 944; x_wconf 88' lang='lat' dir='ltr'><strong>Deus</strong></span> <span class='ocrx_word' id='word_1_400' title='bbox 1203 917 1317 944; x_wconf 88' lang='lat' dir='ltr'><strong>Verhutn</strong></span> <span class='ocrx_word' id='word_1_401' title='bbox 1333 924 1384 944; x_wconf 90' lang='lat' dir='ltr'><strong>non</strong></span> <span class='ocrx_word' id='word_1_402' title='bbox 1407 918 1507 945; x_wconf 85' lang='lat' dir='ltr'><strong>mansit</strong></span> <span class='ocrx_word' id='word_1_403' title='bbox 1525 919 1596 952; x_wconf 90' lang='lat' dir='ltr'><strong>quod</strong></span> <span class='ocrx_word' id='word_1_404' title='bbox 1613 923 1682 945; x_wconf 73' lang='lat' dir='ltr'><strong>erat.</strong></span> <span class='ocrx_word' id='word_1_405' title='bbox 1693 917 1745 944; x_wconf 89' lang='lat' dir='ltr'><strong>Ne-</strong></span> 
     </span>
    </p>
   </div>
   <div class='ocr_carea' id='block_1_55' title="bbox 961 963 1746 998">
    <p class='ocr_par' dir='ltr' id='par_1_55' title="bbox 961 963 1746 998">
     <span class='ocr_line' id='line_1_55' title="bbox 961 963 1746 998; baseline 0.001 -9"><span class='ocrx_word' id='word_1_406' title='bbox 961 971 1013 998; x_wconf 89' lang='lat' dir='ltr'><strong>que</strong></span> <span class='ocrx_word' id='word_1_407' title='bbox 1029 971 1092 991; x_wconf 83' lang='lat' dir='ltr'><strong>vero</strong></span> <span class='ocrx_word' id='word_1_408' title='bbox 1108 968 1162 990; x_wconf 93' lang='lat' dir='ltr'><strong>tum</strong></span> <span class='ocrx_word' id='word_1_409' title='bbox 1179 964 1286 998; x_wconf 79' lang='lat' dir='ltr'><strong>quando</strong></span> <span class='ocrx_word' id='word_1_410' title='bbox 1295 963 1376 990; x_wconf 89' lang='lat' dir='ltr'><strong>homo</strong></span> <span class='ocrx_word' id='word_1_411' title='bbox 1388 964 1474 991; x_wconf 80' lang='lat' dir='ltr'><strong>factus</strong></span> <span class='ocrx_word' id='word_1_412' title='bbox 1487 969 1538 995; x_wconf 83' lang='lat' dir='ltr'><strong>est,</strong></span> <span class='ocrx_word' id='word_1_413' title='bbox 1551 972 1662 991; x_wconf 79' lang='lat' dir='ltr'><strong>suntmte</strong></span> <span class='ocrx_word' id='word_1_414' title='bbox 1674 964 1746 991; x_wconf 83' lang='lat' dir='ltr'><strong>illius</strong></span> 
     </span>
    </p>
   </div>
   <div class='ocr_carea' id='block_1_56' title="bbox 962 1007 1746 1043">
    <p class='ocr_par' dir='ltr' id='par_1_56' title="bbox 962 1007 1746 1043">
     <span class='ocr_line' id='line_1_56' title="bbox 962 1007 1746 1043; baseline 0 -8"><span class='ocrx_word' id='word_1_415' title='bbox 962 1008 1111 1043; x_wconf 72' lang='lat' dir='ltr'><strong>maiestatis</strong></span> <span class='ocrx_word' id='word_1_416' title='bbox 1123 1007 1318 1042; x_wconf 73' lang='lat' dir='ltr'><strong>etgloriae,qua</strong></span> <span class='ocrx_word' id='word_1_417' title='bbox 1335 1014 1447 1036; x_wconf 61' lang='lat' dir='ltr'><strong>calleros</strong></span> <span class='ocrx_word' id='word_1_418' title='bbox 1461 1016 1556 1035; x_wconf 85' lang='lat' dir='ltr'><strong>omnes</strong></span> <span class='ocrx_word' id='word_1_419' title='bbox 1573 1008 1650 1043; x_wconf 81' lang='lat' dir='ltr'><strong>longe</strong></span> <span class='ocrx_word' id='word_1_420' title='bbox 1662 1016 1746 1042; x_wconf 81' lang='lat' dir='ltr'><strong>supe-</strong></span> 
     </span>
    </p>
   </div>
   <div class='ocr_carea' id='block_1_57' title="bbox 962 1054 1747 1087">
    <p class='ocr_par' dir='ltr' id='par_1_57' title="bbox 962 1054 1747 1087">
     <span class='ocr_line' id='line_1_57' title="bbox 962 1054 1747 1087; baseline -0.001 -5"><span class='ocrx_word' id='word_1_421' title='bbox 962 1059 1014 1087; x_wconf 87' lang='lat' dir='ltr'><strong>rat,</strong></span> <span class='ocrx_word' id='word_1_422' title='bbox 1038 1055 1165 1081; x_wconf 82' lang='lat' dir='ltr'><strong>coronam</strong></span> <span class='ocrx_word' id='word_1_423' title='bbox 1189 1054 1293 1081; x_wconf 84' lang='lat' dir='ltr'><strong>amisit.</strong></span> <span class='ocrx_word' id='word_1_424' title='bbox 1323 1055 1502 1087; x_wconf 85' lang='lat' dir='ltr'><strong>Quamobrem</strong></span> <span class='ocrx_word' id='word_1_425' title='bbox 1529 1059 1622 1081; x_wconf 89' lang='lat' dir='ltr'><strong>sancta</strong></span> <span class='ocrx_word' id='word_1_426' title='bbox 1649 1055 1692 1080; x_wconf 88' lang='lat' dir='ltr'><strong>illa</strong></span> <span class='ocrx_word' id='word_1_427' title='bbox 1721 1055 1747 1081; x_wconf 84' lang='grc' dir='ltr'><strong>ιιι</strong></span> 
     </span>
    </p>
   </div>
   <div class='ocr_carea' id='block_1_58' title="bbox 962 1100 1749 1136">
    <p class='ocr_par' dir='ltr' id='par_1_58' title="bbox 962 1100 1749 1136">
     <span class='ocr_line' id='line_1_58' title="bbox 962 1100 1749 1136; baseline 0 -9"><span class='ocrx_word' id='word_1_428' title='bbox 962 1100 1110 1136; x_wconf 76' lang='lat' dir='ltr'><strong>primisque</strong></span> <span class='ocrx_word' id='word_1_429' title='bbox 1126 1101 1205 1129; x_wconf 82' lang='lat' dir='ltr'><strong>beata</strong></span> <span class='ocrx_word' id='word_1_430' title='bbox 1220 1101 1371 1129; x_wconf 60' lang='lat' dir='ltr'><strong>caelestium</strong></span> <span class='ocrx_word' id='word_1_431' title='bbox 1384 1100 1528 1135; x_wconf 87' lang='lat' dir='ltr'><strong>spirituum</strong></span> <span class='ocrx_word' id='word_1_432' title='bbox 1549 1100 1702 1131; x_wconf 77' lang='lat' dir='ltr'><strong>multitudo,</strong></span> <span class='ocrx_word' id='word_1_433' title='bbox 1720 1105 1749 1127; x_wconf 93' lang='lat' dir='ltr'><strong>ut</strong></span> 
     </span>
    </p>
   </div>
   <div class='ocr_carea' id='block_1_59' title="bbox 962 1145 1748 1182">
    <p class='ocr_par' dir='ltr' id='par_1_59' title="bbox 962 1145 1748 1182">
     <span class='ocr_line' id='line_1_59' title="bbox 962 1145 1748 1182; baseline -0.001 -10"><span class='ocrx_word' id='word_1_434' title='bbox 962 1145 1036 1173; x_wconf 87' lang='lat' dir='ltr'><strong>illum</strong></span> <span class='ocrx_word' id='word_1_435' title='bbox 1057 1147 1162 1180; x_wconf 85' lang='lat' dir='ltr'><strong>adoret,</strong></span> <span class='ocrx_word' id='word_1_436' title='bbox 1177 1155 1252 1182; x_wconf 70' lang='lat' dir='ltr'><strong>aeque</strong></span> <span class='ocrx_word' id='word_1_437' title='bbox 1278 1155 1310 1174; x_wconf 84' lang='lat' dir='ltr'><strong>ac</strong></span> <span class='ocrx_word' id='word_1_438' title='bbox 1328 1155 1376 1174; x_wconf 89' lang='lat' dir='ltr'><strong>nos</strong></span> <span class='ocrx_word' id='word_1_439' title='bbox 1394 1147 1549 1173; x_wconf 88' lang='lat' dir='ltr'><strong>mamlatttm</strong></span> <span class='ocrx_word' id='word_1_440' title='bbox 1568 1145 1748 1179; x_wconf 85' lang='lat' dir='ltr'><strong>accepit.Po-</strong></span> 
     </span>
    </p>
   </div>
   <div class='ocr_carea' id='block_1_60' title="bbox 964 1192 1748 1228">
    <p class='ocr_par' dir='ltr' id='par_1_60' title="bbox 964 1192 1748 1228">
     <span class='ocr_line' id='line_1_60' title="bbox 964 1192 1748 1228; baseline -0.003 -9"><span class='ocrx_word' id='word_1_441' title='bbox 964 1197 1034 1220; x_wconf 87' lang='lat' dir='ltr'><strong>terat</strong></span> <span class='ocrx_word' id='word_1_442' title='bbox 1046 1193 1128 1226; x_wconf 87' lang='lat' dir='ltr'><strong>enim,</strong></span> <span class='ocrx_word' id='word_1_443' title='bbox 1147 1194 1204 1221; x_wconf 79' lang='lat' dir='ltr'><strong>sola</strong></span> <span class='ocrx_word' id='word_1_444' title='bbox 1219 1194 1396 1221; x_wconf 83' lang='lat' dir='ltr'><strong>humanitatis</strong></span> <span class='ocrx_word' id='word_1_445' title='bbox 1412 1193 1544 1228; x_wconf 87' lang='lat' dir='ltr'><strong>parvitate</strong></span> <span class='ocrx_word' id='word_1_446' title='bbox 1558 1198 1586 1219; x_wconf 87' lang='lat' dir='ltr'><strong>et</strong></span> <span class='ocrx_word' id='word_1_447' title='bbox 1599 1192 1748 1225; x_wconf 85' lang='lat' dir='ltr'><strong>ahjeclione</strong></span> 
     </span>
    </p>
   </div>
   <div class='ocr_carea' id='block_1_61' title="bbox 963 1238 1749 1274">
    <p class='ocr_par' dir='ltr' id='par_1_61' title="bbox 963 1238 1749 1274">
     <span class='ocr_line' id='line_1_61' title="bbox 963 1238 1749 1274; baseline -0.004 -8"><span class='ocrx_word' id='word_1_448' title='bbox 963 1239 1130 1274; x_wconf 87' lang='lat' dir='ltr'><strong>inspecta,et</strong></span> <span class='ocrx_word' id='word_1_449' title='bbox 1144 1240 1251 1274; x_wconf 88' lang='lat' dir='ltr'><strong>quidem</strong></span> <span class='ocrx_word' id='word_1_450' title='bbox 1272 1240 1334 1274; x_wconf 85' lang='lat' dir='ltr'><strong>jure</strong></span> <span class='ocrx_word' id='word_1_451' title='bbox 1358 1239 1519 1273; x_wconf 84' lang='lat' dir='ltr'><strong>meritoque,</strong></span> <span class='ocrx_word' id='word_1_452' title='bbox 1537 1238 1667 1272; x_wconf 89' lang='lat' dir='ltr'><strong>ejusmodi</strong></span> <span class='ocrx_word' id='word_1_453' title='bbox 1683 1238 1749 1264; x_wconf 81' lang='lat' dir='ltr'><strong>ado-</strong></span> 
     </span>
    </p>
   </div>
   <div class='ocr_carea' id='block_1_62' title="bbox 964 1284 1749 1318">
    <p class='ocr_par' dir='ltr' id='par_1_62' title="bbox 964 1284 1749 1318">
     <span class='ocr_line' id='line_1_62' title="bbox 964 1284 1749 1318; baseline -0.004 -5"><span class='ocrx_word' id='word_1_454' title='bbox 964 1286 1094 1314; x_wconf 88' lang='lat' dir='ltr'><strong>rationem</strong></span> <span class='ocrx_word' id='word_1_455' title='bbox 1109 1293 1245 1318; x_wconf 87' lang='lat' dir='ltr'><strong>recusare,</strong></span> <span class='ocrx_word' id='word_1_456' title='bbox 1261 1290 1289 1312; x_wconf 90' lang='lat' dir='ltr'><strong>et</strong></span> <span class='ocrx_word' id='word_1_457' title='bbox 1313 1285 1424 1312; x_wconf 89' lang='lat' dir='ltr'><strong>honoris</strong></span> <span class='ocrx_word' id='word_1_458' title='bbox 1449 1285 1551 1312; x_wconf 88' lang='lat' dir='ltr'><strong>cultum</strong></span> <span class='ocrx_word' id='word_1_459' title='bbox 1577 1284 1749 1311; x_wconf 75' lang='lat' dir='ltr'><strong>cunctantius</strong></span> 
     </span>
    </p>
   </div>
   <div class='ocr_carea' id='block_1_63' title="bbox 964 1329 1748 1366">
    <p class='ocr_par' dir='ltr' id='par_1_63' title="bbox 964 1329 1748 1366">
     <span class='ocr_line' id='line_1_63' title="bbox 964 1329 1748 1366; baseline -0.005 -7"><span class='ocrx_word' id='word_1_460' title='bbox 964 1331 1128 1366; x_wconf 81' lang='lat' dir='ltr'><strong>impendere.</strong></span> <span class='ocrx_word' id='word_1_461' title='bbox 1153 1339 1185 1358; x_wconf 87' lang='lat' dir='ltr'><strong>ac</strong></span> <span class='ocrx_word' id='word_1_462' title='bbox 1215 1331 1252 1358; x_wconf 89' lang='lat' dir='ltr'><strong>illi</strong></span> <span class='ocrx_word' id='word_1_463' title='bbox 1269 1331 1314 1365; x_wconf 89' lang='lat' dir='ltr'><strong>qui</strong></span> <span class='ocrx_word' id='word_1_464' title='bbox 1347 1336 1456 1365; x_wconf 88' lang='lat' dir='ltr'><strong>propter</strong></span> <span class='ocrx_word' id='word_1_465' title='bbox 1473 1339 1524 1358; x_wconf 84' lang='lat' dir='ltr'><strong>nos</strong></span> <span class='ocrx_word' id='word_1_466' title='bbox 1544 1331 1628 1357; x_wconf 84' lang='lat' dir='ltr'><strong>nostri</strong></span> <span class='ocrx_word' id='word_1_467' title='bbox 1652 1329 1748 1357; x_wconf 84' lang='lat' dir='ltr'><strong>similis</strong></span> 
     </span>
    </p>
   </div>
   <div class='ocr_carea' id='block_1_64' title="bbox 962 1376 1749 1411">
    <p class='ocr_par' dir='ltr' id='par_1_64' title="bbox 962 1376 1749 1411">
     <span class='ocr_line' id='line_1_64' title="bbox 962 1376 1749 1411; baseline -0.005 -6"><span class='ocrx_word' id='word_1_468' title='bbox 962 1376 1074 1405; x_wconf 77' lang='lat' dir='ltr'><strong>ell&#39;ectus</strong></span> <span class='ocrx_word' id='word_1_469' title='bbox 1101 1376 1436 1411; x_wconf 76' lang='lat' dir='ltr'><strong>fuerat,glorilicationem</strong></span> <span class='ocrx_word' id='word_1_470' title='bbox 1460 1376 1605 1410; x_wconf 78' lang='lat' dir='ltr'><strong>denegare,</strong></span> <span class='ocrx_word' id='word_1_471' title='bbox 1637 1382 1670 1400; x_wconf 84' lang='lat' dir='ltr'><strong>ne</strong></span> <span class='ocrx_word' id='word_1_472' title='bbox 1696 1381 1749 1408; x_wconf 81' lang='lat' dir='ltr'><strong>quo</strong></span> 
     </span>
    </p>
   </div>
   <div class='ocr_carea' id='block_1_65' title="bbox 963 1420 1747 1457">
    <p class='ocr_par' dir='ltr' id='par_1_65' title="bbox 963 1420 1747 1457">
     <span class='ocr_line' id='line_1_65' title="bbox 963 1420 1747 1457; baseline -0.005 -8"><span class='ocrx_word' id='word_1_473' title='bbox 963 1429 1056 1449; x_wconf 87' lang='lat' dir='ltr'><strong>errore</strong></span> <span class='ocrx_word' id='word_1_474' title='bbox 1067 1422 1253 1457; x_wconf 85' lang='lat' dir='ltr'><strong>imprudentes</strong></span> <span class='ocrx_word' id='word_1_475' title='bbox 1264 1422 1515 1456; x_wconf 76' lang='lat' dir='ltr'><strong>constringerentur</strong></span> <span class='ocrx_word' id='word_1_476' title='bbox 1528 1430 1535 1448; x_wconf 88' lang='lat'><strong>:</strong></span> <span class='ocrx_word' id='word_1_477' title='bbox 1549 1420 1661 1447; x_wconf 84' lang='lat' dir='ltr'><strong>necdum</strong></span> <span class='ocrx_word' id='word_1_478' title='bbox 1674 1420 1747 1446; x_wconf 88' lang='lat' dir='ltr'><strong>enittt</strong></span> 
     </span>
    </p>
   </div>
   <div class='ocr_carea' id='block_1_66' title="bbox 963 1466 1748 1504">
    <p class='ocr_par' dir='ltr' id='par_1_66' title="bbox 963 1466 1748 1504">
     <span class='ocr_line' id='line_1_66' title="bbox 963 1466 1748 1504; baseline -0.008 -8"><span class='ocrx_word' id='word_1_479' title='bbox 963 1473 990 1496; x_wconf 90' lang='lat' dir='ltr'><strong>et</strong></span> <span class='ocrx_word' id='word_1_480' title='bbox 1009 1468 1096 1504; x_wconf 86' lang='lat' dir='ltr'><strong>ipsius</strong></span> <span class='ocrx_word' id='word_1_481' title='bbox 1121 1468 1280 1504; x_wconf 82' lang='lat' dir='ltr'><strong>mysterium</strong></span> <span class='ocrx_word' id='word_1_482' title='bbox 1306 1468 1370 1494; x_wconf 91' lang='lat' dir='ltr'><strong>illttd</strong></span> <span class='ocrx_word' id='word_1_483' title='bbox 1393 1467 1494 1495; x_wconf 84' lang='lat' dir='ltr'><strong>Christi</strong></span> <span class='ocrx_word' id='word_1_484' title='bbox 1517 1466 1652 1501; x_wconf 81' lang='lat' dir='ltr'><strong>cognitum</strong></span> <span class='ocrx_word' id='word_1_485' title='bbox 1679 1469 1748 1498; x_wconf 82' lang='lat' dir='ltr'><strong>erat,</strong></span> 
     </span>
    </p>
   </div>
   <div class='ocr_carea' id='block_1_67' title="bbox 963 1511 1750 1541">
    <p class='ocr_par' dir='ltr' id='par_1_67' title="bbox 963 1511 1750 1541">
     <span class='ocr_line' id='line_1_67' title="bbox 963 1511 1750 1541; baseline -0.006 0"><span class='ocrx_word' id='word_1_486' title='bbox 963 1522 1057 1541; x_wconf 83' lang='lat' dir='ltr'><strong>verum</strong></span> <span class='ocrx_word' id='word_1_487' title='bbox 1080 1521 1114 1541; x_wconf 85' lang='lat' dir='ltr'><strong>ne</strong></span> <span class='ocrx_word' id='word_1_488' title='bbox 1129 1514 1308 1541; x_wconf 70' lang='lat' dir='ltr'><strong>sanctissima:</strong></span> <span class='ocrx_word' id='word_1_489' title='bbox 1334 1513 1386 1540; x_wconf 62' lang='lat' dir='ltr'><strong>illa‘.</strong></span> <span class='ocrx_word' id='word_1_490' title='bbox 1398 1517 1530 1540; x_wconf 70' lang='lat' dir='ltr'><strong>creaturae</strong></span> <span class='ocrx_word' id='word_1_491' title='bbox 1557 1512 1583 1539; x_wconf 93' lang='lat' dir='ltr'><strong>itt</strong></span> <span class='ocrx_word' id='word_1_492' title='bbox 1612 1519 1672 1538; x_wconf 84' lang='lat' dir='ltr'><strong>eam</strong></span> <span class='ocrx_word' id='word_1_493' title='bbox 1698 1511 1750 1537; x_wconf 90' lang='lat' dir='ltr'><strong>im-</strong></span> 
     </span>
    </p>
   </div>
   <div class='ocr_carea' id='block_1_68' title="bbox 927 1555 1749 1600">
    <p class='ocr_par' dir='ltr' id='par_1_68' title="bbox 927 1555 1749 1600">
     <span class='ocr_line' id='line_1_68' title="bbox 927 1555 1749 1600; baseline -0.006 -13"><span class='ocrx_word' id='word_1_494' title='bbox 927 1571 948 1600; x_wconf 71' lang='grc' dir='ltr'>ο</span> <span class='ocrx_word' id='word_1_495' title='bbox 964 1560 1090 1595; x_wconf 85' lang='lat' dir='ltr'><strong>pietatem</strong></span> <span class='ocrx_word' id='word_1_496' title='bbox 1116 1559 1278 1590; x_wconf 86' lang='lat' dir='ltr'><strong>inciderent,</strong></span> <span class='ocrx_word' id='word_1_497' title='bbox 1293 1559 1413 1594; x_wconf 86' lang='lat' dir='ltr'><strong>Spiritus</strong></span> <span class='ocrx_word' id='word_1_498' title='bbox 1427 1558 1454 1585; x_wconf 92' lang='lat' dir='ltr'><strong>id</strong></span> <span class='ocrx_word' id='word_1_499' title='bbox 1472 1558 1526 1585; x_wconf 89' lang='lat' dir='ltr'><strong>illis</strong></span> <span class='ocrx_word' id='word_1_500' title='bbox 1542 1557 1658 1591; x_wconf 87' lang='lat' dir='ltr'><strong>aperuit.</strong></span> <span class='ocrx_word' id='word_1_501' title='bbox 1679 1555 1749 1582; x_wconf 88' lang='lat' dir='ltr'><strong>llinc</strong></span> 
     </span>
    </p>
   </div>
   <div class='ocr_carea' id='block_1_69' title="bbox 961 1601 1748 1637">
    <p class='ocr_par' dir='ltr' id='par_1_69' title="bbox 961 1601 1748 1637">
     <span class='ocr_line' id='line_1_69' title="bbox 961 1601 1748 1637; baseline -0.01 -3"><span class='ocrx_word' id='word_1_502' title='bbox 961 1605 1026 1634; x_wconf 90' lang='lat' dir='ltr'><strong>illud</strong></span> <span class='ocrx_word' id='word_1_503' title='bbox 1051 1604 1145 1633; x_wconf 88' lang='lat' dir='ltr'><strong>Pauli:</strong></span> <span class='ocrx_word' id='word_1_504' title='bbox 1163 1613 1174 1631; x_wconf 74' lang='grc' dir='ltr'><strong>ι</strong></span> <span class='ocrx_word' id='word_1_505' title='bbox 1201 1604 1234 1631; x_wconf 87' lang='grc' dir='ltr'><strong>Ει</strong></span> <span class='ocrx_word' id='word_1_506' title='bbox 1259 1611 1320 1631; x_wconf 88' lang='lat' dir='ltr'><strong>cum</strong></span> <span class='ocrx_word' id='word_1_507' title='bbox 1353 1603 1455 1630; x_wconf 89' lang='lat' dir='ltr'><strong>inducit</strong></span> <span class='ocrx_word' id='word_1_508' title='bbox 1488 1601 1699 1637; x_wconf 77' lang='lat' dir='ltr'><strong>Primogettitum</strong></span> <span class='ocrx_word' id='word_1_509' title='bbox 1721 1601 1748 1627; x_wconf 86' lang='lat' dir='ltr'><strong>lu</strong></span> 
     </span>
    </p>
   </div>
   <div class='ocr_carea' id='block_1_70' title="bbox 961 1645 1745 1683">
    <p class='ocr_par' dir='ltr' id='par_1_70' title="bbox 961 1645 1745 1683">
     <span class='ocr_line' id='line_1_70' title="bbox 961 1645 1745 1683; baseline -0.009 -4"><span class='ocrx_word' id='word_1_510' title='bbox 961 1651 1054 1679; x_wconf 90' lang='lat' dir='ltr'><strong>orbem</strong></span> <span class='ocrx_word' id='word_1_511' title='bbox 1072 1655 1160 1683; x_wconf 64' lang='lat' dir='ltr'><strong>terrae,</strong></span> <span class='ocrx_word' id='word_1_512' title='bbox 1174 1649 1239 1678; x_wconf 87' lang='lat' dir='ltr'><strong>dicit</strong></span> <span class='ocrx_word' id='word_1_513' title='bbox 1256 1658 1263 1677; x_wconf 89' lang='lat'><strong>:</strong></span> <span class='ocrx_word' id='word_1_514' title='bbox 1279 1649 1312 1676; x_wconf 90' lang='lat' dir='ltr'><strong>Et</strong></span> <span class='ocrx_word' id='word_1_515' title='bbox 1334 1649 1448 1676; x_wconf 85' lang='lat' dir='ltr'><strong>adorent</strong></span> <span class='ocrx_word' id='word_1_516' title='bbox 1461 1655 1522 1675; x_wconf 92' lang='lat' dir='ltr'><strong>eum</strong></span> <span class='ocrx_word' id='word_1_517' title='bbox 1550 1655 1645 1675; x_wconf 89' lang='lat' dir='ltr'><strong>ontnes</strong></span> <span class='ocrx_word' id='word_1_518' title='bbox 1657 1645 1745 1680; x_wconf 69' lang='lat' dir='ltr'><strong>angeli</strong></span> 
     </span>
    </p>
   </div>
   <div class='ocr_carea' id='block_1_71' title="bbox 962 1693 1750 1730">
    <p class='ocr_par' dir='ltr' id='par_1_71' title="bbox 962 1693 1750 1730">
     <span class='ocr_line' id='line_1_71' title="bbox 962 1693 1750 1730; baseline -0.009 -6"><span class='ocrx_word' id='word_1_519' title='bbox 962 1696 1019 1730; x_wconf 81' lang='lat' dir='ltr'><strong>ejus</strong></span> <span class='ocrx_word' id='word_1_520' title='bbox 1030 1695 1063 1723; x_wconf 78' lang='grc'><strong>⁸⁸.</strong></span> <span class='ocrx_word' id='word_1_521' title='bbox 1076 1706 1086 1722; x_wconf 75' lang='grc' dir='ltr'><strong>ι</strong></span> <span class='ocrx_word' id='word_1_522' title='bbox 1103 1696 1130 1724; x_wconf 84' lang='lat' dir='ltr'><strong>Is</strong></span> <span class='ocrx_word' id='word_1_523' title='bbox 1150 1696 1233 1728; x_wconf 87' lang='lat' dir='ltr'><strong>enim,</strong></span> <span class='ocrx_word' id='word_1_524' title='bbox 1245 1695 1290 1730; x_wconf 92' lang='lat' dir='ltr'><strong>qui</strong></span> <span class='ocrx_word' id='word_1_525' title='bbox 1315 1699 1419 1722; x_wconf 70' lang='lat' dir='ltr'><strong>naturae</strong></span> <span class='ocrx_word' id='word_1_526' title='bbox 1436 1694 1600 1729; x_wconf 83' lang='lat' dir='ltr'><strong>proprietate</strong></span> <span class='ocrx_word' id='word_1_527' title='bbox 1621 1693 1750 1719; x_wconf 68' lang='lat' dir='ltr'><strong>universo</strong></span> 
     </span>
    </p>
   </div>
   <div class='ocr_carea' id='block_1_72' title="bbox 962 1738 1751 1775">
    <p class='ocr_par' dir='ltr' id='par_1_72' title="bbox 962 1738 1751 1775">
     <span class='ocr_line' id='line_1_72' title="bbox 962 1738 1751 1775; baseline -0.008 -7"><span class='ocrx_word' id='word_1_528' title='bbox 962 1745 1097 1769; x_wconf 87' lang='lat' dir='ltr'><strong>terrarum</strong></span> <span class='ocrx_word' id='word_1_529' title='bbox 1112 1741 1179 1768; x_wconf 86' lang='lat' dir='ltr'><strong>orbe</strong></span> <span class='ocrx_word' id='word_1_530' title='bbox 1201 1740 1344 1768; x_wconf 89' lang='lat' dir='ltr'><strong>suhlitnior</strong></span> <span class='ocrx_word' id='word_1_531' title='bbox 1355 1745 1408 1773; x_wconf 86' lang='lat' dir='ltr'><strong>est,</strong></span> <span class='ocrx_word' id='word_1_532' title='bbox 1420 1744 1447 1768; x_wconf 88' lang='lat' dir='ltr'><strong>et</strong></span> <span class='ocrx_word' id='word_1_533' title='bbox 1459 1743 1539 1775; x_wconf 88' lang='lat' dir='ltr'><strong>prout</strong></span> <span class='ocrx_word' id='word_1_534' title='bbox 1564 1738 1636 1765; x_wconf 87' lang='lat' dir='ltr'><strong>Deus</strong></span> <span class='ocrx_word' id='word_1_535' title='bbox 1661 1741 1751 1764; x_wconf 83' lang='lat' dir='ltr'><strong>mente</strong></span> 
     </span>
    </p>
   </div>
   <div class='ocr_carea' id='block_1_73' title="bbox 960 1782 1750 1822">
    <p class='ocr_par' dir='ltr' id='par_1_73' title="bbox 960 1782 1750 1822">
     <span class='ocr_line' id='line_1_73' title="bbox 960 1782 1750 1822; baseline -0.008 -8"><span class='ocrx_word' id='word_1_536' title='bbox 960 1786 1125 1822; x_wconf 85' lang='lat' dir='ltr'><strong>concipitur,</strong></span> <span class='ocrx_word' id='word_1_537' title='bbox 1140 1791 1219 1814; x_wconf 74' lang='lat' dir='ltr'><strong>extra</strong></span> <span class='ocrx_word' id='word_1_538' title='bbox 1231 1786 1319 1821; x_wconf 92' lang='lat' dir='ltr'><strong>ipsum</strong></span> <span class='ocrx_word' id='word_1_539' title='bbox 1331 1791 1386 1817; x_wconf 81' lang='lat' dir='ltr'><strong>est.</strong></span> <span class='ocrx_word' id='word_1_540' title='bbox 1404 1787 1430 1813; x_wconf 91' lang='lat' dir='ltr'><strong>in</strong></span> <span class='ocrx_word' id='word_1_541' title='bbox 1448 1786 1538 1819; x_wconf 82' lang='lat' dir='ltr'><strong>ipsum</strong></span> <span class='ocrx_word' id='word_1_542' title='bbox 1563 1788 1594 1811; x_wconf 91' lang='lat' dir='ltr'><strong>ut</strong></span> <span class='ocrx_word' id='word_1_543' title='bbox 1611 1784 1692 1810; x_wconf 88' lang='lat' dir='ltr'><strong>ltomo</strong></span> <span class='ocrx_word' id='word_1_544' title='bbox 1706 1782 1750 1808; x_wconf 88' lang='lat' dir='ltr'><strong>itt-</strong></span> 
     </span>
    </p>
   </div>
   <div class='ocr_carea' id='block_1_74' title="bbox 126 1831 1752 1872">
    <p class='ocr_par' dir='ltr' id='par_1_74' title="bbox 126 1831 1752 1872">
     <span class='ocr_line' id='line_1_74' title="bbox 126 1831 1752 1872; baseline -0.004 -9"><span class='ocrx_word' id='word_1_545' title='bbox 126 1843 245 1872; x_wconf 76' lang='lat' dir='ltr'><strong>gressus,</strong></span> <span class='ocrx_word' id='word_1_546' title='bbox 261 1842 325 1870; x_wconf 85' lang='lat' dir='ltr'><strong>pars</strong></span> <span class='ocrx_word' id='word_1_547' title='bbox 338 1834 430 1861; x_wconf 91' lang='lat' dir='ltr'><strong>mundi</strong></span> <span class='ocrx_word' id='word_1_548' title='bbox 447 1833 558 1861; x_wconf 76' lang='lat' dir='ltr'><strong>eli&#39;ectus</strong></span> <span class='ocrx_word' id='word_1_549' title='bbox 570 1839 610 1861; x_wconf 83' lang='lat' dir='ltr'><strong>est</strong></span> <span class='ocrx_word' id='word_1_550' title='bbox 624 1842 631 1860; x_wconf 88' lang='lat'><strong>:</strong></span> <span class='ocrx_word' id='word_1_551' title='bbox 648 1837 834 1861; x_wconf 83' lang='lat' dir='ltr'><strong>verumtamen</strong></span> <span class='ocrx_word' id='word_1_552' title='bbox 852 1831 951 1859; x_wconf 90' lang='lat' dir='ltr'><strong>nttllam</strong></span> <span class='ocrx_word' id='word_1_553' title='bbox 983 1839 1015 1860; x_wconf 87' lang='lat' dir='ltr'><strong>ea</strong></span> <span class='ocrx_word' id='word_1_554' title='bbox 1028 1833 1061 1860; x_wconf 87' lang='lat' dir='ltr'><strong>de</strong></span> <span class='ocrx_word' id='word_1_555' title='bbox 1071 1839 1154 1860; x_wconf 85' lang='lat' dir='ltr'><strong>causa</strong></span> <span class='ocrx_word' id='word_1_556' title='bbox 1184 1833 1282 1860; x_wconf 66' lang='lat' dir='ltr'><strong>divinae</strong></span> <span class='ocrx_word' id='word_1_557' title='bbox 1303 1831 1397 1867; x_wconf 68' lang='lat' dir='ltr'><strong>gloria:</strong></span> <span class='ocrx_word' id='word_1_558' title='bbox 1428 1831 1562 1865; x_wconf 90' lang='lat' dir='ltr'><strong>jacturam</strong></span> <span class='ocrx_word' id='word_1_559' title='bbox 1580 1831 1653 1859; x_wconf 80' lang='lat' dir='ltr'><strong>fecit.</strong></span> <span class='ocrx_word' id='word_1_560' title='bbox 1680 1831 1752 1858; x_wconf 67' lang='grc' dir='ltr'><strong>Αιιο*</strong></span> 
     </span>
    </p>
   </div>
   <div class='ocr_carea' id='block_1_75' title="bbox 127 1879 1752 1916">
    <p class='ocr_par' dir='ltr' id='par_1_75' title="bbox 127 1879 1752 1916">
     <span class='ocr_line' id='line_1_75' title="bbox 127 1879 1752 1916; baseline -0.002 -6"><span class='ocrx_word' id='word_1_561' title='bbox 127 1889 204 1911; x_wconf 89' lang='lat' dir='ltr'><strong>ratur</strong></span> <span class='ocrx_word' id='word_1_562' title='bbox 216 1888 330 1916; x_wconf 86' lang='lat' dir='ltr'><strong>namque</strong></span> <span class='ocrx_word' id='word_1_563' title='bbox 345 1886 374 1908; x_wconf 92' lang='lat' dir='ltr'><strong>ut</strong></span> <span class='ocrx_word' id='word_1_564' title='bbox 392 1881 564 1916; x_wconf 80' lang='lat' dir='ltr'><strong>Unigenitus,</strong></span> <span class='ocrx_word' id='word_1_565' title='bbox 592 1881 642 1908; x_wconf 89' lang='lat' dir='ltr'><strong>etsi</strong></span> <span class='ocrx_word' id='word_1_566' title='bbox 665 1880 814 1915; x_wconf 87' lang='lat' dir='ltr'><strong>appelletur</strong></span> <span class='ocrx_word' id='word_1_567' title='bbox 844 1880 1051 1915; x_wconf 72' lang='lat' dir='ltr'><strong>primogenitae,</strong></span> <span class='ocrx_word' id='word_1_568' title='bbox 1079 1887 1139 1916; x_wconf 70' lang='lat' dir='ltr'><strong>quae</strong></span> <span class='ocrx_word' id='word_1_569' title='bbox 1169 1887 1235 1907; x_wconf 79' lang='lat' dir='ltr'><strong>sane</strong></span> <span class='ocrx_word' id='word_1_570' title='bbox 1257 1879 1401 1915; x_wconf 84' lang='lat' dir='ltr'><strong>appellatio</strong></span> <span class='ocrx_word' id='word_1_571' title='bbox 1431 1879 1608 1907; x_wconf 83' lang='lat' dir='ltr'><strong>humanitatis</strong></span> <span class='ocrx_word' id='word_1_572' title='bbox 1636 1879 1752 1907; x_wconf 83' lang='lat' dir='ltr'><strong>modulis</strong></span> 
     </span>
    </p>
   </div>
   <div class='ocr_carea' id='block_1_76' title="bbox 126 1928 484 1964">
    <p class='ocr_par' dir='ltr' id='par_1_76' title="bbox 126 1928 484 1964">
     <span class='ocr_line' id='line_1_76' title="bbox 126 1928 484 1964; baseline -0.003 -9"><span class='ocrx_word' id='word_1_573' title='bbox 126 1935 219 1964; x_wconf 86' lang='lat' dir='ltr'><strong>quam</strong></span> <span class='ocrx_word' id='word_1_574' title='bbox 230 1929 331 1962; x_wconf 88' lang='lat' dir='ltr'><strong>optime</strong></span> <span class='ocrx_word' id='word_1_575' title='bbox 348 1928 484 1955; x_wconf 84' lang='lat' dir='ltr'><strong>comtenit.</strong></span> 
     </span>
    </p>
   </div>
   <div class='ocr_carea' id='block_1_77' title="bbox 164 1971 915 2010">
    <p class='ocr_par' dir='ltr' id='par_1_77' title="bbox 164 1971 915 2010">
     <span class='ocr_line' id='line_1_77' title="bbox 164 1971 915 2010; baseline -0.005 -8"><span class='ocrx_word' id='word_1_576' title='bbox 164 1971 295 2010; x_wconf 72' lang='grc' dir='ltr'><strong>ΛΑ’.Ἀρ’</strong></span> <span class='ocrx_word' id='word_1_577' title='bbox 310 1971 356 2001; x_wconf 83' lang='grc' dir='ltr'><strong>οὖν</strong></span> <span class='ocrx_word' id='word_1_578' title='bbox 374 1974 412 2005; x_wconf 84' lang='grc' dir='ltr'><strong>ὠς</strong></span> <span class='ocrx_word' id='word_1_579' title='bbox 433 1973 575 2008; x_wconf 81' lang='grc' dir='ltr'><strong>ἄνθρωπον</strong></span> <span class='ocrx_word' id='word_1_580' title='bbox 594 1972 819 2008; x_wconf 84' lang='grc' dir='ltr'><strong>προσκυνήσομεν</strong></span> <span class='ocrx_word' id='word_1_581' title='bbox 835 1971 915 2007; x_wconf 87' lang='grc' dir='ltr'><strong>μόνον</strong></span> 
     </span>
    </p>
   </div>
   <div class='ocr_carea' id='block_1_78' title="bbox 126 2018 915 2056">
    <p class='ocr_par' dir='ltr' id='par_1_78' title="bbox 126 2018 915 2056">
     <span class='ocr_line' id='line_1_78' title="bbox 126 2018 915 2056; baseline -0.005 -8"><span class='ocrx_word' id='word_1_582' title='bbox 126 2023 173 2049; x_wconf 70' lang='grc' dir='ltr'><strong>τὸν</strong></span> <span class='ocrx_word' id='word_1_583' title='bbox 190 2021 381 2056; x_wconf 80' lang='grc' dir='ltr'><strong>Ἐμμανουήλ;</strong></span> <span class='ocrx_word' id='word_1_584' title='bbox 401 2021 446 2055; x_wconf 79' lang='grc' dir='ltr'><strong>Μὴ</strong></span> <span class='ocrx_word' id='word_1_585' title='bbox 461 2019 581 2053; x_wconf 83' lang='grc' dir='ltr'><strong>γένοιτοὶ</strong></span> <span class='ocrx_word' id='word_1_586' title='bbox 597 2018 682 2053; x_wconf 78' lang='grc' dir='ltr'><strong>λῆρος</strong></span> <span class='ocrx_word' id='word_1_587' title='bbox 696 2018 750 2054; x_wconf 86' lang='grc' dir='ltr'><strong>γὰρ</strong></span> <span class='ocrx_word' id='word_1_588' title='bbox 771 2018 822 2054; x_wconf 71' lang='grc' dir='ltr'><strong>ἤδη</strong></span> <span class='ocrx_word' id='word_1_589' title='bbox 836 2018 915 2044; x_wconf 79' lang='grc' dir='ltr'><strong>τοῦτο</strong></span> 
     </span>
    </p>
   </div>
   <div class='ocr_carea' id='block_1_79' title="bbox 127 2064 915 2102">
    <p class='ocr_par' dir='ltr' id='par_1_79' title="bbox 127 2064 915 2102">
     <span class='ocr_line' id='line_1_79' title="bbox 127 2064 915 2102; baseline -0.006 -7"><span class='ocrx_word' id='word_1_590' title='bbox 127 2067 177 2095; x_wconf 70' lang='grc' dir='ltr'><strong>καὶ</strong></span> <span class='ocrx_word' id='word_1_591' title='bbox 192 2067 295 2102; x_wconf 81' lang='grc' dir='ltr'><strong>ἀπάτη,</strong></span> <span class='ocrx_word' id='word_1_592' title='bbox 315 2068 362 2094; x_wconf 80' lang='grc' dir='ltr'><strong>καὶ</strong></span> <span class='ocrx_word' id='word_1_593' title='bbox 379 2066 521 2101; x_wconf 82' lang='grc' dir='ltr'><strong>πλάνησις.</strong></span> <span class='ocrx_word' id='word_1_594' title='bbox 547 2064 688 2100; x_wconf 73' lang='grc' dir='ltr'><strong>Διοξσομεν</strong></span> <span class='ocrx_word' id='word_1_595' title='bbox 708 2065 738 2091; x_wconf 80' lang='grc' dir='ltr'><strong>δὲ</strong></span> <span class='ocrx_word' id='word_1_596' title='bbox 761 2065 822 2092; x_wconf 80' lang='grc' dir='ltr'><strong>κατ’</strong></span> <span class='ocrx_word' id='word_1_597' title='bbox 838 2065 915 2091; x_wconf 78' lang='grc' dir='ltr'><strong>οὐδὲν</strong></span> 
     </span>
    </p>
   </div>
   <div class='ocr_carea' id='block_1_80' title="bbox 126 2110 914 2148">
    <p class='ocr_par' dir='ltr' id='par_1_80' title="bbox 126 2110 914 2148">
     <span class='ocr_line' id='line_1_80' title="bbox 126 2110 914 2148; baseline -0.004 -9"><span class='ocrx_word' id='word_1_598' title='bbox 126 2113 183 2140; x_wconf 82' lang='grc' dir='ltr'><strong>τῶν</strong></span> <span class='ocrx_word' id='word_1_599' title='bbox 196 2115 228 2148; x_wconf 80' lang='grc' dir='ltr'><strong>τῇ</strong></span> <span class='ocrx_word' id='word_1_600' title='bbox 245 2113 333 2139; x_wconf 72' lang='grc' dir='ltr'><strong>κτίσει</strong></span> <span class='ocrx_word' id='word_1_601' title='bbox 349 2111 567 2147; x_wconf 79' lang='grc' dir='ltr'><strong>λελατρευκότων</strong></span> <span class='ocrx_word' id='word_1_602' title='bbox 580 2111 654 2146; x_wconf 74' lang='grc' dir='ltr'><strong>παρὰ</strong></span> <span class='ocrx_word' id='word_1_603' title='bbox 665 2110 711 2136; x_wconf 83' lang='grc' dir='ltr'><strong>τὸν</strong></span> <span class='ocrx_word' id='word_1_604' title='bbox 724 2110 854 2137; x_wconf 81' lang='grc' dir='ltr'><strong>κτίσαντα</strong></span> <span class='ocrx_word' id='word_1_605' title='bbox 866 2110 914 2137; x_wconf 80' lang='grc' dir='ltr'><strong>καὶ</strong></span> 
     </span>
    </p>
   </div>
   <div class='ocr_carea' id='block_1_81' title="bbox 128 2155 914 2193">
    <p class='ocr_par' dir='ltr' id='par_1_81' title="bbox 128 2155 914 2193">
     <span class='ocr_line' id='line_1_81' title="bbox 128 2155 914 2193; baseline -0.004 -8"><span class='ocrx_word' id='word_1_606' title='bbox 128 2159 255 2193; x_wconf 76' lang='grc' dir='ltr'><strong>ποιητὴν,</strong></span> <span class='ocrx_word' id='word_1_607' title='bbox 283 2158 382 2189; x_wconf 75' lang='grc' dir='ltr'><strong>οἵτινες</strong></span> <span class='ocrx_word' id='word_1_608' title='bbox 412 2167 421 2182; x_wconf 90' lang='grc'><em>‹</em></span> <span class='ocrx_word' id='word_1_609' title='bbox 445 2156 614 2192; x_wconf 77' lang='grc' dir='ltr'><strong>μετήλλαξαν</strong></span> <span class='ocrx_word' id='word_1_610' title='bbox 638 2156 688 2191; x_wconf 78' lang='grc' dir='ltr'><strong>τὴν</strong></span> <span class='ocrx_word' id='word_1_611' title='bbox 712 2156 840 2191; x_wconf 73' lang='grc' dir='ltr'><strong>ἀλήθειαν</strong></span> <span class='ocrx_word' id='word_1_612' title='bbox 866 2155 914 2182; x_wconf 75' lang='grc' dir='ltr'><strong>τοῦ</strong></span> 
     </span>
    </p>
   </div>
   <div class='ocr_carea' id='block_1_82' title="bbox 127 2199 914 2240">
    <p class='ocr_par' dir='ltr' id='par_1_82' title="bbox 127 2199 914 2240">
     <span class='ocr_line' id='line_1_82' title="bbox 127 2199 914 2240; baseline -0.004 -9"><span class='ocrx_word' id='word_1_613' title='bbox 127 2204 198 2231; x_wconf 84' lang='grc' dir='ltr'><strong>Θεοῦ</strong></span> <span class='ocrx_word' id='word_1_614' title='bbox 214 2206 242 2230; x_wconf 76' lang='grc' dir='ltr'><strong>ἐν</strong></span> <span class='ocrx_word' id='word_1_615' title='bbox 257 2203 294 2240; x_wconf 79' lang='grc' dir='ltr'><strong>τῷ</strong></span> <span class='ocrx_word' id='word_1_616' title='bbox 310 2203 413 2239; x_wconf 76' lang='grc' dir='ltr'><strong>ψεύδει,</strong></span> <span class='ocrx_word' id='word_1_617' title='bbox 431 2213 440 2229; x_wconf 77' lang='grc' dir='ltr'><strong>ι</strong></span> <span class='ocrx_word' id='word_1_618' title='bbox 464 2202 536 2229; x_wconf 73' lang='grc' dir='ltr'><strong>κατὰ</strong></span> <span class='ocrx_word' id='word_1_619' title='bbox 556 2202 587 2228; x_wconf 69' lang='grc' dir='ltr'><strong>τὸ</strong></span> <span class='ocrx_word' id='word_1_620' title='bbox 610 2201 812 2238; x_wconf 78' lang='grc' dir='ltr'><strong>γεγραμμένον.</strong></span> <span class='ocrx_word' id='word_1_621' title='bbox 826 2199 874 2233; x_wconf 77' lang='grc' dir='ltr'><strong>Οἷς</strong></span> <span class='ocrx_word' id='word_1_622' title='bbox 890 2202 914 2228; x_wconf 79' lang='lat' dir='ltr'><strong>sl</strong></span> 
     </span>
    </p>
   </div>
   <div class='ocr_carea' id='block_1_83' title="bbox 128 2247 916 2285">
    <p class='ocr_par' dir='ltr' id='par_1_83' title="bbox 128 2247 916 2285">
     <span class='ocr_line' id='line_1_83' title="bbox 128 2247 916 2285; baseline -0.003 -9"><span class='ocrx_word' id='word_1_623' title='bbox 128 2250 318 2285; x_wconf 82' lang='grc' dir='ltr'><strong>φρονήσαιμεν</strong></span> <span class='ocrx_word' id='word_1_624' title='bbox 341 2247 456 2283; x_wconf 80' lang='grc' dir='ltr'><strong>ἀδελφὰ,</strong></span> <span class='ocrx_word' id='word_1_625' title='bbox 473 2247 520 2274; x_wconf 76' lang='grc' dir='ltr'><strong>καὶ</strong></span> <span class='ocrx_word' id='word_1_626' title='bbox 542 2247 764 2282; x_wconf 82' lang='grc' dir='ltr'><strong>συνακουσόμεθα</strong></span> <span class='ocrx_word' id='word_1_627' title='bbox 786 2247 895 2278; x_wconf 86' lang='grc' dir='ltr'><strong>πάντως</strong></span> <span class='ocrx_word' id='word_1_628' title='bbox 908 2255 916 2263; x_wconf 79' lang='grc'><strong><em>⁸</em></strong></span> 
     </span>
    </p>
   </div>
   <div class='ocr_carea' id='block_1_84' title="bbox 132 2293 915 2329">
    <p class='ocr_par' dir='ltr' id='par_1_84' title="bbox 132 2293 915 2329">
     <span class='ocr_line' id='line_1_84' title="bbox 132 2293 915 2329; baseline -0.005 -7"><span class='ocrx_word' id='word_1_629' title='bbox 132 2306 143 2323; x_wconf 85' lang='grc'><strong><em>‹</em></strong></span> <span class='ocrx_word' id='word_1_630' title='bbox 158 2295 310 2327; x_wconf 80' lang='grc' dir='ltr'><strong>Φάσκοντες</strong></span> <span class='ocrx_word' id='word_1_631' title='bbox 322 2293 392 2322; x_wconf 80' lang='grc' dir='ltr'><strong>εἶναι</strong></span> <span class='ocrx_word' id='word_1_632' title='bbox 406 2294 492 2329; x_wconf 77' lang='grc' dir='ltr'><strong>σοφοὶ,</strong></span> <span class='ocrx_word' id='word_1_633' title='bbox 506 2293 716 2329; x_wconf 79' lang='grc' dir='ltr'><strong>ἐμωράνθησαν.</strong></span> <span class='ocrx_word' id='word_1_634' title='bbox 731 2293 778 2319; x_wconf 77' lang='grc' dir='ltr'><strong>καὶ</strong></span> <span class='ocrx_word' id='word_1_635' title='bbox 797 2293 915 2328; x_wconf 74' lang='grc' dir='ltr'><strong>ἤλλαξαν</strong></span> 
     </span>
    </p>
   </div>
   <div class='ocr_carea' id='block_1_85' title="bbox 127 2338 916 2377">
    <p class='ocr_par' dir='ltr' id='par_1_85' title="bbox 127 2338 916 2377">
     <span class='ocr_line' id='line_1_85' title="bbox 127 2338 916 2377; baseline -0.004 -9"><span class='ocrx_word' id='word_1_636' title='bbox 127 2341 182 2377; x_wconf 79' lang='grc' dir='ltr'><strong>τὴν</strong></span> <span class='ocrx_word' id='word_1_637' title='bbox 197 2341 276 2374; x_wconf 77' lang='grc' dir='ltr'><strong>δόξαν</strong></span> <span class='ocrx_word' id='word_1_638' title='bbox 297 2340 344 2367; x_wconf 85' lang='grc' dir='ltr'><strong>τοῦ</strong></span> <span class='ocrx_word' id='word_1_639' title='bbox 360 2339 499 2375; x_wconf 72' lang='grc' dir='ltr'><strong>ἀφθάρτου</strong></span> <span class='ocrx_word' id='word_1_640' title='bbox 517 2339 584 2365; x_wconf 78' lang='grc' dir='ltr'><strong>Θεοῦ</strong></span> <span class='ocrx_word' id='word_1_641' title='bbox 599 2339 627 2366; x_wconf 79' lang='grc' dir='ltr'><strong>ἐν</strong></span> <span class='ocrx_word' id='word_1_642' title='bbox 639 2338 792 2374; x_wconf 80' lang='grc' dir='ltr'><strong>ὁμοιώματι</strong></span> <span class='ocrx_word' id='word_1_643' title='bbox 813 2339 916 2371; x_wconf 76' lang='grc' dir='ltr'><strong>εἰκόνος</strong></span> 
     </span>
    </p>
   </div>
   <div class='ocr_carea' id='block_1_86' title="bbox 130 2384 913 2423">
    <p class='ocr_par' dir='ltr' id='par_1_86' title="bbox 130 2384 913 2423">
     <span class='ocr_line' id='line_1_86' title="bbox 130 2384 913 2423; baseline -0.004 -10"><span class='ocrx_word' id='word_1_644' title='bbox 130 2386 253 2423; x_wconf 83' lang='grc' dir='ltr'><strong>φθαρτοῦ</strong></span> <span class='ocrx_word' id='word_1_645' title='bbox 269 2385 425 2422; x_wconf 82' lang='grc' dir='ltr'><strong>ἀνθρώπου,</strong></span> <span class='ocrx_word' id='word_1_646' title='bbox 443 2386 489 2412; x_wconf 72' lang='grc' dir='ltr'><strong>καὶ</strong></span> <span class='ocrx_word' id='word_1_647' title='bbox 503 2385 646 2416; x_wconf 79' lang='grc' dir='ltr'><strong>πετεινῶν,</strong></span> <span class='ocrx_word' id='word_1_648' title='bbox 659 2384 706 2411; x_wconf 75' lang='grc' dir='ltr'><strong>καὶ</strong></span> <span class='ocrx_word' id='word_1_649' title='bbox 731 2384 913 2417; x_wconf 79' lang='grc' dir='ltr'><strong>τετραπόδων,</strong></span> 
     </span>
    </p>
   </div>
   <div class='ocr_carea' id='block_1_87' title="bbox 132 2430 915 2469">
    <p class='ocr_par' dir='ltr' id='par_1_87' title="bbox 132 2430 915 2469">
     <span class='ocr_line' id='line_1_87' title="bbox 132 2430 915 2469; baseline -0.005 -9"><span class='ocrx_word' id='word_1_650' title='bbox 132 2433 180 2460; x_wconf 69' lang='grc' dir='ltr'><strong>καὶ</strong></span> <span class='ocrx_word' id='word_1_651' title='bbox 204 2433 336 2469; x_wconf 77' lang='grc' dir='ltr'><strong>ἑρπετῶν.</strong></span> <span class='ocrx_word' id='word_1_652' title='bbox 355 2433 406 2458; x_wconf 81' lang='grc' dir='ltr'><strong>»Ἦ</strong></span> <span class='ocrx_word' id='word_1_653' title='bbox 429 2432 484 2468; x_wconf 76' lang='grc' dir='ltr'><strong>γὰρ</strong></span> <span class='ocrx_word' id='word_1_654' title='bbox 510 2432 571 2466; x_wconf 76' lang='grc' dir='ltr'><strong>οὐχὶ</strong></span> <span class='ocrx_word' id='word_1_655' title='bbox 593 2431 640 2458; x_wconf 76' lang='grc' dir='ltr'><strong>καὶ</strong></span> <span class='ocrx_word' id='word_1_656' title='bbox 665 2431 746 2466; x_wconf 75' lang='grc' dir='ltr'><strong>ἡμεῖς</strong></span> <span class='ocrx_word' id='word_1_657' title='bbox 770 2430 846 2457; x_wconf 77' lang='grc' dir='ltr'><strong>αὐτοὶ</strong></span> <span class='ocrx_word' id='word_1_658' title='bbox 868 2430 915 2463; x_wconf 78' lang='grc' dir='ltr'><strong>καὶ</strong></span> 
     </span>
    </p>
   </div>
   <div class='ocr_carea' id='block_1_88' title="bbox 132 2477 914 2514">
    <p class='ocr_par' dir='ltr' id='par_1_88' title="bbox 132 2477 914 2514">
     <span class='ocr_line' id='line_1_88' title="bbox 132 2477 914 2514; baseline -0.003 -9"><span class='ocrx_word' id='word_1_659' title='bbox 132 2480 255 2514; x_wconf 62' lang='grc' dir='ltr'><strong>ἰσουργολ⁸</strong></span> <span class='ocrx_word' id='word_1_660' title='bbox 264 2478 310 2505; x_wconf 75' lang='grc' dir='ltr'><strong>καὶ</strong></span> <span class='ocrx_word' id='word_1_661' title='bbox 321 2478 474 2514; x_wconf 74' lang='grc' dir='ltr'><strong>σύμφρονες</strong></span> <span class='ocrx_word' id='word_1_662' title='bbox 487 2479 540 2509; x_wconf 84' lang='grc' dir='ltr'><strong>τοῖς</strong></span> <span class='ocrx_word' id='word_1_663' title='bbox 554 2487 605 2513; x_wconf 89' lang='grc' dir='ltr'><strong>μνη</strong></span> <span class='ocrx_word' id='word_1_664' title='bbox 610 2477 776 2513; x_wconf 85' lang='grc' dir='ltr'><strong>μονευθείσιν</strong></span> <span class='ocrx_word' id='word_1_665' title='bbox 786 2477 914 2512; x_wconf 78' lang='grc' dir='ltr'><strong>ἐσόμεθα,</strong></span> 
     </span>
    </p>
   </div>
   <div class='ocr_carea' id='block_1_89' title="bbox 130 2523 916 2560">
    <p class='ocr_par' dir='ltr' id='par_1_89' title="bbox 130 2523 916 2560">
     <span class='ocr_line' id='line_1_89' title="bbox 130 2523 916 2560; baseline -0.001 -9"><span class='ocrx_word' id='word_1_666' title='bbox 130 2524 181 2560; x_wconf 83' lang='grc' dir='ltr'><strong>τὴν</strong></span> <span class='ocrx_word' id='word_1_667' title='bbox 193 2525 238 2551; x_wconf 81' lang='grc' dir='ltr'><strong>τοῦ</strong></span> <span class='ocrx_word' id='word_1_668' title='bbox 253 2524 321 2551; x_wconf 79' lang='grc' dir='ltr'><strong>Θεοῦ</strong></span> <span class='ocrx_word' id='word_1_669' title='bbox 337 2524 415 2556; x_wconf 79' lang='grc' dir='ltr'><strong>δόξαν</strong></span> <span class='ocrx_word' id='word_1_670' title='bbox 433 2525 462 2550; x_wconf 77' lang='grc' dir='ltr'><strong>ἐν</strong></span> <span class='ocrx_word' id='word_1_671' title='bbox 476 2524 515 2559; x_wconf 80' lang='grc' dir='ltr'><strong>τῷ</strong></span> <span class='ocrx_word' id='word_1_672' title='bbox 527 2524 617 2558; x_wconf 80' lang='grc' dir='ltr'><strong>ψεύδει</strong></span> <span class='ocrx_word' id='word_1_673' title='bbox 636 2523 872 2558; x_wconf 80' lang='grc' dir='ltr'><strong>μεταλλάττοντες,</strong></span> <span class='ocrx_word' id='word_1_674' title='bbox 887 2524 916 2550; x_wconf 75' lang='grc' dir='ltr'><strong>ἐν</strong></span> 
     </span>
    </p>
   </div>
   <div class='ocr_carea' id='block_1_90' title="bbox 130 2569 916 2606">
    <p class='ocr_par' dir='ltr' id='par_1_90' title="bbox 130 2569 916 2606">
     <span class='ocr_line' id='line_1_90' title="bbox 130 2569 916 2606; baseline -0.001 -9"><span class='ocrx_word' id='word_1_675' title='bbox 130 2570 284 2606; x_wconf 79' lang='grc' dir='ltr'><strong>ὁμοιώματι</strong></span> <span class='ocrx_word' id='word_1_676' title='bbox 295 2570 397 2601; x_wconf 75' lang='grc' dir='ltr'><strong>εἰκόνος</strong></span> <span class='ocrx_word' id='word_1_677' title='bbox 409 2569 528 2604; x_wconf 84' lang='grc' dir='ltr'><strong>φθαρτοῦ</strong></span> <span class='ocrx_word' id='word_1_678' title='bbox 537 2569 692 2605; x_wconf 80' lang='grc' dir='ltr'><strong>ἀνθρώπου,</strong></span> <span class='ocrx_word' id='word_1_679' title='bbox 701 2571 724 2595; x_wconf 81' lang='grc' dir='ltr'><strong>ει</strong></span> <span class='ocrx_word' id='word_1_680' title='bbox 732 2569 769 2601; x_wconf 85' lang='grc' dir='ltr'><strong>ὡς</strong></span> <span class='ocrx_word' id='word_1_681' title='bbox 779 2569 916 2605; x_wconf 83' lang='grc' dir='ltr'><strong>ἀνθρώπῳ</strong></span> 
     </span>
    </p>
   </div>
   <div class='ocr_carea' id='block_1_91' title="bbox 131 2615 917 2652">
    <p class='ocr_par' dir='ltr' id='par_1_91' title="bbox 131 2615 917 2652">
     <span class='ocr_line' id='line_1_91' title="bbox 131 2615 917 2652; baseline 0 -10"><span class='ocrx_word' id='word_1_682' title='bbox 131 2616 213 2652; x_wconf 77' lang='grc' dir='ltr'><strong>ψιλῷ,</strong></span> <span class='ocrx_word' id='word_1_683' title='bbox 232 2616 278 2642; x_wconf 76' lang='grc' dir='ltr'><strong>καὶ</strong></span> <span class='ocrx_word' id='word_1_684' title='bbox 294 2616 333 2642; x_wconf 80' lang='grc' dir='ltr'><strong>ἐνί</strong></span> <span class='ocrx_word' id='word_1_685' title='bbox 348 2615 404 2642; x_wconf 89' lang='grc' dir='ltr'><strong>τῶν</strong></span> <span class='ocrx_word' id='word_1_686' title='bbox 421 2615 484 2642; x_wconf 76' lang='grc' dir='ltr'><strong>καθ’</strong></span> <span class='ocrx_word' id='word_1_687' title='bbox 497 2616 569 2650; x_wconf 78' lang='grc' dir='ltr'><strong>ἡμᾶς</strong></span> <span class='ocrx_word' id='word_1_688' title='bbox 580 2615 760 2651; x_wconf 78' lang='grc' dir='ltr'><strong>προσοίσομεν</strong></span> <span class='ocrx_word' id='word_1_689' title='bbox 769 2615 818 2650; x_wconf 82' lang='grc' dir='ltr'><strong>τὴν</strong></span> <span class='ocrx_word' id='word_1_690' title='bbox 832 2624 917 2651; x_wconf 69' lang='grc' dir='ltr'><strong>προσο</strong></span> 
     </span>
    </p>
   </div>
   <div class='ocr_carea' id='block_1_92' title="bbox 133 2660 912 2697">
    <p class='ocr_par' dir='ltr' id='par_1_92' title="bbox 133 2660 912 2697">
     <span class='ocr_line' id='line_1_92' title="bbox 133 2660 912 2697; baseline 0 -9"><span class='ocrx_word' id='word_1_691' title='bbox 133 2661 245 2697; x_wconf 86' lang='grc' dir='ltr'><strong>κύνησιν</strong></span> <span class='ocrx_word' id='word_1_692' title='bbox 266 2661 306 2696; x_wconf 84' lang='grc' dir='ltr'><strong>τῷ</strong></span> <span class='ocrx_word' id='word_1_693' title='bbox 322 2661 511 2696; x_wconf 81' lang='grc' dir='ltr'><strong>Ἐμμανουήλ;</strong></span> <span class='ocrx_word' id='word_1_694' title='bbox 529 2661 561 2687; x_wconf 82' lang='grc' dir='ltr'><strong>Τί</strong></span> <span class='ocrx_word' id='word_1_695' title='bbox 573 2661 619 2694; x_wconf 69' lang='grc' dir='ltr'><strong>δέ,</strong></span> <span class='ocrx_word' id='word_1_696' title='bbox 633 2660 692 2695; x_wconf 74' lang='grc' dir='ltr'><strong>οὐχ),</strong></span> <span class='ocrx_word' id='word_1_697' title='bbox 708 2662 754 2687; x_wconf 75' lang='grc' dir='ltr'><strong>καὶ</strong></span> <span class='ocrx_word' id='word_1_698' title='bbox 775 2661 844 2696; x_wconf 74' lang='grc' dir='ltr'><strong>αὐτὴ</strong></span> <span class='ocrx_word' id='word_1_699' title='bbox 859 2661 912 2688; x_wconf 88' lang='grc' dir='ltr'><strong>τῶν</strong></span> 
     </span>
    </p>
   </div>
   <div class='ocr_carea' id='block_1_93' title="bbox 165 2738 867 2772">
    <p class='ocr_par' dir='ltr' id='par_1_93' title="bbox 165 2738 867 2772">
     <span class='ocr_line' id='line_1_93' title="bbox 165 2738 867 2772; baseline -0.001 -6"><span class='ocrx_word' id='word_1_700' title='bbox 165 2739 189 2756; x_wconf 74' lang='grc'><strong>⁸³</strong></span> <span class='ocrx_word' id='word_1_701' title='bbox 207 2739 287 2767; x_wconf 78' lang='lat' dir='ltr'><strong>lleltr.</strong></span> <span class='ocrx_word' id='word_1_702' title='bbox 302 2748 322 2772; x_wconf 92' lang='lat' dir='ltr'><strong>t,</strong></span> <span class='ocrx_word' id='word_1_703' title='bbox 338 2740 365 2767; x_wconf 86' lang='lat'><strong>6.</strong></span> <span class='ocrx_word' id='word_1_704' title='bbox 403 2739 426 2755; x_wconf 85' lang='lat'>&quot;</span> <span class='ocrx_word' id='word_1_705' title='bbox 443 2738 522 2767; x_wconf 77' lang='lat' dir='ltr'><strong>Rom.</strong></span> <span class='ocrx_word' id='word_1_706' title='bbox 535 2747 553 2772; x_wconf 91' lang='lat' dir='ltr'><strong>t,</strong></span> <span class='ocrx_word' id='word_1_707' title='bbox 567 2738 612 2766; x_wconf 72' lang='lat'><strong>9.5.</strong></span> <span class='ocrx_word' id='word_1_708' title='bbox 649 2739 671 2755; x_wconf 79' lang='lat'><strong>&#39;7</strong></span> <span class='ocrx_word' id='word_1_709' title='bbox 688 2739 751 2765; x_wconf 87' lang='lat' dir='ltr'><strong>ibid.</strong></span> <span class='ocrx_word' id='word_1_710' title='bbox 768 2739 867 2771; x_wconf 70' lang='lat'><strong>22,25.</strong></span> 
     </span>
    </p>
   </div>
   <div class='ocr_carea' id='block_1_94' title="bbox 1000 1971 1751 2007">
    <p class='ocr_par' dir='ltr' id='par_1_94' title="bbox 1000 1971 1751 2007">
     <span class='ocr_line' id='line_1_94' title="bbox 1000 1971 1751 2007; baseline -0.004 -8"><span class='ocrx_word' id='word_1_711' title='bbox 1000 1971 1097 2000; x_wconf 77' lang='lat' dir='ltr'><strong>XXXI.</strong></span> <span class='ocrx_word' id='word_1_712' title='bbox 1118 1973 1225 2007; x_wconf 71' lang='lat' dir='ltr'><strong>Ergone</strong></span> <span class='ocrx_word' id='word_1_713' title='bbox 1241 1971 1442 1999; x_wconf 81' lang='lat' dir='ltr'><strong>Emmanuelem</strong></span> <span class='ocrx_word' id='word_1_714' title='bbox 1461 1976 1490 1998; x_wconf 92' lang='lat' dir='ltr'><strong>ut</strong></span> <span class='ocrx_word' id='word_1_715' title='bbox 1512 1971 1597 1999; x_wconf 87' lang='lat' dir='ltr'><strong>solum</strong></span> <span class='ocrx_word' id='word_1_716' title='bbox 1616 1971 1751 1998; x_wconf 79' lang='lat' dir='ltr'><strong>hominem</strong></span> 
     </span>
    </p>
   </div>
   <div class='ocr_carea' id='block_1_95' title="bbox 964 2017 1750 2053">
    <p class='ocr_par' dir='ltr' id='par_1_95' title="bbox 964 2017 1750 2053">
     <span class='ocr_line' id='line_1_95' title="bbox 964 2017 1750 2053; baseline -0.003 -9"><span class='ocrx_word' id='word_1_717' title='bbox 964 2018 1154 2045; x_wconf 83' lang='lat' dir='ltr'><strong>adorabimus?</strong></span> <span class='ocrx_word' id='word_1_718' title='bbox 1176 2018 1285 2046; x_wconf 86' lang='lat' dir='ltr'><strong>Minime</strong></span> <span class='ocrx_word' id='word_1_719' title='bbox 1310 2019 1429 2053; x_wconf 74' lang='lat' dir='ltr'><strong>gentium</strong></span> <span class='ocrx_word' id='word_1_720' title='bbox 1454 2027 1460 2044; x_wconf 92' lang='lat'><strong>:</strong></span> <span class='ocrx_word' id='word_1_721' title='bbox 1488 2018 1560 2045; x_wconf 87' lang='lat' dir='ltr'><strong>istud</strong></span> <span class='ocrx_word' id='word_1_722' title='bbox 1588 2017 1660 2044; x_wconf 91' lang='lat' dir='ltr'><strong>enim</strong></span> <span class='ocrx_word' id='word_1_723' title='bbox 1686 2017 1750 2043; x_wconf 80' lang='lat' dir='ltr'><strong>nihil</strong></span> 
     </span>
    </p>
   </div>
   <div class='ocr_carea' id='block_1_96' title="bbox 964 2062 1752 2098">
    <p class='ocr_par' dir='ltr' id='par_1_96' title="bbox 964 2062 1752 2098">
     <span class='ocr_line' id='line_1_96' title="bbox 964 2062 1752 2098; baseline -0.003 -8"><span class='ocrx_word' id='word_1_724' title='bbox 964 2063 1035 2090; x_wconf 89' lang='lat' dir='ltr'><strong>aliud</strong></span> <span class='ocrx_word' id='word_1_725' title='bbox 1061 2062 1141 2097; x_wconf 81' lang='lat' dir='ltr'><strong>foret,</strong></span> <span class='ocrx_word' id='word_1_726' title='bbox 1155 2071 1235 2098; x_wconf 73' lang='lat' dir='ltr'><strong>quam</strong></span> <span class='ocrx_word' id='word_1_727' title='bbox 1265 2064 1412 2096; x_wconf 80' lang='lat' dir='ltr'><strong>errare,in</strong></span> <span class='ocrx_word' id='word_1_728' title='bbox 1441 2063 1565 2090; x_wconf 80' lang='lat' dir='ltr'><strong>fraudem</strong></span> <span class='ocrx_word' id='word_1_729' title='bbox 1597 2063 1697 2094; x_wconf 88' lang='lat' dir='ltr'><strong>induci,</strong></span> <span class='ocrx_word' id='word_1_730' title='bbox 1720 2069 1752 2088; x_wconf 88' lang='lat' dir='ltr'><strong>ac</strong></span> 
     </span>
    </p>
   </div>
   <div class='ocr_carea' id='block_1_97' title="bbox 965 2109 1752 2144">
    <p class='ocr_par' dir='ltr' id='par_1_97' title="bbox 965 2109 1752 2144">
     <span class='ocr_line' id='line_1_97' title="bbox 965 2109 1752 2144; baseline -0.003 -8"><span class='ocrx_word' id='word_1_731' title='bbox 965 2109 1161 2137; x_wconf 84' lang='lat' dir='ltr'><strong>delirarc.Hac</strong></span> <span class='ocrx_word' id='word_1_732' title='bbox 1181 2109 1315 2144; x_wconf 85' lang='lat' dir='ltr'><strong>siquidem</strong></span> <span class='ocrx_word' id='word_1_733' title='bbox 1336 2109 1441 2137; x_wconf 85' lang='lat' dir='ltr'><strong>ratione</strong></span> <span class='ocrx_word' id='word_1_734' title='bbox 1468 2110 1536 2137; x_wconf 90' lang='lat' dir='ltr'><strong>nihil</strong></span> <span class='ocrx_word' id='word_1_735' title='bbox 1555 2109 1700 2144; x_wconf 88' lang='lat' dir='ltr'><strong>quidquam</strong></span> <span class='ocrx_word' id='word_1_736' title='bbox 1719 2109 1752 2134; x_wconf 87' lang='lat' dir='ltr'><strong>ah</strong></span> 
     </span>
    </p>
   </div>
   <div class='ocr_carea' id='block_1_98' title="bbox 929 2155 1752 2203">
    <p class='ocr_par' dir='ltr' id='par_1_98' title="bbox 929 2155 1752 2203">
     <span class='ocr_line' id='line_1_98' title="bbox 929 2155 1752 2203; baseline -0.005 -20"><span class='ocrx_word' id='word_1_737' title='bbox 929 2176 952 2203; x_wconf 68' lang='grc' dir='ltr'><strong>Β</strong></span> <span class='ocrx_word' id='word_1_738' title='bbox 967 2155 1000 2183; x_wconf 89' lang='lat' dir='ltr'><strong>iis</strong></span> <span class='ocrx_word' id='word_1_739' title='bbox 1014 2155 1236 2188; x_wconf 85' lang='lat' dir='ltr'><strong>dissentiremus,</strong></span> <span class='ocrx_word' id='word_1_740' title='bbox 1254 2157 1301 2191; x_wconf 89' lang='lat' dir='ltr'><strong>qui</strong></span> <span class='ocrx_word' id='word_1_741' title='bbox 1322 2156 1429 2191; x_wconf 80' lang='lat' dir='ltr'><strong>opiﬁcis</strong></span> <span class='ocrx_word' id='word_1_742' title='bbox 1441 2161 1467 2183; x_wconf 87' lang='lat' dir='ltr'><strong>et</strong></span> <span class='ocrx_word' id='word_1_743' title='bbox 1485 2155 1666 2190; x_wconf 83' lang='lat' dir='ltr'><strong>procreatoris</strong></span> <span class='ocrx_word' id='word_1_744' title='bbox 1695 2155 1752 2180; x_wconf 74' lang='lat' dir='ltr'><strong>loco</strong></span> 
     </span>
    </p>
   </div>
   <div class='ocr_carea' id='block_1_99' title="bbox 965 2200 1750 2236">
    <p class='ocr_par' dir='ltr' id='par_1_99' title="bbox 965 2200 1750 2236">
     <span class='ocr_line' id='line_1_99' title="bbox 965 2200 1750 2236; baseline -0.004 -7"><span class='ocrx_word' id='word_1_745' title='bbox 965 2206 1115 2229; x_wconf 85' lang='lat' dir='ltr'><strong>creaturam</strong></span> <span class='ocrx_word' id='word_1_746' title='bbox 1132 2202 1343 2233; x_wconf 62' lang='lat' dir='ltr'><strong>adoraverunm</strong></span> <span class='ocrx_word' id='word_1_747' title='bbox 1357 2202 1562 2236; x_wconf 80' lang='lat' dir='ltr'><strong>veritatemque,</strong></span> <span class='ocrx_word' id='word_1_748' title='bbox 1577 2206 1606 2227; x_wconf 93' lang='lat' dir='ltr'><strong>ut</strong></span> <span class='ocrx_word' id='word_1_749' title='bbox 1621 2200 1750 2234; x_wconf 89' lang='lat' dir='ltr'><strong>scriptum</strong></span> 
     </span>
    </p>
   </div>
   <div class='ocr_carea' id='block_1_100' title="bbox 966 2247 1753 2281">
    <p class='ocr_par' dir='ltr' id='par_1_100' title="bbox 966 2247 1753 2281">
     <span class='ocr_line' id='line_1_100' title="bbox 966 2247 1753 2281; baseline -0.004 -7"><span class='ocrx_word' id='word_1_750' title='bbox 966 2252 1008 2275; x_wconf 85' lang='lat' dir='ltr'><strong>est</strong></span> <span class='ocrx_word' id='word_1_751' title='bbox 1023 2247 1046 2263; x_wconf 83' lang='lat'><strong>&quot;</strong></span> <span class='ocrx_word' id='word_1_752' title='bbox 1061 2247 1088 2275; x_wconf 91' lang='lat' dir='ltr'><strong>in</strong></span> <span class='ocrx_word' id='word_1_753' title='bbox 1101 2248 1271 2275; x_wconf 88' lang='lat' dir='ltr'><strong>mendacium</strong></span> <span class='ocrx_word' id='word_1_754' title='bbox 1285 2251 1504 2275; x_wconf 67' lang='lat' dir='ltr'><strong>converterunt.)</strong></span> <span class='ocrx_word' id='word_1_755' title='bbox 1522 2247 1551 2274; x_wconf 89' lang='lat' dir='ltr'><strong>Si</strong></span> <span class='ocrx_word' id='word_1_756' title='bbox 1564 2247 1671 2274; x_wconf 86' lang='lat' dir='ltr'><strong>illorum</strong></span> <span class='ocrx_word' id='word_1_757' title='bbox 1687 2253 1753 2281; x_wconf 77' lang='lat' dir='ltr'><strong>ergo</strong></span> 
     </span>
    </p>
   </div>
   <div class='ocr_carea' id='block_1_101' title="bbox 963 2292 1752 2326">
    <p class='ocr_par' dir='ltr' id='par_1_101' title="bbox 963 2292 1752 2326">
     <span class='ocr_line' id='line_1_101' title="bbox 963 2292 1752 2326; baseline -0.004 -6"><span class='ocrx_word' id='word_1_758' title='bbox 963 2293 1105 2321; x_wconf 82' lang='lat' dir='ltr'><strong>sententiae</strong></span> <span class='ocrx_word' id='word_1_759' title='bbox 1115 2294 1323 2326; x_wconf 86' lang='lat' dir='ltr'><strong>accesserimus,</strong></span> <span class='ocrx_word' id='word_1_760' title='bbox 1333 2294 1443 2321; x_wconf 90' lang='lat' dir='ltr'><strong>omnino</strong></span> <span class='ocrx_word' id='word_1_761' title='bbox 1452 2300 1503 2320; x_wconf 85' lang='lat' dir='ltr'><strong>una</strong></span> <span class='ocrx_word' id='word_1_762' title='bbox 1515 2300 1576 2320; x_wconf 89' lang='lat' dir='ltr'><strong>cutn</strong></span> <span class='ocrx_word' id='word_1_763' title='bbox 1589 2292 1642 2319; x_wconf 92' lang='lat' dir='ltr'><strong>illis</strong></span> <span class='ocrx_word' id='word_1_764' title='bbox 1652 2297 1679 2319; x_wconf 87' lang='lat' dir='ltr'><strong>et</strong></span> <span class='ocrx_word' id='word_1_765' title='bbox 1687 2292 1752 2318; x_wconf 88' lang='lat' dir='ltr'><strong>illud</strong></span> 
     </span>
    </p>
   </div>
   <div class='ocr_carea' id='block_1_102' title="bbox 962 2339 1752 2374">
    <p class='ocr_par' dir='ltr' id='par_1_102' title="bbox 962 2339 1752 2374">
     <span class='ocr_line' id='line_1_102' title="bbox 962 2339 1752 2374; baseline -0.004 -8"><span class='ocrx_word' id='word_1_766' title='bbox 962 2339 1085 2374; x_wconf 81' lang='lat' dir='ltr'><strong>Apostoli</strong></span> <span class='ocrx_word' id='word_1_767' title='bbox 1108 2347 1218 2374; x_wconf 87' lang='lat' dir='ltr'><strong>quoque</strong></span> <span class='ocrx_word' id='word_1_768' title='bbox 1252 2339 1393 2366; x_wconf 87' lang='lat' dir='ltr'><strong>audiemus</strong></span> <span class='ocrx_word' id='word_1_769' title='bbox 1415 2348 1422 2366; x_wconf 94' lang='lat'>:</span> <span class='ocrx_word' id='word_1_770' title='bbox 1447 2347 1458 2364; x_wconf 73' lang='grc' dir='ltr'><strong>ι</strong></span> <span class='ocrx_word' id='word_1_771' title='bbox 1489 2339 1614 2366; x_wconf 85' lang='lat' dir='ltr'><strong>Dicentes</strong></span> <span class='ocrx_word' id='word_1_772' title='bbox 1635 2345 1664 2365; x_wconf 84' lang='lat' dir='ltr'><strong>se</strong></span> <span class='ocrx_word' id='word_1_773' title='bbox 1692 2345 1752 2364; x_wconf 76' lang='lat' dir='ltr'><strong>esse</strong></span> 
     </span>
    </p>
   </div>
   <div class='ocr_carea' id='block_1_103' title="bbox 963 2385 1752 2420">
    <p class='ocr_par' dir='ltr' id='par_1_103' title="bbox 963 2385 1752 2420">
     <span class='ocr_line' id='line_1_103' title="bbox 963 2385 1752 2420; baseline -0.003 -8"><span class='ocrx_word' id='word_1_774' title='bbox 963 2385 1110 2420; x_wconf 86' lang='lat' dir='ltr'><strong>sapientes,</strong></span> <span class='ocrx_word' id='word_1_775' title='bbox 1123 2385 1179 2420; x_wconf 72' lang='lat'><strong>28</strong></span> <span class='ocrx_word' id='word_1_776' title='bbox 1191 2385 1266 2413; x_wconf 87' lang='lat' dir='ltr'><strong>stulti</strong></span> <span class='ocrx_word' id='word_1_777' title='bbox 1286 2385 1348 2412; x_wconf 82' lang='lat' dir='ltr'><strong>facti</strong></span> <span class='ocrx_word' id='word_1_778' title='bbox 1365 2389 1443 2417; x_wconf 86' lang='lat' dir='ltr'><strong>sunt;</strong></span> <span class='ocrx_word' id='word_1_779' title='bbox 1459 2389 1486 2412; x_wconf 88' lang='lat' dir='ltr'><strong>et</strong></span> <span class='ocrx_word' id='word_1_780' title='bbox 1499 2389 1671 2412; x_wconf 85' lang='lat' dir='ltr'><strong>mutaverunt</strong></span> <span class='ocrx_word' id='word_1_781' title='bbox 1697 2385 1752 2418; x_wconf 76' lang='lat' dir='ltr'><strong>glo-</strong></span> 
     </span>
    </p>
   </div>
   <div class='ocr_carea' id='block_1_104' title="bbox 965 2430 1752 2465">
    <p class='ocr_par' dir='ltr' id='par_1_104' title="bbox 965 2430 1752 2465">
     <span class='ocr_line' id='line_1_104' title="bbox 965 2430 1752 2465; baseline -0.004 -7"><span class='ocrx_word' id='word_1_782' title='bbox 965 2431 1034 2458; x_wconf 86' lang='lat' dir='ltr'><strong>riam</strong></span> <span class='ocrx_word' id='word_1_783' title='bbox 1057 2430 1271 2465; x_wconf 89' lang='lat' dir='ltr'><strong>incorruptibilis</strong></span> <span class='ocrx_word' id='word_1_784' title='bbox 1290 2431 1337 2459; x_wconf 89' lang='lat' dir='ltr'><strong>Dei</strong></span> <span class='ocrx_word' id='word_1_785' title='bbox 1354 2431 1379 2458; x_wconf 91' lang='lat' dir='ltr'><strong>in</strong></span> <span class='ocrx_word' id='word_1_786' title='bbox 1404 2430 1609 2458; x_wconf 87' lang='lat' dir='ltr'><strong>similitudinem</strong></span> <span class='ocrx_word' id='word_1_787' title='bbox 1629 2431 1752 2465; x_wconf 81' lang='lat' dir='ltr'><strong>imaginis</strong></span> 
     </span>
    </p>
   </div>
   <div class='ocr_carea' id='block_1_105' title="bbox 964 2477 1752 2512">
    <p class='ocr_par' dir='ltr' id='par_1_105' title="bbox 964 2477 1752 2512">
     <span class='ocr_line' id='line_1_105' title="bbox 964 2477 1752 2512; baseline -0.004 -7"><span class='ocrx_word' id='word_1_788' title='bbox 964 2477 1147 2512; x_wconf 86' lang='lat' dir='ltr'><strong>corruptibilis</strong></span> <span class='ocrx_word' id='word_1_789' title='bbox 1161 2477 1287 2509; x_wconf 86' lang='lat' dir='ltr'><strong>hominis,</strong></span> <span class='ocrx_word' id='word_1_790' title='bbox 1297 2483 1324 2505; x_wconf 88' lang='lat' dir='ltr'><strong>et</strong></span> <span class='ocrx_word' id='word_1_791' title='bbox 1336 2477 1485 2508; x_wconf 83' lang='lat' dir='ltr'><strong>volucrum,</strong></span> <span class='ocrx_word' id='word_1_792' title='bbox 1495 2482 1523 2504; x_wconf 92' lang='lat' dir='ltr'><strong>et</strong></span> <span class='ocrx_word' id='word_1_793' title='bbox 1535 2478 1752 2510; x_wconf 79' lang='lat' dir='ltr'><strong>quadrupedum,</strong></span> 
     </span>
    </p>
   </div>
   <div class='ocr_carea' id='block_1_106' title="bbox 964 2521 1753 2557">
    <p class='ocr_par' dir='ltr' id='par_1_106' title="bbox 964 2521 1753 2557">
     <span class='ocr_line' id='line_1_106' title="bbox 964 2521 1753 2557; baseline -0.004 -7"><span class='ocrx_word' id='word_1_794' title='bbox 964 2527 992 2550; x_wconf 88' lang='lat' dir='ltr'><strong>et</strong></span> <span class='ocrx_word' id='word_1_795' title='bbox 1007 2527 1162 2557; x_wconf 89' lang='lat' dir='ltr'><strong>serpentum</strong></span> <span class='ocrx_word' id='word_1_796' title='bbox 1177 2523 1212 2551; x_wconf 76' lang='grc'><strong>⁸⁷,</strong></span> <span class='ocrx_word' id='word_1_797' title='bbox 1228 2531 1239 2549; x_wconf 75' lang='grc' dir='ltr'><strong>ι</strong></span> <span class='ocrx_word' id='word_1_798' title='bbox 1253 2523 1342 2556; x_wconf 82' lang='lat' dir='ltr'><strong>Quid?</strong></span> <span class='ocrx_word' id='word_1_799' title='bbox 1361 2529 1452 2549; x_wconf 87' lang='lat' dir='ltr'><strong>nonne</strong></span> <span class='ocrx_word' id='word_1_800' title='bbox 1465 2527 1492 2550; x_wconf 82' lang='lat' dir='ltr'><strong>et</strong></span> <span class='ocrx_word' id='word_1_801' title='bbox 1505 2530 1554 2549; x_wconf 86' lang='lat' dir='ltr'><strong>nos</strong></span> <span class='ocrx_word' id='word_1_802' title='bbox 1579 2521 1628 2557; x_wconf 85' lang='lat' dir='ltr'><strong>ipsi</strong></span> <span class='ocrx_word' id='word_1_803' title='bbox 1646 2529 1753 2556; x_wconf 81' lang='lat' dir='ltr'><strong>quoque</strong></span> 
     </span>
    </p>
   </div>
   <div class='ocr_carea' id='block_1_107' title="bbox 965 2567 1754 2604">
    <p class='ocr_par' dir='ltr' id='par_1_107' title="bbox 965 2567 1754 2604">
     <span class='ocr_line' id='line_1_107' title="bbox 965 2567 1754 2604; baseline -0.004 -8"><span class='ocrx_word' id='word_1_804' title='bbox 965 2569 1009 2602; x_wconf 90' lang='lat' dir='ltr'><strong>iis,</strong></span> <span class='ocrx_word' id='word_1_805' title='bbox 1024 2576 1140 2604; x_wconf 93' lang='lat' dir='ltr'><strong>quorum</strong></span> <span class='ocrx_word' id='word_1_806' title='bbox 1170 2569 1251 2597; x_wconf 90' lang='lat' dir='ltr'><strong>modo</strong></span> <span class='ocrx_word' id='word_1_807' title='bbox 1276 2568 1462 2601; x_wconf 85' lang='lat' dir='ltr'><strong>meminimus,</strong></span> <span class='ocrx_word' id='word_1_808' title='bbox 1480 2567 1579 2595; x_wconf 81' lang='lat' dir='ltr'><strong>similia</strong></span> <span class='ocrx_word' id='word_1_809' title='bbox 1605 2567 1696 2594; x_wconf 77' lang='lat' dir='ltr'><strong>facere</strong></span> <span class='ocrx_word' id='word_1_810' title='bbox 1727 2570 1754 2594; x_wconf 87' lang='lat' dir='ltr'><strong>et</strong></span> 
     </span>
    </p>
   </div>
   <div class='ocr_carea' id='block_1_108' title="bbox 966 2613 1755 2650">
    <p class='ocr_par' dir='ltr' id='par_1_108' title="bbox 966 2613 1755 2650">
     <span class='ocr_line' id='line_1_108' title="bbox 966 2613 1755 2650; baseline -0.005 -8"><span class='ocrx_word' id='word_1_811' title='bbox 966 2615 1067 2642; x_wconf 88' lang='lat' dir='ltr'><strong>sentire</strong></span> <span class='ocrx_word' id='word_1_812' title='bbox 1082 2615 1264 2648; x_wconf 85' lang='lat' dir='ltr'><strong>censebimur,</strong></span> <span class='ocrx_word' id='word_1_813' title='bbox 1279 2615 1364 2650; x_wconf 88' lang='lat' dir='ltr'><strong>utqui</strong></span> <span class='ocrx_word' id='word_1_814' title='bbox 1382 2614 1429 2641; x_wconf 92' lang='lat' dir='ltr'><strong>Dei</strong></span> <span class='ocrx_word' id='word_1_815' title='bbox 1453 2614 1566 2649; x_wconf 75' lang='lat' dir='ltr'><strong>gloriam</strong></span> <span class='ocrx_word' id='word_1_816' title='bbox 1594 2613 1621 2640; x_wconf 91' lang='lat' dir='ltr'><strong>in</strong></span> <span class='ocrx_word' id='word_1_817' title='bbox 1643 2613 1755 2640; x_wconf 83' lang='lat' dir='ltr'><strong>menda-</strong></span> 
     </span>
    </p>
   </div>
   <div class='ocr_carea' id='block_1_109' title="bbox 967 2659 1753 2697">
    <p class='ocr_par' dir='ltr' id='par_1_109' title="bbox 967 2659 1753 2697">
     <span class='ocr_line' id='line_1_109' title="bbox 967 2659 1753 2697; baseline -0.004 -9"><span class='ocrx_word' id='word_1_818' title='bbox 967 2661 1038 2688; x_wconf 90' lang='lat' dir='ltr'><strong>cium</strong></span> <span class='ocrx_word' id='word_1_819' title='bbox 1052 2666 1079 2689; x_wconf 88' lang='lat' dir='ltr'><strong>et</strong></span> <span class='ocrx_word' id='word_1_820' title='bbox 1089 2662 1294 2691; x_wconf 83' lang='lat' dir='ltr'><strong>similitudinem</strong></span> <span class='ocrx_word' id='word_1_821' title='bbox 1315 2661 1442 2697; x_wconf 68' lang='lat' dir='ltr'><strong>imaginis</strong></span> <span class='ocrx_word' id='word_1_822' title='bbox 1457 2659 1641 2696; x_wconf 85' lang='lat' dir='ltr'><strong>corruptibilis</strong></span> <span class='ocrx_word' id='word_1_823' title='bbox 1666 2660 1753 2687; x_wconf 87' lang='lat' dir='ltr'><strong>homi-</strong></span> 
     </span>
    </p>
   </div>
   <div class='ocr_carea' id='block_1_110' title="bbox 683 2806 1234 2844">
    <p class='ocr_par' dir='ltr' id='par_1_110' title="bbox 683 2806 1234 2844">
     <span class='ocr_line' id='line_1_110' title="bbox 683 2806 1234 2844; baseline 0.004 -10"><span class='ocrx_word' id='word_1_824' title='bbox 683 2806 769 2835; x_wconf 70' lang='lat' dir='ltr'><strong>Varitc</strong></span> <span class='ocrx_word' id='word_1_825' title='bbox 788 2807 917 2836; x_wconf 81' lang='lat' dir='ltr'><strong>lccliottcs</strong></span> <span class='ocrx_word' id='word_1_826' title='bbox 932 2808 1033 2837; x_wconf 87' lang='lat' dir='ltr'><strong>codicis</strong></span> <span class='ocrx_word' id='word_1_827' title='bbox 1053 2807 1234 2844; x_wconf 72' lang='lat' dir='ltr'><strong>Seguieriani.</strong></span> 
     </span>
    </p>
   </div>
   <div class='ocr_carea' id='block_1_111' title="bbox 173 2877 381 2912">
    <p class='ocr_par' dir='ltr' id='par_1_111' title="bbox 173 2877 381 2912">
     <span class='ocr_line' id='line_1_111' title="bbox 173 2877 381 2912; baseline 0 -9"><span class='ocrx_word' id='word_1_828' title='bbox 173 2878 185 2897; x_wconf 76' lang='grc' dir='ltr'><strong>ιι</strong></span> <span class='ocrx_word' id='word_1_829' title='bbox 201 2877 381 2912; x_wconf 74' lang='grc' dir='ltr'><strong>οἰκονομικήν.</strong></span> 
     </span>
    </p>
   </div>
  </div>
