1883 3056
152 149 223 179 H79

648 145 677 172 S.
698 143 836 171 CYRlLLI
856 141 1088 169 ALEXANDIKINI
1109 141 1266 169 ARCIIIEP.

1715 138 1792 165 “80

152 207 196 235 nis
234 203 473 235 demutaverimus,
505 203 528 230 si
566 202 767 229 Emtnatntelcut
807 207 934 236 tanquatn

1043 200 1109 227 ﬂow
1123 199 1150 235 πή
1175 199 1279 235 πληθὺς
1302 201 1357 230 τοῖς
1379 200 1418 231 εἰς
1443 198 1522 226 τοῦτο
1551 197 1655 233 μανίας
1684 197 1791 231 ἥκουσι

153 252 266 285 nudum,
281 254 434 284 nostraque
445 247 608 276 conditionis
619 247 756 275 hominem
770 245 937 274 adorationis

151 297 224 323 cttltu
251 294 464 330 prosequemur?
482 292 576 320 Nonne
603 292 721 320 caelestis
754 298 860 331 quoque
893 290 938 317 ille

152 342 309 376 angelomm
337 345 423 367 cattus
454 340 480 367 in
510 343 611 367 tantam
640 331 773 365 insaniant
806 335 939 372 prolapsis

153 386 394 413 annumerabitur?
408 385 477 419 Quin
509 389 536 412 et
564 392 672 419 gregem
698 383 879 415 ethnicorum,
894 389 939 408 ar-

153 434 249 464 itiil‘Ol‘.
266 440 317 460 non
339 432 392 459 erit
409 441 457 459 cur
470 432 697 464 condemnemus;
719 437 767 458 nec
782 429 861 456 facile
885 429 938 456 elui

153 479 253 513 poterit
273 482 393 505 veterum
415 478 555 512 culparum
571 485 651 504 noxa.
670 477 750 503 Errat
773 483 890 511 namque
912 480 940 504 et

155 533 225 551 nunc
241 532 348 559 quoque
364 524 474 558 perinde
493 531 525 551 ac
539 523 613 556 olim,
630 527 657 550 et
673 523 796 550 semitam
821 530 886 557 quas
906 522 939 549 ad

154 570 298 597 veritatem
326 570 410 602 ducit,
442 569 574 602 ignorat:
595 575 682 602 neque
711 569 804 595 beatus
838 567 941 595 Paulus

154 615 222 643 satis
254 619 406 650 opportune
437 614 548 641 Galatas
573 613 703 647 increpat.
733 613 778 640 Ait
802 621 938 648 namque:

156 670 167 686 ‹
187 660 262 687 Tunc
288 660 444 695 ignorantes
461 659 555 691 Deum,
572 659 604 686 iis
624 659 669 694 qui
685 663 781 686 natura
800 667 852 686 non
879 663 942 686 sunt

153 706 204 737 dii,
220 705 389 732 serviebatis.
418 704 493 732 Nunc
518 709 608 731 autent
623 712 683 731 cum
699 704 781 732 Deuttt
804 711 937 739 cognove-

156 751 227 783 ritis,
245 751 299 777 imo
316 750 414 784 cogniti
444 750 504 778 sitis
521 758 535 776 a
552 750 618 781 Deo,
639 751 773 785 quomodo
805 750 935 777 converti-

157 796 222 823 tttiui
242 796 337 822 iterttttt
352 796 385 822 ad
403 795 508 822 inlirtna
524 800 605 829 atque
622 803 706 830 egena
722 796 867 828 elementa,
882 796 942 830 qui-

157 843 207 869 bus
224 843 311 869 dentto
336 842 437 875 servire
455 841 535 869 vultis
550 841 598 868 ἐἳ
621 851 630 867 t
649 841 715 868 Nam
732 841 781 868 nisi
806 841 940 875 Christus,

991 245 1196 277 συντετάξεται;
1217 244 1385 280 Ἀνεξίτητον
1400 245 1438 277 δὲ,
1450 243 1527 280 οἷμαε
1541 253 1605 276 που,
1618 243 1671 278 τὴν
1683 242 1734 269 ἐπὶ
1749 242 1792 276 τῷ

990 290 1179 326 πεπλανῆσθαι
1192 290 1300 325 γραφὴν
1327 291 1374 316 καὶ
1386 292 1417 325 τῇ
1433 290 1487 316 τῶν
1500 289 1585 316 ἐθνῶν
1600 289 1689 324 ἀγέλῃ
1703 296 1790 322 περι-

991 337 1123 372 θήσομεν·
1142 338 1188 371 καὶ
1204 338 1402 364 δυσαπὸνιπτον
1415 338 1470 373 ἔχει
1485 337 1538 364 τῶν
1553 337 1681 373 ἀρχαίων
1693 337 1789 363 αἰτια-

992 383 1084 418 μάτων
1111 384 1140 410 τὸ
1164 383 1271 418 βλὰὃος.
1297 384 1434 410 mnam
1453 383 1517 419 γὰρ,
1538 381 1637 417 οἶμαι,
1663 382 1712 408 καὶ
1737 381 1790 408 νῦν

991 429 1067 455 οὐδὲν
1081 426 1172 464 ἦττον,
1187 430 1203 465 ἢ
1219 431 1311 463 πάλαι,
1324 430 1371 457 καὶ
1385 430 1433 465 τὴν
1446 431 1486 462 εἰς
1496 430 1561 456 εὐθὺ
1573 429 1790 463 διαστείχουσαν

991 475 1109 509 ἠγνόηκε
1125 475 1226 509 τρίϐον.
1241 476 1297 502 Καὶ
1309 475 1444 511 περιττὸς,
1457 475 1494 507 ὡς
1506 475 1605 508 ἔοικεν,
1617 476 1632 502 ὁ
1645 474 1791 509 μακάριῦς

993 521 1108 553 Παῦλος,
1129 522 1298 557 προσφωνῶν
1320 531 1350 549 τε
1375 523 1466 554 αὺτοῖς
1483 521 1530 548 καὶ
1551 521 1657 555 λέγων·
1679 530 1688 545 ι
1701 519 1789 546 Ἀλλὰ

992 566 1052 592 τότε
1069 567 1118 601 μὲν
1135 566 1185 593 οὐκ
1208 566 1308 598 εἰδότες
1332 567 1409 599 Θεὸν,
1423 566 1598 593 ἐδουλεύσατε
1622 566 1681 596 τοῖς
1701 564 1790 599 φύσει

994 612 1031 647 μὴ
1044 610 1103 638 οὖσι
1126 612 1206 643 θεοῖς.
1221 612 1277 639 Νῦν
1292 612 1320 639 δὲ
1334 612 1441 647 γνόντες
1454 613 1529 644 Θεὸν,
1550 612 1650 648 μᾶλλον
1665 612 1694 639 δὲ
1711 620 1790 646 γνω-

994 659 1102 690 σθέντες
1125 658 1177 685 ὑπὸ
1200 654 1279 690 Θεῶ,
1299 659 1357 695 πῶς
1376 659 1554 693 ἐπιστρέφετε
1573 659 1654 685 πάλιν
1679 658 1727 685 ἐπὶ
1751 657 1790 683 τὰ

993 704 1092 739 ἀσθενῆ
1116 704 1162 730 καὶ
1178 704 1274 740 πτωχὰ
1298 706 1426 740 στοιχεῖα,
1449 703 1489 736 οἷς
1502 705 1583 732 πάλιν
1596 704 1702 731 ἄνωθεν
1719 703 1789 730 δου-

992 745 1080 776 λεῦειν
1104 750 1212 782 βέλετες
1229 760 1238 776 ο
1267 750 1346 777 Ποῖον
1361 751 1414 786 γὰρ
1430 750 1470 777 ἔτι
1485 750 1551 777 Θεὸν
1573 749 1740 784 ἐγνώκασιν,
1759 748 1786 774 εί

996 797 1033 831 μὴ
1058 795 1137 830 φύσει
1160 796 1226 828 Θεὸς
1249 797 1263 822 ὁ
1286 797 1412 832 Χριστὸς,
1429 797 1469 828 εἰς
1492 797 1521 824 ὃν
1546 796 1788 827 πεπιστεύκασιν;

994 841 1050 868 Καὶ
1075 842 1099 867 εἰ
1125 841 1337 877 λελατρεύκασιν
1361 841 1506 877 ἀνθρώπῳ.
1519 842 1575 873 τοῖς
1599 842 1649 877 τῆς
1663 840 1789 876 ἀρχαίας

157 888 185 914 in
197 895 276 924 quem
296 888 480 922 crediderunt,
491 892 585 923 suapte
604 892 698 920 natura
713 887 784 915 Deus
804 892 855 920 est,
872 895 939 922 qua-

1040 888 1101 922 itv'q;
1127 888 1263 922 ἐνέχονται
1289 888 1446 924 βρόχοιςῖῐί
1463 889 1512 915 οὐκ
1526 887 1625 923 ἀληθὲς
1651 888 1665 914 ὃ
1690 896 1787 922 φημις

157 932 221 965 lem,
249 939 351 966 quaeso,
382 931 466 959 Deum
498 932 702 967 cognoverunt?
725 932 759 959 Et
790 933 812 960 si
841 932 942 960 homini

157 978 321 1010 seri-ierunt,
348 986 401 1005 non
422 976 525 1012 antiqui
553 978 655 1005 erroris
672 977 777 1012 laqueis
796 977 943 1004 etiamnum

158 1024 256 1050 irretiti
272 1024 418 1050 tenentur?
434 1023 473 1050 Att
490 1030 540 1058 ego
559 1030 612 1050 non
638 1030 730 1050 verum
758 1023 836 1049 dico?
851 1023 944 1057 utique

160 1070 231 1097 dico.
259 1069 355 1096 Cernis
394 1070 488 1104 igitur,
518 1069 751 1096 Cltristiauissiute
787 1069 943 1104 imperator,

157 1115 294 1150 quomodo
307 1115 469 1142 necessariis
494 1115 648 1142 nationibus
676 1114 795 1146 adducti,
814 1114 858 1141 Dei
879 1114 945 1141 Ver-

158 1162 234 1194 bttttt,
248 1161 340 1189 estoin
355 1161 439 1188 forma
454 1166 547 1196 nostra
568 1161 736 1199 apparuerit,
748 1165 877 1196 tanquam
900 1169 945 1187 ve—

159 1215 219 1234 rum
234 1213 329 1234 natura
343 1208 425 1234 Deutu
441 1207 588 1242 prudenter
611 1206 726 1233 adorare
747 1206 803 1233 l'ere
826 1207 945 1240 compel-

158 1251 246 1278 lumur
257 1261 263 1278 :
275 1253 372 1286 quippe
386 1259 446 1288 cum
458 1252 571 1278 duarum
583 1256 742 1289 naturarum
765 1252 791 1278 itt
812 1252 943 1278 unitatent

157 1304 308 1330 concursus
324 1297 402 1323 facile
414 1296 511 1334 possit,
529 1295 550 1323 si
566 1304 619 1331 qua
630 1303 677 1323 nos
688 1297 778 1324 turbat
788 1297 945 1331 aliquando,

159 1343 340 1377 suspicionem
359 1342 452 1369 tollere
478 1343 510 1369 de
531 1341 587 1369 sola
613 1342 790 1369 humanitate.
803 1342 946 1369 Enimvero

158 1387 241 1415 Verbi
265 1393 359 1414 natttra
386 1387 531 1414 ltumanattt
557 1391 682 1414 naturam
704 1388 866 1422 suscipiens,
893 1395 945 1414 non

159 1439 202 1461 est
224 1435 293 1461 nuda
315 1434 467 1461 humanitas
482 1443 489 1461 :
504 1434 557 1461 into
583 1441 648 1469 vero
681 1433 790 1469 propria
818 1434 902 1469 gloria
919 1439 947 1461 et

159 1480 302 1514 majestate
336 1484 503 1514 assumptaut
530 1484 654 1507 naturam
680 1482 825 1512 excedens,
852 1480 947 1507 incon-

159 1531 292 1557 cussaqtte
319 1531 350 1550 ac
375 1523 485 1551 immota
521 1524 677 1559 persistens,
706 1525 804 1552 nullam
835 1532 947 1560 prorsus

1001 934 1111 969 Ἀληοὲς
1125 934 1174 969 μὲν
1184 932 1341 969 οὗν.’Λθρει
1351 935 1382 969 δὴ
1393 932 1449 967 οὖν,
1460 931 1482 960 ὦ
1494 934 1649 969 φιλόχριστε
1658 933 1787 968 βασιλεῦ,

994 980 1067 1011 ὅπως
1081 980 1108 1012 ἐξ
1123 980 1280 1013 ἀναγκαίων
1294 980 1353 1015 ἡδην
1362 980 1549 1014 συλλογισμῶν
1561 979 1704 1014 μονονουχὶ
1722 987 1789 1006 συν-

994 1025 1137 1061 ωθούμεθα
1161 1026 1228 1061 πρός
1254 1034 1286 1060 γε
1309 1026 1340 1052 τὸ
1363 1026 1418 1053 δεῖν
1441 1026 1596 1061 ἐμφρόνως,
1610 1025 1648 1057 ὡς
1664 1024 1727 1059 Θεῷ
1747 1024 1789 1058 τῷ

994 1071 1065 1098 κατὰ
1089 1072 1180 1106 φύσιν,
1193 1073 1355 1107 προσκυνεῖν
1372 1071 1410 1106 τῷ
1427 1072 1458 1098 ὲκ
1481 1071 1547 1098 Θεοῦ
1568 1071 1678 1106 [ἰατρὸς
1704 1070 1787 1105 φύντι

994 1119 1084 1154 Λόγῳ,
1099 1119 1146 1145 καὶ
1160 1118 1189 1144 ἐν
1205 1118 1244 1153 τῷ
1263 1118 1322 1145 καθ’
1336 1119 1411 1153 ἡμᾶς
1433 1118 1564 1153 πεφηνότι
1580 1118 1717 1152 σχήματι·
1734 1117 1788 1150 τῆς

994 1164 1096 1198 ἀμφοῖν
1107 1164 1146 1194 εἰς
1159 1163 1273 1197 ἑνότητα
1285 1162 1437 1198 συνδρομῆς
1449 1163 1499 1189 οὐκ
1521 1162 1656 1193 ἀνικὰνως
1667 1161 1789 1196 ἐχούσης

995 1208 1063 1244 πρδς
1084 1209 1114 1235 τδ
1136 1209 1267 1242 ἀφανίσαι
1289 1208 1370 1243 τυχὸν
1386 1207 1417 1234 τὸ
1432 1208 1478 1235 καὶ
1493 1207 1548 1234 ἐσθ’
1563 1208 1607 1234 ὅτε
1626 1207 1731 1233 λυποῦν
1746 1207 1788 1237 εἰς

997 1255 1080 1289 μόνης
1101 1255 1175 1290 ἡμᾶς
1197 1254 1406 1289 ἀνθρωπότητος
1431 1253 1566 1288 ὑποψίαν·
1591 1252 1788 1288 προσλαδοῦτα

995 1300 1050 1335 γὰρ
1063 1303 1079 1335 ὴ
1096 1300 1143 1326 τοῦ
1165 1300 1251 1334 Λόγου
1268 1300 1349 1335 φύσις
1365 1300 1395 1326 τὸ
1410 1300 1588 1335 ἀνθρώπινον,
1607 1300 1659 1325 οὐκ
1678 1298 1788 1333 ἀνθρω-

996 1345 1082 1380 πότης
1098 1345 1174 1371 ἔσται
1189 1345 1272 1380 ψιλή’
1294 1345 1395 1371 νικῶσα
1421 1345 1448 1371 δὲ
1475 1345 1574 1377 μᾶλλον
1596 1344 1651 1379 ἰδίᾳ
1671 1344 1737 1380 δόξῃ
1756 1343 1789 1370 τὸ

997 1391 1180 1426 προσληφθὲν.
1198 1391 1227 1417 ὲν
1240 1391 1379 1426 ἀκλονήτῳ
1396 1390 1512 1422 σώζεται
1524 1391 1639 1426 διαμονῇ
1659 1391 1710 1425 τῆς
1726 1390 1787 1416 Θεο-

996 1436 1119 1474 πρεποῦς
1136 1436 1284 1472 ὑπεροχῆς.
1299 1436 1392 1463 Ταῦτα
1416 1436 1578 1471 φρονοῦντες
1602 1437 1626 1462 οἱ
1653 1436 1787 1471 μαθηταὶ,

997 1481 1181 1516 προσεκύνουν
1202 1481 1343 1515 λέγοντες·
1372 1481 1511 1516 «Ἀληθῶς
1532 1481 1600 1508 Θεοῦ
1622 1481 1686 1513 Υἱὸς
1714 1479 1758 1506 εἷ·
1776 1489 1786 1506 ι

998 1526 1088 1557 καίτοι
1114 1526 1199 1563 βάδην
1221 1527 1293 1552 ἰόντα
1316 1526 1471 1561 βλέποντες,
1490 1527 1538 1553 καὶ
1562 1527 1592 1552 ὲν
1616 1526 1701 1562 σαρκὶ
1721 1525 1790 1552 καθ’

161 1570 258 1597 divina:
272 1569 519 1597 illiusexcelleutize
541 1578 621 1605 passa
643 1575 686 1598 est
703 1570 849 1604 jacturant.
865 1571 940 1605 Cujus

1041 1572 1072 1603 ἃς
1082 1579 1089 1586 ·
1111 1571 1154 1597 ἐπ’
1171 1571 1257 1606 ἄκρου
1272 1571 1325 1607 γὰρ
1346 1571 1378 1607 δὴ
1393 1571 1477 1598 διέθει
1491 1571 1615 1607 κύματος
1627 1570 1790 1606 παραδόξως

159 1615 268 1648 quidem
294 1615 330 1641 rei
347 1613 447 1641 Christi
466 1614 589 1648 discipuli
608 1623 661 1642 tton
679 1615 777 1650 ignari,
791 1615 941 1642 adorabunt

995 1617 1032 1647 dt;
1045 1615 1121 1647 Θεὸς.

160 1668 233 1693 eum,
258 1661 398 1688 dicentes:
418 1670 427 1686 ι
447 1660 514 1688 Vere
548 1660 633 1688 Filius
657 1660 703 1688 Dei
734 1669 763 1688 es
783 1665 809 1688 tu
828 1662 862 1694 ”,
883 1671 892 1688 ι
913 1662 963 1690 etsi
1004 1663 1078 1690 illum
1108 1663 1220 1697 pedibus
1245 1668 1366 1694 euntem.
1391 1667 1538 1698 nostroque
1567 1664 1648 1692 modo
1676 1672 1791 1699 corpore

160 1707 284 1734 indutum
315 1707 474 1739 cernebant,
487 1706 558 1741 quod
573 1706 770 1734 admirabiliter
783 1707 810 1733 in
831 1707 946 1735 summis
965 1707 1092 1735 ﬂuctibus
1104 1708 1271 1740 ambulabat,
1283 1709 1320 1734 ttti
1339 1708 1419 1735 Deus.

196 1753 250 1788 29
258 1751 365 1779 XXX“.
380 1751 432 1779 Sed
444 1751 543 1786 aliquis
555 1751 625 1779 forte
636 1752 722 1784 exiis,
734 1752 779 1786 qui
793 1753 853 1780 huic
866 1757 946 1780 tantas

159 1800 252 1834 gloriae
275 1799 461 1831 adversantur,
491 1797 562 1825 dicet
582 1806 589 1824 :
607 1798 705 1832 Ecquis
731 1798 775 1825 ille
799 1803 869 1830 erat,
900 1797 946 1833 qui

161 1845 267 1873 mulieri
295 1844 472 1871 Samaritanm
496 1843 608 1870 aiebat:
626 1853 635 1869 ‹
656 1842 710 1871 Vos
734 1844 852 1871 adoratis
875 1843 947 1877 qttod

160 1892 291 1920 nescitis:
309 1898 357 1917 nos
384 1894 474 1917 autem
498 1890 644 1917 adoramus
668 1890 739 1923 quod
765 1890 908 1917 scimus‘?
933 1899 944 1916 ι

160 1937 300 1971 Quomodo
318 1943 382 1971 ergo
402 1939 475 1962 recte
490 1935 629 1966 adoratur,
646 1935 691 1969 qui
709 1936 780 1962 ittter
801 1935 946 1963 adorantes

159 1982 304 2010 censetur?
335 1982 375 2008 Ad
400 1982 451 2008 hoc
480 1981 604 2015 equidem
631 1980 829 2014 responderint,
856 1981 944 2014 istud,

159 2029 225 2062 Quis
245 2029 289 2055 ille
303 2033 371 2061 erat,
388 2027 421 2054 de
435 2027 542 2054 Christo
561 2027 657 2054 stolide
672 2027 783 2054 ontuino
798 2031 879 2062 atque
894 2028 945 2054 im-

160 2076 246 2110 perite
263 2074 314 2102 dici
330 2082 337 2101 :
356 2073 430 2101 nullo
443 2073 514 2101 ettim
534 2073 612 2100 modo
629 2070 756 2100 Christus
771 2073 874 2101 divisus
891 2078 942 2102 est.

160 2122 250 2154 Quare
274 2121 318 2155 qui
338 2128 399 2147 cum
417 2119 573 2147 muliercula
594 2119 766 2154 loquebatur,
783 2124 841 2146 erat
864 2128 943 2152 unus,

159 2174 186 2195 et
203 2168 276 2195 solus
303 2167 431 2193 Dominus
456 2165 533 2193 Jesus
559 2166 694 2196 Christus,
716 2174 749 2192 er
776 2165 944 2193 humanitate

1035 1753 1096 1779 AB’.
1120 1753 1193 1788 Ἐρεῖ
1213 1753 1241 1779 δὲ
1262 1753 1326 1784 ἴσως
1341 1754 1355 1779 ὀ
1373 1754 1405 1788 τῇ
1425 1753 1514 1788 τοιᾷδε
1536 1754 1598 1790 δόξῃ
1616 1755 1789 1791 μαχόμενος·

999 1797 1056 1825 Καὶ
1070 1798 1111 1828 τίς
1127 1795 1161 1833 ἦν
1177 1799 1192 1824 ὁ
1206 1798 1295 1832 λέγων
1311 1798 1379 1834 πρὸς
1393 1798 1442 1833 τὴν
1456 1801 1484 1825 ἐν
1496 1800 1639 1836 Σαμαρείᾳ
1655 1804 1787 1835 γυναῖκα*

1002 1851 1011 1868 ι
1041 1843 1136 1877 Ὑμεῖς
1152 1844 1330 1878 προσκυνεῖτε
1353 1843 1366 1870 ὃ
1381 1844 1431 1870 οὐκ
1449 1844 1549 1876 οἴδατε,
1572 1846 1653 1881 ἡμεῖς
1666 1855 1789 1883 προσκυ·

998 1888 1098 1924 νοῠμεν
1111 1888 1125 1914 ὃ
1143 1889 1253 1924 οἴδαμεν
1267 1898 1274 1922 ;
1293 1899 1301 1914 ι
1321 1888 1388 1917 Εἶτα
1402 1890 1460 1929 πῶς
1477 1890 1550 1918 ἔσται
1567 1894 1759 1928 προσκυνητὺς
1773 1894 1787 1921 ὁ

997 1935 1052 1966 τοῖς
1077 1935 1259 1969 προσκυνῠῦσι
1291 1937 1520 1971 συντεταγμένοςς
1548 1938 1619 1971 Ἐγὼ
1647 1938 1678 1965 δὲ
1705 1940 1787 1976 φαίην

997 1980 1041 2012 ἂν,
1059 1981 1099 2007 ὅτι
1127 1981 1168 2014 τὸ,
1183 1981 1232 2012 Τίς
1256 1979 1308 2016 ἦν;
1323 1982 1392 2013 ὅλως
1419 1982 1465 2008 ἐπὶ
1488 1983 1607 2018 Χριστοῦ
1629 1984 1786 2020 λεγόμενον,

997 2027 1136 2063 ἀσύφηλόν
1150 2036 1180 2054 τε
1196 2028 1244 2054 καὶ
1260 2028 1366 2063 ἀμαθές
1377 2037 1384 2043 ·
1403 2029 1566 2064 μεμέρισται
1581 2030 1636 2065 γὰρ
1650 2031 1785 2067 οὐδαμῶς.

1003 2073 1033 2098 '0
1047 2073 1075 2099 δὲ
1093 2072 1132 2107 τῷ
1148 2073 1251 2108 γυναίῳ
1266 2074 1433 2108 προσλαλῶν,
1447 2075 1462 2100 ὁ
1476 2072 1517 2106 εἷς
1525 2083 1555 2101 τε
1574 2075 1620 2102 καὶ
1634 2077 1716 2110 μόνος
1733 2078 1788 2104 Κύ-

1001 2127 1057 2153 ριος
1071 2116 1105 2153 ἦν
1126 2118 1230 2154 Ἰησοῦς
1249 2119 1376 2154 Χριστὸς,
1392 2120 1424 2145 ἐκ
1443 2119 1493 2155 τῆς
1514 2121 1723 2158 προσκυνούσης
1739 2123 1786 2149 ἀν-

999 2163 1183 2200 Θρωπότητος,
1208 2164 1255 2191 καὶ
1267 2166 1298 2191 ἐκ
1318 2165 1368 2200 τῆς
1389 2167 1630 2202 προσκυνουμένης
1649 2167 1785 2204 θεότητος,

159 2213 288 2240 adorante
303 2217 329 2240 et
343 2212 477 2238 adoranda
495 2211 633 2238 divinitate
646 2211 818 2243 constitutus,
833 2211 896 2238 illud
919 2212 940 2238 ir

1049 2209 1117 2236 εἷναί
1137 2219 1165 2236 τε
1192 2211 1239 2237 καὶ
1258 2211 1438 2245 ὀνομάζεσθαι
1453 2212 1519 2243 Θεός
1533 2221 1562 2239 τε
1589 2213 1657 2247 ὁμοῦ
1678 2215 1727 2240 καὶ
1742 2215 1785 2241 ἄψ

159 2266 190 2286 se
217 2259 407 2293 complectens,
437 2257 509 2284 unde
537 2257 606 2284 Detts
631 2256 710 2283 simul
729 2262 757 2284 et
780 2258 860 2284 honto
883 2265 945 2285 vere

159 2305 223 2337 dici,
238 2305 387 2339 haberique
401 2303 484 2338 possit
499 2312 506 2330 :
528 2303 751 2337 quemadmodum
769 2303 896 2330 videlicet
913 2303 946 2330 de

158 2358 191 2377 eo
206 2350 283 2377 aliter
303 2350 392 2377 dicere
412 2349 472 2384 quis
493 2353 600 2382 potest;
617 2353 749 2382 quatenus
773 2349 844 2375 ettittt
875 2349 946 2376 Deus

159 2400 210 2427 est,
228 2396 284 2429 ipse
309 2395 438 2421 Dominus
462 2395 651 2430 glorize'esse
679 2394 856 2428 intelligitur;
879 2402 946 2429 qua-

159 2447 238 2469 tenus
262 2449 325 2468 vero
339 2441 427 2468 factus
452 2446 492 2468 est
511 2441 592 2468 ltomo
605 2440 649 2467 ille
663 2440 708 2474 qtti
735 2439 781 2467 Dei
806 2440 943 2468 consortio

160 2487 369 2521 gloriﬁcabatur,
381 2487 466 2521 gloria
481 2486 627 2520 indigebat,
639 2485 711 2520 iuxta
728 2485 791 2512 illud
806 2494 813 2512 :
830 2495 839 2510 ι
851 2485 941 2517 Pater,

160 2531 277 2559 clariﬁca
302 2531 399 2558 Filium
419 2536 492 2557 tuum
511 2530 533 2558 ³,
558 2539 567 2556 t
594 2529 651 2563 Nat,
669 2530 716 2557 sed
739 2538 808 2557 unus
836 2530 943 2557 interim

160 2577 305 2604 secundum
331 2576 482 2610 Scripturas
494 2581 536 2603 est
553 2575 692 2608 Dominus,
706 2583 758 2602 una
775 2575 850 2608 ﬁdes,
861 2583 943 2602 unum

160 2624 293 2659 baptisma
310 2622 332 2650 ‘.
367 2622 401 2650 Et
426 2621 649 2658 quentadmodum
674 2628 725 2648 una
758 2626 799 2649 est
822 2622 888 2649 ﬁdes
916 2622 942 2648 iu

195 2701 218 2716 "
229 2699 318 2728 Galat.
332 2707 370 2734 tv,
383 2700 411 2733 8,
423 2699 448 2727 9.
487 2700 510 2716 ”
520 2699 614 2727 Matth.
627 2707 680 2733 tttv,
697 2699 742 2727 '55.

782 2699 790 2714 ¹
810 2699 890 2726 Joan.
910 2707 947 2732 tv,
960 2699 1006 2726 22.

999 2254 1116 2290 θρωπος,
1143 2255 1242 2290 ἀληθὲς
1256 2254 1325 2290 ἔχων
1348 2256 1390 2290 ἐφ’
1414 2256 1521 2291 ἑαυτῷ·
1546 2257 1674 2293 καθάπερ
1690 2259 1786 2294 ἀμέλει

999 2301 1066 2336 φαίη
1084 2310 1125 2332 τις
1142 2301 1175 2327 ἂν
1193 2302 1240 2328 καὶ
1260 2301 1360 2336 ἑτέρως
1374 2302 1439 2337 ’πείῦ⁹
1452 2303 1548 2329 αὐτοῦ·
1597 2304 1646 2339 μὲν
1658 2305 1714 2340 γάρ
1730 2306 1785 2332 ἐστι

998 2347 1075 2379 Θεὸς,
1095 2347 1173 2373 νοοῖτ’
1192 2346 1225 2373 ἂν
1238 2347 1370 2383 ὑπάρχων
1383 2347 1463 2380 αὐτὸς
1478 2349 1493 2374 ὁ
1514 2349 1564 2384 τῆς
1575 2349 1653 2385 δόξης
1667 2350 1784 2386 Κύριος·

999 2390 1016 2430 ᾖ
1031 2393 1059 2419 δὲ
1073 2393 1183 2427 γέγονεν
1200 2394 1213 2420 ό
1228 2392 1298 2419 κατὰ
1318 2393 1428 2428 μέθεξιν
1441 2394 1491 2428 τὴν
1505 2395 1580 2429 παρὰ
1591 2395 1660 2422 Θεοῦ
1679 2396 1785 2428 δοξαζό-

998 2447 1077 2473 μενος
1099 2439 1252 2475 ἄνθρωπος,
1272 2439 1356 2465 ἐδεῖτο
1371 2440 1418 2466 καὶ
1434 2439 1524 2475 δόξης,
1537 2441 1624 2475 λέγων
1634 2450 1641 2456 -
1656 2451 1666 2467 ‹
1685 2442 1784 2478 Πάτερ,

997 2483 1106 2516 δόξασόν
1118 2493 1164 2510 σου
1176 2485 1222 2511 τὸν
1232 2484 1304 2511 Υἰόν.
1315 2494 1323 2510 ι
1334 2485 1415 2517 Ἀλλ’,
1427 2483 1489 2517 (Εἷς
1500 2486 1612 2522 Κύριος,
1623 2487 1672 2522 μία
1687 2488 1783 2521 πίστις,

996 2529 1025 2555 ἓν
1034 2529 1185 2564 βάπτισμα,
1200 2539 1209 2556 ι
1220 2530 1290 2557 κατὰ
1304 2531 1334 2557 τὸ
1348 2531 1663 2569 γεγραμμένον.Ὢσπερ
1673 2531 1720 2560 οὖν
1731 2535 1784 2561 ἐστι

999 2576 1048 2611 μία
1067 2576 1160 2608 πίστις
1173 2577 1189 2612 ὴ
1202 2577 1230 2603 ἐν
1242 2577 1351 2612 Χριστῷ
1365 2577 1386 2610 ¹,
1403 2578 1451 2604 καὶ
1466 2577 1495 2604 ἓν
1510 2577 1618 2613 ἀληθῶς
1634 2579 1782 2615 βάπτισμα,

996 2621 1085 2648 καίτοι
1106 2621 1311 2657 βαπτιζομένων
1331 2622 1378 2649 καὶ
1394 2623 1617 2650 πεπιστευκότων
1645 2625 1726 2660 ἡμῶν
1748 2626 1783 2657 εἰς

1046 2698 1078 2726 ’1
1092 2699 1153 2727 Cor.
1172 2702 1244 2732 tt,'8.
1281 2701 1291 2717 ³
1306 2700 1384 2729 Joau.
1400 2709 1465 2736 xvn,
1486 2702 1513 2730 Ι.
1553 2702 1564 2719 ⁸
1579 2701 1680 2738 Ephes.
1697 2709 1735 2736 tv,
1746 2701 1771 2732 5.

708 2779 794 2807 Varia:
812 2779 943 2807 lectiones
959 2779 1060 2808 codicis
1083 2779 1262 2815 chuicriani.

203 2843 214 2865 ι
227 2845 267 2876 είς
284 2845 409 2880 Χριστόν,
