1883 3056
82 164 146 192 Μ’ζί

561 166 605 195 DE
625 168 740 196 RECTA
758 168 838 196 FIDE
858 169 902 196 AD
922 169 1146 201 TllEODOSIUM
1166 173 1232 202 IMP.

1644 180 1715 209 H82

82 226 202 261 Πατέρα,
220 227 267 253 καὶ
283 227 355 257 Υἱὸν,
374 227 420 252 καὶ
442 227 518 260 ἅγιον
533 227 662 263 Πνεῦμα·
679 229 749 256 κατὰ
762 229 807 256 τὸν
823 229 873 255 αὐ-

968 231 1078 266 ristum,
1103 238 1130 260 et
1154 242 1236 261 unum
1275 235 1338 262 item
1381 236 1525 271 baptisma.
1550 238 1657 266 etiamsi
1685 240 1713 268 in

80 272 138 304 τὸν,
154 270 241 307 οἶμαι,
261 272 361 307 τρόπον
380 280 409 298 τε
425 273 472 299 καὶ
484 272 573 306 λόγον,
594 273 642 308 μία
658 274 843 309 προσκύνησις
855 273 872 308 ἡ

81 318 198 352 Πατρὸς,
215 318 263 344 καὶ
278 317 537 353 ὲνανθρωπήσαντος
550 318 627 351 Υἱοῦ,
642 320 688 345 καὶ
700 319 777 353 ἁγίου
793 320 874 346 Πνεύ-

83 372 177 397 ματος.
208 363 409 398 Ἐξωσθήσεται
435 364 490 399 γὰρ
506 364 624 399 οὐδαμοῦ
647 365 693 391 τοῦ
714 368 873 400 προσκυνεῖ-

83 408 147 435 σθαι
161 409 215 435 δεῖν
236 409 302 444 πρὸς
316 417 345 434 τε
360 409 376 443 ὴ
382 409 440 441 μῶν
453 409 543 435 αὐτῶν
562 410 609 436 καὶ
624 410 678 436 τῶν
694 411 779 444 ἁγίων
792 411 873 444 ἀγγέ-

81 454 137 480 λων
150 456 163 481 ὁ
175 455 340 490 Μονογενὴς,
357 456 381 480 εἰ
394 455 439 481 καὶ
453 455 548 489 γέγονε
563 455 641 491 σὰρξ,
657 456 704 482 καὶ
719 457 873 492 ἐσκήνωσεν

82 501 112 527 ὲν
127 501 201 536 ἡμῖν,
215 501 404 537 κεχρημάτικέ
424 510 454 528 τε
470 501 642 537 πρωτότοκος
666 502 704 533 ὡς
721 504 749 529 ὲν
766 503 873 535 πολλοῖς

83 548 207 582 ἀδελφοῖς
218 555 224 562 '
242 548 303 575 ἐπεὶ
321 548 363 580 τίς
375 548 407 575 ἂν
425 548 467 584 εἴη
492 548 572 575 πάλιν
588 549 602 575 ὀ
617 549 667 583 τῆς
683 550 726 575 ἐπ’
742 549 815 584 αὐτῷ
829 550 874 576 πί-

84 604 170 627 στεως
192 595 287 629 λόγοςς
312 594 376 626 ΙΙῶς
393 593 440 622 οὖν
455 595 505 621 οὐκ
521 595 595 627 ἄξιον
621 595 700 627 ῐδείνς
720 595 793 622 Οὐδὲ.
807 595 873 631 γὰρ,

82 639 173 675 οἶμαι,
188 641 266 675 φαῖεν
280 640 323 672 ἂν,
340 641 419 676 εἴπερ
435 649 467 675 γε
485 640 588 668 ἕλοιντο
603 643 711 675 φρονεῖν
724 641 822 676 ὀρθῶς,
836 641 874 673 ὡς

83 688 133 718 Εἰς
147 687 226 722 μόνον
240 687 462 722 πεπιστεύκαμεν
472 687 518 713 τὸν
529 688 561 714 ὲκ
578 687 645 714 Θεοῦ
663 687 769 723 Πατρὺς
787 687 875 721 φύντα.

83 732 181 766 Λόγον,
208 732 428 767 ἁπογυμνοῦντες
450 732 531 759 αὑτὸν
544 732 594 768 τῆς
622 733 736 769 σαρκός·
760 734 816 759 οὐδ’
840 733 874 761 αὖ

84 779 174 804 ἐκεῖνο
190 779 350 814 παρήσομεν
364 779 465 805 εἰπεῖν·
483 778 617 812 λελέξεται
634 780 704 815 γάρ’
722 780 752 806 οὐ
768 779 822 816 γὰρ
835 782 875 812 εἰς

84 826 134 852 ἕνα
148 825 201 852 τῶν
218 825 277 852 καθ’
291 826 377 861 ἡμᾶς,
390 825 451 852 οὔτε
462 826 515 861 μὴν
529 827 569 858 εἰς
583 826 726 862 ἄνθρωπον
738 827 753 862 ἡ
773 828 875 860 πίστις,

84 872 145 898 ἀλλ’
161 873 200 904 είς
218 872 283 899 Θεὸν
306 872 457 908 πράττεται
480 871 526 899 τὸν
550 872 629 907 φύσει
647 873 820 908 κα¹ι¹ἁληθῶς
847 875 875 900 ὲν

85 917 226 953 προσώπῳ
251 917 381 953 Χριστοῦ.
404 918 572 954 Συλλήψεται
600 918 628 945 δὲ
644 919 683 954 τῷ
705 919 777 955 λόγῳ
799 920 847 946 καὶ
862 921 877 946 ὁ
892 908 913 936 Β

86 964 170 998 σοφὸς
183 963 297 999 γράφων
312 964 418 996 Παῦλος
428 973 434 979 ·
455 974 464 990 ι
489 965 525 991 Οὐ
545 964 599 1001 γὰρ
614 965 727 997 ἑαυτοὺς
742 966 877 1000 κηρύσσο-

86 1018 150 1044 μεν,
168 1010 234 1036 ἀλλὰ
247 1011 363 1045 Χριστὸν
384 1010 488 1046 Ἰησοῦν
507 1010 609 1046 Κύριον
622 1019 630 1027 ο
652 1012 765 1043 ἑαυτοὺς
781 1012 808 1038 δὲ
819 1012 877 1039 δού-

84 1054 149 1086 λους
163 1054 240 1090 ὑμῶν
261 1055 305 1082 διὰ
325 1055 412 1090 Ἰησοῦ
429 1056 560 1092 Χριστοῦ.
574 1057 634 1083 Ὅτι
680 1057 747 1090 Θεὸς
766 1058 779 1084 ὁ
793 1057 877 1084 εἰπὼν

86 1103 120 1128 ὲκ
138 1102 249 1134 σκότους
260 1102 317 1136 φῶς
331 1102 448 1138 λάμψαι,
465 1103 494 1135 ὃς
505 1103 625 1139 ἔλαμψεν
637 1106 666 1131 ἐν
681 1106 739 1136 ταῖς
753 1105 878 1140 καρδίαις

86 1146 177 1181 ἡμῶν,
195 1147 264 1182 πρὸς
275 1149 415 1182 φωτισμὸν
427 1150 476 1184 τῆς
489 1149 617 1183 γνώσεως
635 1150 683 1185 τῆς
695 1150 774 1185 δόξης
794 1150 877 1177 αὑτοῦ

86 1194 117 1220 ἐν
138 1193 277 1230 προσώπῳ
301 1194 387 1230 Ἰησοῦ
410 1195 538 1231 Χριστοῦ.
561 1206 570 1221 ι
593 1196 657 1223 Ἰδοὺ
672 1197 704 1232 δὴ
730 1197 823 1231 σαφῶς
849 1206 877 1224 τε

87 1239 137 1266 καὶ
151 1239 274 1274 ἐναργῶς
291 1241 305 1266 ό
318 1241 459 1276 φωτισμὸς
474 1241 524 1276 τῆς
540 1240 667 1276 γνώσεως
679 1242 725 1268 τοῦ
747 1242 815 1269 Θεοῦ
832 1244 879 1270 καὶ

87 1286 196 1322 Πατρδς
211 1287 239 1313 ὲν
251 1287 388 1323 προσώπῳ
399 1287 530 1323 διέλαμψε
543 1288 589 1314 τοῦ
606 1288 725 1323 Χριστοῦ
737 1297 743 1304 ·
766 1289 878 1325 τοιγὰρ-

86 1341 129 1359 τοι
145 1334 192 1359 καὶ
206 1333 323 1368 ἔφασκεν
333 1342 340 1348 ·
357 1342 366 1359 ι
388 1333 416 1360 '0
429 1333 558 1369 ἑωρακὼς
575 1333 635 1369 ἐμὲ,
648 1334 752 1370 ἑώρακε
767 1335 812 1362 τὸν
824 1335 879 1361 [Ια-

87 1379 165 1414 τὲρα.
182 1395 217 1399 —
240 1379 310 1414 Ἐγὼ
323 1380 370 1407 καὶ
383 1381 397 1407 ὁ
411 1380 505 1416 Πατὴρ
519 1380 548 1407 ἓν
561 1381 654 1416 ἐσμεν.
678 1391 687 1407 ι

125 1471 186 1498 AI".
204 1470 353 1507 Χαρακτὴρ
368 1470 396 1497 δὲ
417 1472 431 1497 ὁ
449 1470 519 1503 θεῖος
542 1471 572 1498 ού
591 1471 757 1506 σωματικδς,
778 1471 835 1498 ἀλλ’
850 1471 879 1498 ὲν

89 1518 203 1553 δυνάμει
225 1517 272 1544 καὶ
296 1517 358 1553 δόξῃ
380 1519 413 1552 τῇ
437 1517 670 1554 θεοπρεπεστάτῃ.
695 1518 780 1545 Τοῦτο
803 1515 879 1553 δὲῆν

90 1564 241 1600 ἀκραιφνὲς
260 1565 288 1590 ἐν
309 1565 429 1600 Χριστῷ.
446 1564 629 1600 Γνωρίξεσθοιι
644 1564 672 1591 δὲ
693 1565 739 1591 καὶ
758 1564 802 1591 διὰ
818 1565 879 1591 τού-

89 1619 144 1636 των
158 1610 245 1645 ὴξίου.
262 1611 308 1637 καὶ
323 1610 366 1637 διὰ
388 1611 438 1645 τῆς
456 1611 509 1637 τῶν
525 1611 673 1646 δρωμένων
693 1611 830 1647 ὑπεροχῆς
842 1611 882 1643 εἰς

90 1656 197 1687 ἐννοίας
219 1656 366 1691 ἀναφοιτᾷν
387 1657 436 1688 τὰς
452 1656 494 1683 ἐπ’
515 1656 588 1692 αὐτῷ
606 1655 668 1687 τοὺς
691 1656 883 1691 ἀκροωμένους

89 1702 181 1738 ἠθελε,
197 1703 471 1738 κατασμικρυνούσης
482 1703 562 1730 αὐτὸν
576 1703 669 1738 ἡρέμα
682 1703 757 1738 παρά
777 1712 808 1737 γε
827 1703 883 1735 τοῖς

90 1750 234 1781 ἀσυνέτοις
248 1749 298 1784 τῆς
319 1749 460 1784 ὁρωμένης
486 1750 597 1785 σαρκός.
617 1759 626 1774 ι
641 1750 673 1776 Εἰ
689 1750 744 1785 γὰρ
767 1749 797 1776 οὐ
813 1749 883 1776 ποιῶ

91 1795 126 1822 τὰ
141 1795 211 1831 ἔργα
233 1795 280 1822 τοῦ
298 1795 403 1831 Πατρός
427 1803 489 1830 μου,
506 1795 582 1831 φησὶ,
597 1795 634 1831 μὴ
659 1786 804 1822 πιστεύετέ
819 1804 882 1831 μοι·

91 1843 116 1868 εἰ
133 1842 160 1868 δὲ
174 1842 253 1874 ποιῶ,
269 1841 320 1869 κᾶν
342 1841 404 1876 ἐμοὶ
418 1841 455 1877 μὴ
470 1841 627 1877 πιστεύητε,
642 1842 697 1872 τοῖς
717 1841 807 1876 ἔργοις
833 1849 883 1876 μου

91 1889 266 1916 πιστεύσατε.
286 1898 295 1914 ι
312 1889 396 1916 Φάναι
408 1889 436 1915 δὲ
447 1887 522 1924 οἶμαι
537 1889 618 1915 ταυτὶ
628 1889 658 1916 τὸ
674 1889 801 1924 τηνικάδε
815 1889 884 1924 Χρι-

92 1935 167 1967 στὸν,
197 1935 247 1961 οὐκ
265 1934 408 1966 ἀσυντελὲς
429 1936 469 1966 εἰς
493 1935 586 1970 ὄνησιν
610 1934 700 1961 εἰδότα
724 1934 754 1961 τὸ
779 1934 883 1970 χρῆμα.

98 1981 210 2016 Ἐπειδὴ
224 1981 278 2015 γὰρ
300 1981 384 2016 ᾤοντο
404 1981 469 2007 Θεὸν
491 1981 540 2016 μὲν
561 1981 612 2013 οὐκ
631 1980 701 2008 εἶναι
717 1981 786 2008 κατὰ
805 1981 885 2015 φύσιν

91 2027 139 2054 τὸν
168 2027 201 2053 δι’
221 2027 295 2062 ἡμᾶς
320 2027 561 2062 ἐνηνορωπηκότα,
588 2027 665 2061 ψιλὸν
689 2027 717 2053 δὲ
743 2027 885 2062 ἄνθρωπον

91 2073 189 2106 ἁπλῶς
204 2074 265 2101 καθ’
281 2075 364 2110 ἡμᾶς,
382 2074 570 2110 ἁπαρὰδεκτον
584 2074 612 2100 δὲ
628 2075 671 2101 διὰ
683 2073 763 2101 τοῦτο
776 2073 826 2110 τὴν
841 2074 884 2100 ἐπ’

91 2119 171 2155 αὐτῷ
188 2120 280 2146 πίστιν
299 2119 437 2146 ἐποιοῦντό
457 2128 547 2150 τινες·
572 2120 728 2153 ἀναγκαίως
747 2119 778 2146 τὸ
793 2119 884 2155 δεῖμα,

94 2167 143 2194 καὶ
168 2167 214 2193 ’τὸν
244 2167 291 2193 ἐπὶ
307 2165 412 2197 τούτοις
427 2165 505 2192 ὄκνον
529 2165 756 2200 ὑποτεμνόμενος,
779 2166 811 2200 τῇ
835 2166 887 2201 τῆς

94 2212 223 2247 θεότητος
239 2211 319 2246 φύσει
329 2211 379 2247 τὴν
394 2210 484 2237 πίστιν
496 2210 633 2242 ἀνατιθεὶς
648 2210 686 2242 ὡς
702 2211 731 2236 ὲν
748 2210 886 2246 προσώπῳ

923 274 1044 309 Patrem,
1058 283 1084 305 et
1110 278 1216 313 Filium,
1229 285 1257 307 et
1272 280 1403 316 Spiritum
1419 288 1540 309 sanctum
1559 285 1713 318 credamus,

923 326 951 349 et
965 323 1136 356 haptizemur
1150 334 1157 352 :
1175 326 1210 352 ita
1227 326 1316 360 plane,
1329 332 1357 352 ut
1370 335 1418 362 ego
1435 328 1564 360 arbitror,
1578 337 1629 355 una
1646 338 1714 364 quo-

924 375 977 402 que
993 368 1092 401 Patris.
1112 375 1139 397 et
1159 371 1293 398 incaruali
1309 371 1381 404 Filii,
1398 378 1425 399 ct
1442 372 1559 407 Spiritus
1573 375 1657 402 sancti
1674 380 1715 401 est

923 415 1057 443 adoratio.
1087 415 1215 448 Quamvis
1249 418 1320 444 enim
1347 418 1509 452 Unigeuitus
1534 428 1597 447 t-aro
1627 420 1716 447 factus

924 460 993 487 inter
1017 468 1065 488 nos
1094 462 1232 494 habitarit.
1258 471 1307 490 nec
1337 472 1388 490 nou
1421 464 1618 499 priutogcnitus
1646 467 1717 492 inter

924 507 1023 534 mullos
1055 507 1153 535 fratres
1177 509 1326 543 appellatus
1354 511 1389 537 sit
1406 511 1434 544 ⁵,
1456 512 1507 538 hoc
1531 516 1619 538 tamen
1650 512 1716 540 nihil

924 552 1044 587 impedit.
1065 555 1207 588 quominus
1234 563 1294 582 cum
1310 564 1324 583 a
1338 556 1425 587 nobis.
1442 561 1496 583 tum
1513 558 1546 584 ah
1563 558 1627 592 ipsis
1650 566 1717 592 quo-

924 608 976 634 que
1002 601 1104 635 angelis
1126 602 1232 629 adorari
1256 603 1362 630 debeat.
1390 602 1457 629 Nam
1484 611 1543 638 qua:
1577 604 1627 630 alia
1655 603 1716 630 ﬁdei

925 647 993 672 ratio
1010 646 1036 672 in
1053 649 1139 680 ipsum
1162 651 1287 674 constare
1301 649 1411 682 posset?
1425 649 1567 682 Quomodo
1579 657 1642 677 vero
1664 651 1716 678 hoc

924 693 1038 727 qumsitu
1057 700 1109 719 non
1125 693 1258 728 dignum?
1282 694 1375 728 Neque
1397 695 1468 722 enim
1486 695 1526 731 (si
1542 697 1621 722 modo
1645 701 1717 723 recte

925 746 1019 772 sapere
1035 738 1186 774 voluerint)
1204 739 1300 767 dicturi
1315 747 1389 774 sunt,
1415 742 1523 776 opinor,
1541 743 1611 777 quod
1628 743 1653 769 in
1670 743 1716 769 Dei

925 784 1014 811 Patris
1042 784 1157 812 Verbum
1181 785 1267 812 solum
1300 794 1382 814 carne
1406 793 1516 815 exutum
1551 790 1716 815 credamus:

925 837 1013 866 neque
1031 830 1094 858 illud
1113 838 1220 858 rursum
1235 832 1444 866 praeterihlmus,
1459 841 1556 868 nempe
1572 834 1642 868 quod
1664 841 1716 860 nou

927 877 953 904 iu
977 885 1057 903 unum
1074 877 1190 911 aliquem
1212 878 1296 904 nostri
1320 879 1447 911 similent,
1470 884 1516 906 aut
1533 879 1559 906 in
1579 880 1716 906 hominem

928 922 980 949 [ide
1000 922 1150 955 tendamus,
1167 923 1213 950 sed
1226 923 1306 957 quod,
1320 925 1369 962 sub
1382 932 1495 959 persona
1504 925 1614 958 Christi,
1629 926 1655 952 in
1672 918 1718 953 rc-

929 977 987 995 rum
1007 974 1033 995 ct
1056 969 1205 996 naturalem
1231 969 1328 996 Deum.
1358 969 1407 997 Cui
1429 975 1455 998 et
1479 971 1586 1005 sapiens
1612 979 1719 1006 quoque

928 1014 1026 1042 Paulus
1043 1014 1228 1049 patrocinatur
1242 1023 1249 1042 :
1265 1015 1359 1043 scribit
1374 1016 1445 1043 enim
1462 1024 1470 1043 :
1489 1026 1498 1042 ε
1519 1016 1576 1044 Non
1596 1023 1717 1044 nosmet-

929 1059 1001 1094 ipsos
1024 1060 1213 1094 prtedicamus,
1235 1060 1283 1087 sed
1306 1059 1396 1087 Jesum
1414 1060 1552 1098 Christum
1570 1061 1717 1088 Dominum

929 1111 1050 1133 nostrum
1062 1113 1070 1139 ;
1086 1113 1135 1133 nos
1151 1110 1240 1133 autem
1254 1113 1348 1134 servos
1358 1112 1465 1134 vestros
1479 1115 1526 1142 per
1534 1107 1635 1135 .lesum.
1652 1107 1721 1141 Quo-

929 1152 1000 1178 niam
1016 1151 1085 1178 Deus
1097 1151 1142 1186 qui
1156 1152 1222 1179 dixit
1236 1152 1268 1179 de
1283 1153 1400 1180 tenebris
1418 1152 1503 1180 lucem
1519 1153 1719 1187 splendescere,

929 1200 985 1234 ipse
1015 1198 1102 1225 illuxit
1125 1199 1150 1225 in
1180 1198 1306 1226 cordibus
1330 1199 1429 1226 nostris
1444 1200 1478 1226 ad
1499 1200 1720 1228 illuminatiouem

929 1245 1047 1272 scientia:
1066 1245 1199 1272 claritatis
1213 1245 1260 1272 Dei
1277 1247 1302 1271 in
1319 1245 1387 1272 facie
1400 1246 1454 1281 30
1470 1245 1569 1273 Christi
1589 1245 1651 1273 Jesu
1664 1246 1685 1272 ‘.
1708 1256 1717 1271 ι

930 1290 999 1318 Ecce
1022 1297 1113 1325 aperte
1141 1291 1331 1325 evidenterque
1354 1291 1516 1319 illuminatio
1538 1291 1659 1318 scientiae
1675 1291 1722 1318 Dei

929 1335 1018 1364 Patris
1039 1337 1064 1364 in
1085 1344 1198 1372 persona
1223 1336 1324 1364 Christi
1345 1337 1454 1364 ellulsit.
1488 1337 1564 1365 Unde
1587 1342 1613 1364 et
1640 1337 1721 1371 ipse:

935 1393 944 1409 ι
957 1383 1007 1416 Qui
1022 1384 1095 1411 videt
1113 1392 1165 1416 mc,
1180 1385 1278 1419 inquit,
1294 1384 1367 1412 videt
1379 1389 1406 1412 et
1430 1383 1538 1411 Patrem
1548 1384 1569 1411 ".
1581 1399 1615 1404 —
1629 1383 1684 1418 Ego
1696 1386 1725 1411 et

932 1429 1014 1456 Pater
1031 1437 1113 1456 unum
1128 1438 1221 1457 sumus
1233 1430 1253 1457 ⁸.
1270 1440 1280 1456 ι

966 1475 1086 1503 XXXI“.
1102 1476 1234 1503 Caeterum
1250 1476 1356 1502 divinus
1379 1475 1523 1503 character
1538 1483 1588 1503 non
1604 1480 1646 1503 est
1662 1482 1724 1503 cor-

931 1529 1037 1556 poreus,
1057 1521 1103 1549 scd
1130 1521 1156 1548 iu
1182 1529 1286 1548 summa
1315 1522 1413 1548 virtute
1436 1527 1463 1548 et
1480 1521 1563 1555 gloria
1589 1528 1647 1555 qua:
1668 1521 1724 1548 Deo

933 1567 1069 1599 convenit,
1084 1567 1197 1601 positus.
1220 1567 1282 1593 Erat
1299 1567 1321 1593 is
1335 1574 1415 1600 porro
1432 1566 1458 1593 in
1474 1566 1583 1593 Christo
1603 1566 1725 1601 apprime

933 1617 1044 1640 exactus
1059 1617 1086 1639 et
1101 1612 1215 1639 lucidus.
1244 1611 1333 1639 Voluit
1348 1617 1438 1639 autem
1456 1620 1507 1639 non
1523 1619 1571 1646 per
1587 1612 1642 1639 haec
1664 1617 1725 1638 tan-

934 1663 989 1685 tum
1020 1658 1090 1685 dicta
1119 1659 1303 1690 innotescere,
1327 1657 1374 1684 sed
1400 1665 1447 1693 per
1473 1665 1583 1692 operum
1618 1665 1725 1692 quoque

933 1703 1120 1732 excellentiam
1147 1703 1256 1730 volebat
1278 1703 1415 1730 auditores
1434 1703 1467 1730 ad
1494 1703 1617 1730 notitiam
1642 1702 1725 1737 ipsius

935 1751 1137 1783 conscendere;
1156 1750 1178 1776 si
1202 1750 1309 1783 quidem
1331 1757 1430 1783 corpus
1455 1749 1525 1784 quod
1553 1749 1725 1779 cernebatur,

934 1796 1122 1823 auctoritatem
1142 1795 1214 1822 illius
1227 1794 1298 1828 apud
1315 1794 1500 1829 ituprudentes
1525 1795 1610 1829 magis
1627 1795 1726 1829 magis-

934 1850 986 1876 que
1007 1842 1121 1870 subiude
1143 1841 1290 1869 minuebat.
1318 1841 1362 1867 Ait
1382 1849 1472 1875 ergo:
1495 1850 1504 1866 ι
1520 1841 1547 1868 Si
1581 1849 1633 1868 non
1658 1841 1727 1868 facio

934 1897 1015 1924 opera
1033 1888 1122 1916 Patris
1154 1887 1217 1920 mei,
1242 1887 1325 1914 nolite
1348 1887 1516 1914 crederezsi
1537 1892 1625 1914 autem
1647 1886 1726 1919 facio,

935 1935 987 1962 ctsi
1001 1934 1065 1962 mihi
1081 1942 1134 1961 non
1148 1934 1268 1966 creditis,
1286 1933 1415 1968 operibus
1429 1933 1533 1961 credite
1550 1933 1572 1962 ’.
1600 1942 1610 1959 ι
1625 1933 1661 1960 Ea
1678 1940 1727 1960 au-

938 1986 991 2009 tem
1009 1980 1148 2008 Christum
1165 1980 1266 2007 dixisse
1281 1979 1419 2012 existimo,
1432 1987 1492 2014 quae
1509 1983 1572 2007 tunc
1584 1979 1726 2006 utilitatem

935 2027 1052 2054 allatura
1068 2031 1189 2054 noverat.
1213 2026 1279 2054 Nam
1305 2034 1365 2054 cum
1386 2026 1465 2061 vulgo
1482 2033 1640 2061 persuasum
1657 2030 1729 2053 esset

936 2080 1008 2105 eum,
1019 2073 1064 2107 qui
1081 2073 1166 2100 nostri
1176 2080 1257 2100 causa
1271 2073 1352 2100 homo
1368 2072 1456 2100 factus
1466 2078 1518 2105 est,
1535 2078 1630 2100 natura
1645 2072 1727 2100 Deum

937 2127 990 2146 non
1008 2126 1079 2151 esse,
1092 2120 1138 2146 sed
1150 2119 1286 2146 houiiuem
1309 2119 1469 2154 simpliciter
1482 2119 1561 2147 nobis
1572 2126 1620 2154 per
1638 2119 1727 2146 omnia

937 2165 1064 2197 similem,
1081 2169 1108 2191 et
1121 2164 1156 2192 ob
1170 2165 1194 2192 id
1209 2164 1318 2199 quidam
1335 2164 1414 2191 [idem
1432 2165 1460 2192 in
1472 2164 1546 2191 illum
1563 2172 1615 2192 non
1631 2164 1729 2190 admit-

938 2211 1045 2238 tendam
1069 2209 1235 2237 allirmarent
1257 2219 1263 2237 ε
1286 2209 1359 2237 οιιιιιί
1385 2214 1472 2237 metus
1498 2210 1729 2244 cunctationisque

94 2257 214 2292 Πατρὺς,
227 2257 275 2283 καὶ
290 2256 350 2292 οὐχὶ
360 2257 392 2292 τῇ
409 2256 470 2282 καθ’
482 2256 555 2291 ἡμᾶς
566 2255 788 2291 σμικροπρεπείᾳ
803 2264 879 2290 προσ-

971 2263 1017 2283 usa
1042 2255 1171 2290 praecisa,
1194 2255 1364 2290 Paternaque
1390 2263 1505 2291 persona
1533 2260 1656 2290 sumpta,
1674 2263 1728 2282 nou

94 2305 207 2340 νέμων,
228 2303 365 2338 ἔφασκεν·
394 2312 403 2328 ι
429 2303 458 2329 '0
485 2302 620 2329 πιστεύων
643 2303 684 2334 εἰς
705 2301 765 2337 ἐμὲ,
783 2302 813 2328 ού
840 2311 886 2328 πι-

95 2351 188 2377 στεύει
211 2351 250 2381 εἰς
270 2350 329 2385 ἐμὲ,
353 2349 422 2376 ἀλλά
447 2350 487 2382 εἰς
500 2350 546 2376 τὸν
565 2349 712 2384 πέμψαντὰ
734 2356 784 2384 με·
810 2349 856 2376 καὶ
872 2349 886 2375 ὀ

95 2396 210 2432 Θεωρῶν
224 2395 285 2431 ἐμὲ,
308 2396 405 2431 Θεωρεῖ
431 2395 477 2422 τὸν
495 2394 642 2430 πέμψαντὰ
667 2403 711 2429 με.
728 2403 737 2420 ι
753 2391 816 2429 Ἆρ’
839 2391 886 2421 οὖν

93 2443 147 2470 οὐκ
160 2443 217 2469 ἴσον
239 2443 343 2469 εἰπεῖν·
359 2441 394 2468 Ὦ
414 2441 469 2468 τῶν
489 2440 563 2476 ἑμῶν
585 2441 716 2476 κατήκοοι
735 2440 832 2474 λόγων,
848 2441 886 2475 μὴ

96 2488 187 2524 μικρὰ
205 2489 250 2516 καὶ
262 2487 436 2524 χαμιρῤιφῆ
452 2487 486 2514 τὰ
499 2487 539 2519 εἰς
552 2487 602 2522 ὲμὲ
619 2486 744 2520 δοξάζετε
754 2493 761 2499 ·
776 2486 832 2512 ἴστε
845 2486 886 2519 δὲ,

94 2535 138 2562 ὅτι
152 2534 202 2570 τὴν
226 2534 266 2565 εἰς
285 2533 366 2560 αὑτὸν
390 2532 441 2567 ἐμὲ
463 2532 493 2558 τὸ
506 2531 644 2567 ὁρώμενον
656 2532 685 2558 ὲν
703 2531 785 2566 σαρκὶ
800 2539 887 2566 προσ-

96 2580 201 2616 ιέμενοι
233 2579 345 2609 πίστιν,
368 2578 418 2604 οὐκ
444 2578 484 2608 εις
503 2576 646 2612 ἄνθρωπον
672 2575 764 2607 ἁπλῶς
794 2575 888 2601 ἔσεσθε

95 2625 323 2656 πεπιστευκότες,
339 2623 396 2650 ἀλλ’
419 2623 458 2655 είς
473 2623 553 2649 αὑτὸν
573 2622 618 2648 τὸν
639 2622 747 2657 Πατέρα
761 2621 795 2648 δι’
810 2621 888 2656 ἐμοῦ,

95 2671 146 2699 τοῦ
159 2671 230 2698 κατὰ
241 2671 295 2698 πᾶν
307 2669 395 2697 ὁτιοῦν
416 2670 480 2700 ἴσως
491 2677 521 2695 τε
533 2669 579 2695 καὶ
592 2668 810 2704 ἀπαραλλάκτως
819 2667 890 2702 ἔχον-

96 2725 145 2748 τος
158 2716 236 2749 Υἰοῦ,
253 2715 441 2751 σαρκωθέντος
466 2715 515 2750 μὲν
529 2714 563 2741 δι’
577 2713 660 2748 ὑμᾶς,
673 2714 720 2740 καὶ
733 2713 891 2748 περίὸλημα

99 2761 309 2798 σμικροπρεπὲς
335 2760 548 2795 οἰκειωσαμένοιι
581 2760 630 2794 τὴν
667 2759 887 2795 ἁνθρωπότητα’

99 2809 131 2837 τε
148 2818 180 2843 γε
198 2808 251 2844 μὴν
267 2807 374 2842 ἰσοφυές
390 2815 419 2833 τε
432 2807 478 2833 καὶ
493 2805 626 2841 ἱσουργόν,
643 2805 689 2832 καὶ
704 2806 732 2832 ὲν
746 2806 889 2840 ταυτότητι

138 2889 149 2905 ⁸
162 2889 242 2917 Rom.
262 2897 319 2923 vut,
336 2889 380 2917 ‘29.
414 2889 423 2903 ⁸
439 2889 523 2916 [Cum
545 2895 580 2921 μ’.
598 2888 624 2921 ὃ»
641 2889 667 2915 σ-

939 2302 1063 2329 humana:
1080 2301 1237 2336 ahjectioui,
1257 2302 1303 2329 sed
1317 2302 1415 2329 divitue
1430 2306 1532 2329 natura:
1550 2302 1627 2329 ﬁdem
1650 2302 1729 2329 attri—

938 2347 1017 2380 buit;
1034 2348 1073 2374 ait
1094 2347 1188 2375 enim:
1207 2357 1217 2374 ι
1237 2346 1287 2380 Qui
1309 2348 1394 2375 credit
1409 2348 1435 2375 in
1449 2355 1503 2380 me,
1522 2355 1574 2375 non
1598 2347 1683 2374 credit
1703 2347 1729 2374 in

939 2402 992 2426 me,
1008 2393 1056 2420 sed
1071 2393 1097 2421 in
1112 2401 1173 2421 eum
1187 2394 1232 2428 qui
1250 2393 1325 2421 misit
1339 2401 1381 2421 me
1397 2403 1404 2421 ε
1422 2398 1447 2421 et
1468 2394 1512 2428 qui
1528 2394 1600 2420 videt
1616 2401 1669 2424 me,
1690 2394 1731 2419 vi-

940 2439 985 2467 det
1004 2447 1064 2467 eum
1078 2439 1125 2474 qui
1147 2440 1220 2466 misit
1233 2448 1277 2467 me
1290 2440 1321 2466 '°.
1350 2449 1360 2465 ›
1382 2439 1498 2468 Perinde
1518 2447 1550 2467 ac
1563 2440 1585 2466 si
1599 2439 1669 2466 dicat
1685 2448 1691 2466 :
1709 2438 1731 2467 Ο

939 2485 991 2512 viri
1013 2485 1059 2519 qui
1079 2492 1123 2512 me
1140 2484 1250 2517 auditis,
1275 2492 1310 2512 ne
1336 2492 1418 2520 parva
1440 2489 1467 2512 et
1493 2484 1603 2511 humilia
1627 2484 1660 2511 de
1688 2492 1731 2510 mc

941 2531 1088 2566 opinemini
1112 2539 1121 2559 :
1147 2531 1213 2566 quin
1247 2531 1273 2558 id
1311 2532 1402 2566 potius
1436 2530 1470 2558 de
1501 2538 1544 2558 me
1574 2538 1730 2565 persuasqu

942 2577 1019 2604 vobis
1033 2577 1171 2609 habetote,
1196 2585 1293 2612 nempe
1307 2578 1329 2604 si
1343 2579 1369 2605 in
1389 2585 1432 2605 me
1453 2585 1532 2612 quem
1555 2578 1581 2604 iu
1595 2577 1646 2604 hoc
1670 2585 1733 2604 cor-

943 2629 1008 2657 pore
1027 2622 1150 2653 ceruitis.
1173 2622 1356 2656 credideritis,
1384 2630 1437 2649 non
1465 2623 1490 2649 in
1515 2630 1595 2649 unum
1615 2622 1731 2656 aliquem

939 2675 972 2694 ex
986 2667 1077 2695 multis
1090 2668 1242 2695 credituros
1258 2676 1305 2695 vos
1318 2675 1388 2701 esse,
1405 2668 1452 2695 sed
1466 2668 1491 2695 in
1508 2668 1595 2702 ipsum
1611 2668 1731 2698 Patrem.

940 2722 988 2749 per
1002 2721 1045 2741 me
1056 2713 1155 2742 Filium
1171 2722 1178 2740 :
1193 2715 1238 2749 qui
1261 2715 1325 2742 licet
1346 2715 1430 2743 vestri
1452 2723 1533 2742 causa
1556 2722 1620 2741 caro
1644 2714 1734 2741 factus

940 2761 1002 2793 sim,
1026 2765 1053 2788 et
1075 2760 1154 2788 vilem
1186 2761 1266 2788 istam
1292 2761 1409 2789 hominis
1435 2761 1549 2788 formam
1578 2761 1732 2790 induerint,

939 2806 1013 2834 Patri
1037 2811 1125 2834 tamen
1146 2807 1258 2835 omnino
1275 2808 1398 2842 mqualis,
1413 2807 1541 2842 nullaque
1564 2807 1589 2834 in
1606 2814 1634 2833 re
1650 2807 1684 2834 ab
1699 2813 1734 2834 eo

702 2888 712 2906 7
728 2887 806 2916 Joan.
826 2895 879 2920 xxvl

977 2885 1055 2914 Joau.
1073 2894 1099 2921 δ,
1114 2887 1159 2914 50.
1194 2887 1203 2903 '
1217 2886 1295 2917 Joan.
1316 2894 1343 2921 Χ,
1356 2886 1401 2913 57.
1430 2886 1452 2902 ιθ
1469 2884 1604 2919 ,Ιοαηχω
1624 2885 1670 2920 Η,
1684 2884 1730 2912 45.
