1883 3056
167 132 237 162 “83

682 129 709 156 ε.
731 127 863 156 CYllilLi
884 123 1117 154 ALEXANDMN!
1138 123 1296 152 AliClllEP.

1750 115 1811 143 “Si

168 191 300 222 divulsus,
318 193 364 217 aut
379 192 520 223 separatus
541 196 611 220 sum,
626 193 719 222 ttlpolc
733 188 828 214 eadem
846 194 898 221 qua
911 185 955 212 ille

1043 185 1085 219 ξης
1104 182 1287 217 (latuit-36mm;
1309 179 1447 211 παντελῶς
1473 179 1582 214 ἔχοντος
1614 175 1686 211 πρὸς
1708 175 1816 206 αῧτάνς

170 242 276 267 natura,
288 235 405 271 polentia
421 243 452 263 ac
467 235 551 270 gloria
563 235 703 270 prmditus.

206 279 325 308 XXXIV.
350 280 556 308 Animadvertat
578 281 712 316 quispiam
725 279 777 306 alio
796 279 858 306 item
877 278 956 305 modo

171 328 250 354 [idem
277 327 302 354 iu
331 334 360 354 se
385 335 556 362 nequaquam
581 327 723 362 repulisse,
747 325 854 353 etiamsi
878 326 958 352 homo

171 374 258 401 factus
268 379 356 407 esset;
373 374 418 401 sed
434 374 500 401 citra
515 374 595 401 ullam
609 373 719 400 omnino
737 373 896 403 sectionem,
913 375 959 397 aut

170 421 372 448 distinctionem
395 421 422 448 iu
445 421 580 455 propriam
608 427 750 454 personam
774 418 847 446 illam
871 417 958 444 admi-

172 467 240 493 sisse
255 475 262 493 :
278 467 495 501 quandoquidem
512 474 573 493 curn
586 465 620 493 ab
635 469 696 493 ortu
709 472 808 492 caecum
825 467 958 496 sanasset,

171 517 199 538 et
221 512 297 538 dulce
322 512 373 539 hoc
397 511 588 546 insuetumque
612 512 661 546 ipsi
685 511 774 538 lumen
802 510 959 537 intuendum

172 558 340 592 prmhuissel,
358 558 384 584 iu
398 565 495 592 magna
512 559 610 586 tnerito
625 558 804 585 admiratione
820 557 890 592 apud
902 563 961 583 om-

174 611 221 630 nes
235 602 286 638 31
298 607 367 631 erat.
381 602 480 630 Verum
494 603 528 636 is,
539 604 585 638 qui
607 603 700 631 morbo
715 603 846 630 liberatus
860 602 961 634 fuerat,

174 651 237 676 dum
249 657 264 676 a
274 649 372 676 ludatis
386 649 607 683 interrogaretur,
619 649 753 677 medicum
776 648 961 682 proﬁtebatur.

176 693 242 722 Nam
262 702 323 722 cum
337 694 462 722 Christus
476 694 546 722 forte
564 695 590 721 in
605 694 678 721 illum
701 694 824 721 incidens
847 700 962 728 percon-

177 744 279 767 taretur
301 748 308 767 :
332 749 341 766 ι
368 740 462 767 Credis
483 741 508 767 iu
529 739 628 768 Filium
654 740 700 767 Dei
723 740 764 767 "7
796 749 805 765 ι
833 739 878 766 illo
900 746 964 766 vero

176 791 269 813 eontra
288 787 501 815 succlamasset:
521 796 530 813 ι
553 787 620 820 Quis
641 791 693 820 est,
716 787 840 819 Domine,
856 790 885 812 ut
904 793 965 813 cre-

177 832 236 857 dam
246 832 271 858 in
282 839 342 859 eum
351 833 408 859 "2v
420 839 576 866 responsum
589 832 648 859 tulit
655 831 785 867 ejusmodi
797 843 803 859 :
815 841 824 858 ι
837 830 963 858 Etvidisti

177 884 250 910 eum,
271 884 298 906 et
317 878 362 912 qui
377 877 496 913 loquitur
515 883 616 911 tecum,
630 877 675 905 ille
693 883 744 905 est.
765 878 800 905 At
822 877 867 905 ilic
878 877 964 904 dixit:

177 923 279 956 Credo,
296 924 410 951 Domine
426 932 432 951 :
448 927 476 950 et
488 924 612 951 adoravit
624 931 686 951 eum
697 924 730 950 ".
753 933 762 950 ι
776 924 810 951 At
821 924 893 950 enim
906 924 967 958 quis

181 969 267 996 nescit
293 969 410 996 divinam
435 969 508 996 illam
535 976 742 1004 supremumque
771 975 894 997 naturam
918 970 967 996 sub

180 1019 318 1049 aspectum
334 1014 411 1049 plane
427 1022 480 1042 non
497 1015 616 1042 cadere?
633 1024 643 1041 ‹
659 1014 741 1042 Deum
762 1015 846 1047 enim.
860 1020 889 1042 ut
903 1015 970 1042 scri-

181 1065 256 1094 ptum
267 1065 310 1086 est
323 1060 354 1092 “,
373 1067 451 1087 nemo
466 1060 531 1087 vidit
548 1067 677 1095 unquam.
697 1070 707 1087 ι
730 1061 758 1088 Si
772 1061 854 1095 igitur
873 1061 969 1087 immn—

181 1105 294 1132 nitatem
309 1113 324 1132 a
339 1113 368 1133 se
382 1105 537 1141 sejungens,
550 1107 627 1142 quasi
641 1107 667 1134 in
682 1107 729 1135 Dei
744 1107 858 1135 Verbum
883 1106 969 1135 solum

182 1159 214 1178 ac
226 1151 325 1179 nudum
341 1151 418 1179 fidem
433 1153 523 1187 exegit
539 1161 546 1180 :
564 1161 613 1180 cur
627 1160 699 1180 caeco
713 1153 856 1180 sanitatem
873 1153 970 1187 adepto

183 1206 236 1225 non
260 1198 413 1233 imperavit,
435 1207 469 1226 ne
489 1199 514 1226 in
538 1206 577 1232 se,
591 1200 639 1227 sed
660 1199 687 1226 in
708 1199 824 1227 divinam
845 1205 969 1226 naturam

185 1244 282 1270 mentis
311 1243 403 1271 oculos
437 1244 595 1278 conjiceret,
621 1243 668 1271 sed
693 1244 812 1279 seipsum
841 1253 971 1279 corporeo

184 1290 321 1317 Schemate
333 1289 465 1322 ittdutum,
478 1290 598 1325 ipsisque
616 1289 703 1317 oculis
717 1291 868 1326 expositum
881 1297 972 1318 osten-

184 1335 242 1362 dit?
261 1335 299 1362 ait
321 1335 394 1362 enim
411 1343 419 1361 :
440 1345 450 1361 ‹
476 1336 510 1363 Ει
537 1336 628 1363 vidisti
649 1343 722 1370 eum,
742 1340 770 1364 et
788 1337 834 1371 qui
856 1336 973 1372 loquitur

186 1385 273 1408 tecum
299 1382 355 1416 ipse
377 1387 428 1409 est.
447 1391 456 1407 ι
482 1382 550 1410 Ecce
574 1383 683 1409 dubium
705 1389 765 1410 esse
791 1387 890 1417 potest,
907 1383 973 1417 quin

185 1433 283 1461 corpus
299 1434 376 1453 suum
391 1434 481 1454 coram
498 1427 661 1455 cernendum
677 1427 851 1456 exhibuerit?
872 1429 907 1456 At
922 1438 974 1464 quo

187 1473 294 1498 tandem
316 1476 395 1506 pacto
413 1472 468 1506 ipse
485 1475 526 1499 est
546 1480 624 1506 caro,
639 1473 690 1500 nisi
706 1474 731 1502 id
746 1474 833 1508 ipsum
850 1482 911 1503 esse
932 1476 974 1502 iu-

1043 284 1102 310 AJ'.
1117 282 1205 310 Μὰοοι
1221 281 1243 308 δ’
1256 281 1291 308 ἄν
1308 289 1348 312 τις
1364 278 1411 305 καὶ
1427 278 1527 313 ἑτέρως
1544 275 1629 303 αὐτὸν
1646 274 1701 309 τὴν
1721 273 1815 298 πεπτω

1007 331 1038 357 οὺ
1056 329 1247 364 διωθούμενον,
1264 327 1331 354 ἀλλὰ
1344 327 1428 361 τομῆς
1449 333 1521 356 τινος
1536 324 1600 358 δίχα
1612 322 1665 349 καὶ
1677 319 1816 353 διαφορᾶς

1008 375 1211 410 εἰσδεδεγμένον
1231 373 1314 408 αὐτὴν
1329 372 1365 403 ὡς
1380 372 1408 398 ὲν
1425 371 1482 405 ἰδίῳ
1495 368 1650 404 προσώπῳ.
1667 366 1719 392 καὶ
1734 366 1761 391 εἰ
1773 365 1818 397 ἴέ-

1006 430 1086 456 γονεν
1098 421 1250 456 ἄνθρωπος.
1260 418 1368 452 Ἐπειδὴ
1379 417 1433 453 γὰρ
1446 417 1493 444 τὸν
1511 417 1543 442 ὲκ
1558 413 1679 448 γενετῆς
1692 412 1758 438 ἰᾶτο
1769 419 1816 436 τυ-

1010 466 1086 501 φλὸν,
1106 467 1154 492 καὶ
1178 465 1209 492 τὸ
1224 465 1310 499 γλυκὺ
1333 464 1392 499 μὲν,
1413 462 1497 497 ἄηθες
1523 460 1546 487 δ’
1570 457 1618 487 οὖν
1643 456 1817 492 ὲνειρὺτευσε

1011 512 1069 546 φῶς
1085 511 1169 546 αὐτῷ,
1185 510 1261 546 παρὰ
1277 509 1386 536 πάντων
1405 509 1517 540 εἰκότως
1529 505 1722 541 ἐθαυμάζετο.
1746 502 1818 528 Ἀλλ’

1010 559 1025 585 ὁ
1038 558 1088 592 μὲν
1098 557 1144 584 τοῦ
1160 556 1261 588 πάθους
1272 554 1491 590 ἀπηλλαγμένος,
1505 551 1583 588 παρὰ
1595 551 1655 583 τοῖς
1671 547 1820 578 Ἰουδαίας

1012 604 1146 639 ἐκρίνετο,
1160 603 1207 630 καὶ
1221 601 1356 637 ὡμολόγει
1369 600 1414 628 τὸν
1433 599 1534 635 ἰατρόν·
1552 597 1676 633 Χριστὸς
1691 594 1723 622 δὲ
1740 593 1819 627 αὐτῷ

1013 649 1181 685 περιτυχών·
1193 659 1201 676 ι
1217 649 1253 675 Σὺ
1267 647 1415 680 πιστεύεις,
1425 647 1556 682 ἔφασκεν,
1569 646 1611 676 εἰς
1625 644 1674 670 τὸν
1686 641 1757 669 Υἱδν
1771 640 1818 666 τοῦ

1014 696 1080 722 Θεοῦ
1091 704 1098 727 ;
1111 704 1118 721 ι
1136 695 1188 722 Τοῦ
1203 694 1231 721 δὲ
1242 715 1249 726 ,
1266 704 1275 719 ι
1294 693 1342 726 Τίς
1356 693 1425 725 ἐστι,
1441 692 1538 728 Κύριε.
1551 701 1560 717 ι
1582 686 1816 722 διακεκραγότος,

1018 751 1027 767 ‹
1042 741 1084 767 ἵνα
1102 740 1239 767 πιστεύσω
1250 740 1289 771 εἰς
1305 739 1385 767 αἰπύν
1397 748 1404 771 ;
1417 747 1427 764 ›
1440 737 1599 771 ἀντεφώνει,
1617 734 1719 767 λέγων·
1738 743 1747 757 ι
1764 731 1819 757 Καὶ

1014 787 1140 823 ἑώρακας
1153 786 1244 817 αὑτὸν,
1261 786 1307 812 καὶ
1317 786 1331 812 ὁ
1343 784 1432 811 λαλῶν
1446 783 1514 819 μετὰ
1532 781 1591 814 σοῦ,
1607 780 1716 810 ἐκεῖνος
1729 780 1818 805 ἐστιν.

1020 833 1053 859 '0
1061 833 1087 859 δὲ
1099 832 1161 867 ἔφη·
1172 830 1306 863 Πιστεύω,
1318 830 1477 866 ΚύριεᾸίαὶ
1488 828 1698 864 προσεκύνησεν
1712 823 1816 858 αὐτῷ..

1018 880 1114 906 Καίτοι
1132 878 1189 910 πῶς
1205 878 1253 913 οὐχ
1269 877 1355 904 ἅπασι
1371 876 1521 912 συμφανὲς,
1538 875 1576 906 ὡς
1591 874 1720 903 ἄποπτος
1751 878 1818 896 πανν

1017 925 1101 956 τελῶς
1114 926 1130 960 ἡ
1145 924 1204 950 Οεία
1216 932 1245 950 τε
1258 924 1304 950 καὶ
1313 923 1443 949 ἀνωτάτω
1455 921 1535 956 φύσις
1546 920 1643 954 ;‹Θεὸν
1658 919 1716 952 γὰρ
1730 917 1820 947 056:2;

1019 971 1124 1006 ἑώρακε
1145 970 1266 1002 πώποτε,
1282 980 1291 994 ι
1304 970 1374 996 κατὰ
1389 970 1419 995 τδ
1433 967 1639 1003 γεγραμμένον.
1657 965 1751 999 Εἴπερ
1773 961 1818 990 οὖν

1017 1017 1124 1048 διιστὰς
1137 1016 1235 1044 ἑαυτοῦ
1248 1015 1278 1042 τὸ
1291 1014 1472 1050 ἀνθρώπινον,
1489 1014 1527 1045 ὼς
1542 1012 1608 1040 αὐτὸ
1619 1011 1652 1046 δὴ
1664 1010 1761 1041 τοῦτο,
1773 1008 1819 1035 καὶ

1020 1063 1149 1098 πεφηνὼς
1172 1064 1205 1090 ix
1219 1063 1286 1090 Θεοῦ
1303 1062 1409 1098 Πατρδς
1424 1061 1510 1095 Λόγος
1523 1058 1638 1094 γυμνὸς,
1665 1056 1717 1083 καὶ
1739 1055 1818 1090 μόνος

1020 1111 1097 1146 ἠξίου
1111 1110 1297 1137 πιστεύεσθαι·
1310 1109 1336 1136 τί
1349 1109 1386 1145 μὴ
1404 1108 1503 1144 μᾶλλον
1518 1107 1567 1142 τὴν
1579 1106 1627 1133 τοῦ
1643 1105 1715 1132 Θεοῦ
1737 1102 1819 1138 φύσιν

1021 1155 1227 1190 ἀναλογίζεσθαι
1235 1157 1301 1187 δεῖν,
1311 1155 1372 1190 ἣτις
1384 1154 1449 1181 ποτέ
1463 1154 1531 1185 ἑστι,
1543 1152 1589 1179 τὸν
1599 1149 1630 1178 εὖ
1641 1150 1771 1177 παθόντα
1779 1149 1818 1174 δι-

1022 1202 1172 1233 εκελεύετο,
1190 1200 1333 1237 παρέδειξε
1353 1200 1382 1227 δὲ
1403 1198 1580 1234 σωματικῶς,
1599 1197 1638 1228 ὡς
1657 1196 1709 1222 καὶ
1726 1194 1819 1225 mutui;

1022 1249 1127 1284 δμμασι
1153 1247 1375 1275 καταθεάσασϐαι
1399 1250 1419 1265 ιιι
1444 1245 1531 1281 παρόν
1547 1249 1575 1277 n;
1600 1243 1654 1278 ἒςξη
1681 1241 1751 1277 γὰρ,
1779 1240 1819 1266 ὁτι

1026 1305 1035 1321 1
1051 1295 1105 1322 Καὶ
1119 1294 1245 1329 ἑώρακας
1258 1293 1349 1326 αὑτὸν,
1365 1293 1412 1320 καὶ
1425 1293 1440 1320 ὁ
1450 1291 1538 1319 λαλῶν
1553 1291 1622 1326 μετὰ
1642 1288 1703 1320 σοῦ,
1716 1286 1819 1318 ἐκεῖνός

1025 1342 1109 1368 ἐστιν.
1128 1350 1136 1366 ι
1154 1341 1190 1367 Ἦ
1213 1340 1275 1375 οὐχὶ
1297 1339 1347 1374 τὴν
1367 1339 1457 1374 σάρκα
1483 1335 1645 1372 παραδεῖξαι
1671 1335 1816 1369 φήσομεη

1025 1385 1084 1414 εἶτα
1108 1386 1167 1418 πῶς
1181 1386 1262 1417 αὐτὸς
1277 1385 1311 1412 ἂν
1333 1385 1376 1420 εἴη
1392 1383 1484 1410 λοιπὸν
1497 1383 1514 1418 ὴ
1532 1381 1611 1418 σὰρξ,
1628 1381 1653 1407 εἰ
1668 1380 1708 1415 μὴ
1734 1380 1818 1404 νοοῖτο

1025 1433 1085 1459 καθ’
1099 1432 1207 1463 ἕνωσιν,
1218 1431 1255 1463 ὡς
1270 1430 1350 1462 αὐτὸς
1361 1430 1491 1464 ὑπάρχων
1503 1428 1534 1455 τδ
1546 1427 1612 1454 ἴδιον
1623 1426 1709 1453 αὑτοῦ
1720 1434 1728 1456 ;
1745 1424 1818 1450 Καθ-

1024 1477 1097 1512 άπερ
1120 1476 1218 1512 ἀμέλει
1241 1464 1288 1502 καλ
1311 1474 1354 1509 ἐφ’
1373 1474 1451 1509 ἡμῶν
1466 1472 1564 1507 γένοιτ’
1582 1472 1615 1498 ἄν
1628 1480 1635 1487 ·
1650 1468 1819 1500 καταδεὶξειε

188 1518 335 1552 telligntur,
350 1519 421 1553 quod
433 1519 578 1546 secundum
594 1519 719 1547 unionem
736 1519 807 1547 illius
820 1520 919 1548 factum
934 1527 969 1548 est

1047 1523 1081 1558 ὰρ
1096 1522 1128 1549 ἄν
1141 1530 1182 1553 τις
1198 1522 1229 1548 οὺ
1252 1519 1473 1556 μεμερισμένως,
1494 1518 1555 1545 οὐδὲ
1573 1516 1679 1546 ἀτελῶς
1698 1516 1746 1542 τὸν
1761 1513 1819 1541 καθ’

189 1562 347 1597 proprium?
370 1562 463 1589 Simile
477 1563 541 1597 quid
562 1562 589 1589 in
612 1563 688 1590 nobis
708 1571 816 1598 qttoque
836 1564 978 1593 observare

190 1608 263 1634 licet.
286 1607 368 1635 Nemo
392 1607 464 1635 enim
488 1608 624 1636 hominem
647 1616 678 1636 ex
705 1609 794 1636 anima
819 1617 846 1637 et
866 1619 980 1644 corpore

190 1659 359 1681 constantem
385 1655 493 1682 divisim
518 1663 550 1683 ac
574 1663 607 1682 ex
634 1659 711 1690 parte
741 1661 879 1685 ostensum
910 1659 978 1692 vult,

191 1701 295 1728 etircusi
307 1701 391 1728 solam
407 1708 516 1728 carnem
531 1701 650 1736 designet
664 1711 672 1735 ;
688 1703 736 1730 sed
752 1707 847 1730 totum.

228 1745 337 1773 XXXV.
375 1745 475 1773 Scribit
496 1746 547 1773 hac
567 1747 599 1774 de
628 1754 657 1774 re
673 1747 837 1782 evangelista
862 1747 982 1777 Joannes

192 1799 324 1826 quoque:
345 1801 354 1817 Ι
372 1789 466 1824 Multa,
483 1792 531 1824 ait,
555 1797 583 1819 et
602 1792 655 1819 alia
677 1793 753 1828 signa
776 1792 839 1821 fecit
859 1793 939 1822 Jesus
954 1795 981 1823 in

193 1842 340 1871 conspectu
366 1837 569 1872 discipulorum,
587 1845 648 1872 qua:
671 1846 723 1866 non
742 1844 806 1867 sunt
827 1841 926 1875 scripta
956 1842 981 1869 in

194 1883 264 1910 libro
286 1883 348 1910 hoe.
378 1881 441 1910 Hinc
470 1888 562 1911 autem
585 1885 684 1920 scripta
712 1890 792 1918 sunt,
819 1893 850 1913 ut
869 1887 984 1915 credatis

193 1929 258 1963 quia
277 1928 356 1956 Jesus
370 1934 411 1956 est
426 1929 550 1957 Christus
565 1930 649 1958 Filius
678 1930 736 1963 Dei,
752 1936 779 1958 et
795 1937 824 1959 ut
843 1934 985 1961 credentes

196 1975 277 2001 vitam
293 1975 414 2002 habeatis
429 1975 456 2002 in
476 1976 584 2003 nomine
596 1977 655 2012 ejus
665 1977 697 2005 ".
712 1987 721 2003 ι
738 1977 827 2012 Αἰιιιιθ
853 1978 984 2007 admirari

196 2023 248 2050 hoc
264 2023 322 2050 loco
334 2027 362 2049 et
376 2022 495 2049 divinum
507 2030 614 2058 quoque
629 2023 738 2051 Petrum
751 2024 814 2052 licet
828 2032 835 2050 :
853 2025 896 2053 hic
912 2026 984 2053 enim

195 2067 329 2102 intrepide
357 2068 512 2103 diserteque
526 2068 635 2097 Judteos
656 2070 789 2105 ejusmodi
805 2072 929 2099 oratione
943 2071 985 2098 af-

197 2112 270 2139 fatur
284 2121 292 2140 :
313 2122 322 2138 ‹
341 2112 480 2147 Principes
497 2113 597 2148 populi,
615 2117 642 2141 et
655 2115 789 2147 seniores,
804 2117 826 2143 si
842 2123 892 2144 nos
907 2116 987 2144 hodie

197 2158 378 2193 dijudicamur
402 2160 429 2186 in
455 2158 597 2188 benefacto
620 2161 738 2190 hominis
761 2162 871 2196 infirmi,
889 2163 916 2191 in
934 2171 987 2198 quo

199 2205 250 2232 iste
265 2206 355 2233 salvus
375 2204 462 2234 factus
481 2212 523 2235 est
539 2216 547 2234 ι
567 2213 659 2236 notum
676 2210 712 2237 sit
726 2210 854 2238 omnibus
869 2211 946 2239 vobis
961 2217 989 2239 et
1004 2199 1025 2226 θ

198 2251 272 2277 011ιηὶ
287 2252 356 2286 plehi
373 2252 464 2287 Israel,
484 2254 554 2288 quod
568 2255 594 2282 in
614 2255 723 2283 nomine
736 2255 800 2284 Jesu
815 2256 914 2285 Christi
936 2257 989 2284 Na-

199 2298 303 2331 zareni,
322 2306 403 2332 quem
419 2307 467 2327 vos
481 2300 666 2334 cruciﬁxistis,
682 2310 763 2337 quem
785 2303 855 2330 Deus
873 2304 987 2331 suscita-

200 2344 239 2371 vit
256 2351 287 2371 ex
307 2345 430 2378 mortuis,
450 2345 477 2372 in
502 2346 553 2373 hoc
574 2347 624 2374 iste
645 2352 716 2375 astat
737 2355 828 2376 curam
850 2349 926 2376 vobis
942 2357 988 2376 sa-

201 2398 253 2418 nus
266 2390 298 2418 ¹⁶.
315 2399 326 2417 υ
341 2391 372 2418 Et
383 2396 442 2426 post
453 2392 504 2419 alia
517 2400 624 2420 rursum
638 2402 645 2420 :
663 2403 673 2419 ι
689 2394 722 2420 Et
738 2402 791 2422 non
805 2399 846 2421 est
859 2396 885 2422 in
897 2395 988 2430 aliquo

202 2436 256 2463 alio
270 2436 353 2465 salus.
383 2438 476 2473 Neque
489 2439 561 2466 enim
579 2440 651 2467 aliud
671 2447 767 2468 nomen
783 2441 836 2475 32
851 2441 901 2468 sub
920 2441 989 2469 cmlo

203 2482 295 2509 datum
312 2488 354 2510 est
373 2484 537 2518 hominibus,
563 2486 589 2513 in
613 2494 667 2521 quo
683 2491 808 2521 oporteat
828 2495 877 2514 nos
901 2487 990 2515 salvos

205 2526 262 2554 ﬁeri
279 2528 311 2556 ¹⁷,
343 2539 352 2554 ι
376 2529 484 2564 Ecquis,
506 2532 629 2565 obsecro,
643 2538 686 2560 est
709 2533 753 2560 ille
772 2533 817 2568 qui
833 2538 860 2560 et
876 2539 989 2560 mortem

205 2573 297 2607 subiit,
314 2579 340 2601 et
355 2582 415 2602 cum
431 2576 566 2612 triutnpho
582 2586 596 2604 a
613 2579 727 2606 mortuis
738 2579 883 2612 excitatus,
897 2584 925 2607 ct
938 2579 990 2606 Na-

247 2660 267 2695 7'7'
280 2659 357 2687 Joan.
371 2669 409 2695 ιι,
423 2662 470 2690 25.
505 2664 526 2679 ¹²
541 2664 607 2692 ibid.
620 2665 665 2693 56.

211 2693 232 2710 ¹⁷
246 2694 311 2722 ibid.
326 2697 366 2724 l2.

1033 1569 1102 1603 ἡμᾶς
1118 1567 1272 1603 ἄνθρωπον.
1285 1565 1332 1592 τὸν
1343 1566 1375 1591 ὲκ
1388 1564 1476 1600 ψυχῆς
1495 1563 1528 1599 δὴ
1538 1563 1612 1589 λὲνω
1622 1562 1670 1588 καὶ
1685 1560 1818 1596 σώματος,

1030 1616 1077 1641 καὶ
1093 1614 1147 1641 ἀπὸ
1159 1613 1242 1648 μόνης
1258 1610 1340 1638 αὑτοῦ
1353 1610 1402 1645 τῆς
1417 1609 1530 1642 σαρκός.

1067 1750 1129 1777 AE'.
1143 1748 1269 1784 Γέγραφε
1283 1747 1313 1774 δέ
1329 1754 1380 1774 που
1403 1746 1450 1773 καὶ
1461 1746 1475 1772 ὸ
1494 1745 1576 1780 σοφὸς
1596 1743 1665 1779 ¹ἡμῖν
1684 1741 1819 1777 Ἰωάννης,

1033 1797 1075 1823 ὅτι
1093 1806 1102 1821 ί
1118 1794 1207 1823 Πολλὰ
1231 1795 1279 1829 μὲν
1293 1791 1340 1820 οὖν
1351 1793 1399 1820 καὶ
1415 1792 1482 1820 ἄλλα
1494 1792 1596 1827 σημεῖα
1607 1790 1739 1825 ἐποίησεν
1752 1787 1820 1823 όῚη-

1034 1843 1097 1874 σοῦς
1113 1841 1228 1868 ἐνώπιον
1250 1840 1304 1866 τῶν
1330 1838 1459 1874 μαθητῶν
1479 1837 1574 1867 αὑτοῦ.
1593 1836 1611 1863 ἃ
1628 1837 1680 1863 οὐκ
1701 1835 1760 1861 ἔστι
1778 1842 1821 1868 γε·

1034 1888 1181 1925 γραμμὲνα
1194 1888 1223 1914 ὲν
1237 1886 1276 1921 τῷ
1290 1885 1384 1921 βιϐλίῳ
1396 1885 1494 1920 τούτῳ,
1508 1883 1602 1910 Ταῦτα
1616 1882 1644 1908 δὲ
1657 1882 1818 1916 γέγραπται,

1035 1935 1080 1961 ἵνα
1095 1933 1270 1968 πιστεύσητε,
1283 1933 1325 1958 ὅτι
1345 1931 1449 1966 Ἰησοῦς
1472 1931 1546 1956 ἐστιν
1563 1929 1578 1955 ὁ
1594 1927 1715 1964 Χριστὸς
1735 1927 1749 1953 ὁ
1764 1927 1820 1956 Υἱὸς

1035 1980 1082 2008 τοῦ
1103 1980 1192 2013 Θεοῦ,
1217 1979 1265 2006 καὶ
1287 1979 1330 2005 ἵνα
1351 1976 1528 2007 πιστεύοντες
1547 1975 1621 2007 ζωὴν
1645 1974 1726 2008 ἔχητε
1743 1974 1770 1999 ἐν
1786 1972 1819 2006 τῷ

1036 2027 1148 2062 ὀνόματι
1163 2025 1258 2053 αὑτοῦ.
1271 2035 1280 2051 ι
1296 2023 1490 2058 Κατατεθήποι
1505 2022 1528 2048 δ’
1543 2022 1575 2049 ἄν
1587 2029 1632 2052 τις
1647 2021 1679 2046 οὐ
1696 2021 1770 2055 μεῖον
1780 2018 1819 2044 καὶ

1036 2074 1082 2100 τὸν
1105 2073 1249 2100 Θεσπέσιον
1272 2070 1386 2105 Πέτρον,
1409 2068 1548 2099 Ἰουδαίοις
1572 2064 1819 2102 προσπεφωνηκότα

1039 2119 1132 2154 σαφῶς
1154 2119 1200 2146 καὶ
1226 2117 1395 2152 ἀναφανδόν·
1415 2124 1424 2141 ι
1446 2115 1595 2150 ’Ἄρχοντες
1613 2112 1662 2139 τοῦ
1687 2112 1753 2139 λαοῦ
1779 2111 1819 2137 καὶ

1039 2164 1230 2200 πρεσὸύτεροι,
1257 2163 1282 2189 εἰ
1306 2162 1387 2196 ἡμεῖς
1412 2161 1535 2196 σήμερον
1559 2158 1764 2194 ἀνακρινόμεθα
1783 2157 1819 2184 ἐπ’

1040 2210 1184 2246 εὐεργεσίᾳ
1206 2207 1349 2244 ἀνθρώπου
1372 2207 1512 2239 ἁσοενοῧς,
1526 2206 1555 2233 ἓν
1574 2205 1629 2232 τίνι
1644 2201 1724 2235 οὗτος
1745 2204 1820 2230 σέσω-

1040 2265 1117 2283 σται·
1137 2255 1257 2290 γνωστὸν
1273 2254 1343 2281 ἔστω
1366 2255 1448 2280 πᾶσιν
1465 2254 1540 2288 ὑμῖν,
1560 2252 1607 2280 καὶ
1625 2251 1709 2278 παντὶ
1722 2250 1760 2285 τῷ
1773 2249 1820 2284 λαῷ

1045 2302 1163 2338 Ἰσραὴλ,
1182 2303 1223 2328 ὅτι
1236 2303 1265 2328 ὲν
1276 2301 1315 2336 τῷ
1333 2301 1446 2335 ὀνόματι
1466 2298 1554 2334 Ἰησοῦ
1572 2298 1694 2334 Χριστοῦ
1707 2296 1753 2323 τοῦ
1771 2296 1808 2322 Na

1041 2349 1171 2385 ζωραίου,
1185 2347 1215 2374 ὃν
1231 2348 1310 2383 ὑμεῖς
1330 2346 1533 2381 ἐσταυρώσατε,
1547 2343 1576 2371 ὃν
1590 2344 1604 2369 ὁ
1628 2342 1697 2374 Θεὸς
1722 2343 1822 2377 ἤγειρεν

1041 2396 1075 2422 ὲκ
1097 2393 1211 2429 νεκρῶν,
1238 2394 1266 2419 ὲν
1294 2392 1381 2426 τούτῳ
1402 2389 1480 2422 οὗτος
1510 2390 1687 2426 παρέστηκεν
1719 2387 1821 2414 ἐνώπιον

1041 2440 1118 2474 ὑμῶν
1130 2440 1237 2474 ὑγιής.)
1252 2439 1309 2465 Καὶ
1319 2438 1377 2473 μεθ’
1388 2438 1470 2472 ἕτερα
1484 2435 1567 2462 πάλιν
1578 2443 1585 2450 ·
1600 2443 1610 2460 ι
1624 2435 1682 2460 Καὶ
1695 2434 1745 2460 οὐκ
1759 2433 1822 2459 ἔστιν

1041 2488 1069 2513 ὲν
1085 2487 1157 2521 ἄλλῳ
1173 2485 1261 2512 οὐδενὶ
1274 2487 1290 2520 ἡ
1313 2483 1434 2519 σωτηρία
1446 2490 1455 2499 ’
1471 2482 1532 2509 οὐδὲ
1555 2481 1610 2517 γὰρ
1626 2481 1723 2516 ἕτερον
1747 2478 1821 2514 ὄνομά

1041 2533 1116 2558 ἔστιν
1127 2531 1179 2558 ὑπὸ
1193 2531 1238 2558 τὸν
1253 2529 1366 2565 οὐρανὸν
1377 2529 1406 2555 τὸ
1421 2527 1564 2563 δεδομένον
1581 2527 1611 2553 ὲν
1623 2525 1784 2561 ἀνθρώποις,
1796 2525 1821 2550 ἐν

1041 2575 1064 2613 ᾧ
1081 2579 1121 2605 δεῖ
1139 2578 1258 2613 σωθῆναι
1271 2577 1354 2613 ἡμᾶς.
1375 2586 1384 2602 ι
1401 2575 1450 2606 Τίς
1466 2573 1513 2602 οὖν
1531 2574 1587 2611 ἄρα
1606 2573 1682 2601 ἐστὶν
1702 2574 1716 2600 ὁ
1728 2572 1770 2600 καὶ
1782 2571 1820 2598 θά-

717 2665 739 2682 ¹³
753 2666 818 2694 ibid.
838 2666 883 2698 57.
906 2667 952 2694 58.

1043 2666 1114 2694 Ioan.
1128 2674 1147 2700 ι,
1169 2666 1213 2693 is.
1246 2666 1269 2682 ¹⁵
1290 2663 1369 2693 Joan.
1384 2672 1431 2699 xx,
1445 2663 1491 2699 30,
1505 2663 1550 2691 5i.
1587 2661 1610 2679 ¹⁶
1623 2661 1686 2690 Act.
1703 2668 1738 2695 iv,
1756 2657 1817 2688 8-10.

760 2779 848 2808 Varia:
866 2780 993 2810 lectiones
1014 2781 1119 2810 codicis
1134 2778 1312 2817 Sc'guieriaui.

247 2846 270 2862 II
285 2841 466 2870 καταθεᾶσθαι
482 2842 585 2878 παρών.
623 2848 637 2863 ιι
655 2846 784 2881 παρόντα.
