1883 3056
163 159 234 189 H87

683 156 712 184 S.
733 154 873 184 CYRILLI
892 151 1128 182 ALEXANDBINI
1147 149 1310 179 ARCHIEP.

1754 145 1822 173 “88

163 225 223 246 cem
239 217 387 250 feciteum,
400 216 464 252 quia
480 223 533 244 non
550 215 637 244 credit
651 215 677 242 in
691 215 876 243 testimonium
886 215 959 250 quod
973 218 996 248 Α
1010 213 1058 240 τοῦ
1073 212 1167 240 δούλου

1050 213 1058 240 i
1073 212 1167 240 δούλου
1186 213 1289 248 μορφῇ,
1303 210 1455 247 μοναδικῶς
1469 209 1517 238 καὶ
1541 209 1638 241 ίδικῶς
1655 206 1730 243 ἐμὸς
1754 207 1825 239 ἄλη·

165 263 325 291 testiﬂcatus
341 267 383 291 est
402 262 475 291 Deus
500 263 535 290 de
549 261 617 289 Filio
631 269 682 289 suo
694 262 727 288 '°.
748 271 758 287 ι
786 261 958 289 Testiiicatus

163 313 206 334 est
221 314 312 335 autem
328 315 404 342 eum,
420 307 468 341 qui
483 314 566 335 carne
580 307 727 342 servilique
743 306 831 334 forma
851 306 959 333 indutus

163 355 300 388 apparuit,
317 354 407 386 unice,
422 355 532 389 proprie
550 361 583 381 ac
597 361 660 381 vere
675 361 755 381 suum
770 361 830 381 esse
849 352 957 380 Filium.

164 397 297 427 Praeterea
320 399 455 427 illustrem
471 399 544 426 illam
557 400 630 427 sacri
648 399 819 435 baptismatis
831 398 958 433 gratiam,

163 452 279 479 qumque
302 446 351 480 ipsi
370 446 490 473 cohzeret
509 446 730 478 viviﬁcationem,
745 450 773 473 et
789 445 834 472 Dei
851 444 960 479 partici-

164 491 298 524 pationem
315 486 363 526 per
377 491 619 519 sanctificationem
637 491 663 518 in
679 491 782 526 Spiritu
805 498 854 525 per
865 489 959 518 Iesum

164 536 300 563 Christum
329 537 408 564 nobis
437 537 589 571 obtingere,
624 537 770 564 fatebimur
793 537 958 564 necessario.

164 581 335 610 Meminimus
367 583 439 610 enim
465 582 596 610 Joannem
618 583 751 610 dicentem
769 592 776 609 ε
794 592 804 608 r
823 581 875 615 Qui
899 587 960 617 post

163 636 208 655 me
228 633 359 656 venturus
383 634 435 661 est,
459 628 555 656 fortior
577 636 619 656 me
642 633 693 660 est,
715 628 794 663 cujus
823 636 875 655 non
899 636 959 656 sum

163 671 261 705 dignus
288 672 471 700 calceamenta
497 678 630 708 portare:
656 674 708 701 iste
738 681 786 701 vos
814 673 961 708 baptizabit

164 716 268 753 Spiritu
293 723 386 746 sancto
403 724 431 746 et
447 719 501 754 igni
517 720 551 746 ’⁷.
576 728 586 746 ι
613 718 672 746 Jam
695 720 739 747 hic
757 723 785 747 te
800 720 937 754 interrogo
951 728 959 747 :

164 773 228 792 num
248 765 349 800 Spiritu
365 770 461 792 sancto
478 770 505 793 et
516 766 571 800 igni
590 764 732 799 baptizare
750 773 829 801 posse
844 773 913 800 opus
925 767 961 794 sit

164 811 251 839 solius
266 812 391 839 humana:
408 812 532 839 naturm?
548 811 626 845 Quis,
640 820 743 846 quzeso,
756 812 829 840 istud
849 813 961 840 credat?

162 858 244 892 Atqui
263 858 351 885 virum
368 857 443 885 illum
462 858 509 892 qui
528 866 589 886 mox
615 858 760 886 adfuturus
773 866 805 886 ac
828 858 961 886 videndus

1009 259 1064 292 θὼς
1078 259 1152 291 Υἱός.
1166 259 1222 286 Καὶ
1233 258 1318 294 αὐτὴν
1333 257 1362 284 δὲ
1377 257 1427 292 τὴν
1439 257 1483 284 διὰ
1496 257 1544 284 τοῦ
1558 255 1639 290 ἁγίου
1654 252 1823 288 βαπτίσμα-

1008 314 1054 338 τος
1070 305 1170 332 εὐκλεᾶ
1184 305 1274 340 χάριν,
1294 303 1343 331 καὶ
1365 304 1414 339 τὴν
1427 304 1455 330 ὲν
1470 302 1546 339 αὖτῷ
1569 300 1760 335 ζωοποίησιν,
1775 299 1823 324 καὶ

1009 352 1058 388 τὴν
1072 352 1140 379 Θεοῦ
1156 351 1266 387 μέθεξιν
1281 351 1315 377 δι’
1326 349 1465 385 ἁγιασμοῦ
1480 350 1509 376 ἐν
1523 347 1680 383 Πνεύματι,
1696 344 1746 372 διὰ
1769 344 1823 378 ’ἰη-

1010 398 1058 425 σοῦ
1069 397 1189 434 Χριστοῦ
1203 396 1363 432 πεπρᾶχθαι
1373 395 1495 431 δώσομεν
1509 394 1682 429 ἀναγκαίως.
1695 392 1820 426 Metui-,-

1012 444 1082 480 μεθα
1094 444 1149 479 γὰρ
1166 443 1290 470 Ἰωάννου
1305 443 1432 477 λέγοντος
1444 450 1451 457 ’
1465 451 1475 467 ι
1503 441 1532 468 '0
1552 441 1643 467 ὀπίσω
1665 448 1719 475 μου
1737 437 1822 473 ἐρχο-

1012 499 1103 526 μενος,
1116 489 1291 525 ίσχυράτερός
1305 497 1357 525 μου
1376 489 1463 521 ἐστὶν,
1478 484 1509 514 οὗ
1524 487 1575 514 οὐκ
1588 486 1648 521 ειμὶ
1673 484 1775 515 ἱκανὸς
1786 482 1821 509 ei

1011 537 1096 572 ὑποδή
1102 545 1175 572 ματα
1185 536 1330 572 βαστάσαι·
1339 536 1441 567 ἐκεῖνος
1453 535 1526 570 ὑμᾶς
1537 533 1669 569 βαπτίσει
1680 533 1710 558 ἐν
1725 529 1821 557 [Ινεύ-

1012 591 1077 618 ματι
1095 582 1166 618 ἁγίῳ
1179 583 1227 609 καὶ
1241 581 1334 617 πυρί.)
1350 579 1435 617 Ἀρα,
1450 581 1512 607 είπέ
1528 588 1583 615 μοι,
1598 579 1651 613 τῆς
1665 577 1732 605 καθ’
1742 577 1821 612 ἡμᾶς

1010 629 1222 665 ἀνθρωπότητος
1235 628 1315 664 ἔργον
1325 627 1394 655 εἶναί
1403 636 1493 663 φαμεν
1503 627 1534 653 τὸ
1544 627 1574 653 ὲν
1584 625 1731 660 Πνεύματι
1745 624 1821 658 ἁγίῳ

1011 674 1154 709 βαπτίζειν
1168 673 1299 701 δύνασθαι
1315 674 1363 701 καὶ
1377 673 1444 708 πυρί
1457 682 1465 706 ;
1485 673 1541 699 Καὶ
1554 672 1615 703 πῶς
1633 671 1666 698 ἂν
1679 671 1722 706 εἴη
1734 670 1820 696 τοῦτό

1011 730 1060 757 γε;
1086 722 1141 748 Καὶ
1167 721 1220 758 μὴν
1244 722 1330 758 ἄνδρα
1352 721 1440 756 λέγων
1461 721 1506 747 τὸν
1529 721 1592 747 ὅσον
1612 720 1724 747 οὐδέπω
1744 727 1819 753 παρ-

1011 768 1141 804 εσόμενον
1154 777 1184 795 τε
1195 768 1242 795 καὶ
1250 767 1447 803 ὀφθησόμενον,
1462 767 1543 794 αὑτὸν
1556 767 1608 802 ἔφη
1624 765 1775 802 βαπτίζειν
1789 766 1818 790 ἐν

1012 815 1078 849 πυρὶ
1096 814 1142 841 καὶ
1162 814 1233 848 ἁγίῳ
1248 813 1397 848 Πνεύματι,
1413 813 1443 839 οὐ
1467 813 1497 839 τὸ
1519 812 1662 847 ἀλλότριον
1688 811 1749 841 τοῖς
1767 809 1818 844 βα-

1013 860 1184 895 πτιζομένοις
1198 859 1303 886 ὲνιέντα
1315 859 1428 894 Πνεῦμα
1439 857 1634 894 δουλοπρεπῶς
1648 857 1698 883 καὶ
1713 857 1819 890 ὑπουρ-

162 908 232 935 erat,
247 902 350 938 Spiritu
364 908 459 931 sancto
472 909 498 931 et
516 903 578 939 igne
594 903 796 938 baptizaturum
813 904 959 938 przedicat:
978 898 999 925 Β
1012 906 1109 940 γικῶς,
1124 905 1180 932 ἀλλ’

1050 906 1109 937 ιὼς,
1124 905 1181 932 ἀλλ’
1199 905 1236 936 ὡς
1249 905 1316 932 Θεὸν
1342 904 1414 931 κατὰ
1430 904 1512 939 φύσιν
1531 905 1592 940 μετ’
1617 903 1748 937 ἐξουσίας
1766 902 1817 936 τῆς

163 949 262 984 quippe
274 957 336 977 cum
361 950 489 977 immittat
503 949 634 984 Spiritum
651 949 806 983 baptizatis,
825 957 877 976 non
895 949 961 976 alie-

164 1003 241 1028 num,
257 1001 288 1023 ut
299 1003 395 1023 servus
412 1001 438 1023 et
457 996 590 1027 minister,
609 995 655 1023 sed
672 1001 702 1022 ut
716 995 789 1022 Deus
807 996 959 1022 secundum

164 1048 287 1070 naturam
311 1049 373 1070 cum
393 1049 498 1069 summa
522 1045 692 1077 potestate'et
707 1042 872 1068 auctoritate
898 1049 959 1069 eum

165 1090 211 1124 qui
244 1096 276 1116 ex
304 1088 350 1116 illo
366 1094 408 1116 est.
434 1093 463 1116 et
491 1089 576 1123 ipsius
594 1092 636 1115 est
651 1088 788 1123 proprius.
821 1087 872 1115 Per
889 1089 961 1115 hunc

164 1142 274 1170 quoque
290 1135 399 1162 divinus
417 1135 560 1162 character
575 1133 653 1161 nobis
673 1134 857 1168 imprimitur;
876 1134 960 1161 refor-

164 1187 273 1207 mamur
286 1179 358 1207 enim
372 1179 399 1206 in
418 1179 560 1206 Christum
575 1177 679 1212 Jesum,
696 1178 779 1205 veluti
799 1179 824 1205 in
840 1178 958 1206 divinant

164 1226 310 1260 quamdam
324 1225 471 1260 imaginem
487 1233 494 1252 :
513 1232 567 1251 non
579 1224 651 1259 quod
668 1231 827 1258 corpoream
843 1223 961 1258 aliquam

164 1271 414 1298 conformationem
438 1271 584 1298 subeamus
604 1270 699 1305 (istud
719 1278 838 1304 namque
854 1271 961 1306 opinari

164 1317 287 1351 desipere
300 1317 388 1353 esset)
400 1326 407 1350 ;
421 1318 467 1345 sed
491 1317 563 1352 quod
579 1317 698 1352 Spiritus
712 1317 799 1344 sancti
813 1318 960 1352 participes

163 1362 263 1395 effecti,
284 1364 371 1398 ipsum
385 1363 411 1390 in
425 1363 504 1390 nobis
525 1363 667 1391 Christum
696 1363 855 1395 habeamus,
875 1363 912 1390 ita
932 1368 962 1391 ut

1013 951 1145 978 ἀνωτάτω
1160 951 1190 978 τὸ
1206 951 1236 983 ἐξ
1257 950 1340 978 αὑτοῦ
1357 959 1386 977 τε
1406 951 1453 977 καὶ
1470 951 1536 977 ἴδιον
1549 950 1632 977 αὑτοῦ
1645 958 1652 965 ·
1667 949 1705 976 δι’
1719 945 1754 975 οὗ
1770 949 1817 975 καὶ

1013 998 1028 1023 ὁ
1047 997 1118 1029 θεῖος
1142 998 1208 1033 ἡμῖν
1231 997 1428 1032 ἐνσημαίνεται
1444 997 1601 1033 χαρακτήρ.
1621 996 1816 1031 Ἀναμορφού-

1016 1043 1086 1078 μεθα
1101 1043 1166 1079 γὰρ,
1179 1043 1218 1075 ὡς
1229 1044 1270 1075 εἰς
1284 1043 1376 1070 εἰκόνα
1391 1043 1440 1079 τὴν
1456 1043 1541 1076 θείαν,
1559 1044 1600 1075 εἰς
1613 1043 1736 1078 Χριστὸν
1762 1043 1815 1076 Ἰη-

1015 1089 1090 1121 σοῦν,
1123 1090 1153 1116 οὐ
1180 1090 1338 1125 σωματικὸν
1361 1090 1544 1124 ὑπομένοντες
1563 1089 1608 1116 τὸν
1631 1089 1815 1123 ἁναπλασμὶν

1014 1135 1123 1171 (κομιδῇ
1131 1136 1185 1172 γὰρ
1195 1136 1292 1171 εὔηθες
1307 1135 1413 1163 οἴεσθαι
1424 1135 1579 1170 ταυτὶ),διὰ
1589 1135 1619 1162 δὲ
1633 1134 1682 1161 τοῦ
1699 1135 1816 1170 μεταλα-

1013 1183 1071 1217 χεῖν
1087 1181 1164 1215 ἁγίου
1178 1181 1347 1218 Πνεύματος,
1364 1182 1445 1208 αὑτὸν
1463 1182 1492 1208 ἐν
1508 1182 1616 1212 ἑαυτοῖς
1631 1180 1814 1212 πλουτοῦντες

1012 1227 1146 1262 Χριστόν·
1166 1227 1203 1259 ὡς
1217 1227 1267 1263 ἥδη
1283 1228 1428 1264 χαίροντας
1441 1229 1529 1254 ἐκεῖνο
1546 1229 1648 1263 φωνεῖν
1658 1237 1664 1243 ·
1683 1237 1693 1253 ‹
1716 1227 1815 1262 ’Δγιλ-

1013 1273 1116 1300 λιάσοω
1129 1274 1145 1309 ἡ
1158 1274 1231 1309 ψυχή
1258 1282 1310 1309 μου
1328 1274 1374 1300 ἐπὶ
1393 1273 1432 1309 τῷ
1445 1274 1540 1310 Κυρίῳ
1551 1282 1557 1289 ’
1580 1274 1692 1300 ἐνέδυσε
1708 1273 1765 1308 γάρ
1782 1282 1813 1308 με

1015 1319 1123 1354 ἱμάτιον
1139 1319 1284 1354 σωτηρίου,
1299 1321 1347 1347 καὶ
1368 1320 1471 1355 χιτῶνα
1489 1320 1671 1356 εὐφροσύνης.
1683 1335 1721 1340 --
1734 1320 1813 1346 Ὅσοι

1014 1365 1069 1400 γὰρ
1080 1367 1120 1397 εἰς
1134 1366 1252 1402 Χριστὸν
1263 1366 1457 1401 ἐϐαπτίσθητε,
1475 1367 1594 1403 Χριστὸν
1606 1367 1783 1394 ἐνεδύσασθε.
1801 1376 1810 1392 ι

162 1408 218 1443 jam
241 1409 306 1437 illud
339 1411 527 1444 propheticum
547 1409 710 1437 lmlabttndis
735 1414 848 1437 cantare
869 1409 950 1437 liceat
970 1419 978 1438 :
1001 1421 1010 1437 ι
1031 1412 1154 1440 Exsultet
1178 1413 1269 1441 anima
1286 1422 1345 1441 mea
1375 1414 1400 1440 in
1419 1414 1551 1441 Domino:
1570 1414 1658 1442 induit
1673 1414 1748 1442 enim
1771 1422 1812 1441 me

164 1455 266 1482 amictu
285 1455 392 1488 salutis,
405 1455 530 1489 stolaque
551 1455 649 1482 laetitiae
663 1455 734 1482 ".—
745 1455 909 1490 Quicunque
939 1456 1010 1483 enim
1037 1457 1064 1484 in
1082 1457 1192 1485 Christo
1208 1458 1336 1493 baptizati
1351 1458 1428 1491 estis.
1444 1459 1585 1487 Christum
1606 1460 1735 1488 induistis
1747 1462 1782 1488 ".
1801 1467 1809 1484 ι

198 1501 332 1531 XXXV“.
353 1503 430 1536 Quod
450 1503 472 1530 si
487 1502 549 1537 quis
563 1502 679 1530 ulterius
699 1504 870 1538 interroget:
890 1502 958 1530 Num

1050 1503 1110 1531 AZ'.
1127 1505 1158 1531 Εἰ
1175 1505 1203 1531 δὲ
1214 1505 1246 1541 δή
1260 1514 1303 1538 τις
1317 1505 1406 1541 ἔροιτο
1419 1503 1540 1542 ιτροσιών
1552 1515 1560 1522 ·
1571 1504 1636 1542 ⁷Δρ¹
1652 1505 1700 1534 οὖν
1715 1509 1756 1540 είς
1767 1509 1812 1536 ἄν·

164 1557 230 1585 ει·κο
243 1549 269 1576 in
281 1549 417 1576 hominem
440 1548 570 1583 baptizati
594 1549 714 1576 sumus?
737 1549 769 1576 Et
783 1549 834 1576 hoc
854 1549 961 1576 inficia-
976 1555 998 1584 ε
1015 1549 1124 1586 θρωπον
1136 1550 1180 1585 βεε

1050 1559 1124 1577 ωπον
1136 1550 1341 1587 βεῢαπτίσμεθα
1355 1561 1361 1585 ;
1374 1552 1430 1578 Καὶ
1442 1552 1522 1579 τοῦτο
1533 1550 1605 1580 εἶναι
1615 1553 1739 1588 φήσομεν
1750 1555 1813 1590 ἀλῆ-

164 1596 216 1624 bor
243 1596 365 1622 minime.
393 1594 447 1630 3E.
482 1595 535 1622 Sed
557 1594 609 1622 hoc
639 1602 653 1621 a
687 1595 765 1622 nobis
799 1603 960 1630 responsum

165 1643 259 1670 audiet
290 1651 296 1669 :
325 1643 400 1669 Heus
435 1647 480 1674 tu,
512 1642 636 1676 quisquis
657 1649 703 1674 es,
737 1642 802 1676 quid
840 1642 962 1670 moliris?

166 1690 239 1716 itane
267 1696 375 1716 omnem
408 1695 483 1723 spem
516 1688 542 1715 in
570 1692 670 1715 terram
695 1688 839 1716 detrahis?
869 1688 961 1723 Bapti-

167 1735 221 1762 zati
242 1741 308 1762 sane
333 1741 429 1761 sumus
449 1741 500 1760 non
529 1733 554 1760 in
575 1734 709 1760 hominem
730 1734 899 1768 simpliciter,
917 1742 962 1761 ve<

168 1789 229 1809 rum
238 1782 264 1809 in
275 1781 360 1808 Deum
371 1781 507 1807 hominem
518 1779 682 1814 factum,qui
693 1787 796 1814 pmnas.
806 1785 962 1815 veteresque

166 1834 253 1855 noxas
269 1827 303 1853 iis
313 1827 359 1861 qtti
373 1826 451 1852 fidem
465 1825 491 1852 in
504 1825 576 1852 illutn
601 1824 838 1860 praestolabantur,
851 1825 891 1852 vel
912 1833 962 1860 po-

168 1874 222 1900 tius
241 1871 372 1907 complexi
396 1874 470 1904 sunt,
486 1871 608 1910 remittit.
639 1870 714 1898 Unde
732 1870 842 1897 divinus
864 1870 962 1898 Petrus

167 1919 274 1946 Judaeos
289 1918 326 1945 ita
340 1917 487 1952 alloquitur
501 1926 507 1944 :
528 1926 537 1943 ‹
553 1916 744 1944 Paenitentiam
759 1917 840 1952 agite,
853 1922 881 1944 et
895 1917 961 1952 bap-

168 1966 267 1992 tizetur
279 1963 468 1998 unusquisque
482 1967 603 1990 vestrum
621 1963 647 1989 in
662 1964 774 1990 nomine
784 1962 848 1990 Jesu
861 1963 961 1991 Christi

169 2011 195 2037 in
212 2009 396 2037 remissionem
415 2013 588 2043 peccatorum
608 2013 784 2041 vestrorum;
802 2013 830 2036 et
845 2009 962 2044 accipie-

169 2058 204 2083 tis
218 2056 318 2083 donum
339 2055 455 2090 Spiritus
470 2054 556 2082 sancti
569 2054 601 2081 '°.
625 2063 635 2080 ι
660 2054 773 2082 Peccata
792 2062 909 2089 namque
929 2055 962 2082 iis

168 2102 215 2134 qni
233 2102 270 2129 illi
290 2102 439 2134 adhaerent,
466 2101 635 2132 eondonans,
654 2108 703 2127 suo
725 2108 787 2128 mox
816 2101 892 2135 ungit
914 2108 962 2128 eos

167 2150 277 2185 spiritu,
298 2155 378 2184 quem
395 2147 504 2183 quidem
524 2153 554 2174 ut
569 2147 616 2174 Dei
641 2146 728 2175 Patris
756 2147 875 2175 Verbum
906 2147 962 2182 ipse

167 2195 302 2227 immittit,
317 2200 343 2222 et
355 2202 387 2222 ex
400 2194 508 2230 propria
525 2199 622 2220 natura
643 2194 669 2220 in
687 2201 736 2221 nos
751 2195 828 2228 quasi
840 2202 873 2220 ex
888 2193 961 2221 fonte

1013 1597 1089 1624 θειαν
1103 1603 1127 1630 ³,
1143 1599 1191 1625 καὶ
1205 1598 1275 1634 πρὸς
1289 1598 1368 1634 ὴμῶν
1378 1599 1574 1626 ἀντακούσεται
1586 1608 1593 1615 ·
1610 1601 1750 1636 Εὺσήμει,
1766 1602 1811 1629 ἇν-

1013 1643 1107 1679 θρωπε
1118 1652 1125 1659 ·
1146 1644 1173 1670 τί
1196 1644 1273 1680 δρᾷς,
1289 1642 1311 1672 ὦ
1331 1641 1420 1678 οὗτος,
1437 1645 1631 1681 κατακομίζων
1652 1647 1659 1665 ι
1674 1647 1756 1682 ἡμῶν
1773 1649 1812 1680 εἰς

1013 1691 1064 1726 γῆν
1080 1690 1130 1726 τὴν
1146 1691 1259 1722 ἐλπίδας
1275 1691 1487 1727 Βεὸαπτίσμεθα
1510 1692 1565 1727 γὰρ
1581 1692 1632 1719 οῦκ
1646 1694 1686 1724 είς
1707 1694 1812 1728 ἄνθρω-

1013 1745 1063 1762 πον
1074 1736 1177 1768 ἁπλῶς,
1188 1736 1246 1763 ἀλλ’
1256 1737 1295 1768 εἰς
1304 1737 1371 1764 Θεὸν
1383 1737 1627 1773 ὲνηνθρωπηκότα,
1641 1740 1689 1765 καὶ
1702 1740 1810 1766 ἀνιέντα

1013 1781 1109 1816 ποινῆς
1123 1784 1148 1813 ιι,
1168 1780 1217 1807 καὶ
1229 1781 1283 1807 τῶν
1297 1781 1420 1817 ἀρχαίων
1436 1782 1610 1817 αίτιαμάτων
1629 1783 1694 1815 τοὺς
1708 1784 1758 1819 τὴν
1772 1785 1810 1815 εὶς

1013 1826 1094 1853 αὑτὸν
1110 1826 1202 1853 πίστιν
1217 1827 1427 1862 ὲκδεδεγμένους
1443 1833 1467 1860 τ,
1481 1827 1584 1863 μᾶλλον
1595 1828 1623 1855 δὲ
1638 1829 1809 1864 είσδεδεγμέ-

1013 1881 1088 1906 νους·
1103 1873 1150 1899 καὶ
1161 1873 1226 1907 γοῦν
1236 1873 1250 1899 ὁ
1264 1873 1407 1905 θεσπέσιος
1420 1874 1523 1909 Πέτρος
1540 1874 1679 1906 Ἰουδαίοις
1692 1876 1809 1911 προσλι-

1013 1919 1068 1946 λῶν
1076 1919 1127 1955 ἔφη
1137 1927 1144 1934 ·
1158 1929 1167 1945 ι
1179 1920 1374 1955 Μετανοήσατε
1385 1918 1442 1954 οὖν,
1452 1921 1499 1947 καὶ
1511 1921 1690 1956 βαπτισθήτω
1698 1922 1807 1955 ἕκαστος

1014 1964 1091 2000 ὑμῶν
1116 1965 1164 1991 ἐπὶ
1192 1965 1231 2001 τῷ
1259 1965 1372 2001 ὀνόματι
1395 1965 1484 2001 Ἰησοῦ
1506 1965 1626 2001 Χριστοῦ
1650 1967 1691 1998 εἰς
1714 1966 1806 2001 ἄφεσιν

1014 2011 1156 2046 ἁμαρτιῶν
1174 2011 1266 2047 ὑμῶν·
1284 2011 1331 2038 καὶ
1342 2011 1460 2047 λήψεσθε
1478 2012 1527 2047 τὴν
1545 2011 1650 2048 δωρεὰν
1668 2012 1715 2038 τοῦ
1733 2013 1804 2046 ἁγίου

1013 2056 1184 2092 Πνεύματος.
1207 2066 1217 2083 ι
1244 2056 1383 2083 Ἀπολύων
1409 2057 1462 2094 γὰρ
1490 2057 1631 2093 ἁμαρτίας
1663 2057 1710 2084 τὸν
1736 2058 1805 2092 αὐτῷ

1013 2102 1224 2139 προσκείμενον,
1243 2101 1283 2138 τῷ
1295 2102 1353 2138 ίδίῳ
1371 2103 1464 2130 λοιπὸν
1482 2103 1627 2138 καταχρίει
1647 2103 1803 2139 Πνεύματι,

1012 2148 1082 2184 ὅπερ
1099 2148 1188 2184 ἐνίησι
1212 2148 1261 2184 μὲν
1276 2148 1369 2181 αὐτὸς,
1383 2148 1420 2180 ὠς
1440 2149 1473 2174 ὲκ
1494 2148 1562 2175 Θεοῦ
1578 2149 1690 2184 Πατρὺς
1713 2150 1803 2184 Λόγος,

1013 2195 1061 2220 καὶ
1086 2194 1117 2226 ἐξ
1141 2194 1210 2226 ἰδίας
1232 2195 1298 2230 ἡμῖν
1324 2194 1498 2230 ἁναπηγάζει
1519 2195 1636 2228 φύσεως.
1664 2195 1761 2221 Κοινὸν
1779 2196 1803 2223 δὲ

168 2242 285 2277 quodam
306 2241 470 2268 transfundit
490 2249 497 2266 :
517 2240 668 2274 quinetiam
688 2239 818 2266 facultate
833 2240 882 2267 hac
904 2247 963 2273 pro—
978 2239 1000 2266 D
1014 2238 1110 2274 ὥσπερ
1132 2238 1164 2265 τὸ

1050 2247 1110 2274 map
1132 2238 1164 2265 τὸ
1187 2238 1283 2274 χρῆμα
1297 2238 1383 2270 τιθεὶς
1402 2239 1436 2274 τῇ
1454 2238 1522 2273 μετὰ
1541 2238 1643 2273 σαρκὸς
1669 2238 1804 2273 οἰκονομίᾳ

169 2294 228 2324 pter
262 2287 388 2314 unionem
409 2292 436 2314 et
457 2286 653 2314 incarnationis
679 2286 872 2320 oeconomiam,
897 2294 958 2313 cum

169 2335 278 2362 homine
290 2334 500 2366 communicata,
512 2333 691 2367 corporaliter
707 2339 816 2367 quoque
831 2337 862 2359 ut
880 2332 960 2359 homo

169 2380 337 2415 inspirabat;
357 2378 503 2406 insulllavit
530 2378 603 2405 enim
629 2377 656 2404 in
679 2381 789 2404 sanctos
813 2377 960 2412 apostolos,

169 2427 276 2453 dicens:
289 2434 298 2452 ‹
309 2425 430 2459 Accipite
441 2423 573 2458 Spiritum
582 2427 706 2450 sanctum
715 2422 747 2448 ³¹.
762 2431 771 2448 ι
785 2422 838 2450 Sed
851 2431 860 2448 ι
874 2429 962 2457 neque

167 2481 201 2499 ex
214 2479 342 2500 mensura
363 2471 409 2498 dat
426 2470 568 2505 Spiritum,
585 2479 594 2496 ι
609 2469 687 2503 juxta
700 2468 812 2496 Joannis
823 2476 914 2495 vocem
925 2468 960 2501 “,

169 2519 215 2545 sed
231 2526 263 2545 ex
282 2525 313 2545 se
342 2525 394 2544 non
419 2523 500 2544 secus
515 2523 547 2542 ae
568 2514 649 2542 Pater
677 2515 802 2542 eumdem
835 2512 961 2541 infundit.

172 2566 247 2592 Unde
267 2572 382 2599 magnus
393 2563 436 2590 ille
446 2563 548 2590 Paulus
559 2567 642 2590 totam
656 2562 727 2589 hanc
742 2561 960 2589 controversiam

169 2619 184 2638 e
200 2611 288 2638 medio
300 2611 406 2642 tollens.
428 2609 507 2637 modo
526 2608 658 2644 Spiritum
678 2608 732 2635 Deo
743 2613 771 2636 et
785 2607 870 2640 Patri,
883 2608 963 2634 modo

172 2664 279 2683 rursum
301 2656 351 2690 ipsi
371 2655 439 2683 Filio
457 2654 562 2682 tribuit.
589 2654 635 2682 Sic
654 2655 725 2682 enim
744 2654 857 2681 scribit:
876 2662 885 2679 ι
909 2653 963 2681 Vos

1012 2285 1057 2312 διὰ
1069 2285 1119 2321 τὴν
1143 2285 1251 2316 ἕνωσιν,
1270 2285 1318 2312 καὶ
1338 2285 1376 2316 ὡς
1393 2285 1537 2320 ἄνθρωπος
1564 2284 1673 2311 ὲνέπνει
1690 2293 1805 2319 σωματι-

1014 2331 1087 2364 κῶς·
1106 2330 1256 2366 ἐνεφύσησε
1271 2331 1325 2367 γὰρ
1340 2332 1397 2364 τοῖς
1413 2331 1501 2365 ἁγίοις
1513 2330 1687 2362 ἀποστόλοις,
1707 2331 1803 2357 εἰπών·

1017 2388 1026 2405 ‹
1044 2377 1149 2406 Λάϐετε
1173 2377 1285 2413 Πνεῦμα
1300 2379 1388 2412 ἆγιον.
1410 2387 1419 2403 ι
1435 2378 1490 2404 Καὶ
1507 2386 1516 2403 ‹
1532 2378 1583 2404 οὐκ
1603 2378 1637 2403 ὲκ
1653 2377 1755 2413 μέτρου
1770 2377 1805 2403 δί-

1013 2425 1090 2457 δωσι,
1106 2434 1115 2450 r
1142 2423 1212 2450 κατά
1227 2423 1277 2460 τὴν
1297 2424 1421 2451 Ἰωάννου
1435 2424 1537 2458 φωνὴν,
1553 2423 1584 2449 τὸ
1601 2423 1729 2458 Πνεῦμα,
1752 2423 1805 2450 ἀλλ’

1014 2470 1095 2502 αὐτὸς
1108 2470 1212 2506 ἐνίησιν
1226 2470 1256 2502 ἐξ
1268 2469 1378 2503 ἑαυτοῦ,
1397 2470 1523 2505 καθάπερ
1548 2469 1646 2504 ἀμέλει
1665 2469 1714 2495 καὶ
1728 2470 1741 2495 ὸ
1755 2469 1804 2495 Πα-

1016 2517 1079 2552 τήρ.
1093 2516 1149 2543 Καὶ
1161 2516 1225 2550 γοῦν
1237 2517 1251 2543 ὁ
1274 2515 1418 2547 θεσπέσιος
1433 2515 1549 2546 Παῦλος,
1568 2515 1634 2550 ὃλην
1654 2515 1804 2550 ἀποστήσας

1016 2562 1066 2598 τὴν
1077 2562 1105 2588 ἒν
1120 2571 1152 2596 γε
1165 2562 1252 2597 τούτῳ
1267 2561 1410 2598 διαφορὰν,
1426 2561 1492 2588 ποτὲ
1511 2561 1561 2596 μὲν
1575 2561 1651 2596 αὐτῷ
1674 2567 1687 2581 ι
1703 2561 1741 2596 τῷ
1753 2561 1803 2595 Θεῷ

1016 2608 1064 2634 καὶ
1085 2608 1174 2643 Πατρὶ
1200 2607 1364 2642 προσνέμων
1381 2607 1489 2642 ὁρᾶται,
1503 2607 1568 2634 ποτὲ
1589 2607 1612 2634 δ’
1632 2605 1666 2634 αὖ
1681 2607 1721 2642 τῷ
1745 2607 1801 2641 Υἱῷ.

1017 2654 1121 2690 Γράφει
1144 2653 1198 2689 γὰρ
1217 2650 1285 2681 ὦδε·
1305 2662 1315 2680 ‹
1339 2653 1433 2688 Ὑμεῖς
1456 2652 1485 2679 δὲ
1507 2653 1559 2679 οὐκ
1583 2652 1645 2679 ἔστε
1673 2654 1704 2680 ὲν
1721 2654 1802 2691 ιιαριιὶ¹

205 2732 229 2748 ’⁸
241 2731 339 2760 Ηοιιιι.
357 2740 384 2767 v,
399 2732 426 2766 9,
443 2733 487 2760 10.
526 2733 547 2748 ’⁷
567 2732 661 2760 Matth.
677 2740 718 2766 ιιι,
739 2733 781 2760 ιι,
804 2732 825 2748 ⁸⁸
842 2731 912 2759 Psal.
925 2739 1018 2764 xxxiv,
1031 2731 1058 2759 9.
1079 2732 1102 2747 “
1114 2731 1180 2759 Gala

1051 2751 1058 2758 .
1079 2732 1102 2747 “
1114 2731 1202 2759 Galat.
1218 2739 1259 2765 ιιι,
1271 2731 1316 2759 27.
1341 2731 1364 2746 ’⁸
1381 2731 1445 2759 Act.
1461 2739 1490 2764 ιι,
1506 2730 1552 2758 28.
1575 2731 1597 2747 ³¹
1611 2731 1692 2760 Joan.
1706 2739 1749 2764 xx,
1763 2731 1800 2759 22.

718 2810 804 2838 Varia:
820 2811 949 2838 lectiones
976 2811 1077 2838 codicis
1093 2810 1274 2847 Segnieriani.

209 2880 222 2897 ⁸
240 2878 351 2914 ἀληθές.

391 2881 399 2898 ί
415 2880 617 2915 κατακομίζεις.

657 2887 667 2899 υ
686 2879 794 2907 mntiri.
831 2884 846 2898 τ
865 2879 1087 2915 ενπΞεδεγμένους
1103 2879 1205 2915 absque
1221 2880 1284 2908 alits
1302 2879 1402 2909 verbis.

1446 2885 1457 2898 ι
1472 2877 1549 2904 αὑτό.
