1883 3056
101 146 173 175 H89

587 153 630 182 DE
651 153 764 183 RECTA
785 154 863 183 FIDE
883 155 929 182 AD
948 155 1173 188 TIIEODOSIUM
1192 160 1262 190 IMP.

1670 171 1740 200 “‘30

100 208 159 234 ἀλλ’
185 210 213 236 ἐν
230 211 386 247 Πνεύμαιτι,
407 207 485 249 εἴπερ
509 214 623 250 Πνεῦμα
648 215 716 243 Θεοῦ
741 216 841 244 ἐνοικεῖ
863 218 883 243 ἐι

973 221 1035 244 item
1057 219 1082 246 in
1104 227 1185 248 carne
1197 230 1248 249 non
1266 223 1342 257 estis,
1363 225 1410 253 sed
1425 226 1451 253 in
1469 227 1571 263 Spiritu
1587 237 1595 257 :
1610 231 1634 258 si
1648 236 1738 261 tamen

99 255 175 290 ὑμῖν.
195 256 228 281 Εἴ
241 265 282 288 τις
296 258 324 284 δὲ
339 258 451 294 Πνεῦμα
465 260 584 294 Χριστοῦ
598 262 648 288 οὐκ
665 262 732 298 ἔχει,
750 260 828 295 οὗτος
843 265 883 290 οὗ)

99 300 173 313 li--.“
194 302 272 313 .λ.’...4”
286 310 293 313 .
318 304 338 313 ,r
366 303 387 313 με
413 304 435 313 ν
504 305 510 313 ι
547 306 553 312 ι
603 307 609 313 ι
638 309 648 313 ..
710 307 715 313 ι
759 308 765 313 ι
833 309 846 313 .-

972 263 1065 297 piritus
1085 264 1132 292 Dei
1153 266 1258 295 habitat
1280 269 1308 296 in
1328 255 1414 305 vobis,
1435 272 1463 300 Si
1482 255 1738 313 t..i.".ti;}.;"§p{3

97 300 174 327 ἔστιν
191 302 272 328 αὖτοῦ
286 310 293 317 ’
314 304 338 329 εἰ
364 303 391 330 δὲ
413 304 531 340 Χριστὸς
545 306 574 332 ἐν
599 307 673 342 ὑμῖν,
692 307 722 334 τὸ
738 308 787 344 μὲν
812 309 893 345 σῶμα

97 346 197 381 νεκρὸν
212 348 256 375 διὰ
275 349 423 385 ἁμαρτίαν,
441 351 471 378 τὸ
490 351 518 378 δὲ
534 352 643 388 πνεῦμα
660 353 714 385 ζῶν
735 354 778 382 διὰ
790 355 893 382 δικαιο-

97 392 193 429 σύνην.
214 404 223 420 ι
249 395 367 431 ’Ἃραρεν
382 395 441 430 οὖν,
456 399 496 425 ὅτι
512 400 560 426 καὶ
580 400 645 427 ι’διόν
663 402 721 428 ἐστι
735 402 765 428 τὸ
779 402 892 437 Πνεῦμα

94 438 145 465 τοῦ
163 439 240 471 Ποῦ,
258 442 304 468 καὶ
315 441 373 469 οὔτι
390 453 440 470 που
462 445 541 479 μόνον
588 447 674 481 Λόγος
687 448 745 474 ἐστὶ
762 448 891 484 πεφηνὼς

95 485 130 512 ἐκ
148 487 264 523 Πατρδς,
286 489 343 516 ἀλλ’
357 491 381 517 εἰ
402 492 450 518 καὶ
467 494 553 519 νοοῖτο
573 494 634 520 καθ’
653 496 728 530 ἡμᾶς
746 496 890 531 ἄνθρωπος

93 532 227 566 γεγονὼς,
242 535 272 560 οὑ
287 536 342 562 τῶν
356 537 403 572 τῆς
418 537 545 574 θεότητος
561 541 714 576 ἰδιωμάτων
731 542 768 574 ὼς
784 544 812 569 ἐν
837 543 889 579 ἰδίᾳ

93 578 178 612 φύσει
194 579 364 616 λειπόμενος.
383 584 437 610 Καὶ
459 585 521 619 γοῦν
537 586 618 618 αὐτὸς
639 587 799 623 ὑπάρχωνή
820 589 888 616 πάν-

91 632 149 650 ⁴των
170 625 238 661 ζωὴ,
252 626 296 653 διὰ
319 627 368 663 τὴν
393 629 425 656 ἐκ
443 630 491 657 τοῦ
516 631 617 664 ζῶντος
639 633 747 668 Πατρδς
769 634 889 669 ἄρρητον

91 671 234 706 γέννησιν,
249 673 439 705 ζωοποιεῖσθαι
455 676 564 711 λέγεται
582 679 643 714 μεθ’
665 679 753 715 ἡμῶν.
772 681 850 716 Πάρα
864 681 887 707 δ’

91 714 142 743 οὖν
154 718 228 753 ὅμως
252 718 315 745 ἰδεῖν
330 721 508 757 χαριζόμενον
527 723 576 758 μὲν
600 725 633 760 τῇ
658 714 710 760 ἰδίᾳ
733 714 823 761 caput
839 726 888 761 τῆς

92 763 265 800 Θεοπρεποῦς
280 766 421 801 ἐνεργείας
441 768 490 804 τὴν
509 769 598 803 δόξαν,
613 771 799 806 οἰκειούμενον
819 770 886 799 δἀὗ

90 810 145 845 τὴν
160 811 247 847 σάρκα
262 816 286 843 7,
303 813 349 839 καὶ
365 814 445 840 οἱονεί
463 824 522 847 πως
542 816 604 842 καθ’
628 817 724 844 ἕνωσιν
748 819 886 854 οἰκονομι-

91 855 157 891 κὴν,
175 856 221 882 καὶ
236 858 269 892 τῇ
287 857 339 894 ἰδίᾳ
357 859 529 894 περιτιθέντα
545 861 635 896 φύσει,

128 981 194 1008 AH'.
218 982 252 1008 Ἦ
266 982 325 1018 οὐχὶ
339 983 371 1019 δὴ
392 985 508 1020 μάλιστα
526 987 643 1023 πρέπειν
657 989 716 1024 ἐρεῖ
732 999 774 1022 τις
793 990 833 1026 τῷ
850 1000 883 1026 γε

86 1026 147 1053 Evt:
163 1028 234 1054 κατὰ
256 1029 337 1063 φύσιν
352 1030 383 1057 ἐκ
407 1031 474 1058 Θεοῦ
490 1034 595 1070 Harpe;
614 1036 704 1072 Λόγῳ,
723 1036 762 1072 τῷ
781 1037 885 1066 ἄνωθεν

86 1072 169 1107 ἥκειν
182 1074 228 1100 καὶ
242 1074 271 1106 ἐξ
284 1075 418 1110 οὐρανοῦ,
430 1077 461 1104 τὸ
482 1078 624 1114 ζωογονεῖν
644 1079 775 1108 δύνασθαι
790 1082 825 1109 τὰ
845 1080 885 1115 οἷς

86 1120 124 1145 ἂν
139 1120 238 1147 ἐνιέναι
254 1120 376 1155 βούλοιτο
388 1124 438 1159 τὴν
450 1124 540 1160 ζωήν;
555 1126 588 1152 Τί
603 1127 630 1152 δὲ
647 1127 676 1153 τὸ
693 1127 882 1163 δημιουργεῖν,

85 1165 150 1192 εἰπέ
168 1175 230 1201 μοις
248 1167 347 1200 θεῖκῶς
363 1169 421 1206 δοίη
439 1179 480 1203 τις
491 1171 525 1199 ἂν
543 1170 624 1206 εἶναι,
643 1174 728 1209 ἢτῶν
743 1176 882 1211 ἀνθρωπί-

85 1220 158 1245 νων;
172 1213 311 1249 Οὐδαμῶς.
328 1216 388 1247 Πῶς
404 1217 509 1251 τοίνυν;
532 1220 620 1255 Ἡμᾶς
636 1220 762 1252 ζωοποιεῖ
781 1223 830 1257 μὲν
845 1223 883 1256 ὼς

85 1258 171 1290 (έ)εός·
190 1259 260 1296 πλὴν
280 1261 310 1287 οὺ
330 1261 403 1298 μόνῳ
420 1263 459 1299 τῷ
477 1266 641 1302 μεταλαχεῖν
658 1268 735 1302 ἁγίου
755 1269 883 1305 Πνεύμα-

83 1311 148 1337 τος,
172 1305 229 1332 ἀλλ’
251 1306 363 1342 ἐδεστὴν
380 1310 516 1344 παραθεὶς
540 1313 587 1338 καὶ
606 1313 655 1349 τὴν
679 1315 882 1352 ἀναληφθεῖσαν

84 1350 178 1377 σάρκα
189 1352 235 1378 τοῦ
244 1352 307 1379 Tia-3
319 1353 366 1380 τοῦ
378 1355 533 1391 ἀνθρώπου.
548 1358 619 1394 Ἔφη
634 1359 747 1396 γὰρ,ὄτι
784 1363 879 1400 Ἀμὴν,

83 1394 161 1430 ἀμὴν
186 1396 258 1431 λέγω
276 1397 352 1433 ὑμῖν,
380 1400 428 1427 ἐὰν
455 1401 493 1437 μὴ
514 1403 619 1438 φάγητε
642 1405 691 1440 τὴν
716 1407 805 1443 σάρκα
833 1409 880 1435 τοῦ

84 1441 153 1468 Υἱοῦ
168 1442 214 1468 τοῦ
238 1444 394 1480 ἀνθρώπου,
416 1448 464 1474 καὶ
481 1448 562 1484 πίητε
579 1449 609 1476 τὸ
626 1450 711 1487 αἷμα,
734 1454 783 1480 οὒκ
804 1454 880 1490 ἔχετε

83 1487 159 1524 ζωὴν
174 1489 203 1514 ἐν
218 1489 333 1522 ἑαυτοῖς.
350 1502 358 1516 ι
377 1493 662 1531 Κατακερτομοὺντων
677 1498 705 1525 δὲ
725 1500 806 1527 αὑτὸν
825 1502 880 1529 τῶν

89 1534 227 1561 Ἰουδαίων
249 1536 331 1568 ποτὲ,
354 1539 402 1564 καὶ
424 1539 474 1575 τὴν
498 1541 544 1567 ἐπὶ
566 1543 624 1573 τοῖς
640 1544 766 1579 ἀμείνοσι
790 1546 879 1582 ψῆφον

82 1581 231 1615 ἀνάπτειν,
251 1584 300 1609 οὐκ
320 1582 368 1611 οἷδ’
384 1585 473 1618 ὅπως,
496 1588 745 1625 ἐπικεχειρηκότων
768 1593 807 1628 τῷ
826 1603 879 1629 μα-

81 1627 173 1662 καρίῳ
187 1629 291 1661 Monet,
305 1631 455 1665 εἰρηκότων
466 1632 494 1659 δὲ
506 1634 659 1670 ἀναφανδόν
669 1646 676 1652 ·
690 1647 699 1663 ι
716 1639 747 1664 Οί
761 1641 879 1676 πατέρες

81 1675 164 1709 ἡμῶν
185 1675 285 1711 ἔφαγον
304 1678 335 1704 τὸ
356 1678 444 1713 μάννα
467 1681 495 1706 ἐν
518 1683 550 1717 τῇ
573 1682 684 1719 ἐρήμῳ,
708 1685 799 1718 καθώς
819 1688 880 1715 ἐστι

81 1723 288 1757 γεγραμμένον·
301 1724 408 1758 Ἄρτον
415 1726 448 1753 ἐκ
458 1727 510 1754 τοῦ
517 1729 648 1762 οΐῳανοῦ
657 1730 768 1759 ἔδωκεν
775 1734 878 1767 αὐτοῖς

81 1768 193 1802 φαγεῖν
203 1777 210 1783 ·
225 1769 252 1795 τί
267 1772 353 1802 ποιεῖς
367 1772 399 1798 σὺ
411 1775 534 1808 σημεῖον,
549 1775 593 1802 ἵνα
603 1777 775 1814 πιπεύωμέν
791 1788 849 1813 σοις
864 1790 873 1806 ι

80 1814 109 1840 τί
129 1815 250 1851 ἐργάζῃ,
271 1817 308 1849 ὡς
328 1817 431 1845 ἄνωθεν
450 1820 515 1854 ἡμῖν
539 1821 586 1848 καὶ
606 1823 636 1855 ἐξ
654 1824 770 1860 οὐρανοῦ
791 1835 876 1854 κατα-

80 1861 200 1895 κομίσας
214 1863 243 1888 τὸ
258 1863 356 1898 amita;
373 1866 454 1901 φησίν
464 1875 470 1880 ·
487 1877 496 1893 r
517 1868 612 1904 Ἀμὴν,
628 1870 702 1906 ἀμὴν
715 1871 786 1907 λέγω
799 1873 874 1909 ὑμῖν,

79 1907 112 1933 οὗ
128 1908 250 1942 Μωῡςῆς
269 1910 385 1938 δέδωκεν
402 1913 467 1947 ὑμῖν
482 1914 526 1940 τὸν
541 1915 623 1950 ἄρτον
637 1917 670 1943 ἐκ
683 1917 730 1944 τοῦ
746 1920 873 1954 οὐρανοῦ,

79 1954 137 1981 ἀλλ’
154 1956 168 1981 ὁ
184 1956 278 1992 Πατήρ
295 1965 346 1992 μου
363 1958 469 1986 δίδωσιν
485 1960 549 1996 ὑμῖν
561 1962 606 1988 τὸν
621 1963 704 1999 ἄρτον
721 1965 753 1991 ἐκ
768 1965 814 1992 τοῦ
829 1968 875 1993 οὐ-

80 2001 166 2038 ρανοῦ
188 2003 233 2029 τὸν
249 2003 385 2038 ἀληθινόν.
403 2006 431 2032 Ὀ
447 2007 500 2042 γὰρ
518 2008 600 2043 ἄρτος
615 2009 661 2036 τοῦ
679 2010 747 2038 Θεοῦ
771 2013 845 2040 ἐστιν
860 2015 874 2041 ὁ

79 2048 256 2075 καταϐαίνων
276 2050 308 2076 ἐκ
332 2051 378 2077 τοῦ
405 2052 531 2087 οὐρανοῦ.
555 2055 600 2082 καὶ
626 2055 699 2092 ζωὴν
722 2057 810 2090 διδοὺς
834 2059 873 2095 τῷ

78 2095 186 2130 κόςμῳ.
201 2105 210 2121 ι
229 2096 284 2122 Καὶ
304 2097 372 2133 πρός
389 2107 420 2132 γε
443 2100 547 2132 τούτοις
562 2101 643 2128 πάλιν
666 2106 808 2141 μονονουχὶ
825 2107 873 2133 καὶ

77 2141 205 2177 δακτύλῳ
219 2147 230 2160 ι
246 2144 423 2177 καταδεικνὺς
443 2146 539 2173 ἑαυτὸν
553 2147 710 2183 ἐνσώματον
723 2157 735 2171 ε
745 2159 751 2166 ⁸
770 2160 779 2177 r
802 2152 872 2186 Ἐγώ

77 2188 135 2223 εἰμι
150 2188 164 2213 ὁ
177 2187 258 2223 ἄρτος
271 2189 284 2214 ὁ
302 2189 365 2220 ζῶν.
381 2191 395 2215 ὀ
410 2192 441 2217 ὲκ
463 2192 510 2218 τοῦ
524 2193 640 2229 οὖροινοῦ
655 2197 786 2229 καταϐάς.
808 2199 871 2226 Ἐάν

903 891 924 919 Β

893 1567 913 1596 G

945 308 1026 335 ritum
1048 309 1148 338 Christi
1170 320 1222 340 non
1238 313 1327 348 habet,
1349 315 1394 343 hic
1413 325 1466 346 non
1487 326 1530 347 est
1549 320 1617 355 ejus.
1638 323 1666 350 Si
1690 308 1738 352 au-

944 357 998 381 tem
1013 354 1137 384 Christus
1152 357 1179 385 in
1196 358 1274 386 vobis
1291 365 1343 393 est,
1357 369 1458 398 corpus
1475 365 1583 399 quidem
1599 373 1736 397 mortuum

943 404 986 427 est
1004 407 1114 436 propter
1132 410 1284 438 peccatum,
1304 407 1417 441 spiritus
1435 415 1528 438 autem
1543 413 1610 440 vivit
1624 420 1737 450 propter

940 445 1164 480 justiﬁcationem
1179 450 1212 477 ³³.
1237 460 1246 476 ι
1269 451 1347 480 Patet
1367 461 1431 490 ergo
1446 455 1579 491 Spiritum
1595 445 1655 487 Filii
1669 445 1737 495 quo-

942 500 996 527 que
1021 495 1159 528 proprium
1180 503 1257 530 esse,
1277 506 1327 526 nec
1345 499 1433 528 solum
1454 507 1589 536 quatenus
1617 504 1735 535 Verbum

941 545 984 567 est
1000 548 1032 568 ex
1046 540 1125 569 Patre
1143 544 1280 578 prodiens,
1294 546 1340 573 sed
1356 548 1437 574 etiam
1451 549 1474 575 si
1491 551 1624 585 cogitetur
1638 560 1737 580 secun-

941 585 1003 612 dum
1033 594 1082 614 nos
1103 587 1183 616 homo
1210 591 1309 624 factus,
1333 593 1480 622 divinitatis
1510 597 1733 633 proprietatibus,

940 639 1000 667 quin
1020 641 1045 660 in
1067 636 1203 670 propriam
1231 638 1304 665 illitis
1326 645 1450 668 naturam
1476 644 1651 679 conveniunt,
1679 654 1734 674 non

940 679 1096 708 destitutus.
1116 680 1183 708 Nam
1205 683 1267 711 licet
1286 690 1315 711 ut
1333 686 1414 713 homo
1434 687 1549 721 proinde
1568 697 1600 717 ac
1620 699 1669 718 nos
1693 693 1734 719 vi-

939 724 1043 752 vilicari
1063 726 1198 754 interdum
1214 728 1339 762 dicatur;
1360 736 1479 760 attamen
1496 740 1607 769 propter
1618 737 1734 773 inexpli-

939 770 1052 798 cabilem
1070 772 1141 799 illam
1162 781 1194 801 ex
1216 775 1323 803 vivente
1341 776 1421 805 Patre
1440 781 1653 815 generationem,
1674 791 1733 810 om-

938 817 1014 844 nium
1032 817 1086 845 vita
1106 820 1225 847 exsistit.
1258 820 1355 849 Videre
1375 828 1417 850 est
1440 829 1529 851 autem
1548 825 1592 853 ubi
1614 827 1731 857 Verbum

939 863 1036 890 divinae
1059 865 1177 892 actionis
1200 866 1315 900 gloriam
1341 868 1458 902 propria:
1475 871 1549 898 carni
1571 871 1703 907 largiatur
1722 883 1731 903 :

939 913 1031 936 contra
1045 916 1153 937 rursum
1172 911 1216 938 ubi
1229 919 1291 946 quae
1304 913 1394 940 carnis
1407 919 1482 948 sunt,
1492 915 1518 941 in
1532 923 1561 943 se
1574 918 1730 952 transferat,

937 959 970 980 ac
994 959 1104 988 propter
1128 956 1340 990 dispensationis
1369 959 1495 986 unionem
1521 963 1637 996 propria:
1662 972 1731 999 quo-

936 997 1081 1026 dammodo
1101 1005 1205 1028 natura:
1221 1002 1332 1029 tribuat.

972 1044 1114 1074 XXXVIII.
1145 1047 1244 1074 Annon
1271 1048 1296 1075 in
1326 1049 1454 1084 Verbum,
1487 1054 1558 1088 quod
1580 1056 1731 1084 secundum

936 1095 1061 1118 naturam
1085 1099 1100 1118 a
1133 1092 1189 1120 Deo
1205 1092 1288 1122 Patre
1314 1097 1449 1130 procedit,
1463 1100 1582 1128 maxime
1601 1104 1730 1131 convertit

935 1143 1052 1171 superne
1068 1145 1099 1165 ac
1114 1139 1147 1166 de
1165 1139 1234 1167 cutio
1249 1140 1354 1175 venire,
1371 1143 1425 1178 35
1441 1151 1528 1179 eaque
1556 1147 1655 1181 quibus
1686 1150 1728 1177 vi-

936 1187 991 1209 tam
1005 1183 1137 1218 impartiri
1153 1186 1282 1221 voluerit,
1302 1195 1381 1222 posse
1396 1190 1553 1220 viviﬁcare?
1566 1194 1624 1229 Dic,
1636 1203 1729 1230 quaeso

935 1235 973 1265 te,
987 1233 1108 1267 nunquid
1139 1234 1232 1263 divino
1265 1237 1345 1264 modo
1363 1239 1481 1267 condere
1512 1249 1544 1269 ac
1573 1251 1726 1278 procreare.

934 1276 1058 1306 humana:
1074 1284 1178 1308 natura:
1193 1281 1364 1316 largiendum
1379 1285 1442 1312 est?
1457 1285 1570 1315 Minime
1592 1291 1726 1324 gentium.

933 1322 1026 1357 Ecquo
1042 1332 1107 1359 ergo
1131 1326 1211 1354 modo
1236 1335 1285 1355 nos
1307 1328 1443 1358 vivilicat?
1462 1337 1489 1358 ut
1511 1332 1582 1361 Deus
1597 1344 1604 1361 :
1619 1342 1728 1363 verum-

934 1374 1023 1397 tamen
1054 1380 1106 1398 nun
1133 1380 1181 1407 per
1198 1374 1248 1401 lioc
1264 1375 1350 1402 solum
1369 1377 1394 1404 id
1423 1377 1498 1411 facit,
1514 1381 1585 1414 quod
1601 1388 1724 1411 sanctum

932 1416 1010 1443 nobis
1033 1418 1164 1452 Spiritum
1196 1420 1361 1455 impartitur,
1378 1424 1424 1451 sed
1451 1433 1498 1459 per
1523 1427 1574 1454 hoc
1602 1435 1723 1464 quoque,

932 1462 1002 1496 quod
1028 1461 1089 1490 Filii
1122 1465 1241 1493 hominis
1256 1475 1378 1502 carnem,
1394 1477 1475 1503 quam
1491 1475 1655 1508 assumpsit,
1679 1483 1725 1503 ve-

932 1507 1062 1534 sceitdam
1088 1511 1224 1544 proponit.
1242 1511 1286 1538 Ait
1302 1513 1373 1540 enim
1390 1522 1396 1541 :
1417 1524 1426 1540 σ
1445 1515 1544 1548 Amen.
1558 1507 1637 1546 amen
1663 1521 1725 1548 dico

931 1553 1019 1585 vobis,
1035 1555 1084 1581 nisi
1113 1558 1342 1586 manducaveritis
1370 1568 1479 1589 carnem
1505 1563 1567 1591 Filii
1592 1565 1722 1600 hominis,

930 1603 958 1625 et
971 1600 1095 1628 biberitis
1115 1602 1174 1634 ejus
1195 1605 1366 1638 sanguinein,
1392 1615 1444 1634 non
1471 1608 1607 1638 lia‘bebitis
1639 1613 1721 1641 vitam

929 1644 955 1670 in
970 1645 1088 1673 vobis".
1107 1656 1116 1672 ι
1137 1648 1254 1675 ltiti-sum
1270 1657 1333 1677 cum
1350 1651 1436 1680 Judaei
1460 1654 1547 1689 ipsum
1571 1657 1722 1692 aliquando

928 1690 1094 1724 deriderent,
1125 1695 1311 1730 conviciisque
1349 1704 1517 1734 appeterent,
1543 1710 1576 1730 ac
1612 1705 1721 1732 beatum

927 1736 1037 1773 Moysen
1058 1740 1095 1766 illi
1111 1741 1203 1768 nescio
1223 1749 1277 1777 quo
1300 1745 1380 1772 modo
1401 1750 1609 1782 anteponentes,
1627 1758 1721 1785 aperte

927 1785 1066 1812 dicerent;
1087 1795 1096 1812 (
1118 1785 1212 1814 Patres
1240 1791 1324 1816 nostri
1351 1793 1587 1822 maiiducaverunt
1620 1805 1720 1825 manna

926 1828 953 1855 in
969 1830 1086 1863 deserto,
1108 1832 1177 1859 sicut
1199 1833 1330 1869 scriptum
1347 1841 1389 1864 est
1403 1846 1410 1865 :
1428 1838 1529 1867 l’anem
1543 1841 1575 1868 de
1595 1842 1658 1869 mlo
1671 1843 1718 1870 de-

925 1875 963 1901 dit
980 1877 1016 1903 cis
1035 1879 1218 1912 manducare;
1236 1882 1307 1916 quod
1327 1890 1392 1918 ergo
1412 1889 1440 1911 tu
1461 1885 1566 1920 signum
1590 1888 1666 1922 facis,
1690 1896 1720 1918 ut

925 1923 1070 1951 credamus
1082 1925 1128 1952 tibi
1143 1925 1187 1952 ³³⁸2
1203 1927 1271 1960 Quid
1288 1931 1423 1963 operaris,
1439 1936 1469 1958 ut
1481 1940 1580 1967 corpus
1601 1942 1718 1970 superne

925 1968 959 1995 de
974 1969 1046 1996 οωΙο
1069 1971 1147 1999 nobis
1175 1973 1299 2002 attulisse
1326 1977 1449 2005 credaris
1460 1978 1471 2004 ?
1483 1968 1694 2015 Responditille
1710 1993 1716 2011 :

928 2023 937 2041 ι
951 2014 1050 2048 Amen,
1071 2024 1151 2044 amen
1165 2018 1227 2045 dico
1247 2020 1335 2053 vobis,
1356 2029 1408 2048 non
1431 2014 1629 2059 Moysesdedit
1643 2027 1718 2056 vobis

924 2069 1022 2097 panem
1037 2062 1071 2089 de
1093 2064 1173 2097 malo,
1191 2065 1237 2092 sed
1262 2065 1344 2094 Pater
1369 2075 1446 2096 nteus
1467 2069 1513 2097 dat
1531 2072 1606 2099 vobis
1619 2081 1715 2107 panem

923 2109 957 2135 de
974 2109 1044 2136 cmlo
1070 2117 1163 2136 verum
1178 2119 1185 2137 :
1203 2112 1282 2145 panis
1309 2113 1382 2141 enim
1406 2114 1454 2142 Dei
1466 2120 1518 2149 est,
1535 2118 1582 2152 qui
1597 2119 1630 2146 de
1646 2120 1717 2147 ctelo

923 2155 1072 2188 descendit,
1087 2161 1114 2184 et
1138 2158 1183 2184 dat
1205 2159 1289 2186 vitam
1307 2161 1408 2188 mundo
1423 2160 1457 2189 ³⁵.
1477 2171 1487 2188 ›
1509 2163 1630 2199 Denique
1655 2171 1715 2194 tau-

924 2205 980 2227 tum
1008 2209 1060 2229 non
1087 2203 1172 2237 digito
1202 2205 1322 2238 seipsum
1346 2206 1372 2233 in
1396 2214 1511 2243 corpore
1538 2213 1714 2240 constitutum

75 2242 120 2265 τις
133 2234 208 2269 φάγῃ
223 2236 254 2262 ἐκ
269 2236 315 2261 τοῦ
335 2236 416 2272 ἄρτου
435 2238 541 2271 τούτου,
555 2239 632 2275 ζήσει
648 2242 688 2273 εὶς
707 2243 752 2269 τὸν
765 2244 868 2272 αἰῶνα·

75 2280 122 2292 ..-λ
146 2280 156 2292 Χ
179 2281 192 2292 Ε
201 2289 239 2292 --Α
249 2290 257 2292 _
276 2281 299 2292 οὶ
319 2282 328 2292 ‘J
366 2284 371 2289 '
403 2283 409 2291 \
435 2284 446 2291 λ
456 2284 462 2292 Ι
545 2288 550 2292 Ι
603 2287 608 2292 ι
636 2287 647 2292 ι
732 2290 738 2292 Α
779 2291 782 2292 ν

972 2252 1123 2280 monstrans,
1142 2249 1178 2275 ita
1198 2250 1259 2277 ait:
1279 2259 1289 2276 α
1307 2251 1363 2286 Ego
1384 2259 1445 2280 sum
1467 2255 1546 2288 panis
1565 2257 1654 2290 vivus,
1666 2259 1713 2292 qui

75 2280 125 2307 καὶ
144 2280 158 2306 ὁ
176 2281 257 2316 ἄρτος
274 2281 302 2308 δὲ
317 2282 345 2308 ὃν
364 2283 419 2317 ἐγὼ
433 2284 520 2318 δώσω,
539 2288 555 2321 ἡ
579 2287 647 2322 σάρξ
663 2297 714 2324 μου
730 2290 816 2325 ἐστὶν,
835 2292 869 2328 ἢν

75 2325 133 2360 ἐγὼ
152 2326 230 2353 δώσω
250 2327 319 2362 ὑπὲρ
343 2329 391 2365 τῆς
413 2330 459 2357 τοῦ
481 2331 583 2367 κόσμου
604 2332 687 2369 ζωῆς.
705 2335 734 2362 '0
753 2336 869 2372 τρώγων

76 2380 128 2407 μου
143 2372 194 2407 τὴν
209 2372 308 2408 σάρκα,
325 2375 370 2401 καὶ
384 2375 469 2402 πίνων
486 2385 537 2412 μου
552 2378 584 2404 τὸ
601 2375 680 2415 αἷμα,
698 2381 727 2407 ἐν
741 2382 803 2417 ἐμοὶ
820 2383 868 2418 μέ-

74 2425 125 2450 νει,
142 2417 220 2452 κάγὼ
234 2419 263 2444 ἐν
279 2419 363 2455 αὐτῷ.
386 2421 485 2454 Καθὼς
501 2423 644 2452 ἀπέστειλέ
661 2435 695 2461 με
709 2427 723 2452 ὁ
740 2427 794 2460 ζῶν
812 2429 868 2456 [Ια-

74 2463 138 2499 τὴρ,
161 2464 238 2498 κάγὼ
258 2465 296 2497 ζῶ
317 2466 361 2493 διὰ
382 2467 427 2493 τὸν
444 2468 569 2505 Πατέρα·
585 2471 632 2497 καὶ
650 2473 664 2499 ὀ
677 2473 792 2508 τρώγων
816 2484 865 2510 με,

73 2509 202 2540 κάκεῖνος
216 2509 293 2545 ζήσει
310 2510 344 2537 δι’
355 2512 416 2547 ἐμέ.
432 2523 441 2538 ι
461 2513 555 2541 Καίτοι
572 2515 631 2547 πῶς
651 2517 699 2543 οὐκ
719 2518 817 2553 ἀληθὲς
833 2521 870 2546 ει-

74 2555 148 2584 πείν.
162 2554 199 2586 ὡς
214 2558 434 2594 καταπεφοίτηκε
451 2561 499 2594 μὲν
514 2561 564 2587 οὐκ
580 2562 610 2594 ἐξ
621 2563 769 2600 οὐρανῶνή
788 2566 867 2602 σὰρξ,

72 2600 132 2626 ἀλλ’
152 2598 186 2635 ἦν
207 2601 239 2627 ἐκ
256 2603 406 2638 Παρθένου,
422 2605 493 2632 κατὰ
508 2607 558 2638 τὰς
578 2607 706 2643 Γραφάς;
727 2610 788 2638 ’Ότι
809 2611 867 2639 ἐστι

109 2689 226 2726 "domi.
244 2699 284 2726 Ill,
312 2693 337 2721 5.

378 2694 492 2723 "Rom.
509 2705 568 2731 vui,
593 2699 620 2732 9,
639 2700 684 2727 l0.

73 2723 117 2755 52.
132 2725 178 2758 57,
191 2726 236 2754 58.

733 2703 755 2718 ³⁵
773 2702 854 2731 Joan.
880 2713 917 2738 v1,
934 2705 980 2734 54.

923 2294 956 2320 de
985 2293 1055 2321 coelo
1078 2294 1215 2323 descendi.
1229 2295 1257 2323 Si
1279 2298 1341 2332 quis
1364 2300 1572 2329 manducaverit
1597 2310 1630 2330 ex
1661 2304 1713 2332 hoc

923 2345 1001 2373 pane,
1018 2339 1089 2367 vivet
1105 2341 1130 2367 in
1146 2347 1277 2369 aeternum
1295 2351 1302 2369 :
1319 2347 1346 2370 et
1359 2345 1437 2379 panis
1453 2353 1533 2381 quem
1555 2355 1606 2382 ego
1631 2349 1711 2383 dabo,

922 2392 987 2412 caro
996 2393 1053 2413 mea
1069 2392 1111 2414 est
1127 2394 1176 2422 pro
1196 2389 1287 2416 mundi
1301 2390 1367 2417 vita.
1385 2390 1436 2424 Qui
1452 2393 1597 2421 nianducat
1624 2403 1712 2423 meam

922 2437 1081 2464 carnem,et
1099 2433 1166 2460 bibit
1188 2441 1276 2461 meum
1293 2437 1464 2470 sanguinem,
1486 2438 1511 2464 in
1538 2446 1580 2467 me
1610 2448 1712 2473 manet,

921 2481 947 2503 et
961 2484 1012 2512 ego
1026 2478 1051 2504 in
1076 2478 1132 2507 illo.
1156 2478 1232 2507 Sicut
1249 2488 1292 2508 me
1308 2481 1383 2509 misit
1397 2482 1490 2511 vivens
1511 2483 1602 2518 Pater,
1619 2491 1646 2514 et
1662 2494 1713 2522 ego

919 2522 981 2549 vivo
996 2529 1107 2558 propter
1126 2523 1235 2552 Patrem
1250 2535 1257 2552 :
1275 2531 1301 2554 et
1317 2528 1363 2562 qui
1378 2529 1526 2558 manducat
1541 2539 1595 2563 me,
1611 2537 1639 2560 et
1652 2533 1711 2567 ipse

919 2568 993 2596 vivet
1013 2576 1123 2604 propter
1145 2579 1188 2599 tne
1202 2571 1234 2598 ³⁷.
1261 2581 1270 2598 ι
1293 2572 1375 2608 Atqui
1403 2576 1468 2603 nulli
1500 2576 1646 2605 obscurum
1671 2585 1713 2607 cst

918 2621 1028 2642 carnem
1042 2615 1105 2644 Filii
1118 2618 1236 2646 hominis
1250 2627 1302 2646 non
1328 2620 1500 2650 descendisse
1513 2623 1547 2651 de
1568 2624 1712 2657 cmlis,sed

1019 2707 1043 2723 ³⁵
1057 2708 1122 2736 ibid.
1134 2709 1180 2744 50,
1192 2710 1238 2738 51.

1278 2712 1301 2728 ³⁸
1313 2712 1378 2742 ibid.
1393 2713 1438 2750 52,
1454 2714 1498 2743 55.
1538 2717 1560 2734 ³⁷
1580 2717 1648 2746 ibid.
1665 2719 1711 2754 51,

626 2805 714 2834 Varia:
731 2807 861 2837 lectiones
878 2811 986 2839 codices
1005 2812 1189 2847 Seguieriani.

108 2865 123 2887 1
135 2862 169 2889 τὰ
182 2863 292 2900 σαρκός.
333 2871 344 2884 ι
362 2867 503 2901 δακτύλοις
520 2872 732 2907 κατεσημαίνων
750 2875 830 2902 αὖτ¹ιν
846 2876 1012 2912 ὲνεώμςιτον.

1052 2884 1062 2896 ⁸
1080 2882 1107 2907 ἐν
1123 2881 1239 2918 σώματι.
