1883 3056
138 145 207 173 “9'5

610 146 654 174 DE
671 145 784 174 RECTA
804 144 881 172 FIDE
900 144 950 171 AD
964 143 1184 173 TIIEODOSIUM
1203 144 1272 172 IMP.

1686 144 1755 174 HN

136 200 205 228 Εἶτα
221 201 264 233 τίς
279 201 294 228 ὁ
309 202 341 229 ὲκ
359 202 465 238 νεκρῶν
489 203 676 238 πρωτότοκος,
698 204 722 230 εί
748 203 786 239 μὴ
807 202 923 238 Χριστὸς

990 207 1024 233 st,
1044 201 1094 229 nisi
1104 202 1228 231 Christus
1243 202 1331 235 Iesus,
1346 201 1396 229 hoc
1413 206 1466 234 est.
1486 202 1511 229 in
1541 208 1624 230 carne
1647 207 1675 230 et
1694 211 1755 230 cum

143 247 258 282 Ἰησοῦς,
271 248 409 275 τουτέστιν
430 248 459 274 ὲν
475 248 557 285 σαρκὶ
573 249 621 276 καὶ
642 249 711 284 μετὰ
727 248 827 284 σαρκὸς
843 250 857 275 ὁ
871 248 922 274 Λό-

137 301 203 327 γο;;
219 293 335 329 Τεθναίη
350 293 404 329 γὰρ
420 293 453 320 ἂν
467 293 594 329 οὐδαμῶς
608 294 640 321 τό
653 303 686 329 γε
700 295 740 326 εις
756 294 823 321 ἰδίαν
842 293 924 328 φύσιν

137 336 216 374 ἧκον,
231 338 296 372 Θεὸς
310 339 348 366 ὢν
362 340 376 366 ὁ
390 339 477 374 Λόγος
487 348 494 355 ⁸
508 340 563 366 οὐδ’
574 341 606 367 ἂν
623 341 709 368 νοοῖτο
722 340 776 367 τῶν
791 340 860 367 ὅλων
877 340 924 373 δη-

140 385 280 420 μιουργὸς,
295 383 356 412 καθ’
369 385 442 420 ἡμᾶς
454 384 491 411 ὣν
507 385 659 420 ἄνθρωπος,
675 386 700 412 ει
716 386 753 421 μὴ
768 385 924 420 δεδημιούρ-

138 439 208 466 γηκε
221 430 270 466 μὲν
282 430 319 462 ὡς
330 430 406 462 Θεὸς,
420 429 472 456 κᾶν
484 430 508 457 εἰ
522 430 559 466 μὴ
571 430 632 466 δίχα
644 431 743 467 σαρκὸς
754 433 839 457 νοοῖτο
855 431 923 466 μετὰ

137 476 187 512 τὴν
201 476 308 502 ἕνωσιν.
323 475 496 510 Πρωτότοκος
509 476 538 502 δὲ
552 476 601 503 καὶ
617 478 649 504 ὲκ
663 476 778 512 νεκρῶν,
792 476 860 503 καθὸ
875 477 923 503 πέ-

138 530 222 557 φηνεν
235 521 388 557 ἄνθρωπος,
397 521 450 548 οὐκ
462 521 607 549 ἀποϐαλὼν
617 522 647 549 τὸ
656 520 725 548 εἶναι
738 522 803 554 Θεὸς
817 522 861 550 διὰ
872 523 922 556 τὴν

138 567 218 594 ὲνανθ
223 567 354 603 ρώπησιν.

174 613 219 640 Μ’.
239 613 318 644 Ἰδοις
334 613 357 639 δ’
371 612 404 641 ἂν
416 613 463 640 καὶ
478 612 592 649 ἑτέρωθι
606 613 650 640 διὰ
663 613 719 640 τῶν
734 613 823 640 αὐτῶν
836 613 923 646 ἰόντας

138 659 226 694 λόγων
238 660 300 691 τοὺς
312 659 562 696 πευματοφόρους.
578 660 705 696 Ἰωάννης
718 660 767 696 μὲν
778 660 832 696 γὰρ
840 680 847 693 ,
859 671 868 686 ι
880 661 924 688 Ἐν

139 705 222 740 ἀρχῇ,
239 705 332 740 φησὶν,
350 703 384 741 ἦν
400 707 415 733 ό
428 706 525 740 Λόγος,
546 706 594 733 καὶ
611 706 626 732 ὸ
641 706 727 740 Λόγος
744 704 779 741 ἦν
795 707 864 742 πρὸς
879 705 925 732 τὸν

137 751 217 782 Θεὸν,
231 752 279 778 καὶ
292 751 360 782 Θεὸς
378 749 413 787 ἦν
423 752 439 778 ὁ
456 751 551 786 Λόγος.
575 748 659 783 Οὗτος
675 750 710 787 ἦν
723 753 753 778 ἐν
767 753 839 788 ἀρχῇ
857 752 924 788 πρὸς

138 797 184 823 τὸν
201 796 276 823 Θεόν.
295 797 386 823 Πάντα
401 796 434 822 δι’
446 797 528 823 αὑτοῦ
543 796 661 830 ἐγένετο,
675 796 722 823 καὶ
737 798 822 832 χωρὶς
841 797 924 824 αὐτοῦ

139 841 249 875 ἐγένετο
267 842 326 868 οὐδὲ
341 841 380 868 ἓν.
396 851 405 866 ι
423 841 530 874 Παῦλος
543 841 571 869 δὲ
590 839 623 869 αὖ
634 850 641 857 ·
661 850 672 868 ‹
687 840 735 873 Εἷς
755 842 822 874 Θεὸς
835 843 850 869 ὁ
866 844 924 870 Πα-

974 256 1056 276 carne
1071 248 1212 277 Verbum?
1225 249 1292 276 Nam
1315 256 1377 277 cum
1394 249 1511 276 Verbum
1529 248 1601 277 Deus
1627 249 1673 283 sit,
1684 250 1755 284 quod

974 295 1082 329 quidem
1104 295 1138 322 ad
1169 295 1305 330 propriam
1335 299 1460 322 naturam
1490 295 1596 327 attinet.
1616 295 1756 322 intermori

974 340 1049 368 nullo
1062 340 1142 368 modo
1166 345 1277 375 potest:
1293 347 1381 375 neque
1401 340 1424 368 si
1446 340 1527 367 homo
1547 341 1651 367 tantum
1670 341 1756 368 nostri

974 386 1071 413 similis
1083 386 1128 419 sit,
1142 385 1331 413 universorum
1349 385 1474 412 conditor
1492 384 1543 411 dici
1563 389 1669 420 potest;
1688 393 1756 412 eon-

977 431 1044 459 didit
1061 436 1150 459 autem
1164 436 1194 458 ut
1215 431 1295 463 Deus,
1310 430 1362 457 etsi
1390 434 1450 465 post
1465 430 1592 457 unionem
1609 430 1678 458 citra
1695 439 1757 458 car-

974 485 1035 504 nem
1049 484 1101 504 non
1120 476 1296 510 intelligatur.
1314 476 1516 512 Primogenitus
1525 480 1613 502 autem
1633 484 1666 504 ex
1682 484 1758 504 mor—

975 519 1029 547 tuis
1046 525 1174 552 voratur;
1200 524 1280 554 prout
1303 519 1385 547 homo
1407 520 1543 554 apparuit,
1558 521 1646 548 divina
1662 526 1757 548 natura

975 569 1036 599 post
1050 570 1214 599 assumptam
1234 565 1430 592 humanitatem
1452 573 1504 592 non
1523 566 1636 600 abjecta.

1010 608 1067 638 XL.
1085 609 1184 637 Videas
1196 615 1224 638 et
1234 610 1302 638 alios
1320 618 1425 646 quoque
1436 611 1527 639 divino
1538 611 1640 646 Spiritu
1656 612 1760 640 amatos

976 654 1111 683 similibus
1125 656 1268 683 sententiis
1283 664 1474 692 nonnunquam
1485 657 1618 691 nti.Apud
1627 657 1757 686 Joannem

975 700 1033 728 hac
1045 700 1158 736 legimus
1176 711 1183 729 :
1204 712 1214 728 ι
1235 702 1264 729 ln
1281 703 1413 737 principio
1435 708 1494 730 erat
1506 702 1635 736 Verbum,
1649 708 1677 730 et
1694 703 1758 730 Ver-

977 747 1040 774 bum
1062 752 1121 775 erat
1141 748 1210 782 apud
1236 749 1331 782 Deum,
1346 754 1373 776 et
1394 748 1464 776 Deus
1484 753 1542 776 erat
1562 748 1689 777 Verbum.
1702 751 1759 777 Hoc

975 797 1036 820 erat
1056 793 1082 820 in
1109 795 1243 829 principio
1270 795 1340 829 apud
1372 795 1467 823 Deum.
1480 795 1576 823 Omnia
1605 803 1654 830 per
1671 796 1758 831 ipsum

976 838 1046 866 facta
1060 845 1133 872 sunt,
1148 845 1175 867 et
1189 840 1249 867 sine
1262 840 1321 875 ipso
1335 841 1434 867 factum
1447 846 1488 869 est
1502 849 1589 877 neque
1604 850 1686 870 unum
1697 843 1731 870 ".
1746 853 1756 869 ι

138 887 202 922 τὴρ,
221 888 251 919 ὲξ
268 884 298 914 οὗ
313 887 348 915 τὰ
362 888 450 914 πάντα
461 896 467 903 ·
490 888 537 915 καὶ
559 885 599 920 εἷς
619 887 722 924 Κύριος
739 889 841 925 Ἰησοῦς
857 890 923 925 Χρι-

990 885 1053 919 tpud
1073 885 1182 912 beatum
1206 885 1319 913 Paulum
1343 894 1438 914 rursus
1463 888 1543 914 verba
1568 888 1637 916 illa:
1660 888 1759 917 «Unus

140 933 201 965 στὺς
212 954 220 966 ,
235 934 269 960 δι’
289 930 319 960 οὗ
336 934 370 960 τὰ
385 934 483 962 πάντα.
498 944 507 960 ι
531 934 601 961 Ἀλλ’
616 935 695 969 ειπερ
710 932 744 970 ἦν
759 943 786 961 τι
807 936 925 970 μεσολα-

139 979 206 1006 ϐοῦν
222 979 291 1015 μετὰ
301 980 332 1007 τὸ
347 980 466 1015 ἡνῶσθαι
483 980 565 1016 σαρκὶ
577 980 623 1007 τὺν
639 980 736 1014 Λόγον.
751 980 799 1007 καὶ
813 981 854 1013 εἰς
869 982 926 1007 ἐτε-

141 1025 242 1061 ρότητα
260 1025 453 1062 καταδιαιροῦν
474 1026 524 1062 τὴν
544 1025 582 1058 ὡς
596 1026 626 1052 ὲν
642 1025 700 1061 Υιῷ
718 1026 801 1053 δυάδα
813 1032 825 1046 ο
842 1027 924 1062 φημὶ,

139 1070 211 1097 κατὰ
223 1071 253 1097 τό
266 1079 320 1098 τισι
336 1071 444 1099 δοκοῦν·
458 1072 517 1103 πῶς
531 1071 642 1107 ἐκτίσθη
658 1071 765 1098 ᾶπαντα
777 1072 821 1099 διὰ
839 1072 925 1108 Ἰησοῦ

139 1116 276 1152 Χριστοῦς
294 1117 375 1144 Ἀλλὰ
401 1117 455 1154 μὴν
481 1117 593 1153 ἐκτίσθη
618 1118 652 1144 δι’
671 1118 754 1146 αὐτοῦ
770 1118 805 1145 τὰ
826 1118 924 1146 πάντα.

139 1162 278 1197 Πρόδηλον
299 1160 356 1195 οὖν,
381 1163 422 1190 ὃτι
437 1163 472 1190 τὰ
491 1163 570 1198 φύσει
587 1172 616 1190 τε
641 1164 688 1191 καὶ
710 1164 782 1195 ἰδίως
805 1164 925 1199 ἐνυπάρο

139 1216 222 1243 χοντα
242 1208 281 1244 τῷ
303 1209 335 1235 ὲκ
355 1209 461 1245 Πατρὸς
482 1209 540 1236 ἤντι
565 1210 653 1245 Λόγῳ,
676 1211 823 1245 τετήρηται
845 1210 925 1237 πάλιν

139 1254 224 1289 αὐτῷ,
247 1255 294 1282 καὶ
314 1255 359 1282 ὅτε
379 1256 497 1291 πέφηνεν
521 1255 675 1291 ἄνθρωπος.
694 1255 858 1289 Ἐπισφαλὲς
880 1255 926 1283 οὖν

140 1300 194 1335 ἄρα
215 1300 245 1327 τὸ
263 1300 418 1336 διατέμνειν
440 1301 606 1337 ἀποτολμᾷν.
623 1298 670 1333 Εἷς
683 1301 736 1336 γὰρ
755 1301 856 1337 Κύριος
878 1302 926 1337 Ἰη-

141 1345 205 1378 σοῦς
222 1346 348 1381 Χριστὸς,
363 1347 409 1373 καὶ
420 1347 454 1373 δι’
467 1346 549 1374 αὑτοῦ
570 1347 605 1374 τὰ
621 1347 712 1374 πάντα
727 1347 925 1383 δεδημιούργη-

141 1400 188 1418 κεν
199 1392 213 1417 ὁ
227 1392 331 1427 Πατήρ.
345 1392 498 1428 Τοιγαροῦν
514 1393 560 1420 καὶ
574 1392 739 1429 δημιουργὸς
753 1393 861 1425 θεῖκῶς,
880 1394 926 1420 καὶ

141 1436 273 1469 ζωοποιδς
288 1438 326 1469 ὡς
343 1437 410 1474 ζωὴ,
427 1438 608 1474 ἀνθρωπίνοις
621 1447 650 1465 τε
665 1436 698 1465 αὗ
717 1438 764 1465 καὶ
784 1440 840 1470 τοῖς
856 1439 927 1474 ὑπὲρ

141 1481 284 1517 ἄνθρωπον
300 1483 443 1518 ιδιώμασιν
462 1485 501 1515 εις
517 1483 547 1509 ἓν
560 1492 587 1509 τι
603 1483 634 1510 τὸ
659 1483 759 1518 μεταξὺ
779 1483 925 1519 συγκείμε-

140 1536 196 1559 νος.
221 1528 342 1564 Μεσίτης
363 1530 417 1565 γάρ
439 1530 497 1556 ἐστι
517 1528 585 1556 Θεοῦ
605 1529 652 1556 καὶ
674 1529 835 1564 ἀνθρώπων,
857 1529 927 1556 κατὰ

140 1573 191 1605 τὰς
210 1574 336 1609 Γραφὰς,
357 1575 436 1609 φύσει
457 1574 505 1610 μὲν
521 1575 651 1611 ὑπάρχων
666 1574 732 1606 Θεὸς
748 1575 794 1601 καὶ
813 1575 843 1601 οὐ
866 1574 927 1610 δίχα

142 1619 260 1655 σαρκός·
282 1619 425 1655 ἄνθρωπος
449 1620 478 1647 δὲ
494 1620 618 1655 ἀληθῶς,
642 1622 689 1648 καὶ
705 1621 736 1647 οὐ
759 1621 836 1656 ψιλὸς
863 1621 926 1648 καθ’

141 1664 224 1700 ἡμᾶς,
238 1665 295 1691 ἀλλ’
306 1665 343 1691 ὼν
355 1666 424 1701 ὅπερ
436 1663 480 1701 ἦν,
493 1666 538 1692 καὶ
546 1667 569 1692 εὶ
577 1666 672 1700 γέγονε
683 1666 761 1702 σάρξ.
771 1666 928 1701 Γέγραπται

141 1710 206 1746 γὰρ,
218 1711 259 1737 ὅτι
274 1720 284 1736 ι
301 1710 404 1746 Ἰησοῦς
418 1711 534 1747 Χριστὸς
545 1712 608 1747 χθὲς
622 1712 669 1739 καὶ
679 1713 808 1748 σήμερον,
821 1713 836 1739 ὁ
847 1712 928 1744 αὐτὸς

141 1755 190 1782 καὶ
205 1756 245 1787 είς
257 1756 321 1787 τοὺς
334 1756 445 1788 αἰῶνας.
463 1765 473 1781 ι
735 1762 738 1765 ‘

976 935 1019 957 est
1041 930 1112 957 Deus
1127 930 1217 963 Pater,
1230 938 1264 958 ex
1287 938 1341 966 quo
1364 932 1472 959 omnia:
1487 938 1514 959 et
1540 940 1608 960 unus
1630 933 1760 961 Dominus

975 975 1054 1004 Jesus
1064 976 1200 1010 Christus,
1209 985 1257 1012 per
1277 985 1356 1012 quem
1377 978 1469 1005 omnia
1483 977 1517 1005 ".
1535 987 1545 1005 ι
1568 977 1653 1007 Porro
1668 984 1758 1007 autem

975 1023 998 1049 si
1013 1027 1189 1057 posteaquam
1213 1023 1331 1051 Verbum
1361 1024 1467 1051 unitum
1486 1029 1529 1052 est
1540 1025 1626 1058 carni,
1641 1025 1759 1053 medium
1788 1037 1791 1039 *

976 1067 1083 1103 aliquod
1103 1068 1245 1101 divellens,
1259 1076 1291 1096 ac
1307 1070 1333 1096 in
1362 1069 1481 1103 diversa,
1497 1075 1560 1105 puta
1585 1071 1612 1098 in
1640 1071 1755 1099 ﬁliorum

977 1113 1187 1145 dualitatem,ut
1204 1113 1363 1148 quihusdam
1384 1114 1482 1149 placet,
1508 1115 1762 1148 distrahens,inter-

975 1158 1063 1191 cedit;
1083 1159 1217 1193 quomodo
1241 1159 1332 1186 omnia
1352 1167 1400 1193 per
1423 1160 1515 1187 Jesuln
1540 1161 1676 1189 Christum
1692 1169 1760 1189 con-

976 1204 1032 1231 dita
1056 1211 1116 1231 esse
1141 1211 1205 1231 vere
1222 1205 1372 1232 asseritur?
1387 1205 1470 1240 Atqui
1495 1207 1585 1233 omnia
1607 1214 1655 1241 per
1671 1207 1758 1242 ipsum

977 1253 1040 1276 sunt
1067 1249 1186 1277 condita.
1204 1249 1381 1285 Perspicuum
1410 1255 1452 1278 est
1479 1258 1555 1286 ergo,
1583 1253 1685 1285 omnia.
1702 1260 1762 1288 qua:

978 1295 1066 1323 Verbo
1077 1303 1109 1323 ex
1127 1295 1207 1322 Patre
1223 1302 1287 1323 nato
1307 1297 1416 1331 proprie
1429 1301 1457 1324 et
1479 1298 1640 1326 naturaliter
1657 1298 1759 1329 insunt.

976 1348 1008 1367 ea
1024 1341 1081 1376 ipsa
1100 1338 1204 1376 integra
1219 1342 1242 1369 ei
1265 1343 1455 1376 permansisse,
1468 1343 1549 1370 etiam
1569 1348 1625 1370 tum
1640 1352 1703 1372 cum
1720 1345 1761 1371 fu-

977 1392 1049 1415 ctum
1066 1392 1109 1415 est
1121 1388 1212 1415 homo.
1231 1387 1416 1416 Periculosum
1433 1390 1546 1425 proinde
1557 1394 1599 1417 est
1612 1391 1759 1419 sectionem

977 1433 1095 1467 aliquant
1110 1434 1238 1460 inducere
1254 1442 1261 1460 :
1279 1441 1347 1461 unus
1367 1434 1438 1462 enim
1464 1439 1505 1461 est
1529 1435 1659 1462 Dominus
1682 1435 1761 1463 Jesus

977 1480 1112 1511 Christus.
1132 1488 1180 1514 per
1205 1488 1285 1516 quem
1311 1481 1389 1509 Pater
1414 1482 1535 1510 cn‘ndidit
1560 1483 1661 1510 omnia.
1687 1483 1763 1511 Unde

978 1527 1104 1554 conditor
1128 1532 1180 1560 est,
1202 1532 1232 1554 ut
1254 1527 1343 1560 Deus;
1360 1528 1513 1555 viviﬁcator
1544 1536 1609 1556 vero
1638 1534 1667 1556 ut
1688 1531 1761 1562 vita;

978 1579 1010 1600 ex
1023 1573 1231 1608 proprietatibus
1247 1573 1371 1600 humanis
1385 1578 1412 1600 et
1424 1574 1633 1609 superhumanis
1642 1575 1668 1602 in
1680 1583 1761 1603 unum

977 1618 1116 1654 quoddam
1126 1619 1242 1645 medium
1252 1619 1413 1646 coeuntibus
1426 1621 1598 1648 constitutus.
1610 1620 1760 1656 Siquidem,

978 1664 1125 1692 secundum
1155 1663 1323 1699 Scripturas,
1344 1663 1390 1692 Dei
1413 1670 1440 1692 et
1466 1667 1604 1693 hominum
1631 1667 1762 1694 mediator

978 1713 1020 1736 est
1037 1708 1078 1741 “;
1090 1708 1136 1743 qui
1151 1709 1258 1743 quidem
1278 1713 1372 1736 natura
1391 1715 1433 1737 est
1450 1710 1531 1744 Deus,
1548 1711 1629 1739 etiam
1641 1712 1663 1740 si
1679 1719 1762 1740 carne

979 1755 1015 1782 sit
1031 1754 1160 1787 indutus;
1179 1762 1259 1782 verus
1279 1760 1368 1783 autem
1392 1756 1481 1789 homo,
1499 1765 1551 1784 non
1570 1762 1660 1785 tamen
1679 1766 1763 1793 purus

142 1807 172 1829 ut
182 1810 231 1830 nos
244 1812 251 1830 ε
265 1811 326 1830 nam
341 1804 391 1833 etsi
407 1803 524 1832 Verbum
542 1805 641 1832 factum
658 1809 700 1832 est
719 1812 794 1839 caro,
810 1804 910 1831 mansit
929 1807 1019 1830 tamen
1032 1802 1103 1838 quod
1118 1806 1187 1829 erat.
1196 1801 1331 1838 Scriptum
1344 1808 1385 1831 est
1397 1803 1488 1832 enim:
1504 1812 1514 1830 ι
1535 1804 1612 1833 Jesus
1640 1805 1763 1834 Christus

142 1850 201 1878 beri
216 1854 244 1877 et
260 1850 349 1884 hodie,
361 1855 388 1878 et
407 1850 477 1878 idem
492 1856 520 1879 et
532 1851 559 1878 in
579 1852 675 1879 saecula
686 1851 720 1879 “.
738 1861 748 1878 ι

176 1894 246 1923 MA’.
267 1896 303 1921 Ἦ
323 1895 377 1931 γὰρ
401 1896 461 1931 οὐχὶ
480 1896 524 1923 διὰ
543 1896 593 1931 τῆς
613 1897 694 1931 ἁγίας
723 1897 771 1924 καὶ
794 1897 924 1924 Θεοτόκου

143 1941 280 1977 Παρθένου
295 1941 420 1978 τετέχθαι
435 1944 525 1978 φαμὲν
545 1943 592 1969 καὶ
609 1943 774 1978 πιστεύομεν
789 1944 818 1969 ὲν
842 1942 925 1978 ὲσχά-

142 1995 198 2019 τοις
212 1987 258 2017 τοῦ
276 1987 374 2018 αἰῶνος
387 1990 492 2024 καιροῖς
503 1989 550 2015 τὸν
572 1989 762 2024 Ἐμμανουήλ;
781 1987 849 2016 Εἶτα
865 1988 925 2021 πῶς

140 2033 220 2060 τοῦτο
243 2033 293 2060 οὐκ
308 2033 438 2070 amem;
456 2035 493 2061 Τὸ
506 2035 534 2062 δὲ
545 2035 587 2069 δὴ,
608 2035 672 2070 χθὲς
691 2035 738 2062 καὶ
757 2035 887 2071 σήμερον,
903 2031 925 2061 ὦ

142 2077 297 2113 φιλόχριστε
310 2078 430 2113 βασιλεῦ,
442 2080 536 2115 καιρὸν
550 2081 615 2115 ἡμῖν
628 2080 674 2106 τὸν
687 2080 864 2115 ἐνεστηκότα,
877 2080 926 2107 καὶ

141 2124 188 2151 τὸν
202 2124 251 2160 ἠδη
268 2126 451 2161 παρῳχηκότα
469 2126 699 2162 κατασημαίνειεν
709 2125 723 2146 ά
742 2126 784 2152 ἄν.
799 2126 861 2158 Πῶς
878 2124 926 2154 οὖν

1015 1893 1082 1922 XLI.
1106 1894 1202 1921 Annon
1225 1894 1427 1922 Emmanueﬂem
1448 1895 1475 1922 in
1498 1896 1653 1924 novissimis
1671 1898 1762 1926 saeculi

979 1938 1146 1973 temporibus
1158 1946 1190 1965 ex
1205 1945 1280 1966 sacra
1290 1939 1402 1974 Deipara
1419 1939 1529 1974 Virgine
1539 1945 1627 1968 ortum
1645 1942 1762 1970 dicimus

979 1989 1008 2013 et
1027 1984 1182 2012 credimus?
1196 1984 1285 2018 Sane;
1303 1992 1355 2012 nec
1376 1985 1402 2012 id
1430 1985 1456 2012 in
1477 1986 1653 2020 quaestionem
1677 1988 1762 2016 cadit.

979 2030 1112 2058 Caeterum
1142 2037 1201 2056 cum
1229 2029 1286 2056 beri
1305 2035 1332 2056 et
1352 2029 1430 2057 hodie
1458 2031 1624 2064 praeteritum
1647 2037 1674 2059 et
1692 2039 1761 2068 pra!-

979 2083 1042 2104 sens
1055 2080 1161 2111 tempus
1171 2075 1322 2109 signiﬁcent
1337 2083 1344 2107 ;
1362 2075 1417 2109 38
1428 2077 1576 2109 quomodo,
1586 2076 1763 2105 Christianis-

979 2122 1047 2150 sime
1061 2122 1218 2156 imperator,
1231 2121 1301 2148 idem
1319 2121 1429 2149 omnino
1449 2122 1504 2148 dici
1521 2127 1610 2156 potest
1624 2125 1764 2158 praeterito

141 2171 156 2196 ὁ
170 2169 251 2202 αὐτὸς
265 2169 298 2196 ἃν
318 2170 360 2206 εἴη
375 2170 416 2201 εἷς
437 2179 467 2197 τε
488 2171 534 2197 τὸν
559 2171 761 2207 παρῳχηκότα.
785 2172 874 2198 καίτοι
893 2180 923 2206 γε

990 2175 1109 2203 empore,
1117 2167 1140 2195 si
1157 2167 1306 2195 secundum
1321 2174 1428 2194 carnem
1444 2168 1558 2195 necdum
1566 2174 1624 2196 erat
1636 2170 1763 2204 genitus?

141 2214 249 2248 γένεσιν
270 2213 345 2241 οὓπω
366 2214 437 2241 κατὰ
451 2214 499 2250 τὴν
515 2216 585 2242 κατὰ
599 2215 688 2250 σάρκα
703 2215 791 2250 λαχών
803 2224 810 2248 ;
821 2216 925 2243 Οὐκοῦν

140 2258 176 2296 ἦν
189 2260 204 2286 ὁ
222 2260 307 2294 Λόγος
321 2261 350 2287 ὲν
365 2260 448 2296 ἀρχῇ,
469 2261 516 2287 καὶ
533 2261 570 2292 ὡς
587 2260 617 2292 ἐξ
636 2260 722 2287 ἀϊδίου
738 2268 768 2286 τε
783 2260 830 2287 καὶ
846 2260 927 2296 ἀτρέ-

141 2315 211 2333 πτου
228 2305 356 2342 πεφηνὼς
367 2305 415 2332 τοῦ
430 2306 498 2333 Θεοῦ
519 2306 565 2334 καὶ
580 2307 695 2342 Πατρὺς,
712 2305 768 2342 ἔχει
782 2306 829 2333 καὶ
846 2306 927 2338 αὐτὸς

142 2353 172 2378 ὲν
185 2351 238 2387 ἰδίᾳ
251 2351 332 2386 φύσει
344 2351 375 2378 τὸ
387 2351 472 2379 ἀΐδιόν
483 2361 514 2379 τε
528 2353 575 2379 καὶ
589 2353 734 2388 ἄτρεπτον.
748 2353 784 2379 Ἣ
792 2352 852 2387 οὐχὶ
861 2352 927 2379 νεώ-

141 2404 222 2423 τατον
238 2396 346 2432 κομιδῇ,
360 2397 477 2429 καὶτοῖς
496 2397 546 2432 τῆς
567 2398 800 2433 ὲνανθρωπήσεως
820 2398 926 2434 χρόνοις

143 2442 363 2478 συνδεδραμηκδς
373 2442 456 2478 ὄνομα
463 2443 502 2478 τῷ
513 2443 591 2478 Λόγῳ
603 2444 643 2475 τὺ,
653 2443 778 2478 Χριστὸς
793 2443 926 2477 Ἰησοῦς;

143 2487 199 2514 Καὶ
214 2487 269 2522 μὴν
284 2487 364 2514 τοῦτο
379 2489 445 2523 ἡμῖν
460 2488 510 2524 ἠδη
529 2488 573 2515 διὰ
586 2488 719 2514 πλείστων
738 2488 808 2514 ὅσων
819 2488 925 2524 ἐδείχθη

142 2533 240 2567 λόγων.
254 2533 336 2565 Σύνες
358 2532 415 2566 οὖν,
430 2534 471 2560 ὅτι
491 2534 609 2569 Χριστὸν
626 2533 739 2568 Ἰησοῦν,
756 2534 804 2560 καῒ¹
825 2534 856 2560 οὺ
878 2542 928 2568 μο-

142 2577 252 2610 νοειδῶς
266 2578 311 2605 τὺν
325 2578 420 2613 Λόγον,
438 2578 504 2614 χθές
520 2587 550 2605 τε
573 2579 619 2606 καὶ
641 2580 760 2614 σήμερον
780 2578 826 2606 τὸν
847 2578 929 2606 αὑτὸν

143 2621 212 2650 εἷναί
229 2632 295 2660 φησι
312 2625 359 2651 καὶ
372 2624 493 2656 είς-τοὺς
512 2624 623 2656 αἰῶνας.
640 2624 701 2656 Πῶς
716 2623 739 2651 δ’
754 2623 788 2651 ἂν
803 2624 853 2659 ἔχῃ
867 2629 879 2643 ε
897 2625 929 2651 τὸ

978 2214 1096 2241 Verbum
1106 2213 1174 2241 citra
1183 2212 1263 2239 ullam
1279 2213 1489 2239 controversiam
1502 2213 1528 2240 in
1544 2213 1677 2249 principio
1690 2221 1759 2247 erat,

979 2266 1060 2296 atque
1070 2264 1100 2287 ut
1116 2267 1150 2287 ex
1163 2263 1264 2286 aterno
1274 2263 1301 2286 et
1314 2257 1473 2286 immutabili
1496 2258 1552 2286 Deo
1573 2259 1654 2288 Patre
1667 2267 1764 2295 proce-

980 2307 1030 2340 dit,
1052 2307 1089 2334 ita
1104 2306 1193 2342 ipsum
1206 2304 1469 2340 quoque-secundum
1491 2306 1627 2340 propriam
1640 2311 1763 2334 naturam

979 2353 1156 2380 aeternitatem
1167 2355 1196 2379 et
1205 2351 1448 2379 immutabilitatem
1458 2352 1586 2387 possidet.
1597 2352 1650 2379 Sed
1663 2359 1762 2385 nonne,

979 2398 1078 2433 inquis.
1094 2404 1191 2424 nomen
1207 2397 1258 2423 hoc
1274 2395 1352 2423 Iesus
1364 2396 1484 2423 Christus
1496 2396 1638 2423 admodum
1655 2403 1762 2426 recens.

981 2444 1032 2471 hoc
1051 2447 1093 2471 est
1107 2443 1165 2478 ipso
1180 2441 1375 2470 incarnationis
1390 2442 1515 2474 articulo,
1526 2441 1616 2469 Verbo
1629 2442 1764 2470 accessit?

981 2491 1045 2525 Nae;
1061 2491 1112 2518 hoc
1125 2489 1196 2518 enim
1212 2489 1334 2525 pluribus
1348 2489 1403 2524 jam
1420 2494 1483 2517 ante
1495 2497 1509 2517 a
1525 2489 1602 2516 nobis
1627 2494 1763 2516 ostensmn

982 2543 1033 2566 est.
1043 2537 1169 2565 Advertis
1184 2544 1249 2572 ergo
1269 2535 1340 2572 quod
1359 2535 1497 2564 Christum
1510 2535 1613 2567 Iesum.
1627 2539 1655 2563 et
1671 2543 1721 2562 non
1735 2535 1763 2562 in

981 2590 1035 2609 una
1052 2582 1138 2609 l'orma
1155 2581 1282 2614 Verbum,
1296 2582 1354 2608 heri
1362 2584 1389 2608 et
1403 2580 1484 2608 hodie
1497 2585 1525 2608 et
1538 2580 1563 2607 in
1578 2581 1674 2608 saecula
1690 2587 1766 2608 eum~

982 2626 1042 2652 dem
1060 2632 1121 2652 esse
1140 2625 1222 2652 dicat.
1236 2625 1272 2653 At
1297 2625 1431 2660 quomodo
1447 2625 1563 2653 humana
1590 2629 1765 2660 natura,quzn

178 2702 198 2717 "
211 2700 290 2729 Joan.
311 2709 330 2734 ι,
346 2701 406 2729 μδ,
443 2701 465 2716 ⁸²
481 2700 564 2730 lCor.
579 2708 638 2735 VIII,
657 2701 682 2728 6.
722 2699 765 2727 ⁸³1
780 2700 849 2728 Tim.
871 2700 923 2734 ",5

990 2700 1009 2715 ³³
1025 2700 1106 2728 llehr.
1126 2708 1182 2732 xm.
1195 2701 1220 2728 8.

692 2780 776 2807 Varia:
790 2779 918 2808 lectiones
932 2779 1032 2808 codicis
1048 2778 1226 2815 Seguieriaui.

179 2856 192 2870 ⁸
209 2851 237 2878 ἐν
254 2849 320 2877 υἱῶν
333 2850 418 2877 δυάδι.
454 2850 466 2869 ἀ
483 2850 689 2885 κατασημαῐνει.

304 2896 437 2929 Parnm.
460 2897 516 2926 Gn.
542 2896 667 2926 LXXVI.

730 2855 742 2868 ο
757 2849 822 2884 ἔχοι.

1547 2890 1586 2922 38
