1883 3056
161 119 229 148 “95

658 119 686 146 S.
709 119 840 147 CYRlLLl
861 117 1093 147 ALEXANDRIM
1113 117 1273 146 ARCHlEP.

1710 113 1785 144 “95

161 177 303 204 mutationi
327 177 441 204 obnoxia
461 182 511 209 est,
525 181 551 204 ct
576 177 724 211 przescrlim
743 178 874 212 illi,quod
906 178 939 204 de

1005 177 1123 212 ape-Mdv
1146 185 1175 202 τε
1199 176 1247 202 καὶ
1267 175 1316 210 τὴν
1333 175 1360 202 ὲν
1382 180 1526 209 ταυτοτητι
1543 173 1677 208 διαμονὴν
1691 173 1710 208 ἡ
1733 173 1783 198 ἀν-

161 231 214 250 non
230 231 288 250 esse
305 224 338 250 ad
360 230 419 250 esse
435 227 463 250 et
479 223 569 249 viVere
593 228 684 250 evecta
699 228 750 253 est,
764 223 939 251 immutabili-

158 274 242 296 -tatem
258 273 284 296 et
297 269 323 295 in
341 269 480 295 identitate
505 268 678 295 stabilitatem
696 268 817 295 oblinere
833 269 941 302 potest?

159 314 337 341 Aberravitno
355 322 418 348 ergo
435 322 449 340 ει
463 314 584 341 veritatis
600 322 680 348 scopo
694 314 831 348 Scriptura
851 321 939 344 sacra,

161 360 223 385 dum
242 367 301 385 eum
317 359 362 393 qui
387 359 443 384 heri
459 367 509 386 non
527 363 596 389 erat,
613 359 686 392 prius
701 359 839 386 exstitisse
863 366 939 385 com-

161 404 310 430 memorat?
325 404 402 430 Absit
417 403 519 437 procul,
534 408 561 430 ut
582 403 634 430 tale
650 403 788 438 quidpiam
818 403 939 438 equidem

161 449 247 476 dicam
265 449 404 485 (Christus
421 449 491 476 enim
503 447 580 475 .lesns
594 449 662 475 idem
677 453 718 476 est
728 449 797 481 lteri,
809 454 836 476 et
851 449 939 481 hodie,

161 500 188 522 et
201 495 226 522 in
242 494 367 530 smcula).
381 499 427 521 aut
444 499 473 521 ut
490 494 615 527 Verbum,
632 495 739 521 tametsi
757 501 823 522 caro
839 495 939 522 factum

159 545 211 572 est,
224 540 440 574 antiquissimum
462 544 489 567 et
514 540 681 567 immutabile
705 547 767 567 esse
793 540 940 574 praedicare

160 587 302 614 dubitem!
338 591 403 621 puto
433 586 503 612 enim
531 586 653 613 eumdem
687 586 832 621 signiﬁcari
858 586 940 612 etiam

161 637 221 666 post
235 633 359 659 unionem
375 640 434 658 cum
451 633 559 666 propria
575 637 707 664 carne,ut
733 632 790 659 heri
806 632 941 659 exsisten-

161 683 213 706 tem
241 683 321 712 atque
344 679 584 712 praeexsistentem.
607 678 714 705 Etenim
741 684 802 704 cum
829 677 941 704 insanus

160 723 268 752 Jmlmus
305 725 441 752 Christum
476 728 675 757 exsecraretur,
697 723 858 758 repulsaque
891 722 942 749 (ide

160 770 292 805 lapidibus
320 771 443 797 eumdem
461 771 577 798 obruere
599 770 752 797 adoriretur
777 769 855 803 (nam
879 775 940 795 cum

161 816 295 843 hominem
324 816 409 843 nostri
437 817 552 844 similent
577 820 710 848 cerneret,
739 815 940 850 indignabatur,

991 222 1099 258 θρώπου
1116 222 1206 256 φύσις,
1221 222 1310 248 καίτοι
1325 222 1430 255 κίνησιν
1454 219 1640 255 ὑπομένουσα,
1660 219 1710 246 καὶ
1727 219 1783 253 πρό

990 277 1021 303 γε
1036 269 1090 294 τῶν
1104 268 1190 296 ἄλλων
1204 268 1253 303 τὴν
1265 267 1295 299 ἐξ
1308 267 1358 293 οὐκ
1370 266 1454 293 ὄντων
1468 266 1510 297 εἰς
1521 266 1551 292 τὸ
1563 264 1632 292 εἶναι
1645 265 1695 291 καὶ
1712 264 1783 299 ζῇν;

991 313 1181 348 Διημάρτηκεν
1195 312 1241 339 οὖν
1255 312 1309 348 ἄρα
1326 311 1459 347 τάληθοῦς
1482 312 1548 346 ἡμῖν
1561 310 1592 337 τὺ
1608 310 1734 345 Γράμμα
1752 308 1787 334 τὸ

992 359 1081 394 ἱερόν;
1106 360 1152 385 καὶ
1166 359 1212 385 τὸν
1231 358 1293 393 χθὲς
1310 358 1359 384 οὐκ
1371 358 1435 384 ὄντα
1451 357 1575 392 προεῖναι
1591 364 1676 391 (prius;
1693 355 1783 389 Φαίην

991 405 1024 431 ἂν
1043 405 1102 439 οὐχὶ
1116 404 1194 431 τοῦτο
1209 403 1274 438 ἐγὼ,
1289 403 1387 430 πολλοῦ
1403 411 1435 437 γε
1451 402 1498 428 καὶ
1511 402 1567 428 δεῖ·
1585 401 1647 436 χθὲς
1664 401 1722 435 γὰρ
1736 400 1784 426 καὶ

992 451 1110 485 σήμερον
1131 450 1145 476 ὁ
1159 449 1239 480 αὐτὸς
1256 449 1303 475 καὶ
1317 449 1357 479 εἰς
1379 448 1443 479 τοὺς
1468 446 1570 478 αἰῶνας
1585 445 1690 481 Ἰησοῦς
1712 445 1784 480 Χρι-

992 497 1062 527 στός.
1077 495 1114 522 Τὸ
1127 496 1155 522 δὲ
1174 495 1221 522 τοῦ
1237 495 1323 529 Λόγου
1347 493 1537 530 πρεσϐύτατόν
1556 501 1586 520 τε
1605 493 1653 519 καὶ
1669 491 1783 522 ἀκλινὲς

991 543 1089 577 ἥκιστα
1103 542 1152 577 μὲν
1164 542 1328 577 ἀρνήσομαι,
1341 540 1388 568 καὶ
1401 541 1425 567 εἰ
1438 540 1534 575 γέγονε
1548 539 1618 574 σὰρξ
1627 547 1634 554 ·
1647 539 1782 573 οἰήσομαι

990 588 1018 615 δὲ
1034 589 1093 615 καθ’
1103 589 1200 615 ἕνωσιν
1217 587 1284 623 μετὰ
1303 588 1353 622 τῆς
1370 587 1438 619 ἰδίας
1455 586 1557 621 σαρκὸς
1571 586 1609 617 ὡς
1627 584 1693 620 χθὲς
1713 584 1783 610 ὄντα

991 634 1037 661 καὶ
1053 635 1262 670 προϋπάρχοντα
1284 632 1498 669 καταδηλοῦσθαι
1519 631 1600 659 πάλιν
1614 631 1706 658 αὐτόν.
1722 629 1782 656 Καὶ

991 680 1056 714 γοῦν
1085 679 1303 715 κατεμυσάττετο
1324 679 1373 713 μὲν
1406 676 1612 714 παραφρονῶνῐ
1640 676 1782 707 Ἰουδαῖος,

991 727 1038 753 καὶ
1066 725 1228 753 καταλιθοῖιν
1239 725 1319 752 αὑτὸν
1330 724 1477 759 ἐπεχείρει,
1489 724 1538 760 τὴν
1548 723 1640 750 πίστιν
1651 723 1683 748 οὐ
1696 729 1783 756 προσ-

993 772 1108 806 ιέμενος.
1133 770 1322 805 Κατετεοήπει
1349 770 1413 805 γὰρ,
1438 770 1479 796 ὅτι
1504 769 1593 796 καίτοι
1617 768 1680 794 καθ’
1703 767 1780 802 ἡμᾶς

991 817 1128 853 ὁρώμενος
1144 816 1296 852 ἄνθρωπος,
1310 816 1358 851 τῆς
1379 815 1450 851 ὑπὲρ
1464 814 1606 850 ἄνθρωπον
1629 814 1782 849 ἀρχαιότη-

159 862 228 896 quod
247 866 351 888 :etatem
367 861 483 888 humana
500 862 628 895 majorem
643 861 694 888 sibi
707 864 846 895 arrogaret
855 866 876 894 ),
890 859 939 886 tale

1005 850 1037 894 ὀς
1050 850 1146 896 tam},
1168 850 1201 888 :8
1218 861 1402 896 πρεσϐύτατον
1420 850 1614 895 ἐπεμαρτύρει,
1637 859 1727 893 λέγων
1743 858 1782 890 ὡς

159 911 188 934 ut
206 907 276 933 Deus
298 906 331 934 de
348 915 377 934 se
401 906 581 934 testimonium
610 906 678 933 dixit
695 915 701 933 :
718 915 729 932 ι
748 905 844 936 Amen,
863 912 940 932 auten

159 953 219 980 dico
231 953 317 983 vobis,
333 952 488 986 priusquam
505 953 640 980 Abraham
655 952 730 979 lieret
746 959 797 986 ego
813 959 873 978 sum
883 951 916 977 ⁸⁵.
929 960 938 976 ι

158 997 197 1024 Ad
213 997 270 1023 tunc
285 1001 378 1023 contra
397 996 433 1023 illi
450 1006 456 1024 :
472 1006 482 1023 (
509 996 707 1031 Quinquaginta
725 1003 811 1023 annos
824 996 940 1023 nondum

159 1043 252 1074 habes,
281 1047 308 1070 et
336 1042 472 1069 Abraham
498 1042 586 1069 vidisti
597 1042 636 1069 ιιι
658 1051 667 1067 ι
694 1041 812 1069 Joannes
836 1047 942 1076 quoque

160 1089 194 1114 ita
211 1089 249 1114 ait
265 1097 272 1114 :
287 1097 296 1113 ι
317 1087 364 1115 llic
375 1092 427 1120 est,
440 1088 472 1114 de
486 1095 539 1122 quo
552 1087 605 1114 dixi
622 1087 714 1114 vobis:
729 1087 794 1114 Post
811 1094 854 1113 me
869 1086 942 1113 venit

158 1134 210 1164 vir,
228 1133 272 1167 qui
287 1137 347 1159 ante
363 1139 405 1159 me
419 1132 504 1159 factus
524 1137 575 1164 est,
593 1131 655 1166 quia
670 1133 743 1166 prior
759 1138 801 1158 ine
813 1136 870 1158 erat
881 1130 914 1157 ⁴⁷.
929 1140 938 1156 ›

157 1179 193 1205 At
208 1178 342 1212 quomodo
360 1186 418 1204 curn
438 1178 637 1205 Emmanuelem
649 1182 676 1205 et
693 1178 780 1204 virum
799 1181 939 1212 agnoscat,

158 1228 185 1250 et
196 1224 280 1249 virtun
294 1223 423 1255 nominet,
437 1222 509 1249 illum
536 1223 664 1256 priorem,
683 1227 710 1249 et
724 1226 786 1249 ante
801 1230 831 1250 se
843 1222 940 1249 factum

157 1269 295 1302 praedicnt,
312 1276 372 1295 cum
388 1274 477 1295 tamen
493 1273 520 1295 et
548 1268 661 1298 tardius.
674 1272 701 1294 et
718 1273 778 1301 post
791 1268 878 1302 ipsum
891 1275 941 1294 na-

159 1319 200 1341 tus
214 1320 283 1341 esset
293 1315 304 1341 ἲ
315 1315 367 1341 Sed
379 1314 461 1349 gloria
475 1313 543 1340 forte
557 1321 589 1340 ac
607 1314 737 1348 dignitate
759 1313 863 1340 Joanne
884 1321 942 1339 nta-

155 1361 241 1395 jorem
252 1361 423 1394 prioremque
436 1360 572 1386 exstitisse
582 1359 652 1386 dicet
663 1359 808 1393 quispiam,
819 1363 848 1386 ut
859 1359 939 1393 obiici

159 1407 302 1440 intelligo:
323 1414 414 1433 verum
444 1407 566 1432 oratione
582 1413 634 1432 non
663 1406 806 1432 admodum
835 1405 940 1438 prolixa

157 1453 263 1479 ostemli
277 1456 375 1486 potest,
389 1451 524 1486 ejusmodi
539 1450 734 1485 expositionem
748 1456 773 1478 et
787 1458 898 1485 pravam
914 1455 941 1477 et

158 1497 271 1523 inscitia:
288 1496 394 1530 plenam
421 1503 490 1522 esse.
505 1494 570 1521 Nam
591 1495 613 1522 si
638 1496 756 1529 priorem
781 1502 853 1528 esse,
869 1495 939 1522 idem

157 1551 217 1570 csse
233 1543 409 1569 statuerimus
425 1541 495 1575 quod
513 1541 567 1576 39
579 1541 605 1567 in
615 1540 699 1575 gloria
715 1541 846 1575 potiorem
862 1548 938 1574 esse;

157 1589 250 1616 eadem
272 1588 382 1615 omnino
403 1587 507 1614 ratione
525 1587 701 1621 posteriorem
719 1594 779 1614 esse
797 1587 867 1614 ident
888 1587 942 1614 erit

159 1634 229 1669 quod
241 1634 323 1668 gloria
340 1633 494 1659 inferiorem
509 1641 515 1658 :
529 1636 611 1666 atque
627 1632 664 1658 ita
681 1631 818 1658 Christum
836 1631 942 1659 Joanne

158 1680 313 1707 inferiorem
333 1678 364 1713 (ο
382 1686 437 1705 rem
462 1678 578 1705 maxime
595 1677 739 1705 absurdam
753 1678 759 1703 l
771 1678 779 1711 )
791 1678 940 1705 concedere

158 1725 350 1760 compcllemur
369 1733 377 1750 :
396 1724 442 1750 Ait
462 1724 533 1751 enini
559 1732 566 1750 :
587 1733 596 1748 ι
616 1723 680 1750 Post
703 1731 747 1750 me
767 1723 838 1750 venit
856 1723 907 1751 vir.
928 1732 938 1748 ι

159 1771 232 1799 Sane
246 1771 269 1797 si
287 1775 370 1801 recte,
385 1769 455 1803 quod
466 1768 491 1794 in
507 1767 619 1794 Psalmis
634 1768 667 1794 de
679 1774 712 1795 eo
729 1767 859 1801 scriptum
877 1766 942 1801 legi-

159 1820 214 1849 tur,
226 1815 444 1850 expendet-imus,
457 1821 513 1840 rem
530 1813 607 1847 longe
619 1812 696 1839 aliter
711 1813 810 1840 habere
826 1812 942 1839 arhitra-

157 1863 247 1890 bitnur
261 1870 268 1888 :
285 1869 294 1886 ι
309 1860 385 1893 Quis,
402 1861 499 1894 inquit,
507 1859 669 1897 (ynubibns
681 1859 829 1893 aequabitur
848 1857 940 1884 Domi-

158 1909 212 1936 no?
229 1907 325 1935 similis
342 1907 395 1934 erit
411 1899 523 1932 Domino
540 1907 565 1932 in
591 1905 652 1933 (iliis
680 1905 727 1931 Dei
741 1904 784 1931 "‘?
801 1913 811 1930 ι
829 1903 940 1931 Summa

158 1956 240 1990 igitur
254 1953 401 1988 antiquitas
415 1951 504 1979 Verbo
517 1956 648 1986 tanquam
663 1951 718 1978 Deo
730 1951 879 1978 secundum
894 1957 941 1977 na-

161 2006 259 2031 turam,
275 1998 381 2025 etiamsi
412 1997 487 2024 carni
502 1997 606 2023 unitum
620 1996 665 2028 sit,
680 1996 847 2030 propriaeque
861 2000 940 2022 natu-

158 2053 194 2072 ra:
209 2046 277 2072 bona
287 2051 349 2071 cum
361 2049 474 2077 corpore
484 2042 556 2076 quod
571 2041 726 2076 assumpsit,
741 2041 941 2069 communicare

157 2089 338 2120 consueverit.
350 2088 522 2115 attribuenda
538 2092 589 2114 est.

194 2135 273 2164 XLII.
291 2134 366 2167 Quod
385 2134 455 2161 istud
476 2139 564 2160 autem
579 2134 614 2160 ita
636 2140 665 2161 se
690 2132 796 2165 haheat,
814 2137 941 2167 recteque

954 1514 975 1542 C

992 909 1056 940 Θεός
1068 915 1076 924 ⁸
1095 918 1104 934 ι
1125 907 1220 943 Ἀμὴν,
1237 908 1310 943 ἀμὴν
1325 907 1396 940 λέγω
1413 906 1487 941 ὑμῖν,
1503 906 1568 941 πρὶν
1587 905 1716 939 Ἀϐραὰμ
1732 912 1782 938 γε·

992 953 1101 985 νέσθαι,
1124 952 1179 986 ἐγώ
1204 953 1272 987 εἰμι.
1287 961 1296 977 ι
1320 951 1384 978 Ὂτε
1407 951 1454 977 καὶ
1471 950 1540 985 πρὸς
1559 950 1639 976 τοῦτο
1659 949 1782 984 ἕφαακιον

992 1000 1104 1026 ἐκεῖνον
1121 1008 1129 1024 ι
1146 999 1316 1032 Πεντήκοντα
1331 996 1377 1032 ἐτη
1391 996 1466 1023 οὔπω
1486 996 1567 1031 ἔχεις,
1589 997 1636 1023 καὶ
1651 995 1782 1030 Ἀϐραὰμ

992 1045 1134 1080 ὲώρακαςς
1155 1054 1163 1069 ι
1189 1045 1260 1079 Ἔφη
1283 1043 1312 1070 δὲ
1337 1043 1417 1070 πάλιν
1439 1043 1485 1069 καὶ
1503 1042 1630 1077 Ἰωάννης
1643 1050 1650 1057 -
1670 1051 1680 1067 ι
1695 1039 1783 1073 Οὗτός

991 1092 1049 1117 ἐστι
1059 1111 1066 1123 ,
1088 1092 1151 1126 περὶ
1167 1087 1197 1117 οὗ
1219 1090 1274 1124 ἐγὼ
1288 1087 1364 1116 εἷπον
1380 1089 1458 1124 ὑμῖν·
1479 1089 1583 1115 Ὀπίσω
1599 1097 1649 1124 μου
1668 1089 1781 1124 ἔρχεται

992 1136 1070 1172 ἀνὴρ,
1091 1137 1119 1168 ὃς
1139 1135 1294 1171 ἔμπροσθέν
1317 1144 1366 1170 μου
1389 1135 1510 1170 γέγονεν,
1531 1135 1572 1160 ὃτι
1595 1134 1706 1169 πρῶτός
1728 1141 1780 1168 μου

990 1179 1034 1217 ἦν.
1049 1191 1058 1208 ι
1076 1182 1170 1208 Καίτοι
1188 1181 1247 1213 πῶς
1264 1181 1346 1216 ἄνδρα
1362 1189 1392 1207 τε
1411 1180 1488 1212 εἰδὼς
1503 1180 1550 1207 καὶ
1570 1180 1714 1216 ὀνομάζων
1736 1181 1782 1207 τὸν

997 1228 1181 1263 Ἐμμανουὴλ,
1198 1227 1352 1262 ἔμπροσθέν
1370 1236 1400 1254 τε
1416 1226 1514 1258 αὑτοῦ,
1536 1227 1584 1253 καί¹
1601 1226 1713 1261 πρῶτον
1732 1235 1781 1260 γε·

991 1274 1084 1301 νέσθαι
1104 1274 1170 1309 φησὶ
1189 1274 1234 1300 τὸν
1253 1274 1365 1308 ὀψιγενῆ
1383 1281 1412 1299 τε
1435 1274 1483 1300 καὶ
1507 1273 1566 1306 μετ’
1588 1273 1690 1305 αὑτόν;
1710 1272 1783 1298 Ἀλλ’

991 1321 1050 1355 ἐρεῖ
1062 1328 1104 1351 τις
1125 1319 1202 1350 ἴσως
1221 1319 1393 1354 Ἐμπροσθεν
1411 1319 1492 1345 αὑτὸν
1507 1319 1554 1345 καὶ
1576 1319 1687 1355 πρῶτον
1705 1319 1784 1352 γενέ-

992 1366 1053 1392 σθαι
1073 1366 1140 1400 φησὶ
1157 1365 1227 1392 κατά
1242 1374 1272 1399 γε
1288 1366 1337 1400 τὴν
1352 1365 1440 1397 δόξαν,
1453 1365 1546 1400 ὥσπερ
1562 1363 1609 1391 οὖν
1626 1365 1718 1391 ἔπεισί
1737 1374 1782 1400 μοι

991 1413 1075 1438 νοεῖν·
1092 1412 1139 1438 καὶ
1163 1411 1215 1446 μὴν
1233 1411 1274 1437 ὅτι
1290 1411 1416 1445 κίὸδηλόν
1432 1420 1462 1437 τε
1479 1412 1526 1438 καὶ
1542 1411 1647 1446 ἀμαθὲς
1669 1411 1703 1437 τὸ
1718 1412 1783 1448 τῇδε

991 1458 1072 1488 νοεῖν,
1086 1457 1116 1482 οὐ
1136 1457 1239 1492 μακρὸς
1254 1457 1320 1491 ἡμῖν
1335 1456 1434 1488 διδάξει
1451 1457 1539 1490 λόγος.
1556 1457 1783 1492 Παραδεξὰμενοι

991 1503 1045 1537 γὰρ
1053 1502 1084 1529 τὸ
1096 1512 1105 1527 ‹
1116 1503 1267 1537 ἔμπροσθεν
1284 1512 1292 1527 t
1304 1503 1342 1533 εἰς
1352 1502 1392 1533 τὸ,
1408 1503 1517 1537 ἄμεινον
1525 1503 1553 1529 ἐν
1569 1503 1644 1538 δόξῃ,
1655 1504 1730 1530 κατὰ
1739 1504 1783 1530 τὸν

993 1549 1049 1575 ἴσον
1064 1557 1114 1574 που
1129 1548 1217 1582 λόγον,
1234 1550 1280 1574 καὶ
1293 1549 1324 1574 τὸ
1339 1558 1348 1574 ι
1366 1549 1453 1575 ὀπίσω
1469 1558 1479 1574 ι
1505 1549 1627 1584 φήσομεν
1641 1549 1672 1575 τὺ
1700 1550 1739 1580 ὡς
1755 1551 1783 1575 ἐν

992 1594 1103 1630 εὐκλείᾳ
1129 1594 1254 1630 δεύτερον
1269 1593 1298 1622 εὖ
1315 1595 1387 1630 μάλα
1403 1595 1581 1630 καταδηλοῦν.
1605 1596 1783 1631 Συμὸήσεται

991 1641 1081 1667 τοίνυν
1097 1641 1135 1672 ὼς
1155 1641 1184 1673 ἐξ
1200 1641 1324 1676 ἀνάγκης
1343 1642 1409 1676 ἡμῖν
1427 1641 1478 1676 τῆς
1494 1641 1617 1668 Ἰωάννου
1634 1641 1717 1676 δόξης
1735 1643 1784 1677 ἡτ-

991 1685 1089 1711 τᾶσθαι
1110 1685 1235 1721 Χριστὸν,
1249 1685 1296 1712 καὶ
1310 1686 1397 1712 ὀπίσω
1415 1685 1540 1721 δραμεῖν,
1561 1687 1702 1719 ἀσυνέτως
1716 1687 1782 1722 ὀμο-

991 1731 1080 1765 λογεῖν
1093 1733 1116 1757 8.
1131 1732 1203 1767 Ἔφη
1217 1732 1281 1766 γὰρ,
1295 1732 1336 1758 ὅτι
1348 1742 1357 1757 ι
1377 1731 1480 1759 Ὀπίσω
1495 1741 1545 1767 μου
1558 1732 1669 1768 ἔρχεται
1682 1733 1779 1769 ἁνήρ..

996 1777 1029 1803 Ὢ
1041 1778 1090 1812 τῆς
1105 1777 1236 1809 ἀτοπίαςῐ
1251 1777 1401 1813 οἰησόμεθα
1418 1778 1525 1813 γὰροὺχ
1539 1775 1589 1805 ὦδε
1606 1778 1692 1814 ἔχειν,
1708 1780 1781 1806 ἐννε-

992 1823 1120 1857 νοηκότες
1137 1823 1224 1858 ὀρθῶς
1240 1823 1271 1850 τὺ
1311 1824 1340 1850 ὲν
1362 1823 1486 1859 Ψαλμοῖς
1506 1825 1702 1860 γεγραμμένον
1714 1847 1722 1858 ,
1742 1826 1781 1852 ὅτι

994 1879 1003 1894 ι
1018 1869 1065 1900 Τίς
1082 1870 1111 1895 ὲν
1125 1869 1251 1903 νεφέλαις
1277 1869 1439 1904 ἰσωθήσεται
1454 1869 1493 1904 τῷ
1515 1870 1627 1905 Κυρίῳ;
1645 1871 1782 1906 ὁμοιωθή-

993 1923 1067 1941 σεται
1082 1914 1121 1950 τῷ
1135 1915 1229 1950 Κυρίῳ
1242 1916 1270 1941 ὲν
1284 1916 1352 1946 υίοῖς
1364 1915 1431 1942 Θεοῦ
1444 1924 1451 1948 ;
1464 1925 1473 1941 t
1492 1915 1652 1943 ’Λναϐετὲον
1665 1915 1715 1943 οὖν
1729 1918 1781 1952 ἄρα

992 1957 1039 1983 καὶ
1055 1958 1124 1984 κατὰ
1139 1959 1238 1993 σαρκὸς
1249 1958 1325 1992 αὐτῷ
1335 1959 1366 1985 τὸ
1380 1959 1576 1994 πρεσϐύτατον,
1586 1961 1625 1992 ὡς
1637 1961 1700 1996 Θεῷ
1712 1963 1780 1988 κατᾶ

992 2003 1073 2036 φύσιν
1100 2003 1225 2030 ἐνωθέντι
1250 2004 1343 2040 σαρκὶ,
1367 2005 1414 2031 καὶ
1429 2005 1462 2032 τὰ
1474 2005 1526 2040 τῆς
1549 2006 1655 2038 οίκείας
1672 2007 1781 2042 φύσεως

991 2049 1081 2084 ἀγαθὰ
1095 2052 1255 2077 καινοποιεῖν
1272 2051 1378 2078 εἰωθότι
1392 2052 1431 2087 τῷ
1447 2052 1504 2088 ίδὶῳ
1521 2053 1637 2089 σώματι.

1027 2139 1093 2166 ΜΒ’.
1114 2139 1199 2166 Τοῦτο
1219 2139 1241 2166 δ’
1261 2139 1295 2167 ἃν
1313 2140 1408 2175 μάθοις
1425 2137 1476 2168 ὦδέ
1497 2151 1527 2169 τε
1544 2142 1615 2177 ἔχον,
1638 2143 1687 2170 καὶ
1703 2146 1779 2181 εἰρη-

157 2183 259 2211 dictutn
275 2181 321 2214 sit,
340 2181 366 2208 id
382 2187 416 2207 ex
429 2179 489 2206 aliis
507 2186 613 2214 quoque
632 2178 804 2211 testimoniis,
822 2179 844 2206 si
861 2179 939 2205 modo

1005 2184 1072 2210 ta'vov
1088 2184 1185 2220 ὀρθῶς,
1200 2185 1247 2211 καὶ
1260 2185 1289 2218 ἐξ
1303 2185 1404 2221 ἐτέρων
1418 2187 1507 2220 εὐθὺς,
1522 2187 1601 2223 εἴπερ
1613 2188 1696 2220 ἕλοιο,

155 2228 275 2260 libuerit,
285 2227 364 2254 facile
379 2226 525 2253 didiceris:
542 2225 735 2260 dicitnamquc
752 2225 848 2252 alicubi
868 2225 940 2252 Deus

158 2281 206 2308 per
233 2273 377 2307 quemdam
407 2276 561 2299 sanctorum
574 2271 764 2305 prophetarum
782 2271 814 2298 de
829 2270 939 2297 Christo

155 2328 186 2347 ex
202 2319 305 2347 semine
333 2318 414 2345 David
435 2317 581 2344 secundum
598 2324 707 2344 carnem
723 2320 801 2343 orto:
821 2325 830 2341 ι
851 2315 884 2342 Ει
899 2320 937 2347 tu,

157 2365 295 2392 Bethleem
320 2364 417 2390 domus
441 2363 569 2397 Ephrata,
586 2370 639 2389 non
653 2361 763 2396 parvula
784 2368 814 2388 es
831 2361 857 2388 in
879 2361 938 2388 mil-

155 2411 225 2437 libus
239 2409 319 2437 Juda.
331 2409 371 2436 Ex
390 2414 415 2436 te
432 2408 496 2435 mihi
512 2408 665 2443 egredietur
679 2407 726 2441 qui
748 2407 784 2434 sit
810 2407 935 2434 Domina-

157 2462 197 2482 tor
213 2456 307 2487 Israel,
323 2460 350 2482 et
364 2462 490 2489 egressus
505 2454 563 2489 ejus
578 2454 611 2480 ab
630 2453 707 2481 initio
718 2461 731 2479 a
749 2453 844 2480 diebus
859 2457 938 2480 mter-

156 2502 249 2528 nitatis
261 2502 294 2529 ιν,
310 2511 318 2526 ι
334 2502 372 2528 De
385 2501 446 2527 ﬁliis
458 2508 520 2527 vero
530 2499 616 2527 ,lsrael
630 2499 829 2526 sacratissimus
840 2499 939 2526 Paulus

156 2547 192 2574 ita
220 2547 315 2574 scribit
333 2557 340 2574 :
359 2556 368 2572 ι
388 2546 488 2574 Omnes
510 2546 536 2572 in
561 2544 652 2580 Moyse
673 2544 799 2579 baptizati
824 2550 887 2572 sunt
912 2545 937 2572 in

156 2593 227 2619 nube
236 2597 263 2618 et
276 2593 301 2619 in
310 2592 522 2623 mari,etvomnes
534 2591 655 2619 eamdem
666 2597 753 2618 escam
771 2591 937 2625 spiritualem

157 2639 396 2670 manducaverunt,
413 2643 439 2664 et
464 2644 558 2664 omnes
583 2637 708 2664 eumdem
735 2641 827 2671 potum
859 2637 939 2671 spiri—

992 2230 1102 2265 τυριῶν.
1118 2230 1188 2266 Ἔφη
1209 2231 1259 2266 μὲν
1276 2231 1330 2267 γάρ
1346 2241 1396 2258 που
1413 2233 1478 2264 Θεὸς
1493 2234 1558 2268 περὶ
1574 2234 1621 2260 τοῦ
1640 2236 1673 2261 ὲκ
1696 2237 1780 2271 σπέρο

993 2284 1077 2310 ματος
1098 2277 1178 2303 Δαυῒδ
1202 2277 1232 2303 τὸ
1251 2278 1322 2304 κατὰ
1339 2278 1428 2314 σάρκα
1444 2279 1562 2314 Χριστοῦ
1584 2281 1618 2307 δι’
1640 2282 1702 2314 ἑνὸς
1726 2283 1778 2309 τῶν

991 2322 1075 2355 ἁγίων
1099 2323 1264 2358 προφητῶν·
1285 2333 1295 2350 ι
1316 2325 1371 2351 Καὶ
1397 2325 1440 2357 σὺ,
1468 2325 1609 2361 Βηθλεὲμ,
1633 2325 1709 2360 οἶκος
1733 2329 1778 2355 τοῦ

997 2367 1128 2402 Ἐφραοᾱ,
1141 2369 1179 2403 μὴ
1193 2369 1331 2403 ὀλιγοστὸς
1343 2369 1368 2397 εἴ
1380 2371 1427 2397 τοῦ
1438 2369 1504 2398 εἶναι
1514 2372 1543 2398 ὲν
1550 2372 1669 2407 χιλιάσιν
1683 2374 1777 2402 Ἰούδα.

999 2412 1046 2439 Ἐκ
1057 2414 1103 2439 σοῦ
1116 2423 1162 2449 μοι
1172 2414 1341 2446 ἐξελεύσεται
1354 2416 1400 2442 τοῦ
1415 2415 1484 2443 εἶναι
1494 2419 1533 2448 είς
1546 2418 1685 2453 Ἀρχοντα
1697 2420 1727 2446 ὲν
1742 2420 1779 2456 τῷ

998 2459 1120 2494 Ἰσραήλ·
1137 2459 1183 2486 καὶ
1203 2461 1230 2486 al
1247 2460 1330 2492 ἔξοδοι
1347 2462 1428 2488 αὑτοῦ
1448 2463 1495 2489 ἀπ’
1508 2462 1596 2498 ἀρχῆς
1615 2463 1645 2496 ἐξ
1664 2465 1777 2500 ἡμερῶν

991 2505 1097 2535 αἰῶνος.
1114 2515 1122 2531 ι
1141 2506 1210 2541 Περὶ⁷
1225 2506 1252 2532 δέ
1269 2515 1301 2540 γε
1315 2508 1369 2534 τῶν
1387 2507 1453 2534 υἱῶν
1471 2509 1578 2544 Ἰσραὴλ
1593 2511 1607 2536 ὁ
1630 2511 1776 2546 ἱερώτατος

992 2549 1107 2580 Παῦλος,
1122 2550 1162 2576 ὅτι
1180 2559 1188 2575 ι
1205 2551 1308 2583 Πάντες
1322 2553 1361 2583 είς
1378 2553 1423 2579 τὸν
1439 2554 1558 2589 Μωῦσῆν
1572 2554 1776 2591 ἐϐαπτίσθησαν

992 2594 1021 2619 ὲν
1037 2595 1070 2629 τῇ
1086 2595 1186 2630 νεφέλῃ
1200 2596 1246 2622 καὶ
1258 2597 1287 2622 ἐν
1297 2598 1330 2632 τῇ
1347 2597 1479 2634 θαλάσσῃ,
1496 2599 1542 2625 καὶ
1558 2599 1661 2631 πάντες
1681 2600 1776 2636 βρῶμα

993 2640 1176 2674 πνευματικὸν
1199 2642 1230 2668 τὺ
1251 2643 1316 2669 αὐτὸ
1339 2644 1448 2678 ἔφαγον,
1471 2645 1518 2671 καὶ
1539 2645 1641 2678 πάντες
1663 2647 1696 2673 τὸ
1714 2648 1776 2674 αὐτὸ

191 2696 214 2710 ⁴⁵
233 2695 310 2722 Joan.
327 2695 438 2728 “11,58.
477 2695 500 2710 ⁸⁴³
514 2695 579 2722 ibid.
597 2695 640 2721 57.
678 2694 700 2710 ’⁵⁷
716 2693 793 2721 Joan.
813 2702 831 2726 I,
845 2695 885 2722 50.
925 2695 939 2710 ελ

1005 2696 1033 2722 tl.
1049 2705 1180 2732 Lxxxviu,
1193 2699 1222 2727 7.
1258 2700 1281 2717 ‘9
1297 2700 1376 2729 Mich.
1397 2709 1423 2734 v,
1438 2702 1471 2735 2;
1486 2702 1581 2730 Matth.
1605 2711 1635 2736 tt,
1652 2704 1679 2730 6.

710 2751 795 2780 Varia:
811 2752 939 2780 lectiones
950 2753 1050 2781 codicis
1067 2753 1244 2791 Segnieriani.

197 2809 205 2827 ί
223 2810 236 2834 ὁ
253 2810 410 2845 παράφρων.
451 2811 462 2830 ε
479 2811 609 2837 ὑπονοεῖν.
