1883 3056
117 183 131 211 I
141 182 188 211 197

596 181 640 209 DE
659 181 770 209 RECTA
792 181 870 209 FIDE
889 181 934 208 AD
954 181 1175 210 TIIEODOSIUIII
1194 183 1258 211 IMP.

1669 187 1740 215 1198

117 240 307 275 πνευματικὸν
324 239 400 266 ἔπιον
415 239 506 274 πόμα·
525 239 616 266 ἔπινον
636 239 689 276 γὰρ
703 241 733 267 ἐκ
758 249 874 275 πνευμαπ

961 240 1057 267 tualem
1101 242 1253 269 biberunt:
1279 241 1405 269 bibebant
1434 246 1522 270 autem
1550 242 1582 270 de
1606 243 1738 278 spirituali

117 288 171 323 κῆς
185 286 378 322 ὗκολουθούσης
390 286 493 322 πέτρας
502 295 508 301 ”
520 287 537 322 ἡ
550 286 578 313 δὲ
589 287 676 322 πέτρα
685 285 719 322 ἦν
731 288 744 314 ὁ
755 287 880 322 Χριστός.
893 296 902 312 ι

119 334 217 369 ¹⁹Λθρει
236 333 269 368 δὴ
291 331 338 360 οὖν
356 333 385 359 ὲν
408 332 518 368 Χριστῷ
542 333 628 368 Ἰησοῦ
652 333 826 368 δεικνύμενον
844 332 905 359 καθ’

117 380 215 406 ἕνωσιν
236 378 409 414 οἰκονομικὴν
423 378 453 404 τὸ
474 378 565 410 ιδικῶς
580 378 627 405 τοῦ
644 379 731 412 Λόγου
751 378 905 413 πρεσϐύτα-

117 434 176 452 τον.
193 426 228 452 Ἢ
245 425 294 451 οὐκ
308 424 426 459 ὲναργὴς
443 424 457 450 ὁ
471 423 567 457 λόγο;;
585 423 636 450 Τὸν
650 424 745 459 γάρτοι
760 423 907 458 Βηθλεεμί-

116 480 181 506 την,
199 471 236 502 ὼς
251 471 392 505 ἄνθρωπον
410 470 457 496 καὶ
476 470 508 496 ὲκ
524 469 664 503 γυναικὸς,
680 470 728 496 ἀπ’
742 470 828 506 ἀρχῆς
842 470 907 496 αῐῶ-

117 526 166 549 νος
184 517 234 548 τὰς
256 516 362 549 ἐξόδους
377 515 449 550 ἔχειν
466 514 496 542 εὖ
512 515 583 550 μάλα
602 516 701 550 φησίν·
718 517 746 541 ἐν
763 516 832 550 ἀρχῇ
851 516 906 551 γὰρ

118 561 155 598 ἧν
167 563 214 590 καὶ
229 562 282 597 πρὸ
295 561 394 593 παντὸς
414 561 511 593 αἰῶνος
524 561 538 587 6
552 561 765 596 ὲνανθρωπήσας
778 561 843 592 Θεὸς
856 561 906 587 Λό-

119 615 185 644 γος⁸
202 609 249 635 καὶ
264 608 345 639 αὐτὸς
361 605 395 643 ἦν
410 608 427 642 ἡ
445 607 543 643 πέτρα,
558 607 721 641 δεδιψηκότα
737 608 782 634 τὸν
799 608 906 643 Ἰσραήλ

119 657 178 686 τοῖς
190 654 255 690 παρ’
268 653 364 680 ἐλπίδα
381 654 428 681 καὶ
439 654 578 688 ἀδοκήτως
595 653 776 688 ὲκμεθύσκων
790 653 906 688 νάμασι·

119 702 210 729 καίτοι
227 700 367 735 γεννηθεὶς
386 699 457 726 κατά
469 707 501 732 γε
521 699 570 734 τὴν
587 699 675 734 σάρκα
690 699 736 725 καὶ
755 699 786 725 τὸ
805 698 909 735 ἀνθρώ-

119 755 200 773 πινον
223 747 252 773 ἐν
266 747 391 781 ἐσχάτοις
410 743 457 771 τοῦ
480 745 576 776 αἰῶνος
603 746 719 780 καιροῖς,
739 746 787 771 καὶ
815 753 910 779 κεχρι-

123 793 222 827 σμένος
233 792 283 827 τὴν
294 793 334 823 εἰς
348 790 423 817 τόνδε
437 790 484 816 τὸν
498 790 758 825 κόσμονάποστολὴν
773 790 847 825 παρὰ
861 789 907 816 τοῦ

120 838 190 865 Θεοῦ
203 839 249 864 καὶ
263 837 383 873 Πατρός·
400 836 609 871 κατωνόμασται
623 836 677 871 γὰρ
691 837 739 871 οὐχ
756 836 849 871 ἑτέρου
861 844 908 862 του

120 885 202 920 χάριν
217 884 233 919 ἢ
247 884 292 911 διὰ
311 883 390 909 τοῦτο
406 882 532 918 Χριστός.
556 883 673 917 Χριστὸς
694 882 722 909 δὲ
738 881 772 918 ἦν
789 883 908 918 ήτπέτρα

121 928 194 955 κατὰ
210 928 257 954 τὸν
276 927 369 962 νόμον,
392 927 439 954 καὶ
464 927 511 953 τὸν
529 927 645 953 Παῦλον.
664 928 871 961 Ἐπαγωνιεῖται
886 928 908 954 δ’
924 914 945 941 Β

121 972 157 1001 εὖ
173 974 220 1001 καὶ
243 973 405 1008 συναθλήσει
426 973 463 1007 τῷ
478 972 549 1008 λόγῳ
572 975 619 1000 καὶ
639 974 653 999 6
668 974 749 1007 σοφὸς
766 974 908 1008 Ἰωάννης,

123 1019 264 1055 μονονουχὶ
277 1019 324 1045 καὶ
340 1019 507 1054 συναγείρων
526 1019 574 1050 τὰς
591 1018 702 1053 φύσεις,
726 1020 773 1046 καὶ
794 1020 909 1046 συνδέων

120 1067 163 1098 εἰς
186 1066 283 1092 ἕνωσιν
302 1065 357 1092 τῶν
378 1066 497 1100 ἑκατέρᾳ
514 1066 669 1101 προσόντων
686 1066 839 1101 ἰδιωμάτων
859 1067 909 1103 τὴν

119 1111 246 1147 δύναμιν.
264 1111 320 1137 Θέα
343 1110 399 1146 γὰρ
421 1111 435 1137 ὅ
452 1119 550 1145 φησιν·
572 1120 582 1136 t
600 1112 632 1137 Ι’0
650 1109 684 1146 ἦν
706 1112 752 1138 ἀπ’
773 1113 875 1148 ἀρχῆς,
895 1112 909 1138 ὃ

120 1157 290 1192 ἀκηκόαμεν,
317 1156 331 1182 ὃ
356 1156 520 1191 ἑωράκαμεν
541 1156 597 1187 τοῖς
620 1156 767 1191 ὀφθαλμοῖς
786 1157 876 1191 ἡμῶν,
895 1156 910 1183 ὃ

121 1202 307 1238 ἐθεασάμεθα,
322 1203 366 1228 καὶ
385 1203 412 1228 αἱ
435 1203 525 1237 χεῖρες
548 1202 627 1237 ἡμῶν
645 1203 823 1238 ἐψηλάφησαν
845 1204 910 1239 περὶ

119 1248 168 1275 τοῦ
192 1249 280 1283 Λόγου
304 1249 353 1283 τῆς
379 1248 471 1283 ζωῆς’
491 1248 538 1274 καὶ
561 1248 636 1283 ήζωὴ
665 1248 839 1284 ἐφανερώθη,
863 1250 909 1277 καὶ

120 1295 299 1330 ἑωράκαμεν,
322 1294 370 1320 καὶ
397 1293 601 1329 μαρτυροῦμεν,
630 1295 678 1321 καὶ
700 1295 910 1330 ἀπαγγέλλομεν

121 1341 187 1374 ὑμῖν
205 1339 276 1375 ζωὴν
291 1340 340 1374 τὴν
361 1340 478 1372 αἰώνιον,
497 1339 557 1374 ἥτις
577 1337 612 1374 ἦν
633 1340 701 1374 πρὸς
719 1340 765 1367 τὸν
788 1341 908 1376 Πατέρα,

120 1387 169 1414 καὶ
199 1386 359 1421 ἐφανερώθη
383 1386 457 1421 ὑμῖν.
474 1396 483 1412 ι
507 1386 572 1412 Ἰδοὺ
596 1386 641 1412 τὸν
670 1386 735 1413 ὄντα
758 1387 806 1413 ἀπ’
824 1387 910 1423 ἀρχῆς

119 1429 211 1466 ὦφθαι
230 1432 259 1458 τέ
275 1440 357 1466 φησιν
380 1431 520 1466 ὲναργῶς,
537 1431 682 1466 ὑπομεῖναι
707 1432 735 1458 δὲ
758 1433 805 1459 καὶ
825 1434 908 1468 ἁφήν.

127 1478 320 1513 Ἀνεκεκράγει
336 1477 388 1512 γὰρ
403 1477 416 1503 ό
430 1477 531 1512 Θωμᾶς
541 1484 547 1492 ·
568 1487 577 1503 ‹
597 1478 627 1504 '0
642 1477 743 1513 Κύριός
759 1480 883 1513 μουγκαὶ
896 1481 910 1507 ὁ

120 1523 188 1555 Θεός
204 1532 267 1558 μου,
282 1532 292 1549 ι
315 1523 509 1558 ἀναμετρήσας
523 1523 648 1558 δακτύλῳ
676 1524 795 1559 πλευράν
814 1534 842 1551 τε
862 1526 910 1561 τὴν

955 291 1136 321 consequente
1146 295 1191 315 eos
1208 292 1374 322 petra,petra
1385 293 1472 316 autem
1483 290 1669 317 eratChristus
1679 290 1712 317 '°.
1727 301 1737 316 ι

956 331 994 359 En
1010 341 1141 361 summam
1159 334 1230 361 illam
1242 335 1440 369 antiquitatem,
1455 343 1515 370 quae
1527 335 1553 362 in
1572 335 1661 363 Verbo
1673 344 1738 370 pro-

956 380 1013 414 prie
1043 380 1178 412 convenit,
1205 380 1352 408 secundum
1382 380 1577 408 mconomicam
1613 381 1738 408 unionem

959 424 1004 451 hic
1019 424 1128 452 Christo
1148 426 1210 452 Jesu
1228 426 1390 460 assignatam
1402 433 1472 452 esse.
1491 426 1532 452 An
1555 427 1686 454 obscurus
1699 431 1741 453 est

957 469 1001 497 hic
1011 471 1122 497 sermo?
1138 470 1283 498 Evidenter
1301 472 1373 498 enim
1401 472 1511 506 exponit
1537 472 1740 499 Bcthleemitam

956 515 1041 547 illum,
1057 516 1102 550 qui
1127 524 1159 544 ex
1190 516 1302 549 muliere
1324 523 1404 544 natus
1429 522 1471 544 est
1500 518 1591 551 homo,
1608 519 1641 545 ab
1664 518 1741 544 initio

957 561 1045 588 saeculi
1057 562 1158 588 exitum
1174 562 1274 589 habere
1288 571 1295 589 :
1309 562 1336 589 in
1366 562 1501 597 prittcipio
1526 563 1599 589 enim
1629 567 1658 589 et
1678 568 1741 589 ante

957 606 1046 634 omnia
1073 607 1170 635 saecula
1181 612 1240 634 erat
1260 609 1330 642 quod
1355 609 1524 636 incarnatutn
1548 613 1589 636 est
1608 608 1738 642 Verbum,

957 652 1068 687 ipseque
1081 657 1137 680 erat
1164 658 1240 687 petra
1261 653 1388 689 illa,quas
1411 654 1588 681 lsraeliticum
1612 655 1739 689 populum

958 699 1093 726 sitientem
1110 699 1254 734 insperatis
1273 700 1520 735 inexspectatisque
1535 708 1611 735 aqua:
1634 701 1742 728 ﬂuentis

959 745 1101 772 inehriavit
1117 755 1124 772 :
1144 746 1251 772 etiamsi
1263 746 1289 772 in
1300 747 1454 774 novissimis
1468 747 1559 774 smculi
1573 747 1741 782 temporibus

958 792 1103 817 secundum
1119 798 1239 822 carnem,
1253 792 1452 827 humanamque
1471 797 1595 819 naturam
1614 793 1741 827 progeni-

960 841 1014 868 tus,
1029 838 1190 864 ctmissione
1212 837 1238 864 in
1253 839 1323 864 httnc
1341 839 1468 865 mundum
1488 847 1503 865 a
1520 839 1574 866 Dco
1597 838 1676 865 Patre
1700 838 1741 865 in-

958 887 1055 910 unctus
1071 884 1120 911 sit:
1131 891 1217 919 neque
1240 884 1312 911 cnim
1336 885 1444 912 aliunde
1460 886 1510 912 hoc
1525 893 1622 913 nomen
1640 885 1741 913 Christi

960 929 1073 955 sortitus
1091 936 1145 962 est,
1162 938 1241 964 quant
1272 930 1306 957 ab
1328 938 1380 957 una
1397 931 1448 958 hac
1470 932 1597 958 unctinne
1624 936 1652 959 et
1682 931 1743 958 l'un-

960 975 1066 1008 ctione;
1081 975 1156 1009 atqui
1173 975 1308 1006 Christus,
1327 975 1474 1002 secundum
1495 975 1580 1009 legem
1601 981 1629 1003 et
1646 983 1743 1003 secun-

959 1021 1022 1047 dum
1036 1021 1144 1048 beatum
1154 1020 1279 1051 Pattlunt,
1291 1025 1348 1047 erat
1363 1020 1405 1047 illa
1416 1025 1502 1054 petra.
1516 1020 1664 1048 Conﬁrmat
1675 1021 1743 1048 hanc

959 1075 1066 1094 rursum
1083 1067 1245 1093 sententiam
1262 1072 1289 1093 et
1306 1067 1414 1101 sapiens
1428 1066 1546 1094 Joannes
1561 1074 1686 1101 quoque;
1706 1069 1744 1095 si-

959 1113 1065 1148 quidem
1081 1112 1135 1148 m
1153 1117 1264 1139 naturas
1279 1113 1306 1139 in
1323 1120 1405 1139 unttm
1420 1113 1617 1147 quodammodo
1633 1120 1742 1148 cogens,

959 1159 1213 1194 proprietatumque
1238 1159 1304 1191 vim,
1324 1166 1384 1193 qua:
1419 1159 1526 1194 utrique
1558 1159 1691 1192 adjacent,
1716 1159 1743 1185 in

959 1204 1085 1231 unionem
1100 1204 1235 1238 redigens,
1247 1203 1283 1230 ita
1294 1203 1390 1230 scribit
1405 1211 1411 1230 :
1430 1213 1439 1228 ι
1452 1203 1527 1237 Quod
1539 1203 1590 1230 fuit
1605 1204 1638 1231 ab
1653 1203 1741 1236 initio,

959 1249 1030 1284 quod
1043 1249 1205 1281 audivimus,
1220 1249 1291 1283 quod
1305 1249 1421 1276 vidimus
1436 1248 1521 1276 oculis
1543 1249 1655 1282 nostris,
1672 1250 1742 1283 quod

960 1296 1155 1330 perspeximus,
1175 1299 1203 1322 et
1231 1302 1327 1322 manus
1342 1299 1440 1322 nostra
1456 1298 1695 1322 contreclavernnt
1711 1295 1744 1321 de

960 1341 1048 1368 Verbo
1078 1341 1150 1373 vitae,
1159 1346 1186 1368 et
1203 1341 1256 1367 vita
1280 1341 1448 1368 manifestata
1469 1344 1521 1372 est,
1531 1345 1558 1368 et
1578 1340 1745 1373 vidimus,et

960 1391 1101 1419 testamur,
1126 1391 1153 1413 et
1178 1387 1368 1413 annuntiamus
1390 1385 1466 1412 vobis
1493 1385 1575 1412 vitam
1602 1391 1742 1415 aeternam.

960 1439 1019 1467 quae
1045 1436 1104 1459 erat
1131 1432 1200 1466 apud
1230 1430 1348 1463 Patrem,
1377 1435 1405 1458 et
1433 1431 1557 1465 apparuit
1582 1431 1660 1458 nobis
1674 1431 1708 1458 δι.
1731 1442 1742 1457 ι

960 1477 1030 1504 Ecce
1056 1477 1154 1503 diserte
1181 1475 1297 1502 alIirutat
1324 1483 1397 1506 eum,
1413 1476 1457 1508 qui
1479 1475 1530 1502 fuit
1553 1475 1586 1502 ab
1617 1475 1746 1507 initio,ct

960 1522 1046 1548 visum
1075 1529 1146 1553 esse,
1170 1525 1198 1548 et
1223 1520 1383 1555 palpabilem
1416 1520 1517 1547 factum
1544 1528 1615 1548 esse.
1638 1521 1744 1548 Etenim

121 1567 169 1595 τοῦ
189 1567 323 1602 σώματος,
338 1568 386 1593 καὶ
405 1567 455 1598 τὰς
477 1567 633 1602 διατρήσεις
649 1568 704 1595 τῶν
729 1569 811 1603 ἥλων.
828 1570 874 1604 Fs}

961 1566 1088 1598 Thomas,
1103 1569 1275 1600 posteaquam
1297 1572 1392 1592 manus
1412 1565 1438 1592 in
1465 1565 1546 1598 latus,
1563 1571 1590 1592 et
1604 1566 1703 1600 digitos
1716 1566 1743 1593 in

119 1614 219 1649 νῆσθαι
241 1614 270 1640 δέ
290 1622 355 1649 φησι
374 1613 437 1644 τοὺς
453 1613 546 1647 ἁγίους
567 1614 731 1646 ἀποστόλους
748 1616 794 1642 καὶ
809 1616 823 1642 ὁ
839 1616 909 1648 θεῖος

121 1661 186 1695 ἡμῖν
208 1660 314 1690 Λουκᾶς
336 1659 472 1690 αὐτόπτας
497 1667 527 1685 τε
551 1659 598 1685 καὶ
624 1660 764 1695 ὑπηρέτας
790 1661 836 1688 τοῦ
854 1662 907 1688 Λό-

121 1715 170 1741 γου
180 1714 187 1721 ⁸
204 1706 300 1740 γέγονε
319 1705 373 1740 γὰρ
389 1705 514 1740 ἐμφανὴς
527 1706 541 1732 ὁ
555 1706 713 1740 ἀσώματος,
729 1707 776 1733 καὶ
792 1708 878 1739 ἁπτὸς
894 1709 908 1735 6

121 1752 244 1788 ἀναφής·
259 1752 309 1778 οὐκ
332 1751 433 1778 ὀθνεῖον
448 1751 517 1786 ἔχων
533 1751 691 1787 περίῆλημα
714 1752 763 1789 τὴν
786 1754 840 1780 ἀπὸ
856 1754 907 1789 γῆς

122 1798 226 1833 σάρκα,
246 1797 303 1824 ἀλλ’
322 1797 387 1824 ἴδιον
404 1797 489 1832 αὐτὴν
507 1797 692 1832 ποιησάμενος
714 1799 787 1832 vain,
812 1801 858 1826 καὶ
878 1801 907 1827 ἐν

121 1845 192 1879 αὐτῇ
209 1864 217 1876 ,
230 1843 277 1870 καὶ
296 1843 343 1869 σὺν
357 1843 425 1878 αὐτῇ
442 1842 642 1878 γνωριζόμενος
657 1844 694 1875 ὼς
708 1845 774 1876 Θεὸς
788 1846 836 1872 καὶ
851 1846 908 1872 Κύ-

124 1899 192 1926 ριος.
213 1889 373 1925 Γεγραφότα
396 1888 424 1914 δὲ
445 1886 524 1916 οἶσθά
547 1898 598 1915 που
622 1890 669 1916 καὶ
690 1890 735 1917 τὸν
760 1891 907 1926 ἱερώτατον

122 1935 246 1962 Παῦλον·
266 1944 275 1960 ‹
290 1934 383 1965 Οὐδεὶς
399 1934 452 1970 γὰρ
476 1934 555 1969 ἡμῶν
574 1934 663 1969 ἐαυτῷ
681 1934 731 1970 ζῇ,
751 1936 797 1962 καὶ
818 1937 908 1968 οὐδεὶς

120 1981 212 2016 ἑαυτῷ
233 1980 409 2015 ἀποθνήσκει.
428 1980 490 2007 Ἐάν
508 1988 539 2006 τε
560 1980 616 2016 γὰρ
638 1981 738 2016 ζῶμεν,
757 1982 796 2017 τῷ
813 1983 908 2019 Κυρίῳ

121 2027 232 2062 ζῶμεν·
253 2026 300 2052 ὲάν
318 2035 348 2052 τε
372 2025 598 2060 ἀποθνήσκωμεν,
613 2026 652 2061 τῷ
670 2027 765 2062 Κυριῳ
787 2028 907 2064 ἀποθνή-

121 2079 242 2108 σκομεν·
264 2071 311 2097 ἐάν
331 2079 360 2097 τε
380 2069 426 2097 οὖν
441 2069 542 2105 ζῶμεν,
559 2071 606 2097 ἐάν
626 2079 656 2097 τε
679 2072 905 2108 ἀποθνήσκωμεν,

119 2118 169 2145 τοῦ
185 2117 289 2152 Κυρίου
305 2116 399 2152 ἐσμέν.
419 2116 466 2148 Εἰς
481 2116 560 2142 τοῦτο
579 2117 634 2151 γὰρ
650 2118 768 2152 Χριστὸς
790 2119 908 2147 ἀπέθανε

119 2163 169 2190 καὶ
182 2161 288 2196 ἔζησεν,
304 2161 346 2188 ἵνα
358 2160 463 2196 νεκρῶν
478 2161 524 2186 καὶ
538 2160 648 2192 ζώντων
665 2161 807 2198 κυριεύσῃ.
821 2172 830 2188 ι

961 1612 1097 1639 clavorum
1124 1611 1255 1639 foramina
1281 1611 1424 1644 intulisset,
1445 1611 1534 1638 statim
1556 1611 1717 1639 exclamavit
1736 1621 1743 1640 :

964 1667 973 1683 ι
987 1658 1116 1684 Dominus
1129 1665 1214 1689 meus,
1234 1661 1261 1683 et
1275 1657 1346 1684 Deus
1367 1664 1443 1684 meus
1456 1657 1490 1684 ".
1509 1667 1518 1682 ι
1534 1657 1603 1690 Quin
1628 1657 1744 1685 eximius

961 1710 1068 1738 quoque
1081 1703 1246 1737 evangelista
1266 1702 1356 1729 Lucas
1370 1707 1479 1730 sanctos
1502 1703 1636 1737 apostolos
1663 1703 1745 1730 Verbi

961 1754 1139 1784 spectatores,
1163 1749 1284 1783 ejusdem
1314 1748 1453 1775 ministros
1486 1748 1622 1775 exstitisse
1646 1748 1683 1774 ait
1696 1748 1743 1775 ":

962 1803 1023 1822 nam
1042 1795 1086 1830 qui
1101 1795 1223 1830 corporis
1231 1801 1327 1829 expers
1344 1798 1413 1827 erat,
1424 1794 1511 1821 factus
1519 1799 1560 1821 est
1570 1793 1743 1829 spectabilis:

961 1847 987 1870 et
998 1842 1043 1876 qui
1058 1841 1128 1876 tangi
1140 1849 1192 1868 non
1205 1846 1320 1876 poterat,
1332 1846 1437 1868 terrena
1449 1848 1531 1868 carne
1542 1848 1594 1868 non
1613 1845 1741 1876 tanquam

960 1892 1091 1916 extraneo
1111 1887 1226 1920 amictu,
1242 1887 1289 1914 sed
1304 1892 1432 1921 tanquam
1448 1887 1556 1922 proprio
1572 1887 1672 1921 templo
1685 1895 1745 1915 sese

961 1934 1085 1966 induens,
1108 1933 1195 1960 factus
1222 1937 1264 1960 est
1285 1932 1435 1967 palpal-ilis,
1452 1937 1481 1960 et
1504 1933 1528 1959 in
1552 1932 1619 1966 ipsa,
1632 1936 1660 1959 et
1682 1939 1744 1959 cum

960 1979 1016 2015 ipsa
1025 1979 1106 2006 etiam
1123 1979 1161 2005 uti
1171 1978 1241 2005 Deus
1256 1983 1282 2005 et
1294 1978 1422 2005 Dominus
1435 1978 1559 2013 cognitus
1574 1977 1633 2005 fuit.
1648 1978 1744 2006 Memi-

961 2024 1040 2052 nistis
1067 2031 1175 2059 quoque
1200 2024 1415 2051 sacratissimum
1441 2023 1551 2051 Paulum
1581 2023 1680 2051 alicubi
1706 2025 1744 2051 ita

961 2070 1119 2103 scripsisse:
1136 2078 1146 2095 ε
1157 2069 1241 2097 Nemo
1257 2074 1377 2096 nostrum
1395 2069 1444 2096 sibi
1459 2069 1535 2102 vivit,
1548 2073 1574 2097 et
1591 2078 1670 2098 nemo
1686 2070 1738 2098 sibi

960 2117 1084 2144 moritur.
1103 2116 1166 2144 Sive
1187 2116 1313 2148 vivimus,
1332 2115 1445 2143 Domino
1468 2116 1597 2149 vivimus,
1615 2118 1671 2144 sive
1688 2125 1745 2144 mo-

965 2163 1061 2195 rimur,
1083 2162 1198 2190 Domino
1215 2162 1355 2189 morimur.
1370 2160 1432 2189 Sive
1452 2168 1518 2196 ergo
1539 2162 1665 2194 vivimus,
1687 2162 1744 2190 sive

120 2209 265 2241 morimur,
286 2207 389 2235 Domini
412 2215 513 2234 sumus.
536 2207 564 2234 In
585 2209 636 2236 hoc
655 2209 724 2236 enim
747 2209 870 2239 Christus
898 2215 1021 2239 mortuus
1045 2215 1105 2244 est,
1121 2214 1147 2238 et
1165 2209 1324 2242 resurrexit,
1350 2213 1380 2236 ut
1405 2213 1432 2237 et
1463 2209 1586 2237 vivorum
1615 2215 1643 2238 et
1669 2219 1744 2239 mor-

120 2263 230 2285 tuorum
250 2256 402 2283 dominetur
412 2255 445 2282 5‘.
459 2265 468 2280 ι

155 2305 222 2333 Ml".
247 2305 367 2340 Ἀραρεν
380 2301 426 2330 οὖν
443 2302 559 2338 ἀληθῶς,
577 2303 618 2330 ὅτι
641 2304 819 2340 κεκυρξευκεν
843 2307 874 2333 ἀλ

994 2305 1084 2334 XLIII.
1107 2305 1176 2334 Vere
1191 2305 1284 2341 itaque
1300 2305 1421 2337 decebat,
1439 2310 1468 2332 ut
1484 2305 1606 2332 vivorum
1625 2310 1744 2333 mortuo-

118 2351 175 2383 θῶς
191 2350 296 2386 νεκρῶν
312 2359 341 2376 τε
355 2351 402 2377 καὶ
423 2350 533 2382 ζώντων
545 2352 559 2377 6
585 2350 622 2385 μὴ
638 2351 731 2386 ἐτέρου
754 2360 800 2378 του
816 2353 904 2388 χάριν,

118 2396 191 2432 πλὴν
207 2396 249 2423 ὅτι
266 2395 343 2422 τοῦδέ
360 2404 390 2422 τε
415 2396 462 2422 καὶ
481 2396 572 2431 μόνου,
589 2396 705 2428 τεθνεὼς
722 2399 768 2425 καὶ
791 2399 906 2434 ἐγηγερ-

120 2443 212 2478 μένος.
228 2442 294 2469 Τίνα
309 2442 340 2477 δὴ
359 2440 405 2469 οὖν
420 2443 473 2478 ἄρα
490 2443 590 2477 φαμὲν,
605 2443 643 2475 ὡς
658 2444 741 2470 ὑπέδυ
758 2444 807 2479 μὲν
823 2444 906 2472 θάνα-

116 2496 175 2519 τον,
192 2487 292 2514 ἀνεὸἱω
315 2487 338 2513 δ’
353 2485 432 2523 αὗ,ἢ
457 2488 502 2514 τὸν
518 2488 582 2514 Υἱὺν
605 2488 742 2524 δηλονότι;
770 2489 841 2516 Ἀλλ’
865 2491 906 2516 ὅτι

118 2533 170 2569 μὲν
183 2534 228 2560 τὸν
238 2534 313 2566 Υὶὺν,
332 2533 509 2564 ἁπαστισοῦν,
527 2531 612 2569 οἶμαι,
631 2535 802 2561 συννεύσειεν
813 2534 854 2561 ἄν.
871 2535 904 2561 Τί

116 2576 165 2605 οὖν
182 2577 312 2614 ὲροῦμεν;
327 2577 429 2613 πότερα
443 2577 538 2613 θνητός
553 2578 583 2604 τέ
595 2579 653 2605 ἐστι
671 2579 718 2605 καὶ
733 2579 821 2614 φθορᾷ
835 2580 903 2606 κάτ-

115 2633 178 2659 οχος
195 2625 210 2650 6
234 2624 266 2650 ὲκ
286 2623 353 2650 Θεοῦ
370 2623 477 2658 Πατρδς
490 2623 585 2657 Λόγος,
599 2624 616 2658 ἢ
634 2623 705 2658 πέρα
724 2624 840 2651 θανάτου
857 2626 904 2651 καὶ

116 2669 220 2705 φθορᾶς
237 2669 354 2704 ἀμείνων
368 2669 406 2700 ὼς
427 2669 502 2704 ζωή;
526 2669 622 2695 Καίτοι
653 2669 711 2700 πῶς
725 2670 775 2705 οὐχ
802 2670 904 2696 ἅπασιν

116 2714 242 2749 ἐναργὲς,
256 2715 296 2740 ὅτι
317 2714 433 2740 θανάτου
452 2714 583 2748 κρείττων
605 2714 643 2745 ὡς
661 2713 738 2750 ζωής
762 2713 829 2742 Εἶτα
847 2715 904 2746 πῶς

118 2760 232 2794 γέγονεν
244 2761 272 2786 ὲν
285 2761 391 2795 νεκροῖς
406 2759 452 2786 καὶ
463 2759 613 2794 ἐλεύθερος,
625 2759 697 2786 κατὰ
716 2759 765 2791 τὰς
778 2760 906 2795 Γραφάς;

116 2805 228 2840 τεθναίη
244 2806 299 2842 γὰρ
314 2805 372 2832 οὖτι
396 2813 447 2832 που
472 2804 533 2831 καθ’
548 2805 641 2832 ἑαυτὸν
662 2806 676 2831 6
701 2805 794 2839 Λόγος.
817 2806 907 2840 Φαμὲν

155 2893 372 2926 ‘°lCor.x,‘2-/t.
410 2891 541 2920 "lJoan.
558 2891 657 2925 1,1,2.
695 2890 919 2924 "Joan.xx,‘28.

958 2361 1072 2388 rumque
1090 2353 1284 2384 dominaretur,
1302 2353 1347 2387 qui
1366 2352 1463 2379 nullius
1483 2351 1608 2384 alterius,
1627 2351 1673 2378 sed
1693 2351 1744 2378 ltu-

957 2400 1001 2434 jns
1016 2400 1100 2426 solitts
1115 2405 1208 2430 causa,
1223 2402 1251 2425 et
1266 2402 1388 2425 mortuus
1403 2402 1484 2429 esset,
1499 2400 1526 2424 et
1541 2397 1693 2425 revixisset.
1707 2397 1743 2424 At

959 2451 1039 2478 quem
1054 2443 1145 2477 alium,
1159 2451 1263 2478 quaeso,
1277 2447 1389 2470 mortetn
1406 2442 1533 2473 subiisse,
1548 2443 1699 2476 iterumque
1714 2443 1741 2469 in

959 2489 1041 2515 vitam
1065 2489 1177 2516 rediisse
1201 2489 1367 2523 putabimus,
1391 2495 1471 2522 quam
1496 2487 1610 2514 Filium?
1632 2487 1741 2514 Nullum

957 2534 1048 2569 itaque
1061 2534 1159 2566 alium;
1173 2541 1260 2568 neque
1273 2533 1299 2560 id
1316 2533 1395 2565 ullus,
1409 2533 1514 2567 opinor,
1528 2533 1634 2559 inﬁcias
1650 2532 1738 2559 iverit.

958 2580 1026 2613 Quid
1048 2580 1129 2614 igitur
1146 2580 1284 2607 dicemus?
1306 2579 1425 2613 nunquid
1449 2579 1493 2605 Dei
1516 2578 1604 2605 Patris
1625 2577 1747 2614 Verbum.

959 2625 1037 2652 tnorti
1051 2625 1270 2660 corruptionique
1282 2625 1427 2652 obnoxium
1440 2631 1510 2655 esse,
1524 2632 1556 2650 an
1569 2624 1656 2658 potius
1667 2623 1740 2650 omtti

958 2674 1063 2702 tnorte,
1088 2670 1214 2705 omnique
1237 2670 1425 2704 corruptione,
1450 2669 1664 2705 quandoquidem
1686 2669 1739 2695 vita

957 2719 1007 2746 est,
1024 2716 1196 2750 praestantius
1211 2716 1291 2743 esse?
1306 2716 1399 2750 Atqui,
1417 2720 1446 2742 ut
1461 2716 1513 2742 vita
1530 2719 1579 2747 est,
1596 2720 1681 2742 morte
1696 2722 1742 2741 su-

957 2760 1048 2794 perius
1061 2768 1131 2794 esse,
1147 2761 1206 2795 quis
1223 2769 1274 2788 non
1290 2761 1381 2788 videt?
1395 2761 1534 2794 Quomodo
1547 2761 1629 2796 igitur
1641 2768 1740 2788 secun-

957 2806 1021 2833 dum
1043 2806 1229 2841 Scripturas"
1247 2807 1319 2834 inter
1341 2813 1461 2834 mortuos
1480 2806 1595 2835 liberum
1617 2806 1741 2834 exstitit?

958 2893 1056 2922 "Luc.
1071 2893 1124 2928 t,2.
1164 2894 1273 2930 I“Rom.
1286 2902 1341 2929 nv,
1354 2895 1381 2928 7,
1395 2895 1422 2924 8.
1457 2895 1480 2912 ”
1494 2895 1567 2924 Psal.
1578 2902 1698 2926 Lxxxvtt,
1709 2893 1737 2921 6.
