1883 3056
185 179 253 207 H99

676 176 702 203 S.
723 175 860 204 CYRILL'I
879 174 1114 203 ALEXANDRINI
1133 175 1292 204 ABCIIIEP.

1746 176 1816 204 1200

183 237 256 264 Sane
272 235 334 263 licet
345 233 461 262 Verbum
475 240 525 269 per
537 241 566 261 se
580 233 663 260 emori
680 239 849 268 nequaquam
863 232 969 265 valeat,

1043 231 1078 266 5v,
1102 233 1143 260 ὃτι
1161 233 1314 269 τεθνεώσης
1329 233 1413 261 αὐτοῦ
1425 234 1477 270 τῆς
1491 233 1604 271 σαρκὸς,
1630 233 1716 265 αὐτος
1734 233 1816 260 τοῦτο

182 286 302 308 attamen
321 286 405 307 carne
425 279 497 306 illius
518 278 739 310 intermoriente,
757 278 844 313 ipsum
862 285 970 313 quoque

185 331 296 354 mortem
312 331 472 360 perpessum
490 329 565 352 recte
580 325 750 360 perhibetur.
766 324 850 360 Igitur
864 324 909 359 qui
926 330 970 352 se-

183 372 299 399 cundum
315 371 407 398 carnis
421 370 524 406 legem,
539 371 741 406 humanamque
756 375 881 397 naturam
898 377 970 398 mor-

183 422 245 446 tuus
258 421 310 449 est,
324 423 352 445 et
365 417 530 450 resurrexit;
545 417 616 444 idem
633 417 677 444 ille
692 424 744 444 non
759 417 861 451 absque
875 423 968 449 carne,

183 465 238 492 imo
255 471 320 492 vero
338 471 400 491 cum
419 470 518 494 carne,
536 467 565 490 et
582 463 608 490 in
629 470 711 490 carne
728 462 836 497 imperii
855 462 969 497 gloriam

182 510 313 542 obtinuit;
331 510 495 544 planumque
511 508 584 540 fecit.
599 507 651 544 41
668 512 782 541 mortem
797 507 905 542 quidem
922 514 970 534 na.

182 561 251 583 tum
266 556 390 583 humanae
404 554 573 581 aﬂectionem
586 561 661 585 esse;
676 560 691 580 a
706 553 820 580 mortuis
835 557 926 580 autem
940 559 971 580 se

183 602 272 629 denuo
291 601 422 632 excitare,
441 600 540 627 divina:
559 599 667 626 virtutis
689 606 767 633 opus.
786 598 846 632 Quo
869 598 969 626 factum

184 651 237 678 est,
255 651 284 674 ut
300 654 348 681 per
364 651 508 681 utrumque
525 650 713 681 cognoscatur,
731 649 760 672 et
778 645 854 672 nobis
871 645 970 673 similis

184 699 213 720 ut
224 693 313 723 homo,
326 698 355 719 et
368 691 445 719 nobis
459 698 566 718 rursum
582 691 707 725 superior
718 695 746 718 ιιι
762 691 841 723 Deus,
855 691 967 718 univer-

184 744 331 772 sorumque
343 737 482 770 Dominus,
495 737 539 772 qui
553 737 635 763 etiam
649 741 712 763 ante
726 741 893 771 assumptam
908 743 970 763 car-

184 792 245 811 netn
263 791 315 810 una
333 791 393 810 cum
413 782 492 810 Patre
509 790 559 810 suo
577 782 717 817 regnabat.
735 783 824 817 Atque
841 782 920 809 talem
939 781 972 809 il-

185 830 239 857 lum
267 836 327 856 esse
354 829 521 863 iutelligehat
547 827 716 860 Natlianael,
744 835 806 855 cum
833 827 935 855 diceret
963 835 970 854 :

187 885 196 901 ι
214 875 312 907 Rabbi,
326 879 353 902 tu
368 882 398 902 es
413 873 496 901 Filius
513 873 570 906 Dei,
587 878 614 900 tu
630 880 659 900 es
676 881 721 900 rex
737 872 820 901 Israel
832 873 865 900 ".
883 882 893 900 ι
913 873 972 908 ipse

185 927 276 950 autem
292 921 325 948 ad
341 928 405 948 suos
420 920 566 954 discipulos
580 919 616 946 ita
630 919 756 946 dicebat:
775 928 784 945 ι
802 920 855 948 Vos
868 919 970 947 vocatis

187 975 238 998 me,
255 967 382 1001 Magister
395 970 422 993 et
437 965 560 997 Domine,
577 968 604 992 et
621 962 688 992 bene
705 964 795 992 dicitis
812 971 820 992 :
843 972 902 992 sum
927 969 969 992 el-

186 1013 258 1041 enim
268 1013 301 1040 ".
324 1021 334 1038 ι
354 1011 386 1038 Ει
407 1018 489 1046 opere
504 1010 563 1045 ipso
578 1009 669 1038 verbis
691 1009 747 1037 suis
770 1009 848 1037 (idem
867 1009 972 1037 faciens

185 1064 295 1094 peccata
321 1056 440 1089 remisit,
460 1059 678 1090 potestatemque
699 1059 794 1082 contra
819 1056 972 1083 immundos

185 1104 296 1138 spiritus
313 1102 443 1138 apostolis
460 1101 629 1137 impertivit;
649 1108 703 1136 quo
721 1101 847 1128 nimirum
866 1107 893 1128 et
912 1101 972 1129 illos

185 1150 307 1184 eiiciam,
327 1153 354 1176 et
374 1153 481 1176 omnem
503 1153 632 1182 praeterea
654 1147 840 1182 mgritudinem
862 1153 889 1174 et
912 1148 970 1174 latt-

186 1202 296 1231 guorem
321 1194 346 1221 in
374 1193 471 1229 populo
493 1197 598 1220 curent.
621 1191 650 1219 ln
675 1193 784 1219 nomine
807 1194 880 1220 enim
904 1192 969 1220 Jesu

186 1241 285 1268 Christi
308 1239 452 1271 Nazareni,
473 1238 584 1264 claudus
606 1237 651 1271 qui
673 1237 707 1264 ad
729 1237 886 1272 Speciosam
908 1245 972 1272 por-

1019 279 1129 313 λέγεται
1143 278 1250 306 παθεῖν.
1266 278 1372 306 Οὐκοῦν
1382 280 1414 306 οὺ
1426 280 1488 315 δίχα
1503 279 1616 316 σαρκὸς.
1634 280 1686 306 σὺν
1697 279 1772 314 αὐτῇ
1786 279 1815 306 δὲ

1021 324 1121 359 μᾶλλον
1146 324 1194 351 καὶ
1215 324 1244 350 ιν
1266 324 1335 360 αὐτῇ
1351 324 1401 360 τὴν
1416 325 1466 360 τῆς
1480 325 1642 360 κυριότητος
1665 323 1816 356 ἀνεδέξατο

1019 368 1108 401 δόξαν,
1120 369 1135 395 6
1148 368 1223 405 νόμῳ
1238 369 1339 405 σαρκὸς
1351 369 1399 396 καὶ
1411 369 1490 404 φύσει
1502 371 1535 405 τῇ
1552 369 1612 396 καθ’
1627 370 1705 404 ἡμᾶς
1717 368 1816 404 τεθνη-

1020 415 1086 447 κὼς,
1104 415 1153 442 καὶ
1166 415 1354 451 ἐγηγερμένος
1364 424 1370 432 ·
1383 415 1555 451 ἀνθρώπινον
1573 416 1623 451 μὲν
1638 415 1669 442 τὸ
1685 415 1815 442 τεθνάναι

1021 462 1117 493 πάθος,
1129 462 1269 498 ἐνέργημα
1284 462 1312 488 δὲ
1327 461 1417 489 θεῖκὸν
1429 462 1460 489 τὸ
1472 462 1620 489 ἀναϐιῶναι
1633 462 1756 494 δεικνὺς,
1773 461 1816 488 ἵνα

1019 506 1053 533 δι’
1069 507 1171 542 ἀμφοῖν
1184 507 1353 543 γνωρίζηται
1370 506 1430 533 καθ’
1453 507 1528 542 ἡμᾶς
1547 516 1576 534 τε
1591 507 1661 542 ἅμα,
1681 507 1729 534 καὶ
1745 507 1816 541 ὑπὲρ

1019 553 1092 587 ἡμᾶς
1106 552 1143 584 ὡς
1154 552 1230 584 Θεὸς,
1245 552 1293 579 καὶ
1309 552 1363 579 τῶν
1374 552 1443 579 ὅλων
1457 551 1577 587 γεγονὼς
1591 552 1683 588 ὁρῷτο
1699 552 1815 588 Κύριος,

1020 601 1034 626 6
1050 599 1096 626 καὶ
1117 599 1170 634 προ
1198 599 1299 635 σαρκὸς
1318 599 1469 634 βασιλεύων
1491 598 1563 634 μετὰ
1590 598 1639 625 τοῦ
1665 598 1734 625 ἰδίου
1760 598 1816 626 Πα-

1020 644 1094 679 τρός.
1109 644 1202 676 οὕτως
1210 644 1291 671 αὑτὸν
1305 645 1319 671 6
1327 644 1472 680 Ναθαναὴλ
1480 643 1682 678 ἐπιγινώσκων,
1693 644 1798 678 ἔφασκε
1807 652 1816 658 ·

1023 700 1033 716 ι
1060 689 1164 721 'I’a66‘t,
1181 690 1214 716 σὺ
1226 687 1253 716 εἶ
1268 691 1282 716 6
1298 690 1361 722 Υἱὸς
1383 689 1430 716 τοῦ
1454 689 1534 722 Θεοῦ,
1557 689 1591 716 σὺ
1607 687 1633 716 εἶ
1648 690 1663 716 ὸ
1686 689 1816 724 βασιλεὺς

1021 734 1069 761 τοῦ
1102 734 1222 770 Ἰσραήλ.
1246 743 1256 761 ι
1286 735 1372 766 Αὐτὸς
1395 735 1423 762 δὲ
1446 736 1504 766 τοῖς
1526 734 1627 761 ἑαυτοῦ
1657 735 1815 770 μαθηταῖς·

1026 791 1034 808 ι
1052 782 1147 817 Ὑμεῖς
1164 781 1272 808 καλεῖτέ
1284 790 1329 817 με,
1343 781 1437 817 φησιν,
1452 781 1466 807 6
1477 781 1578 816 Κύριος
1593 780 1662 808 καὶὸ
1677 781 1816 807 Atacinu-

1023 827 1077 859 λος,
1095 827 1142 854 καὶ
1156 827 1245 858 καλῶς
1261 827 1354 861 λέγετε
1364 836 1372 843 ⁸
1396 829 1454 863 εἰμὶ
1465 829 1529 864 γάρ,
1557 838 1567 855 ι
1587 829 1682 865 Ἔργῳ
1695 829 1725 855 δὲ
1749 828 1816 855 αὐτὸ

1024 873 1213 909 πιστούμενος,
1227 874 1319 909 ἀνίησι
1338 874 1388 910 μὲν
1410 875 1558 911 ἁμαρτίας,
1575 875 1704 908 ἐξουσίαν
1718 875 1749 901 δὲ
1772 874 1816 901 δέ·

990 910 1009 938 Β
1024 919 1095 945 δωκε
1111 919 1182 945 κατὰ
1205 920 1369 954 πνευμάτων
1389 910 1565 956 ἀκαθάρτων,
1580 920 1650 947 ὥστε
1672 919 1817 946 ὲκὸάλλειν

1024 964 1103 995 αὐτὰ,
1118 964 1166 992 καὶ
1183 964 1345 1000 θεραπεύειν
1360 966 1450 992 πᾶσαν
1465 966 1543 993 νόσον
1558 966 1605 992 καὶ
1617 967 1712 992 πᾶσαν
1732 965 1818 1000 μαλα-

1024 1010 1086 1036 κίαν
1097 1010 1125 1036 ἐν
1135 1009 1173 1044 τῷ
1187 1009 1254 1044 λαῷ.
1275 1009 1320 1036 Ἐν
1330 1010 1443 1046 ὀνόματι
1458 1011 1514 1046 γὰρ
1532 1009 1619 1045 Ἰησοῦ
1632 1010 1757 1046 Χριστοῦ
1769 1011 1816 1036 τοῦ

1024 1055 1186 1091 Ναζωραίου
1201 1055 1398 1090 τεθεράπευται
1419 1057 1468 1092 μὲν
1488 1057 1503 1083 6
1516 1056 1556 1083 τὼ
1576 1057 1640 1083 πόδε
1657 1056 1818 1091 λελωϐημέ-

1025 1109 1080 1132 νος,
1111 1101 1158 1128 καὶ
1173 1103 1206 1136 τῇ
1228 1101 1323 1137 Ὡραίᾳ
1346 1101 1516 1136 προσιζάνων
1535 1102 1619 1138 πύλῃ.
1645 1102 1817 1137 Ἀῥρωστίαν

1024 1147 1052 1173 δὲ
1067 1147 1114 1181 τὴν
1131 1146 1203 1173 οὕτω
1218 1147 1326 1182 μακρὰν
1340 1147 1512 1181 ἀπεσείσατο,
1527 1148 1574 1175 καὶ
1590 1147 1690 1183 κομιδῇ
1706 1147 1817 1174 δυσδιά-

1024 1200 1126 1226 φυκτον
1150 1191 1242 1228 διέδρα
1268 1193 1344 1218 νόσον
1365 1192 1472 1224 Αἰνέας.
1489 1193 1558 1228 πρὸς
1583 1193 1613 1219 ὃν
1634 1193 1648 1219 6
1670 1193 1817 1222 θεσπέσιος

1024 1237 1076 1272 ἔφη
1091 1237 1208 1272 Πέτρος·
1226 1247 1236 1264 ι
1258 1239 1351 1271 Αἰνέα,
1366 1239 1438 1266 ἰᾶται
1460 1247 1490 1266 σε
1513 1239 1616 1274 Ἰησοῦς
1633 1240 1647 1266 ὸ
1660 1239 1792 1276 Χριστός.
1803 1248 1812 1264 I

188 1293 242 1314 tam
267 1286 393 1318 sedebat,
417 1289 528 1312 sanatus
549 1288 592 1311 est
603 1283 636 1310 ".
661 1283 722 1310 Pari
748 1284 829 1311 modo
851 1283 970 1316 Encas,
988 1291 1050 1311 cum
1081 1284 1234 1311 diutissime
1268 1285 1466 1320 egrotavisset,
1483 1285 1632 1318 convaluit,
1648 1291 1676 1312 et
1692 1286 1815 1313 morbum

187 1338 256 1366 pene
273 1329 498 1357 immedicabilem
516 1328 619 1360 evasit;
639 1335 700 1355 cum
723 1335 838 1362 magnus
856 1327 902 1355 ille
919 1327 1017 1356 Petrus
1053 1329 1104 1356 hac
1137 1336 1199 1356 euut
1214 1330 1340 1357 oratione
1355 1330 1531 1365 compellaret
1544 1339 1552 1359 :
1567 1339 1577 1357 ι
1610 1330 1712 1364 Eneti,
1737 1337 1817 1358 sanat

189 1385 213 1405 te
231 1376 358 1404 Dominus
373 1374 450 1401 Jesus
463 1373 588 1401 Christus
600 1373 633 1399 '9.

221 1422 314 1450 XLIV.
345 1421 528 1454 Undecunque
556 1420 637 1454 igitur
662 1419 695 1446 ad
722 1419 863 1447 veritatem
892 1427 970 1447 com-

187 1469 273 1504 pulsi,
288 1472 315 1494 et
330 1474 389 1501 qua:
406 1466 492 1494 sacris
505 1465 616 1492 Litteris
631 1466 739 1493 decreta
756 1470 834 1498 sunt,
851 1466 972 1493 studiose

1060 1419 1124 1447 ΜΔΖ
1139 1420 1311 1456 Πανταχόθεν
1323 1419 1370 1448 οὖν
1384 1421 1438 1456 ἄρα
1452 1420 1652 1456 συνωθούμενοι
1667 1420 1739 1456 πρὸς
1751 1420 1816 1455 ἀλή-

1026 1467 1114 1499 θειαν,
1139 1468 1186 1494 καὶ
1200 1468 1231 1494 τὺ
1253 1469 1309 1499 τοῖς
1325 1468 1407 1503 ἱεροῖς
1430 1467 1578 1503 Γράμμασι.
1594 1467 1691 1494 δοκοῦν
1707 1467 1816 1502 lxv-qh-

187 1513 309 1540 venerari
327 1512 481 1543 studentes,
500 1515 526 1537 et
543 1509 653 1537 Patrum
671 1511 821 1538 sententias
836 1510 971 1543 aemulati,

1043 1513 1080 1538 εῖν
1092 1511 1122 1539 εὖ
1146 1513 1218 1547 μαλα
1241 1513 1447 1545 σπουδάζοντες,
1460 1513 1508 1540 καὶ.
1528 1514 1589 1544 ταῖς
1609 1512 1664 1539 τῶν
1689 1513 1816 1548 πατέρων

188 1567 249 1586 eum
266 1559 312 1593 qui
328 1565 361 1584 ex
378 1556 470 1584 radice
484 1555 571 1587 .Iesse,
586 1556 633 1590 qui
648 1563 681 1583 ex
697 1556 800 1583 semine
817 1557 910 1589 David,
927 1558 971 1591 qui

189 1613 221 1632 ex
243 1605 355 1631 muliere
376 1602 524 1631 secundum
546 1610 669 1635 carnem,
689 1602 734 1637 qui
757 1602 898 1630 nobiscum
922 1603 973 1635 legi

189 1651 336 1683 obnoxius,
352 1654 381 1676 ut
396 1649 491 1680 homo,
507 1655 588 1683 supra
605 1655 656 1676 nos
671 1653 777 1680 autem,
794 1654 821 1675 et
837 1656 920 1683 supra
935 1649 974 1676 le-

189 1705 263 1732 gem,
276 1701 306 1722 ut
322 1695 391 1722 Deus
407 1704 414 1721 :
431 1694 476 1728 qui
494 1698 604 1729 propter
620 1701 679 1726 nos,
696 1699 853 1728 nostraeque
868 1699 972 1722 natura:

190 1741 406 1770 similitudinem,
419 1740 559 1767 nobiscum
573 1739 644 1766 inter
656 1744 777 1766 mortuos
790 1739 899 1767 habitus
911 1746 953 1767 est
965 1749 972 1767 :

189 1788 235 1822 qui
252 1794 333 1821 supra
352 1793 401 1812 nos
417 1785 532 1819 denique
548 1791 596 1818 per
610 1784 728 1819 seipsum
745 1790 773 1812 et
786 1785 935 1813 vivillcator
947 1790 976 1813 et

191 1833 246 1859 vita
265 1836 315 1862 est,
333 1838 426 1858 verum
445 1830 492 1857 Dei
512 1829 609 1857 Filium
629 1837 692 1858 esse
713 1831 867 1863 credimus;
888 1839 975 1866 neque

192 1877 386 1905 humanitatem
409 1876 550 1915 divinitate
572 1876 729 1910 spoliantes.
750 1883 838 1911 neque
855 1877 972 1904 Verbum

192 1931 297 1950 rursum
314 1926 374 1956 post
390 1921 604 1956 inexplicabilem
621 1922 693 1949 illam
707 1927 735 1949 et
750 1929 877 1950 arcanam
895 1923 971 1949 unio-

191 1976 252 1996 nem
274 1968 441 1994 humanitate
459 1972 607 2000 ementes;
627 1968 673 1994 sed
694 1974 776 1994 unum
797 1968 975 2004 eutndemqnc

192 2012 288 2039 Filium
301 2019 333 2039 ex
348 2012 452 2039 duabus
467 2011 546 2038 rebus
560 2011 586 2038 in
601 2019 683 2038 unum
696 2012 842 2045 quoddam,
856 2013 926 2046 quod
941 2021 973 2040 ex

192 2062 308 2091 utroque
323 2064 375 2083 non
389 2057 536 2083 secundum
552 2059 654 2083 natura
667 2057 848 2088 eversionem,
864 2058 910 2084 sed
925 2065 974 2084 ex-

192 2100 386 2128 cellentissima
405 2100 450 2127 illa
470 2100 571 2128 unione
588 2100 782 2128 admirabiliter
799 2102 973 2130 constitutum

191 2151 243 2178 est,
257 2146 427 2174 conﬁtentes.

1024 1559 1152 1593 ἑπόμενοι
1172 1558 1272 1591 δόξαις,
1295 1559 1340 1585 τὸν
1355 1560 1385 1585 ὲκ
1405 1559 1484 1594 ῥίζης
1505 1559 1612 1588 Ἰεσσαὶ,
1625 1558 1670 1585 τὸν
1684 1559 1717 1584 "ex
1734 1559 1817 1592 σπέρ-

1027 1613 1109 1639 ματος
1122 1604 1214 1637 Δαυῗδ,
1226 1604 1272 1630 τδν
1285 1605 1317 1630 ἐκ
1330 1605 1460 1638 γυναικὸς
1478 1604 1549 1630 κατὰ
1569 1603 1671 1639 σάρκα,
1686 1603 1732 1630 τὸν
1757 1603 1815 1638 μεθ’

1022 1651 1103 1684 ἡμῶν
1131 1650 1182 1676 ὑπὸ
1207 1650 1290 1685 νόμον
1315 1649 1352 1681 ὡς
1378 1649 1532 1685 ἄνθρωπον,
1558 1649 1606 1676 καὶ
1633 1649 1705 1685 ὑπὲρ
1729 1649 1813 1684 ἡμᾶς,

1026 1695 1095 1730 ὑπὲρ
1120 1695 1202 1730 νόμον
1224 1695 1261 1726 ὡς,
1287 1694 1364 1727 Θεὸν,
1389 1694 1435 1721 τὸν
1457 1695 1492 1721 δι’
1514 1695 1588 1730 ἡμᾶς
1613 1703 1655 1726 τε,
1680 1695 1730 1721 καὶ
1756 1694 1816 1721 καθ’

1025 1741 1109 1775 ημᾶς,
1138 1740 1197 1775 μεθ’
1224 1741 1303 1775 ἡμῶν
1326 1741 1356 1766 ὲν
1381 1741 1500 1776 νεκροῖς,
1524 1740 1570 1766 τὸν
1588 1740 1660 1775 ὑπὲρ
1684 1740 1760 1776 ἡμᾶς
1782 1739 1815 1766 δι’

1026 1786 1124 1813 ἑαυτὸν
1134 1786 1276 1819 ζωοποιὺν,
1292 1786 1339 1813 καὶ
1351 1786 1434 1822 ζωὴν,
1447 1786 1510 1813 Υἱδν
1522 1784 1592 1813 εἶναι
1605 1786 1654 1812 τοῦ
1667 1786 1736 1812 Θεοῦ
1748 1787 1816 1814 κατὰ

1025 1831 1154 1866 ἀλήθειαν
1179 1831 1362 1866 πιστεύομεν·
1388 1830 1449 1857 οὔτε
1471 1830 1613 1865 ψιλοῦντες
1640 1830 1768 1866 θεότητος
1789 1831 1816 1857 τὸ

1025 1876 1205 1912 ἀνθρώπινον,
1219 1876 1280 1903 οὒτε
1292 1876 1345 1912 μὴν
1357 1876 1568 1911 ἀνθρωπότητος
1579 1876 1816 1910 ἁπαμφιεννύντες

1024 1923 1070 1948 τὸν
1085 1923 1170 1956 Λόγον
1194 1921 1264 1957 μετὰ
1287 1922 1336 1956 τὴν
1356 1921 1499 1957 ἄφραστόν
1515 1930 1545 1948 τε
1569 1922 1617 1948 καὶ
1637 1922 1815 1956 ἁπερινόητον

1025 1969 1120 1995 ἕνωσιν
1131 1977 1138 1984 ·
1157 1968 1213 1994 ἀλλ’
1231 1969 1279 1995 Eva
1297 1968 1343 1994 καὶ
1365 1969 1410 1994 τὸν
1425 1968 1506 1994 αὐτὸν
1519 1967 1718 2002 ὁμολογοῦντες
1742 1967 1812 1998 Υὶδν,

1024 2015 1057 2040 ὲκ
1069 2014 1141 2040 δυοῖν
1160 2015 1336 2048 πραγμάτοιν
1352 2014 1391 2045 εἰς
1406 2014 1435 2040 ἓν
1457 2022 1484 2040 τι
1498 2013 1545 2040 τὸν
1560 2013 1590 2045 ἐξ
1611 2014 1715 2048 ἀμφοῖν
1731 2013 1813 2048 amp-

1025 2059 1114 2094 ρήτως
1137 2060 1320 2094 ἐκπεφηνότα,
1344 2059 1405 2086 καθ’
1421 2059 1518 2086 ἕνωσιν
1539 2059 1662 2094 δηλονότι
1678 2059 1730 2094 τὴν
1745 2060 1813 2086 ἀνω-

1024 2104 1107 2136 τάτω,
1124 2105 1170 2130 καὶ
1187 2104 1217 2131 οὺ
1234 2103 1340 2138 φύσεως
1356 2105 1548 2140 παρατροπήν.

228 2191 308 2219 XLV.
327 2191 412 2219 Porro
427 2196 518 2219 autem
533 2196 666 2226 quantum
683 2192 859 2220 emolumenti
875 2194 892 2221 ii
910 2201 971 2229 per-

1063 2196 1130 2222 ME’.
1150 2196 1231 2222 Ὄσον
1249 2196 1303 2231 γὰρ
1325 2196 1381 2227 τοῖς
1410 2194 1482 2222 οὕτω
1507 2194 1649 2227 δοξάζουσι
1676 2202 1812 2229 περιεσται

190 2238 295 2272 cepturi
308 2242 381 2271 sunt,
394 2237 439 2272 qui
451 2237 486 2264 ita
497 2237 628 2269 sentiunt,
641 2238 692 2265 hoc
703 2238 809 2266 divinus
821 2238 864 2266 ille
876 2239 976 2266 Christi

191 2283 339 2318 discipulus
355 2283 398 2310 bis
411 2283 502 2310 verbis
517 2283 638 2311 declarat
654 2290 662 2310 :
679 2293 690 2309 ι
709 2283 776 2317 Qui,
794 2285 894 2319 inquit,
908 2293 978 2313 eon-

191 2330 280 2356 fessus
292 2328 383 2360 fuerit,
395 2330 465 2363 quod
476 2327 554 2356 Iesus
564 2334 608 2357 est
619 2328 704 2357 Filius
716 2329 778 2363 Dei;
791 2330 818 2357 in
831 2331 880 2358 hoc
894 2331 976 2365 Deus,

190 2379 218 2402 et
235 2375 292 2410 ipse
305 2374 424 2402 vicissim
439 2375 466 2401 in
483 2375 537 2402 Deo
553 2379 643 2402 manet
655 2375 689 2401 °°.
708 2383 718 2401 ι
736 2374 812 2408 Quod
827 2381 916 2403 autem
929 2375 976 2404 Je-

192 2429 239 2448 sus
251 2420 388 2451 Christus,
403 2421 449 2454 qui
466 2420 614 2448 secundum
628 2427 737 2448 carnem
753 2428 787 2448 ex
801 2421 884 2449 David
899 2427 977 2450 ortus

192 2470 244 2497 est,
257 2466 292 2493 sit
305 2473 384 2492 verus
397 2469 424 2492 et
438 2465 569 2492 naturalis
583 2464 630 2492 Dei
646 2464 745 2498 Filius,
760 2471 894 2500 quatenus
906 2465 975 2494 Ver-

193 2512 255 2538 bum
269 2518 332 2538 caro
344 2510 444 2538 factum
460 2510 592 2538 habitavit
605 2511 631 2538 in
645 2511 723 2539 nobis
734 2520 741 2538 :
754 2512 825 2538 istud
836 2511 890 2547 42
906 2513 975 2539 idem

194 2557 238 2584 ille
250 2555 367 2583 Joannes
382 2556 512 2590 ejusmodi
527 2556 651 2584 oratione
664 2557 791 2591 explanat
806 2566 813 2584 ε
830 2566 840 2583 ι
857 2558 976 2590 Scimus,

193 2603 248 2634 ait,
265 2602 392 2636 quoniatn
409 2602 494 2629 Filius
511 2601 559 2629 Dei
578 2602 668 2634 venit,
684 2606 712 2630 et
728 2602 800 2630 dedit
817 2603 895 2630 nobis
912 2611 976 2631 sen-

192 2655 264 2680 sum,
276 2652 304 2674 ut
317 2655 509 2682 cognoscamus
521 2655 614 2676 verum
628 2647 724 2680 Deum,
735 2653 763 2675 et
777 2649 861 2676 simus
875 2649 901 2676 in
913 2656 976 2677 vero

192 2693 261 2720 Filio
275 2693 333 2727 ejus
347 2693 411 2720 Jesu
424 2692 535 2721 Christo
550 2702 557 2721 :
573 2693 618 2720 hic
632 2698 675 2721 est
688 2701 768 2721 verus
783 2693 864 2728 Deus,
880 2699 907 2722 et
920 2696 976 2722 vita

192 2738 337 2765 interna“:
354 2747 364 2764 ι
378 2745 425 2773 per
436 2739 521 2773 ipsum
533 2742 633 2766 etcum
648 2738 707 2776 ipso
719 2739 773 2766 Deo
785 2738 858 2766 Patri
873 2739 908 2767 sit
919 2741 976 2774 glo-

193 2783 243 2815 ria,
254 2790 314 2810 cum
326 2789 418 2812 sancto
429 2789 456 2811 et
468 2784 604 2812 adorando
615 2789 642 2813 et
653 2785 761 2813 viviﬁco
775 2785 889 2820 Spiritu,
902 2794 974 2814 nunc

191 2832 220 2854 et
236 2835 341 2863 semper
353 2834 381 2856 et
398 2830 423 2857 in
441 2829 538 2857 saecula
556 2831 726 2858 saeculorum.
742 2832 838 2859 Amen.

225 2884 247 2899 "
266 2883 343 2911 Joau.
358 2892 376 2918 ι,
393 2885 435 2911 ιθ.
469 2886 489 2902 ³⁷
502 2884 579 2914 Joan.
601 2893 660 2919 xm,
673 2887 714 2914 l5.
753 2887 776 2903 "‘
789 2887 850 2916 Act.
866 2895 909 2922 ιιι,
923 2888 950 2916 9.

1043 2895 1086 2917 ιρι.
1112 2898 1150 2924 tx,
1164 2890 1210 2918 ὅθ.
1249 2891 1271 2907 ⁵⁸
1287 2891 1384 2920 lJoau.
1402 2899 1440 2924 tv,
1456 2891 1500 2918 15.

1026 2241 1057 2268 τὸ
1072 2241 1176 2276 κέρδος,
1189 2243 1314 2276 σαφηνιεί
1325 2241 1439 2276 γράφων
1452 2241 1467 2268 6
1479 2240 1526 2267 τοῦ
1538 2240 1658 2276 Χριστοῦ
1674 2241 1795 2275 μαθητής
1804 2247 1810 2254 ·

1030 2296 1039 2312 ι
1062 2288 1109 2318 Ὃς
1129 2287 1162 2314 ἂν
1186 2287 1351 2323 ὁμολογήσῃ,
1376 2288 1418 2314 ὃτι
1434 2287 1538 2322 Ἰησοῦς
1559 2288 1633 2313 ἐστιν
1654 2288 1670 2313 ὀ
1691 2288 1754 2319 Υἱὸς
1768 2286 1812 2313 τοῦ

1027 2333 1105 2365 Θεοῦ,
1120 2335 1135 2361 6
1149 2333 1214 2365 Θεὸς
1226 2334 1255 2360 ὲν
1266 2333 1340 2368 αὑτῷ
1356 2334 1442 2368 μένει,
1461 2334 1509 2360 καὶ
1522 2329 1600 2364 οὗτος
1615 2333 1644 2359 ἐν
1658 2332 1699 2368 τῷ
1717 2332 1785 2367 Θεῷ.
1801 2341 1810 2357 ι

1027 2379 1089 2406 Ὅτι
1112 2380 1141 2406 δὲ
1169 2379 1273 2415 Ἰησοῦς
1294 2379 1412 2415 Χριστος
1434 2379 1448 2406 ὁ
1467 2380 1499 2406 ἐκ
1522 2378 1607 2406 Δαυῖδ
1620 2379 1693 2406 κατά
1717 2379 1811 2413 σάρκα,

1027 2424 1096 2451 κατὰ
1111 2424 1190 2458 φύσιν
1210 2425 1256 2451 καὶ
1279 2425 1387 2460 ἀληθῶς
1410 2426 1483 2451 ἐστιν
1505 2425 1567 2457 Υἱὸς
1581 2424 1629 2452 τοῦ
1644 2424 1727 2457 Θεοῦ,
1749 2424 1812 2452 ιαθδ

1027 2469 1121 2504 γέγονε
1137 2470 1206 2504 σὰρξ
1219 2471 1233 2496 ό
1251 2471 1348 2504 Λόγος,
1365 2471 1412 2497 καὶ
1427 2471 1624 2506 ἐσκήνωσενηὲν
1636 2471 1716 2506 ἡμῖν,
1733 2479 1812 2497 κατα-

1027 2516 1157 2550 σφραγιεῖ
1177 2515 1263 2549 λέγων
1285 2516 1300 2541 ὁ
1324 2516 1404 2550 σοφὸς
1432 2516 1577 2551 Ἰωάννης·
1596 2525 1606 2542 ι
1627 2516 1684 2542 Καὶ
1707 2516 1812 2550 οἶδαμεν

1026 2560 1066 2586 ὃτι
1084 2561 1145 2592 Υίὺς
1163 2561 1210 2587 τοῦ
1225 2561 1293 2587 Θεοῦ
1316 2562 1388 2596 ἥκει,
1415 2562 1463 2588 καὶ
1487 2561 1586 2588 ἔδωκεν
1605 2563 1674 2597 ἡμῖν
1687 2562 1810 2591 διάνοιαν,

1028 2607 1070 2632 ἵνα
1085 2606 1262 2642 γινώσκωμεν
1275 2608 1321 2634 τὸν
1336 2607 1462 2643 ἀληθινὸν
1475 2607 1550 2635 Θεόν.
1568 2608 1623 2635 Καὶ
1636 2608 1722 2642 ἐσμὲν
1736 2609 1764 2634 ὲν
1777 2607 1811 2641 τῷ

1026 2650 1155 2685 ἀληθινῷ,
1180 2652 1210 2678 ὲν
1231 2651 1270 2686 τῷ
1297 2652 1346 2687 υἱῷ
1370 2651 1452 2678 αὑτοῦ
1475 2651 1564 2687 Ἰησοῦ
1587 2651 1712 2687 Χριστῷ.
1735 2647 1810 2678 οὗτός

1026 2697 1100 2722 ἐστιν
1111 2697 1125 2723 6
1133 2696 1258 2732 ἀληθινὸς
1269 2697 1345 2729 Θεὸς,
1357 2698 1404 2724 καὶ
1415 2697 1471 2733 ζωὴ
1490 2697 1600 2729 αίὼνιος
1608 2704 1616 2712 ”
1629 2697 1679 2724 καὶ
1689 2696 1725 2723 δι’
1736 2693 1810 2722 αὐτοῦ

1026 2749 1055 2768 τε
1071 2742 1118 2768 καὶ
1134 2741 1181 2768 σὺν
1196 2742 1271 2778 αὑτῷ
1285 2742 1324 2778 τῷ
1341 2743 1429 2779 Πατρὶ
1447 2744 1493 2770 καὶ
1502 2743 1566 2778 ’Θεῷ
1579 2744 1597 2779 ἡ
1617 2743 1694 2776 δόξα,
1711 2743 1758 2769 σὺν
1775 2741 1810 2775 τῷ

1026 2788 1106 2824 ἀγὶῳ,
1122 2789 1170 2815 καὶ
1186 2789 1376 2824 πρωκυνητῷ,
1400 2789 1447 2816 καὶ
1460 2788 1587 2824 ζωοποιῷ
1604 2789 1756 2824 Πνεύμιτι,
1769 2786 1809 2814 νῦν

1027 2835 1074 2860 καὶ
1085 2834 1138 2867 ἀεὶ,
1155 2835 1201 2861 καὶ
1217 2835 1257 2866 εἰς
1271 2834 1334 2866 τοὺς
1348 2834 1448 2866 αἰῶνας
1462 2835 1516 2861 τῶν
1531 2834 1650 2862 αἰώνων.
1674 2834 1771 2869 Ἀμήν.

1550 2891 1572 2907 ⁸⁸
1591 2891 1694 2919 lJoan.
1713 2898 1754 2925 tu,
1768 2889 1806 2918 20-
