1883 3056
115 168 184 198 1201

672 168 715 197 DE
734 168 847 197 RECTA
868 169 947 197 FIDE
964 171 1011 198 AD
1031 170 1191 200 REGINAS.

1669 168 1680 195 l
1685 168 1739 197 20%

119 246 1716 265 MM

737 323 1120 384 ΚΥΡΙΛΛΟΥ

637 432 918 461 ΔΡΧΙΕΗῙΣΚΟΠΟΥ
943 431 1202 462 ΑΛΕΞΑΝΔΡΕΙΛΣ

687 526 1156 570 ΠΡΟΣΦΩΝΗΤΙΚΟΣ

531 614 629 643 ΤΑΙΣ
657 615 1009 644 ΕΥΣΕΒΕΣΤΛΤΛΙΣ
1035 616 1315 648 ΒΔΣΙΛΙΣΣΑΙΣ.

788 784 1077 841 CYRILLI

666 892 925 921 ARCHIEPISCOPI
944 892 1176 923 ΑιΕΧΑΝυιιιΝι

830 981 1002 1025 LIBER

609 1075 860 1115 Religiosissimis
882 1075 1010 1115 Reginis
1031 1079 1243 1117 nuncupatus.

149 1258 189 1270 ιι.
211 1252 406 1280 δεμνολοτημα
429 1243 478 1279 μὲν
496 1243 694 1279 οἰκουμενικὺν,
718 1243 850 1280 καύχημα
871 1244 898 1270 δὲ

987 1243 1008 1271 Ι.
1024 1244 1095 1272 Sane
1107 1251 1153 1272 vos
1164 1251 1258 1273 sacras
1269 1243 1489 1280 castissimasque
1500 1244 1599 1273 Christi
1611 1245 1731 1273 omnium

111 1289 168 1318 τῶν
183 1289 268 1325 ἁγίων
290 1289 457 1324 Ἐκκλησιῶν
474 1289 524 1317 τοῦ
547 1289 656 1316 πάντων
681 1290 806 1325 Σωτῆρος
819 1289 898 1325 ἡμῶν

119 1336 209 1371 Ἰησοῦ
221 1335 338 1371 Χριστοῦ
354 1335 419 1371 φαίη
434 1344 474 1367 τις
485 1335 528 1367 ἂν,
546 1335 593 1362 καὶ
609 1335 682 1370 μάλα
693 1335 814 1366 εἰκότως,
827 1335 898 1370 ὑμᾶς

112 1381 145 1417 δὴ
159 1382 207 1413 τὰς
224 1381 298 1417 ἱερὰς
316 1381 363 1408 καὶ
384 1381 537 1415 πανάγνους
559 1381 641 1407 αὐτοῦ
655 1380 772 1415 νύμφας,
789 1380 899 1406 εὐσεϐέ-

113 1435 212 1455 σταται
232 1427 279 1454 καὶ
294 1427 500 1461 θεοφιλέσταται
516 1426 659 1461 βασιλίδες,
675 1423 718 1457 αἷς
732 1425 761 1452 τὸ
777 1425 898 1461 παμποί-

112 1473 189 1500 κιλον
204 1473 254 1508 τῆς
265 1473 366 1508 ἀρετῆς
378 1472 598 1508 ὲναπαστράπτει
613 1472 720 1505 κάλλος,
735 1472 766 1498 τὸ
779 1473 835 1503 τοῖς
849 1471 899 1506 τῆς

112 1517 241 1554 θεότητος
259 1518 408 1554 ὀφθαλμοῖς
422 1517 470 1554 ἡδύ
486 1526 516 1544 τε
542 1518 588 1544 καὶ
601 1517 814 1553 γνωριμώτατον
824 1525 830 1532 ·
850 1526 899 1553 με-

111 1563 179 1599 λέτῃ
192 1564 221 1590 δὲ
233 1564 281 1591 καὶ
300 1563 402 1599 σπουδῇ
419 1563 519 1598 μᾶλλον
533 1563 561 1590 δὲ
577 1563 627 1599 ἤδη
644 1562 834 1599 κατώρθωται,
853 1563 900 1590 καὶ

111 1610 145 1645 δὴ
170 1609 199 1636 ὲν
225 1609 317 1636 πίστει
335 1609 480 1645 διαπρέπει
504 1609 581 1645 ὀρθῇ,
608 1609 668 1636 κατ’
683 1609 777 1636 οὐδένα
800 1609 899 1645 τρόπον

113 1656 311 1691 σεσαλευμένῃ.
335 1656 450 1691 Γράφων
471 1655 499 1682 δέ
525 1655 575 1682 πού
601 1664 683 1690 φησιν
706 1656 721 1682 ὁ
746 1655 899 1691 σοφώτατος

113 1701 219 1734 Παῦλος
233 1701 391 1737 ὀνομασθεὶς
406 1700 524 1736 ἀληθῶς,
538 1701 586 1728 καὶ
604 1701 634 1728 τὸ
648 1700 695 1728 τοῦ
711 1701 829 1736 Χριστοῦ
844 1703 900 1733 τοῖς

101 1743 218 1774 Ἐθνεσιν
244 1747 423 1782 ἱερουργήσας
447 1747 611 1782 μυστήριον·
640 1756 649 1772 ι
675 1747 767 1780 Ὥστε,
792 1747 899 1780 ἀδελφοί

115 1801 166 1829 μου
181 1793 329 1827 ἀγαπητοὶ,
355 1793 456 1828 ἑδραῖοι
477 1793 594 1827 γίνεσθε,
624 1793 829 1828 ἀμετακίνητοι,
850 1802 900 1820 πε-

115 1837 286 1873 ρισσεύοντες
300 1839 329 1866 ὲν
342 1837 381 1873 τῷ
392 1837 465 1873 ἔργῳ
474 1837 520 1865 τοῦ
533 1838 634 1874 Κυρίου
645 1839 770 1866 πάντοτε.
786 1848 797 1864 ι
812 1839 899 1865 Ὅπου

113 1884 169 1919 γὰρ
183 1884 274 1915 πίστις
285 1883 352 1919 ὀρθὴ
362 1885 409 1910 καὶ
419 1883 568 1920 ἀμώμητος
579 1885 636 1916 τοῖς
647 1884 677 1917 ἐξ
688 1884 776 1920 ἔργων
789 1884 902 1918 ἀγαθῶν

114 1931 290 1965 καυχήμασιν
304 1927 334 1957 εὖ
351 1929 423 1965 μάλα
439 1930 617 1965 συμφέρεται,
633 1931 680 1957 καὶ
693 1931 831 1966 ἰσόδρομον
843 1931 899 1966 ἔχει

113 1975 164 2011 τὴν
177 1975 322 2011 συμϐολὴν,
338 1976 396 2003 ἐκεῖ
408 1985 459 2003 που
470 1977 578 2008 πάντως
591 1977 632 2012 εἴη
643 1976 676 2003 ἂν
690 1977 719 2004 ἐν
731 1977 813 2003 παντὶ
825 1976 900 2012 καλῷ

113 2021 263 2056 τελειότης,
277 2021 326 2048 καὶ
347 2021 378 2048 τὸ
399 2022 500 2058 ἀρτίως
513 2022 575 2058 ἔχον
588 2023 626 2054 εἰς
648 2023 794 2058 ἁγιασμόν.
815 2023 900 2057 Λόγος

116 2067 168 2103 μὲν
191 2065 237 2094 οὖν
256 2067 329 2100 ἅπας
347 2067 362 2094 ό
375 2068 404 2094 ὲν
416 2069 491 2104 ἡμῖν,
506 2068 557 2103 τῆς
571 2067 683 2103 ἐνούσης
699 2068 763 2103 ὑμῖν
778 2068 900 2100 εὐκλείας

116 2112 233 2139 κατόπιν
247 2111 365 2147 ἔρχεται,
380 2112 427 2139 καὶ
438 2112 564 2147 ὁμολογεῖ
572 2113 621 2148 τὴν
630 2110 725 2148 ἧτταν,
738 2112 901 2148 ἐρυθριάσας

115 2158 210 2185 οὐδέν·
233 2159 275 2193 εἴη
300 2158 323 2184 δ’
346 2158 380 2184 ἂν
401 2158 448 2184 καὶ
471 2158 636 2194 συγγνώμης
663 2158 746 2192 ἄξιος,
768 2158 793 2186 ει
817 2158 901 2185 δέδιεν

115 2205 246 2236 ἐπαινεῖν,
260 2200 296 2231 ὧν
311 2204 361 2230 οὐκ
380 2203 413 2231 ἂν
429 2203 548 2239 ἐφίκοιτο
566 2204 617 2239 τῆς
631 2204 717 2237 ἀξίας.
733 2205 764 2231 Εἰ
780 2204 832 2240 μὲν
846 2204 901 2241 γὰρ

115 2250 174 2286 ἔχει
193 2251 223 2277 τδ
246 2250 371 2277 δύνασθαι
398 2250 547 2286 κατορθοῦν
564 2250 594 2278 τὸ
609 2250 787 2286 ποθούμενον,
811 2250 902 2277 διαϐε-

116 2295 246 2331 ϐλήσεται
261 2295 320 2331 μὲν,
336 2296 402 2323 πολὺ
417 2297 533 2332 νοσήσας
545 2296 576 2323 τὸ
589 2296 710 2332 ἀδρανὲς.
724 2296 778 2323 Καὶ
792 2296 840 2332 τὴν
861 2297 902 2328 είς

115 2340 197 2367 τοῦτο
211 2341 339 2376 μέλλησιν
353 2341 545 2369 ἀπαλλαττῂω
565 2341 659 2378 μηδεὶς
681 2341 735 2368 τῶν
756 2343 796 2373 είς
820 2341 902 2377 ρᾳθυ-

118 2385 187 2421 μίαν
202 2386 387 2420 αἰτιαμάτωνο
408 2387 454 2419 οὒς
472 2387 527 2422 γὰρ
541 2385 575 2422 ἦν
598 2387 670 2418 εἰκὸς
692 2386 901 2414 κατακαλλύνειν

116 2431 247 2459 δύνασθαι
261 2433 322 2464 ταῖς
334 2433 373 2464 είς
383 2432 483 2468 ἀρετὴν
493 2433 651 2468 εὐφημίαις,
662 2432 720 2460 ἀνθ’
735 2433 794 2459 ὅτου
811 2432 902 2465 λυπεῖ,

117 2477 224 2513 σιωπᾷν
242 2477 389 2513 ᾑρημένος
413 2478 444 2504 Ei
462 2478 490 2505 δὲ
504 2478 603 2512 ἀτονεῖ,
618 2479 664 2505 καὶ
681 2478 759 2510 δέδιε,
775 2478 822 2504 καὶ
839 2479 902 2514 όμο-

116 2521 193 2557 λογεῖ
206 2522 254 2558 τὴν
268 2520 363 2558 ἧτταν,
375 2524 425 2550 οὐκ
437 2523 511 2559 αὐτῴ
520 2524 552 2560 δὴ
567 2524 666 2559 μᾶλλον
676 2524 726 2556 τὰς
736 2524 823 2556 αἰτίας
838 2525 902 2551 ἁνα-

117 2566 249 2603 θήσομεν,
266 2568 324 2595 ἀλλ’
341 2568 405 2604 ὑμῖν
429 2571 488 2601 ταῖς
505 2568 576 2596 οὕτω
597 2569 781 2605 περιφανέσιν,
800 2570 828 2597 αἱ
843 2572 901 2602 ταῖς
915 2584 936 2613 c

116 2613 173 2640 τῶν
203 2613 276 2642 ἰδίων
304 2615 556 2651 ἀνδραγαθημάτων
582 2616 729 2652 ὑπεροχαῖς
760 2617 807 2643 καὶ
836 2617 900 2648 τοὺς

117 2659 242 2691 ἅπαντας
257 2663 368 2696 κοσμεῖν
386 2661 514 2694 εἰωθότας
536 2662 630 2694 λόγους
652 2662 727 2688 οὐδὲν
742 2662 821 2694 ὄντας
845 2662 898 2689 ἀπ-

117 2705 246 2741 εφήνατε.
262 2704 337 2742 Αἷμα
351 2707 400 2742 μὲν
414 2707 468 2743 γὰρ
483 2708 546 2742 ὑμῖν
567 2708 670 2734 ἄνωθεν
684 2708 732 2734 καὶ
745 2709 777 2735 ὲκ
790 2708 901 2744 μακρῶν

116 2750 181 2784 ἥκει
205 2750 308 2786 χρόνων
331 2751 362 2779 τὺ
387 2751 538 2787 βασιλικόνο
562 2752 719 2788 παρατείνει
742 2753 771 2780 δὲ
794 2753 840 2779 καὶ
862 2753 902 2784 εἰς

116 2795 208 2832 δεῦρο,
224 2797 271 2824 καὶ
286 2797 337 2831 ἔτι,
361 2798 433 2826 καθὰ
455 2799 684 2835 πεπιστεύκαμεν.
704 2799 773 2826 Ἀλλ’
792 2799 845 2826 ἰδοὺ
869 2799 902 2834 δὴ

169 2876 192 2891 ⁴²
209 2874 290 2903 lCor.
309 2884 352 2908 xv,
372 2876 414 2904 58.

950 1294 1070 1317 nostrum
1085 1289 1233 1318 Salvatoris
1249 1297 1362 1325 sponsas
1377 1290 1613 1326 (religiosissime,
1630 1299 1662 1319 ac
1677 1292 1732 1319 Deo

949 1335 1129 1363 dilectissimas
1143 1336 1339 1372 imperatrices)
1352 1337 1426 1365 orbis
1441 1342 1574 1364 terrarum
1587 1345 1732 1365 ornamen-

949 1386 1022 1414 tum,
1036 1381 1322 1417 sanctissimarumque
1338 1382 1519 1410 Ecclesiarum
1534 1383 1617 1410 decus
1631 1383 1733 1418 optimo

946 1427 1006 1462 jure
1021 1426 1153 1461 quispiam
1170 1427 1311 1462 appellarit
1328 1436 1335 1455 :
1350 1427 1377 1454 in
1393 1427 1492 1462 quibus
1509 1427 1636 1455 nimirum
1652 1435 1733 1456 omne

949 1472 1078 1499 virtutum
1090 1480 1185 1507 genus,
1198 1473 1340 1507 omnisque
1352 1478 1462 1501 ornatus
1474 1472 1571 1500 divinae
1583 1473 1733 1508 majestatis

949 1519 1034 1546 oculis
1052 1523 1145 1554 gratus
1162 1523 1342 1554 acceptusque
1360 1519 1472 1547 mirilice
1490 1519 1624 1554 splendet.
1641 1519 1733 1554 Neque

950 1563 992 1590 his
1008 1563 1103 1597 opibus
1119 1568 1264 1597 contentae,
1280 1571 1388 1592 omnem
1405 1572 1512 1600 quoque
1528 1573 1621 1592 curam
1638 1573 1733 1593 omne-

949 1614 1001 1646 que
1022 1608 1138 1636 studium
1160 1608 1309 1641 adhibetis,
1328 1616 1382 1644 quo
1406 1609 1459 1638 ﬁde
1481 1614 1555 1637 recta
1579 1610 1733 1645 nullamque

949 1653 977 1680 in
993 1658 1097 1688 partem
1111 1653 1256 1682 vacillante
1272 1655 1427 1689 excellatis;
1444 1662 1578 1693 memores
1595 1655 1667 1683 haud
1684 1657 1733 1683 du-

948 1699 993 1726 bie
1007 1699 1090 1733 illius,
1104 1700 1176 1734 quod
1192 1699 1408 1734 sapientissimus
1423 1700 1612 1736 mysteriorum
1629 1700 1731 1729 Christi

949 1746 1128 1782 dispensator,
1136 1747 1309 1782 gentiumque
1316 1747 1528 1776 doctor.Paulus
1537 1747 1647 1775 scribit:
1661 1757 1670 1773 ι
1682 1748 1732 1775 [ta-

949 1800 1011 1828 que,
1023 1792 1120 1820 fratres
1136 1793 1188 1820 mei
1202 1792 1303 1826 dilecti;
1314 1793 1362 1825 ait,
1374 1793 1483 1821 stabiles
1497 1798 1583 1821 estote
1595 1798 1623 1821 et
1636 1793 1733 1821 immo-
1791 1808 1794 1811 -

949 1838 1028 1871 biles,
1037 1838 1204 1867 abundantes
1215 1838 1241 1866 in
1252 1845 1332 1873 opere
1344 1838 1447 1866 Domini
1459 1846 1564 1874 semper
1571 1839 1604 1865 θ’.
1612 1848 1623 1866 ›
1640 1838 1733 1871 Quan-

950 1885 1095 1920 doquidem
1108 1885 1153 1912 ubi
1168 1884 1233 1912 ﬁdes
1245 1888 1321 1912 recta
1334 1889 1360 1912 et
1377 1884 1511 1920 inculpata
1527 1892 1587 1912 cum
1601 1885 1732 1913 bonarum

951 1929 1087 1957 actionum
1108 1929 1251 1957 honestate
1269 1929 1451 1965 coniungitur,
1471 1930 1650 1965 aaquabilique
1672 1931 1733 1958 nisu

950 1980 978 2004 et
992 1983 1072 2003 cursu
1086 1983 1149 2003 cum
1164 1975 1216 2003 illis
1232 1976 1391 2011 copulatur;
1409 1976 1444 2003 ibi
1459 1977 1548 2004 omnis
1563 1977 1626 2004 boni
1642 1977 1733 2010 perfe-

950 2021 1004 2049 ctio
1019 2021 1296 2057 sanctiﬁcationisque
1312 2021 1453 2057 integritas
1469 2022 1645 2057 comperitur.
1659 2022 1732 2055 Qua-

951 2074 1061 2103 propter
1069 2075 1118 2096 nos
1129 2068 1220 2103 gloriae
1230 2073 1257 2096 et
1267 2068 1416 2096 celebritati
1424 2073 1521 2097 vestrae
1532 2075 1623 2103 parem
1634 2070 1734 2096 oratio-

950 2116 993 2141 nis
1007 2114 1167 2150 dignitatem
1183 2113 1280 2141 all'erre
1295 2122 1348 2141 non
1366 2122 1460 2150 posse,
1477 2116 1590 2150 ingenue
1605 2116 1731 2148 fatemur,

951 2167 1001 2187 nec
1018 2159 1204 2188 erubescimus
1219 2169 1227 2187 :
1242 2161 1313 2188 unde
1328 2165 1355 2187 et
1369 2161 1446 2188 venia
1460 2168 1568 2196 quoque
1584 2161 1657 2197 digni
1673 2170 1732 2190 Ine-

951 2205 1003 2232 rito
1024 2205 1205 2237 censebimur,
1228 2205 1252 2232 si
1274 2212 1306 2232 ea
1328 2205 1439 2233 laudare
1459 2213 1595 2239 veremur,
1618 2214 1733 2241 quorum

951 2249 1138 2277 excellentiam
1160 2256 1210 2277 nos
1229 2249 1337 2284 assequi
1356 2257 1435 2285 posse
1455 2258 1507 2278 non
1527 2256 1653 2286 putamus
1673 2260 1680 2279 :
1701 2259 1734 2279 ac

951 2295 1084 2329 siquidem
1098 2294 1136 2327 id,
1149 2295 1219 2330 quod
1233 2299 1360 2330 praestare
1373 2295 1568 2329 desideramus,
1581 2304 1641 2323 cum
1655 2296 1734 2324 laude

951 2340 1095 2376 pnestandi
1113 2339 1269 2367 facultatem
1287 2339 1458 2373 haberemus,
1472 2340 1533 2375 jure
1549 2341 1670 2375 profecto
1685 2348 1732 2368 ac-

951 2394 1120 2419 cusaremur,
1134 2387 1155 2413 si
1171 2386 1205 2413 de
1219 2385 1376 2412 infirmitate
1390 2391 1483 2413 nostra
1496 2386 1577 2413 anxie
1590 2385 1671 2414 nimis
1685 2394 1733 2413 co-

952 2433 1079 2469 gitantes,
1092 2432 1266 2459 cunctantius
1280 2438 1420 2466 ageremus
1432 2439 1440 2458 :
1454 2439 1540 2466 neque
1554 2432 1667 2466 ignaviae
1680 2432 1733 2459 cri~

952 2486 1012 2506 men
1029 2478 1121 2505 liceret
1135 2477 1263 2512 eﬂ‘ugere,
1278 2481 1369 2511 utpote
1384 2477 1428 2512 qui
1445 2477 1552 2504 silentio
1568 2482 1684 2511 utentes,
1700 2477 1733 2504 iis

952 2531 1020 2558 quos
1039 2523 1074 2551 ob
1090 2523 1216 2550 virtutem
1238 2522 1344 2550 meritis
1365 2522 1471 2549 laudum
1492 2522 1635 2556 praeconiis
1654 2530 1733 2549 exor-

953 2576 1020 2596 nare
1041 2569 1230 2601 debueramus,
1250 2567 1400 2595 molestiam
1421 2568 1522 2602 potius,
1544 2567 1735 2602 tristitiamque

952 2620 1120 2650 parercmus.
1135 2612 1187 2649 43
1203 2612 1335 2640 Caeterum
1350 2612 1458 2647 quando
1470 2610 1525 2646 jam
1539 2616 1619 2638 antea
1635 2610 1667 2639 de
1683 2611 1735 2638 im-

953 2659 1100 2687 becillitate
1120 2664 1211 2686 nostra
1232 2659 1257 2686 in
1279 2658 1402 2691 dicendo,
1426 2659 1576 2693 timoreque
1595 2659 1735 2693 conquesti

954 2704 1126 2738 confessique
1140 2711 1245 2737 sumus,
1259 2711 1363 2738 nosque
1375 2704 1451 2732 oneri
1468 2709 1542 2731 tanto
1557 2705 1674 2740 impares
1689 2704 1736 2731 de-

954 2750 1132 2783 claravimus;
1150 2757 1198 2777 vos
1216 2750 1302 2783 magis
1320 2750 1418 2778 silentii
1436 2749 1515 2785 hujus
1532 2749 1637 2784 culpam
1655 2749 1734 2776 susu-

954 2796 1064 2830 nebitis,
1076 2803 1135 2831 quae
1146 2795 1263 2824 illustres
1274 2796 1353 2830 adeo,
1365 2796 1486 2831 adeoque
1498 2796 1649 2832 conspicuae
1660 2794 1739 2827 estis,
