  <div class='ocr_page' id='page_1' title='image "/cluster/home/n/w/nwhite01/storage/ocr_20150623/76/njp.32101007590019/671.png"; bbox 0 0 1883 3056; ppageno 0'>
   <div class='ocr_carea' id='block_1_1' title="bbox 176 141 245 169">
    <p class='ocr_par' dir='ltr' id='par_1_1' title="bbox 176 141 245 169">
     <span class='ocr_line' id='line_1_1' title="bbox 176 141 245 169; baseline -0.014 0"><span class='ocrx_word' id='word_1_1' title='bbox 176 141 245 169; x_wconf 69' lang='grc'><strong>1205</strong></span> 
     </span>
    </p>
   </div>
   <div class='ocr_carea' id='block_1_2' title="bbox 665 143 1284 173">
    <p class='ocr_par' dir='ltr' id='par_1_2' title="bbox 665 143 1284 173">
     <span class='ocr_line' id='line_1_2' title="bbox 665 143 1284 173; baseline 0 -2"><span class='ocrx_word' id='word_1_2' title='bbox 665 143 693 171; x_wconf 89' lang='lat' dir='ltr'><strong>S.</strong></span> <span class='ocrx_word' id='word_1_3' title='bbox 713 144 849 172; x_wconf 76' lang='lat' dir='ltr'><strong>CYRILLI</strong></span> <span class='ocrx_word' id='word_1_4' title='bbox 871 144 1104 173; x_wconf 73' lang='lat' dir='ltr'><strong>ALEXANDBINI</strong></span> <span class='ocrx_word' id='word_1_5' title='bbox 1124 143 1284 172; x_wconf 77' lang='lat' dir='ltr'><strong>ARCIIIEP.</strong></span> 
     </span>
    </p>
   </div>
   <div class='ocr_carea' id='block_1_3' title="bbox 1738 142 1811 170">
    <p class='ocr_par' dir='ltr' id='par_1_3' title="bbox 1738 142 1811 170">
     <span class='ocr_line' id='line_1_3' title="bbox 1738 142 1811 170; baseline 0 0"><span class='ocrx_word' id='word_1_6' title='bbox 1738 142 1811 170; x_wconf 66' lang='grc'><strong>1204</strong></span> 
     </span>
    </p>
   </div>
   <div class='ocr_carea' id='block_1_4' title="bbox 176 199 953 239">
    <p class='ocr_par' dir='ltr' id='par_1_4' title="bbox 176 200 953 231">
     <span class='ocr_line' id='line_1_4' title="bbox 176 200 953 231; baseline 0.004 -3"><span class='ocrx_word' id='word_1_7' title='bbox 176 205 207 228; x_wconf 83' lang='grc' dir='ltr'>ιιι</span> <span class='ocrx_word' id='word_1_8' title='bbox 223 204 318 228; x_wconf 66' lang='lat' dir='ltr'><strong>vestrae</strong></span> <span class='ocrx_word' id='word_1_9' title='bbox 333 200 446 228; x_wconf 87' lang='lat' dir='ltr'><strong>virtutes</strong></span> <span class='ocrx_word' id='word_1_10' title='bbox 463 208 494 228; x_wconf 90' lang='lat' dir='ltr'><strong>ac</strong></span> <span class='ocrx_word' id='word_1_11' title='bbox 511 205 583 229; x_wconf 85' lang='lat' dir='ltr'><strong>recte</strong></span> <span class='ocrx_word' id='word_1_12' title='bbox 600 200 668 228; x_wconf 79' lang='lat' dir='ltr'><strong>facta</strong></span> <span class='ocrx_word' id='word_1_13' title='bbox 685 203 804 230; x_wconf 88' lang='lat' dir='ltr'><strong>omnium</strong></span> <span class='ocrx_word' id='word_1_14' title='bbox 823 210 953 231; x_wconf 86' lang='lat' dir='ltr'><strong>oratorum</strong></span> 
     </span>
    </p>
   </div>
   <div class='ocr_carea' id='block_1_5' title="bbox 1013 199 1809 239">
    <p class='ocr_par' dir='ltr' id='par_1_5' title="bbox 1013 199 1809 239">
     <span class='ocr_line' id='line_1_5' title="bbox 1013 199 1809 239; baseline -0.005 -9"><span class='ocrx_word' id='word_1_15' title='bbox 1013 205 1058 231; x_wconf 77' lang='grc' dir='ltr'>καὶ</span> <span class='ocrx_word' id='word_1_16' title='bbox 1074 204 1146 239; x_wconf 86' lang='grc' dir='ltr'>μάλα</span> <span class='ocrx_word' id='word_1_17' title='bbox 1161 203 1263 238; x_wconf 81' lang='grc' dir='ltr'><strong>σαφῶς,</strong></span> <span class='ocrx_word' id='word_1_18' title='bbox 1280 201 1328 228; x_wconf 82' lang='grc' dir='ltr'><strong>καὶ</strong></span> <span class='ocrx_word' id='word_1_19' title='bbox 1347 201 1396 237; x_wconf 87' lang='grc' dir='ltr'>τῆς</span> <span class='ocrx_word' id='word_1_20' title='bbox 1410 201 1439 227; x_wconf 86' lang='grc' dir='ltr'><strong>ὲν</strong></span> <span class='ocrx_word' id='word_1_21' title='bbox 1460 200 1569 236; x_wconf 80' lang='grc' dir='ltr'><strong>Χριστῷ</strong></span> <span class='ocrx_word' id='word_1_22' title='bbox 1585 199 1732 235; x_wconf 80' lang='grc' dir='ltr'><strong>βασιλείας</strong></span> <span class='ocrx_word' id='word_1_23' title='bbox 1747 200 1809 226; x_wconf 80' lang='grc' dir='ltr'><strong>ἐπι-</strong></span> 
     </span>
    </p>
   </div>
   <div class='ocr_carea' id='block_1_6' title="bbox 176 246 955 283">
    <p class='ocr_par' dir='ltr' id='par_1_6' title="bbox 176 246 955 283">
     <span class='ocr_line' id='line_1_6' title="bbox 176 246 955 283; baseline 0.004 -9"><span class='ocrx_word' id='word_1_24' title='bbox 176 246 356 281; x_wconf 88' lang='lat' dir='ltr'><strong>eloquentiam</strong></span> <span class='ocrx_word' id='word_1_25' title='bbox 372 246 451 280; x_wconf 76' lang='lat' dir='ltr'><strong>lange</strong></span> <span class='ocrx_word' id='word_1_26' title='bbox 463 247 582 274; x_wconf 90' lang='lat' dir='ltr'><strong>vincant.</strong></span> <span class='ocrx_word' id='word_1_27' title='bbox 597 247 663 275; x_wconf 85' lang='lat' dir='ltr'><strong>Nam</strong></span> <span class='ocrx_word' id='word_1_28' title='bbox 679 253 706 276; x_wconf 88' lang='lat' dir='ltr'><strong>et</strong></span> <span class='ocrx_word' id='word_1_29' title='bbox 722 249 823 283; x_wconf 80' lang='lat' dir='ltr'><strong>regium</strong></span> <span class='ocrx_word' id='word_1_30' title='bbox 838 255 955 278; x_wconf 88' lang='lat' dir='ltr'><strong>vestrum</strong></span> 
     </span>
    </p>
   </div>
   <div class='ocr_carea' id='block_1_7' title="bbox 176 291 958 328">
    <p class='ocr_par' dir='ltr' id='par_1_7' title="bbox 176 291 958 328">
     <span class='ocr_line' id='line_1_7' title="bbox 176 291 958 328; baseline 0.005 -10"><span class='ocrx_word' id='word_1_31' title='bbox 176 298 260 326; x_wconf 70' lang='lat' dir='ltr'><strong>genus</strong></span> <span class='ocrx_word' id='word_1_32' title='bbox 277 292 332 327; x_wconf 90' lang='lat' dir='ltr'><strong>jam</strong></span> <span class='ocrx_word' id='word_1_33' title='bbox 352 291 414 319; x_wconf 90' lang='lat' dir='ltr'><strong>inde</strong></span> <span class='ocrx_word' id='word_1_34' title='bbox 433 292 467 319; x_wconf 84' lang='lat' dir='ltr'><strong>ab</strong></span> <span class='ocrx_word' id='word_1_35' title='bbox 487 292 599 320; x_wconf 80' lang='lat' dir='ltr'><strong>exordio</strong></span> <span class='ocrx_word' id='word_1_36' title='bbox 617 293 696 328; x_wconf 75' lang='lat' dir='ltr'><strong>longa</strong></span> <span class='ocrx_word' id='word_1_37' title='bbox 716 298 866 328; x_wconf 73' lang='lat' dir='ltr'><strong>temporum</strong></span> <span class='ocrx_word' id='word_1_38' title='bbox 886 295 958 322; x_wconf 84' lang='lat' dir='ltr'><strong>serie</strong></span> 
     </span>
    </p>
   </div>
   <div class='ocr_carea' id='block_1_8' title="bbox 176 336 956 373">
    <p class='ocr_par' dir='ltr' id='par_1_8' title="bbox 176 336 956 373">
     <span class='ocr_line' id='line_1_8' title="bbox 176 336 956 373; baseline 0.004 -10"><span class='ocrx_word' id='word_1_39' title='bbox 176 336 315 372; x_wconf 84' lang='lat' dir='ltr'><strong>hucusque</strong></span> <span class='ocrx_word' id='word_1_40' title='bbox 329 342 371 364; x_wconf 90' lang='lat' dir='ltr'><strong>est</strong></span> <span class='ocrx_word' id='word_1_41' title='bbox 387 343 573 373; x_wconf 72' lang='lat' dir='ltr'><strong>propagatum,</strong></span> <span class='ocrx_word' id='word_1_42' title='bbox 589 342 616 365; x_wconf 85' lang='lat' dir='ltr'><strong>et</strong></span> <span class='ocrx_word' id='word_1_43' title='bbox 631 339 753 372; x_wconf 90' lang='lat' dir='ltr'><strong>ulterius,</strong></span> <span class='ocrx_word' id='word_1_44' title='bbox 768 344 797 366; x_wconf 91' lang='lat' dir='ltr'><strong>ut</strong></span> <span class='ocrx_word' id='word_1_45' title='bbox 811 339 956 372; x_wconf 79' lang='lat' dir='ltr'><strong>credimus,</strong></span> 
     </span>
    </p>
   </div>
   <div class='ocr_carea' id='block_1_9' title="bbox 175 382 956 419">
    <p class='ocr_par' dir='ltr' id='par_1_9' title="bbox 175 382 956 419">
     <span class='ocr_line' id='line_1_9' title="bbox 175 382 956 419; baseline 0.005 -10"><span class='ocrx_word' id='word_1_46' title='bbox 175 382 203 410; x_wconf 87' lang='lat' dir='ltr'><strong>in</strong></span> <span class='ocrx_word' id='word_1_47' title='bbox 222 387 357 417; x_wconf 86' lang='lat' dir='ltr'><strong>posterum</strong></span> <span class='ocrx_word' id='word_1_48' title='bbox 377 383 464 411; x_wconf 89' lang='lat' dir='ltr'><strong>adhuc</strong></span> <span class='ocrx_word' id='word_1_49' title='bbox 484 384 675 419; x_wconf 81' lang='lat' dir='ltr'><strong>propagabitur</strong></span> <span class='ocrx_word' id='word_1_50' title='bbox 692 392 700 412; x_wconf 85' lang='lat'>:</span> <span class='ocrx_word' id='word_1_51' title='bbox 718 393 769 412; x_wconf 90' lang='lat' dir='ltr'><strong>nec</strong></span> <span class='ocrx_word' id='word_1_52' title='bbox 786 393 838 412; x_wconf 91' lang='lat' dir='ltr'><strong>non</strong></span> <span class='ocrx_word' id='word_1_53' title='bbox 856 385 956 413; x_wconf 83' lang='lat' dir='ltr'><strong>Christi</strong></span> 
     </span>
    </p>
   </div>
   <div class='ocr_carea' id='block_1_10' title="bbox 177 430 957 465">
    <p class='ocr_par' dir='ltr' id='par_1_10' title="bbox 177 430 957 465">
     <span class='ocr_line' id='line_1_10' title="bbox 177 430 957 465; baseline 0.004 -11"><span class='ocrx_word' id='word_1_54' title='bbox 177 435 290 463; x_wconf 74' lang='lat' dir='ltr'><strong>regnum</strong></span> <span class='ocrx_word' id='word_1_55' title='bbox 305 437 457 463; x_wconf 82' lang='lat' dir='ltr'><strong>capessere,</strong></span> <span class='ocrx_word' id='word_1_56' title='bbox 471 434 498 457; x_wconf 86' lang='lat' dir='ltr'><strong>et</strong></span> <span class='ocrx_word' id='word_1_57' title='bbox 511 437 554 461; x_wconf 87' lang='lat' dir='ltr'><strong>ea,</strong></span> <span class='ocrx_word' id='word_1_58' title='bbox 567 437 626 464; x_wconf 68' lang='lat' dir='ltr'><strong>qua:</strong></span> <span class='ocrx_word' id='word_1_59' title='bbox 641 430 677 457; x_wconf 93' lang='lat' dir='ltr'><strong>illi</strong></span> <span class='ocrx_word' id='word_1_60' title='bbox 691 435 766 465; x_wconf 78' lang='lat' dir='ltr'><strong>grata</strong></span> <span class='ocrx_word' id='word_1_61' title='bbox 781 435 853 463; x_wconf 90' lang='lat' dir='ltr'><strong>sunt,</strong></span> <span class='ocrx_word' id='word_1_62' title='bbox 868 430 957 458; x_wconf 76' lang='lat' dir='ltr'><strong>facere</strong></span> 
     </span>
    </p>
   </div>
   <div class='ocr_carea' id='block_1_11' title="bbox 173 473 956 510">
    <p class='ocr_par' dir='ltr' id='par_1_11' title="bbox 173 473 956 510">
     <span class='ocr_line' id='line_1_11' title="bbox 173 473 956 510; baseline 0.003 -10"><span class='ocrx_word' id='word_1_63' title='bbox 173 478 202 500; x_wconf 86' lang='lat' dir='ltr'><strong>et</strong></span> <span class='ocrx_word' id='word_1_64' title='bbox 219 473 318 501; x_wconf 85' lang='lat' dir='ltr'><strong>sentire</strong></span> <span class='ocrx_word' id='word_1_65' title='bbox 333 475 460 508; x_wconf 85' lang='lat' dir='ltr'><strong>studetis;</strong></span> <span class='ocrx_word' id='word_1_66' title='bbox 478 475 576 509; x_wconf 81' lang='lat' dir='ltr'><strong>partim</strong></span> <span class='ocrx_word' id='word_1_67' title='bbox 596 475 702 510; x_wconf 86' lang='lat' dir='ltr'><strong>quidem</strong></span> <span class='ocrx_word' id='word_1_68' title='bbox 719 477 854 510; x_wconf 68' lang='lat' dir='ltr'><strong>praeclaris</strong></span> <span class='ocrx_word' id='word_1_69' title='bbox 871 477 956 503; x_wconf 85' lang='lat' dir='ltr'><strong>actio-</strong></span> 
     </span>
    </p>
   </div>
   <div class='ocr_carea' id='block_1_12' title="bbox 173 519 953 557">
    <p class='ocr_par' dir='ltr' id='par_1_12' title="bbox 173 519 953 557">
     <span class='ocr_line' id='line_1_12' title="bbox 173 519 953 557; baseline 0.003 -11"><span class='ocrx_word' id='word_1_70' title='bbox 173 519 255 547; x_wconf 83' lang='lat' dir='ltr'><strong>nibus</strong></span> <span class='ocrx_word' id='word_1_71' title='bbox 276 519 464 555; x_wconf 84' lang='lat' dir='ltr'><strong>inculpataque</strong></span> <span class='ocrx_word' id='word_1_72' title='bbox 487 521 550 554; x_wconf 81' lang='lat' dir='ltr'><strong>ﬁde,</strong></span> <span class='ocrx_word' id='word_1_73' title='bbox 567 527 596 548; x_wconf 92' lang='lat' dir='ltr'><strong>ut</strong></span> <span class='ocrx_word' id='word_1_74' title='bbox 614 521 693 557; x_wconf 90' lang='lat' dir='ltr'><strong>paulo</strong></span> <span class='ocrx_word' id='word_1_75' title='bbox 710 527 772 548; x_wconf 89' lang='lat' dir='ltr'><strong>ante</strong></span> <span class='ocrx_word' id='word_1_76' title='bbox 789 521 953 555; x_wconf 79' lang='lat' dir='ltr'><strong>dicebamus,</strong></span> 
     </span>
    </p>
   </div>
   <div class='ocr_carea' id='block_1_13' title="bbox 1009 243 1808 285">
    <p class='ocr_par' dir='ltr' id='par_1_13' title="bbox 1009 243 1808 285">
     <span class='ocr_line' id='line_1_13' title="bbox 1009 243 1808 285; baseline -0.005 -9"><span class='ocrx_word' id='word_1_77' title='bbox 1009 249 1198 285; x_wconf 77' lang='grc' dir='ltr'><strong>δραττόμεναι,</strong></span> <span class='ocrx_word' id='word_1_78' title='bbox 1212 246 1245 275; x_wconf 69' lang='grc' dir='ltr'>τὰ</span> <span class='ocrx_word' id='word_1_79' title='bbox 1261 247 1334 283; x_wconf 80' lang='grc' dir='ltr'><strong>αὺτῷ</strong></span> <span class='ocrx_word' id='word_1_80' title='bbox 1350 243 1479 274; x_wconf 63' lang='grc' dir='ltr'>δοξοῦντα</span> <span class='ocrx_word' id='word_1_81' title='bbox 1494 248 1603 282; x_wconf 81' lang='grc' dir='ltr'>φρονεῖν</span> <span class='ocrx_word' id='word_1_82' title='bbox 1618 255 1649 273; x_wconf 80' lang='grc' dir='ltr'><strong>τε</strong></span> <span class='ocrx_word' id='word_1_83' title='bbox 1667 245 1718 272; x_wconf 86' lang='grc' dir='ltr'>καὶ</span> <span class='ocrx_word' id='word_1_84' title='bbox 1739 246 1808 280; x_wconf 77' lang='grc' dir='ltr'><strong>δρᾷν</strong></span> 
     </span>
    </p>
   </div>
   <div class='ocr_carea' id='block_1_14' title="bbox 1010 292 1808 329">
    <p class='ocr_par' dir='ltr' id='par_1_14' title="bbox 1010 292 1808 329">
     <span class='ocr_line' id='line_1_14' title="bbox 1010 292 1808 329; baseline -0.004 -8"><span class='ocrx_word' id='word_1_85' title='bbox 1010 294 1173 326; x_wconf 77' lang='grc' dir='ltr'><strong>σπουδάζετε</strong></span> <span class='ocrx_word' id='word_1_86' title='bbox 1183 303 1190 310; x_wconf 88' lang='grc'><strong>·</strong></span> <span class='ocrx_word' id='word_1_87' title='bbox 1204 294 1282 321; x_wconf 79' lang='grc' dir='ltr'>τοῦτο</span> <span class='ocrx_word' id='word_1_88' title='bbox 1298 294 1358 329; x_wconf 78' lang='grc' dir='ltr'>μὲν,</span> <span class='ocrx_word' id='word_1_89' title='bbox 1371 293 1408 325; x_wconf 87' lang='grc' dir='ltr'>ὡς</span> <span class='ocrx_word' id='word_1_90' title='bbox 1424 293 1502 328; x_wconf 84' lang='grc' dir='ltr'>ἓφην,</span> <span class='ocrx_word' id='word_1_91' title='bbox 1516 293 1606 328; x_wconf 80' lang='grc' dir='ltr'><strong>ἔργοις</strong></span> <span class='ocrx_word' id='word_1_92' title='bbox 1618 301 1646 319; x_wconf 81' lang='grc' dir='ltr'><strong>τε</strong></span> <span class='ocrx_word' id='word_1_93' title='bbox 1662 292 1712 319; x_wconf 74' lang='grc' dir='ltr'>καὶ</span> <span class='ocrx_word' id='word_1_94' title='bbox 1725 292 1808 326; x_wconf 82' lang='grc' dir='ltr'>ἁμω-</span> 
     </span>
    </p>
   </div>
   <div class='ocr_carea' id='block_1_15' title="bbox 1011 337 1807 375">
    <p class='ocr_par' dir='ltr' id='par_1_15' title="bbox 1011 337 1807 375">
     <span class='ocr_line' id='line_1_15' title="bbox 1011 337 1807 375; baseline -0.005 -9"><span class='ocrx_word' id='word_1_95' title='bbox 1011 340 1089 375; x_wconf 86' lang='grc' dir='ltr'>μήτῳ</span> <span class='ocrx_word' id='word_1_96' title='bbox 1114 339 1312 375; x_wconf 82' lang='grc' dir='ltr'>διαπρέπουσαι</span> <span class='ocrx_word' id='word_1_97' title='bbox 1334 339 1433 371; x_wconf 77' lang='grc' dir='ltr'>πίστει,</span> <span class='ocrx_word' id='word_1_98' title='bbox 1455 339 1502 365; x_wconf 80' lang='grc' dir='ltr'>καὶ</span> <span class='ocrx_word' id='word_1_99' title='bbox 1524 338 1574 370; x_wconf 80' lang='grc' dir='ltr'>τὰς</span> <span class='ocrx_word' id='word_1_100' title='bbox 1597 338 1677 373; x_wconf 86' lang='grc' dir='ltr'>ὑμῶν</span> <span class='ocrx_word' id='word_1_101' title='bbox 1703 345 1734 363; x_wconf 82' lang='grc' dir='ltr'><strong>τε</strong></span> <span class='ocrx_word' id='word_1_102' title='bbox 1759 337 1807 362; x_wconf 75' lang='grc' dir='ltr'>καὶ</span> 
     </span>
    </p>
   </div>
   <div class='ocr_carea' id='block_1_16' title="bbox 1011 382 1806 421">
    <p class='ocr_par' dir='ltr' id='par_1_16' title="bbox 1011 382 1806 421">
     <span class='ocr_line' id='line_1_16' title="bbox 1011 382 1806 421; baseline -0.005 -9"><span class='ocrx_word' id='word_1_103' title='bbox 1011 386 1161 421; x_wconf 72' lang='grc' dir='ltr'><strong>βασιλείους</strong></span> <span class='ocrx_word' id='word_1_104' title='bbox 1176 385 1259 418; x_wconf 75' lang='grc' dir='ltr'>αὐλὰς</span> <span class='ocrx_word' id='word_1_105' title='bbox 1270 387 1303 420; x_wconf 82' lang='grc' dir='ltr'>τῇ</span> <span class='ocrx_word' id='word_1_106' title='bbox 1323 385 1373 419; x_wconf 81' lang='grc' dir='ltr'>τῆς</span> <span class='ocrx_word' id='word_1_107' title='bbox 1386 384 1533 420; x_wconf 80' lang='grc' dir='ltr'><strong>παρθενίας</strong></span> <span class='ocrx_word' id='word_1_108' title='bbox 1548 382 1806 418; x_wconf 81' lang='grc' dir='ltr'>καταλαμπρύνου-</span> 
     </span>
    </p>
   </div>
   <div class='ocr_carea' id='block_1_17' title="bbox 1011 428 1805 467">
    <p class='ocr_par' dir='ltr' id='par_1_17' title="bbox 1011 428 1805 467">
     <span class='ocr_line' id='line_1_17' title="bbox 1011 428 1805 467; baseline -0.005 -9"><span class='ocrx_word' id='word_1_109' title='bbox 1011 440 1055 458; x_wconf 85' lang='grc' dir='ltr'><strong>σαι</strong></span> <span class='ocrx_word' id='word_1_110' title='bbox 1081 431 1161 467; x_wconf 74' lang='grc' dir='ltr'><strong>δόξῃ·</strong></span> <span class='ocrx_word' id='word_1_111' title='bbox 1195 430 1272 457; x_wconf 74' lang='grc' dir='ltr'>τοῦτο</span> <span class='ocrx_word' id='word_1_112' title='bbox 1304 431 1343 462; x_wconf 75' lang='grc' dir='ltr'><strong>δὲ,</strong></span> <span class='ocrx_word' id='word_1_113' title='bbox 1376 429 1622 461; x_wconf 80' lang='grc' dir='ltr'>πολυτελεστάτους</span> <span class='ocrx_word' id='word_1_114' title='bbox 1647 428 1805 455; x_wconf 78' lang='grc' dir='ltr'>ἀνιστῶσαι</span> 
     </span>
    </p>
   </div>
   <div class='ocr_carea' id='block_1_18' title="bbox 1009 474 1805 512">
    <p class='ocr_par' dir='ltr' id='par_1_18' title="bbox 1009 474 1805 512">
     <span class='ocr_line' id='line_1_18' title="bbox 1009 474 1805 512; baseline -0.004 -9"><span class='ocrx_word' id='word_1_115' title='bbox 1009 478 1088 509; x_wconf 80' lang='grc' dir='ltr'>ναοὺς</span> <span class='ocrx_word' id='word_1_116' title='bbox 1107 477 1144 511; x_wconf 83' lang='grc' dir='ltr'>τῷ</span> <span class='ocrx_word' id='word_1_117' title='bbox 1164 476 1282 512; x_wconf 80' lang='grc' dir='ltr'>Χριπῷ.</span> <span class='ocrx_word' id='word_1_118' title='bbox 1304 476 1471 511; x_wconf 81' lang='grc' dir='ltr'>Κεχάρισται</span> <span class='ocrx_word' id='word_1_119' title='bbox 1487 475 1541 511; x_wconf 78' lang='grc' dir='ltr'>γὰρ</span> <span class='ocrx_word' id='word_1_120' title='bbox 1557 476 1623 510; x_wconf 87' lang='grc' dir='ltr'>παρ’</span> <span class='ocrx_word' id='word_1_121' title='bbox 1638 474 1726 501; x_wconf 81' lang='grc' dir='ltr'>αὑτοῦ</span> <span class='ocrx_word' id='word_1_122' title='bbox 1742 475 1805 505; x_wconf 78' lang='grc' dir='ltr'>ταῖς</span> 
     </span>
    </p>
   </div>
   <div class='ocr_carea' id='block_1_19' title="bbox 1008 519 1719 556">
    <p class='ocr_par' dir='ltr' id='par_1_19' title="bbox 1008 519 1719 556">
     <span class='ocr_line' id='line_1_19' title="bbox 1008 519 1719 556; baseline -0.003 -8"><span class='ocrx_word' id='word_1_123' title='bbox 1008 522 1098 556; x_wconf 80' lang='grc' dir='ltr'>ἁγίαις</span> <span class='ocrx_word' id='word_1_124' title='bbox 1111 522 1125 548; x_wconf 85' lang='grc' dir='ltr'>ὑ</span> <span class='ocrx_word' id='word_1_125' title='bbox 1130 521 1187 556; x_wconf 86' lang='grc' dir='ltr'>μῶν</span> <span class='ocrx_word' id='word_1_126' title='bbox 1201 522 1300 556; x_wconf 78' lang='grc' dir='ltr'>ψυχαῖς</span> <span class='ocrx_word' id='word_1_127' title='bbox 1316 521 1383 556; x_wconf 82' lang='grc' dir='ltr'><strong>μετὰ</strong></span> <span class='ocrx_word' id='word_1_128' title='bbox 1396 520 1450 547; x_wconf 80' lang='grc' dir='ltr'><strong>τῶν</strong></span> <span class='ocrx_word' id='word_1_129' title='bbox 1464 520 1551 547; x_wconf 77' lang='grc' dir='ltr'>ἄλλων</span> <span class='ocrx_word' id='word_1_130' title='bbox 1565 521 1613 547; x_wconf 78' lang='grc' dir='ltr'>καὶ</span> <span class='ocrx_word' id='word_1_131' title='bbox 1626 519 1719 546; x_wconf 76' lang='grc' dir='ltr'>τοῦτο.</span> 
     </span>
    </p>
   </div>
   <div class='ocr_carea' id='block_1_20' title="bbox 174 566 1802 602">
    <p class='ocr_par' dir='ltr' id='par_1_20' title="bbox 174 566 1802 602">
     <span class='ocr_line' id='line_1_20' title="bbox 174 566 1802 602; baseline 0.001 -11"><span class='ocrx_word' id='word_1_132' title='bbox 174 571 330 599; x_wconf 70' lang='lat' dir='ltr'><strong>prmstantes</strong></span> <span class='ocrx_word' id='word_1_133' title='bbox 346 574 353 598; x_wconf 91' lang='lat'><strong>;</strong></span> <span class='ocrx_word' id='word_1_134' title='bbox 368 567 464 601; x_wconf 83' lang='lat' dir='ltr'><strong>partim</strong></span> <span class='ocrx_word' id='word_1_135' title='bbox 481 572 584 595; x_wconf 87' lang='lat' dir='ltr'><strong>vestras</strong></span> <span class='ocrx_word' id='word_1_136' title='bbox 599 567 740 602; x_wconf 71' lang='lat' dir='ltr'><strong>regiaeque</strong></span> <span class='ocrx_word' id='word_1_137' title='bbox 759 567 834 595; x_wconf 86' lang='lat' dir='ltr'><strong>aulas</strong></span> <span class='ocrx_word' id='word_1_138' title='bbox 855 568 1016 602; x_wconf 77' lang='lat' dir='ltr'><strong>virginitatis</strong></span> <span class='ocrx_word' id='word_1_139' title='bbox 1039 568 1122 602; x_wconf 76' lang='lat' dir='ltr'><strong>gloria</strong></span> <span class='ocrx_word' id='word_1_140' title='bbox 1137 569 1363 600; x_wconf 81' lang='lat' dir='ltr'><strong>condecorantes;</strong></span> <span class='ocrx_word' id='word_1_141' title='bbox 1389 567 1485 602; x_wconf 78' lang='lat' dir='ltr'><strong>partim</strong></span> <span class='ocrx_word' id='word_1_142' title='bbox 1509 566 1627 601; x_wconf 88' lang='lat' dir='ltr'><strong>denique</strong></span> <span class='ocrx_word' id='word_1_143' title='bbox 1653 570 1802 600; x_wconf 89' lang='lat' dir='ltr'><strong>sumptuo-</strong></span> 
     </span>
    </p>
   </div>
   <div class='ocr_carea' id='block_1_21' title="bbox 173 612 1804 650">
    <p class='ocr_par' dir='ltr' id='par_1_21' title="bbox 173 612 1804 650">
     <span class='ocr_line' id='line_1_21' title="bbox 173 612 1804 650; baseline 0 -10"><span class='ocrx_word' id='word_1_144' title='bbox 173 613 280 641; x_wconf 83' lang='lat' dir='ltr'><strong>sissima</strong></span> <span class='ocrx_word' id='word_1_145' title='bbox 299 615 395 650; x_wconf 80' lang='lat' dir='ltr'><strong>templa</strong></span> <span class='ocrx_word' id='word_1_146' title='bbox 412 614 520 643; x_wconf 84' lang='lat' dir='ltr'><strong>Christo</strong></span> <span class='ocrx_word' id='word_1_147' title='bbox 537 615 696 642; x_wconf 77' lang='lat' dir='ltr'><strong>excitantes.</strong></span> <span class='ocrx_word' id='word_1_148' title='bbox 709 615 774 642; x_wconf 86' lang='lat' dir='ltr'><strong>Nam</strong></span> <span class='ocrx_word' id='word_1_149' title='bbox 792 620 819 643; x_wconf 91' lang='lat' dir='ltr'><strong>et</strong></span> <span class='ocrx_word' id='word_1_150' title='bbox 836 615 886 643; x_wconf 92' lang='lat' dir='ltr'><strong>hoc</strong></span> <span class='ocrx_word' id='word_1_151' title='bbox 905 622 1010 650; x_wconf 84' lang='lat' dir='ltr'><strong>quoque</strong></span> <span class='ocrx_word' id='word_1_152' title='bbox 1023 615 1130 650; x_wconf 86' lang='lat' dir='ltr'><strong>pietatis</strong></span> <span class='ocrx_word' id='word_1_153' title='bbox 1146 615 1262 642; x_wconf 85' lang='lat' dir='ltr'><strong>studium</strong></span> <span class='ocrx_word' id='word_1_154' title='bbox 1288 614 1358 641; x_wconf 87' lang='lat' dir='ltr'><strong>inter</strong></span> <span class='ocrx_word' id='word_1_155' title='bbox 1378 619 1475 641; x_wconf 62' lang='lat' dir='ltr'><strong>caetera</strong></span> <span class='ocrx_word' id='word_1_156' title='bbox 1499 613 1543 641; x_wconf 91' lang='lat' dir='ltr'><strong>ille</strong></span> <span class='ocrx_word' id='word_1_157' title='bbox 1568 614 1673 641; x_wconf 79' lang='lat' dir='ltr'><strong>sanctis</strong></span> <span class='ocrx_word' id='word_1_158' title='bbox 1699 612 1804 640; x_wconf 79' lang='lat' dir='ltr'><strong>vestris</strong></span> 
     </span>
    </p>
   </div>
   <div class='ocr_carea' id='block_1_22' title="bbox 172 659 501 694">
    <p class='ocr_par' dir='ltr' id='par_1_22' title="bbox 172 659 501 694">
     <span class='ocr_line' id='line_1_22' title="bbox 172 659 501 694; baseline 0.006 -8"><span class='ocrx_word' id='word_1_159' title='bbox 172 659 270 687; x_wconf 82' lang='lat' dir='ltr'><strong>animis</strong></span> <span class='ocrx_word' id='word_1_160' title='bbox 285 659 434 694; x_wconf 88' lang='lat' dir='ltr'><strong>impertitus</strong></span> <span class='ocrx_word' id='word_1_161' title='bbox 450 664 501 688; x_wconf 86' lang='lat' dir='ltr'><strong>est.</strong></span> 
     </span>
    </p>
   </div>
   <div class='ocr_carea' id='block_1_23' title="bbox 209 705 956 743">
    <p class='ocr_par' dir='ltr' id='par_1_23' title="bbox 209 705 956 743">
     <span class='ocr_line' id='line_1_23' title="bbox 209 705 956 743; baseline 0.004 -11"><span class='ocrx_word' id='word_1_162' title='bbox 209 705 242 733; x_wconf 86' lang='lat' dir='ltr'><strong>ll.</strong></span> <span class='ocrx_word' id='word_1_163' title='bbox 263 706 359 740; x_wconf 77' lang='lat' dir='ltr'><strong>Igitur,</strong></span> <span class='ocrx_word' id='word_1_164' title='bbox 381 712 410 734; x_wconf 90' lang='lat' dir='ltr'><strong>ut</strong></span> <span class='ocrx_word' id='word_1_165' title='bbox 431 715 465 734; x_wconf 83' lang='lat' dir='ltr'><strong>ex</strong></span> <span class='ocrx_word' id='word_1_166' title='bbox 486 708 571 736; x_wconf 87' lang='lat' dir='ltr'><strong>sacris</strong></span> <span class='ocrx_word' id='word_1_167' title='bbox 593 707 704 735; x_wconf 84' lang='lat' dir='ltr'><strong>Litteris</strong></span> <span class='ocrx_word' id='word_1_168' title='bbox 725 707 826 742; x_wconf 86' lang='lat' dir='ltr'><strong>aliquid</strong></span> <span class='ocrx_word' id='word_1_169' title='bbox 848 715 956 743; x_wconf 85' lang='lat' dir='ltr'><strong>quoque</strong></span> 
     </span>
    </p>
   </div>
   <div class='ocr_carea' id='block_1_24' title="bbox 173 751 954 788">
    <p class='ocr_par' dir='ltr' id='par_1_24' title="bbox 173 751 954 788">
     <span class='ocr_line' id='line_1_24' title="bbox 173 751 954 788; baseline 0.004 -10"><span class='ocrx_word' id='word_1_170' title='bbox 173 751 330 786; x_wconf 89' lang='lat' dir='ltr'><strong>depromam</strong></span> <span class='ocrx_word' id='word_1_171' title='bbox 349 761 356 780; x_wconf 85' lang='lat'><strong>:</strong></span> <span class='ocrx_word' id='word_1_172' title='bbox 373 762 382 778; x_wconf 77' lang='grc' dir='ltr'>ι</span> <span class='ocrx_word' id='word_1_173' title='bbox 403 752 522 781; x_wconf 88' lang='lat' dir='ltr'><strong>Gaudete</strong></span> <span class='ocrx_word' id='word_1_174' title='bbox 532 754 558 780; x_wconf 88' lang='lat' dir='ltr'><strong>in</strong></span> <span class='ocrx_word' id='word_1_175' title='bbox 577 753 690 781; x_wconf 90' lang='lat' dir='ltr'><strong>Domino</strong></span> <span class='ocrx_word' id='word_1_176' title='bbox 708 762 815 788; x_wconf 83' lang='lat' dir='ltr'><strong>semper</strong></span> <span class='ocrx_word' id='word_1_177' title='bbox 831 763 837 780; x_wconf 76' lang='grc' dir='ltr'>ε</span> <span class='ocrx_word' id='word_1_178' title='bbox 857 755 954 781; x_wconf 87' lang='lat' dir='ltr'><strong>itermn</strong></span> 
     </span>
    </p>
   </div>
   <div class='ocr_carea' id='block_1_25' title="bbox 173 797 955 833">
    <p class='ocr_par' dir='ltr' id='par_1_25' title="bbox 173 797 955 833">
     <span class='ocr_line' id='line_1_25' title="bbox 173 797 955 833; baseline 0.003 -8"><span class='ocrx_word' id='word_1_179' title='bbox 173 797 243 831; x_wconf 88' lang='lat' dir='ltr'><strong>dico,</strong></span> <span class='ocrx_word' id='word_1_180' title='bbox 252 799 376 833; x_wconf 77' lang='lat' dir='ltr'><strong>gaudete,</strong></span> <span class='ocrx_word' id='word_1_181' title='bbox 392 799 523 827; x_wconf 83' lang='lat' dir='ltr'><strong>modestia</strong></span> <span class='ocrx_word' id='word_1_182' title='bbox 535 804 626 827; x_wconf 86' lang='lat' dir='ltr'><strong>vestra</strong></span> <span class='ocrx_word' id='word_1_183' title='bbox 641 805 702 827; x_wconf 88' lang='lat' dir='ltr'><strong>nota</strong></span> <span class='ocrx_word' id='word_1_184' title='bbox 718 800 752 827; x_wconf 89' lang='lat' dir='ltr'><strong>sit</strong></span> <span class='ocrx_word' id='word_1_185' title='bbox 767 800 891 827; x_wconf 88' lang='lat' dir='ltr'><strong>omnibus</strong></span> <span class='ocrx_word' id='word_1_186' title='bbox 907 801 955 828; x_wconf 94' lang='lat' dir='ltr'><strong>ho-</strong></span> 
     </span>
    </p>
   </div>
   <div class='ocr_carea' id='block_1_26' title="bbox 173 844 956 881">
    <p class='ocr_par' dir='ltr' id='par_1_26' title="bbox 173 844 956 881">
     <span class='ocr_line' id='line_1_26' title="bbox 173 844 956 881; baseline 0.004 -11"><span class='ocrx_word' id='word_1_187' title='bbox 173 844 290 871; x_wconf 87' lang='lat' dir='ltr'><strong>minibus</strong></span> <span class='ocrx_word' id='word_1_188' title='bbox 302 844 334 872; x_wconf 84' lang='grc'><strong>⁸³.</strong></span> <span class='ocrx_word' id='word_1_189' title='bbox 356 854 366 870; x_wconf 72' lang='grc' dir='ltr'>ι</span> <span class='ocrx_word' id='word_1_190' title='bbox 385 844 440 872; x_wconf 85' lang='grc' dir='ltr'>Ιιηο</span> <span class='ocrx_word' id='word_1_191' title='bbox 457 852 522 872; x_wconf 88' lang='lat' dir='ltr'><strong>vero</strong></span> <span class='ocrx_word' id='word_1_192' title='bbox 538 845 696 880; x_wconf 82' lang='lat' dir='ltr'><strong>jamdudum</strong></span> <span class='ocrx_word' id='word_1_193' title='bbox 713 845 757 872; x_wconf 90' lang='lat' dir='ltr'><strong>illa</strong></span> <span class='ocrx_word' id='word_1_194' title='bbox 775 845 844 881; x_wconf 89' lang='lat' dir='ltr'><strong>apud</strong></span> <span class='ocrx_word' id='word_1_195' title='bbox 862 854 956 873; x_wconf 86' lang='lat' dir='ltr'><strong>omnes</strong></span> 
     </span>
    </p>
   </div>
   <div class='ocr_carea' id='block_1_27' title="bbox 173 889 952 926">
    <p class='ocr_par' dir='ltr' id='par_1_27' title="bbox 173 889 952 926">
     <span class='ocr_line' id='line_1_27' title="bbox 173 889 952 926; baseline 0.003 -10"><span class='ocrx_word' id='word_1_196' title='bbox 173 889 311 916; x_wconf 80' lang='lat' dir='ltr'><strong>civitatum</strong></span> <span class='ocrx_word' id='word_1_197' title='bbox 332 894 359 916; x_wconf 92' lang='lat' dir='ltr'><strong>et</strong></span> <span class='ocrx_word' id='word_1_198' title='bbox 380 891 519 924; x_wconf 78' lang='lat' dir='ltr'><strong>regionum</strong></span> <span class='ocrx_word' id='word_1_199' title='bbox 537 891 657 917; x_wconf 89' lang='lat' dir='ltr'><strong>omnium</strong></span> <span class='ocrx_word' id='word_1_200' title='bbox 679 890 801 918; x_wconf 82' lang='lat' dir='ltr'><strong>homines</strong></span> <span class='ocrx_word' id='word_1_201' title='bbox 820 891 952 926; x_wconf 81' lang='lat' dir='ltr'><strong>divulgata</strong></span> 
     </span>
    </p>
   </div>
   <div class='ocr_carea' id='block_1_28' title="bbox 172 936 952 971">
    <p class='ocr_par' dir='ltr' id='par_1_28' title="bbox 172 936 952 971">
     <span class='ocr_line' id='line_1_28' title="bbox 172 936 952 971; baseline 0.004 -10"><span class='ocrx_word' id='word_1_202' title='bbox 172 936 342 970; x_wconf 70' lang='lat' dir='ltr'><strong>percrebuit;</strong></span> <span class='ocrx_word' id='word_1_203' title='bbox 359 944 445 971; x_wconf 87' lang='lat' dir='ltr'><strong>neque</strong></span> <span class='ocrx_word' id='word_1_204' title='bbox 459 943 538 964; x_wconf 85' lang='lat' dir='ltr'><strong>secus</strong></span> <span class='ocrx_word' id='word_1_205' title='bbox 553 936 610 964; x_wconf 76' lang='lat' dir='ltr'><strong>fere</strong></span> <span class='ocrx_word' id='word_1_206' title='bbox 626 941 707 970; x_wconf 87' lang='lat' dir='ltr'><strong>atque</strong></span> <span class='ocrx_word' id='word_1_207' title='bbox 722 936 816 964; x_wconf 89' lang='lat' dir='ltr'><strong>tabella</strong></span> <span class='ocrx_word' id='word_1_208' title='bbox 831 938 952 971; x_wconf 74' lang='lat' dir='ltr'><strong>qumdam</strong></span> 
     </span>
    </p>
   </div>
   <div class='ocr_carea' id='block_1_29' title="bbox 173 979 954 1018">
    <p class='ocr_par' dir='ltr' id='par_1_29' title="bbox 173 979 954 1018">
     <span class='ocr_line' id='line_1_29' title="bbox 173 979 954 1018; baseline 0.004 -12"><span class='ocrx_word' id='word_1_209' title='bbox 173 979 306 1014; x_wconf 86' lang='lat' dir='ltr'><strong>depictam</strong></span> <span class='ocrx_word' id='word_1_210' title='bbox 324 980 349 1008; x_wconf 93' lang='lat' dir='ltr'><strong>in</strong></span> <span class='ocrx_word' id='word_1_211' title='bbox 366 989 395 1008; x_wconf 87' lang='lat' dir='ltr'><strong>se</strong></span> <span class='ocrx_word' id='word_1_212' title='bbox 412 982 520 1016; x_wconf 87' lang='lat' dir='ltr'><strong>pictatis</strong></span> <span class='ocrx_word' id='word_1_213' title='bbox 534 982 560 1009; x_wconf 93' lang='lat' dir='ltr'><strong>in</strong></span> <span class='ocrx_word' id='word_1_214' title='bbox 576 982 711 1010; x_wconf 82' lang='lat' dir='ltr'><strong>Christum</strong></span> <span class='ocrx_word' id='word_1_215' title='bbox 726 988 894 1010; x_wconf 79' lang='lat' dir='ltr'><strong>venustatem</strong></span> <span class='ocrx_word' id='word_1_216' title='bbox 909 991 954 1018; x_wconf 76' lang='lat' dir='ltr'><strong>ge-</strong></span> 
     </span>
    </p>
   </div>
   <div class='ocr_carea' id='block_1_30' title="bbox 172 1026 952 1061">
    <p class='ocr_par' dir='ltr' id='par_1_30' title="bbox 172 1026 952 1061">
     <span class='ocr_line' id='line_1_30' title="bbox 172 1026 952 1061; baseline 0.003 -8"><span class='ocrx_word' id='word_1_217' title='bbox 172 1033 251 1058; x_wconf 87' lang='lat' dir='ltr'><strong>rens,</strong></span> <span class='ocrx_word' id='word_1_218' title='bbox 270 1026 375 1060; x_wconf 89' lang='lat' dir='ltr'><strong>lateque</strong></span> <span class='ocrx_word' id='word_1_219' title='bbox 398 1027 586 1061; x_wconf 86' lang='lat' dir='ltr'><strong>rcsplendens,</strong></span> <span class='ocrx_word' id='word_1_220' title='bbox 605 1029 725 1055; x_wconf 91' lang='lat' dir='ltr'><strong>omnium</strong></span> <span class='ocrx_word' id='word_1_221' title='bbox 748 1028 952 1055; x_wconf 88' lang='lat' dir='ltr'><strong>admirationem</strong></span> 
     </span>
    </p>
   </div>
   <div class='ocr_carea' id='block_1_31' title="bbox 173 1072 952 1109">
    <p class='ocr_par' dir='ltr' id='par_1_31' title="bbox 173 1072 952 1109">
     <span class='ocr_line' id='line_1_31' title="bbox 173 1072 952 1109; baseline 0.001 -9"><span class='ocrx_word' id='word_1_222' title='bbox 173 1072 311 1100; x_wconf 79' lang='lat' dir='ltr'><strong>excitavit.</strong></span> <span class='ocrx_word' id='word_1_223' title='bbox 330 1072 414 1099; x_wconf 76' lang='lat' dir='ltr'><strong>Batus</strong></span> <span class='ocrx_word' id='word_1_224' title='bbox 430 1080 489 1100; x_wconf 88' lang='lat' dir='ltr'><strong>sum</strong></span> <span class='ocrx_word' id='word_1_225' title='bbox 507 1079 595 1100; x_wconf 88' lang='lat' dir='ltr'><strong>autem</strong></span> <span class='ocrx_word' id='word_1_226' title='bbox 613 1074 769 1101; x_wconf 90' lang='lat' dir='ltr'><strong>nonnullum</strong></span> <span class='ocrx_word' id='word_1_227' title='bbox 786 1082 874 1109; x_wconf 70' lang='lat' dir='ltr'><strong>operm</strong></span> <span class='ocrx_word' id='word_1_228' title='bbox 890 1082 952 1108; x_wconf 87' lang='lat' dir='ltr'><strong>pre-</strong></span> 
     </span>
    </p>
   </div>
   <div class='ocr_carea' id='block_1_32' title="bbox 173 1118 953 1152">
    <p class='ocr_par' dir='ltr' id='par_1_32' title="bbox 173 1118 953 1152">
     <span class='ocr_line' id='line_1_32' title="bbox 173 1118 953 1152; baseline 0.001 -7"><span class='ocrx_word' id='word_1_229' title='bbox 173 1119 240 1146; x_wconf 90' lang='lat' dir='ltr'><strong>tium</strong></span> <span class='ocrx_word' id='word_1_230' title='bbox 266 1126 308 1146; x_wconf 92' lang='lat' dir='ltr'><strong>me</strong></span> <span class='ocrx_word' id='word_1_231' title='bbox 332 1119 482 1152; x_wconf 85' lang='lat' dir='ltr'><strong>laetorum,</strong></span> <span class='ocrx_word' id='word_1_232' title='bbox 504 1120 527 1146; x_wconf 79' lang='lat' dir='ltr'><strong>si</strong></span> <span class='ocrx_word' id='word_1_233' title='bbox 549 1118 624 1146; x_wconf 86' lang='lat' dir='ltr'><strong>vobis</strong></span> <span class='ocrx_word' id='word_1_234' title='bbox 646 1126 708 1146; x_wconf 88' lang='lat' dir='ltr'><strong>vere</strong></span> <span class='ocrx_word' id='word_1_235' title='bbox 731 1119 833 1146; x_wconf 84' lang='lat' dir='ltr'><strong>sanctis</strong></span> <span class='ocrx_word' id='word_1_236' title='bbox 854 1119 953 1146; x_wconf 82' lang='lat' dir='ltr'><strong>Christi</strong></span> 
     </span>
    </p>
   </div>
   <div class='ocr_carea' id='block_1_33' title="bbox 172 1163 954 1200">
    <p class='ocr_par' dir='ltr' id='par_1_33' title="bbox 172 1163 954 1200">
     <span class='ocr_line' id='line_1_33' title="bbox 172 1163 954 1200; baseline 0 -8"><span class='ocrx_word' id='word_1_237' title='bbox 172 1165 278 1200; x_wconf 75' lang='lat' dir='ltr'><strong>sponsis</strong></span> <span class='ocrx_word' id='word_1_238' title='bbox 293 1165 458 1199; x_wconf 84' lang='lat' dir='ltr'><strong>(quanquam</strong></span> <span class='ocrx_word' id='word_1_239' title='bbox 475 1163 507 1190; x_wconf 94' lang='lat' dir='ltr'><strong>ad</strong></span> <span class='ocrx_word' id='word_1_240' title='bbox 523 1164 636 1198; x_wconf 88' lang='lat' dir='ltr'><strong>quodvis</strong></span> <span class='ocrx_word' id='word_1_241' title='bbox 650 1171 718 1198; x_wconf 88' lang='lat' dir='ltr'><strong>opus</strong></span> <span class='ocrx_word' id='word_1_242' title='bbox 733 1163 833 1191; x_wconf 88' lang='lat' dir='ltr'><strong>bonum</strong></span> <span class='ocrx_word' id='word_1_243' title='bbox 850 1165 954 1192; x_wconf 90' lang='lat' dir='ltr'><strong>abunde</strong></span> 
     </span>
    </p>
   </div>
   <div class='ocr_carea' id='block_1_34' title="bbox 172 1210 954 1246">
    <p class='ocr_par' dir='ltr' id='par_1_34' title="bbox 172 1210 954 1246">
     <span class='ocr_line' id='line_1_34' title="bbox 172 1210 954 1246; baseline 0.003 -10"><span class='ocrx_word' id='word_1_244' title='bbox 172 1210 311 1237; x_wconf 71' lang='lat' dir='ltr'><strong>instructa:</strong></span> <span class='ocrx_word' id='word_1_245' title='bbox 324 1210 480 1246; x_wconf 80' lang='lat' dir='ltr'><strong>videamini)</strong></span> <span class='ocrx_word' id='word_1_246' title='bbox 495 1210 612 1238; x_wconf 87' lang='lat' dir='ltr'><strong>libellum</strong></span> <span class='ocrx_word' id='word_1_247' title='bbox 627 1210 714 1244; x_wconf 88' lang='lat' dir='ltr'><strong>hunc,</strong></span> <span class='ocrx_word' id='word_1_248' title='bbox 731 1218 783 1237; x_wconf 91' lang='lat' dir='ltr'><strong>non</strong></span> <span class='ocrx_word' id='word_1_249' title='bbox 799 1210 834 1237; x_wconf 91' lang='lat' dir='ltr'><strong>ita</strong></span> <span class='ocrx_word' id='word_1_250' title='bbox 851 1210 954 1244; x_wconf 80' lang='lat' dir='ltr'><strong>pridem</strong></span> 
     </span>
    </p>
   </div>
   <div class='ocr_carea' id='block_1_35' title="bbox 172 1255 953 1290">
    <p class='ocr_par' dir='ltr' id='par_1_35' title="bbox 172 1255 953 1290">
     <span class='ocr_line' id='line_1_35' title="bbox 172 1255 953 1290; baseline 0 -8"><span class='ocrx_word' id='word_1_251' title='bbox 172 1263 187 1282; x_wconf 84' lang='lat' dir='ltr'><strong>a</strong></span> <span class='ocrx_word' id='word_1_252' title='bbox 206 1263 248 1283; x_wconf 87' lang='lat' dir='ltr'><strong>tne</strong></span> <span class='ocrx_word' id='word_1_253' title='bbox 265 1256 449 1288; x_wconf 87' lang='lat' dir='ltr'><strong>elaboratum,</strong></span> <span class='ocrx_word' id='word_1_254' title='bbox 467 1255 539 1283; x_wconf 88' lang='lat' dir='ltr'><strong>velut</strong></span> <span class='ocrx_word' id='word_1_255' title='bbox 556 1255 677 1290; x_wconf 85' lang='lat' dir='ltr'><strong>spiritale</strong></span> <span class='ocrx_word' id='word_1_256' title='bbox 693 1256 826 1290; x_wconf 84' lang='lat' dir='ltr'><strong>quoddam</strong></span> <span class='ocrx_word' id='word_1_257' title='bbox 845 1257 953 1283; x_wconf 81' lang='lat' dir='ltr'><strong>xenium</strong></span> 
     </span>
    </p>
   </div>
   <div class='ocr_carea' id='block_1_36' title="bbox 171 1302 955 1336">
    <p class='ocr_par' dir='ltr' id='par_1_36' title="bbox 171 1302 955 1336">
     <span class='ocr_line' id='line_1_36' title="bbox 171 1302 955 1336; baseline 0 -8"><span class='ocrx_word' id='word_1_258' title='bbox 171 1309 356 1336; x_wconf 87' lang='lat' dir='ltr'><strong>nuncuparem</strong></span> <span class='ocrx_word' id='word_1_259' title='bbox 375 1310 383 1328; x_wconf 74' lang='grc' dir='ltr'><strong>ι</strong></span> <span class='ocrx_word' id='word_1_260' title='bbox 402 1302 447 1336; x_wconf 88' lang='lat' dir='ltr'><strong>qui</strong></span> <span class='ocrx_word' id='word_1_261' title='bbox 467 1302 574 1336; x_wconf 89' lang='lat' dir='ltr'><strong>quidem</strong></span> <span class='ocrx_word' id='word_1_262' title='bbox 595 1309 647 1328; x_wconf 90' lang='lat' dir='ltr'><strong>non</strong></span> <span class='ocrx_word' id='word_1_263' title='bbox 669 1302 908 1332; x_wconf 86' lang='lat' dir='ltr'><strong>contemnendum,</strong></span> <span class='ocrx_word' id='word_1_264' title='bbox 927 1306 955 1328; x_wconf 92' lang='lat' dir='ltr'><strong>ut</strong></span> 
     </span>
    </p>
   </div>
   <div class='ocr_carea' id='block_1_37' title="bbox 169 1347 952 1382">
    <p class='ocr_par' dir='ltr' id='par_1_37' title="bbox 169 1347 952 1382">
     <span class='ocr_line' id='line_1_37' title="bbox 169 1347 952 1382; baseline 0 -8"><span class='ocrx_word' id='word_1_265' title='bbox 169 1347 275 1382; x_wconf 84' lang='lat' dir='ltr'><strong>opinor,</strong></span> <span class='ocrx_word' id='word_1_266' title='bbox 299 1347 445 1375; x_wconf 83' lang='lat' dir='ltr'><strong>lectoribus</strong></span> <span class='ocrx_word' id='word_1_267' title='bbox 467 1348 595 1375; x_wconf 79' lang='lat' dir='ltr'><strong>allaturos</strong></span> <span class='ocrx_word' id='word_1_268' title='bbox 618 1352 661 1375; x_wconf 86' lang='lat' dir='ltr'><strong>est</strong></span> <span class='ocrx_word' id='word_1_269' title='bbox 683 1348 806 1375; x_wconf 90' lang='lat' dir='ltr'><strong>utilitatis</strong></span> <span class='ocrx_word' id='word_1_270' title='bbox 827 1348 952 1375; x_wconf 80' lang='lat' dir='ltr'><strong>fructum.</strong></span> 
     </span>
    </p>
   </div>
   <div class='ocr_carea' id='block_1_38' title="bbox 171 1393 954 1430">
    <p class='ocr_par' dir='ltr' id='par_1_38' title="bbox 171 1393 954 1430">
     <span class='ocr_line' id='line_1_38' title="bbox 171 1393 954 1430; baseline 0.001 -10"><span class='ocrx_word' id='word_1_271' title='bbox 171 1393 310 1429; x_wconf 85' lang='lat' dir='ltr'><strong>Siquidem</strong></span> <span class='ocrx_word' id='word_1_272' title='bbox 330 1401 391 1426; x_wconf 90' lang='lat' dir='ltr'><strong>eos,</strong></span> <span class='ocrx_word' id='word_1_273' title='bbox 409 1395 454 1427; x_wconf 86' lang='lat' dir='ltr'><strong>qui</strong></span> <span class='ocrx_word' id='word_1_274' title='bbox 475 1400 547 1422; x_wconf 87' lang='lat' dir='ltr'><strong>recte</strong></span> <span class='ocrx_word' id='word_1_275' title='bbox 567 1403 664 1430; x_wconf 79' lang='lat' dir='ltr'><strong>sapere</strong></span> <span class='ocrx_word' id='word_1_276' title='bbox 683 1395 884 1427; x_wconf 78' lang='lat' dir='ltr'><strong>dedidicerurit,</strong></span> <span class='ocrx_word' id='word_1_277' title='bbox 904 1395 954 1421; x_wconf 84' lang='lat' dir='ltr'><strong>hoc</strong></span> 
     </span>
    </p>
   </div>
   <div class='ocr_carea' id='block_1_39' title="bbox 170 1439 954 1474">
    <p class='ocr_par' dir='ltr' id='par_1_39' title="bbox 170 1439 954 1474">
     <span class='ocr_line' id='line_1_39' title="bbox 170 1439 954 1474; baseline -0.001 -7"><span class='ocrx_word' id='word_1_278' title='bbox 170 1445 229 1472; x_wconf 85' lang='lat' dir='ltr'><strong>est,</strong></span> <span class='ocrx_word' id='word_1_279' title='bbox 247 1440 345 1473; x_wconf 85' lang='lat' dir='ltr'><strong>quibus</strong></span> <span class='ocrx_word' id='word_1_280' title='bbox 363 1440 398 1467; x_wconf 85' lang='lat' dir='ltr'><strong>ita</strong></span> <span class='ocrx_word' id='word_1_281' title='bbox 418 1447 576 1474; x_wconf 87' lang='lat' dir='ltr'><strong>persuasum</strong></span> <span class='ocrx_word' id='word_1_282' title='bbox 596 1445 638 1467; x_wconf 89' lang='lat' dir='ltr'><strong>est</strong></span> <span class='ocrx_word' id='word_1_283' title='bbox 656 1439 689 1467; x_wconf 91' lang='lat' dir='ltr'><strong>de</strong></span> <span class='ocrx_word' id='word_1_284' title='bbox 706 1441 816 1468; x_wconf 79' lang='lat' dir='ltr'><strong>Christo</strong></span> <span class='ocrx_word' id='word_1_285' title='bbox 835 1441 954 1467; x_wconf 88' lang='lat' dir='ltr'><strong>omnium</strong></span> 
     </span>
    </p>
   </div>
   <div class='ocr_carea' id='block_1_40' title="bbox 171 1485 953 1520">
    <p class='ocr_par' dir='ltr' id='par_1_40' title="bbox 171 1485 953 1520">
     <span class='ocr_line' id='line_1_40' title="bbox 171 1485 953 1520; baseline 0 -8"><span class='ocrx_word' id='word_1_286' title='bbox 171 1485 321 1516; x_wconf 82' lang='lat' dir='ltr'><strong>Salvatnre.</strong></span> <span class='ocrx_word' id='word_1_287' title='bbox 339 1486 364 1512; x_wconf 93' lang='lat' dir='ltr'><strong>in</strong></span> <span class='ocrx_word' id='word_1_288' title='bbox 380 1486 450 1513; x_wconf 88' lang='lat' dir='ltr'><strong>viam</strong></span> <span class='ocrx_word' id='word_1_289' title='bbox 466 1486 587 1518; x_wconf 85' lang='lat' dir='ltr'><strong>reducet,</strong></span> <span class='ocrx_word' id='word_1_290' title='bbox 603 1491 631 1513; x_wconf 93' lang='lat' dir='ltr'><strong>et</strong></span> <span class='ocrx_word' id='word_1_291' title='bbox 644 1487 677 1513; x_wconf 88' lang='lat' dir='ltr'><strong>ad</strong></span> <span class='ocrx_word' id='word_1_292' title='bbox 691 1494 781 1513; x_wconf 87' lang='lat' dir='ltr'><strong>veram</strong></span> <span class='ocrx_word' id='word_1_293' title='bbox 795 1486 953 1520; x_wconf 82' lang='lat' dir='ltr'><strong>sapientiam</strong></span> 
     </span>
    </p>
   </div>
   <div class='ocr_carea' id='block_1_41' title="bbox 171 1529 952 1565">
    <p class='ocr_par' dir='ltr' id='par_1_41' title="bbox 171 1529 952 1565">
     <span class='ocr_line' id='line_1_41' title="bbox 171 1529 952 1565; baseline 0.001 -9"><span class='ocrx_word' id='word_1_294' title='bbox 171 1529 295 1557; x_wconf 88' lang='lat' dir='ltr'><strong>instituet</strong></span> <span class='ocrx_word' id='word_1_295' title='bbox 313 1539 319 1557; x_wconf 86' lang='lat'><strong>:</strong></span> <span class='ocrx_word' id='word_1_296' title='bbox 338 1535 451 1558; x_wconf 70' lang='lat' dir='ltr'><strong>czeteros</strong></span> <span class='ocrx_word' id='word_1_297' title='bbox 468 1538 547 1562; x_wconf 84' lang='lat' dir='ltr'><strong>vero.</strong></span> <span class='ocrx_word' id='word_1_298' title='bbox 565 1530 609 1565; x_wconf 88' lang='lat' dir='ltr'><strong>qui</strong></span> <span class='ocrx_word' id='word_1_299' title='bbox 627 1537 730 1558; x_wconf 90' lang='lat' dir='ltr'><strong>rectum</strong></span> <span class='ocrx_word' id='word_1_300' title='bbox 747 1531 828 1558; x_wconf 87' lang='lat' dir='ltr'><strong>animi</strong></span> <span class='ocrx_word' id='word_1_301' title='bbox 846 1539 952 1558; x_wconf 87' lang='lat' dir='ltr'><strong>sensum</strong></span> 
     </span>
    </p>
   </div>
   <div class='ocr_carea' id='block_1_42' title="bbox 171 1575 955 1611">
    <p class='ocr_par' dir='ltr' id='par_1_42' title="bbox 171 1575 955 1611">
     <span class='ocr_line' id='line_1_42' title="bbox 171 1575 955 1611; baseline 0.001 -9"><span class='ocrx_word' id='word_1_302' title='bbox 171 1575 280 1608; x_wconf 82' lang='lat' dir='ltr'><strong>habent,</strong></span> <span class='ocrx_word' id='word_1_303' title='bbox 294 1581 320 1604; x_wconf 86' lang='lat' dir='ltr'><strong>et</strong></span> <span class='ocrx_word' id='word_1_304' title='bbox 334 1577 360 1603; x_wconf 93' lang='lat' dir='ltr'><strong>iu</strong></span> <span class='ocrx_word' id='word_1_305' title='bbox 373 1577 495 1604; x_wconf 83' lang='lat' dir='ltr'><strong>veritatis</strong></span> <span class='ocrx_word' id='word_1_306' title='bbox 507 1577 628 1604; x_wconf 87' lang='lat' dir='ltr'><strong>doctrina</strong></span> <span class='ocrx_word' id='word_1_307' title='bbox 645 1578 800 1611; x_wconf 86' lang='lat' dir='ltr'><strong>persislunt,</strong></span> <span class='ocrx_word' id='word_1_308' title='bbox 813 1577 897 1604; x_wconf 83' lang='lat' dir='ltr'><strong>variis</strong></span> <span class='ocrx_word' id='word_1_309' title='bbox 910 1585 955 1604; x_wconf 89' lang='lat' dir='ltr'><strong>ar-</strong></span> 
     </span>
    </p>
   </div>
   <div class='ocr_carea' id='block_1_43' title="bbox 172 1622 953 1656">
    <p class='ocr_par' dir='ltr' id='par_1_43' title="bbox 172 1622 953 1656">
     <span class='ocr_line' id='line_1_43' title="bbox 172 1622 953 1656; baseline 0.001 -9"><span class='ocrx_word' id='word_1_310' title='bbox 172 1626 361 1656; x_wconf 74' lang='lat' dir='ltr'><strong>gumentorum</strong></span> <span class='ocrx_word' id='word_1_311' title='bbox 377 1627 404 1649; x_wconf 89' lang='lat' dir='ltr'><strong>et</strong></span> <span class='ocrx_word' id='word_1_312' title='bbox 421 1623 617 1650; x_wconf 88' lang='lat' dir='ltr'><strong>sententiarum</strong></span> <span class='ocrx_word' id='word_1_313' title='bbox 635 1623 767 1654; x_wconf 88' lang='lat' dir='ltr'><strong>inventis,</strong></span> <span class='ocrx_word' id='word_1_314' title='bbox 785 1622 953 1648; x_wconf 85' lang='lat' dir='ltr'><strong>divinarum-</strong></span> 
     </span>
    </p>
   </div>
   <div class='ocr_carea' id='block_1_44' title="bbox 171 1667 953 1703">
    <p class='ocr_par' dir='ltr' id='par_1_44' title="bbox 171 1667 953 1703">
     <span class='ocr_line' id='line_1_44' title="bbox 171 1667 953 1703; baseline 0 -9"><span class='ocrx_word' id='word_1_315' title='bbox 171 1675 225 1703; x_wconf 88' lang='lat' dir='ltr'><strong>que</strong></span> <span class='ocrx_word' id='word_1_316' title='bbox 241 1668 444 1702; x_wconf 88' lang='lat' dir='ltr'><strong>Scripturarum</strong></span> <span class='ocrx_word' id='word_1_317' title='bbox 460 1668 736 1695; x_wconf 82' lang='lat' dir='ltr'><strong>demonstrationibus</strong></span> <span class='ocrx_word' id='word_1_318' title='bbox 751 1667 778 1694; x_wconf 91' lang='lat' dir='ltr'><strong>in</strong></span> <span class='ocrx_word' id='word_1_319' title='bbox 794 1667 845 1694; x_wconf 83' lang='lat' dir='ltr'><strong>ﬁde</strong></span> <span class='ocrx_word' id='word_1_320' title='bbox 861 1675 953 1694; x_wconf 92' lang='lat' dir='ltr'><strong>corro-</strong></span> 
     </span>
    </p>
   </div>
   <div class='ocr_carea' id='block_1_45' title="bbox 171 1713 955 1741">
    <p class='ocr_par' dir='ltr' id='par_1_45' title="bbox 171 1713 955 1741">
     <span class='ocr_line' id='line_1_45' title="bbox 171 1713 955 1741; baseline -0.004 0"><span class='ocrx_word' id='word_1_321' title='bbox 171 1714 287 1741; x_wconf 89' lang='lat' dir='ltr'><strong>borabit.</strong></span> <span class='ocrx_word' id='word_1_322' title='bbox 312 1713 379 1741; x_wconf 88' lang='lat' dir='ltr'><strong>Hinc</strong></span> <span class='ocrx_word' id='word_1_323' title='bbox 402 1714 502 1741; x_wconf 85' lang='lat' dir='ltr'><strong>etenim</strong></span> <span class='ocrx_word' id='word_1_324' title='bbox 529 1717 555 1740; x_wconf 84' lang='lat' dir='ltr'><strong>et</strong></span> <span class='ocrx_word' id='word_1_325' title='bbox 580 1713 781 1739; x_wconf 88' lang='lat' dir='ltr'><strong>Emmanuelem</strong></span> <span class='ocrx_word' id='word_1_326' title='bbox 805 1720 898 1739; x_wconf 89' lang='lat' dir='ltr'><strong>verum</strong></span> <span class='ocrx_word' id='word_1_327' title='bbox 923 1720 955 1739; x_wconf 87' lang='lat' dir='ltr'><strong>ac</strong></span> 
     </span>
    </p>
   </div>
   <div class='ocr_carea' id='block_1_46' title="bbox 171 1756 956 1792">
    <p class='ocr_par' dir='ltr' id='par_1_46' title="bbox 171 1756 956 1792">
     <span class='ocr_line' id='line_1_46' title="bbox 171 1756 956 1792; baseline -0.003 -6"><span class='ocrx_word' id='word_1_328' title='bbox 171 1758 320 1786; x_wconf 77' lang='lat' dir='ltr'><strong>naturalem</strong></span> <span class='ocrx_word' id='word_1_329' title='bbox 335 1758 429 1790; x_wconf 90' lang='lat' dir='ltr'><strong>Deum,</strong></span> <span class='ocrx_word' id='word_1_330' title='bbox 441 1763 468 1785; x_wconf 90' lang='lat' dir='ltr'><strong>et</strong></span> <span class='ocrx_word' id='word_1_331' title='bbox 478 1756 616 1792; x_wconf 80' lang='lat' dir='ltr'><strong>Virginem</strong></span> <span class='ocrx_word' id='word_1_332' title='bbox 630 1764 748 1789; x_wconf 88' lang='lat' dir='ltr'><strong>rursum,</strong></span> <span class='ocrx_word' id='word_1_333' title='bbox 761 1765 820 1792; x_wconf 73' lang='lat' dir='ltr'><strong>qua:</strong></span> <span class='ocrx_word' id='word_1_334' title='bbox 833 1764 894 1784; x_wconf 91' lang='lat' dir='ltr'><strong>eum</strong></span> <span class='ocrx_word' id='word_1_335' title='bbox 909 1764 956 1790; x_wconf 90' lang='lat' dir='ltr'><strong>pe-</strong></span> 
     </span>
    </p>
   </div>
   <div class='ocr_carea' id='block_1_47' title="bbox 171 1803 953 1839">
    <p class='ocr_par' dir='ltr' id='par_1_47' title="bbox 171 1803 953 1839">
     <span class='ocr_line' id='line_1_47' title="bbox 171 1803 953 1839; baseline -0.003 -8"><span class='ocrx_word' id='word_1_336' title='bbox 171 1805 239 1839; x_wconf 87' lang='lat' dir='ltr'><strong>perit</strong></span> <span class='ocrx_word' id='word_1_337' title='bbox 250 1825 257 1836; x_wconf 89' lang='lat'><strong>,</strong></span> <span class='ocrx_word' id='word_1_338' title='bbox 272 1812 362 1831; x_wconf 86' lang='lat' dir='ltr'><strong>veram</strong></span> <span class='ocrx_word' id='word_1_339' title='bbox 377 1808 489 1838; x_wconf 87' lang='lat' dir='ltr'><strong>propter</strong></span> <span class='ocrx_word' id='word_1_340' title='bbox 503 1803 589 1838; x_wconf 87' lang='lat' dir='ltr'><strong>ipsum</strong></span> <span class='ocrx_word' id='word_1_341' title='bbox 605 1803 745 1837; x_wconf 85' lang='lat' dir='ltr'><strong>Deiparam</strong></span> <span class='ocrx_word' id='word_1_342' title='bbox 760 1810 830 1835; x_wconf 86' lang='lat' dir='ltr'><strong>esse,</strong></span> <span class='ocrx_word' id='word_1_343' title='bbox 845 1804 953 1838; x_wconf 87' lang='lat' dir='ltr'><strong>planum</strong></span> 
     </span>
    </p>
   </div>
   <div class='ocr_carea' id='block_1_48' title="bbox 173 1848 955 1885">
    <p class='ocr_par' dir='ltr' id='par_1_48' title="bbox 173 1848 955 1885">
     <span class='ocr_line' id='line_1_48' title="bbox 173 1848 955 1885; baseline -0.003 -8"><span class='ocrx_word' id='word_1_344' title='bbox 173 1851 227 1878; x_wconf 86' lang='lat' dir='ltr'><strong>lict.</strong></span> <span class='ocrx_word' id='word_1_345' title='bbox 245 1851 273 1878; x_wconf 88' lang='lat' dir='ltr'><strong>Si</strong></span> <span class='ocrx_word' id='word_1_346' title='bbox 291 1850 337 1885; x_wconf 89' lang='lat' dir='ltr'><strong>qui</strong></span> <span class='ocrx_word' id='word_1_347' title='bbox 355 1854 445 1877; x_wconf 88' lang='lat' dir='ltr'><strong>autem</strong></span> <span class='ocrx_word' id='word_1_348' title='bbox 464 1854 541 1882; x_wconf 88' lang='lat' dir='ltr'><strong>sunt,</strong></span> <span class='ocrx_word' id='word_1_349' title='bbox 559 1850 604 1884; x_wconf 89' lang='lat' dir='ltr'><strong>qui</strong></span> <span class='ocrx_word' id='word_1_350' title='bbox 623 1849 694 1876; x_wconf 88' lang='lat' dir='ltr'><strong>istud</strong></span> <span class='ocrx_word' id='word_1_351' title='bbox 711 1849 812 1876; x_wconf 73' lang='lat' dir='ltr'><strong>sentire</strong></span> <span class='ocrx_word' id='word_1_352' title='bbox 828 1854 854 1875; x_wconf 88' lang='lat' dir='ltr'><strong>et</strong></span> <span class='ocrx_word' id='word_1_353' title='bbox 873 1848 955 1883; x_wconf 82' lang='lat' dir='ltr'><strong>proli-</strong></span> 
     </span>
    </p>
   </div>
   <div class='ocr_carea' id='block_1_49' title="bbox 171 1894 955 1930">
    <p class='ocr_par' dir='ltr' id='par_1_49' title="bbox 171 1894 955 1930">
     <span class='ocr_line' id='line_1_49' title="bbox 171 1894 955 1930; baseline -0.001 -8"><span class='ocrx_word' id='word_1_354' title='bbox 171 1896 220 1923; x_wconf 86' lang='lat' dir='ltr'><strong>teri</strong></span> <span class='ocrx_word' id='word_1_355' title='bbox 243 1900 382 1929; x_wconf 87' lang='lat' dir='ltr'><strong>verentur,</strong></span> <span class='ocrx_word' id='word_1_356' title='bbox 404 1896 430 1922; x_wconf 90' lang='lat' dir='ltr'><strong>hi</strong></span> <span class='ocrx_word' id='word_1_357' title='bbox 452 1895 614 1930; x_wconf 84' lang='lat' dir='ltr'><strong>profundum</strong></span> <span class='ocrx_word' id='word_1_358' title='bbox 638 1894 701 1921; x_wconf 91' lang='lat' dir='ltr'><strong>illud</strong></span> <span class='ocrx_word' id='word_1_359' title='bbox 722 1894 831 1929; x_wconf 87' lang='lat' dir='ltr'><strong>pietatis</strong></span> <span class='ocrx_word' id='word_1_360' title='bbox 854 1899 955 1929; x_wconf 80' lang='lat' dir='ltr'><strong>myste-</strong></span> 
     </span>
    </p>
   </div>
   <div class='ocr_carea' id='block_1_50' title="bbox 171 1941 955 1976">
    <p class='ocr_par' dir='ltr' id='par_1_50' title="bbox 171 1941 955 1976">
     <span class='ocr_line' id='line_1_50' title="bbox 171 1941 955 1976; baseline -0.004 -7"><span class='ocrx_word' id='word_1_361' title='bbox 171 1943 258 1974; x_wconf 91' lang='lat' dir='ltr'><strong>rium,</strong></span> <span class='ocrx_word' id='word_1_362' title='bbox 274 1947 302 1968; x_wconf 90' lang='lat' dir='ltr'><strong>ut</strong></span> <span class='ocrx_word' id='word_1_363' title='bbox 318 1949 384 1969; x_wconf 86' lang='lat' dir='ltr'><strong>sane</strong></span> <span class='ocrx_word' id='word_1_364' title='bbox 397 1941 512 1974; x_wconf 88' lang='lat' dir='ltr'><strong>videtur,</strong></span> <span class='ocrx_word' id='word_1_365' title='bbox 528 1949 696 1976; x_wconf 87' lang='lat' dir='ltr'><strong>nequaquam</strong></span> <span class='ocrx_word' id='word_1_366' title='bbox 711 1942 875 1975; x_wconf 85' lang='lat' dir='ltr'><strong>expendunt.</strong></span> <span class='ocrx_word' id='word_1_367' title='bbox 891 1941 955 1967; x_wconf 84' lang='lat' dir='ltr'><strong>Per-</strong></span> 
     </span>
    </p>
   </div>
   <div class='ocr_carea' id='block_1_51' title="bbox 171 1986 956 2021">
    <p class='ocr_par' dir='ltr' id='par_1_51' title="bbox 171 1986 956 2021">
     <span class='ocr_line' id='line_1_51' title="bbox 171 1986 956 2021; baseline 0 -7"><span class='ocrx_word' id='word_1_368' title='bbox 171 1988 355 2015; x_wconf 85' lang='lat' dir='ltr'><strong>necessarium</strong></span> <span class='ocrx_word' id='word_1_369' title='bbox 382 1992 471 2014; x_wconf 88' lang='lat' dir='ltr'><strong>autem</strong></span> <span class='ocrx_word' id='word_1_370' title='bbox 497 1988 616 2020; x_wconf 87' lang='lat' dir='ltr'><strong>judicavi</strong></span> <span class='ocrx_word' id='word_1_371' title='bbox 643 1995 673 2014; x_wconf 89' lang='lat' dir='ltr'><strong>ea</strong></span> <span class='ocrx_word' id='word_1_372' title='bbox 700 1987 794 2021; x_wconf 79' lang='lat' dir='ltr'><strong>paucis</strong></span> <span class='ocrx_word' id='word_1_373' title='bbox 820 1987 871 2014; x_wconf 89' lang='lat' dir='ltr'><strong>hoc</strong></span> <span class='ocrx_word' id='word_1_374' title='bbox 898 1986 956 2014; x_wconf 85' lang='lat' dir='ltr'><strong>loco</strong></span> 
     </span>
    </p>
   </div>
   <div class='ocr_carea' id='block_1_52' title="bbox 171 2032 954 2069">
    <p class='ocr_par' dir='ltr' id='par_1_52' title="bbox 171 2032 954 2069">
     <span class='ocr_line' id='line_1_52' title="bbox 171 2032 954 2069; baseline -0.001 -9"><span class='ocrx_word' id='word_1_375' title='bbox 171 2039 304 2068; x_wconf 87' lang='lat' dir='ltr'><strong>repetere,</strong></span> <span class='ocrx_word' id='word_1_376' title='bbox 316 2042 376 2068; x_wconf 77' lang='lat' dir='ltr'><strong>qnze</strong></span> <span class='ocrx_word' id='word_1_377' title='bbox 387 2034 500 2069; x_wconf 88' lang='lat' dir='ltr'><strong>apostoli</strong></span> <span class='ocrx_word' id='word_1_378' title='bbox 513 2038 541 2061; x_wconf 87' lang='lat' dir='ltr'><strong>et</strong></span> <span class='ocrx_word' id='word_1_379' title='bbox 553 2032 726 2068; x_wconf 57' lang='lat' dir='ltr'><strong>evangelista</strong></span> <span class='ocrx_word' id='word_1_380' title='bbox 739 2034 770 2060; x_wconf 88' lang='lat' dir='ltr'><strong>de</strong></span> <span class='ocrx_word' id='word_1_381' title='bbox 781 2033 835 2068; x_wconf 68' lang='grc'><strong>44</strong></span> <span class='ocrx_word' id='word_1_382' title='bbox 846 2032 954 2060; x_wconf 88' lang='lat' dir='ltr'><strong>Christo</strong></span> 
     </span>
    </p>
   </div>
   <div class='ocr_carea' id='block_1_53' title="bbox 1043 705 1802 744">
    <p class='ocr_par' dir='ltr' id='par_1_53' title="bbox 1043 705 1802 744">
     <span class='ocr_line' id='line_1_53' title="bbox 1043 705 1802 744; baseline -0.007 -8"><span class='ocrx_word' id='word_1_383' title='bbox 1043 709 1079 736; x_wconf 83' lang='lat' dir='ltr'><strong>B&#39;.</strong></span> <span class='ocrx_word' id='word_1_384' title='bbox 1100 708 1204 736; x_wconf 74' lang='grc' dir='ltr'>Οὐκοῦν</span> <span class='ocrx_word' id='word_1_385' title='bbox 1230 707 1296 744; x_wconf 87' lang='grc' dir='ltr'><strong>(ὲρῶ</strong></span> <span class='ocrx_word' id='word_1_386' title='bbox 1309 707 1363 743; x_wconf 84' lang='grc' dir='ltr'>γάρ</span> <span class='ocrx_word' id='word_1_387' title='bbox 1378 715 1405 734; x_wconf 87' lang='grc' dir='ltr'><strong>τι</strong></span> <span class='ocrx_word' id='word_1_388' title='bbox 1419 706 1509 734; x_wconf 77' lang='grc' dir='ltr'><strong>λαὸὼν</strong></span> <span class='ocrx_word' id='word_1_389' title='bbox 1523 706 1569 732; x_wconf 74' lang='grc' dir='ltr'><strong>καὶ</strong></span> <span class='ocrx_word' id='word_1_390' title='bbox 1584 707 1617 733; x_wconf 82' lang='grc' dir='ltr'><strong>ἐκ</strong></span> <span class='ocrx_word' id='word_1_391' title='bbox 1639 706 1696 732; x_wconf 78' lang='grc' dir='ltr'>τῶν</span> <span class='ocrx_word' id='word_1_392' title='bbox 1717 705 1802 740; x_wconf 76' lang='grc' dir='ltr'>ἱερῶν</span> 
     </span>
    </p>
   </div>
   <div class='ocr_carea' id='block_1_54' title="bbox 1008 753 1801 796">
    <p class='ocr_par' dir='ltr' id='par_1_54' title="bbox 1008 753 1801 796">
     <span class='ocr_line' id='line_1_54' title="bbox 1008 753 1801 796; baseline -0.003 -15"><span class='ocrx_word' id='word_1_393' title='bbox 1008 755 1197 791; x_wconf 83' lang='grc' dir='ltr'>Γραμμάτων)</span> <span class='ocrx_word' id='word_1_394' title='bbox 1220 764 1229 781; x_wconf 76' lang='grc' dir='ltr'><strong>ί</strong></span> <span class='ocrx_word' id='word_1_395' title='bbox 1248 754 1364 789; x_wconf 86' lang='grc' dir='ltr'>Χαίρετε</span> <span class='ocrx_word' id='word_1_396' title='bbox 1388 754 1426 796; x_wconf 54' lang='grc' dir='ltr'><strong>ἐνι</strong></span> <span class='ocrx_word' id='word_1_397' title='bbox 1442 753 1536 788; x_wconf 81' lang='grc' dir='ltr'>Κυρίῳ</span> <span class='ocrx_word' id='word_1_398' title='bbox 1552 753 1688 780; x_wconf 68' lang='grc' dir='ltr'><strong>πὰντοτε⁹</strong></span> <span class='ocrx_word' id='word_1_399' title='bbox 1716 753 1801 779; x_wconf 74' lang='grc' dir='ltr'>πάλιν</span> 
     </span>
    </p>
   </div>
   <div class='ocr_carea' id='block_1_55' title="bbox 1007 798 1801 836">
    <p class='ocr_par' dir='ltr' id='par_1_55' title="bbox 1007 798 1801 836">
     <span class='ocr_line' id='line_1_55' title="bbox 1007 798 1801 836; baseline -0.005 -9"><span class='ocrx_word' id='word_1_400' title='bbox 1007 800 1072 835; x_wconf 88' lang='grc' dir='ltr'><strong>ὲρῶ,</strong></span> <span class='ocrx_word' id='word_1_401' title='bbox 1097 801 1216 836; x_wconf 78' lang='grc' dir='ltr'><strong>χαίρετε.</strong></span> <span class='ocrx_word' id='word_1_402' title='bbox 1239 800 1276 826; x_wconf 83' lang='grc' dir='ltr'>Τὸ</span> <span class='ocrx_word' id='word_1_403' title='bbox 1297 799 1418 830; x_wconf 74' lang='grc' dir='ltr'>ἐπιεικὲς</span> <span class='ocrx_word' id='word_1_404' title='bbox 1441 799 1518 834; x_wconf 82' lang='grc' dir='ltr'>ὑμῶν</span> <span class='ocrx_word' id='word_1_405' title='bbox 1540 798 1693 833; x_wconf 84' lang='grc' dir='ltr'><strong>γνωσθήτω</strong></span> <span class='ocrx_word' id='word_1_406' title='bbox 1714 799 1801 824; x_wconf 73' lang='grc' dir='ltr'>πᾶσιν</span> 
     </span>
    </p>
   </div>
   <div class='ocr_carea' id='block_1_56' title="bbox 1008 841 1798 882">
    <p class='ocr_par' dir='ltr' id='par_1_56' title="bbox 1008 841 1798 882">
     <span class='ocr_line' id='line_1_56' title="bbox 1008 841 1798 882; baseline -0.004 -10"><span class='ocrx_word' id='word_1_407' title='bbox 1008 845 1170 882; x_wconf 83' lang='grc' dir='ltr'>ἀνορώποις.</span> <span class='ocrx_word' id='word_1_408' title='bbox 1195 855 1205 872; x_wconf 71' lang='grc' dir='ltr'>ι</span> <span class='ocrx_word' id='word_1_409' title='bbox 1231 844 1368 879; x_wconf 79' lang='grc' dir='ltr'>Ἐγνώσθη</span> <span class='ocrx_word' id='word_1_410' title='bbox 1395 845 1443 879; x_wconf 82' lang='grc' dir='ltr'>μὲν</span> <span class='ocrx_word' id='word_1_411' title='bbox 1460 841 1518 875; x_wconf 81' lang='grc' dir='ltr'>οὖν,</span> <span class='ocrx_word' id='word_1_412' title='bbox 1537 844 1584 870; x_wconf 82' lang='grc' dir='ltr'><strong>καὶ</strong></span> <span class='ocrx_word' id='word_1_413' title='bbox 1606 843 1798 878; x_wconf 75' lang='grc' dir='ltr'>διαὸεὗόηται,</span> 
     </span>
    </p>
   </div>
   <div class='ocr_carea' id='block_1_57' title="bbox 1007 889 1799 925">
    <p class='ocr_par' dir='ltr' id='par_1_57' title="bbox 1007 889 1799 925">
     <span class='ocr_line' id='line_1_57' title="bbox 1007 889 1799 925; baseline -0.004 -7"><span class='ocrx_word' id='word_1_414' title='bbox 1007 891 1055 918; x_wconf 71' lang='grc' dir='ltr'>καὶ</span> <span class='ocrx_word' id='word_1_415' title='bbox 1076 893 1131 922; x_wconf 68' lang='grc' dir='ltr'>τοῖς</span> <span class='ocrx_word' id='word_1_416' title='bbox 1150 891 1201 918; x_wconf 81' lang='grc' dir='ltr'><strong>ἀνὰ</strong></span> <span class='ocrx_word' id='word_1_417' title='bbox 1218 892 1308 918; x_wconf 81' lang='grc' dir='ltr'>πᾶσαν</span> <span class='ocrx_word' id='word_1_418' title='bbox 1333 889 1425 925; x_wconf 84' lang='grc' dir='ltr'>χώραν</span> <span class='ocrx_word' id='word_1_419' title='bbox 1441 899 1472 917; x_wconf 83' lang='grc' dir='ltr'><strong>τε</strong></span> <span class='ocrx_word' id='word_1_420' title='bbox 1486 890 1533 917; x_wconf 73' lang='grc' dir='ltr'><strong>καὶ</strong></span> <span class='ocrx_word' id='word_1_421' title='bbox 1556 889 1644 921; x_wconf 80' lang='grc' dir='ltr'>πόλιν,</span> <span class='ocrx_word' id='word_1_422' title='bbox 1668 889 1799 925; x_wconf 77' lang='grc' dir='ltr'>καθάπερ</span> 
     </span>
    </p>
   </div>
   <div class='ocr_carea' id='block_1_58' title="bbox 1006 936 1796 972">
    <p class='ocr_par' dir='ltr' id='par_1_58' title="bbox 1006 936 1796 972">
     <span class='ocr_line' id='line_1_58' title="bbox 1006 936 1796 972; baseline -0.001 -9"><span class='ocrx_word' id='word_1_423' title='bbox 1006 946 1048 968; x_wconf 84' lang='grc' dir='ltr'><strong>τις</strong></span> <span class='ocrx_word' id='word_1_424' title='bbox 1064 937 1145 963; x_wconf 74' lang='grc' dir='ltr'>εἰκὼν</span> <span class='ocrx_word' id='word_1_425' title='bbox 1153 937 1261 972; x_wconf 83' lang='grc' dir='ltr'>γραφὴν</span> <span class='ocrx_word' id='word_1_426' title='bbox 1275 936 1372 971; x_wconf 78' lang='grc' dir='ltr'>ἔχουσα</span> <span class='ocrx_word' id='word_1_427' title='bbox 1386 937 1436 972; x_wconf 83' lang='grc' dir='ltr'>τῆς</span> <span class='ocrx_word' id='word_1_428' title='bbox 1451 937 1491 968; x_wconf 84' lang='grc' dir='ltr'><strong>είς</strong></span> <span class='ocrx_word' id='word_1_429' title='bbox 1505 936 1623 972; x_wconf 81' lang='grc' dir='ltr'>Χριστὸν</span> <span class='ocrx_word' id='word_1_430' title='bbox 1638 936 1796 968; x_wconf 71' lang='grc' dir='ltr'>εὐσεϐείας,</span> 
     </span>
    </p>
   </div>
   <div class='ocr_carea' id='block_1_59' title="bbox 1006 981 1798 1018">
    <p class='ocr_par' dir='ltr' id='par_1_59' title="bbox 1006 981 1798 1018">
     <span class='ocr_line' id='line_1_59' title="bbox 1006 981 1798 1018; baseline -0.001 -10"><span class='ocrx_word' id='word_1_431' title='bbox 1006 982 1037 1009; x_wconf 81' lang='grc' dir='ltr'>τὺ</span> <span class='ocrx_word' id='word_1_432' title='bbox 1063 983 1159 1014; x_wconf 75' lang='grc' dir='ltr'>καλλος</span> <span class='ocrx_word' id='word_1_433' title='bbox 1189 983 1336 1017; x_wconf 78' lang='grc' dir='ltr'><strong>διέλαμψεν</strong></span> <span class='ocrx_word' id='word_1_434' title='bbox 1375 983 1516 1018; x_wconf 75' lang='grc' dir='ltr'>ἐναργῶς,</span> <span class='ocrx_word' id='word_1_435' title='bbox 1548 982 1595 1008; x_wconf 72' lang='grc' dir='ltr'><strong>καὶ</strong></span> <span class='ocrx_word' id='word_1_436' title='bbox 1619 981 1668 1008; x_wconf 84' lang='grc' dir='ltr'>τοῦ</span> <span class='ocrx_word' id='word_1_437' title='bbox 1695 981 1798 1012; x_wconf 49' lang='lat' dir='ltr'><strong>iuvre;</strong></span> 
     </span>
    </p>
   </div>
   <div class='ocr_carea' id='block_1_60' title="bbox 1006 1027 1797 1064">
    <p class='ocr_par' dir='ltr' id='par_1_60' title="bbox 1006 1027 1797 1064">
     <span class='ocr_line' id='line_1_60' title="bbox 1006 1027 1797 1064; baseline 0.001 -10"><span class='ocrx_word' id='word_1_438' title='bbox 1006 1028 1108 1063; x_wconf 71' lang='grc' dir='ltr'>ἠξιώθη</span> <span class='ocrx_word' id='word_1_439' title='bbox 1125 1028 1271 1063; x_wconf 82' lang='grc' dir='ltr'>θαύματος.</span> <span class='ocrx_word' id='word_1_440' title='bbox 1294 1028 1391 1064; x_wconf 84' lang='grc' dir='ltr'>ᾭήοην</span> <span class='ocrx_word' id='word_1_441' title='bbox 1406 1028 1434 1054; x_wconf 83' lang='grc' dir='ltr'>δὲ</span> <span class='ocrx_word' id='word_1_442' title='bbox 1449 1028 1503 1054; x_wconf 85' lang='grc' dir='ltr'><strong>δεῖν</strong></span> <span class='ocrx_word' id='word_1_443' title='bbox 1522 1028 1569 1054; x_wconf 77' lang='grc' dir='ltr'>καὶ</span> <span class='ocrx_word' id='word_1_444' title='bbox 1580 1029 1640 1059; x_wconf 82' lang='grc' dir='ltr'>ταῖς</span> <span class='ocrx_word' id='word_1_445' title='bbox 1659 1027 1732 1062; x_wconf 80' lang='grc' dir='ltr'>πρὸς</span> <span class='ocrx_word' id='word_1_446' title='bbox 1743 1028 1797 1053; x_wconf 59' lang='lat' dir='ltr'><strong>xiv</strong></span> 
     </span>
    </p>
   </div>
   <div class='ocr_carea' id='block_1_61' title="bbox 1006 1073 1797 1109">
    <p class='ocr_par' dir='ltr' id='par_1_61' title="bbox 1006 1073 1797 1109">
     <span class='ocr_line' id='line_1_61' title="bbox 1006 1073 1797 1109; baseline 0.001 -10"><span class='ocrx_word' id='word_1_447' title='bbox 1006 1073 1094 1100; x_wconf 78' lang='grc' dir='ltr'>ὁτιοῦν</span> <span class='ocrx_word' id='word_1_448' title='bbox 1110 1074 1164 1100; x_wconf 85' lang='grc' dir='ltr'>τῶν</span> <span class='ocrx_word' id='word_1_449' title='bbox 1179 1074 1288 1108; x_wconf 78' lang='grc' dir='ltr'><strong>ἀγαθῶν</strong></span> <span class='ocrx_word' id='word_1_450' title='bbox 1305 1074 1431 1109; x_wconf 76' lang='grc' dir='ltr'>ἐχούσαις</span> <span class='ocrx_word' id='word_1_451' title='bbox 1447 1074 1548 1109; x_wconf 81' lang='grc' dir='ltr'>ἀρτίως</span> <span class='ocrx_word' id='word_1_452' title='bbox 1561 1074 1688 1109; x_wconf 72' lang='grc' dir='ltr'>χάρισμα</span> <span class='ocrx_word' id='word_1_453' title='bbox 1701 1083 1729 1100; x_wconf 81' lang='grc' dir='ltr'><strong>τι</strong></span> <span class='ocrx_word' id='word_1_454' title='bbox 1751 1082 1797 1108; x_wconf 88' lang='grc' dir='ltr'>με-</span> 
     </span>
    </p>
   </div>
   <div class='ocr_carea' id='block_1_62' title="bbox 1006 1119 1795 1154">
    <p class='ocr_par' dir='ltr' id='par_1_62' title="bbox 1006 1119 1795 1154">
     <span class='ocr_line' id='line_1_62' title="bbox 1006 1119 1795 1154; baseline -0.001 -9"><span class='ocrx_word' id='word_1_455' title='bbox 1006 1119 1130 1146; x_wconf 75' lang='grc' dir='ltr'>ταδοῦναι</span> <span class='ocrx_word' id='word_1_456' title='bbox 1146 1120 1340 1154; x_wconf 75' lang='grc' dir='ltr'>πνευματικὸν,</span> <span class='ocrx_word' id='word_1_457' title='bbox 1354 1119 1392 1152; x_wconf 87' lang='grc' dir='ltr'>ὠς</span> <span class='ocrx_word' id='word_1_458' title='bbox 1407 1120 1498 1154; x_wconf 78' lang='grc' dir='ltr'><strong>ἁγίαις</strong></span> <span class='ocrx_word' id='word_1_459' title='bbox 1518 1119 1638 1153; x_wconf 78' lang='grc' dir='ltr'><strong>Χριστοῦ</strong></span> <span class='ocrx_word' id='word_1_460' title='bbox 1662 1119 1795 1154; x_wconf 65' lang='grc' dir='ltr'>νύμφαις,</span> 
     </span>
    </p>
   </div>
   <div class='ocr_carea' id='block_1_63' title="bbox 1006 1163 1797 1201">
    <p class='ocr_par' dir='ltr' id='par_1_63' title="bbox 1006 1163 1797 1201">
     <span class='ocr_line' id='line_1_63' title="bbox 1006 1163 1797 1201; baseline 0.001 -11"><span class='ocrx_word' id='word_1_461' title='bbox 1006 1163 1084 1190; x_wconf 74' lang='grc' dir='ltr'>τοῦτο</span> <span class='ocrx_word' id='word_1_462' title='bbox 1098 1164 1130 1200; x_wconf 84' lang='grc' dir='ltr'><strong>δὴ</strong></span> <span class='ocrx_word' id='word_1_463' title='bbox 1144 1165 1173 1191; x_wconf 73' lang='grc' dir='ltr'>τὸ</span> <span class='ocrx_word' id='word_1_464' title='bbox 1188 1165 1288 1200; x_wconf 76' lang='grc' dir='ltr'>ἀρτίως</span> <span class='ocrx_word' id='word_1_465' title='bbox 1303 1166 1366 1201; x_wconf 76' lang='grc' dir='ltr'>ἐμοὶ</span> <span class='ocrx_word' id='word_1_466' title='bbox 1380 1166 1495 1201; x_wconf 77' lang='grc' dir='ltr'>πονηοὲν</span> <span class='ocrx_word' id='word_1_467' title='bbox 1511 1165 1622 1201; x_wconf 70' lang='grc' dir='ltr'>βιϐλίον,</span> <span class='ocrx_word' id='word_1_468' title='bbox 1635 1166 1666 1191; x_wconf 79' lang='grc' dir='ltr'>οὖ</span> <span class='ocrx_word' id='word_1_469' title='bbox 1681 1166 1797 1200; x_wconf 78' lang='grc' dir='ltr'>μετρίαν</span> 
     </span>
    </p>
   </div>
   <div class='ocr_carea' id='block_1_64' title="bbox 1008 1210 1796 1246">
    <p class='ocr_par' dir='ltr' id='par_1_64' title="bbox 1008 1210 1796 1246">
     <span class='ocr_line' id='line_1_64' title="bbox 1008 1210 1796 1246; baseline 0 -10"><span class='ocrx_word' id='word_1_470' title='bbox 1008 1210 1137 1246; x_wconf 81' lang='grc' dir='ltr'>παρέχειν</span> <span class='ocrx_word' id='word_1_471' title='bbox 1153 1210 1312 1246; x_wconf 75' lang='grc' dir='ltr'><strong>δυνάμενον,</strong></span> <span class='ocrx_word' id='word_1_472' title='bbox 1329 1211 1366 1242; x_wconf 88' lang='grc' dir='ltr'>ὥς</span> <span class='ocrx_word' id='word_1_473' title='bbox 1376 1221 1407 1246; x_wconf 89' lang='grc' dir='ltr'><strong>γε</strong></span> <span class='ocrx_word' id='word_1_474' title='bbox 1420 1210 1505 1246; x_wconf 78' lang='grc' dir='ltr'>οἶμαι,</span> <span class='ocrx_word' id='word_1_475' title='bbox 1525 1213 1581 1243; x_wconf 82' lang='grc' dir='ltr'>τοῖς</span> <span class='ocrx_word' id='word_1_476' title='bbox 1591 1211 1796 1246; x_wconf 72' lang='grc' dir='ltr'>ἐντευξομένοις</span> 
     </span>
    </p>
   </div>
   <div class='ocr_carea' id='block_1_65' title="bbox 1006 1256 1797 1293">
    <p class='ocr_par' dir='ltr' id='par_1_65' title="bbox 1006 1256 1797 1293">
     <span class='ocr_line' id='line_1_65' title="bbox 1006 1256 1797 1293; baseline 0 -11"><span class='ocrx_word' id='word_1_477' title='bbox 1006 1256 1055 1290; x_wconf 80' lang='grc' dir='ltr'><strong>τὴν</strong></span> <span class='ocrx_word' id='word_1_478' title='bbox 1072 1257 1174 1292; x_wconf 71' lang='grc' dir='ltr'>ὄνησιν.</span> <span class='ocrx_word' id='word_1_479' title='bbox 1197 1258 1267 1289; x_wconf 75' lang='grc' dir='ltr'>Τοὺς</span> <span class='ocrx_word' id='word_1_480' title='bbox 1292 1258 1340 1292; x_wconf 84' lang='grc' dir='ltr'><strong>μὲν</strong></span> <span class='ocrx_word' id='word_1_481' title='bbox 1358 1257 1411 1293; x_wconf 80' lang='grc' dir='ltr'>γὰρ</span> <span class='ocrx_word' id='word_1_482' title='bbox 1435 1258 1484 1284; x_wconf 77' lang='grc' dir='ltr'><strong>οὐκ</strong></span> <span class='ocrx_word' id='word_1_483' title='bbox 1505 1257 1572 1293; x_wconf 78' lang='grc' dir='ltr'>ὀροὰ</span> <span class='ocrx_word' id='word_1_484' title='bbox 1596 1258 1707 1291; x_wconf 80' lang='grc' dir='ltr'>φρονεῖν</span> <span class='ocrx_word' id='word_1_485' title='bbox 1729 1257 1797 1283; x_wconf 76' lang='grc' dir='ltr'>δεδι-</span> 
     </span>
    </p>
   </div>
   <div class='ocr_carea' id='block_1_66' title="bbox 1007 1301 1798 1338">
    <p class='ocr_par' dir='ltr' id='par_1_66' title="bbox 1007 1301 1798 1338">
     <span class='ocr_line' id='line_1_66' title="bbox 1007 1301 1798 1338; baseline -0.003 -9"><span class='ocrx_word' id='word_1_486' title='bbox 1007 1303 1165 1337; x_wconf 79' lang='grc' dir='ltr'>δαγμένους,</span> <span class='ocrx_word' id='word_1_487' title='bbox 1182 1303 1265 1338; x_wconf 74' lang='grc' dir='ltr'>ἤγουν</span> <span class='ocrx_word' id='word_1_488' title='bbox 1281 1303 1530 1337; x_wconf 78' lang='grc' dir='ltr'>ἀναπεπεισμένους</span> <span class='ocrx_word' id='word_1_489' title='bbox 1546 1302 1610 1337; x_wconf 68' lang='grc' dir='ltr'>περὶ</span> <span class='ocrx_word' id='word_1_490' title='bbox 1623 1301 1670 1328; x_wconf 82' lang='grc' dir='ltr'>τοῦ</span> <span class='ocrx_word' id='word_1_491' title='bbox 1686 1301 1798 1328; x_wconf 79' lang='grc' dir='ltr'>πάντων</span> 
     </span>
    </p>
   </div>
   <div class='ocr_carea' id='block_1_67' title="bbox 1007 1347 1799 1384">
    <p class='ocr_par' dir='ltr' id='par_1_67' title="bbox 1007 1347 1799 1384">
     <span class='ocr_line' id='line_1_67' title="bbox 1007 1347 1799 1384; baseline -0.003 -9"><span class='ocrx_word' id='word_1_492' title='bbox 1007 1349 1085 1383; x_wconf 76' lang='grc' dir='ltr'>ἡμῶν</span> <span class='ocrx_word' id='word_1_493' title='bbox 1103 1349 1228 1384; x_wconf 75' lang='grc' dir='ltr'>Σωτῆρος</span> <span class='ocrx_word' id='word_1_494' title='bbox 1249 1348 1377 1384; x_wconf 74' lang='grc' dir='ltr'>Χριστοῦ,</span> <span class='ocrx_word' id='word_1_495' title='bbox 1398 1348 1465 1381; x_wconf 72' lang='grc' dir='ltr'>προς</span> <span class='ocrx_word' id='word_1_496' title='bbox 1488 1349 1675 1384; x_wconf 73' lang='grc' dir='ltr'><strong>ἐπανόρθωσιν</strong></span> <span class='ocrx_word' id='word_1_497' title='bbox 1698 1347 1799 1374; x_wconf 81' lang='grc' dir='ltr'>ἀναχο-</span> 
     </span>
    </p>
   </div>
   <div class='ocr_carea' id='block_1_68' title="bbox 1009 1394 1796 1430">
    <p class='ocr_par' dir='ltr' id='par_1_68' title="bbox 1009 1394 1796 1430">
     <span class='ocr_line' id='line_1_68' title="bbox 1009 1394 1796 1430; baseline -0.001 -10"><span class='ocrx_word' id='word_1_498' title='bbox 1009 1396 1075 1429; x_wconf 74' lang='grc' dir='ltr'>μιεῖ,</span> <span class='ocrx_word' id='word_1_499' title='bbox 1094 1395 1140 1421; x_wconf 72' lang='grc' dir='ltr'>καὶ</span> <span class='ocrx_word' id='word_1_500' title='bbox 1164 1395 1373 1429; x_wconf 69' lang='grc' dir='ltr'>μυσταγωγὴσει</span> <span class='ocrx_word' id='word_1_501' title='bbox 1388 1395 1495 1426; x_wconf 77' lang='grc' dir='ltr'><strong>καλῶς⁴</strong></span> <span class='ocrx_word' id='word_1_502' title='bbox 1514 1394 1575 1426; x_wconf 70' lang='grc' dir='ltr'>τούς</span> <span class='ocrx_word' id='word_1_503' title='bbox 1597 1403 1630 1428; x_wconf 92' lang='grc' dir='ltr'><strong>γε</strong></span> <span class='ocrx_word' id='word_1_504' title='bbox 1653 1395 1708 1430; x_wconf 77' lang='grc' dir='ltr'><strong>μὴν</strong></span> <span class='ocrx_word' id='word_1_505' title='bbox 1722 1394 1796 1429; x_wconf 72' lang='grc' dir='ltr'>ὀρίΙῴ</span> 
     </span>
    </p>
   </div>
   <div class='ocr_carea' id='block_1_69' title="bbox 1009 1439 1795 1475">
    <p class='ocr_par' dir='ltr' id='par_1_69' title="bbox 1009 1439 1795 1475">
     <span class='ocr_line' id='line_1_69' title="bbox 1009 1439 1795 1475; baseline -0.001 -9"><span class='ocrx_word' id='word_1_506' title='bbox 1009 1440 1157 1475; x_wconf 73' lang='grc' dir='ltr'>βεϐηκότας</span> <span class='ocrx_word' id='word_1_507' title='bbox 1172 1440 1219 1475; x_wconf 80' lang='grc' dir='ltr'><strong>νῷ,</strong></span> <span class='ocrx_word' id='word_1_508' title='bbox 1235 1440 1280 1467; x_wconf 76' lang='grc' dir='ltr'><strong>καὶ</strong></span> <span class='ocrx_word' id='word_1_509' title='bbox 1294 1441 1350 1472; x_wconf 85' lang='grc' dir='ltr'>τοῖς</span> <span class='ocrx_word' id='word_1_510' title='bbox 1368 1441 1417 1475; x_wconf 77' lang='grc' dir='ltr'>τῆς</span> <span class='ocrx_word' id='word_1_511' title='bbox 1432 1439 1559 1474; x_wconf 78' lang='grc' dir='ltr'>ἀληθείας</span> <span class='ocrx_word' id='word_1_512' title='bbox 1574 1439 1795 1474; x_wconf 74' lang='grc' dir='ltr'>ὲμφιλοχωροῦν-</span> 
     </span>
    </p>
   </div>
   <div class='ocr_carea' id='block_1_70' title="bbox 1006 1485 1794 1522">
    <p class='ocr_par' dir='ltr' id='par_1_70' title="bbox 1006 1485 1794 1522">
     <span class='ocr_line' id='line_1_70' title="bbox 1006 1485 1794 1522; baseline -0.001 -10"><span class='ocrx_word' id='word_1_513' title='bbox 1006 1495 1055 1516; x_wconf 72' lang='grc' dir='ltr'><strong>τας</strong></span> <span class='ocrx_word' id='word_1_514' title='bbox 1070 1486 1210 1521; x_wconf 76' lang='grc' dir='ltr'><strong>δόγμασιν,</strong></span> <span class='ocrx_word' id='word_1_515' title='bbox 1229 1486 1444 1522; x_wconf 63' lang='grc' dir='ltr'>ἀσφαλεστέρους</span> <span class='ocrx_word' id='word_1_516' title='bbox 1459 1486 1593 1519; x_wconf 69' lang='grc' dir='ltr'>ἀποφανεῖ</span> <span class='ocrx_word' id='word_1_517' title='bbox 1607 1486 1665 1517; x_wconf 83' lang='grc' dir='ltr'>τοῖς</span> <span class='ocrx_word' id='word_1_518' title='bbox 1680 1485 1709 1517; x_wconf 76' lang='grc' dir='ltr'>ἐξ</span> <span class='ocrx_word' id='word_1_519' title='bbox 1724 1486 1794 1518; x_wconf 80' lang='grc' dir='ltr'>ἁγα-</span> 
     </span>
    </p>
   </div>
   <div class='ocr_carea' id='block_1_71' title="bbox 1008 1531 1795 1567">
    <p class='ocr_par' dir='ltr' id='par_1_71' title="bbox 1008 1531 1795 1567">
     <span class='ocr_line' id='line_1_71' title="bbox 1008 1531 1795 1567; baseline -0.001 -10"><span class='ocrx_word' id='word_1_520' title='bbox 1008 1531 1061 1558; x_wconf 84' lang='grc' dir='ltr'><strong>οῶν</strong></span> <span class='ocrx_word' id='word_1_521' title='bbox 1078 1531 1187 1558; x_wconf 77' lang='grc' dir='ltr'>ἐννοιῶν</span> <span class='ocrx_word' id='word_1_522' title='bbox 1201 1532 1378 1567; x_wconf 81' lang='grc' dir='ltr'>πολυτρόποις</span> <span class='ocrx_word' id='word_1_523' title='bbox 1395 1531 1537 1567; x_wconf 80' lang='grc' dir='ltr'>εὑρέμασι,</span> <span class='ocrx_word' id='word_1_524' title='bbox 1551 1531 1598 1558; x_wconf 74' lang='grc' dir='ltr'>καὶ</span> <span class='ocrx_word' id='word_1_525' title='bbox 1618 1532 1679 1563; x_wconf 84' lang='grc' dir='ltr'>ταῖς</span> <span class='ocrx_word' id='word_1_526' title='bbox 1693 1531 1726 1557; x_wconf 80' lang='grc' dir='ltr'>ἐκ</span> <span class='ocrx_word' id='word_1_527' title='bbox 1746 1532 1795 1565; x_wconf 76' lang='grc' dir='ltr'>τῆς</span> 
     </span>
    </p>
   </div>
   <div class='ocr_carea' id='block_1_72' title="bbox 1006 1576 1793 1613">
    <p class='ocr_par' dir='ltr' id='par_1_72' title="bbox 1006 1576 1793 1613">
     <span class='ocr_line' id='line_1_72' title="bbox 1006 1576 1793 1613; baseline -0.001 -10"><span class='ocrx_word' id='word_1_528' title='bbox 1006 1577 1298 1613; x_wconf 68' lang='grc' dir='ltr'>θεοπνεύστουΓραφῆς</span> <span class='ocrx_word' id='word_1_529' title='bbox 1306 1577 1482 1611; x_wconf 74' lang='grc' dir='ltr'>ἀποδείξεσιν.</span> <span class='ocrx_word' id='word_1_530' title='bbox 1489 1577 1666 1612; x_wconf 65' lang='grc' dir='ltr'><strong>Μαῦήτεταιῒ1</strong></span> <span class='ocrx_word' id='word_1_531' title='bbox 1677 1576 1743 1612; x_wconf 73' lang='grc' dir='ltr'>γὰρ,</span> <span class='ocrx_word' id='word_1_532' title='bbox 1753 1577 1793 1603; x_wconf 74' lang='grc' dir='ltr'><strong>δτι</strong></span> 
     </span>
    </p>
   </div>
   <div class='ocr_carea' id='block_1_73' title="bbox 1005 1622 1793 1658">
    <p class='ocr_par' dir='ltr' id='par_1_73' title="bbox 1005 1622 1793 1658">
     <span class='ocr_line' id='line_1_73' title="bbox 1005 1622 1793 1658; baseline -0.003 -9"><span class='ocrx_word' id='word_1_533' title='bbox 1005 1624 1084 1657; x_wconf 78' lang='grc' dir='ltr'>φύσει</span> <span class='ocrx_word' id='word_1_534' title='bbox 1110 1623 1158 1658; x_wconf 85' lang='grc' dir='ltr'><strong>μὲν</strong></span> <span class='ocrx_word' id='word_1_535' title='bbox 1179 1625 1226 1650; x_wconf 67' lang='grc' dir='ltr'>καὶ</span> <span class='ocrx_word' id='word_1_536' title='bbox 1247 1623 1360 1658; x_wconf 71' lang='grc' dir='ltr'>ἀληθείᾳ</span> <span class='ocrx_word' id='word_1_537' title='bbox 1381 1623 1446 1655; x_wconf 67' lang='lat' dir='ltr'><strong>Sed;</strong></span> <span class='ocrx_word' id='word_1_538' title='bbox 1468 1623 1542 1649; x_wconf 75' lang='grc' dir='ltr'>ἐστιν</span> <span class='ocrx_word' id='word_1_539' title='bbox 1563 1623 1578 1649; x_wconf 86' lang='grc' dir='ltr'><strong>ὁ</strong></span> <span class='ocrx_word' id='word_1_540' title='bbox 1606 1622 1793 1657; x_wconf 74' lang='grc' dir='ltr'>Ἐμμανουὴ).,</span> 
     </span>
    </p>
   </div>
   <div class='ocr_carea' id='block_1_74' title="bbox 1005 1668 1794 1704">
    <p class='ocr_par' dir='ltr' id='par_1_74' title="bbox 1005 1668 1794 1704">
     <span class='ocr_line' id='line_1_74' title="bbox 1005 1668 1794 1704; baseline -0.001 -9"><span class='ocrx_word' id='word_1_541' title='bbox 1005 1669 1135 1701; x_wconf 76' lang='grc' dir='ltr'>Θεοτόκος</span> <span class='ocrx_word' id='word_1_542' title='bbox 1158 1669 1186 1695; x_wconf 81' lang='grc' dir='ltr'>δὲ</span> <span class='ocrx_word' id='word_1_543' title='bbox 1208 1669 1241 1695; x_wconf 71' lang='grc' dir='ltr'>δι’</span> <span class='ocrx_word' id='word_1_544' title='bbox 1257 1669 1338 1695; x_wconf 76' lang='grc' dir='ltr'>αὐτὸν</span> <span class='ocrx_word' id='word_1_545' title='bbox 1359 1669 1435 1704; x_wconf 75' lang='grc' dir='ltr'>καὶὴ</span> <span class='ocrx_word' id='word_1_546' title='bbox 1461 1669 1578 1695; x_wconf 74' lang='grc' dir='ltr'>τεκοῦσα</span> <span class='ocrx_word' id='word_1_547' title='bbox 1597 1668 1746 1703; x_wconf 81' lang='grc' dir='ltr'>Παρθένος.</span> <span class='ocrx_word' id='word_1_548' title='bbox 1764 1668 1794 1694; x_wconf 79' lang='lat' dir='ltr'><strong>Et</strong></span> 
     </span>
    </p>
   </div>
   <div class='ocr_carea' id='block_1_75' title="bbox 1005 1714 1794 1750">
    <p class='ocr_par' dir='ltr' id='par_1_75' title="bbox 1005 1714 1794 1750">
     <span class='ocr_line' id='line_1_75' title="bbox 1005 1714 1794 1750; baseline -0.001 -9"><span class='ocrx_word' id='word_1_549' title='bbox 1005 1714 1058 1750; x_wconf 84' lang='grc' dir='ltr'>γὰρ</span> <span class='ocrx_word' id='word_1_550' title='bbox 1077 1715 1109 1750; x_wconf 83' lang='grc' dir='ltr'><strong>δὴ</strong></span> <span class='ocrx_word' id='word_1_551' title='bbox 1124 1716 1206 1749; x_wconf 79' lang='grc' dir='ltr'>φάναι</span> <span class='ocrx_word' id='word_1_552' title='bbox 1221 1723 1249 1741; x_wconf 84' lang='grc' dir='ltr'><strong>τε</strong></span> <span class='ocrx_word' id='word_1_553' title='bbox 1266 1715 1344 1742; x_wconf 74' lang='grc' dir='ltr'>τοῦτο</span> <span class='ocrx_word' id='word_1_554' title='bbox 1358 1715 1405 1742; x_wconf 70' lang='grc' dir='ltr'><strong>καὶ</strong></span> <span class='ocrx_word' id='word_1_555' title='bbox 1427 1716 1534 1750; x_wconf 80' lang='grc' dir='ltr'>φρονεῖν</span> <span class='ocrx_word' id='word_1_556' title='bbox 1550 1714 1675 1746; x_wconf 78' lang='grc' dir='ltr'>δεδιότες,</span> <span class='ocrx_word' id='word_1_557' title='bbox 1699 1714 1729 1740; x_wconf 79' lang='grc' dir='ltr'><strong>οὐ</strong></span> <span class='ocrx_word' id='word_1_558' title='bbox 1752 1723 1794 1741; x_wconf 83' lang='grc' dir='ltr'>νε-</span> 
     </span>
    </p>
   </div>
   <div class='ocr_carea' id='block_1_76' title="bbox 1006 1760 1793 1796">
    <p class='ocr_par' dir='ltr' id='par_1_76' title="bbox 1006 1760 1793 1796">
     <span class='ocr_line' id='line_1_76' title="bbox 1006 1760 1793 1796; baseline -0.003 -9"><span class='ocrx_word' id='word_1_559' title='bbox 1006 1761 1129 1796; x_wconf 80' lang='grc' dir='ltr'>νοήκασι,</span> <span class='ocrx_word' id='word_1_560' title='bbox 1145 1761 1214 1787; x_wconf 84' lang='grc' dir='ltr'>κατὰ</span> <span class='ocrx_word' id='word_1_561' title='bbox 1226 1760 1257 1787; x_wconf 84' lang='grc' dir='ltr'><strong>τδ</strong></span> <span class='ocrx_word' id='word_1_562' title='bbox 1276 1761 1360 1793; x_wconf 78' lang='grc' dir='ltr'>εἰκὸς,</span> <span class='ocrx_word' id='word_1_563' title='bbox 1380 1761 1410 1787; x_wconf 80' lang='grc' dir='ltr'><strong>τὸ</strong></span> <span class='ocrx_word' id='word_1_564' title='bbox 1424 1761 1492 1796; x_wconf 79' lang='grc' dir='ltr'>βαθὺ</span> <span class='ocrx_word' id='word_1_565' title='bbox 1514 1760 1564 1795; x_wconf 80' lang='grc' dir='ltr'>τῆς</span> <span class='ocrx_word' id='word_1_566' title='bbox 1581 1760 1723 1792; x_wconf 77' lang='grc' dir='ltr'>εὐσεϐείας</span> <span class='ocrx_word' id='word_1_567' title='bbox 1741 1769 1793 1794; x_wconf 54' lang='grc' dir='ltr'>μυ-</span> 
     </span>
    </p>
   </div>
   <div class='ocr_carea' id='block_1_77' title="bbox 1009 1804 1793 1840">
    <p class='ocr_par' dir='ltr' id='par_1_77' title="bbox 1009 1804 1793 1840">
     <span class='ocr_line' id='line_1_77' title="bbox 1009 1804 1793 1840; baseline -0.003 -9"><span class='ocrx_word' id='word_1_568' title='bbox 1009 1806 1127 1840; x_wconf 85' lang='grc' dir='ltr'>στήριον.</span> <span class='ocrx_word' id='word_1_569' title='bbox 1145 1806 1251 1840; x_wconf 87' lang='grc' dir='ltr'>Χρῆναι</span> <span class='ocrx_word' id='word_1_570' title='bbox 1264 1805 1292 1832; x_wconf 80' lang='grc' dir='ltr'>δὲ</span> <span class='ocrx_word' id='word_1_571' title='bbox 1312 1805 1494 1840; x_wconf 78' lang='grc' dir='ltr'>ὑπολαμῦάνω</span> <span class='ocrx_word' id='word_1_572' title='bbox 1508 1805 1551 1831; x_wconf 65' lang='grc' dir='ltr'><strong>διὰ</strong></span> <span class='ocrx_word' id='word_1_573' title='bbox 1569 1804 1692 1839; x_wconf 80' lang='grc' dir='ltr'>βραχέων</span> <span class='ocrx_word' id='word_1_574' title='bbox 1707 1805 1793 1830; x_wconf 79' lang='grc' dir='ltr'>εἰπεῖν</span> 
     </span>
    </p>
   </div>
   <div class='ocr_carea' id='block_1_78' title="bbox 1005 1849 1793 1886">
    <p class='ocr_par' dir='ltr' id='par_1_78' title="bbox 1005 1849 1793 1886">
     <span class='ocr_line' id='line_1_78' title="bbox 1005 1849 1793 1886; baseline -0.004 -10"><span class='ocrx_word' id='word_1_575' title='bbox 1005 1850 1055 1886; x_wconf 84' lang='grc' dir='ltr'>τήν</span> <span class='ocrx_word' id='word_1_576' title='bbox 1079 1859 1108 1877; x_wconf 77' lang='grc' dir='ltr'><strong>τε</strong></span> <span class='ocrx_word' id='word_1_577' title='bbox 1123 1849 1304 1885; x_wconf 76' lang='grc' dir='ltr'>ἀποστολικὴν</span> <span class='ocrx_word' id='word_1_578' title='bbox 1319 1851 1367 1877; x_wconf 81' lang='grc' dir='ltr'>καὶ</span> <span class='ocrx_word' id='word_1_579' title='bbox 1389 1850 1568 1885; x_wconf 77' lang='grc' dir='ltr'>εὖαγγελικὴν</span> <span class='ocrx_word' id='word_1_580' title='bbox 1585 1849 1746 1885; x_wconf 70' lang='grc' dir='ltr'>παράδοσιν,</span> <span class='ocrx_word' id='word_1_581' title='bbox 1761 1849 1793 1882; x_wconf 75' lang='grc' dir='ltr'>ἣν</span> 
     </span>
    </p>
   </div>
   <div class='ocr_carea' id='block_1_79' title="bbox 1005 1896 1793 1932">
    <p class='ocr_par' dir='ltr' id='par_1_79' title="bbox 1005 1896 1793 1932">
     <span class='ocr_line' id='line_1_79' title="bbox 1005 1896 1793 1932; baseline -0.003 -10"><span class='ocrx_word' id='word_1_582' title='bbox 1005 1897 1052 1922; x_wconf 73' lang='grc' dir='ltr'><strong>ἐπὶ</strong></span> <span class='ocrx_word' id='word_1_583' title='bbox 1066 1897 1175 1932; x_wconf 71' lang='grc' dir='ltr'>Χριστῷ</span> <span class='ocrx_word' id='word_1_584' title='bbox 1202 1897 1209 1917; x_wconf 82' lang='grc' dir='ltr'><strong>ί</strong></span> <span class='ocrx_word' id='word_1_585' title='bbox 1230 1898 1376 1930; x_wconf 81' lang='grc' dir='ltr'>πεποίηται</span> <span class='ocrx_word' id='word_1_586' title='bbox 1400 1896 1438 1932; x_wconf 83' lang='grc' dir='ltr'><strong>τῷ</strong></span> <span class='ocrx_word' id='word_1_587' title='bbox 1460 1897 1569 1923; x_wconf 81' lang='grc' dir='ltr'>πάντων</span> <span class='ocrx_word' id='word_1_588' title='bbox 1588 1896 1720 1932; x_wconf 79' lang='grc' dir='ltr'>Δεσπότῃ,</span> <span class='ocrx_word' id='word_1_589' title='bbox 1748 1897 1793 1920; x_wconf 67' lang='grc' dir='ltr'>καὶ</span> 
     </span>
    </p>
   </div>
   <div class='ocr_carea' id='block_1_80' title="bbox 1004 1940 1793 1977">
    <p class='ocr_par' dir='ltr' id='par_1_80' title="bbox 1004 1940 1793 1977">
     <span class='ocr_line' id='line_1_80' title="bbox 1004 1940 1793 1977; baseline -0.003 -9"><span class='ocrx_word' id='word_1_590' title='bbox 1004 1942 1112 1977; x_wconf 82' lang='grc' dir='ltr'>ἁπάσης</span> <span class='ocrx_word' id='word_1_591' title='bbox 1134 1943 1162 1968; x_wconf 79' lang='grc' dir='ltr'><strong>δὲ</strong></span> <span class='ocrx_word' id='word_1_592' title='bbox 1183 1943 1231 1977; x_wconf 78' lang='grc' dir='ltr'>τῆς</span> <span class='ocrx_word' id='word_1_593' title='bbox 1246 1943 1424 1970; x_wconf 74' lang='grc' dir='ltr'>Θεοπνεύστου</span> <span class='ocrx_word' id='word_1_594' title='bbox 1451 1942 1562 1976; x_wconf 65' lang='grc' dir='ltr'>Γραψῆς</span> <span class='ocrx_word' id='word_1_595' title='bbox 1583 1941 1628 1967; x_wconf 73' lang='grc' dir='ltr'>τὸν</span> <span class='ocrx_word' id='word_1_596' title='bbox 1653 1941 1697 1967; x_wconf 77' lang='grc' dir='ltr'><strong>ἐπ’</strong></span> <span class='ocrx_word' id='word_1_597' title='bbox 1721 1940 1793 1973; x_wconf 74' lang='grc' dir='ltr'>αὐτῷ</span> 
     </span>
    </p>
   </div>
   <div class='ocr_carea' id='block_1_81' title="bbox 1005 1986 1793 2022">
    <p class='ocr_par' dir='ltr' id='par_1_81' title="bbox 1005 1986 1793 2022">
     <span class='ocr_line' id='line_1_81' title="bbox 1005 1986 1793 2022; baseline -0.003 -8"><span class='ocrx_word' id='word_1_598' title='bbox 1005 1988 1114 2018; x_wconf 71' lang='grc' dir='ltr'>σκοπὸν,</span> <span class='ocrx_word' id='word_1_599' title='bbox 1134 1988 1181 2014; x_wconf 72' lang='grc' dir='ltr'>καὶ</span> <span class='ocrx_word' id='word_1_600' title='bbox 1196 1988 1256 2015; x_wconf 75' lang='grc' dir='ltr'>ὅποι</span> <span class='ocrx_word' id='word_1_601' title='bbox 1282 1989 1347 2014; x_wconf 84' lang='grc' dir='ltr'>ποτὲ</span> <span class='ocrx_word' id='word_1_602' title='bbox 1366 1987 1451 2022; x_wconf 77' lang='grc' dir='ltr'>βλέπῃ</span> <span class='ocrx_word' id='word_1_603' title='bbox 1466 1986 1520 2013; x_wconf 83' lang='grc' dir='ltr'>τῶν</span> <span class='ocrx_word' id='word_1_604' title='bbox 1539 1987 1592 2022; x_wconf 80' lang='grc' dir='ltr'><strong>τῆς</strong></span> <span class='ocrx_word' id='word_1_605' title='bbox 1607 1987 1737 2022; x_wconf 76' lang='grc' dir='ltr'>ἀληθείας</span> <span class='ocrx_word' id='word_1_606' title='bbox 1753 1987 1793 2012; x_wconf 75' lang='grc' dir='ltr'>δο-</span> 
     </span>
    </p>
   </div>
   <div class='ocr_carea' id='block_1_82' title="bbox 1004 2034 1286 2069">
    <p class='ocr_par' dir='ltr' id='par_1_82' title="bbox 1004 2034 1286 2069">
     <span class='ocr_line' id='line_1_82' title="bbox 1004 2034 1286 2069; baseline 0 -9"><span class='ocrx_word' id='word_1_607' title='bbox 1004 2034 1117 2069; x_wconf 80' lang='grc' dir='ltr'>γμάτων</span> <span class='ocrx_word' id='word_1_608' title='bbox 1132 2035 1148 2069; x_wconf 83' lang='grc' dir='ltr'>ἡ</span> <span class='ocrx_word' id='word_1_609' title='bbox 1163 2034 1286 2069; x_wconf 76' lang='grc' dir='ltr'>δύναμις.</span> 
     </span>
    </p>
   </div>
   <div class='ocr_carea' id='block_1_83' title="bbox 169 2078 1791 2114">
    <p class='ocr_par' dir='ltr' id='par_1_83' title="bbox 169 2078 1791 2114">
     <span class='ocr_line' id='line_1_83' title="bbox 169 2078 1791 2114; baseline -0.001 -9"><span class='ocrx_word' id='word_1_610' title='bbox 169 2080 288 2106; x_wconf 90' lang='lat' dir='ltr'><strong>omnium</strong></span> <span class='ocrx_word' id='word_1_611' title='bbox 310 2080 423 2107; x_wconf 92' lang='lat' dir='ltr'><strong>Domino</strong></span> <span class='ocrx_word' id='word_1_612' title='bbox 443 2079 627 2112; x_wconf 90' lang='lat' dir='ltr'><strong>tradiderunt,</strong></span> <span class='ocrx_word' id='word_1_613' title='bbox 645 2083 702 2106; x_wconf 88' lang='lat' dir='ltr'><strong>tum</strong></span> <span class='ocrx_word' id='word_1_614' title='bbox 722 2087 752 2106; x_wconf 87' lang='lat' dir='ltr'><strong>ea</strong></span> <span class='ocrx_word' id='word_1_615' title='bbox 773 2086 879 2113; x_wconf 88' lang='lat' dir='ltr'><strong>quoque</strong></span> <span class='ocrx_word' id='word_1_616' title='bbox 899 2087 951 2106; x_wconf 92' lang='lat' dir='ltr'><strong>nou</strong></span> <span class='ocrx_word' id='word_1_617' title='bbox 989 2081 1137 2114; x_wconf 73' lang='lat' dir='ltr'><strong>praeterire,</strong></span> <span class='ocrx_word' id='word_1_618' title='bbox 1156 2088 1215 2114; x_wconf 58' lang='lat' dir='ltr'><strong>qua!</strong></span> <span class='ocrx_word' id='word_1_619' title='bbox 1237 2080 1263 2107; x_wconf 92' lang='lat' dir='ltr'><strong>in</strong></span> <span class='ocrx_word' id='word_1_620' title='bbox 1303 2081 1408 2108; x_wconf 72' lang='lat' dir='ltr'><strong>earteris</strong></span> <span class='ocrx_word' id='word_1_621' title='bbox 1428 2085 1529 2108; x_wconf 79' lang='lat' dir='ltr'><strong>saneta:</strong></span> <span class='ocrx_word' id='word_1_622' title='bbox 1548 2079 1695 2114; x_wconf 67' lang='lat' dir='ltr'><strong>Scriptura:</strong></span> <span class='ocrx_word' id='word_1_623' title='bbox 1715 2078 1791 2104; x_wconf 66' lang='lat' dir='ltr'><strong>libris</strong></span> 
     </span>
    </p>
   </div>
   <div class='ocr_carea' id='block_1_84' title="bbox 169 2128 1469 2164">
    <p class='ocr_par' dir='ltr' id='par_1_84' title="bbox 169 2128 1469 2164">
     <span class='ocr_line' id='line_1_84' title="bbox 169 2128 1469 2164; baseline 0 -8"><span class='ocrx_word' id='word_1_624' title='bbox 169 2137 201 2156; x_wconf 86' lang='lat' dir='ltr'><strong>ea</strong></span> <span class='ocrx_word' id='word_1_625' title='bbox 220 2130 276 2164; x_wconf 86' lang='lat' dir='ltr'><strong>ipsa</strong></span> <span class='ocrx_word' id='word_1_626' title='bbox 295 2130 327 2156; x_wconf 92' lang='lat' dir='ltr'><strong>de</strong></span> <span class='ocrx_word' id='word_1_627' title='bbox 346 2136 374 2156; x_wconf 86' lang='lat' dir='ltr'><strong>re</strong></span> <span class='ocrx_word' id='word_1_628' title='bbox 391 2129 544 2161; x_wconf 86' lang='lat' dir='ltr'><strong>habentur;</strong></span> <span class='ocrx_word' id='word_1_629' title='bbox 561 2133 588 2155; x_wconf 93' lang='lat' dir='ltr'><strong>et</strong></span> <span class='ocrx_word' id='word_1_630' title='bbox 604 2128 714 2155; x_wconf 86' lang='lat' dir='ltr'><strong>omnino</strong></span> <span class='ocrx_word' id='word_1_631' title='bbox 730 2136 882 2162; x_wconf 81' lang='lat' dir='ltr'><strong>exponere,</strong></span> <span class='ocrx_word' id='word_1_632' title='bbox 901 2136 956 2162; x_wconf 90' lang='lat' dir='ltr'><strong>quo</strong></span> <span class='ocrx_word' id='word_1_633' title='bbox 975 2133 1078 2162; x_wconf 84' lang='lat' dir='ltr'><strong>spectet</strong></span> <span class='ocrx_word' id='word_1_634' title='bbox 1094 2129 1135 2155; x_wconf 91' lang='lat' dir='ltr'><strong>vis</strong></span> <span class='ocrx_word' id='word_1_635' title='bbox 1167 2129 1322 2162; x_wconf 80' lang='lat' dir='ltr'><strong>dogmatum</strong></span> <span class='ocrx_word' id='word_1_636' title='bbox 1337 2129 1469 2156; x_wconf 86' lang='lat' dir='ltr'><strong>veritatis.</strong></span> 
     </span>
    </p>
   </div>
   <div class='ocr_carea' id='block_1_85' title="bbox 207 2175 953 2212">
    <p class='ocr_par' dir='ltr' id='par_1_85' title="bbox 207 2175 953 2212">
     <span class='ocr_line' id='line_1_85' title="bbox 207 2175 953 2212; baseline -0.005 -6"><span class='ocrx_word' id='word_1_637' title='bbox 207 2178 250 2206; x_wconf 91' lang='lat' dir='ltr'><strong>Ill.</strong></span> <span class='ocrx_word' id='word_1_638' title='bbox 271 2177 412 2205; x_wconf 88' lang='lat' dir='ltr'><strong>Credimus</strong></span> <span class='ocrx_word' id='word_1_639' title='bbox 430 2176 510 2212; x_wconf 75' lang='lat' dir='ltr'><strong>igitur</strong></span> <span class='ocrx_word' id='word_1_640' title='bbox 527 2176 553 2203; x_wconf 91' lang='lat' dir='ltr'><strong>in</strong></span> <span class='ocrx_word' id='word_1_641' title='bbox 566 2183 645 2202; x_wconf 92' lang='lat' dir='ltr'><strong>unum</strong></span> <span class='ocrx_word' id='word_1_642' title='bbox 657 2175 739 2203; x_wconf 88' lang='lat' dir='ltr'><strong>Deum</strong></span> <span class='ocrx_word' id='word_1_643' title='bbox 751 2175 856 2202; x_wconf 84' lang='lat' dir='ltr'><strong>Patrem</strong></span> <span class='ocrx_word' id='word_1_644' title='bbox 868 2176 953 2202; x_wconf 90' lang='lat' dir='ltr'><strong>omni-</strong></span> 
     </span>
    </p>
   </div>
   <div class='ocr_carea' id='block_1_86' title="bbox 1013 2175 1792 2212">
    <p class='ocr_par' dir='ltr' id='par_1_86' title="bbox 1043 2175 1792 2210">
     <span class='ocr_line' id='line_1_86' title="bbox 1043 2175 1792 2210; baseline -0.003 -8"><span class='ocrx_word' id='word_1_645' title='bbox 1043 2176 1080 2202; x_wconf 78' lang='lat' dir='ltr'><strong>I&quot;.</strong></span> <span class='ocrx_word' id='word_1_646' title='bbox 1102 2175 1267 2210; x_wconf 72' lang='grc' dir='ltr'>Πιστεύομεν</span> <span class='ocrx_word' id='word_1_647' title='bbox 1281 2175 1370 2202; x_wconf 87' lang='grc' dir='ltr'>τοίνυν</span> <span class='ocrx_word' id='word_1_648' title='bbox 1384 2177 1423 2207; x_wconf 83' lang='grc' dir='ltr'><strong>είς</strong></span> <span class='ocrx_word' id='word_1_649' title='bbox 1435 2176 1483 2202; x_wconf 69' lang='grc' dir='ltr'><strong>ἕνα</strong></span> <span class='ocrx_word' id='word_1_650' title='bbox 1494 2175 1559 2202; x_wconf 83' lang='grc' dir='ltr'>Θεὸν</span> <span class='ocrx_word' id='word_1_651' title='bbox 1572 2175 1682 2210; x_wconf 83' lang='grc' dir='ltr'>Πατέρα</span> <span class='ocrx_word' id='word_1_652' title='bbox 1697 2182 1792 2200; x_wconf 80' lang='grc' dir='ltr'>παντο-</span> 
     </span>
    </p>
   </div>
   <div class='ocr_carea' id='block_1_87' title="bbox 169 2220 955 2258">
    <p class='ocr_par' dir='ltr' id='par_1_87' title="bbox 169 2220 955 2258">
     <span class='ocr_line' id='line_1_87' title="bbox 169 2220 955 2258; baseline -0.004 -8"><span class='ocrx_word' id='word_1_653' title='bbox 169 2227 306 2258; x_wconf 85' lang='lat' dir='ltr'><strong>potentem</strong></span> <span class='ocrx_word' id='word_1_654' title='bbox 317 2242 324 2253; x_wconf 88' lang='lat'><em>.</em></span> <span class='ocrx_word' id='word_1_655' title='bbox 337 2221 484 2249; x_wconf 81' lang='lat' dir='ltr'><strong>visibilium</strong></span> <span class='ocrx_word' id='word_1_656' title='bbox 511 2225 539 2248; x_wconf 90' lang='lat' dir='ltr'><strong>et</strong></span> <span class='ocrx_word' id='word_1_657' title='bbox 553 2220 726 2248; x_wconf 87' lang='lat' dir='ltr'><strong>invisibilimn</strong></span> <span class='ocrx_word' id='word_1_658' title='bbox 740 2221 859 2247; x_wconf 88' lang='lat' dir='ltr'><strong>omnium</strong></span> <span class='ocrx_word' id='word_1_659' title='bbox 889 2229 955 2247; x_wconf 88' lang='lat' dir='ltr'><strong>con-</strong></span> 
     </span>
    </p>
   </div>
   <div class='ocr_carea' id='block_1_88' title="bbox 171 2266 954 2296">
    <p class='ocr_par' dir='ltr' id='par_1_88' title="bbox 171 2266 954 2296">
     <span class='ocr_line' id='line_1_88' title="bbox 171 2266 954 2296; baseline -0.005 0"><span class='ocrx_word' id='word_1_660' title='bbox 171 2269 297 2296; x_wconf 87' lang='lat' dir='ltr'><strong>ditorem.</strong></span> <span class='ocrx_word' id='word_1_661' title='bbox 311 2268 343 2295; x_wconf 86' lang='lat' dir='ltr'><strong>Et</strong></span> <span class='ocrx_word' id='word_1_662' title='bbox 359 2268 386 2295; x_wconf 86' lang='lat' dir='ltr'><strong>in</strong></span> <span class='ocrx_word' id='word_1_663' title='bbox 402 2275 483 2294; x_wconf 91' lang='lat' dir='ltr'><strong>unum</strong></span> <span class='ocrx_word' id='word_1_664' title='bbox 502 2266 643 2294; x_wconf 86' lang='lat' dir='ltr'><strong>Dominum</strong></span> <span class='ocrx_word' id='word_1_665' title='bbox 657 2266 748 2293; x_wconf 83' lang='lat' dir='ltr'><strong>Jesum</strong></span> <span class='ocrx_word' id='word_1_666' title='bbox 762 2266 896 2294; x_wconf 87' lang='lat' dir='ltr'><strong>Christum</strong></span> <span class='ocrx_word' id='word_1_667' title='bbox 911 2266 954 2293; x_wconf 88' lang='lat' dir='ltr'><strong>Fi-</strong></span> 
     </span>
    </p>
   </div>
   <div class='ocr_carea' id='block_1_89' title="bbox 171 2312 954 2349">
    <p class='ocr_par' dir='ltr' id='par_1_89' title="bbox 171 2312 954 2349">
     <span class='ocr_line' id='line_1_89' title="bbox 171 2312 954 2349; baseline -0.005 -7"><span class='ocrx_word' id='word_1_668' title='bbox 171 2315 236 2342; x_wconf 75' lang='lat' dir='ltr'><strong>lium</strong></span> <span class='ocrx_word' id='word_1_669' title='bbox 257 2315 327 2349; x_wconf 87' lang='lat' dir='ltr'><strong>ejus,</strong></span> <span class='ocrx_word' id='word_1_670' title='bbox 346 2319 409 2340; x_wconf 87' lang='lat' dir='ltr'><strong>ante</strong></span> <span class='ocrx_word' id='word_1_671' title='bbox 428 2320 507 2340; x_wconf 88' lang='lat' dir='ltr'><strong>omne</strong></span> <span class='ocrx_word' id='word_1_672' title='bbox 526 2313 652 2340; x_wconf 62' lang='lat' dir='ltr'><strong>steculum</strong></span> <span class='ocrx_word' id='word_1_673' title='bbox 672 2317 697 2338; x_wconf 85' lang='lat' dir='ltr'><strong>et</strong></span> <span class='ocrx_word' id='word_1_674' title='bbox 718 2317 824 2346; x_wconf 81' lang='lat' dir='ltr'><strong>tempus</strong></span> <span class='ocrx_word' id='word_1_675' title='bbox 844 2319 876 2338; x_wconf 85' lang='lat' dir='ltr'><strong>ex</strong></span> <span class='ocrx_word' id='word_1_676' title='bbox 897 2312 954 2346; x_wconf 85' lang='lat' dir='ltr'><strong>ipso</strong></span> 
     </span>
    </p>
   </div>
   <div class='ocr_carea' id='block_1_90' title="bbox 174 2357 952 2394">
    <p class='ocr_par' dir='ltr' id='par_1_90' title="bbox 174 2357 952 2394">
     <span class='ocr_line' id='line_1_90' title="bbox 174 2357 952 2394; baseline -0.008 -6"><span class='ocrx_word' id='word_1_677' title='bbox 174 2360 335 2388; x_wconf 74' lang='lat' dir='ltr'><strong>naturaliter</strong></span> <span class='ocrx_word' id='word_1_678' title='bbox 350 2359 481 2394; x_wconf 74' lang='lat' dir='ltr'><strong>genitum.</strong></span> <span class='ocrx_word' id='word_1_679' title='bbox 499 2358 564 2385; x_wconf 88' lang='lat' dir='ltr'><strong>Nam</strong></span> <span class='ocrx_word' id='word_1_680' title='bbox 583 2357 652 2392; x_wconf 88' lang='lat' dir='ltr'><strong>quod</strong></span> <span class='ocrx_word' id='word_1_681' title='bbox 669 2357 701 2384; x_wconf 88' lang='lat' dir='ltr'><strong>ad</strong></span> <span class='ocrx_word' id='word_1_682' title='bbox 719 2361 824 2391; x_wconf 83' lang='lat' dir='ltr'><strong>tempus</strong></span> <span class='ocrx_word' id='word_1_683' title='bbox 840 2357 952 2389; x_wconf 84' lang='lat' dir='ltr'><strong>attim-t,</strong></span> 
     </span>
    </p>
   </div>
   <div class='ocr_carea' id='block_1_91' title="bbox 171 2402 953 2440">
    <p class='ocr_par' dir='ltr' id='par_1_91' title="bbox 171 2402 953 2440">
     <span class='ocr_line' id='line_1_91' title="bbox 171 2402 953 2440; baseline -0.005 -8"><span class='ocrx_word' id='word_1_684' title='bbox 171 2411 248 2440; x_wconf 83' lang='lat' dir='ltr'><strong>a-que</strong></span> <span class='ocrx_word' id='word_1_685' title='bbox 267 2403 390 2438; x_wconf 90' lang='lat' dir='ltr'><strong>principii</strong></span> <span class='ocrx_word' id='word_1_686' title='bbox 410 2410 521 2437; x_wconf 83' lang='lat' dir='ltr'><strong>expers,</strong></span> <span class='ocrx_word' id='word_1_687' title='bbox 542 2407 568 2429; x_wconf 89' lang='lat' dir='ltr'><strong>et</strong></span> <span class='ocrx_word' id='word_1_688' title='bbox 587 2407 736 2429; x_wconf 65' lang='lat' dir='ltr'><strong>comternus</strong></span> <span class='ocrx_word' id='word_1_689' title='bbox 756 2406 812 2435; x_wconf 85' lang='lat' dir='ltr'><strong>cst,</strong></span> <span class='ocrx_word' id='word_1_690' title='bbox 831 2407 912 2436; x_wconf 84' lang='lat' dir='ltr'><strong>atque</strong></span> <span class='ocrx_word' id='word_1_691' title='bbox 931 2402 953 2429; x_wconf 89' lang='lat' dir='ltr'><strong>is</strong></span> 
     </span>
    </p>
   </div>
   <div class='ocr_carea' id='block_1_92' title="bbox 171 2448 955 2487">
    <p class='ocr_par' dir='ltr' id='par_1_92' title="bbox 171 2448 955 2487">
     <span class='ocr_line' id='line_1_92' title="bbox 171 2448 955 2487; baseline -0.004 -10"><span class='ocrx_word' id='word_1_692' title='bbox 171 2451 217 2487; x_wconf 88' lang='lat' dir='ltr'><strong>qui</strong></span> <span class='ocrx_word' id='word_1_693' title='bbox 241 2450 316 2477; x_wconf 88' lang='lat' dir='ltr'><strong>illum</strong></span> <span class='ocrx_word' id='word_1_694' title='bbox 341 2449 448 2484; x_wconf 79' lang='lat' dir='ltr'><strong>genuit;</strong></span> <span class='ocrx_word' id='word_1_695' title='bbox 472 2448 618 2482; x_wconf 88' lang='lat' dir='ltr'><strong>eademque</strong></span> <span class='ocrx_word' id='word_1_696' title='bbox 643 2456 749 2483; x_wconf 88' lang='lat' dir='ltr'><strong>quoque</strong></span> <span class='ocrx_word' id='word_1_697' title='bbox 774 2453 906 2482; x_wconf 85' lang='lat' dir='ltr'><strong>potestate</strong></span> <span class='ocrx_word' id='word_1_698' title='bbox 927 2453 955 2475; x_wconf 92' lang='lat' dir='ltr'><strong>ct</strong></span> 
     </span>
    </p>
   </div>
   <div class='ocr_carea' id='block_1_93' title="bbox 171 2493 954 2530">
    <p class='ocr_par' dir='ltr' id='par_1_93' title="bbox 171 2493 954 2530">
     <span class='ocr_line' id='line_1_93' title="bbox 171 2493 954 2530; baseline -0.003 -8"><span class='ocrx_word' id='word_1_699' title='bbox 171 2495 256 2530; x_wconf 74' lang='lat' dir='ltr'><strong>gloria</strong></span> <span class='ocrx_word' id='word_1_700' title='bbox 275 2503 335 2523; x_wconf 91' lang='lat' dir='ltr'><strong>cum</strong></span> <span class='ocrx_word' id='word_1_701' title='bbox 354 2494 399 2522; x_wconf 91' lang='lat' dir='ltr'><strong>illo</strong></span> <span class='ocrx_word' id='word_1_702' title='bbox 415 2499 473 2527; x_wconf 87' lang='lat' dir='ltr'><strong>est,</strong></span> <span class='ocrx_word' id='word_1_703' title='bbox 488 2501 536 2528; x_wconf 86' lang='lat' dir='ltr'><strong>per</strong></span> <span class='ocrx_word' id='word_1_704' title='bbox 550 2494 639 2521; x_wconf 88' lang='lat' dir='ltr'><strong>omnia</strong></span> <span class='ocrx_word' id='word_1_705' title='bbox 655 2493 769 2528; x_wconf 89' lang='lat' dir='ltr'><strong>denique</strong></span> <span class='ocrx_word' id='word_1_706' title='bbox 783 2497 810 2520; x_wconf 88' lang='lat' dir='ltr'><strong>et</strong></span> <span class='ocrx_word' id='word_1_707' title='bbox 826 2493 851 2520; x_wconf 91' lang='lat' dir='ltr'><strong>in</strong></span> <span class='ocrx_word' id='word_1_708' title='bbox 867 2493 954 2520; x_wconf 91' lang='lat' dir='ltr'><strong>omni-</strong></span> 
     </span>
    </p>
   </div>
   <div class='ocr_carea' id='block_1_94' title="bbox 171 2537 953 2574">
    <p class='ocr_par' dir='ltr' id='par_1_94' title="bbox 171 2537 953 2574">
     <span class='ocr_line' id='line_1_94' title="bbox 171 2537 953 2574; baseline -0.005 -6"><span class='ocrx_word' id='word_1_709' title='bbox 171 2540 222 2569; x_wconf 83' lang='lat' dir='ltr'><strong>bus</strong></span> <span class='ocrx_word' id='word_1_710' title='bbox 236 2540 322 2567; x_wconf 83' lang='lat' dir='ltr'><strong>eidem</strong></span> <span class='ocrx_word' id='word_1_711' title='bbox 337 2539 458 2574; x_wconf 65' lang='lat' dir='ltr'><strong>aequalis.</strong></span> <span class='ocrx_word' id='word_1_712' title='bbox 471 2538 569 2573; x_wconf 79' lang='lat' dir='ltr'><strong>Figura</strong></span> <span class='ocrx_word' id='word_1_713' title='bbox 585 2545 699 2572; x_wconf 86' lang='lat' dir='ltr'><strong>namque</strong></span> <span class='ocrx_word' id='word_1_714' title='bbox 712 2543 738 2564; x_wconf 89' lang='lat' dir='ltr'><strong>et</strong></span> <span class='ocrx_word' id='word_1_715' title='bbox 752 2537 878 2572; x_wconf 89' lang='lat' dir='ltr'><strong>splendor</strong></span> <span class='ocrx_word' id='word_1_716' title='bbox 890 2539 953 2564; x_wconf 89' lang='lat' dir='ltr'><strong>sub-</strong></span> 
     </span>
    </p>
   </div>
   <div class='ocr_carea' id='block_1_95' title="bbox 170 2583 955 2613">
    <p class='ocr_par' dir='ltr' id='par_1_95' title="bbox 170 2583 955 2613">
     <span class='ocr_line' id='line_1_95' title="bbox 170 2583 955 2613; baseline -0.004 0"><span class='ocrx_word' id='word_1_717' title='bbox 170 2586 277 2613; x_wconf 66' lang='lat' dir='ltr'><strong>stantiae</strong></span> <span class='ocrx_word' id='word_1_718' title='bbox 298 2584 370 2613; x_wconf 89' lang='lat' dir='ltr'><strong>illius</strong></span> <span class='ocrx_word' id='word_1_719' title='bbox 389 2585 474 2613; x_wconf 77' lang='lat' dir='ltr'><strong>est“.</strong></span> <span class='ocrx_word' id='word_1_720' title='bbox 494 2584 634 2612; x_wconf 85' lang='lat' dir='ltr'><strong>Credimus</strong></span> <span class='ocrx_word' id='word_1_721' title='bbox 654 2583 779 2610; x_wconf 89' lang='lat' dir='ltr'><strong>similiter</strong></span> <span class='ocrx_word' id='word_1_722' title='bbox 797 2587 824 2610; x_wconf 89' lang='lat' dir='ltr'><strong>et</strong></span> <span class='ocrx_word' id='word_1_723' title='bbox 844 2583 869 2609; x_wconf 94' lang='lat' dir='ltr'><strong>iu</strong></span> <span class='ocrx_word' id='word_1_724' title='bbox 891 2592 955 2611; x_wconf 88' lang='lat' dir='ltr'><strong>san-</strong></span> 
     </span>
    </p>
   </div>
   <div class='ocr_carea' id='block_1_96' title="bbox 172 2629 953 2667">
    <p class='ocr_par' dir='ltr' id='par_1_96' title="bbox 172 2629 953 2667">
     <span class='ocr_line' id='line_1_96' title="bbox 172 2629 953 2667; baseline -0.001 -10"><span class='ocrx_word' id='word_1_725' title='bbox 172 2638 243 2661; x_wconf 89' lang='lat' dir='ltr'><strong>cuun</strong></span> <span class='ocrx_word' id='word_1_726' title='bbox 254 2639 361 2666; x_wconf 88' lang='lat' dir='ltr'><strong>quoque</strong></span> <span class='ocrx_word' id='word_1_727' title='bbox 369 2631 510 2667; x_wconf 89' lang='lat' dir='ltr'><strong>Spiritum,</strong></span> <span class='ocrx_word' id='word_1_728' title='bbox 521 2639 600 2666; x_wconf 90' lang='lat' dir='ltr'><strong>quem</strong></span> <span class='ocrx_word' id='word_1_729' title='bbox 610 2638 625 2657; x_wconf 92' lang='lat' dir='ltr'><strong>a</strong></span> <span class='ocrx_word' id='word_1_730' title='bbox 635 2630 724 2657; x_wconf 82' lang='lat' dir='ltr'><strong>divina</strong></span> <span class='ocrx_word' id='word_1_731' title='bbox 734 2635 828 2658; x_wconf 81' lang='lat' dir='ltr'><strong>natura</strong></span> <span class='ocrx_word' id='word_1_732' title='bbox 837 2629 953 2657; x_wconf 80' lang='lat' dir='ltr'><strong>alienum</strong></span> 
     </span>
    </p>
   </div>
   <div class='ocr_carea' id='block_1_97' title="bbox 219 2710 707 2746">
    <p class='ocr_par' dir='ltr' id='par_1_97' title="bbox 219 2710 707 2746">
     <span class='ocr_line' id='line_1_97' title="bbox 219 2710 707 2746; baseline -0.002 -8"><span class='ocrx_word' id='word_1_733' title='bbox 219 2712 242 2727; x_wconf 78' lang='grc'><strong>⁸³</strong></span> <span class='ocrx_word' id='word_1_734' title='bbox 260 2711 374 2746; x_wconf 77' lang='lat' dir='ltr'><strong>Philipp.</strong></span> <span class='ocrx_word' id='word_1_735' title='bbox 386 2719 422 2743; x_wconf 79' lang='lat' dir='ltr'><strong>tv,</strong></span> <span class='ocrx_word' id='word_1_736' title='bbox 439 2711 466 2738; x_wconf 72' lang='grc'><strong>4.</strong></span> <span class='ocrx_word' id='word_1_737' title='bbox 515 2711 536 2726; x_wconf 70' lang='grc'>⁵⁸</span> <span class='ocrx_word' id='word_1_738' title='bbox 554 2710 633 2738; x_wconf 86' lang='lat' dir='ltr'><strong>llebr.</strong></span> <span class='ocrx_word' id='word_1_739' title='bbox 647 2718 665 2743; x_wconf 81' lang='grc' dir='ltr'>ι,</span> <span class='ocrx_word' id='word_1_740' title='bbox 679 2711 707 2737; x_wconf 78' lang='grc'><strong>5.</strong></span> 
     </span>
    </p>
   </div>
   <div class='ocr_carea' id='block_1_98' title="bbox 1008 2221 1789 2258">
    <p class='ocr_par' dir='ltr' id='par_1_98' title="bbox 1008 2221 1789 2258">
     <span class='ocr_line' id='line_1_98' title="bbox 1008 2221 1789 2258; baseline -0.001 -10"><span class='ocrx_word' id='word_1_741' title='bbox 1008 2223 1139 2258; x_wconf 72' lang='grc' dir='ltr'>κράτορα,</span> <span class='ocrx_word' id='word_1_742' title='bbox 1161 2223 1270 2249; x_wconf 79' lang='grc' dir='ltr'>’πάντων</span> <span class='ocrx_word' id='word_1_743' title='bbox 1285 2222 1389 2258; x_wconf 74' lang='grc' dir='ltr'>ὁρατῶν</span> <span class='ocrx_word' id='word_1_744' title='bbox 1405 2231 1434 2248; x_wconf 86' lang='grc' dir='ltr'><strong>τε</strong></span> <span class='ocrx_word' id='word_1_745' title='bbox 1457 2222 1504 2248; x_wconf 81' lang='grc' dir='ltr'>καὶ</span> <span class='ocrx_word' id='word_1_746' title='bbox 1520 2221 1644 2256; x_wconf 78' lang='grc' dir='ltr'>ἀοράτων</span> <span class='ocrx_word' id='word_1_747' title='bbox 1666 2222 1789 2255; x_wconf 81' lang='grc' dir='ltr'>ποιητήν.</span> 
     </span>
    </p>
   </div>
   <div class='ocr_carea' id='block_1_99' title="bbox 1008 2265 1789 2302">
    <p class='ocr_par' dir='ltr' id='par_1_99' title="bbox 1008 2265 1789 2302">
     <span class='ocr_line' id='line_1_99' title="bbox 1008 2265 1789 2302; baseline -0.004 -8"><span class='ocrx_word' id='word_1_748' title='bbox 1008 2269 1062 2294; x_wconf 71' lang='grc' dir='ltr'><strong>Καὶ</strong></span> <span class='ocrx_word' id='word_1_749' title='bbox 1078 2269 1116 2298; x_wconf 85' lang='grc' dir='ltr'>εἰς</span> <span class='ocrx_word' id='word_1_750' title='bbox 1131 2267 1178 2294; x_wconf 70' lang='grc' dir='ltr'><strong>ἕνα</strong></span> <span class='ocrx_word' id='word_1_751' title='bbox 1192 2267 1292 2302; x_wconf 80' lang='grc' dir='ltr'>Κύριον</span> <span class='ocrx_word' id='word_1_752' title='bbox 1310 2267 1413 2302; x_wconf 76' lang='grc' dir='ltr'>Ἰησοῦν</span> <span class='ocrx_word' id='word_1_753' title='bbox 1429 2266 1545 2302; x_wconf 72' lang='grc' dir='ltr'>Χριστὸν</span> <span class='ocrx_word' id='word_1_754' title='bbox 1560 2266 1605 2292; x_wconf 81' lang='grc' dir='ltr'><strong>τὸν</strong></span> <span class='ocrx_word' id='word_1_755' title='bbox 1623 2266 1686 2292; x_wconf 81' lang='grc' dir='ltr'><strong>Υἱὸν</strong></span> <span class='ocrx_word' id='word_1_756' title='bbox 1700 2265 1789 2296; x_wconf 76' lang='grc' dir='ltr'>αὐτοῦ,</span> 
     </span>
    </p>
   </div>
   <div class='ocr_carea' id='block_1_100' title="bbox 1007 2310 1790 2348">
    <p class='ocr_par' dir='ltr' id='par_1_100' title="bbox 1007 2310 1790 2348">
     <span class='ocr_line' id='line_1_100' title="bbox 1007 2310 1790 2348; baseline -0.003 -10"><span class='ocrx_word' id='word_1_757' title='bbox 1007 2312 1168 2346; x_wconf 69' lang='grc' dir='ltr'>γεννηθέντα</span> <span class='ocrx_word' id='word_1_758' title='bbox 1184 2311 1255 2338; x_wconf 77' lang='grc' dir='ltr'>κατὰ</span> <span class='ocrx_word' id='word_1_759' title='bbox 1271 2311 1350 2346; x_wconf 72' lang='grc' dir='ltr'>φύσιν</span> <span class='ocrx_word' id='word_1_760' title='bbox 1366 2311 1394 2344; x_wconf 78' lang='grc' dir='ltr'>ἐξ</span> <span class='ocrx_word' id='word_1_761' title='bbox 1411 2311 1491 2337; x_wconf 73' lang='grc' dir='ltr'>αὑτοῦ</span> <span class='ocrx_word' id='word_1_762' title='bbox 1510 2311 1561 2348; x_wconf 81' lang='grc' dir='ltr'><strong>πρὸ</strong></span> <span class='ocrx_word' id='word_1_763' title='bbox 1583 2310 1682 2342; x_wconf 76' lang='grc' dir='ltr'>παντὸς</span> <span class='ocrx_word' id='word_1_764' title='bbox 1698 2310 1790 2341; x_wconf 78' lang='grc' dir='ltr'>αἰῶνος</span> 
     </span>
    </p>
   </div>
   <div class='ocr_carea' id='block_1_101' title="bbox 1007 2356 1789 2393">
    <p class='ocr_par' dir='ltr' id='par_1_101' title="bbox 1007 2356 1789 2393">
     <span class='ocr_line' id='line_1_101' title="bbox 1007 2356 1789 2393; baseline -0.005 -8"><span class='ocrx_word' id='word_1_765' title='bbox 1007 2358 1054 2385; x_wconf 76' lang='grc' dir='ltr'>καὶ</span> <span class='ocrx_word' id='word_1_766' title='bbox 1070 2358 1181 2393; x_wconf 53' lang='grc' dir='ltr'>χρόνων</span> <span class='ocrx_word' id='word_1_767' title='bbox 1199 2358 1246 2384; x_wconf 78' lang='grc' dir='ltr'>καὶ</span> <span class='ocrx_word' id='word_1_768' title='bbox 1261 2357 1315 2392; x_wconf 77' lang='grc' dir='ltr'><strong>γάρ</strong></span> <span class='ocrx_word' id='word_1_769' title='bbox 1338 2357 1395 2383; x_wconf 75' lang='grc' dir='ltr'>ἐστι</span> <span class='ocrx_word' id='word_1_770' title='bbox 1411 2357 1578 2392; x_wconf 80' lang='grc' dir='ltr'>συνάναρχος</span> <span class='ocrx_word' id='word_1_771' title='bbox 1595 2356 1666 2383; x_wconf 77' lang='grc' dir='ltr'><strong>κατὰ</strong></span> <span class='ocrx_word' id='word_1_772' title='bbox 1688 2356 1789 2391; x_wconf 68' lang='grc' dir='ltr'>χρόνον,</span> 
     </span>
    </p>
   </div>
   <div class='ocr_carea' id='block_1_102' title="bbox 1008 2401 1790 2438">
    <p class='ocr_par' dir='ltr' id='par_1_102' title="bbox 1008 2401 1790 2438">
     <span class='ocr_line' id='line_1_102' title="bbox 1008 2401 1790 2438; baseline -0.004 -8"><span class='ocrx_word' id='word_1_773' title='bbox 1008 2404 1053 2430; x_wconf 74' lang='grc' dir='ltr'>καὶ</span> <span class='ocrx_word' id='word_1_774' title='bbox 1073 2403 1206 2434; x_wconf 73' lang='grc' dir='ltr'>συναῖδιος</span> <span class='ocrx_word' id='word_1_775' title='bbox 1232 2403 1270 2438; x_wconf 84' lang='grc' dir='ltr'><strong>τῷ</strong></span> <span class='ocrx_word' id='word_1_776' title='bbox 1297 2403 1353 2438; x_wconf 78' lang='grc' dir='ltr'>ἰδίῳ</span> <span class='ocrx_word' id='word_1_777' title='bbox 1377 2402 1532 2438; x_wconf 85' lang='grc' dir='ltr'>Γεννήτορι,</span> <span class='ocrx_word' id='word_1_778' title='bbox 1559 2401 1686 2437; x_wconf 72' lang='grc' dir='ltr'>σύνεδρος</span> <span class='ocrx_word' id='word_1_779' title='bbox 1699 2410 1729 2427; x_wconf 78' lang='grc' dir='ltr'><strong>τε</strong></span> <span class='ocrx_word' id='word_1_780' title='bbox 1747 2401 1790 2427; x_wconf 71' lang='lat' dir='ltr'><strong>x1&quot;.</strong></span> 
     </span>
    </p>
   </div>
   <div class='ocr_carea' id='block_1_103' title="bbox 1008 2446 1787 2483">
    <p class='ocr_par' dir='ltr' id='par_1_103' title="bbox 1008 2446 1787 2483">
     <span class='ocr_line' id='line_1_103' title="bbox 1008 2446 1787 2483; baseline -0.004 -8"><span class='ocrx_word' id='word_1_781' title='bbox 1008 2449 1130 2483; x_wconf 76' lang='grc' dir='ltr'>ἱσοκ).εὴς</span> <span class='ocrx_word' id='word_1_782' title='bbox 1147 2448 1228 2483; x_wconf 79' lang='grc' dir='ltr'>αὐτῷ,</span> <span class='ocrx_word' id='word_1_783' title='bbox 1246 2449 1294 2475; x_wconf 75' lang='grc' dir='ltr'>καὶ</span> <span class='ocrx_word' id='word_1_784' title='bbox 1310 2448 1412 2483; x_wconf 78' lang='grc' dir='ltr'>ἰσότητι</span> <span class='ocrx_word' id='word_1_785' title='bbox 1437 2447 1657 2482; x_wconf 77' lang='grc' dir='ltr'>κατεστεμμένος</span> <span class='ocrx_word' id='word_1_786' title='bbox 1677 2448 1712 2482; x_wconf 83' lang='grc' dir='ltr'>τῇ</span> <span class='ocrx_word' id='word_1_787' title='bbox 1728 2446 1787 2482; x_wconf 66' lang='grc' dir='ltr'>πρὸς</span> 
     </span>
    </p>
   </div>
   <div class='ocr_carea' id='block_1_104' title="bbox 1006 2491 1787 2528">
    <p class='ocr_par' dir='ltr' id='par_1_104' title="bbox 1006 2491 1787 2528">
     <span class='ocr_line' id='line_1_104' title="bbox 1006 2491 1787 2528; baseline -0.003 -9"><span class='ocrx_word' id='word_1_788' title='bbox 1006 2494 1061 2519; x_wconf 78' lang='grc' dir='ltr'>πᾶν</span> <span class='ocrx_word' id='word_1_789' title='bbox 1078 2492 1180 2519; x_wconf 78' lang='grc' dir='ltr'>ὁτιοῦν·</span> <span class='ocrx_word' id='word_1_790' title='bbox 1192 2493 1336 2528; x_wconf 79' lang='grc' dir='ltr'>χαρακτὴρ</span> <span class='ocrx_word' id='word_1_791' title='bbox 1352 2493 1405 2528; x_wconf 82' lang='grc' dir='ltr'><strong>γάρ</strong></span> <span class='ocrx_word' id='word_1_792' title='bbox 1422 2492 1479 2518; x_wconf 72' lang='grc' dir='ltr'><strong>ἐστι</strong></span> <span class='ocrx_word' id='word_1_793' title='bbox 1497 2492 1545 2519; x_wconf 77' lang='grc' dir='ltr'>καὶ</span> <span class='ocrx_word' id='word_1_794' title='bbox 1560 2492 1733 2526; x_wconf 78' lang='grc' dir='ltr'>ἀπαύγασμα</span> <span class='ocrx_word' id='word_1_795' title='bbox 1744 2491 1787 2525; x_wconf 74' lang='grc' dir='ltr'>τῆς</span> 
     </span>
    </p>
   </div>
   <div class='ocr_carea' id='block_1_105' title="bbox 1008 2536 1787 2573">
    <p class='ocr_par' dir='ltr' id='par_1_105' title="bbox 1008 2536 1787 2573">
     <span class='ocr_line' id='line_1_105' title="bbox 1008 2536 1787 2573; baseline -0.003 -9"><span class='ocrx_word' id='word_1_796' title='bbox 1008 2539 1180 2569; x_wconf 82' lang='grc' dir='ltr'>ὑποστάσεως</span> <span class='ocrx_word' id='word_1_797' title='bbox 1197 2538 1289 2565; x_wconf 72' lang='grc' dir='ltr'>αὑτοῦ.</span> <span class='ocrx_word' id='word_1_798' title='bbox 1306 2538 1474 2573; x_wconf 79' lang='grc' dir='ltr'>Πιστεύομεν</span> <span class='ocrx_word' id='word_1_799' title='bbox 1487 2538 1516 2564; x_wconf 83' lang='grc' dir='ltr'>δὲ</span> <span class='ocrx_word' id='word_1_800' title='bbox 1529 2538 1630 2573; x_wconf 78' lang='grc' dir='ltr'>ὁμοίως</span> <span class='ocrx_word' id='word_1_801' title='bbox 1651 2538 1698 2564; x_wconf 79' lang='grc' dir='ltr'><strong>καὶ</strong></span> <span class='ocrx_word' id='word_1_802' title='bbox 1713 2538 1750 2568; x_wconf 84' lang='grc' dir='ltr'>εἰς</span> <span class='ocrx_word' id='word_1_803' title='bbox 1762 2536 1787 2562; x_wconf 83' lang='grc' dir='ltr'>τὸ</span> 
     </span>
    </p>
   </div>
   <div class='ocr_carea' id='block_1_106' title="bbox 1007 2582 1785 2620">
    <p class='ocr_par' dir='ltr' id='par_1_106' title="bbox 1007 2582 1785 2620">
     <span class='ocr_line' id='line_1_106' title="bbox 1007 2582 1785 2620; baseline -0.001 -10"><span class='ocrx_word' id='word_1_804' title='bbox 1007 2585 1118 2620; x_wconf 83' lang='grc' dir='ltr'>Πνεῦμα</span> <span class='ocrx_word' id='word_1_805' title='bbox 1137 2585 1166 2610; x_wconf 76' lang='grc' dir='ltr'><strong>τὸ</strong></span> <span class='ocrx_word' id='word_1_806' title='bbox 1181 2584 1268 2618; x_wconf 74' lang='grc' dir='ltr'>ἅγιον,</span> <span class='ocrx_word' id='word_1_807' title='bbox 1289 2585 1339 2611; x_wconf 78' lang='grc' dir='ltr'><strong>οὐκ</strong></span> <span class='ocrx_word' id='word_1_808' title='bbox 1355 2584 1492 2620; x_wconf 81' lang='grc' dir='ltr'>ἀλλότριον</span> <span class='ocrx_word' id='word_1_809' title='bbox 1507 2583 1572 2610; x_wconf 72' lang='grc' dir='ltr'>αὐτὸ</span> <span class='ocrx_word' id='word_1_810' title='bbox 1587 2584 1638 2618; x_wconf 77' lang='grc' dir='ltr'>τῆς</span> <span class='ocrx_word' id='word_1_811' title='bbox 1652 2583 1727 2615; x_wconf 78' lang='grc' dir='ltr'>Θείας</span> <span class='ocrx_word' id='word_1_812' title='bbox 1742 2582 1785 2617; x_wconf 72' lang='grc' dir='ltr'><strong>φύ-</strong></span> 
     </span>
    </p>
   </div>
   <div class='ocr_carea' id='block_1_107' title="bbox 1008 2629 1785 2666">
    <p class='ocr_par' dir='ltr' id='par_1_107' title="bbox 1008 2629 1785 2666">
     <span class='ocr_line' id='line_1_107' title="bbox 1008 2629 1785 2666; baseline -0.001 -10"><span class='ocrx_word' id='word_1_813' title='bbox 1008 2639 1075 2661; x_wconf 77' lang='grc' dir='ltr'>σεως</span> <span class='ocrx_word' id='word_1_814' title='bbox 1091 2629 1345 2665; x_wconf 74' lang='grc' dir='ltr'>καταλογιζόμενοιο</span> <span class='ocrx_word' id='word_1_815' title='bbox 1360 2630 1473 2666; x_wconf 76' lang='grc' dir='ltr'>καὶγὰρ</span> <span class='ocrx_word' id='word_1_816' title='bbox 1488 2631 1562 2656; x_wconf 78' lang='grc' dir='ltr'>ἐστιν</span> <span class='ocrx_word' id='word_1_817' title='bbox 1575 2629 1606 2656; x_wconf 77' lang='grc' dir='ltr'>ἐκ</span> <span class='ocrx_word' id='word_1_818' title='bbox 1623 2629 1730 2666; x_wconf 64' lang='grc' dir='ltr'>Πατρος</span> <span class='ocrx_word' id='word_1_819' title='bbox 1744 2638 1785 2664; x_wconf 55' lang='lat' dir='ltr'><strong>qr</strong></span> 
     </span>
    </p>
   </div>
   <div class='ocr_carea' id='block_1_108' title="bbox 727 2775 1272 2812">
    <p class='ocr_par' dir='ltr' id='par_1_108' title="bbox 727 2775 1272 2812">
     <span class='ocr_line' id='line_1_108' title="bbox 727 2775 1272 2812; baseline 0.002 -9"><span class='ocrx_word' id='word_1_820' title='bbox 727 2775 813 2804; x_wconf 66' lang='lat' dir='ltr'><strong>Variae</strong></span> <span class='ocrx_word' id='word_1_821' title='bbox 828 2775 958 2804; x_wconf 85' lang='lat' dir='ltr'><strong>lectiones</strong></span> <span class='ocrx_word' id='word_1_822' title='bbox 973 2776 1075 2805; x_wconf 75' lang='lat' dir='ltr'><strong>codi:is</strong></span> <span class='ocrx_word' id='word_1_823' title='bbox 1091 2776 1272 2812; x_wconf 71' lang='lat' dir='ltr'><strong>Seguieriani.</strong></span> 
     </span>
    </p>
   </div>
   <div class='ocr_carea' id='block_1_109' title="bbox 208 2842 678 2878">
    <p class='ocr_par' dir='ltr' id='par_1_109' title="bbox 208 2842 678 2878">
     <span class='ocr_line' id='line_1_109' title="bbox 208 2842 678 2878; baseline 0 -8"><span class='ocrx_word' id='word_1_824' title='bbox 208 2842 221 2863; x_wconf 68' lang='grc'><strong><em>³</em></strong></span> <span class='ocrx_word' id='word_1_825' title='bbox 237 2843 411 2878; x_wconf 73' lang='grc' dir='ltr'>μαθήσονται.</span> <span class='ocrx_word' id='word_1_826' title='bbox 453 2844 460 2863; x_wconf 73' lang='lat' dir='ltr'><strong>i</strong></span> <span class='ocrx_word' id='word_1_827' title='bbox 482 2843 515 2870; x_wconf 81' lang='grc' dir='ltr'><strong>ἵσ</strong></span> <span class='ocrx_word' id='word_1_828' title='bbox 538 2844 553 2873; x_wconf 74' lang='grc' dir='ltr'><strong>ἦ</strong></span> <span class='ocrx_word' id='word_1_829' title='bbox 567 2844 612 2869; x_wconf 69' lang='grc' dir='ltr'>ἐπὶ</span> <span class='ocrx_word' id='word_1_830' title='bbox 628 2844 678 2878; x_wconf 80' lang='grc' dir='ltr'><strong>Χρ.</strong></span> 
     </span>
    </p>
   </div>
  </div>
