1883 3056
137 187 210 215 1205

685 183 729 211 DE
751 182 868 211 RECTA
888 181 965 210 FIDE
985 181 1031 208 AD
1049 179 1210 210 REGINAS.

1684 179 1752 207 1206

134 246 230 278 σικῶς,
247 244 428 280 προχεόμενον
450 242 483 269 δι’
498 241 563 269 Υίοῦ
578 243 611 278 τῇ
631 242 734 269 κτίσειο
749 244 851 270 νοεῖται
865 243 914 277 γὰρ

982 240 1081 267 ninime
1102 245 1259 274 reputemus
1278 247 1285 266 :
1306 239 1437 274 siquidem
1460 238 1620 267 naturaliter
1637 246 1651 266 a
1672 238 1752 268 Patre

132 291 205 319 οὕτω
220 291 269 327 μία
283 300 312 318 τε
329 291 375 318 καὶ
384 289 534 325 ὀμοούσιος,
547 289 593 316 καὶ
606 290 635 316 ὲν
648 289 791 324 ταυτότητι
803 289 891 324 δόξης,
903 289 919 325 ἡ

133 338 201 372 ἁγία
214 337 262 364 καὶ
281 335 506 373 προσκυνουμένη
520 335 613 370 Τριάς.
628 334 720 370 Φαμὲν
732 335 770 367 δὲ,
785 335 826 361 ὅτι
839 335 920 366 αὐτὸς

133 385 148 411 ὁ
163 385 195 410 ἐκ
217 383 266 418 τῆς
289 383 383 414 οὐσίας
401 381 449 408 τοῦ
470 381 537 407 Θεοῦ
554 380 602 407 καὶ
625 380 732 416 [ἰατρὸς
756 380 919 417 ἀποῤῥήτως

133 429 332 464 γεγεννημένος
355 427 500 463 μονογενὴς
517 425 598 453 αὐτοῦ
623 426 729 460 Λόγος,
741 426 796 452 τῶν
814 425 918 452 αἰώνων

133 474 258 511 ¹ποιητὴς,
274 476 288 501 ὁ
302 473 335 501 δι’
348 471 378 500 οὗ
396 473 430 500 τὰ
445 473 544 504 πάντα,
563 472 610 499 καὶ
626 473 655 498 ὲν
676 468 698 505 ᾧ
719 472 752 498 τὰ
768 472 866 503 πάντα,
888 472 919 498 τὸ

133 521 192 557 φῶς
205 521 235 548 τὸ
250 519 385 555 ἀληθινὸν,
411 521 427 554 ἡ
451 519 540 545 πάντα
555 517 726 552 ζωογονοῦσα
744 517 824 553 φύσις
841 516 917 553 (ζωὴ

132 569 189 604 γὰρ
203 567 333 602 πέφηνεν,
347 566 385 597 ὡς
399 566 431 592 ἐκ
443 565 514 599 ζωῆς
526 563 573 591 τοῦ
595 563 729 599 Πατρὸς),
742 565 772 590 ἓν
795 563 918 598 ἐσχάτοις

132 614 240 648 καιροῖς
263 611 310 639 τοῦ
333 611 441 643 αἰῶνος,
464 610 658 646 εὑδοκήσαντος
671 609 717 636 τοῦ
740 609 856 645 Πατρὺς,
875 610 917 635 ἴνα

133 658 209 694 σώσῃ
222 657 252 684 τὺ
267 658 314 683 ἐπὶ
334 657 385 692 γῆς
400 656 478 691 γένος
496 654 640 686 πεπτωκὸς
655 654 693 685 εἰς
708 653 788 688 ἀρὰν,
808 651 917 680 καὶ”διὰ

131 704 184 739 τῆς
197 703 334 739 ἁμαρτίας
348 700 549 736 κατακομισθὲν
565 700 604 731 είς
619 699 731 726 θάνατον
744 699 790 725 καὶ
804 698 916 734 φθορὰν,

132 749 290 785 σπέρματος
316 747 441 782 ’Δὸραὰμ
461 744 619 778 ἐπελάϐετο,
638 744 708 771 κατὰ
729 744 778 776 τὰς
796 743 916 779 Γραφὰς,

131 796 180 822 καὶ
193 793 392 829 κεκοινώνηκεν
408 792 523 827 αἵματος
534 790 582 817 καὶ
597 790 708 825 σαρκὸς,
729 789 854 815 τουτέστι
869 788 916 823 γέ-

130 849 210 876 γονεν
224 840 366 876 ἄνθρωπος
376 847 382 854 ·
399 838 446 865 καὶ
461 837 549 872 σάρκα
560 836 662 868 λαϐὼν,
677 835 724 862 καὶ
749 835 816 861 ἰδίαν
832 834 916 869 αὐτὴν

130 885 327 921 ποιησάμενος,
343 882 473 918 ἐγεννήθη
491 881 629 917 σαρκικῶς
643 881 686 908 διὰ
709 880 759 916 τῆς
775 880 854 914 ἁγίας
869 881 917 906 καὶ

130 932 257 960 θεοτόκου
273 930 394 966 Μαρίας.

971 290 1021 319 est,
1042 293 1088 321 per
1108 286 1205 313 Filium
1226 286 1253 313 in
1276 290 1427 313 creaturam
1447 285 1599 314 dimanans.
1621 286 1660 313 Ad
1681 286 1752 314 hunc

970 332 1041 358 enim
1057 332 1165 358 modum
1181 335 1273 359 sancta
1290 331 1332 358 illa
1352 332 1538 366 adorandaque
1558 332 1686 364 Trinitas,
1700 340 1751 358 una

971 377 998 404 in
1013 377 1130 405 essentia
1140 396 1148 410 ,
1160 385 1212 412 par
1227 378 1252 404 in
1269 377 1354 412 gloria
1371 382 1397 404 et
1415 377 1553 411 majestate
1568 366 1750 412 cognoscitur.

969 423 1173 458 Asserimusque
1189 424 1274 458 ipsum
1292 423 1457 458 unigenitum
1469 423 1584 450 Verbum
1598 431 1697 451 arcano
1712 424 1751 450 itt-

969 469 1174 504 explicabilique
1189 469 1266 496 modo
1282 469 1315 495 e'x
1333 469 1377 496 Dei
1394 473 1420 495 et
1434 469 1523 495 Patris
1538 469 1688 496 substantia
1703 477 1748 504 ge-

969 515 1071 548 nitum,
1089 516 1158 550 quod
1179 515 1274 542 saecula
1297 515 1433 548 condidit,
1452 523 1500 550 per
1516 516 1586 550 quod
1605 520 1632 542 et
1652 515 1678 542 in
1700 523 1752 550 quo

969 560 1120 587 consistunt
1143 561 1251 592 omnia,
1271 561 1341 594 quod
1363 568 1455 587 verum
1478 560 1582 594 lumen,
1603 566 1752 595 naturaque

968 606 1059 633 omnia
1072 606 1213 633 viviﬁcans
1226 611 1268 633 est
1282 607 1347 642 (vita
1363 611 1404 633 est
1420 606 1502 638 cnim,
1518 611 1609 640 utpote
1625 614 1657 633 ex
1672 606 1751 633 Patre

969 651 1022 678 vita
1033 651 1204 686 procedens),
1217 651 1371 678 novissimis
1381 651 1470 678 smculi
1484 652 1659 685 temporibus,
1671 650 1752 678 Patre

968 704 1016 731 pro
1030 704 1077 724 sua
1093 696 1259 731 benignitate
1275 697 1311 723 ita
1324 697 1445 730 volente,
1458 704 1511 731 quo
1526 697 1651 724 nimirum
1666 703 1755 730 genus

968 743 1126 775 humanum,
1138 743 1208 778 quod
1222 743 1248 770 in
1261 744 1476 771 maledictionem
1489 744 1640 779 prolapsum
1651 743 1751 777 fuerat,

967 793 994 816 et
1014 796 1061 824 per
1077 794 1217 824 peccatum
1237 789 1263 815 in
1285 795 1397 816 mortem
1418 794 1446 816 et
1464 789 1665 824 corruptionem
1683 796 1752 823 pra:—

967 843 1031 870 ceps
1045 835 1158 867 abierat,
1175 835 1347 867 restitueret,
1361 835 1476 861 Abraltze
1491 841 1582 862 semen
1597 834 1750 868 apprehen-

969 882 1051 913 disse,
1067 882 1141 909 carni
1157 889 1263 916 quoque
1278 885 1305 908 et
1321 881 1455 915 sanguini,
1469 882 1615 908 secundum
1630 881 1751 916 Scriptu-

934 924 953 951 Β
970 934 1014 953 ras
1027 926 1061 959 θ’,
1082 926 1314 955 communicasse,
1336 925 1387 952 hoc
1410 930 1467 957 est,
1493 926 1628 952 hominem
1651 925 1751 952 iacttnn

130 985 207 1011 esse;
224 983 305 1004 carne
321 979 480 1010 assumpta,
510 974 659 1008 eademque
676 971 785 1007 propria
819 971 869 999 sibi
906 971 1018 1004 reddita,
1037 978 1053 998 e
1083 975 1176 998 sancta
1194 975 1221 998 et
1243 970 1357 1005 Deipara
1377 970 1459 997 Maria
1478 970 1624 997 secundum
1642 972 1751 997 carnem

130 1029 224 1052 uatum
239 1029 310 1049 esse.

166 1072 204 1098 Δ¹.
230 1068 310 1096 Ἀλλὰ
324 1067 412 1095 καίτοι
436 1066 496 1092 καθ’
518 1066 592 1101 ἡμᾶς
605 1065 734 1100 γεγονὼς,
749 1065 796 1092 καὶ
807 1064 856 1100 τὴν
868 1064 915 1090 τοῦ

129 1116 222 1144 δούλου
239 1115 345 1151 μορφὴν
359 1112 538 1151 οἰκονομικῶς
552 1111 662 1144 ὑποδὺς,
678 1111 830 1146 μεμένηκεν
842 1111 870 1136 ὲν
881 1111 915 1144 τῇ

130 1163 202 1189 κατὰ
215 1161 296 1197 φύσιν
310 1159 416 1194 θεότητι
429 1159 476 1185 καὶ⁴
488 1157 638 1193 κυριότητι.
653 1157 690 1184 Οὐ
707 1157 761 1191 γὰρ
778 1156 919 1182 πέπαυται-

129 1208 177 1236 τοῦ
193 1206 263 1235 εἶναι
286 1206 363 1237 Θεὸς,
385 1205 409 1231 εί
435 1204 483 1231 καὶ
502 1204 598 1239 γέγονε
616 1202 694 1237 σὰρξ,
709 1202 831 1228 τουτέστι
853 1200 915 1228 καθ’

130 1255 205 1292 ἡμᾶς
225 1262 255 1280 τε
277 1252 323 1280 καὶ
346 1251 498 1286 ἄνθρωπος.
521 1249 629 1284 Ἐπειδὴ
643 1249 671 1275 δὲ
694 1248 826 1283 ἄτρεπτος
843 1247 915 1274 κατὰ

129 1300 223 1336 φύσιν,
236 1298 274 1330 ὡς
288 1297 364 1329 Θεδς,
380 1295 541 1332 μεμενηκὼς
562 1295 630 1330 ὅπερ
644 1292 677 1329 ἦν
699 1294 752 1326 ἀεὶ,
776 1294 824 1320 καὶ
846 1293 920 1325 ἐστι,

129 1345 178 1373 καὶ
191 1344 279 1377 ἔσται,
293 1342 495 1379 κεχρημάτικεν
510 1341 573 1373 Υἱὸς
587 1339 741 1375 ἀνθρώπου.

165 1479 203 1506 E’.
225 1479 279 1505 Καὶ
306 1477 399 1512 ἐπειδὴ
423 1474 611 1509 καταϐέϐηκεν
634 1472 706 1499 ἑκὼν
729 1472 757 1498 ἐν
782 1471 839 1503 τοῖς
863 1471 915 1505 τῆς

128 1523 340 1559 ἀνθρωπότητος
356 1522 465 1556 μέτροις
485 1519 606 1556 (καθῆκε
623 1519 677 1554 γὰρ
698 1516 792 1544 ἑαυτὸν
806 1517 847 1548 είς
866 1515 915 1542 κὲ-

1005 1063 1047 1091 IV.
1065 1064 1101 1091 At
1113 1064 1235 1098 quamvis
1245 1062 1361 1090 Verbum
1375 1067 1495 1089 nostram
1511 1066 1632 1089 naturam
1648 1069 1753 1090 assum-

969 1109 1063 1142 pserit,
1078 1108 1257 1142 servile-mque
1272 1107 1387 1134 formam
1402 1107 1602 1142 dispensatione
1616 1107 1730 1134 induerit
1743 1115 1753 1141 ;

969 1154 1151 1188 perseveravit
1171 1153 1347 1180 nihilominus
1363 1153 1388 1180 in
1405 1160 1436 1179 ea
1453 1152 1593 1187 majestate
1612 1158 1638 1180 et
1655 1153 1752 1180 divini-

969 1204 1036 1233 tate,
1053 1206 1112 1234 quaa
1129 1199 1276 1226 secundum
1295 1203 1417 1226 naturam
1437 1199 1486 1232 ipsi
1508 1199 1643 1226 convenit.
1660 1198 1752 1234 Neque

968 1246 1040 1272 enim
1056 1245 1136 1272 desiit
1150 1245 1221 1272 Deus
1235 1252 1305 1276 esse.
1319 1245 1424 1272 etiamsi
1441 1245 1540 1271 factum
1556 1250 1597 1271 est
1611 1252 1685 1276 caro,
1701 1246 1752 1272 hoc

968 1296 1019 1323 est,
1033 1290 1117 1317 nostri
1129 1290 1236 1322 similis,
1249 1295 1276 1317 et
1289 1290 1379 1317 homo.
1392 1290 1457 1316 Nam
1471 1297 1541 1321 cum,
1552 1295 1580 1316 ut
1593 1290 1674 1323 Deus,
1687 1291 1753 1317 nulli

969 1337 1115 1364 secundum
1129 1341 1251 1363 naturam
1263 1337 1408 1363 obnoxium
1421 1337 1455 1363 sit
1468 1338 1626 1369 mutationi,
1641 1345 1752 1365 manens

969 1382 994 1408 id
1009 1382 1079 1416 quod
1094 1386 1168 1414 erat,
1181 1387 1238 1414 est,
1254 1389 1414 1416 semperque
1429 1383 1495 1416 erit,
1511 1383 1598 1410 factus
1613 1389 1654 1410 est
1668 1383 1753 1411 Filius

968 1427 1096 1454 hominis.

1005 1472 1036 1500 V.
1048 1472 1181 1499 Caeterum
1193 1472 1272 1500 simul
1288 1477 1369 1506 atque
1379 1479 1411 1500 an
1428 1473 1552 1500 humana:
1565 1478 1668 1500 natum
1680 1472 1754 1506 leges

968 1518 1051 1545 semel
1064 1519 1353 1555 descendit(siquidem
1365 1526 1412 1546 sua
1427 1524 1525 1553 sponte.
1535 1527 1564 1546 se
1581 1518 1752 1554 exinanivit),

128 1578 212 1597 vomv
225 1575 242 1602 l,
260 1568 469 1604 ὑπομεμένηκεν
481 1565 636 1600 ἀναγκαίως
657 1564 705 1591 καὶ
724 1563 850 1598 γέννησιν
868 1562 914 1596 τὴν

982 1574 1019 1593 ηοη
1040 1567 1125 1601 potuit
1141 1574 1173 1593 ex
1197 1567 1310 1593 muliere
1329 1573 1436 1601 quoque
1464 1574 1517 1593 non
1538 1567 1622 1594 nasci.
1641 1566 1699 1593 Nec
1716 1567 1762 1593 ob-

130 1615 165 1642 ὲκ
177 1614 316 1649 γυναικὸς,
327 1613 377 1639 οὐκ
388 1612 475 1648 ἀρχὴν
487 1611 533 1638 τοῦ
552 1608 622 1637 εἶναι
635 1609 771 1644 λαϐούσης
782 1608 830 1643 τῆς
841 1608 917 1639 θείας

128 1660 213 1688 αὑτοῦ
225 1659 344 1694 φύσεως,
359 1659 402 1685 ὅτε
419 1657 489 1685 κατὰ
500 1656 590 1691 σάρκα
601 1653 781 1690 γεγεννῆσθαι
796 1653 914 1686 λέγεται·

127 1706 191 1746 an:
207 1703 242 1742 ἦν
263 1705 312 1741 μὲν
329 1705 375 1731 καὶ¹
392 1703 475 1734 ἐστιν,
493 1702 531 1734 ὡς
556 1701 634 1736 ἔφην,
660 1700 693 1726 ἐκ
716 1699 783 1725 Θεοῦ
808 1697 916 1746 Πατρὺς

127 1743 253 1788 φυσικῶς
264 1761 294 1778 τε
307 1751 355 1778 καὶ
368 1749 476 1785 ἀληθῶς
488 1749 503 1774 ὁ
520 1747 616 1782 Λόγος.
632 1745 743 1780 Ἐπειδὴ
759 1745 787 1771 δὲ
801 1745 852 1771 οὐκ
867 1743 915 1771 ἄν-

129 1799 241 1833 θρωπος
262 1797 354 1828 ἁπλῶς
370 1797 470 1823 νοεῖται
489 1793 549 1821 καθ’
573 1793 647 1828 ἡμᾶς
669 1793 682 1818 ὁ
702 1793 737 1818 ὲκ
757 1790 808 1824 τῆς
833 1790 915 1825 ἁγίας

127 1844 268 1879 Παρθένου
289 1841 505 1878 γεγεννημένος,
531 1839 588 1866 ἀλλ’
616 1838 696 1869 αὐτὸς
722 1837 873 1872 σαρκωθεὶς
901 1836 915 1861 ὁ

127 1891 225 1924 Λόγος,
237 1890 283 1916 καὶ
301 1889 366 1915 ἴδιον
388 1887 458 1922 ἔχων
472 1886 550 1920 σῶμα
566 1884 596 1911 τὸ
613 1884 643 1916 ἐξ
660 1884 757 1918 αὐτῆς,
772 1882 818 1909 διὰ
835 1881 915 1908 τοῦτο

127 1935 240 1970 λέγεται
253 1934 434 1969 γεγεννῆσθαι
451 1931 601 1968 σαρκικῶς,
620 1930 657 1962 ὡς
670 1930 719 1965 τῆς
734 1928 801 1960 ἰδίας
813 1928 916 1963 σαρκὸς

127 1983 178 2018 τὴν
191 1982 317 2017 γέννησιν
330 1979 524 2015 οἰκειούμενος.

165 2071 209 2104 ς’.
231 2069 263 2096 οι
285 2069 313 2096 δὲ
336 2069 462 2103 λέγοντες
481 2067 618 2100 ἀσυνέτως
637 2066 767 2093 Θεοτόκον
779 2065 829 2092 οὐκ
845 2063 914 2091 εἶναι

124 2114 178 2149 τὴν
192 2114 272 2148 ἁγίαν
293 2114 441 2149 Παρθένον,
463 2113 645 2148 ἐμπίπτουσιν
659 2110 814 2145 ἀναγκαίως
828 2110 869 2141 εὶς
883 2109 914 2135 τὸ

125 2160 175 2188 δύο
190 2160 281 2194 λέγειν
295 2160 371 2191 υἱοὺς
384 2160 431 2185 τοῦ
449 2159 527 2185 Θεοῦ.
545 2159 577 2184 Εί
591 2158 645 2193 γὰρ
659 2157 696 2192 μὴ
709 2157 803 2183 τέτοκε
816 2163 912 2190 σαρκι-

125 2204 185 2237 κῶς
201 2205 375 2240 σαρκωθέντα
396 2204 462 2231 Θεὸν
478 2205 495 2240 ἡ
518 2204 582 2238 ἁγία
598 2204 745 2239 Παρθένος,
762 2201 838 2229 πᾶσά
854 2210 912 2233 πως

125 2250 233 2286 ἀνάγκη
248 2251 296 2277 καὶ
305 2250 354 2285 οὐχ
369 2251 480 2282 ἑκόντας
494 2250 592 2281 αὐτοὺς
602 2249 751 2285 ὁμολογεῖν,
768 2249 809 2275 ὅτι
822 2248 910 2275 κοινὸν

123 2295 291 2331 γεγέννηκεν
307 2295 450 2331 ἄνθρωπον
463 2315 472 2327 ,
490 2295 566 2321 οὐδὲν
587 2294 684 2329 ἔχοντα
701 2294 767 2329 παρ’
788 2294 863 2329 ἡμᾶς
881 2293 912 2319 τὸ

124 2341 230 2368 πλεῖον.
245 2339 312 2368 Εἶτα
326 2341 383 2373 πῶς
403 2340 478 2376 αὐτῷ
494 2340 598 2376 κάμψει
612 2341 665 2366 πᾶν
682 2340 757 2374 γόνυ,
774 2340 820 2365 καὶ
837 2340 911 2365 πᾶσα

124 2386 237 2420 γλῶσσα
251 2385 488 2421 ἐξομολογήσεται,
503 2386 544 2412 ὅτι
559 2385 661 2420 Κύριος
681 2384 782 2420 Ἰησοῦς
795 2384 911 2419 Χριστὸς

125 2432 168 2463 είς
190 2431 269 2465 δόξαν
290 2431 358 2458 Θεοῦ
379 2431 502 2466 Πατρὸς;
527 2431 589 2463 Πῶς
613 2431 687 2466 αὐτῷ
714 2430 910 2465 προσκυνοῦσιν

124 2477 248 2512 ἄγγελοι,
260 2479 307 2504 καὶ
316 2478 372 2504 τῶν
387 2477 517 2504 ἀνωτάτω
531 2477 671 2512 δυνάμεων
681 2478 697 2511 ἡ
714 2477 778 2510 ἁγία
795 2476 908 2511 πληθύς

123 2521 190 2559 'Ap‘
204 2521 250 2550 οὖν
264 2523 400 2558 ἀνθρώπῳ
416 2523 497 2558 κοινῷ
516 2523 680 2558 λελάτρευκε
696 2522 756 2552 μεθ’
770 2522 849 2557 ἡμῶν
864 2522 910 2548 καὶ

125 2568 237 2603 σύμπας
252 2569 267 2594 6
280 2569 409 2604 οὐρανός;
424 2569 469 2604 Μὴ
494 2569 597 2602 γένοιτο
607 2575 613 2582 ·
636 2568 840 2603 προσκυνοῦμεν
854 2567 909 2603 γὰρ

123 2614 165 2645 ὡς
186 2614 252 2640 Θεὺν
273 2614 398 2650 ἀληθινὸν
420 2614 467 2640 τὸν
491 2614 674 2650 Ἐμμανουήλ.
691 2614 787 2640 Ἔσται
809 2613 838 2639 δὲ
861 2613 910 2648 οὐχ

124 2658 227 2693 ἑτέρως
243 2658 439 2693 προσκυνητὸς,
454 2658 501 2685 ἐὰν
516 2659 553 2694 μὴ
568 2658 751 2693 πιστεύωμεν,
770 2658 812 2684 ὅτι
829 2658 911 2689 αὐτὸς

123 2705 139 2731 ὁ
154 2704 186 2729 ἐκ
200 2703 268 2730 Θεοῦ
286 2704 383 2738 Λόγος,
397 2705 412 2730 ὁ
426 2704 501 2739 παρὰ
522 2703 610 2739 πάσης
624 2704 673 2738 τῆς
695 2703 811 2734 κτίσεως
827 2711 910 2738 προσ-

123 2748 301 2784 κυνούμενος,
317 2749 385 2785 σὰρξ
400 2750 507 2784 ἐγένετο
518 2749 588 2776 κατὰ
600 2749 650 2780 τὰς
661 2749 771 2784 Γραφάς
781 2757 787 2763 ·
805 2748 855 2774 οὐκ
870 2749 910 2779 εἰς

126 2794 218 2830 σάρκα
232 2794 478 2831 μεταϐεϐλημένος,
491 2795 549 2822 ἀλλ’
566 2795 599 2821 ὲκ
609 2794 658 2830 τῆς
672 2795 752 2828 ἁγίας
769 2794 907 2830 Παρθένου

159 2882 184 2900 ⁸*
195 2882 277 2911 Hebr.
291 2892 321 2917 It,
345 2885 387 2919 li,
409 2885 448 2912 i5.
488 2885 510 2900 ⁸⁵
526 2885 639 2920 Philipp.
662 2893 690 2918 tt,
716 2883 754 2917 i0,
778 2884 819 2912 li.

967 1611 993 1638 id
1011 1616 1098 1638 tamen
1116 1611 1206 1638 divina
1224 1612 1296 1639 illius
1311 1616 1406 1639 natura
1426 1612 1574 1639 exsistendi
1590 1612 1750 1646 principium

967 1662 1022 1684 tum
1043 1657 1150 1685 demutn
1170 1658 1294 1692 sumpsit,
1312 1665 1372 1685 cum
1393 1658 1458 1686 illud
1472 1658 1619 1685 secundum
1641 1666 1750 1685 carnem

966 1709 1058 1730 natum
1075 1704 1185 1731 dicitur.
1203 1703 1255 1731 Sed
1270 1704 1320 1731 fuit
1331 1705 1449 1739 quidem,
1465 1704 1519 1740 45
1533 1711 1560 1732 et
1576 1710 1617 1731 est
1631 1705 1751 1739 (ut'dixi)

966 1757 997 1776 ex
1016 1749 1070 1776 Deo
1085 1749 1164 1777 Patre
1180 1751 1339 1778 naturaliter
1350 1755 1377 1777 et
1391 1758 1453 1778 vere
1470 1751 1599 1779 Verbum.
1617 1750 1750 1784 Quoniam

965 1802 1030 1822 vero
1042 1796 1065 1823 is
1080 1796 1125 1830 qui
1141 1803 1174 1824 ex
1191 1804 1267 1823 sacra
1291 1797 1402 1832 Virgine
1419 1801 1500 1824 natus
1522 1802 1573 1828 est,
1598 1805 1650 1823 non
1670 1797 1752 1824 homo

966 1842 1122 1876 simpliciter
1136 1847 1164 1869 ut
1179 1850 1238 1875 nos,
1255 1842 1301 1869 sed
1320 1842 1409 1876 ipsum
1429 1842 1474 1869 Dei
1492 1842 1607 1869 Verbum
1627 1843 1751 1869 incarna-

965 1890 1021 1914 tum
1036 1887 1202 1922 intelligitur,
1216 1887 1286 1922 quod
1301 1894 1400 1922 corpus
1415 1895 1448 1919 ex
1463 1889 1520 1922 ipsa
1538 1892 1672 1922 sutnptum
1689 1895 1752 1922 pro-

965 1933 1054 1968 prium
1071 1933 1121 1960 sibi
1134 1933 1217 1965 fecit,
1237 1933 1300 1960 hinc
1316 1937 1358 1960 est
1377 1934 1448 1967 quod
1470 1935 1615 1960 secundant
1640 1940 1750 1960 carnem

965 1983 1058 2005 natum
1077 1978 1187 2010 dicitur,
1204 1979 1296 2005 carnis
1314 1978 1441 2005 nimirum
1459 1979 1626 2006 nativitatem
1643 1983 1672 2005 ut
1686 1986 1750 2013 pro-

965 2024 1050 2058 priam
1066 2024 1091 2050 in
1104 2031 1133 2051 se
1148 2025 1325 2052 transferens.
1645 2046 1647 2048 .

1000 2070 1044 2098 Vi.
1064 2069 1104 2097 llli
1126 2075 1214 2098 autem
1240 2072 1286 2105 qui
1313 2078 1418 2098 sacram
1443 2070 1580 2105 Virginem
1608 2070 1757 2103 Deiparam-r

963 2122 1024 2142 esse
1036 2115 1159 2149 imperite
1173 2121 1282 2150 negant,
1297 2115 1349 2142 huc
1363 2117 1515 2143 necessario
1538 2116 1690 2150 adiguntur,
1714 2121 1743 2142 nt

964 2161 1031 2189 duos
1060 2160 1107 2188 Dei
1132 2161 1202 2189 ﬁlios
1231 2161 1408 2190 constituant.
1434 2162 1500 2188 Nam
1527 2163 1548 2189 si
1567 2169 1642 2189 sacra
1665 2161 1749 2197 Virgo

967 2206 1048 2233 Deum
1066 2206 1235 2233 incarnatum
1257 2207 1406 2233 secundum
1428 2214 1538 2234 carnem
1564 2215 1615 2233 non
1634 2209 1746 2241 peperit,

966 2252 1006 2279 vel
1021 2252 1095 2279 inviti
1114 2253 1263 2280 concedant
1277 2257 1392 2286 oportet,
1407 2252 1541 2279 hominem
1564 2257 1666 2280 tantum
1690 2254 1747 2279 vul-

962 2303 1072 2331 garem,
1096 2297 1227 2331 nobisque
1253 2296 1338 2324 nihilo
1361 2297 1578 2324 excellentierem
1605 2298 1631 2324 in
1659 2298 1745 2325 lucent

962 2341 1088 2369 edidisse.
1110 2343 1185 2375 Quod
1215 2343 1237 2370 si
1266 2350 1308 2369 res
1332 2343 1367 2369 ita
1394 2343 1484 2374 habet,
1499 2351 1550 2377 qua
1567 2343 1680 2369 obsecro
1703 2352 1747 2370 ra—

964 2387 1046 2419 tione,
1063 2395 1144 2414 omne
1158 2395 1226 2422 genu
1240 2387 1276 2414 illi
1294 2387 1488 2419 incurvabitur,
1505 2388 1646 2422 omnisque
1658 2388 1746 2422 lingua

962 2433 1146 2464 conﬁtebitur,
1162 2433 1234 2467 quod
1252 2432 1382 2459 Dominus
1393 2438 1485 2459 noster
1498 2431 1577 2460 Iesus
1593 2436 1634 2460 est
1649 2433 1674 2460 in
1689 2433 1748 2467 glo-

963 2477 1003 2503 ria
1026 2476 1072 2504 Dei
1096 2476 1184 2504 Patris
1194 2477 1237 2503 ‘°?
1259 2478 1398 2510 Quomodo
1425 2477 1529 2511 angeli,
1554 2481 1581 2504 et
1608 2485 1685 2505 sacer
1705 2478 1749 2504 ille

964 2523 1114 2550 cwlestium
1140 2523 1268 2550 virtutum
1295 2528 1384 2550 coetus
1409 2522 1482 2549 Illum
1507 2524 1600 2550 adoret
1611 2523 1654 2549 67?
1676 2523 1748 2549 Nun-

965 2569 1028 2603 quid
1054 2569 1189 2595 hominem
1211 2575 1397 2599 communem,
1424 2573 1450 2595 et
1468 2576 1516 2595 nos
1543 2572 1569 2595 et
1593 2569 1747 2595 universum

964 2614 1061 2642 malum
1096 2615 1225 2641 hactenus
1251 2614 1437 2648 percolimus?
1465 2613 1566 2642 Absit:
1600 2614 1745 2641 adoramus

964 2661 1036 2688 enim
1053 2659 1254 2686 Emmanuelem
1281 2664 1408 2693 tanquam
1435 2667 1528 2687 verum
1552 2659 1646 2686 Deum.
1666 2660 1747 2694 Atqui

965 2705 1035 2732 nulla
1054 2705 1156 2731 ratione
1178 2705 1283 2732 adorari
1303 2709 1403 2739 potest,
1425 2705 1476 2732 nisi
1499 2705 1640 2732 credamus
1660 2705 1747 2740 ipsum

963 2751 1010 2778 Dei
1024 2751 1112 2778 Patris
1124 2750 1252 2784 Verbum,
1267 2752 1338 2785 quod
1359 2753 1392 2777 ab
1415 2752 1541 2778 universa
1559 2756 1681 2778 creatura
1698 2753 1747 2777 ad-

962 2799 1066 2828 oratur,
1084 2795 1230 2822 secundum
1252 2795 1407 2830 Scripturas
1422 2804 1530 2823 carnem
1547 2796 1647 2824 factum
1663 2803 1723 2825 ωδε
1737 2804 1759 2822 εν

858 2885 877 2900 ⁸⁷
897 2883 976 2912 Iicbr.
998 2892 1016 2918 ι,
1037 2884 1064 2913 0.
