1883 3056
161 151 229 181 1207

651 155 680 184 S.
699 157 834 186 CYHILLI
852 159 1085 190 ALEXANDRINI
1103 162 1261 191 ARCHIEP.

1710 167 1723 195 Ι
1728 168 1783 194 ξοδ

157 218 212 239 non
237 211 309 247 quod
336 212 364 240 in
391 219 502 240 carnem
529 211 695 242 demutatum
725 216 874 250 transierit,
892 218 936 246 sed

1029 228 1081 254 ρχα
1097 219 1198 254 λαϐὼν,
1214 220 1252 253 ὥς
1265 221 1343 256 Ξφήν,
1360 222 1408 249 καὶ
1428 223 1602 260 ἁνθρωπινην
1620 224 1682 260 μεθ’
1700 223 1782 260 ἡμῶν

163 257 235 292 quod
252 263 286 284 ex
302 256 358 292 ipsa
374 264 451 284 sacra
467 256 577 293 Virgine
592 265 700 286 carnem
720 261 878 295 susceperit,
892 262 942 290 lm-

160 309 334 337 manamqtre.
359 307 389 330 ut
415 307 478 329 ante
505 304 656 338 expositum
684 311 735 339 est,
762 307 939 341 nativitatem,

158 348 270 383 perinde
284 356 316 376 ac
331 356 389 380 nos.
405 349 552 383 subiverit;
570 358 622 385 quo
639 351 765 378 nimirum
787 353 869 380 homo
890 361 939 380 no-

156 395 205 422 stri
223 402 302 422 eausa
319 394 430 428 factum,
447 404 523 423 more
540 396 648 430 quidem
665 397 779 424 aliorum
801 399 938 426 hominum

158 445 270 468 mortem
286 445 434 476 pateretur.
456 443 612 476 proculcato
626 448 714 470 autem
737 445 832 471 mortis
854 445 938 480 impe-

157 483 208 516 rio,
223 484 314 512 divina
332 486 356 513 vi
375 494 481 513 rursum
503 493 666 522 resurgeret.
690 488 744 515 Hoc
766 490 837 516 enim
858 490 938 518 modo

156 527 256 556 factum
273 534 326 563 est,
342 535 371 558 ut
392 539 441 558 nos
464 539 571 566 quoque
594 541 642 567 per
665 533 802 561 Christum
820 535 939 568 vincere,

155 578 318 610 peccatoque
337 576 479 609 debellato,
492 585 524 604 at:
541 579 626 612 posita
654 580 826 614 corruptione
837 600 844 612 ,
865 589 939 608 mor-

157 625 209 647 tem
224 620 339 656 eﬂ'ugere
355 629 505 656 possemus,
520 622 666 658 laetitiaque
690 624 716 650 in
735 623 846 652 Christo
867 626 936 660 pleni

993 264 1143 300 ὑπομείνας
1167 266 1312 302 γέννησιν·
1343 267 1389 294 ἵνα
1415 269 1460 295 καὶ
1486 269 1629 305 ἄνθρωπος
1655 270 1781 304 γεγονὼς

991 310 1062 345 ὑπὲρ
1088 311 1177 346 ἡμῶν,
1199 312 1324 348 ἀποθάνῃ
1343 313 1393 348 μὲν
1417 314 1604 350 ἀνθρωπίνως,
1622 316 1730 350 ἀναστῇ
1751 314 1780 340 δὲ

991 356 1101 389 Θείκῶς,
1117 359 1241 394 πατήσας
1258 359 1305 385 τοῦ
1321 358 1435 386 θανάτου
1449 360 1480 386 τὸ
1499 361 1609 395 κράτος.
1625 360 1706 387 Οὕτω
1723 360 1779 394 γὰρ

989 399 1024 437 ἦν
1047 402 1176 430 δύνασθαι
1202 405 1249 431 καὶ
1267 405 1341 440 ἡμᾶς
1361 405 1398 437 ὡς
1421 406 1450 432 ἐν
1473 406 1584 441 Χριστῷ
1608 408 1779 442 νικήσαντας

993 449 1230 485 κατευμεγεθῆσαι
1250 451 1299 486 μὲν
1312 451 1362 485 τῆς
1379 452 1527 487 ἁμαρτίας,
1544 452 1736 479 ἀποδύσασθαι
1750 451 1780 476 δὲ

991 492 1041 528 τὴν
1057 493 1169 529 φθορὰν,
1190 495 1238 522 καὶ
1253 495 1395 530 διαδρᾶναι
1411 495 1536 528 θάνατον,
1552 496 1623 523 οὕτω
1643 505 1674 523 τε
1689 498 1779 522 εἰπεῖν

990 539 1022 564 ὲκ
1039 540 1216 575 περιχαρείας
1238 541 1288 576 τῆς
1301 542 1329 568 ὲν
1356 543 1480 578 Χριστῷ·
1498 551 1508 569 ‹
1525 543 1580 570 Ποῦ
1596 545 1612 578 ἡ
1629 543 1692 579 νίκη
1710 552 1778 575 σου,

989 582 1104 617 edita-re;
1128 585 1179 612 ποῦ
1194 586 1225 612 τὸ
1237 586 1350 622 κέντρον
1366 595 1423 620 σου,
1439 587 1508 622 ᾂδη;
1526 596 1536 612 t
1551 587 1658 622 Ὠσπερ
1675 587 1731 622 γὰρ
1748 587 1778 612 ὲν

995 628 1081 664 ’Δδὰμ
1101 629 1295 666 πεπτώκαμεν,
1318 631 1389 657 οὕτω
1410 632 1591 666 νενικήκαμεν
1608 633 1638 658 ἐν
1653 631 1778 666 Χριστῷ.

159 667 309 694 diceremus
323 676 330 694 :
348 677 358 693 ‹
377 667 427 695 [ibi
441 673 492 701 est,
507 676 589 702 mors,
611 670 722 697 victoria
744 672 811 698 tua?
833 672 878 699 ubi
893 677 934 700 est
954 673 1080 702 stimulus
1092 679 1164 708 tuus,
1184 676 1290 704 inferne
1301 677 1343 704 "?
1356 686 1366 703 ι
1384 676 1418 704 Ut
1444 677 1517 705 enim
1531 677 1557 704 in
1574 677 1661 705 Adam
1675 677 1776 704 devicti

158 719 262 746 sumus,
277 713 312 740 ita
326 721 430 741 rursum
444 714 471 742 in
487 714 594 742 Christo
610 716 768 744 devicimus.

190 757 244 786 VII.
260 759 337 792 Quod
352 760 375 787 si
392 761 510 795 vulgaris
525 766 629 788 tantum
647 761 726 789 homo
740 767 812 790 esset
826 762 935 790 Emma-

157 804 228 836 nuel,
242 806 376 839 quomodo
393 813 464 834 mors
479 807 596 834 hominis
609 807 731 834 humanae
743 813 844 836 natura:
858 817 936 844 opem

1026 765 1064 793 Z'.
1087 767 1118 794 Εἰ
1131 767 1159 794 δὲ
1177 767 1319 804 ἄνθρωπος
1337 765 1372 804 ἦν
1387 767 1474 800 κοινὸς
1490 769 1504 794 ὁ
1518 768 1705 803 Ἐμμανουήλ,
1717 768 1779 799 πῶς

989 811 1022 838 ἂν
1034 811 1158 847 ὠφέλησε
1172 814 1222 848 τὴν
1243 813 1388 849 ἀνθρώπου
1402 814 1482 848 φύσιν
1497 815 1511 841 ἑ
1523 813 1670 849 ἀνθρώπου
1695 813 1779 840 Diva.-

154 849 281 878 tttlisset!
297 851 440 879 Enimvero
465 859 518 879 non
546 853 626 888 pauci
645 858 799 881 sanctorum
825 855 936 889 prophe-

1026 865 1049 891 :;
1075 857 1170 884 Καίτοι
1196 859 1288 885 πολλοὶ
1310 859 1500 894 προαπέθανω
1527 859 1600 893 amr
1624 859 1776 894 προφῆται,

154 900 241 922 larunt
256 901 370 924 mortem
387 897 524 929 obierunt,
539 903 565 925 ut
583 898 783 927 laudatissimus
798 899 842 927 ille
856 900 939 927 Abra-

154 943 228 974 ham,
256 942 340 974 Isaac.
365 943 466 976 Iacob,
490 944 611 979 Moyses.
638 944 762 977 Samuel,
788 945 938 980 reliquique

153 988 290 1023 deinceps,
308 989 352 1023 qtti
369 990 430 1016 vita:
446 990 625 1017 sanctimonia
638 990 811 1024 claruerunt;
827 999 936 1018 verunt-

154 1040 243 1061 tamen
264 1042 336 1062 mors
364 1035 471 1062 illorum
488 1037 579 1069 generi
606 1036 724 1062 humano
739 1036 803 1063 nihil
826 1037 936 1064 omnino

153 1080 288 1107 contulit:
307 1086 334 1106 et
359 1088 422 1107 vero
439 1088 512 1108 mora
536 1080 635 1108 Christi
653 1081 765 1108 salutent
792 1083 934 1116 praestitit;

153 1126 284 1160 siquidem
300 1126 435 1161 propriam
450 1134 500 1161 pro
519 1127 596 1154 nobis
618 1126 673 1162 46
695 1135 804 1154 carnem
827 1128 934 1160 obtulit,

153 1171 288 1205 mortique
303 1170 476 1205 semetipsum
489 1171 573 1198 nostri
587 1179 668 1198 eausa
687 1174 859 1204 contradens,
876 1179 935 1198 om-

152 1223 202 1243 nes
213 1223 246 1242 ει
267 1215 362 1243 mortis
379 1215 480 1250 laqueis
497 1217 608 1243 exemit.
635 1216 710 1244 Unus
725 1216 796 1243 enim
815 1225 863 1251 pro
877 1225 935 1244 om-

152 1261 231 1289 nibus
247 1261 366 1289 moriens
387 1261 527 1294 satisfecit,
555 1268 583 1288 ut
602 1263 646 1296 qui
665 1262 807 1297 plurimum
831 1263 935 1289 cmteris

151 1308 276 1335 omnibus
307 1309 436 1344 dignitate
463 1313 612 1344 priestaret.
639 1309 706 1336 Nam
727 1315 753 1337 et
778 1309 824 1337 Dei
847 1311 935 1338 Patris

153 1353 268 1382 Verbum
285 1359 337 1386 est,
359 1359 387 1382 et
413 1359 506 1382 natura
530 1355 609 1388 Deus,
632 1362 659 1383 et
677 1363 774 1390 corpus
795 1358 864 1390 quod
886 1364 934 1391 pro

152 1401 229 1428 nobis
245 1400 270 1427 in
285 1401 394 1428 odorem
410 1402 551 1429 suavitatis
574 1401 626 1428 Deo
649 1407 676 1428 et
697 1401 769 1429 Patri
791 1402 933 1435 olferehat,

150 1448 222 1475 iiiius
241 1448 378 1483 proprium
406 1448 465 1476 fuit.
495 1447 606 1482 impium
627 1454 669 1476 est
693 1456 774 1484 ergo,
802 1449 934 1484 longeque

150 1494 384 1526 almmlissimum,
411 1502 494 1521 unum
525 1494 666 1522 Dominum
693 1499 812 1522 nostrutn
840 1493 930 1522 Jesum

150 1539 287 1566 Christum
303 1539 329 1566 in
344 1540 411 1566 duos
426 1540 495 1566 ﬁlios
515 1539 651 1572 divellere,
666 1541 783 1568 maxime
806 1549 867 1568 cutn
889 1549 932 1568 sa-

150 1585 336 1620 pientissimus
353 1585 452 1613 Paulus
474 1585 537 1612 huic
555 1586 698 1613 sententia:
723 1586 823 1613 diserte
846 1587 932 1614 recla-

150 1637 214 1660 met.
229 1632 274 1659 Ait
293 1632 363 1659 enim
381 1640 388 1658 :
408 1641 418 1657 ι
439 1631 514 1659 Unus
531 1632 670 1664 Dominus,
689 1641 741 1659 una
761 1633 837 1665 ﬁdes,
850 1640 932 1660 unum

149 1677 281 1711 baptisma
294 1677 327 1704 ".
347 1687 358 1704 ι
376 1676 441 1704 Nant
456 1677 478 1704 si
495 1685 565 1704 unus
583 1677 713 1704 duntaxat
730 1683 771 1704 est
792 1678 932 1710 Dominus,

149 1731 229 1756 quem
244 1723 280 1750 illi
297 1723 324 1750 in
341 1724 407 1750 duos
424 1723 494 1750 ﬁlios
508 1723 682 1755 distrahunt,
696 1723 762 1756 utri,
781 1731 885 1758 quaeso.
897 1731 931 1750 ex

150 1769 203 1797 illis
226 1768 418 1796 dominationis
437 1768 548 1803 gloriam
571 1768 791 1803 nssignabimus?
822 1770 861 1795 An
886 1769 931 1796 Dei

149 1814 238 1842 Patris
253 1815 343 1849 genito
357 1814 465 1842 Verbo?
476 1815 503 1841 in
522 1815 593 1841 hunc
606 1822 731 1849 namque,
745 1822 804 1841 cum
825 1815 932 1842 univer—

149 1867 239 1887 sorum
253 1859 381 1886 Dominus
396 1859 484 1894 reipsa
499 1859 535 1886 sit
545 1877 552 1891 ,
565 1863 591 1886 et
609 1860 761 1886 dominatus
775 1867 889 1891 nomen,
904 1863 932 1886 ct

148 1913 193 1932 res
210 1905 268 1939 ipsa
283 1912 392 1940 quoque
407 1897 492 1932 multo
507 1907 624 1933 maxime
637 1906 776 1932 convenit.
793 1906 865 1933 Cedo
883 1913 931 1932 au-

149 1957 215 1983 tem,
234 1958 288 1985 quo
301 1951 409 1978 interim
434 1951 493 1978 loco
518 1951 632 1978 alterunt
656 1951 731 1978 illum
751 1951 932 1978 habebimus?

147 1996 214 2024 Nam
231 2004 292 2023 eutn
316 1996 361 2024 hic
382 1996 464 2031 priori
490 1996 541 2028 illi,
564 1999 657 2031 utpote
681 1996 794 2024 inﬁnitis
809 1996 932 2030 partibus

146 2041 300 2075 excelsiori,
318 2041 379 2076 jure
396 2042 546 2076 meritoque
569 2049 695 2069 cessurus
716 2043 761 2074 sit,
787 2049 928 2069 necessum

146 2092 189 2116 est
217 2092 247 2115 ut
270 2087 461 2115 dominationis
487 2087 592 2115 titulum
617 2095 730 2122 prorsus
753 2088 869 2115 amittat.
896 2089 931 2115 At

146 2133 338 2161 dominationis
353 2134 456 2169 gloria,
478 2139 506 2160 ut
526 2133 563 2160 illi
587 2133 636 2167 ipsi
656 2133 701 2168 qui
722 2138 859 2168 separant,
887 2133 930 2160 di-

995 902 1120 938 ’Λόραὰμ
1144 904 1247 935 ἐκεῖνος
1269 906 1284 931 ὁ
1305 905 1462 940 διαϐόητος,
1482 905 1584 935 Ἰσαὰκ,
1600 904 1648 931 καὶ
1667 903 1777 935 Ἰαιὰὼὸ,

988 948 1090 984 Μωσῆς
1105 957 1146 979 τι,
1162 950 1210 976 καὶ
1225 950 1351 986 Σαμουὴλ
1363 969 1370 981 .
1389 951 1435 977 καὶ
1456 951 1480 976 οι
1503 950 1619 986 καθεξῆς
1631 950 1777 984 γεγονότες

989 991 1061 1026 ἆγιοι
1071 1001 1077 1007 ·
1095 993 1152 1019 ἀλλ’
1163 993 1250 1028 ὢνησε
1271 995 1320 1029 μὲν
1335 995 1410 1021 οὐδὲν
1425 995 1455 1021 τὸ
1468 995 1514 1021 ἐπὶ
1528 995 1579 1028 γῆς
1596 995 1651 1020 τῶν
1665 994 1777 1029 ἀνθρὼ-

988 1045 1046 1064 πων
1062 1037 1138 1072 γένος
1154 1039 1168 1065 ὁ
1185 1039 1297 1066 ἐκείνων
1311 1039 1435 1072 θάνατος,
1447 1040 1550 1066 σέσωκε
1564 1039 1592 1066 δὲ
1606 1040 1620 1065 ὁ
1633 1039 1754 1075 Χριστοῦ
1767 1047 1774 1054 ·

988 1083 1191 1119 προσκεκόμικε
1210 1086 1265 1120 γὰρ
1283 1085 1352 1120 ὑπὲρ
1368 1085 1446 1120 ἡμῶν
1461 1085 1509 1120 τὴν
1524 1085 1591 1111 ἰδίαν
1613 1086 1715 1119 σάρκα,
1728 1085 1777 1110 καὶ

986 1129 1048 1161 δοὺς
1062 1129 1163 1165 αὐτὴνὶ
1194 1129 1233 1165 τῷ
1247 1130 1354 1165 θανάτῳ
1377 1130 1411 1157 δι’
1432 1131 1516 1165 ἡμᾶς,
1537 1131 1641 1162 πάντας
1657 1130 1777 1162 ἐξεῖλε-,η

985 1175 1040 1201 τῶν
1063 1175 1110 1202 τοῦ
1131 1175 1248 1202 Θανάτου
1271 1175 1389 1211 δεσμῶν.
1412 1176 1532 1211 Ἥρκεσε
1558 1175 1612 1211 γὰρ
1641 1174 1681 1207 εἷς
1704 1175 1776 1209 ὑπὲρ

987 1221 1096 1247 πάντων
1120 1220 1264 1248 ἀποθανὼν
1292 1223 1306 1248 ὁ
1331 1222 1440 1249 πάντων
1463 1221 1628 1257 ἀξιώτερος,
1656 1221 1699 1248 ὅτι
1727 1222 1776 1247 καὶ

987 1266 1068 1300 φύσει
1084 1267 1151 1298 Θεὸς
1165 1267 1180 1293 ὸ
1193 1267 1226 1294 ἐκ
1240 1267 1345 1302 Πατρός
1361 1269 1419 1295 ἐστι
1432 1268 1530 1302 Λόγος,
1544 1275 1591 1294 και
1609 1267 1675 1293 ίδιον
1690 1265 1775 1293 αὐτοῦ

987 1310 1076 1345 σῶμα,
1091 1311 1122 1337 τὺ
1138 1311 1204 1347 ὒπὲρ
1221 1312 1300 1346 ήμῶν
1315 1313 1355 1344 εἰς
1367 1313 1455 1348 ὀσμὴν
1469 1312 1582 1344 εὐωδίας
1597 1312 1636 1348 τῷ
1648 1311 1711 1346 Θεῷ
1726 1312 1775 1338 καὶ

988 1356 1074 1391 Πατρὶ
1091 1357 1372 1392 προσκεκομισμένον.
1396 1357 1500 1385 οὐκοῦν
1524 1357 1622 1389 ἀσεϐὲς
1632 1377 1640 1388 ,
1655 1357 1705 1383 καὶ
1718 1357 1775 1383 τῶν

985 1401 1045 1428 λίαν
1062 1402 1270 1435 ὲκτοπωτάτων,
1285 1402 1316 1429 τὸ
1327 1402 1437 1439 τέμνειν
1450 1404 1489 1436 είς
1505 1403 1580 1435 υἱοὺς
1596 1403 1646 1430 δύο
1663 1402 1708 1429 τὸν
1724 1402 1774 1428 ἕνα

984 1447 1086 1484 Κύριον
1103 1448 1206 1484 Ἰησοῦν
1229 1449 1355 1485 Χριστόν.
1374 1450 1559 1482 Ἀντιτὰξεται
1579 1449 1607 1476 δὲ
1622 1449 1716 1480 αὐτοῖς
1728 1448 1775 1474 καὶ

985 1494 1000 1520 ὁ
1014 1493 1168 1529 σοφώτατος
1186 1495 1292 1527 Παῦλος
1308 1495 1412 1530 λέγων’
1432 1505 1441 1521 t
1462 1494 1510 1527 Εἷς
1527 1495 1640 1530 Κύριος,
1655 1494 1707 1530 μία
1726 1494 1775 1520 πί-

985 1548 1055 1571 στις,
1077 1540 1106 1566 ἓν
1122 1540 1274 1576 βάπτισμα.
1295 1551 1304 1567 ι
1324 1542 1354 1568 Ei
1367 1541 1422 1577 γάρ
1443 1541 1501 1568 ἐστι
1519 1540 1622 1576 Κύριος
1637 1537 1678 1571 εἷς
1714 1537 1776 1566 εἶτα

985 1585 1115 1620 τέμνουσι
1126 1595 1198 1618 τινες
1218 1588 1257 1620 είς
1273 1587 1320 1615 δύο
1336 1587 1411 1619 uicit;
1431 1587 1476 1614 τὸν
1492 1587 1552 1618 ἕνα,
1573 1586 1627 1612 τίνι
1649 1585 1701 1621 τὴν
1723 1585 1775 1620 τῆς

985 1632 1145 1667 κυριότητος
1158 1632 1237 1665 δόξαν
1252 1633 1453 1669 περιθήσομενς
1477 1631 1532 1668 ἆρα
1554 1632 1594 1668 τῷ
1616 1633 1649 1658 ὲκ
1665 1631 1775 1666 Πατρὶς

985 1676 1066 1711 φύντι
1089 1678 1184 1713 Λόγῳ;
1202 1678 1304 1714 πρέπει
1328 1679 1384 1714 γὰρ
1406 1678 1480 1713 αὐτῷ
1493 1678 1522 1705 τὺ
1537 1679 1587 1713 τῆς
1610 1677 1775 1712 κυριότητος

984 1722 1072 1757 ὗνομά
1083 1731 1112 1749 τε
1130 1723 1248 1758 μάλιστα
1261 1724 1307 1750 καὶ
1320 1723 1425 1759 χρῆμα,
1440 1723 1487 1750 καὶ
1501 1722 1574 1749 ἔστιν
1594 1721 1703 1757 ἀληθῶς
1715 1720 1774 1747 ’τῶν

984 1767 1054 1794 ὅλων
1068 1769 1217 1803 Δεσπότης.
1235 1766 1302 1796 Εἶτα
1319 1769 1381 1796 ὅποι
1395 1769 1460 1795 ποτὲ
1473 1769 1519 1795 τὸν
1533 1768 1626 1804 ἕτερον
1636 1767 1772 1803 θήσομενς

984 1813 1038 1846 ἔξω
1061 1813 1116 1850 γὰρ
1130 1814 1251 1841 κείσεται
1267 1815 1314 1842 τοῦ
1329 1813 1398 1841 εἶναι
1417 1814 1530 1849 Κύριος,
1543 1814 1718 1850 παραχωρῶν
1734 1814 1774 1848 τῷ

984 1860 1200 1895 προῦπάρχοντι,
1221 1861 1269 1887 καὶ
1285 1859 1459 1896 ἀσυγκρίτως
1477 1860 1672 1895 ὑπερηρμένῳ.
1691 1858 1773 1885 Ἀ).ὶά

983 1905 1023 1941 τῷ
1038 1906 1069 1932 ὲκ
1084 1906 1222 1940 γυναικὸς,
1238 1905 1276 1938 ὡς
1292 1906 1368 1933 αὐτοί
1389 1914 1471 1940 φασιν
1489 1905 1709 1937 ὰποδιιοτάντες,
1723 1904 1774 1934 τὴν

983 1952 1034 1987 τῆς
1060 1951 1219 1987 κυριότητος
1243 1951 1384 1987 ἀνάψομεν
1401 1951 1489 1984 δόξαν.
1516 1948 1584 1978 Εῐτα
1609 1950 1670 1982 πῶς
1695 1951 1773 1976 ἔσται

983 1997 1085 2032 Κύριος
1106 1998 1120 2024 ό
1139 1997 1172 2024 ἐχ
1191 1996 1259 2024 Θεοῦ
1277 1997 1384 2033 Πατρὸς
1403 1997 1499 2031 Λόγος,
1525 1997 1603 2032 εἴπερ
1620 1996 1698 2027 ὄντος
1713 1995 1772 2026 ἑνὸς

982 2042 1097 2077 Κυρίου,
1114 2041 1185 2068 κατὰ
1206 2042 1256 2074 τὰς
1279 2042 1409 2078 Γραφὰς,
1433 2041 1569 2078 ἀνθρώπῳ
1583 2041 1654 2077 ψιλῷ
1672 2041 1705 2067 τὸ
1721 2041 1770 2075 τῆς

982 2087 1141 2123 κυριότητος
1153 2088 1238 2123 ὄνομα
1250 2087 1437 2123 χαριούμεθας
1461 2088 1523 2119 Πῶς
1541 2087 1570 2114 δὲ
1586 2087 1634 2114 καὶ
1658 2086 1710 2122 μία
1726 2085 1772 2112 πί-

982 2141 1059 2166 στις;
1073 2133 1090 2169 ἢ
1105 2133 1163 2165 πῶς
1176 2134 1204 2160 ἓν
1216 2133 1247 2160 τὸ
1259 2134 1417 2169 summa;
1433 2134 1465 2160 Et
1480 2134 1534 2169 γὰρ
1548 2133 1601 2160 υἱοὶ
1614 2132 1677 2166 δύο,
1702 2132 1771 2159 κατά

145 2184 222 2211 cunt,
238 2187 254 2207 ο
270 2179 383 2207 muliere
398 2184 529 2215 prognan
544 2179 687 2206 tribuetur.
703 2179 769 2206 Cum
790 2179 873 2213 igitur
885 2187 930 2206 sa~

1026 2188 1069 2211 ας,
1091 2179 1131 2211 είς
1150 2179 1210 2205 τινα
1235 2179 1416 2215 πιστεύομεν;
1438 2179 1495 2214 Τῆς
1514 2178 1626 2205 ἐκείνων
1649 2177 1770 2212 ἀμαθίας

144 2232 252 2252 crarum
279 2225 443 2253 Litterarum
470 2225 640 2257 testimonio,
659 2233 730 2253 unus
755 2230 861 2252 tantum
891 2225 928 2253 sit

145 2271 293 2304 Dominus;
309 2271 333 2299 si
348 2271 539 2298 dominationis
560 2270 717 2298 vocabulum
734 2272 805 2298 nudo
823 2271 926 2299 homini

982 2224 1062 2260 ἔργον
1082 2224 1115 2251 ἂν
1131 2223 1173 2260 εἴη
1189 2224 1288 2258 λέγειν,
1314 2224 1354 2256 είς
1368 2233 1394 2259 γι
1421 2225 1495 2257 τίνος
1524 2225 1611 2259 ὃνομα
1637 2223 1769 2259 βεϐαπτί-

983 2270 1080 2306 σμεθα,
1096 2270 1183 2297 καίτοι
1200 2271 1387 2306 βαπτίσματος
1405 2271 1480 2303 ὄντος
1495 2271 1564 2302 ἑνός.

145 2317 327 2352 impartimur,
356 2319 492 2353 quomodo
512 2318 558 2345 Dei
580 2317 668 2345 Patris
700 2318 818 2346 Verbum
847 2318 1038 2346 dominationis
1069 2317 1249 2352 appellatione
1272 2318 1530 2346 cohonestahimus?
1544 2319 1686 2352 Quomodo
1709 2325 1770 2345 rur-

143 2370 202 2389 sum
228 2370 279 2390 una
294 2363 347 2391 erit
362 2364 438 2396 ﬁdes,
451 2369 479 2392 et
501 2373 583 2392 unum
611 2366 676 2393 item
704 2366 857 2400 baptisma?
876 2365 941 2393 Nam
963 2366 986 2392 si
1001 2365 1053 2392 duo
1078 2369 1141 2392 sunt
1156 2365 1214 2397 ﬁlii,
1236 2369 1265 2392 ut
1285 2365 1394 2400 quidam
1413 2365 1567 2400 opinantur,
1587 2365 1614 2392 in
1632 2371 1714 2399 quem
1736 2371 1768 2391 el

143 2409 196 2437 illis
213 2409 370 2437 credimus?
387 2409 494 2438 illorum
517 2411 630 2439 inscitia:
651 2412 703 2439 erit
728 2413 833 2445 dicere,
853 2412 878 2439 in
899 2412 976 2447 cujus
995 2411 1076 2439 etiam
1100 2411 1220 2439 nomine.
1245 2411 1374 2445 haptizati
1405 2418 1517 2444 sumus,
1543 2419 1606 2438 cum
1633 2416 1717 2438 unum
1735 2410 1772 2438 sit

143 2455 290 2489 baptisma.

178 2502 245 2530 Vill.
261 2502 389 2539 lntelligit
403 2504 546 2539 prudentia
565 2509 654 2532 vestra
677 2505 837 2540 perspicue,
853 2506 924 2533 iusa-

1026 2506 1058 2531 Ψ.
1076 2504 1145 2531 Ἀλλ’
1160 2505 1212 2540 ὁρᾷ.
1228 2513 1281 2532 που
1293 2505 1402 2537 πάντως
1422 2506 1439 2540 ἡ
1454 2505 1484 2531 ὲν
1497 2504 1562 2540 ὑμῖν
1580 2504 1709 2539 ἀγχίνοια
1726 2512 1770 2539 με·

143 2555 205 2576 Ittm
220 2549 290 2576 hanc
306 2550 456 2576 doctrinam
476 2550 502 2576 iu
519 2558 643 2585 magnam
667 2551 858 2577 ahsurditatent
884 2550 927 2578 in-

1026 2550 1082 2577 ιντά
1094 2559 1124 2577 τε
1149 2550 1196 2576 τὸν
1211 2550 1258 2576 ἐπὶ
1273 2550 1361 2586 τούτῳ
1379 2550 1468 2585 λόγον,
1492 2550 1540 2576 καὶ
1556 2550 1768 2585 καταπιόμενον

141 2594 257 2627 elinare,
271 2595 327 2622 imo
340 2603 405 2623 vero
422 2596 448 2623 in
468 2601 618 2623 extremam
645 2597 810 2631 impietatem
833 2598 928 2632 przeci-

1031 2604 1063 2630 γε
1088 2596 1118 2622 τὸ
1135 2596 1260 2629 ἀκαλλὲς,
1288 2596 1388 2632 μᾶλλον
1410 2596 1460 2631 ἠδη
1485 2597 1532 2622 καὶ
1556 2596 1626 2630 πρὸς
1651 2596 1767 2630 ἐσχάτην

142 2638 224 2672 pitem
240 2638 315 2666 ferri.
328 2639 458 2668 Existimo
473 2646 562 2668 autem
577 2648 634 2673 vos,
648 2648 708 2676 qua:
725 2641 844 2669 divinum
861 2641 925 2669 illud

1026 2641 1108 2669 Ξόειαν
1120 2641 1418 2679 ἀπονενευκότα.οῐμαι
1428 2642 1457 2670 δὲ
1469 2642 1522 2669 δεῖν
1530 2642 1542 2662 lt
1555 2643 1641 2678 ὑμᾶς,
1653 2643 1685 2669 τὺ
1697 2642 1767 2669 θεῖον

182 2715 205 2730 ⁸⁸
223 2715 308 2745 lCor.
325 2725 371 2749 xv,
389 2717 431 2744 l3.
470 2719 492 2734 "
505 2718 592 2753 Ephcs
606 2726 644 2751 tv,
657 2719 684 2747 5.

678 2797 764 2826 Varia:
781 2799 908 2828 lectiones
928 2801 1029 2830 codicis
1045 2802 1223 2838 Seguicriaui.

181 2859 191 2886 ί
208 2859 312 2888 ᾶαυπόν.
331 2862 411 2889 αὐτόν
425 2863 451 2890 in
463 2871 513 2891 nis.
530 2864 715 2899 Scauicriauo.
756 2866 769 2886 ¹ι
781 2867 824 2901 δή.
