1883 3056
87 163 102 192 1
107 162 170 191 209

647 156 829 186 DE-llECTA
849 155 926 184 FIDE
946 155 992 182 AD
1015 152 1176 182 REGINAS.

1648 143 1718 172 1210

87 216 183 245 αὐτοῦ
206 215 489 251 πολυπραγμονούσης
511 214 670 249 μυστήριον,
693 213 748 245 ὸξεί
767 213 885 244 διανοίας

979 211 1036 239 risti
1062 209 1222 246 mysterium
1249 206 1402 234 accuratius
1424 202 1589 240 expenditis,
1614 202 1718 237 perspi-

87 262 205 298 6μματι
225 260 345 296 καθορᾷ-1
367 260 430 292 τοὺς
455 259 638 295 συναρπάζειν
655 259 813 290 ἐθέλοντας,
835 258 883 285 καὶ

89 307 270 342 προσωπεῖον
286 306 336 341 μὲν
362 305 472 337 εὐσεϐὲς
489 306 545 337 τοῖς
562 305 637 338 ἰδίοις
651 305 884 341 περιπλάττοντας

90 352 201 387 λόγοις,
217 351 319 387 βολίδος
331 360 361 386 γε
375 351 428 387 μὴν
444 351 551 386 ἁπάσης
572 351 697 386 ὀξύτερον
709 351 819 385 ἔχοντας
833 350 883 376 αὺ-

91 399 174 430 τούς.
194 397 350 432 ’Δρνοῦντσι
369 397 418 432 μὲν
433 397 498 432 γὰρ,
517 397 579 423 ὅσον
593 395 661 433 ἦκεν
675 398 761 423 εἰπεῖν
776 398 816 428 είς
836 396 883 423 δύ-

92 452 184 479 ναμιν
197 443 326 477 ἀληθείας
337 463 345 475 ,
372 443 418 469 τὸν
434 442 607 478 ἀγοράσαντα
621 442 719 473 αὐτοὺς
733 442 882 477 Δεσπότην,

94 488 226 515 τουτέστι
239 487 367 523 Χριστόν.
384 487 506 519 Δεδιότες
527 487 555 513 δὲ
578 486 631 514 τῶν
654 486 774 513 εὐσεϐεῖν
790 486 883 512 εἰωθό-

94 542 155 560 των
175 533 225 565 τὰς
248 533 295 559 ἐπὶ
309 533 377 568 τῷδε
418 532 524 565 λύπας,
552 532 599 560 καὶ
622 533 712 568 μέντοι
734 532 814 567 ζῆλον
838 532 884 558 τὸν

95 576 264 613 ἇξιάγαστον
276 594 285 611 -,
302 578 491 614 ὁμολογοῦσιν,
512 579 553 606 ὅτι
576 578 624 605 καὶ
644 578 710 609 Θεός
731 579 803 604 ἐστιν
822 578 836 603 ὁ
852 578 885 604 ὲκ

95 624 151 667 τῆς
173 624 254 658 ἁγίας
269 625 406 660 Παρθένου
421 623 632 659 γεγεννημένος,
648 623 694 650 καὶ
708 624 761 658 μὴν
781 623 822 650 ὅτι
837 623 884 650 καὶ

97 670 204 706 Κύριος
217 689 225 702 ,
253 670 300 696 καὶ
323 670 387 701 Υίὺς
411 669 458 696 τοῦ
480 669 558 696 Θεοῦ.
579 669 635 696 Καὶ
655 669 679 695 εἰ
703 669 751 704 μέν
768 677 809 700 τις
829 668 884 696 τῶν

103 714 202 742 ἁπλῶν
215 715 278 747 τοὺς
293 716 358 751 παρ’
372 715 462 742 αὐτῶν
482 714 592 750 δέξηται
607 715 713 748 λόγους,
724 716 812 750 νομιεῖ
820 724 883 748 που,

98 760 173 786 κατὰ
182 760 213 786 τὸ
233 760 317 793 εἰκὸς,
339 760 406 796 ὀρθὰ
419 760 467 786 καὶ
481 761 575 787 εἰκότα
588 759 687 795 λέγειν,
702 761 749 787 καὶ
761 762 818 792 τοῖς
833 761 884 795 τῆς

98 806 232 842 ἀληθείας
249 807 299 834 οὐκ
314 807 451 842 ἀπᾴδοντα
461 806 605 842 δόγμασιν.
620 807 651 833 El.
661 807 689 833 δὲ
701 807 733 842 δή
745 815 786 840 τις
798 807 884 833 ἕλοιτο

100 853 265 888 κατισχνοῦν
292 854 353 885 ταῖς
373 852 497 888 ἐρεύναις
520 853 637 885 αὐτοὺς,
664 854 712 879 καὶ
735 853 766 879 τὺ
782 852 883 888 ἀκριϐῆ

101 899 238 925 ποιεῖσθαι
261 899 314 925 τῶν
334 899 485 934 εἰρημένων
501 899 550 934 τὴν
574 899 700 934 βάσανον,
718 899 767 934 οὐχ
784 898 885 926 ἁπλοῦν

101 944 223 980 εὑρήσει.
236 943 297 971 Εἰσὶ
310 944 358 980 μὲν
373 944 427 980 γὰρ
440 944 496 971 θεοὶ
509 944 613 977 πολλοὶ,
627 945 674 971 καὶ
688 945 778 980 κύριοι
794 945 888 972 πολλοὶ

101 988 132 1016 ιν
148 998 179 1016 τε
195 989 303 1025 οὐρανῷ
318 990 365 1016 καὶ
379 989 426 1016 ἐπὶ
442 990 491 1025 τῆς
502 990 564 1025 γῆς,
575 990 646 1017 καθὰ
662 991 710 1018 καὶ
723 991 737 1017 ὁ
753 991 887 1027 μακάριος

101 1035 171 1070 ἡμῖν
187 1034 288 1070 γράφει
304 1033 418 1066 Παῦλος.
439 1044 448 1061 ι
473 1034 553 1061 Ἀλλὰ
571 1035 637 1070 ἡμῖν
656 1033 695 1066 εἷς
718 1035 812 1066 Θεὺςὸ
827 1036 885 1062 Πα-

100 1080 154 1116 τὴρ
164 1100 172 1113 ,
194 1080 224 1113 ἐξ
237 1078 267 1107 οὗ
281 1081 314 1108 τὰ
333 1080 421 1107 πάντα
432 1100 439 1113 ,
460 1080 511 1114 ,καὶ
528 1081 608 1116 ἡμεῖς
621 1081 661 1113 είς
673 1081 769 1108 αὐτόν·
785 1082 833 1108 καὶ
846 1078 886 1114 εἷς

100 1126 204 1162 Κύριος
222 1125 325 1160 Ἰησοῦς
338 1125 466 1161 Χριστὸς,
479 1125 513 1152 δι’
526 1122 557 1152 οὗ
571 1126 606 1153 τὰ
621 1126 722 1158 πάντα,
743 1128 792 1153 καὶ
804 1126 886 1161 ἡμεῖς

99 1171 136 1198 δι’
151 1171 244 1199 αὐτοῦ.
256 1181 266 1197 ι
282 1171 355 1207 Πλὴν
368 1172 433 1198 ὅταν
447 1171 550 1206 Ἰησοῦν
561 1172 678 1208 Χριστὸν
693 1171 884 1208 ὀνομάζωμεν,

97 1216 147 1243 τὸν
168 1217 201 1243 ἐκ
222 1215 289 1243 Θεοῦ
311 1216 420 1251 Πατρδς
443 1217 530 1251 Λόγον
554 1217 583 1243 ὲν
606 1217 764 1253 ἀνθρωπεία
793 1219 884 1253 μορφῇ

100 1261 242 1298 πεφηνότα
257 1262 435 1298 σημαίνομεν,
448 1263 496 1290 οὐκ
509 1264 538 1290 ἐν
551 1263 659 1298 χάριτος
677 1265 755 1299 μέρει
773 1264 821 1290 καὶ
835 1265 886 1290 ἐπ-

99 1307 184 1334 ακτὸν
209 1305 308 1341 ἔξωθεν
332 1307 428 1343 ἔχοντα
450 1308 479 1335 τὺ
500 1308 623 1343 ἀξίωμα,
646 1308 714 1335 ἀλλὰ
728 1308 793 1336 εντα
807 1309 886 1336 τοῦτο

99 1353 172 1380 κατὰ
187 1351 325 1388 ἀλήθειαν,
348 1353 417 1389 ὅπερ
439 1351 510 1381 εἶναι
529 1353 718 1381 πεπίστευται.
741 1354 807 1386 Θεὸς
831 1354 885 1390 γὰρ

99 1398 138 1426 ὢν
151 1399 231 1434 φύσει
246 1400 292 1426 καὶ
306 1399 367 1434 δίχα
387 1398 498 1435 σαρκὸς,
515 1398 654 1434 μεμένηκε
668 1399 734 1430 Θεὸς
752 1399 799 1426 καὶ
816 1400 885 1434 μετὰ

101 1445 218 1481 σαρκός·
235 1445 283 1472 καὶ
304 1445 367 1477 Υἱὸς
380 1445 417 1471 ὢν
432 1444 512 1480 φύσει
527 1445 575 1472 καὶ
601 1445 653 1480 πρὸ
670 1445 780 1481 σαρκὸς,
799 1446 885 1481 μεμέ-

65 1514 69 1518 .
100 1498 183 1534 νηκεν
195 1489 259 1521 Υἱὸς
279 1489 327 1516 καὶ
346 1490 414 1525 ὅπερ
428 1489 437 1508 ι
454 1489 549 1524 γέγονε
571 1488 638 1523 σάρξ
649 1497 656 1503 ·
671 1489 717 1515 καὶ
730 1489 832 1524 Κύριος
848 1488 885 1515 ὢν

101 1535 210 1571 ἀληθῶς
228 1535 283 1562 τῶν
299 1535 377 1567 ὅλων,
394 1536 423 1561 ὲν
446 1535 535 1571 τοιᾷδε
557 1535 638 1561 πάλιν
662 1535 758 1570 ὁρᾶται
779 1534 842 1571 δόξῃ
854 1540 884 1565 ω,

103 1583 150 1608 καὶ¹
164 1582 193 1608 ὲν
207 1580 398 1616 ἀνθρωπότητι
413 1580 542 1615 γεγονώς.
555 1580 658 1607 Οὐκοῦν
673 1582 697 1607 εί
711 1580 776 1607 Θεὸν
791 1580 887 1615 ἀληθι-

102 1627 148 1654 νὸν
165 1624 234 1654 εἶναι
249 1627 357 1661 λέγουσι
375 1626 421 1653 τὸν
435 1627 467 1653 ὲκ
479 1627 527 1661 τῆς
543 1626 622 1660 ἁγίας
641 1626 778 1662 Παρθένου
790 1634 886 1660 γεγεν-

103 1672 229 1707 νημένον,
248 1672 373 1699 τουτέστι
386 1671 431 1698 τὺν
446 1673 477 1698 ἐκ
495 1671 560 1698 Θεοῦ
577 1671 682 1706 Πατρὸς
702 1671 799 1705 Λόγον,
817 1671 887 1698 κατὰ

104 1719 186 1753 φύσιν
201 1718 335 1745 ένωθέντα
351 1717 497 1754 σαρκὶ,διὰ
511 1717 537 1744 τί
552 1718 670 1745 δεδίασιν
684 1717 886 1753 ὁμολογεῖν,ὅτι

103 1763 231 1795 Θεοτόκος
250 1764 323 1791 ἐστὶν
336 1764 353 1799 ἡ
370 1764 435 1798 ἁγία
448 1764 602 1799 Παρθένος;
623 1763 704 1790 Ἀλλὰ
718 1763 818 1795 σκοπὸς
837 1763 886 1790 αὑ-

105 1810 162 1841 τοῖς
175 1809 391 1836 ὑποπλάττεσθαι
406 1809 466 1844 μὲν,
482 1809 530 1835 καὶ
544 1808 643 1842 λέγειν,
655 1809 695 1836 ὅτι
711 1809 756 1835 να“ι
768 1809 814 1835 καὶ
822 1809 888 1841 Θεός

104 1853 174 1884 ἐστι,
197 1854 244 1880 καὶ
267 1852 368 1889 Κύριος
381 1873 388 1885 ,
402 1853 449 1879 καὶ
466 1852 619 1889 συνεδρεύει
642 1852 680 1887 τῷ
704 1853 802 1888 Πατρί.
819 1854 887 1888 Φρο-

105 1899 181 1926 νοῦσί
194 1907 226 1934 γε
250 1898 303 1934 μὴν
317 1899 366 1934 οὐχ
379 1898 451 1925 οὕτω
473 1900 543 1925 κατὰ
567 1898 707 1933 ἀλήθειαν,
723 1899 781 1926 ἀλλ’
805 1899 842 1931 ὡς
858 1901 887 1926 ὲν

105 1945 214 1982 χάριτος
237 1944 326 1981 μέρει,
342 1944 389 1971 καὶ
407 1944 444 1976 ὼς
460 1945 492 1971 ὲκ
512 1945 652 1980 προκοπῆς
676 1944 797 1972 δεδόσθαι
821 1946 888 1980 φασὶ

104 1991 144 2026 τῷ
168 1991 201 2017 ἐκ
217 1990 267 2025 τῆς
290 1990 370 2024 ἁγίας
395 1989 532 2025 Παρθένου
548 1989 630 2025 κοινῷ
656 1989 715 2017 καθ’
742 1991 817 2026 ἡμᾶς
839 1992 887 2018 ἁν-

105 2036 206 2073 θρὼπιρ
219 2036 411 2072 γεγεννημένῳ
431 2037 481 2072 τήν
505 2045 535 2063 τε
554 2037 604 2073 τῆς
624 2037 747 2072 old-meo;
768 2038 815 2064 καὶ
837 2037 888 2073 τῆς

107 2082 266 2118 κυριότητος
284 2082 373 2115 δόξαν.

140 2219 178 2246 8’.
194 2218 255 2245 Ὅτι
268 2218 296 2245 δὲ
310 2219 357 2245 καὶ
370 2218 387 2253 ἡ
406 2218 549 2251 Θεοτόκος
573 2218 649 2254 φωνὴ
664 2218 711 2245 καὶ
732 2219 823 2251 αὐτοῖς
842 2218 889 2253 γέ-
905 2234 928 2262 D

105 2272 167 2299 γονε
182 2263 301 2299 συνήθης
313 2264 370 2295 τοῖς
384 2263 437 2298 πρὸ
449 2263 528 2298 ἡμῶν
543 2263 631 2298 ἁγίοις
643 2264 793 2299 Πατράσιν,
803 2264 828 2291 οἳ
840 2265 888 2292 καὶ

105 2306 150 2337 ἐπ’
165 2308 231 2346 ὀρθῇ
244 2309 429 2345 θαυμάζονται
441 2310 540 2341 πίστει,
550 2310 596 2336 καὶ
611 2310 650 2342 είς
663 2309 743 2345 δεῦρο
754 2311 820 2337 πᾶσι
831 2312 888 2343 τοῖς

105 2355 157 2382 ἀνὰ
173 2355 275 2387 πᾶσαν,
292 2355 330 2386 ὡς
343 2354 408 2385 ἔπος
426 2355 523 2387 εἰπεῖν,
544 2353 595 2388 τὴν
617 2354 663 2380 ὑπ’
682 2353 807 2388 οὐρανὸν,
832 2354 888 2381 δεῖν

106 2399 199 2437 ᾠήθην
212 2399 320 2436 ἀληθῶς
333 2399 481 2434 ἀποφῆναι.
493 2399 553 2426 Ἵνα
564 2398 618 2434 γὰρ
636 2398 673 2435 μὴ
688 2398 794 2435 δοκοίην
805 2399 835 2425 τὺ
848 2399 889 2431 είς

107 2447 168 2474 νοῦν
189 2444 257 2482 ἧκον
280 2445 375 2477 ἅπλῶς
389 2443 577 2476 ἀϐασανίστως
591 2444 689 2478 λέγειν,
705 2445 738 2471 ὲκ
751 2444 805 2471 τῶν
819 2444 890 2471 ὲκεί-

109 2502 164 2524 νοις
187 2492 378 2527 πεποιημένων
403 2491 514 2526 βιὸλίων
537 2490 566 2517 ὲν
585 2489 778 2527 Ἐκκλησίᾳιι,
798 2491 832 2518 τὰ
849 2491 889 2524 είς

107 2538 186 2566 τοῦτο
209 2539 334 2574 χρήσιμα
357 2535 586 2571 συνεισενεγκὼν,
621 2537 668 2563 καὶ
690 2537 824 2572 παραθεὶς
849 2538 889 2570 είς

109 2585 255 2619 ἀπόδειξιν,
267 2584 466 2620 κατασφραγιῶ
477 2587 490 2600 °
503 2583 544 2615 εἰς
553 2583 682 2618 ἀλήθειαν
691 2584 755 2615 τοὺς
767 2583 888 2619 ἐμαυτοῦ

108 2630 212 2666 λόγους.
224 2632 297 2666 Ἔφη
312 2630 402 2658 τοίνυν
413 2630 451 2662 ὡς
462 2628 570 2665 ἀληθῶς
582 2629 595 2656 ὁ
610 2629 808 2665 τρισμακάριος
819 2630 865 2657 καὶ
874 2635 888 2655 P

143 2708 166 2726 "
181 2707 192 2735 l
207 2708 270 2737 Cor.
282 2715 342 2742 vni,
356 2708 384 2735 6.

900 1556 922 1585 C

934 259 991 287 caci
1007 258 1105 285 mentis
1123 256 1203 284 oculo
1222 255 1281 282 illos
1299 254 1497 283 internoscere,
1516 249 1560 285 qui
1585 249 1719 283 impostu—

934 312 992 332 ram
1006 303 1164 335 moliuntur,
1179 300 1350 334 orationique
1371 305 1425 325 sua:
1450 295 1558 332 pietatis
1574 301 1718 329 personam

935 349 1076 381 inducunt,
1093 355 1155 375 cum
1169 345 1264 381 quovis
1280 344 1390 372 interim
1406 345 1538 369 venenato
1548 338 1638 374 jaculo
1658 345 1718 364 ma-

934 395 975 429 gis
995 393 1094 421 feriant
1108 400 1116 418 :
1133 399 1194 418 nam
1208 390 1231 417 si
1244 389 1317 424 quod
1332 396 1374 415 res
1386 388 1441 421 ipsa
1454 390 1506 416 est,
1524 384 1610 419 palam
1626 382 1715 408 dicere

935 440 1009 472 licet,
1036 438 1178 466 Dominum
1206 436 1250 470 qui
1276 442 1323 462 eos
1347 432 1470 464 redemit,
1495 431 1545 457 hoc
1566 433 1617 461 est,
1635 425 1717 454 Chri-

935 489 1017 516 stum,
1047 483 1211 510 inﬁciautur.
1241 480 1437 507 Verumtamen
1470 476 1575 510 piorum
1597 473 1630 499 ob
1649 472 1718 498 hanc

935 538 992 557 rem
1016 529 1211 560 offensionem,
1239 526 1380 560 zelumque
1406 520 1579 550 aemulatione
1608 518 1718 552 dignum

935 581 1098 608 metuentes,
1113 582 1174 602 eum
1192 570 1238 609 qui
1255 580 1288 599 ex
1304 578 1382 599 sacra
1402 568 1509 603 Virgine
1524 569 1602 593 natus
1619 568 1677 594 est,
1692 566 1719 588 et

935 623 1018 650 Deum
1035 628 1062 649 et
1074 621 1229 651 Dominum,
1243 623 1271 646 et
1293 617 1341 645 Dei
1358 616 1454 643 Filium
1468 620 1530 641 esse
1544 610 1716 646 proﬁtentur.

935 666 1013 700 Quod
1027 666 1051 693 si
1073 667 1119 700 qui
1141 672 1174 692 ex
1197 662 1353 692 rudioribus
1378 660 1483 688 illorum
1498 662 1636 685 sermones
1652 653 1720 680 forte

935 713 1074 745 hauriunt,
1086 715 1159 738 recta
1171 717 1245 742 mox,
1255 713 1288 736 ut,
1300 705 1441 742 probabile
1456 708 1507 736 est,
1518 707 1544 730 et
1558 701 1611 737 47
1621 705 1720 727 conve-

935 757 1046 790 nientia,
1064 762 1091 784 et
1102 764 1162 790 quin
1178 763 1193 782 ιι
1210 755 1325 782 veritate
1338 761 1391 780 non
1409 748 1589 780 dissentiant,
1604 745 1664 772 illos
1680 743 1720 769 ιο‹

934 803 981 838 qui
995 789 1171 829 arbitrantur.
1196 799 1295 827 Verum
1314 798 1359 832 qui
1380 797 1451 823 dicta
1476 794 1580 821 illorum
1599 789 1720 818 exactius

935 852 1152 884 pcrscrutantur,
1168 853 1194 874 et
1205 845 1288 881 justis
1303 842 1467 880 ponderibus
1492 839 1659 869 examinant,
1678 835 1720 862 ni-

936 894 973 921 hil
996 901 1049 920 non
1069 894 1188 919 fucatum
1207 898 1240 918 ac
1265 889 1421 925 perplexum
1449 884 1642 920 comperiunt:
1659 886 1723 910 sunt

935 940 1007 968 enim
1022 939 1057 966 dii
1075 938 1152 966 mulli
1170 941 1198 965 et
1223 934 1325 964 domini
1348 933 1434 965 multi,
1456 937 1484 959 et
1506 931 1532 958 in
1556 929 1625 958 celo
1644 932 1672 956 et
1695 927 1721 953 in

935 990 1019 1017 terra,
1031 983 1258 1020 quemadmodum
1276 981 1383 1008 divinus
1400 978 1499 1006 Paulus
1521 976 1652 1009 scriptum
1670 980 1721 1000 no-

934 1032 977 1059 bis
993 1019 1123 1065 reliquit:
1148 1038 1158 1055 ι
1179 1028 1263 1055 Nobis
1282 1032 1372 1054 tamen
1394 1032 1463 1052 unus
1481 1027 1522 1051 est
1543 1023 1611 1049 Deus
1630 1019 1721 1050 Pater,

935 1085 968 1104 ex
984 1084 1037 1111 quo
1048 1076 1151 1108 omnia,
1169 1079 1197 1101 et
1220 1080 1269 1100 nos
1292 1072 1319 1100 in
1340 1071 1415 1099 illum
1430 1078 1436 1096 :
1460 1074 1487 1096 et
1505 1075 1576 1095 unus
1593 1064 1721 1092 Dominus

936 1127 1028 1150 noster
1043 1121 1122 1149 Jesus
1138 1120 1272 1152 Christus,
1290 1126 1336 1153 per
1352 1124 1431 1151 quem
1447 1114 1549 1145 omnia,
1567 1115 1594 1139 et
1610 1117 1659 1138 nos
1674 1115 1722 1143 per

935 1169 1024 1203 ipsum
1036 1168 1071 1194 "°.
1089 1176 1099 1193 ι
1115 1167 1248 1194 Caeterum
1269 1171 1330 1192 cum
1351 1163 1398 1189 Dei
1423 1160 1512 1188 Patris
1525 1158 1643 1186 Verbum
1666 1154 1723 1182 hu-

936 1222 1015 1241 mana
1032 1213 1117 1240 forma
1133 1212 1269 1243 indutum,
1284 1209 1376 1237 .lesum
1390 1206 1527 1235 Christum
1538 1203 1721 1232 nominamus,

936 1260 1094 1295 dignitatem
1112 1259 1185 1286 hanc
1201 1264 1254 1285 non
1272 1257 1376 1283 muneri
1394 1254 1497 1284 datam,
1512 1255 1560 1278 aut
1576 1250 1601 1277 ei
1616 1247 1720 1276 extrin-

935 1291 1014 1333 secus
1031 1303 1208 1331 adventitiam
1226 1301 1356 1336 obtigisse
1373 1297 1572 1333 significamus;
1590 1294 1637 1321 sed
1651 1291 1722 1327 quod

935 1351 1068 1379 creditum
1084 1353 1126 1376 est
1141 1354 1213 1380 esse,
1230 1347 1282 1374 hoc
1299 1346 1385 1380 ipsum
1407 1342 1558 1371 secundum
1581 1339 1721 1367 veritatem

935 1403 996 1424 esse
1008 1395 1168 1422 indicamus.
1182 1392 1250 1420 Nam
1264 1399 1325 1419 cum
1342 1394 1420 1418 extra
1434 1395 1545 1416 carnem
1565 1390 1659 1420 suapte
1675 1392 1724 1412 na-

937 1446 999 1469 tura
1018 1441 1088 1468 Deus
1104 1444 1188 1472 esset,
1203 1443 1383 1474 posteaquam
1407 1441 1516 1462 carnem
1541 1432 1636 1464 induit,
1653 1430 1724 1458 Deus

936 1495 997 1515 esse
1014 1494 1068 1514 non
1090 1485 1204 1513 destitit.
1233 1483 1351 1510 Rursum
1379 1489 1442 1510 cum
1468 1484 1531 1507 ante
1559 1481 1724 1511 assumptam

938 1540 1050 1561 carnem
1077 1530 1211 1559 naturalis
1236 1529 1283 1557 Dei
1312 1528 1398 1556 Filius
1417 1531 1504 1558 esset,
1528 1524 1636 1560 quando
1659 1530 1725 1550 caro

935 1579 990 1615 jam
1005 1579 1104 1606 factum
1123 1581 1176 1610 est,
1191 1576 1252 1604 Filii
1270 1575 1402 1603 rationem
1418 1580 1471 1600 non
1489 1571 1589 1599 amisit.
1603 1569 1724 1596 Tandem

936 1634 998 1654 cum
1011 1625 1199 1652 universorum
1215 1622 1347 1650 Dominus
1363 1624 1425 1647 ante
1446 1619 1604 1647 exsisteret,
1621 1619 1726 1650 postea-

936 1679 1018 1707 quam
1033 1670 1151 1697 humana
1167 1673 1264 1695 natura
1277 1671 1403 1694 ornatum
1417 1663 1529 1699 prodiit,
1542 1662 1576 1689 ab
1587 1668 1620 1688 eo
1631 1659 1726 1688 ordine

936 1722 965 1745 et
979 1717 1111 1752 dignitate
1125 1723 1179 1742 non
1195 1714 1306 1741 excidit.
1318 1713 1403 1748 Igitur
1413 1711 1435 1738 si
1451 1717 1525 1741 eum,
1537 1707 1582 1743 qui
1601 1715 1634 1734 ex
1648 1713 1725 1734 sacra

937 1751 1048 1797 Virgine
1064 1761 1175 1796 prodiit,
1185 1760 1237 1787 hoc
1252 1763 1293 1787 est
1308 1758 1355 1786 Dei
1368 1756 1456 1784 Patris
1464 1754 1583 1782 Verbum
1593 1751 1670 1781 carni
1681 1758 1727 1778 se-

937 1809 1055 1837 cundum
1069 1812 1193 1835 naturam
1207 1806 1323 1837 unitum,
1342 1810 1435 1830 verum
1452 1801 1538 1828 Deum
1556 1806 1616 1826 esse
1641 1804 1726 1832 agno-

938 1859 1028 1887 scunt,
1045 1862 1094 1882 cur
1113 1853 1239 1881 eamdem
1257 1850 1396 1885 Virginem
1414 1855 1473 1875 esse
1490 1847 1632 1880 Deiparam
1649 1841 1727 1869 fateri

937 1899 1087 1928 verentur?
1101 1898 1199 1926 Verum
1210 1897 1275 1931 ipsis
1283 1893 1448 1930 propositum
1460 1896 1501 1919 est
1510 1891 1582 1918 haud
1593 1896 1624 1917 ex
1637 1887 1728 1914 animo

937 1944 1059 1981 proﬁteri
1072 1943 1193 1977 Virginis
1204 1941 1302 1969 Filium
1316 1940 1400 1966 Deum
1414 1945 1446 1964 ac
1454 1936 1607 1967 Dominum,
1619 1932 1728 1960 eadem-

937 1976 990 2026 que
1000 1998 1061 2018 cum
1079 1976 1160 2016 Patre
1172 1986 1332 2016 auctoritate
1343 1983 1482 2020 prieditum
1497 1988 1567 2013 esse,
1580 1979 1626 2006 sed
1639 1976 1727 2004 verbis

939 2041 1044 2064 tantum
1056 2036 1106 2062 hoc
1116 2035 1203 2069 ipsum
1216 2032 1355 2060 simulare.
1366 2029 1527 2057 Existimant
1535 2025 1616 2056 enim,
1626 2023 1727 2051 homini

938 2081 972 2110 ad
983 2085 1100 2109 nostram
1111 2078 1313 2106 similitudinem
1322 2084 1354 2104 ex
1363 2079 1457 2102 sancta
1467 2070 1578 2107 Virgine
1585 2073 1726 2105 prognato,

939 2135 1000 2155 cum
1014 2125 1161 2156 ﬁliationis,
1175 2129 1230 2151 tum
1243 2121 1434 2150 dominationis
1444 2126 1549 2153 quoque
1559 2116 1671 2151 gloriam
1681 2121 1728 2149 per

940 2172 1051 2200 madum
1061 2170 1199 2205 cujusdam
1208 2168 1402 2204 gratim,ac‘per
1409 2170 1567 2199 progressus
1574 2158 1726 2188 obvenisse.

978 2217 1025 2245 1X.
1043 2204 1128 2244 Porro
1139 2219 1229 2242 autem
1241 2204 1333 2241 vocem
1354 2213 1434 2242 hanc,
1449 2209 1574 2243 Deipara,
1589 2205 1728 2233 veteribus

942 2261 1080 2296 Palribus,
1095 2269 1211 2297 quorum
1233 2258 1440 2287 sanctimoniam
1460 2259 1488 2283 et
1503 2254 1564 2281 ﬁdei
1586 2251 1724 2286 integrita-

942 2314 995 2338 tem
1007 2308 1193 2340 admiramur,
1210 2313 1313 2333 necnon
1328 2303 1454 2331 omnibus
1470 2301 1516 2336 qui
1533 2306 1581 2327 eos
1600 2298 1727 2330 deinceps

942 2357 1081 2390 hucusque
1091 2358 1153 2382 sunt
1170 2353 1256 2381 secuti
1274 2359 1321 2387 per
1338 2350 1494 2378 universum
1507 2348 1548 2383 (ιη
1569 2346 1605 2373 ita
1627 2343 1725 2378 dicam)

943 2406 1076 2430 terrarum
1104 2400 1215 2432 orbem,
1238 2397 1398 2425 familiarem
1422 2401 1500 2426 esse,
1528 2390 1726 2420 ostendendum

942 2455 1005 2476 esse
1021 2445 1185 2474 existimavi.
1201 2443 1241 2471 Ne
1255 2443 1326 2471 enim
1340 2441 1408 2468 citra
1419 2440 1564 2470 delectum,
1577 2445 1609 2464 ac
1626 2441 1727 2464 temere

942 2493 1073 2529 quidquid
1089 2492 1116 2519 in
1132 2496 1249 2518 mentem
1268 2488 1382 2520 venerit,
1401 2486 1509 2514 eﬂutire
1528 2484 1632 2516 videar,
1648 2489 1729 2516 argu-

941 2540 1040 2568 mentis
1062 2546 1096 2567 ex
1121 2538 1208 2570 libris,
1224 2544 1291 2571 quos
1315 2535 1353 2562 illi
1376 2534 1409 2561 ad
1434 2531 1564 2560 Ecclesiae
1585 2530 1728 2557 utilitatem

942 2592 1128 2619 composuere,
1145 2583 1249 2619 petitis,
1274 2587 1355 2616 atque
1372 2581 1425 2607 huc
1441 2579 1468 2606 in
1489 2576 1606 2605 medium
1624 2574 1725 2606 allatis,

941 2630 1072 2659 orationis
1088 2637 1154 2658 mea:
1167 2629 1307 2658 veritatem
1325 2626 1486 2655 conﬁrmare
1503 2621 1625 2652 studebo.
1642 2620 1726 2656 Igitur

640 2784 728 2812 Variae
742 2783 872 2811 lecti0ues
886 2783 987 2812 codicis
1003 2784 1182 2819 Seguieriani.

149 2854 158 2876 Ι
175 2855 230 2882 ὅτε.

281 2859 301 2872 ἰ
318 2854 402 2888 τάξει.
441 2859 454 2874 ιι
470 2853 638 2890 ἐκκλησίαις.
677 2858 690 2872 ο
704 2851 926 2888 κατασφραγιῶν.
965 2857 979 2877 P
994 2852 1110 2888 ἀληθῶς.
