1883 3056
155 130 224 158 ten
650 131 679 159 s.
695 131 835 160 cvntLLt
860 129 1094 158 ALEXANDRINI
1113 130 1272 158 Anctunp.
1718 123 1805 151 1212

156 187 332 215 beatissimus
346 187 402 219 ille,
415 195 447 215 ac
455 192 566 223 propter
580 189 688 223 pietatis
700 189 855 223 opinionem
871 189 940 221 apud

1018 187 1132 222 αϐὀητος
1160 188 1200 219 είς
1224 187 1364 213 εὐσέϐειαν
1387 185 1565 216 Ἀθανάσιος,
1593 183 1610 209 ὁ
1633 181 1805 217 γενόμενος

156 240 251 260 omnes
274 232 468 261 celeberrimus
489 234 669 266 Athanasius,
686 235 732 269 qui
754 234 941 268 superioribus

1017 233 1062 258 ιτά
1087 234 1198 268 καιροὺς
1227 233 1274 268 τῆς
1303 231 1497 267 Ἀλεξανδρέων
1528 228 1702 263 Ἑκκλησίαζ
1733 227 1804 253 tr!-

158 278 325 313 temporibus
348 277 518 306 Alexandria:
540 279 668 307 Ecclesia:
692 280 877 314 episcopatum
902 283 942 306 te—

1017 286 1092 310 ιοπος
1105 299 1112 312 ,
1132 279 1160 305 ὲν
1173 278 1212 314 τῷ
1226 278 1289 314 περὶ
1304 277 1468 313 σαρκώσεως
1484 276 1567 310 λόγῳ,
1581 275 1649 310 περὶ
1661 271 1798 308 Χριστοῦ

157 325 226 355 nuit,
243 324 312 351 libro
327 324 360 351 de
375 323 484 352 Christo
497 325 639 353 incarnato
656 325 841 360 hujuscemodi
853 325 942 352 verbis
991 323 1054 350 τάδε
1067 331 1075 339 ι

158 370 267 397 disserit
283 377 293 398 :
1819 383 1823 397 i

158 425 214 462 48
227 427 366 454 Athanasii
374 428 485 460 episcopi
499 428 669 456 Alexandria,-
683 437 715 456 είς
729 428 795 456 libro
809 428 846 456 De
857 429 944 455 incar-

999 433 1174 461 Ἂθανασίου
1202 433 1369 460 ἐπισκόπου
1395 431 1618 465 Ἀλεξανδρείας
1631 450 1640 461 ,
1670 429 1718 465 sive
1736 425 1800 454 τοῦ

334 464 440 490 natione
460 463 544 492 Verbi.
556 479 591 483 —
601 464 639 491 De
654 464 770 492 Christo.

1048 470 1119 502 Περὶ
1136 468 1315 502 σαρκώσεως
1329 468 1436 502 Λόγου.
1447 462 1481 487 4-
1492 462 1564 500 Περῑ
1580 462 1733 499 Χριστοῦ,

194 518 370 553 Agnoscimus
388 520 460 547 illum
482 520 527 548 Dei
543 520 651 553 Filium,
667 525 694 548 et
716 521 799 548 Deum
819 527 879 548 esse
900 527 944 547 se-

160 564 277 591 cttndum
289 564 413 600 spiritum
426 573 433 597 ;
446 565 542 592 Filium
559 571 648 593 autem
664 566 781 593 hominis
797 567 943 594 secundum

161 615 290 636 carnem:
315 617 368 637 non
391 611 458 637 duas
483 616 594 638 naturas
621 619 703 638 unum
731 611 838 644 Filium,
863 619 944 638 unam

161 654 336 688 adorandam,
354 656 467 684 alteram
481 665 534 684 non
547 657 725 688 adorandam,
739 657 785 684 sed
801 664 881 684 unam
898 665 946 684 na-

163 704 248 727 tttram
274 702 356 728 divini
381 702 461 730 Verbi
487 703 670 735 incarnatam,
696 711 756 738 quze
779 702 858 730 simul
884 710 944 730 cum

163 745 221 779 ejus
237 754 319 774 carne
336 755 386 775 una
415 749 572 776 adoratione
593 749 740 776 adoratur:
766 755 852 783 neque
878 748 946 775 duos

163 798 269 818 rursum
282 792 361 825 ﬁlios,
374 793 487 821 alterum
500 802 592 821 verum
605 794 837 829 adoraudumque,
851 801 946 828 nempe

163 834 259 863 Filium
282 837 346 872 Dei;
371 838 483 866 alterum
500 847 531 866 ex
552 839 636 867 Maria
665 840 800 867 hominem
822 847 875 866 non
897 839 946 866 ad-

163 882 308 914 orandum,
322 884 368 910 sed
383 892 431 918 per
444 885 569 919 gratiam,
586 885 695 920 perinde
707 893 739 913 ac
753 885 842 913 caateri
861 885 948 912 homi-

166 935 223 960 nes,
246 929 271 955 in
291 928 387 956 Filium
411 934 562 965 cooptatum
582 939 589 957 :
611 938 703 958 verum
722 939 816 964 unum,
832 936 860 958 ut
876 931 948 964 dixi,

165 973 261 1001 Filium
282 974 339 1007 Dei,
359 975 433 1002 illum
456 976 541 1010 ipsum
565 976 702 1007 nimirum,
722 981 749 1004 et
772 985 823 1004 non
845 977 946 1009 alium,

165 1019 210 1054 qui
230 1027 263 1046 ex
284 1020 338 1048 Deo
358 1025 409 1048 est.
432 1022 481 1054 Qui
506 1023 659 1051 novissimis
681 1023 776 1050 diebus
801 1024 948 1051 secundum

165 1073 274 1093 carnem
291 1073 322 1092 ex
340 1066 422 1094 Maria
436 1073 513 1095 natus
529 1072 580 1101 est,
597 1070 821 1102 quemadmodum
839 1070 949 1104 angelus

166 1111 286 1145 Deipara:
309 1111 416 1138 Mariae:
444 1120 454 1137 ι
482 1111 621 1145 Quomodo
644 1114 689 1140 lict
713 1114 800 1147 istud,
821 1116 948 1150 quoniam

165 1158 252 1185 virum
268 1166 319 1185 non
334 1165 468 1193 cognosco
480 1159 522 1185 7‘?
543 1169 552 1184 ι
570 1160 719 1187 sciscitanti
749 1162 884 1196 exposuit.
905 1163 950 1189 Ait

166 1211 301 1238 namque:
323 1213 332 1230 ι
352 1203 471 1239 Spiritus
493 1209 604 1233 sanctus
626 1207 797 1240 superveniet
820 1208 845 1234 in
864 1212 900 1241 te,
924 1213 951 1236 et

165 1250 252 1277 virtus
276 1249 409 1277 Altissimi
436 1250 608 1278 obumbrabit
645 1251 691 1278 tibi
713 1260 720 1278 :
747 1252 860 1287 ideoque
880 1255 951 1287 quod

167 1300 293 1321 naScetur
307 1302 339 1322 ex
363 1299 389 1322 te
406 1300 540 1327 sanctum,
558 1296 700 1323 vocabitur
721 1296 806 1325 Filius
823 1298 868 1325 Dei
881 1299 915 1325 ⁷³.
939 1308 948 1324 ι

165 1339 190 1366 Is
207 1340 286 1374 igitur
297 1348 376 1375 quem
391 1340 472 1376 Virgo
486 1341 599 1375 peperit,
614 1345 656 1368 est
671 1349 748 1369 verus
767 1344 952 1378 naturalisquc

167 1387 213 1413 Dei
230 1386 324 1421 Filius,
340 1392 367 1415 et
383 1387 452 1415 Deus
465 1394 556 1420 verus,
572 1394 624 1414 non
641 1388 845 1423 participatione
861 1390 902 1416 vel
919 1397 951 1416 ex

168 1432 271 1466 gratia;
288 1432 434 1459 secundum
448 1439 556 1459 carnem
574 1436 676 1459 tantum
697 1441 778 1468 quam
793 1434 909 1468 sumpsit
920 1441 953 1461 ex

168 1477 267 1510 Maria,
283 1478 382 1511 homo;
402 1478 549 1505 secundum
571 1479 712 1512 spiritum,
735 1478 819 1506 Filius
840 1479 904 1511 Dei,
927 1485 954 1507 et

1035 523 1234 560 Ὀμολογοῦμεν
1245 525 1309 560 γὰρ,
1323 524 1401 560 φησὶ,
1412 524 1458 550 καὶ
1472 521 1542 550 εἶναι
1559 522 1640 548 αὐτὸν
1659 520 1731 546 Υἱὺν
1743 519 1797 545 τοῦ

994 569 1073 602 Θεοῦ,
1092 570 1139 596 καὶ
1151 570 1216 596 Θεὸν
1230 570 1299 596 κατὰ
1314 570 1422 606 πνεῦμα
1432 590 1439 602 ,
1457 569 1521 596 Υἱὸν
1544 568 1692 603 ἀνθρώπου
1715 565 1798 592 κατὰ

996 616 1096 651 σάρκα,
1111 616 1140 642 οὐ
1158 616 1203 642 δύο
1221 616 1316 651 φύσεις
1330 616 1376 642 τὸν
1391 616 1439 642 Eva
1451 615 1525 647 Υιδν,
1542 615 1607 650 μίαν
1626 620 1798 648 προσκυνη-

995 662 1053 697 τὴν,
1068 661 1115 688 καὶ
1132 661 1196 696 μίαν
1211 661 1433 697 ἀπροσκὺνητονο
1449 660 1518 688 ἀλλὰ
1542 660 1606 694 μίαν
1629 658 1717 693 φύσιν
1743 656 1796 683 τοῦ

995 708 1062 734 Θεοῦ
1090 708 1176 742 Λόγου
1204 707 1433 742 σεσαρκωμένην,
1460 706 1507 733 καὶ
1537 703 1797 740 προσκυνουμένην

998 753 1067 788 μετὰ
1087 753 1136 788 τῆς
1152 753 1253 788 σαρκὸς
1268 752 1350 779 αὐτοῦ
1369 753 1418 788 μιᾷ
1439 751 1641 787 προσκυνήσει-
1660 748 1728 776 οὐδὲ
1743 747 1796 773 δύο

997 799 1081 831 υἱοὺς,
1100 798 1179 826 ἄλλον
1194 798 1242 833 μὲν
1258 798 1321 824 Υίὸν
1334 797 1402 823 Θεοῦ
1418 796 1544 832 ἀληθινὸν
1555 796 1602 822 καὶ
1617 792 1797 830 προσκυνοῦ-

965 866 985 894 B
1001 853 1090 880 μενον,
1108 845 1186 871 ἄλλον
1209 844 1238 870 δὲ
1260 844 1291 870 ὲκ
1308 843 1417 878 Μαρίας
1434 843 1588 894 ἄνθρωπον,
1606 841 1644 876 μὴ
1660 847 1794 894 «pontu:

999 889 1138 924 νούμενον,
1153 889 1224 916 κατὰ
1242 889 1322 924 χάριν
1337 888 1404 915 Υἱὸν
1425 887 1492 914 Θεοῦ
1509 887 1668 921 γενόμενον,
1685 886 1727 916 ὡς
1743 885 1792 910 καὶ

998 934 1154 969 ἄνθρωποι⁸
1171 934 1240 961 ἀλλὰ
1261 933 1307 960 τὸν
1328 933 1360 960 ἐκ
1384 933 1469 964 Θεοῦ,
1493 932 1531 964 ὡς
1546 932 1625 967 ἔφην,
1647 931 1696 957 ἕνα
1723 930 1794 956 Υἱὺν

999 980 1078 1011 Θεοῦ,
1092 982 1139 1007 καὶ
1153 981 1218 1007 Θεὸν
1229 980 1319 1011 αὑτὸν,
1334 980 1380 1005 καὶ
1390 980 1439 1005 οὐκ
1455 978 1543 1005 ἄλλον.
1559 977 1614 1004 Kal.
1628 977 1662 1003 ὲκ
1675 975 1794 1011 Μαρίας

999 1026 1180 1062 γεγεννῆσθαι
1197 1026 1268 1052 κατὰ
1285 1025 1374 1060 σάρκα
1392 1024 1435 1050 ἐπ’
1454 1024 1575 1058 ἐσχάτων
1591 1023 1646 1048 ¹τῶν
1661 1020 1792 1057 ἡμερῶν,

999 1072 1037 1103 ὡς
1059 1073 1072 1098 ὁ
1095 1071 1209 1105 ἅγγελος
1227 1071 1260 1105 τῇ
1285 1069 1409 1104 Θεοτόκῳ
1425 1069 1525 1104 ’Μαρίᾳ
1542 1066 1661 1104 λεγούσῃ
1672 1074 1680 1082 ³
1697 1076 1707 1092 ί
1726 1066 1792 1097 ΙΙῶς

999 1117 1078 1144 τοῦτο
1108 1117 1195 1147 ἔσται,
1213 1116 1274 1142 ἐπεὶ
1302 1115 1386 1150 ἀνδρα
1412 1115 1443 1141 οὐ
1470 1113 1615 1148 γινώσκως
1632 1122 1642 1138 ι
1667 1111 1791 1145 Ἐλεγε-

1003 1171 1013 1188 t
1030 1162 1142 1197 Πνεῦμα
1165 1162 1242 1195 ἅγιον
1267 1159 1443 1187 ἐπελεύσεται
1466 1159 1512 1185 ἐπὶ
1536 1159 1576 1190 σὲ,
1600 1159 1649 1185 καὶ
1675 1157 1793 1191 δύναμις

1006 1207 1135 1243 Ὑψίστου
1157 1207 1311 1233 ἐπισκιάσει
1341 1215 1396 1233 σοι·
1423 1205 1462 1232 διὸ
1489 1205 1535 1232 καὶ
1555 1204 1587 1231 τὺ
1617 1203 1794 1238 γεννώμενον

1002 1254 1090 1289 ἅγιον,
1104 1252 1270 1288 κληθήσεται
1293 1252 1357 1284 Υἱὸς
1371 1251 1449 1278 Θεοῦ.
1467 1260 1477 1277 ι
1501 1251 1530 1277 '0
1544 1250 1635 1277 τοίνυν
1647 1249 1793 1284 γεννηθεὶς

1002 1301 1034 1326 ὲκ
1049 1301 1099 1335 τῆς
1118 1299 1197 1333 ἁγίας
1217 1299 1365 1333 Παρθένου,
1383 1298 1446 1330 Υἱὸς
1460 1297 1528 1324 Θεοῦ
1544 1297 1624 1332 φύσει
1637 1315 1646 1329 ,
1660 1297 1710 1323 καὶ
1725 1295 1791 1327 Θεὸς

1002 1345 1139 1381 ἀληθινὸς,
1161 1345 1209 1371 καὶ
1225 1345 1256 1371 οὺ
1278 1344 1369 1380 χάριτι
1387 1345 1434 1371 καὶ
1450 1344 1597 1379 μετουσίᾳ,
1613 1342 1686 1369 κατὰ
1701 1342 1792 1377 σάρκα

1005 1391 1085 1426 μόνον
1105 1391 1154 1426 τὴν
1170 1391 1202 1417 ὲκ
1216 1390 1337 1425 Μαρίας,
1353 1389 1507 1425 ἄνθρωπος,
1526 1389 1597 1416 κατὰ
1616 1390 1644 1416 δὲ
1668 1389 1790 1424 πνεῦμα,

1004 1437 1085 1468 αὐτὸς
1101 1437 1165 1468 Υἱὸς
1184 1436 1231 1462 τοῦ
1250 1435 1317 1462 Θεοῦ
1335 1437 1380 1462 καὶ
1397 1436 1478 1467 Θεός·
1496 1435 1591 1462 παθὼν
1609 1436 1659 1470 μὲν
1674 1428 1710 1461 τά
1723 1435 1790 1470 ἠμέ-

1003 1489 1070 1516 τερα
1087 1481 1158 1516 πάοη
1171 1481 1239 1507 κατὰ
1258 1481 1365 1515 σάρκα,
1383 1480 1478 1516 ὥσπερ
1502 1481 1674 1516 γέγραπται·
1702 1490 1712 1506 ι
1730 1481 1792 1515 Χρι-

168 1523 240 1550 Deus
258 1523 324 1558 ipse.
338 1523 388 1557 Qui
408 1525 514 1559 quidem
534 1525 682 1553 secundum
703 1532 812 1552 carnem
829 1525 944 1551 humana

1017 1525 1069 1551 ιτοῦ
1083 1524 1213 1556 παθόντος
1228 1525 1296 1561 ὑπὲρ
1307 1525 1384 1560 ἡμῶν
1397 1525 1492 1561 σαρκί.
1510 1535 1519 1550 ι
1536 1525 1590 1551 Καὶ
1606 1525 1699 1551 πάλιν·
1721 1534 1731 1551 t
1746 1524 1791 1556 Ὃς

169 1573 271 1595 naturae
285 1569 471 1596 convenientia
485 1577 580 1605 passus
592 1575 643 1598 est.
657 1570 794 1604 Scriptum
811 1574 852 1597 est
863 1570 953 1597 enim:

173 1623 182 1640 ι
201 1614 310 1642 Christo
324 1622 372 1649 pro
392 1615 469 1643 nobis
486 1616 512 1643 in
534 1623 617 1644 carne
641 1616 764 1651 passo".
786 1625 795 1642 ι
814 1615 932 1642 Rursum
948 1623 955 1642 :

174 1669 183 1685 ι
203 1659 252 1693 Qui
278 1660 359 1687 etiam
383 1661 491 1696 proprio
506 1661 574 1689 Filio
598 1670 650 1689 non
679 1661 814 1697 pepercit,
839 1662 885 1689 sed
909 1668 957 1696 pro

173 1706 298 1734 omnibus
319 1707 397 1734 nobis
412 1708 522 1734 tradidit
543 1708 616 1739 illum
628 1708 673 1736 ’δι
692 1717 700 1733 ι
721 1708 895 1735 nihilominus
914 1717 958 1736 se-

173 1753 290 1779 cundutn
306 1753 423 1780 divinam
439 1758 562 1781 naturam
586 1754 759 1788 impassibilis
781 1761 813 1781 ac
831 1755 958 1781 immuta-

174 1797 236 1825 bilis
249 1805 334 1832 usque
348 1799 506 1834 permansit,
517 1800 594 1834 juxta
608 1800 672 1826 illud
689 1800 825 1834 propheta:
841 1807 959 1834 pronun-

176 1845 270 1872 tiatutn
285 1852 293 1871 :
311 1853 322 1871 ι
338 1845 394 1880 Ego
414 1845 493 1878 Deus,
515 1851 542 1873 et
564 1853 618 1872 non
643 1851 731 1872 mutor
741 1845 775 1872 ".
792 1855 802 1871 ι
839 1846 959 1873 Mortuus

174 1895 216 1918 est
227 1898 295 1918 sane
313 1892 459 1919 secundum
484 1897 594 1919 carnem
616 1896 706 1919 nostra
733 1898 828 1925 morte,
852 1897 959 1919 IIOSU'O'

174 1944 288 1971 rtttnque
301 1941 473 1970 peccatorum
488 1944 568 1965 causa
581 1946 588 1970 ;
603 1945 656 1972 quo
677 1938 805 1964 nimirum
827 1946 875 1972 per
890 1945 961 1965 mor-

176 1986 230 2009 tem
261 1981 348 2009 nostri
375 1983 461 2017 gratia
490 1988 664 2017 susceptam,
689 1988 803 2010 mortem
828 1983 961 2010 aboleret.

176 2027 244 2055 Hinc
261 2027 405 2063 Apostolus
420 2037 428 2056 :
456 2037 466 2054 ι
482 2028 614 2062 Absorpta
628 2033 669 2055 est
688 2036 763 2056 tuors
778 2029 806 2056 in
828 2029 939 2056 victoria
953 2037 960 2056 :

178 2074 222 2102 ubi
239 2079 290 2107 est,
308 2081 392 2107 mors,
414 2074 526 2102 victoria
550 2075 617 2102 tua?
634 2075 677 2101 ubi
690 2080 732 2102 est
755 2075 878 2102 stimulus
891 2079 962 2109 tttus,

178 2119 332 2146 inferne"?
352 2128 361 2145 ι
387 2118 506 2146 lterum:
535 2129 544 2145 t
562 2119 684 2147 Christus
709 2125 831 2148 mortuus
851 2125 892 2147 est
914 2127 963 2163 pro

178 2164 296 2198 peccatis
312 2164 422 2198 nostris,
435 2165 581 2192 secundum
597 2165 752 2200 Scripturas
765 2167 800 2193 7'.
821 2176 831 2192 ι
850 2167 884 2193 At
898 2174 963 2194 vero

1006 1579 1038 1605 γε
1060 1571 1107 1597 τοῦ
1135 1571 1199 1597 ἰδίου
1222 1571 1287 1597 Υἱοῦ
1308 1571 1357 1597 οὐκ
1383 1571 1526 1605 ἐφείσατο,
1544 1571 1602 1597 ἀλλ’
1628 1571 1699 1605 ὑπὲρ
1715 1570 1792 1605 ἡμῶν

1007 1615 1116 1642 πάντων
1132 1616 1292 1650 παρέδωκεν
1316 1615 1408 1642 αὐτόν.
1432 1625 1441 1641 ι
1464 1614 1584 1647 Ἀπαθὴς
1602 1614 1631 1640 δὲ
1652 1613 1792 1648 διαμείνας

1007 1661 1054 1688 καὶ
1072 1661 1251 1692 ἀναλλοίωτος
1270 1661 1340 1687 κατὰ
1351 1661 1400 1696 τὴν
1415 1660 1540 1695 θεότητα,
1556 1660 1627 1686 κατὰ
1637 1659 1667 1685 τὸ
1679 1659 1791 1694 λεγόμε-

1007 1715 1052 1733 νον
1064 1707 1117 1733 ὑπὸ
1131 1706 1178 1733 τοῦ
1194 1708 1348 1742 προφήτου·
1362 1717 1371 1732 ι
1386 1706 1455 1740 Ἐγὼ
1465 1706 1541 1738 Θεὸς,
1557 1706 1605 1733 xal.
1618 1707 1670 1732 οὐκ
1684 1706 1793 1740 ἠλλοίω-

1010 1762 1066 1789 μαι.
1085 1763 1094 1779 ι
1117 1753 1272 1779 Ἀποθανὼν
1292 1753 1340 1788 μὲν
1364 1753 1409 1779 τὸν
1428 1753 1563 1788 ἡμέτερον
1587 1752 1704 1779 θάνατον
1727 1752 1792 1778 κατὰ

1009 1800 1099 1835 σάρκα
1121 1799 1191 1834 ὑπὲρ
1205 1799 1258 1826 τῶν
1276 1800 1416 1834 ἁμαρτιῶν
1439 1799 1528 1834 ἡμῶν,
1553 1799 1596 1825 ἵνα
1610 1799 1658 1824 τὸν
1682 1798 1792 1825 θάνατον

1009 1844 1091 1880 ἀνέλῃ
1104 1845 1147 1871 διὰ
1162 1844 1208 1870 τοῦ
1224 1845 1293 1880 ὑπὲρ
1309 1845 1387 1879 ἡμῶν
1403 1844 1529 1877 θανάτου,
1542 1843 1613 1870 κατά
1625 1844 1671 1870 τὸν
1686 1843 1791 1878 λέγοντα

1016 1890 1192 1916 Ἀπόστολον’
1219 1899 1228 1915 t
1240 1889 1385 1924 Κατεπόθη
1409 1890 1423 1915 ὁ
1449 1889 1563 1921 θάνατος
1585 1891 1625 1921 εἰς
1643 1891 1728 1920 νῖκος.
1742 1889 1791 1915 Ποῦ

1012 1944 1069 1968 σου,
1086 1935 1194 1969 θάνατε,
1211 1935 1241 1962 τὸ
1261 1937 1350 1968 νῖκος;
1367 1935 1417 1962 ποῦ
1436 1944 1492 1968 σου,
1510 1936 1571 1971 ᾆδη.
1589 1935 1620 1962 τὺ
1642 1936 1788 1970 κέντρων

1012 1981 1066 2008 Καὶ
1085 1981 1164 2008 πάλιν
1174 1989 1180 1995 ”
1196 1991 1204 2007 ι
1224 1981 1340 2017 Χριστὸς
1360 1981 1495 2008 ἀπέθανεν
1507 1981 1576 2016 ὑπὲρ
1589 1981 1644 2007 τῶν
1656 1981 1790 2016 ἁμαρτιῶν

1012 2027 1099 2062 ἡμῶν,
1114 2027 1185 2053 κατὰ
1201 2028 1249 2058 τὰς
1265 2026 1385 2062 Γραφάς.
1402 2036 1411 2052 ›
1436 2026 1580 2058 Ἀθάνατος
1593 2026 1621 2053 δὲ
1644 2027 1693 2053 καὶ
1712 2027 1790 2062 ἀκρά-

1011 2082 1092 2108 τητος
1121 2073 1159 2108 τῷ
1181 2073 1288 2106 Θανάτῳ
1312 2073 1453 2107 διαμείνας
1474 2073 1518 2099 διὰ
1533 2073 1583 2108 τὴν
1604 2072 1736 2108 θεότητα,
1757 2073 1790 2104 ὡς

1013 2119 1121 2154 ἀπαθὴς
1134 2118 1181 2144 τοῦ
1196 2119 1302 2153 Ila-.923;
1318 2118 1442 2153 δύναμις,
1461 2119 1531 2145 κατὰ
1546 2118 1591 2144 τὸν
1614 2118 1728 2152 λέγοντα
1744 2119 1790 2145 Πέ-

1014 2160 1095 2199 τρον·
1113 2164 1144 2190 οὐ
1160 2164 1212 2198 γὰρ
1234 2162 1267 2199 ἦν
1281 2164 1393 2190 δυνατὸν
1408 2163 1566 2199 κρατεῖσθαι
1580 2165 1662 2191 αὑτὸν
1683 2165 1734 2191 ὑπὸ
1747 2165 1787 2191 τοῦ

179 2211 327 2238 secundum
339 2210 507 2238 divinitatem
519 2211 691 2244 immortalis,
708 2212 837 2246 omnique
851 2212 943 2240 interit

1017 2210 1138 2237 θανάτου.
1163 2208 1229 2236 Εἶτα
1253 2210 1358 2241 τούτοις
1381 2210 1526 2245 ἐπιφέρει,
1551 2211 1699 2246 παρενθεὶς
1719 2211 1791 2246 ἔτερα

179 2257 302 2291 superior
313 2261 382 2289 erat,
397 2260 427 2283 ut
441 2256 487 2291 qui
505 2256 660 2292 impatibilis
673 2257 762 2285 Patris
780 2258 864 2285 virtus
880 2263 961 2291 esset,

181 2306 331 2337 morteque,
341 2301 418 2335 juxta
443 2302 516 2329 Petri
541 2302 701 2329 sententiam
714 2302 755 2336 ⁷⁸,
784 2303 867 2330 teneri
891 2303 964 2330 nullo

181 2347 261 2375 modo
283 2351 383 2382 posset.
407 2347 508 2374 Deinde
533 2347 594 2375 aliis
617 2347 673 2382 49
693 2348 853 2382 quibusdam
877 2348 964 2375 inter-

178 2392 268 2428 jectis,
301 2393 358 2421 haec
388 2393 544 2428 subjungit:
575 2393 602 2421 Si
632 2394 692 2428 quis
715 2398 802 2420 autem
830 2393 901 2420 aliud
931 2401 964 2421 ex

181 2439 279 2466 divinis
308 2438 417 2465 Litteris
446 2438 586 2471 docuerit,
611 2443 638 2465 et
660 2439 741 2465 alium
768 2438 814 2466 Dei
841 2438 964 2472 Filium,

183 2483 264 2510 alittm
302 2482 392 2510 Mariae
434 2489 482 2517 per
522 2483 636 2518 gratiam
674 2484 759 2510 instar
794 2483 878 2510 nostri
919 2483 966 2509 ad-

183 2533 316 2564 optatum,
342 2527 479 2563 professus
504 2528 594 2560 fuerit,
617 2532 743 2562 tanquam
768 2528 820 2555 duo
839 2528 892 2555 sint
909 2528 966 2560 lilii,

184 2576 253 2601 alter
277 2574 323 2601 Dei
346 2575 494 2601 secundum
526 2579 669 2607 naturam,
696 2574 739 2601 ille
768 2574 893 2601 videlicet
922 2573 968 2608 qui

184 2627 217 2647 ex
237 2621 290 2648 Deo
309 2625 404 2654 natus;
423 2620 492 2647 alter
506 2621 654 2646 secundum
670 2620 820 2654 adoptionis
837 2625 968 2654 gratiam.

186 2667 267 2692 homo
283 2665 408 2693 nimirum
423 2666 468 2700 qui
486 2674 517 2693 ex
534 2665 618 2693 Maria
631 2666 752 2693 exstitit:
769 2670 816 2693 aut.
831 2667 853 2693 si
864 2666 969 2694 Domini

187 2711 271 2739 nostri
285 2719 395 2739 carnem
409 2719 462 2740 non
475 2719 507 2739 ex
524 2711 637 2747 Deipara
661 2711 768 2748 Virgine
791 2711 874 2739 Maria
896 2719 969 2740 sum-

223 2791 244 2805 “
257 2790 322 2817 Luc.
341 2798 360 2820 ι,
378 2790 421 2816 5t.
459 2790 482 2805 ⁷¹
498 2789 560 2815 ibid.
578 2790 622 2818 55.
660 2789 788 2817 "li‘ctr.
810 2797 845 2823 tv,
865 2790 885 2816 l.

191 2823 213 2840 "
230 2825 294 2852 ibid.
313 2826 339 2852 4.
378 2825 401 2840 ⁷⁸
419 2826 471 2852 Act
500 2832 529 2856 tt,
547 2825 572 2851 4.

926 2790 949 2805 ⁷⁸
967 2790 1043 2816 Rom.
1060 2796 1118 2820 vtn.
1140 2788 1174 2815 δέ

1017 2255 1118 2290 μεταξὺ
1133 2254 1235 2285 οὕτως’
1252 2255 1283 2280 Ei
1303 2254 1331 2280 δέ
1351 2263 1393 2286 τις
1409 2254 1484 2290 παρὰ
1502 2254 1587 2280 ταῦτα
1605 2256 1637 2281 ὲκ
1652 2255 1707 2281 τῶν
1721 2255 1790 2281 θείων

1015 2301 1132 2337 Γραφῶν
1154 2300 1274 2327 διδάσκει
1287 2320 1294 2332 ,
1310 2300 1404 2335 ἕτερον
1419 2300 1505 2334 λέγων
1519 2300 1565 2326 τὸν
1580 2301 1642 2327 Υίδν
1660 2301 1707 2327 τοῦ
1721 2300 1790 2332 Θεοῦ,

1016 2346 1064 2372 καὶ
1076 2345 1169 2380 ἕτερον
1183 2345 1227 2370 τὸν
1239 2345 1270 2370 ὲκ
1283 2344 1402 2379 Μαρίας,
1418 2345 1488 2371 κατὰ
1504 2345 1583 2380 χάριν
1599 2345 1789 2380 υίοποιηθέντα,

1017 2391 1055 2422 ὡς
1073 2392 1152 2426 ἡμεῖς
1165 2399 1170 2404 ·
1184 2390 1222 2422 ὡς
1238 2388 1306 2417 εἶναι
1321 2390 1367 2416 δύο
1383 2391 1473 2422 υἱοὺς,
1490 2390 1537 2416 ἕνα
1558 2391 1628 2417 κατὰ
1643 2391 1722 2424 φύσιν
1736 2390 1789 2416 Υίὸν

1017 2436 1064 2462 τοῦ
1079 2436 1146 2463 Θεοῦ
1162 2436 1206 2462 τὸν
1224 2437 1255 2462 ἐκ
1276 2435 1344 2462 Θεοῦ
1355 2455 1362 2467 ,
1377 2435 1424 2462 καὶ
1439 2435 1486 2461 ἕνα
1502 2435 1572 2461 κατὰ
1593 2436 1686 2470 χάριν,
1705 2436 1747 2462 τὸν
1762 2436 1788 2461 ἐκ

1017 2482 1128 2518 Μαρίας
1151 2481 1310 2517 ἄνθρωπον·
1326 2481 1343 2517 ἢ
1360 2482 1386 2507 εί
1401 2489 1442 2512 τις
1461 2481 1511 2516 τὴν
1533 2480 1578 2506 τοῦ
1601 2481 1705 2515 Κυρίου
1723 2481 1789 2516 ἡμῶν

1020 2529 1109 2563 σάρκα
1122 2527 1224 2554 ἄνωθεν
1240 2527 1326 2560 λέγει,
1351 2527 1397 2553 καὶ
1414 2527 1451 2562 μὴ
1465 2527 1497 2553 ἑκ
1518 2526 1568 2560 τῆς
1588 2526 1725 2561 Παρθένου
1739 2527 1787 2553 Μι-

1021 2574 1080 2608 ρίας
1091 2582 1097 2588 ·
1117 2574 1133 2608 ἦ
1146 2574 1296 2608 τραπεῖσαν
1307 2573 1356 2607 τὴν
1367 2572 1480 2606 θεότητα
1495 2573 1534 2602 εἰς
1549 2571 1651 2608 σάρκα,
1666 2572 1684 2606 ἢ
1700 2581 1787 2606 συγχυ-

1020 2619 1124 2650 θεῖσαν,
1146 2619 1162 2654 ἢ
1182 2618 1382 2648 ἁλλοιωθεῖσαν,
1401 2618 1418 2653 ἢ
1436 2617 1559 2652 παθητὴν
1572 2618 1622 2652 τὴν
1636 2617 1685 2644 τοῦ
1701 2618 1787 2653 Κυρίον

1021 2664 1152 2699 θεότητα,
1178 2664 1195 2699 ἢ
1219 2663 1426 2699 ἀπροςκύνητον
1449 2663 1497 2698 τὴν
1522 2663 1568 2689 τοῦ
1596 2663 1702 2698 Κυρίου
1725 2663 1788 2698 ἡμῶν

1023 2710 1113 2746 σάρκα
1135 2710 1172 2742 ὠς
1197 2709 1341 2745 ἀνθρώπου
1371 2709 1418 2735 καὶ
1434 2708 1471 2745 μὴ
1486 2709 1678 2745 προσχυνητὴν
1694 2709 1729 2741 ὡς
1743 2709 1788 2735 Κυ-

1221 2788 1245 2803 ⁷⁵
1260 2786 1372 2814 Ma‘ach.
1391 2794 1432 2818 nt,
1451 2787 1475 2813 6.
1515 2785 1566 2812 ⁷⁵1
1594 2786 1657 2813 Cor.
1686 2794 1728 2818 xv,
1752 2786 1785 2813 55.
