1883 3056
114 134 193 162 ’1215
666 137 709 164 DE
730 138 844 166 RECTA
864 139 894 166 Fl

973 141 1004 168 lD
1024 141 1183 170 REGINAS.
1276 144 1279 145 ⁷
1671 142 1741 175 ιειι

121 194 181 229 ρίου
195 193 242 219 καὶ
261 193 327 220 Θεοῦ
343 193 441 229 σάρκα,
458 194 563 228 τοῦτον,
578 196 772 231 ἀναθεματίζει
799 199 815 232 ή
839 198 894 231 ἁγιι

974 203 1038 229 tam,
1055 199 1101 226 sed
1115 199 1224 228 coalitus
1240 199 1371 234 dilapsam
1386 200 1587 236 praedicaverit;
1610 206 1656 228 aut
1669 202 1739 228 divi-

118 239 252 274 καθολικὴ
270 240 589 278 Ἐκκλησία,υπειθομένη
608 242 647 278 τῷ
661 242 725 278 θείῳ
748 243 894 279 Ἀποστόλιχ

974 244 1064 270 itatem
1084 244 1110 271 in
1127 252 1235 272 carnem
1249 252 1366 278 versam.
1386 251 1432 274 aut
1447 247 1597 278 confusam,
1613 252 1659 273 aut
1683 256 1733 274 Illll-

119 286 242 320 λέγοντι*
261 295 271 312 t
291 287 325 313 Ei’
345 297 385 319 τις
403 288 466 323 ὑμῖν
481 289 685 323 εὐαγγελίζεται
699 311 706 323 ,
722 291 787 326 παρ’
803 291 817 317 ὃ
831 299 894 327 παρ-

973 294 1056 322 llam;
1085 295 1132 316 aut
1162 290 1268 317 Domini
1293 291 1463 319 divinitatem
1490 291 1663 326 passibilem;
1692 297 1739 318 aut

119 330 241 363 ελὰϐετε,
257 332 381 367 ἀνάθεμα
395 332 473 360 ἔστω.
487 343 496 358 ι
513 334 567 360 Καὶ
578 334 664 362 ταῦτα
678 334 727 369 μὲν
741 335 754 361 ὀ
769 335 903 371 μακάριος

127 376 286 410 Ἀθανάσιος
299 386 306 393 ’
460 396 482 410 ,τι

951 335 1070 368 ejusdem
1092 335 1196 362 Domini
1210 336 1292 363 nostri
1316 344 1434 368 carnem.
1458 338 1539 365 veluti
1561 337 1624 365 nudi
1652 338 1738 364 bomi-

953 381 1004 413 nis,
1020 381 1130 408 minime
1150 381 1313 408 adorandam
1339 382 1454 415 dixerit;
1479 384 1550 410 hunc
1569 383 1738 409 anathemate

118 422 213 457 plectit
229 429 321 451 sancta
337 428 365 451 et
386 425 516 452 catholica
554 426 684 458 Ecclesia,
717 426 796 454 dictis
817 426 940 460 Apostoli
960 433 1057 460 parens
1076 426 1111 453 ita
1136 427 1300 454 scribentis:
1324 437 1333 453 ι
1352 427 1380 455 Si
1398 428 1458 462 quis
1475 428 1550 456 vobis
1569 427 1736 463 evangeliza-

118 469 191 496 verit
205 474 302 503 praeter
317 471 342 496 id
362 471 433 504 quod
457 472 606 506 accepistis,
627 474 770 500 anathema
802 473 883 500 sit".
902 481 911 497 ι
934 471 1077 505 [lucusque
1095 473 1190 500 beatus
1216 474 1391 501 Athanasius.

156 513 186 541 1'.
207 512 290 550 Οἶμαι
313 516 341 543 δὲ
360 516 415 544 δεῖν
443 517 489 544 καὶ
516 518 617 554 ἑτέρων
637 519 723 552 ἁγίων
746 518 903 544 ἐπισκόπων

117 559 282 594 παραθεῖναι
300 561 400 596 φωνὰς,
417 563 462 589 τὸν
478 563 558 590 αὐτὸν
573 564 686 599 ἐχούσας
699 563 814 598 βκοπόν.

342 684 478 711 Ἀττικοῦ
497 685 676 713 ἐπισκόπου.

155 750 278 785 Σήμερον
295 751 411 786 Χριστὸς
425 753 439 779 ὁ
455 753 594 789 Δεσπότης
610 754 659 788 τὴν
675 754 724 789 τῆς
747 755 898 788 φιλανθρω-

116 795 186 828 πίας
201 796 326 832 γέννησιν
340 797 481 831 ἀνεδέξατο
490 807 496 814 ·
509 799 558 834 τὴν
578 799 632 834 γὰρ
644 799 694 834 τῆς
715 799 809 835 θεῖκῆς
823 801 902 833 ἀξίας

992 517 1024 544 Χ.
1043 518 1176 546 Existimo
1189 524 1277 547 autem
1291 524 1318 547 et
1332 519 1444 547 aliorum
1460 527 1568 554 quoque
1582 524 1736 547 sanctorum

954 563 1140 598 episcoporum
1160 565 1319 597 sententias.
1332 565 1429 599 quibus
1445 565 1515 591 idem
1532 566 1628 592 docere
1640 572 1738 599 propo-

953 609 1034 634 situm
1049 612 1099 642 est,
1116 610 1270 644 neutiquam
1291 611 1335 638 hic
1347 611 1508 638 omittendas
1523 618 1595 638 esse.

1234 677 1316 704 Anici
1328 678 1452 711 episcopi.

990 742 1076 770 Hodie
1090 742 1212 770 Christus
1236 743 1366 771 Dominus
1382 743 1554 777 benignitatis
1571 751 1632 778 erga
1648 742 1735 769 homi-

955 795 1003 814 nes
1016 788 1184 815 nativitatem
1198 789 1319 823 suscepit
1335 797 1341 814 :
1364 788 1462 815 divina).
1481 789 1578 823 quippe
1598 788 1735 823 dignitatis

117 841 307 877 προῦπῆρχεν.
321 840 393 869 Εἶτα
409 844 525 877 τούτοις
537 833 792 879 ἐπιφέρειπάλινέ
809 845 837 872 '0
852 846 894 880 τῆς

974 833 1095 860 ativitate
1116 833 1327 868 praecxsistebat.
1349 834 1428 860 Addit
1451 835 1493 861 his
1511 841 1635 860 rursum:
1656 833 1736 860 Beni-

1077 878 1191 889 v__.__“
1308 883 1398 889 seu-.-
1545 878 1734 889 -.νεμμμμ-ς-

119 887 325 922 φιλανθρωπίας
341 889 427 923 Λόγος
442 890 565 916 κενοῦται
578 910 585 922 ,
606 890 742 923 ἁκένωτος
758 892 808 926 τὴν
820 891 900 926 φύσιν

117 932 273 967 τυγχάνων·
289 934 383 961 ἑαυτὸν
399 934 453 970 γὰρ
467 935 600 967 ὲκένωσε,
618 936 724 972 μορφὴν
741 935 834 963 δούλου
854 936 902 963 λα-

117 976 186 1005 ϐών.
205 978 233 1004 '0
257 978 378 1014 ἄσαρκος
402 980 560 1015 σαρκοῦται,
578 990 588 1006 ι
610 981 640 1007 '0
653 981 738 1016 Λόγος
755 982 823 1017 σὰρξ
842 982 900 1016 ἐγέ-

115 1032 190 1051 νετο.
208 1034 218 1050 ›
244 1025 271 1052 '0
288 1025 344 1060 ἁφῇ
370 1025 407 1060 μὴ
428 1026 588 1053 ὑποπίπτων
612 1026 656 1053 διὰ
675 1026 705 1053 τὸ
722 1028 771 1062 τῆς
792 1027 901 1061 φύσεως

115 1069 272 1105 ἀσώματον,
290 1071 458 1106 ψηλαφᾶται.
479 1072 509 1098 '0
523 1071 640 1107 ἄναρχος
657 1072 709 1098 ὑπὸ
722 1073 809 1108 ἀρχὴν
826 1073 900 1106 γίνε-

114 1123 161 1142 ται
178 1117 346 1151 σωματικήν.
373 1116 402 1143 ⁴Ο
425 1116 526 1148 τέλειος
542 1116 636 1149 αὔξει,
657 1116 672 1142 ὁ
688 1117 822 1152 ἄτρεπτος
837 1126 900 1152 προ-

115 1160 222 1192 κόπτει,
236 1162 249 1187 ὁ
262 1161 388 1193 πλούσιος
404 1163 432 1188 ὲν
448 1162 618 1197 καταλύματι
631 1162 765 1189 τίκτεται.
775 1163 803 1189 ’0
821 1171 898 1198 περι-

117 1204 225 1231 ϐάλλων
239 1206 284 1232 τὸν
300 1207 412 1242 οὐρανὸν
432 1208 461 1234 ὲν
483 1208 608 1242 νεφέλαις
620 1228 627 1241 ,
647 1207 849 1244 σπαργανοῦται
861 1216 868 1222 ·
885 1209 899 1235 ὀ

116 1251 246 1287 βασιλεῦ(-
262 1253 290 1280 ἐν
306 1253 393 1289 φάτνῃ
410 1254 593 1281 κατατίθεται.

333 1404 487 1440 Ἀντιόχου
501 1406 679 1434 ἐπισκόπου.

112 1485 116 1487 ~
153 1469 204 1498 *ον
215 1470 279 1505 χθὲς
294 1471 436 1507 ἀχράντοις
455 1472 573 1508 λοχείαις
593 1473 708 1509 Σωτῆρα
721 1474 786 1509 ήμῖν
799 1474 816 1508 ἡ
831 1474 898 1506 ζωο-

113 1515 204 1563 τοκος,
216 1516 440 1563 ήνκαλλιτόκοςλ
455 1519 645 1553 μεγαλοτόκος,
667 1520 683 1553 ἡ
698 1519 861 1554 φαεσφόρος,
877 1519 893 1553 ὴ
913 1531 936 1563 c

114 1561 302 1597 ὲλπιδοφόρος,
316 1563 332 1598 ή
344 1563 484 1598 Θεοτόκος,
500 1565 517 1600 ἡ
532 1565 678 1598 ξενοτόκος,
692 1566 708 1601 ή
724 1565 899 1600 παρϐενομή-

114 1616 173 1643 τωρ
185 1607 263 1635 ὢδινε
275 1609 380 1644 Μαρία.

119 1717 309 1759 Ἂμφιλοχίορ
336 1720 503 1760 ἐπισκόπου
531 1722 668 1760 Ἰκονίου,
694 1724 728 1750 ἐκ
752 1724 805 1752 τοῦ
827 1724 896 1760 Περὶ

272 1756 327 1788 τῆς
344 1756 419 1783 κατὰ
436 1757 534 1791 σάρκα
550 1757 727 1792 γεννήσεως.

155 1819 188 1846 Ἦ
201 1820 313 1856 ἀλήθεια
335 1822 469 1859 ἐγνώσθη,
497 1825 512 1859 ή
537 1825 616 1860 χάρις
634 1823 710 1860 ἦλθε,
733 1827 780 1853 καὶ
803 1827 819 1862 ἡ
840 1826 897 1862 ζωὴ

112 1866 212 1901 ἐφάνη.
233 1867 264 1894 '0
277 1868 324 1894 τοῦ
337 1869 403 1895 Θεοῦ
425 1869 461 1896 ὢν
477 1870 548 1902 Υἱὸς,
565 1872 579 1897 ὁ
591 1871 622 1897 ἐκ
635 1872 702 1898 Θεοῦ
714 1872 810 1905 Λόγος,
829 1872 897 1908 σὰρξ

112 1911 223 1946 ζεγενετο
241 1913 274 1939 δι’
287 1915 372 1949 ἡμᾶς,
388 1914 431 1941 ἵνα
446 1915 559 1949 θνητοὺς
568 1917 608 1948 είς
622 1916 694 1952 ζωὴν
710 1917 818 1943 αἰώνιον
830 1919 897 1944 ἀνα-

113 1958 212 1993 στήσῃ,
226 1959 273 1985 καὶ
288 1960 319 1986 ὲκ
333 1960 387 1986 τῶν
402 1961 504 1995 νεκρῶν
519 1961 656 1998 ἀνεγείρῃ.
673 1963 702 1989 ’0
715 1963 832 1998 Ποιητὴς
842 1963 896 1990 τῶν

112 2002 195 2034 ὅλων,
209 2004 223 2030 ὸ
239 2004 291 2039 πρὸ
305 2005 394 2040 πάσης
408 2007 524 2038 κτίσεως
537 2007 641 2042 ὁρατῶν
657 2017 686 2034 τε
701 2009 747 2034 καὶ
760 2009 894 2044 ἀοράτων,

113 2048 189 2084 μόνῳ
210 2050 297 2085 Πατρὶ
318 2050 364 2076 καὶ
390 2050 528 2086 Πνεύματι
551 2053 728 2088 συνυπάρχων
745 2054 896 2087 ἀθάνατος,

112 2095 235 2130 σήμερον
255 2096 310 2122 ἰδοὺ
324 2096 390 2131 ἡμῖν
405 2097 437 2123 ἐκ
454 2097 590 2132 Παρθένου
610 2098 778 2133 γεννώμενος
788 2120 794 2130 ,
810 2100 895 2136 χωρὶς

111 2139 205 2175 πάσης
222 2140 370 2177 ἁμαρτίας,
385 2141 449 2168 ἄνευ
463 2142 617 2178 ἀνθρώπου,
633 2144 692 2179 ἦτοι
710 2145 816 2180 ἀνδρός.

194 2251 344 2286 Ἄμμωνος
356 2250 525 2278 ἐπισκόπου
540 2251 816 2286 Ἀδριανουπόλεως.

132 2319 209 2353 Ἔφη
224 2317 279 2354 γάρ
293 2324 353 2345 που
366 2317 415 2344 καὶ
430 2318 520 2350 αὐτὸς
532 2317 597 2352 περὶ
616 2317 669 2345 τοῦ
682 2318 755 2345 Θεοῦ
772 2319 879 2354 Λόγου.

149 2383 180 2410 Et
192 2383 221 2410 δὲ
237 2383 316 2416 αὐτὸς
327 2383 392 2415 Θεὸς
407 2383 457 2419 τὴν
471 2383 552 2418 φύσιν
563 2383 704 2419 ὑπάρχων,
717 2384 754 2416 ὡς
770 2384 817 2411 τοῦ
828 2384 896 2411 Θεοῦ

113 2430 262 2466 μονογενὴς
283 2430 365 2463 Υἱὸς,
383 2431 412 2457 ὲν
429 2430 579 2465 προσλήψει
600 2431 650 2465 τῆς
672 2431 765 2457 δούλου
789 2432 896 2466 μορφῆς

112 2475 270 2511 γενόμενος,
283 2476 331 2502 καὶ
345 2476 516 2511 πρωτότοκος
529 2476 592 2508 Υίδς
603 2477 652 2511 τῆς
668 2477 747 2510 ἁγίας
757 2476 896 2511 Παρθένου

112 2521 247 2556 κληθῆναι
264 2520 446 2554 καταξιώσας,
462 2522 619 2558 ἀντίλυτρον
634 2523 730 2549 ἑαυτὸν
742 2523 812 2558 ὑπὲρ
827 2523 896 2550 πάν-

111 2575 167 2593 των
194 2566 304 2594 δέδωκε.
329 2566 515 2602 Προσεπὰγει
537 2567 571 2593 δὲ
596 2568 725 2601 τούτοις·
752 2568 821 2603 Ἤδη
847 2569 896 2603 μὲν

111 2611 202 2644 ἔδειξα
223 2611 272 2647 τὴν
294 2612 430 2646 ἀσέϐειαν,
480 2613 687 2648 περιπίπτουσιν
703 2614 728 2640 οἱ
752 2614 896 2649 Ἀρειανοὶ,

111 2657 237 2691 λέγοντες
263 2657 355 2693 χρείαν
384 2658 531 2693 ἐσχηκέναι
560 2659 610 2694 τὴν
633 2659 763 2686 Θεοτόκον
787 2661 896 2695 Μαρίαν

110 2703 166 2730 τῶν
189 2703 262 2730 κατὰ
286 2703 332 2730 τὸν
354 2704 436 2739 νόμον
457 2705 518 2732 τότε
543 2706 773 2741 προσφερομένων
797 2706 896 2734 θυσιῶν

111 2749 183 2785 ὑπὲρ
197 2749 251 2775 τῶν
265 2750 415 2777 τικτουσῶν
433 2751 579 2784 γυναικῶν.

110 2839 134 2855 "
146 2839 235 2867 Calai.
255 2847 273 2872 I,
292 2839 318 2868 9.
357 2839 380 2856 '°
396 2838 472 2867 Joan.
486 2847 506 2873 ι,
519 2839 561 2866 1-1.

953 879 1062 912 gnitatis
1077 878 1206 912 Verbum,
1225 887 1286 906 cum
1306 883 1400 912 suapte
1422 884 1517 906 natura
1542 878 1735 906 exinanitionis

952 932 1036 959 capax
1063 932 1116 952 non
1139 929 1220 958 esset,
1242 925 1411 956 exinanitur,
1436 925 1527 952 servili
1551 925 1623 952 enim
1647 924 1734 951 forma

950 975 1074 1005 suscepta
1095 972 1268 1006 semetipsum
1291 971 1448 998 exinanivit.
1475 972 1526 1004 Qui
1553 978 1652 1005 expers
1676 975 1734 997 erat

950 1017 1059 1049 carnis,
1083 1025 1166 1044 carne
1191 1017 1326 1050 induitur,
1355 1026 1365 1042 (
1393 1016 1507 1044 Verbum
1542 1024 1605 1043 caro
1634 1016 1734 1044 factum

950 1068 991 1090 est
1005 1063 1039 1090 ⁸⁸.
1055 1072 1065 1089 ι
1091 1063 1140 1096 Qui
1165 1063 1200 1090 ob
1228 1067 1352 1090 naturam
1376 1063 1497 1096 corporis
1521 1066 1658 1096 expertem
1685 1061 1734 1088 sub

951 1113 1051 1136 tactum
1067 1116 1119 1136 non
1133 1109 1267 1140 veniebat,
1286 1109 1427 1143 palpabilis
1444 1107 1568 1135 eiﬁeitur.
1593 1106 1643 1140 Qui
1659 1107 1734 1141 priu-

949 1154 1048 1189 cipium
1062 1154 1209 1187 nesciebat,
1236 1155 1383 1182 secundmn
1409 1161 1506 1188 corpus
1527 1153 1633 1180 initium
1653 1153 1734 1180 sorti-

950 1205 1003 1227 tur.
1016 1200 1065 1233 Qui
1080 1201 1203 1227 absolute
1218 1201 1353 1235 perfectus
1368 1204 1438 1233 erat,
1458 1200 1624 1226 incrementa
1638 1200 1731 1226 sumit.

949 1247 999 1280 Qui
1013 1248 1132 1274 converti
1150 1255 1201 1273 non
1218 1250 1315 1282 potest,
1330 1246 1444 1281 proﬁcit.
1463 1245 1513 1279 Qui
1536 1247 1610 1274 dives
1624 1250 1686 1277 est,
1706 1246 1732 1272 in

948 1293 1098 1320 diversorio
1111 1293 1239 1327 gignitur.
1252 1293 1303 1325 Qui
1315 1292 1414 1320 caelum
1429 1293 1542 1319 nubibus
1554 1292 1630 1327 tegit,
1642 1291 1733 1318 fasciis

950 1337 1104 1365 involvitur.
1119 1338 1171 1371 Qui
1188 1346 1234 1365 rex
1252 1342 1305 1369 est,
1322 1338 1349 1364 in
1365 1337 1496 1372 prmsepio
1511 1337 1664 1372 deponitur.

1211 1403 1333 1432 Antiochi
1346 1405 1467 1439 episcopi.

985 1473 1069 1507 Quem
1086 1473 1211 1500 hesterno
1226 1472 1268 1500 die
1286 1479 1334 1507 pro
1350 1476 1442 1499 nostra
1458 1470 1545 1498 salute
1561 1469 1735 1498 immaculato

952 1519 1094 1554 puerperio
1113 1519 1228 1553 genitrix
1246 1519 1320 1550 vitae,
1338 1522 1424 1544 mater
1436 1516 1642 1552 pulchritudinis
1654 1537 1661 1550 ,
1676 1523 1735 1543 man

951 1566 1113 1601 gnilieentiee
1136 1565 1258 1598 lucisque
1274 1571 1382 1598 parens,
1397 1563 1452 1598 spei
1473 1563 1651 1598 apportatrix,
1672 1564 1734 1590 Dei-

951 1619 1028 1646 para.
1043 1618 1103 1645 qua:
1119 1617 1189 1638 novo
1203 1610 1306 1644 peperit
1320 1610 1410 1642 modo,
1425 1609 1499 1643 virgo
1513 1613 1540 1636 et
1553 1613 1639 1636 mater
1653 1616 1735 1643 pepe-

949 1657 984 1684 rit
997 1655 1091 1682 Maria.

950 1723 1003 1758 50
1021 1722 1203 1758 Ampln'locliii
1215 1721 1327 1758 episcopi
1340 1720 1435 1751 Iconii,
1449 1729 1481 1747 ex
1500 1720 1566 1746 libro
1579 1720 1612 1747 de
1623 1728 1733 1755 genera-

1099 1758 1168 1783 tione
1185 1756 1292 1783 Domini
1307 1757 1448 1783 secundum
1465 1764 1580 1782 tantem.

983 1826 1089 1853 Veritas
1106 1825 1213 1860 cognita
1238 1829 1290 1856 est,
1307 1824 1394 1858 gratia
1421 1826 1506 1856 venit,
1517 1824 1572 1850 vita
1595 1823 1730 1858 apparuit,

948 1872 995 1900 Dei
1012 1871 1144 1902 Verbum,
1157 1870 1257 1904 Deique
1271 1870 1355 1897 Filius
1376 1875 1485 1905 propter
1509 1877 1558 1897 nos
1575 1870 1732 1896 incarnatus

948 1922 999 1950 est,
1014 1925 1067 1952 quo
1083 1917 1208 1944 nimirum
1229 1917 1359 1943 mortales
1370 1923 1384 1942 a
1396 1921 1483 1943 morte
1497 1915 1530 1942 ad
1553 1916 1635 1942 vitam
1651 1921 1731 1941 mter-

948 1972 1008 1991 nam
1027 1968 1175 1991 revocaret.
1193 1961 1386 1990 Universorum
1405 1961 1511 1996 Opil'ex,
1530 1961 1574 1995 qui
1593 1965 1655 1988 ante
1670 1968 1730 1986 om-

947 2016 1008 2036 nem
1037 2012 1190 2035 creaturam
1220 2012 1274 2033 tam
1308 2006 1441 2033 visibilem
1471 2014 1550 2040 quam
1570 2005 1730 2032 invisibileni

948 2054 998 2081 soli
1018 2053 1089 2080 Patri
1107 2058 1130 2080 et
1152 2053 1264 2087 Spiritui
1291 2057 1383 2079 sancto
1413 2053 1592 2078 consistebat
1620 2052 1731 2078 immor-

948 2100 1017 2132 talis,
1032 2107 1094 2126 ecce
1110 2100 1132 2126 is
1158 2099 1226 2125 citra
1246 2098 1327 2124 ullum
1343 2102 1493 2131 peccatum,
1522 2097 1657 2131 ullamque
1682 2098 1729 2123 lm-

947 2145 1027 2172 minis
1056 2149 1102 2172 aut
1123 2145 1171 2172 viri
1200 2151 1321 2178 operam,
1341 2143 1421 2170 hodie
1448 2143 1527 2170 nobis
1554 2150 1588 2169 ex
1620 2142 1730 2177 Virgine

912 2198 934 2226 ι)
949 2191 1069 2218 nascitur

1088 2259 1224 2286 Ammonis
1245 2258 1356 2293 episcopi
1372 2258 1588 2292 Adrianopoleos.

1104 2323 1148 2350 Sic
1159 2324 1227 2350 enim
1243 2323 1297 2358 ipse
1307 2323 1345 2349 ait
1357 2323 1388 2349 de
1401 2322 1453 2349 Deo
1471 2322 1563 2349 Verbo.

983 2390 1057 2423 Quod
1083 2390 1104 2417 si
1127 2389 1160 2421 is,
1186 2390 1231 2423 qui
1261 2388 1331 2417 Deus
1358 2391 1505 2417 secundum
1533 2395 1655 2418 naturam
1676 2396 1728 2424 est,

947 2441 1039 2471 utpote
1053 2436 1207 2469 unigenitus
1223 2436 1267 2463 Dei
1279 2435 1474 2468 Filius,servili
1485 2436 1570 2463 forma
1579 2441 1728 2470 assumpta,

950 2489 1088 2516 sat-neque
1102 2482 1220 2517 Virginis
1236 2483 1430 2517 primogenitus
1440 2483 1568 2516 appellari
1581 2490 1633 2511 non
1654 2482 1730 2510 dedi-

948 2533 1056 2562 gnatus,
1086 2528 1261 2562 semetipsum
1295 2528 1506 2562 redemptionem
1531 2536 1580 2564 pro
1605 2529 1731 2556 omnibus

948 2573 1068 2599 tradidit.
1085 2573 1165 2599 Addit
1185 2578 1310 2606 prwtetea
1324 2581 1333 2600 :
1349 2573 1428 2600 Clare
1441 2577 1526 2608 patet,
1551 2573 1578 2600 in
1598 2578 1729 2608 quantam

949 2618 1113 2652 impietatem
1139 2618 1316 2653 prolabantur
1335 2618 1441 2652 Ariani,
1457 2619 1502 2653 qui
1518 2619 1661 2654 Deiparatn
1675 2619 1731 2646 Ma-

947 2665 1014 2690 riam
1027 2664 1060 2692 iis
1073 2665 1226 2696 sacriliciis,
1237 2672 1296 2699 quae
1309 2672 1359 2700 pro
1369 2666 1509 2700 puerperis
1522 2672 1555 2692 ex
1568 2665 1626 2700 lege
1639 2665 1730 2693 oﬂ‘erri

947 2717 1005 2738 mos
1020 2714 1088 2744 erat,
1104 2716 1170 2746 opus
1182 2710 1309 2738 habuisse
1325 2713 1466 2748 asserunt.
