1883 3056
153 121 224 151 lilii

659 122 688 151 S.
709 121 846 150 CYRlLLI
867 121 1101 149 ALEXANDBINI
1120 121 1280 149 ARCIIIEP.

1721 115 1800 144 1216

154 179 267 208 loeutus
287 178 400 212 episcopi
421 177 695 214 Constantinopoleos,
710 178 749 206 De
760 179 852 206 divina
863 187 941 206 aene-

1011 177 1136 205 lwdrrov
1148 174 1697 214 ézwxjxqvﬂwo‘mynmxdlem,
1722 174 1799 209 Περὶ

489 214 601 240 ratione.

322 271 388 298 Dicit
400 275 488 297 autem
500 270 533 297 de
544 276 635 298 sancta
651 270 768 306 Virgine.

189 328 261 354 Loco
288 327 364 360 solis,
387 327 436 360 ait,
451 327 694 362 incircumscriptus
718 327 834 362 iustitia:
853 328 940 356 solem

154 373 295 408 complexa
310 372 370 400 fuit.
390 372 482 407 Neque
504 373 549 400 hic
572 374 713 408 quaesieris
739 375 875 409 quomodo
890 375 941 401 hoc

154 418 255 446 factum
271 419 316 451 sit,
334 424 379 446 aut
396 418 455 446 lieri
479 419 608 453 potuerit.
623 418 675 447 Ubi
693 420 765 448 enim
789 419 860 448 Deus
874 421 940 452 vult,

154 465 191 493 ibi
223 470 326 493 natura:
345 465 412 493 ordo
439 465 521 492 cedit.
539 464 639 498 Voluit,
663 466 762 500 potuit,
789 466 940 498 descendit,

154 509 268 538 salvavit
285 511 394 538 :omnla
420 510 467 538 Dei
494 516 589 539 nutum
617 516 777 546 sequuntur.
794 511 879 540 Hodie
895 513 940 547 qui

154 560 205 589 est,
218 557 350 592 gignitur;
368 562 395 584 et
423 565 530 584 rursum
555 557 601 592 qui
624 562 676 590 est,
689 557 720 585 ﬁt
745 558 771 585 id
789 559 860 592 quod
887 566 939 586 non

153 607 223 637 erat,
240 610 301 630 nam
317 611 378 630 cum
399 603 468 630 Deus
489 606 573 636 esset,
589 602 619 629 ιιι
637 602 737 630 homo:
751 602 784 629 ab
803 610 834 630 ea
852 608 940 630 tamen

155 655 236 682 quam
249 647 364 676 habebat
377 649 479 676 deitate
491 655 543 676 non
558 648 676 682 excidit;
690 655 740 676 nec
752 656 813 676 cum
830 649 940 676 deitatis

151 692 258 727 jactura
271 693 360 721 factus
374 699 415 721 est
440 695 531 725 homo,
549 701 638 727 neque
661 701 769 721 rursum
787 702 835 729 per
847 702 942 722 succo.

155 739 247 766 (lentia
264 739 430 767 incrementa
449 747 481 767 ex
498 739 608 766 homine
632 739 719 767 factus
731 745 773 767 est
790 740 877 768 Deus:
893 741 940 768 sed

156 783 274 813 Verbum
290 786 436 817 exsistcns,
457 790 553 812 natura
569 785 677 820 propria
693 785 728 813 ob
745 786 785 813 sui
803 786 941 821 impatibi-

155 829 259 857 litatem
277 835 403 856 manente
420 828 470 864 51
485 829 547 857 inde
560 833 673 860 mutata,
689 829 790 857 factum
804 836 847 858 est
865 838 939 858 caro.

155 875 284 909 Adjungit
296 875 404 903 deruunt
422 884 429 901 :
449 874 501 908 Qui
519 874 544 901 in
556 874 625 902 solio
634 875 740 902 sublimi
758 876 942 910 praecisoque

155 920 289 954 considet,
304 921 326 948 is
339 920 365 947 in
383 920 514 955 praesepio
534 920 645 955 ponitur
660 929 667 947 :
683 921 729 956 qui
751 921 941 956 impalpabilis,

155 966 281 1001 simplex,
292 974 324 994 ac
339 967 514 1001 incorporeus
532 971 584 999 est,
599 966 725 994 humanis
740 968 865 995 manibus
876 975 942 997 con-

155 1016 287 1039 trectatur
299 1022 304 1038 :
317 1011 361 1046 qui
375 1016 548 1046 peccatorum
564 1011 670 1039 vincula
681 1011 836 1048 disrumpit,
851 1013 944 1043 fasciis

155 1056 358 1091 constringitur.

411 1113 547 1142 Seueriani
560 1114 686 1150 episcopi.

204 1169 428 1205 Quandoquidem
458 1169 576 1198 Verbum
599 1172 670 1206 quod
701 1179 818 1207 superne
843 1180 943 1201 arcana

156 1216 273 1250 quadam
291 1215 540 1251 inexplicabilique,
552 1224 584 1244 ac
596 1217 822 1252 incomprehensa
839 1220 944 1247 ratione

156 1269 190 1289 ex
212 1261 266 1289 Deo
277 1261 357 1289 Patre
367 1262 400 1289 ab
414 1263 487 1290 omni
502 1263 655 1291 aeternitate
675 1265 809 1297 nascitur,
826 1265 943 1299 idipsum

156 1307 262 1335 inferne
275 1315 308 1335 ex
319 1307 429 1343 Virgine
441 1308 525 1336 Maria
539 1309 567 1336 in
579 1315 701 1344 tempore
714 1317 875 1345 generatur;
891 1320 944 1347 quo

157 1351 185 1379 hi
209 1352 345 1384 nimirum,
363 1355 408 1388 qui
432 1354 486 1381 nati
510 1359 588 1382 erant
609 1354 723 1389 inferne,
743 1364 777 1384 ex
798 1358 852 1385 Deo
867 1365 947 1385 rena-

156 1402 266 1425 scantur
284 1398 373 1424 denuo
390 1405 516 1432 superne.

281 1453 371 1481 Vitalii
390 1455 514 1490 episcopi,
529 1463 562 1483 ea;
578 1464 696 1485 sermone
714 1457 751 1486 De
766 1458 829 1493 fide.

191 1543 335 1571 Credimus
359 1543 392 1570 ad
415 1543 484 1576 haec,
500 1544 572 1579 quod
598 1545 708 1579 quidem
736 1545 768 1571 ad
797 1544 946 1573 Salvatoris

159 1590 245 1617 nostri
271 1589 497 1624 dispensationem
519 1591 667 1618 secundum
697 1597 806 1618 carnem
838 1592 945 1624 attinet,

160 1636 385 1668 incarnationem,
399 1636 444 1663 Dei
460 1635 550 1664 Verbo
561 1636 719 1664 immutabili
731 1637 946 1665 inconvertibili-

159 1689 212 1716 que
226 1687 411 1716 permanente,
423 1682 456 1710 ad
469 1682 595 1709 humanm.
608 1687 711 1710 natura:
723 1683 945 1711 instaurationem

161 1727 260 1754 {actam
273 1735 344 1754 esse.
358 1727 425 1754 Nam
440 1735 500 1755 cum
517 1729 582 1756 illud
606 1729 755 1755 secundant
771 1733 900 1756 aeternam
913 1738 946 1756 ex

162 1773 217 1800 Deo
228 1772 308 1801 Patre
325 1774 456 1808 originem
471 1781 552 1801 verus
569 1775 614 1802 Dei
630 1774 715 1801 Filius
732 1775 778 1808 sit,
794 1776 945 1802 secundum

159 1824 219 1845 eam
233 1826 292 1853 qua:
309 1823 352 1846 est
366 1827 398 1846 ex
412 1818 535 1854 Virgine,
553 1819 655 1847 factum
667 1824 707 1847 est
721 1820 805 1848 Filius
818 1820 946 1849 hominis.

161 1862 264 1897 Estque
280 1872 349 1892 unus
372 1870 399 1892 et
422 1865 492 1892 idem
504 1866 659 1893 secundum
677 1866 846 1893 divinitatem
864 1866 947 1894 Filius

161 1909 300 1944 perfectus
311 1915 338 1938 et
349 1909 422 1937 Patri
434 1910 690 1945 consubstantialis;
705 1916 733 1939 et
753 1911 823 1939 idem
840 1919 946 1939 rursum

161 1955 308 1983 secundum
326 1956 528 1990 generationem
549 1964 583 1983 ex
602 1955 713 1991 Virgine
739 1955 875 1991 perfectus
896 1956 948 1983 ho-

163 2008 218 2033 mo,
231 2001 352 2036 ejusdem
363 2007 423 2027 cum
433 2001 538 2028 caneris
551 2001 706 2028 hominibus
715 2001 840 2028 essentia;
853 2009 949 2028 secun-

163 2047 227 2074 dum
245 2054 366 2075 carnem.
384 2047 412 2074 Si
428 2047 489 2081 quis
503 2052 593 2075 autem
619 2047 717 2074 dixerit
732 2047 832 2074 Christi
848 2055 947 2082 corpus

163 2099 179 2120 ε
192 2093 262 2120 ςωιο
277 2092 447 2128 deportatum
462 2101 532 2126 esse,
550 2098 596 2120 aut
621 2101 732 2121 carnem
747 2101 829 2129 quam
855 2093 946 2125 habet,

163 2135 220 2164 Deo
238 2138 498 2166 consubstantialem
519 2145 589 2170 esse,
614 2139 758 2166 anathema
777 2139 822 2166 sit.
846 2138 874 2166 Si
887 2139 948 2174 quis

1211 211 1267 246 τῆς
1282 211 1363 244 θείας
1376 210 1558 246 γεννήσεως.

1097 267 1175 302 Φησὶ
1190 267 1224 294 δὲ
1239 266 1308 301 περὶ
1320 266 1375 302 τῆς
1393 267 1482 302 ἁγίας
1497 266 1655 300 Παρθένου

1032 324 1105 351 Ἀντὶ
1126 324 1155 351 δὲ
1178 323 1265 360 ἡλίου,
1285 322 1353 359 φησὶ
1365 342 1373 354 ,
1387 322 1432 349 τὺν
1448 322 1525 357 ἥλιον
1544 322 1594 356 τῆς
1607 318 1796 353 δικαιοσύνης

991 370 1204 407 ἀπεριγράπτως
1215 370 1327 406 χωρήσα
1340 371 1374 396 P‘.
1383 369 1437 396 Καὶ
1451 368 1489 404 μὴ
1501 369 1622 403 ζητήσῃς
1630 367 1704 397 πῶς·
1721 365 1794 392 ὅπου

991 417 1046 452 γὰρ
1059 416 1182 452 βούλεται
1195 416 1272 449 Θεὸς,
1284 416 1391 442 νικᾶται
1406 415 1514 448 φύσεως
1529 414 1606 446 τάξις
1616 421 1624 429 ⁸
1643 411 1794 447 ήὸουλήθη

991 462 1056 498 γὰρ.
1087 461 1219 497 ἠδυνήθη,
1241 459 1384 495 κατῆλθεν,
1403 459 1500 486 ἔσωσε.
1525 457 1671 492 Σύνδρομα
1694 455 1795 482 πάντα.

991 506 1060 542 θεῷ.
1075 507 1199 542 Σήμερον
1216 507 1230 533 ὁ
1243 505 1281 532 ὢν
1295 505 1426 535 τίκτεται,
1444 504 1491 531 καὶ
1508 504 1523 530 ὁ
1537 502 1574 530 ὢν
1589 502 1698 536 γίνεται
1717 501 1793 535 ὅπερ·

991 553 1041 580 οὐκ
1051 551 1096 588 ἦν.
1110 553 1157 579 Ὧν
1168 552 1223 587 γὰρ
1238 551 1313 582 Θεὸς,
1327 551 1432 585 γίνεται
1447 549 1600 584 ἄνθρωπος.
1615 547 1666 574 οὐκ
1681 545 1792 576 ἐκστὰς

991 598 1038 624 τοῦ
1063 595 1132 624 εἶναι
1155 596 1231 628 Θεός.
1255 595 1324 622 οὗτε
1342 594 1396 630 γὰρ
1422 594 1481 620 κατ’
1501 593 1629 620 ἔκστασιν
1654 591 1793 624 θεότητος

991 644 1103 678 γέγονεν
1115 641 1268 678 ἄνθρωπος,
1279 641 1341 668 οὔτε
1357 640 1428 667 κατὰ
1440 638 1582 675 προκοπὴν
1593 637 1623 671 ὲξ
1634 636 1790 672 ἀνθρώπου

991 689 1086 723 γέγονε
1109 688 1174 720 Θεός
1185 694 1192 702 ·
1214 687 1282 714 ἀλλὰ
1296 687 1383 721 Λόγος
1402 685 1440 713 ὣν
1457 686 1502 713 διὰ
1523 685 1554 712 τδ
1567 684 1692 715 ἀπαθὲς,
1716 682 1792 717 σὰρξ

992 733 1121 768 ἐγένετο,
1145 732 1334 768 ἀμεταϐλήτου
1360 732 1493 767 μενούσης
1511 731 1564 766 τῆς
1587 730 1708 766 φύσεως.
1730 729 1790 761 Καὶ

992 778 1175 813 προσεπάγει
1204 779 1338 811 τούτοις-⁵
1362 777 1392 804 '0
1416 777 1463 804 ἐπὶ
1485 777 1580 812 θρόνου
1606 774 1714 811 ὑψηλοῦ
1739 775 1792 801 καὶ

959 849 980 876 Β
994 826 1151 861 ἐπηρμένου
1171 825 1334 861 καθήμενος,
1346 825 1376 851 ἂν
1392 825 1479 861 φάτνῃ
1501 824 1604 851 τίθεται
1614 832 1622 840 ’
1632 824 1651 876 ρ
1664 822 1790 876 ἀναφὴς,

994 872 1041 899 καὶ
1065 871 1182 903 ἁπλοῦς,
1211 871 1259 898 καὶ
1285 870 1447 906 ἀσώματος,
1479 870 1573 906 χερσὶν
1596 869 1791 904 ἀνθρωπίναις

993 918 1155 945 εἱλίσσεται·
1182 918 1198 945 ὁ
1224 917 1259 944 τὰ
1279 917 1330 952 τῆς
1360 916 1499 953 ἁμαρτίας
1518 914 1652 942 -διασπῶν
1682 913 1789 949 δεσμὰ,

994 964 1162 1001 σπαργάνοις
1177 963 1356 1000 ἐμπλέκεται.

1193 1106 1375 1141 Σεσηριανοῦ
1394 1105 1575 1133 ἐπισκόπου.

1034 1164 1064 1191 '0
1079 1163 1132 1200 γὰρ
1147 1162 1287 1199 γεννηθεὶς
1300 1162 1403 1189 ἄνωθεν
1415 1163 1447 1189 ὲκ
1460 1161 1565 1197 Πατρὸς
1583 1160 1682 1194 Λόγος,
1699 1160 1789 1197 ἀπορ-

996 1210 1096 1245 ρήτως,
1110 1209 1270 1245 ἀφράστως,
1285 1208 1497 1243 ἅκαταλήπτως,
1511 1207 1616 1238 ἀϊδίως,
1632 1207 1646 1233 ὁ
1663 1205 1748 1238 αὐτὸς
1759 1206 1789 1232 ὲν

994 1255 1083 1291 χρόνῳ
1105 1256 1233 1290 γεννᾶται
1248 1254 1370 1282 κάτωθεν
1385 1255 1417 1281 ὲκ
1431 1253 1569 1289 Παρθένου
1587 1252 1718 1288 Μαρίας·
1743 1252 1788 1279 ἴνα

994 1302 1020 1327 ol
1034 1301 1165 1337 πρότερον
1179 1300 1355 1335 γεννηθέντες
1370 1299 1503 1332 κάτωθεν,
1519 1298 1626 1326 ἄνωθεν
1646 1297 1787 1333 γεννηθῶ-

995 1355 1037 1373 σιν
1056 1348 1087 1373 ὲκ
1099 1347 1227 1382 δευτέρας
1236 1351 1261 1378 ιι,
1281 1347 1404 1372 τουτέστι
1420 1345 1498 1372 Θεοῦ.

997 1452 1157 1478 Οὐΐτιιλίου
1187 1451 1374 1512 ἐπισκόποῖὀ,
1404 1450 1439 1477 ἐκ
1470 1449 1524 1477 τοῦ
1552 1449 1623 1484 Περὶ
1655 1448 1788 1482 πίστεως

1368 1494 1433 1512 mu.

1368 1494 1433 1520 γου.

1033 1543 1094 1569 Ἔτι
1108 1542 1137 1569 δὲ
1154 1542 1202 1569 καὶ
1223 1542 1287 1578 περὶ
1299 1542 1349 1578 τῆς
1371 1542 1442 1570 κατὰ
1457 1542 1546 1578 σάρκα
1560 1542 1722 1578 οἰκονομίας
1738 1542 1784 1570 τοῦ

995 1590 1122 1625 Σωτῆρος
1141 1588 1314 1624 πιστεύομεν,
1331 1589 1371 1615 ὅτι
1388 1587 1568 1615 ἁναλλοιιὶιτου
1583 1589 1632 1615 καὶ
1647 1588 1785 1624 ἁτρὲτιτου

998 1635 1123 1670 μένοντος
1136 1634 1183 1661 τοῦ
1201 1634 1268 1662 Θεοῦ
1281 1634 1380 1668 Λόγου,
1393 1635 1442 1670 τὴν
1456 1633 1594 1669 σάρκωσιν
1615 1633 1782 1668 γεγενῆσθαι

997 1680 1065 1715 πρὸς
1079 1681 1249 1707 άνακαίνισιν
1260 1685 1271 1698 ι’
1285 1679 1506 1716 ἁνθρωπότητος.
1522 1680 1586 1713 Υἱὸς
1598 1680 1654 1716 γὰρ
1670 1680 1710 1707 ὢν
1724 1681 1787 1716 ἀλη-

998 1726 1050 1758 Θῶς
1065 1726 1133 1752 Θεοῦ
1148 1726 1216 1753 κατὰ
1229 1725 1279 1762 τὴν
1296 1726 1380 1753 ἀΐδιον
1395 1726 1427 1752 ὲκ
1445 1725 1514 1752 Θεοῦ
1539 1725 1679 1761 γέννησιν,
1693 1727 1786 1760 γέγονε

997 1771 1044 1798 καὶ
1060 1771 1124 1803 Tib:
1140 1771 1284 1807 ἀνθρώπου
1300 1771 1371 1798 κατὰ
1384 1772 1434 1807 τὴν
1447 1772 1480 1798 ὲκ
1491 1772 1631 1807 Παρθένου
1647 1767 1784 1806 γέννησιν.

998 1817 1053 1844 Καὶ
1075 1817 1148 1844 ἔστιν
1172 1815 1211 1849 εἷς
1229 1817 1276 1844 καὶ
1301 1818 1314 1843 ὁ
1334 1817 1415 1849 αὐτὸς
1429 1817 1531 1849 τέλειος
1552 1817 1619 1848 Θεὸς
1645 1817 1718 1843 κατὰ
1739 1817 1786 1852 τὴν

998 1862 1112 1897 θεότητα
1123 1883 1129 1895 ,
1146 1863 1192 1890 καὶ
1213 1863 1355 1898 ὁμοούσιος
1375 1862 1414 1898 τῷ
1432 1863 1518 1898 Πατρί
1529 1871 1536 1879 ·
1552 1864 1600 1889 καὶ
1620 1863 1727 1894 τέλειος
1741 1861 1786 1889 ἄν·

998 1908 1107 1943 θρωπος
1121 1909 1135 1934 ὁ
1146 1908 1228 1940 αὐτὸς
1239 1908 1309 1935 κατὰ
1322 1909 1371 1943 τὴν
1387 1909 1418 1934 ὲκ
1432 1907 1572 1944 Παρθένου
1585 1908 1728 1943 γέννησιν,
1741 1908 1784 1934 καὶ

997 1953 1139 1989 ὸμοούσιος
1164 1953 1318 1990 ἀνθρώποις
1340 1954 1409 1981 κατὰ
1422 1954 1471 1989 τὴν
1488 1954 1589 1990 σάρκα.
1606 1953 1641 1980 Ei'
1656 1963 1698 1986 τις
1715 1954 1744 1981 δὲ
1757 1953 1785 1986 ἐξ

998 1999 1112 2035 οὐρανοῦ
1127 1999 1202 2034 λέγει
1219 2000 1299 2035 σῶμα
1316 2000 1389 2036 ἔχειν
1403 2001 1449 2028 τὸν
1466 2000 1594 2035 Χριστὸν,
1609 2001 1626 2036 ἢ
1644 2000 1784 2035 ὁμοοὺσιον

997 2045 1037 2081 τῷ
1051 2045 1109 2081 Θεῷ
1130 2046 1201 2073 κατὰ
1220 2046 1270 2082 τὴν
1293 2047 1392 2082 σάρκα,
1405 2046 1475 2073 ἔστω
1491 2046 1625 2081 ἀνάθεμα.
1642 2047 1676 2073 Et
1689 2055 1730 2078 τις
1748 2046 1782 2081 μὴ

999 2091 1124 2126 ὁμολογεῖ
1145 2091 1193 2127 τὴν
1205 2091 1252 2118 τοῦ
1269 2091 1369 2127 Κυρίου
1389 2092 1477 2127 σάρκα
1498 2092 1530 2118 ὲκ
1549 2092 1598 2127 τῆς
1614 2092 1695 2125 ἁγίας
1713 2093 1782 2128 Παρ-

1000 2136 1086 2168 θένου,
1104 2136 1151 2162 καὶ
1164 2136 1318 2172 ἀνθρώποις
1335 2137 1492 2171 ὁμοούσιον,
1512 2137 1581 2163 ἔστω
1602 2137 1736 2172 ἀνάθεμα.
1755 2138 1785 2165 Εἰ

165 2183 302 2217 negaverit
326 2182 430 2211 Domini
449 2190 560 2211 carnem
581 2191 615 2211 ex
633 2191 710 2211 sacra
736 2184 845 2219 Virgine
875 2193 943 2212 sum-

1011 2191 1043 2214 τις
1055 2182 1100 2208 τὸν
1116 2182 1216 2217 Κύριον
1228 2182 1306 2217 ἡμῶν
1320 2183 1367 2209 καὶ
1381 2183 1505 2218 Σωτῆρα,
1520 2183 1565 2209 τὺν
1581 2184 1613 2210 ὲκ
1630 2183 1782 2218 Πνεύματος

165 2232 236 2261 ptam
251 2235 323 2260 esse,
337 2234 384 2256 aut
413 2229 568 2257 hominibus
586 2229 845 2258 consubstantialem
871 2238 944 2262 esse,

165 2274 309 2301 anathema
333 2274 380 2303 sit.
395 2276 423 2302 Si
444 2275 506 2310 quis
529 2275 630 2303 dixerit
644 2275 787 2304 Dominum
803 2283 835 2303 ac
853 2275 948 2303 Salva-

165 2322 252 2346 torem
269 2323 402 2352 nostrum,
416 2320 462 2354 qui
474 2328 507 2348 ex
518 2319 621 2355 Spiritu
636 2325 732 2348 sancto
745 2325 773 2348 et
793 2320 876 2348 Maria
886 2321 949 2348 Vir-

165 2363 228 2399 gine
253 2365 400 2392 secundum
423 2373 534 2393 carnem
558 2371 636 2394 natus
657 2372 709 2398 est,
730 2366 831 2399 anima,
848 2371 947 2398 mente,

165 2414 212 2438 aut
237 2417 319 2438 sensu
343 2411 500 2439 destitutum
523 2420 593 2445 esse,
609 2413 752 2440 anathema
768 2414 814 2441 sit.
843 2413 872 2440 Si
889 2414 950 2448 quis

165 2457 265 2483 audeat
284 2457 375 2485 dicere
400 2457 538 2486 Christum
568 2458 670 2486 deitate
696 2466 817 2493 passum,
847 2463 876 2486 et
897 2466 950 2486 nou

165 2510 261 2536 carne,
276 2508 305 2531 ut
319 2503 451 2538 scriptum
478 2509 531 2537 est,
552 2504 589 2532 sit
605 2505 760 2533 anathema.
777 2504 804 2532 Si
819 2505 880 2539 quis
895 2504 949 2532 Do-

166 2548 268 2576 minum
287 2556 319 2575 ac
333 2548 502 2577 Salvatorem
524 2554 647 2577 nostrum
661 2549 687 2577 in
706 2550 775 2577 duos
795 2549 910 2582 divellit,
923 2555 950 2577 et

166 2594 281 2623 alterum
297 2594 405 2629 quidem
422 2594 519 2623 Filium
537 2595 655 2623 Verbum
670 2595 716 2623 Dei
739 2595 865 2630 appellat,
881 2596 949 2622 alte-

1002 2228 1079 2262 ἁγίου
1102 2228 1147 2255 καὶ
1168 2228 1278 2264 Μαρίας
1300 2229 1349 2264 τῆς
1371 2229 1510 2263 Παρθένου
1531 2228 1698 2263 γεννηθέντα
1717 2230 1782 2256 κατὰ

1003 2275 1103 2310 σάρκα,
1129 2275 1231 2310 ἄψυχον
1251 2275 1335 2309 λέγει,
1361 2275 1378 2310 ἢ
1401 2274 1574 2309 ἀναίσθητον,
1596 2274 1612 2309 ἢ
1639 2275 1747 2309 ἄλογον,
1767 2275 1781 2310 ἢ

1002 2321 1124 2356 ἀνόητον,
1149 2320 1219 2347 ἔστω
1242 2321 1374 2355 ἀνάθεμα.
1402 2320 1436 2346 Ei
1457 2329 1498 2352 τις
1518 2321 1605 2356 τολμᾷ
1626 2320 1719 2354 λέγειν
1742 2320 1782 2347 τὸν

1002 2366 1120 2402 Χριστὸν
1134 2366 1240 2401 θεότητι
1256 2366 1435 2398 πεπονθέναι,
1456 2367 1503 2393 καὶ
1523 2367 1562 2401 μὴ
1577 2367 1670 2402 σαρκὶ,
1684 2367 1723 2399 ὼς
1739 2367 1781 2400 γέ-

999 2420 1138 2447 γραπται,
1153 2412 1223 2438 ἔστω
1236 2412 1370 2446 ἀνάθεμα.
1387 2412 1421 2438 Εἴ
1432 2421 1473 2444 τις
1489 2412 1588 2447 διαιρεῖ
1602 2413 1650 2439 καὶ
1675 2412 1781 2448 χωρίζει

999 2458 1044 2485 τὸν
1063 2457 1166 2493 Κύριον
1179 2457 1257 2493 ἡμῶν
1272 2457 1320 2484 καὶ
1336 2457 1461 2493 Σωτῆρα,
1476 2458 1523 2484 καὶ
1537 2458 1611 2492 λέγει
1626 2458 1721 2493 ’ἅτερον
1738 2458 1781 2493 μὲν

999 2502 1068 2530 εἶναι
1088 2503 1151 2530 Υἱὸν
1165 2503 1211 2530 τὸν
1231 2504 1297 2530 Θεὸν
1315 2504 1418 2538 Λόγον,
1435 2504 1484 2531 καὶ
1504 2504 1597 2539 ἕτερον
1614 2504 1661 2531 τὸν
1686 2505 1779 2539 ἁναὶη-

999 2549 1100 2586 φθέντα
1113 2549 1268 2585 ἄνθρωπον,
1285 2551 1333 2577 καὶ
1353 2551 1390 2586 μὴ
1407 2550 1532 2586 ὁμολογεί
1543 2551 1593 2577 ἕνα
1609 2551 1658 2578 καὶ
1675 2550 1721 2578 τὸν
1734 2550 1778 2578 αὖ·

1001 2584 1057 2627 τὸν,
1079 2595 1149 2621 ἔστω
1164 2584 1298 2630 ἀνάθεμα.

167 2647 227 2668 rum
247 2647 312 2667 vero
342 2639 478 2668 hominem
506 2645 684 2676 assumptum,
704 2649 792 2676 neque
810 2641 954 2668 conﬁtetur
972 2648 1054 2668 unutn
1079 2645 1106 2667 et
1118 2641 1254 2674 eumdem,
1267 2641 1408 2668 anathema
1426 2640 1471 2669 sit.

700 2717 780 2736 variat
795 2708 924 2737 lectiones
937 2708 1040 2736 codicis
1054 2708 1236 2744 Seguieriani.

205 2785 415 2822 rthtbpr‘aa.
441 2785 602 2822 «samem;
629 2787 711 2815 codex
727 2786 929 2822 chuicrianus,

1011 2794 1036 2814 ιο
1053 2786 1121 2814 tituli
1139 2786 1350 2815 testimoniorum
1365 2785 1552 2814 desiderantur
1563 2793 1578 2813 a
1589 2785 1703 2814 librario
1715 2793 1776 2820 pra-

169 2821 299 2850 tcrtu'tsst.
328 2826 337 2840 π
355 2821 406 2848 ἀνα.
425 2821 554 2848 καίνοσιν.
