1883 3056
109 140 187 169 1⁴217

663 142 709 170 DE
727 141 840 170 RECTA
858 141 938 170 FIDE
956 142 1001 169 AD
1021 141 1182 170 REGINAS.

1663 141 1733 170 HM

111 201 263 236 θεοφίλου
276 201 452 234 ἐπισκόπου,
466 202 501 229 ἐκ
514 201 567 229 τοῦ
582 201 835 237 Προσφωνητικσῦ
851 201 902 229 .145-
915 203 938 232 Α
953 200 1005 236 52

965 201 1005 236 52
1028 201 1164 231 Theophili
1175 203 1297 236 episcopi.
1307 211 1339 229 ex
1353 211 1471 229 sermone
1489 201 1619 237 inscripto
1643 201 1677 228 ad
1690 209 1734 229 eos

168 245 222 271 του
244 237 320 270 ,πρὸς
331 237 401 270 τοὺς
414 238 601 272 φρονοῦντας
616 238 652 265 τὰ
670 237 844 272 Ὦριγένους.

275 291 351 325 Ἔφη
365 290 399 318 δὲ
410 291 504 325 οὕτως
518 291 585 326 περὶ
601 291 739 326 Χριστοῦ.

150 346 210 374 Ἰνα
233 346 271 382 μὴ
290 347 319 373 ἐν
333 346 404 381 λόγῳ
421 347 504 382 μόνῳ,
518 346 586 374 ἀλλὰ
598 347 646 374 καὶ
662 348 691 374 ὲν
704 347 817 381 δυνάμει
832 346 898 378 Θεὸς

109 392 251 428 ἀληθινὸς,
262 394 277 419 ὸ
291 393 385 427 φανεὶς
398 390 469 420 εἶναι
484 392 657 428 πιστεύηται,
672 394 705 428 τῇ
721 392 776 419 τῶν
789 392 897 427 δρωμέ-

110 447 168 466 νων
190 439 373 474 μεγαλουργίᾳ
392 439 442 474 τὴν
462 440 526 474 περὶ
540 439 622 466 αὑτοῦ
635 438 722 474 δηλῶν
737 438 896 473 ἀσφάλειαν.

111 485 224 520 ῐιλήρης
241 485 290 520 μὲν
301 485 338 511 ὢν
354 485 611 516 Θεὸς,αὺτοοελῶς·
630 485 658 512 δὲ
673 484 896 520 ὲνανθρωπήσας,

111 531 162 557 καὶ
179 530 262 566 μηδὲν
281 530 452 566 ἀνθρωπείας
463 530 618 566 ὁμοιώσεως
629 529 795 564 καταλείψας
807 529 896 561 ἐκτὸς,

111 576 184 612 πλὴν
206 576 289 611 μόνης
312 577 362 612 τῆς
383 577 492 603 ἀνοσίου
516 576 634 608 κακίας·
650 576 700 603 καὶ
719 575 818 611 βρέφος
843 575 898 610 γὰρ

110 622 273 658 γενόμενος,
296 622 471 658 Ἐμμανουήλ
494 622 679 658 ὡμολογεῖτο,
704 622 799 657 μάγων
829 621 898 657 πρὸς

110 668 196 695 αὐτὸν
210 668 302 695 ἰόντων
318 668 364 695 καὶ
378 668 416 704 τῷ
433 670 596 704 προσκυνεῖν
621 669 668 696 καὶ
683 668 749 695 Θεὸν
766 666 836 694 εἶναι
852 667 897 694 τὸν

114 713 236 747 φανέντα
247 713 380 748 βοώντων·
391 714 432 740 ὃτι
444 713 492 741 καὶ
505 714 587 749 σαρκὶ
597 713 713 749 σταυρού
718 722 806 748 μενος,
821 713 896 748 ἡλίου

112 756 289 783 συνέστελλεν
303 757 426 790 ἀκτῖνας,
444 757 491 784 καὶ
504 757 543 793 τῷ
558 757 626 793 ξένῳ
647 757 766 793 θαύματι
785 757 835 792 τὴν
857 758 897 784 ol-

112 801 190 828 κείαν
205 801 358 837 σαφηνίζων
373 802 498 838 θεότητα,
520 803 638 838 οὐδαμοῦ
662 804 813 839 σκορπίδας
838 803 898 829 ἑαυ-

110 847 170 880 τὸν,
196 847 212 882 ἢ
238 847 365 879 διαλύσας
387 848 427 879 εἰς
444 848 569 882 σωτῆρας
592 848 648 876 δύο.
673 848 752 875 ’Δλλὰ
773 849 820 875 καὶ
842 849 898 880 τοῖς

108 892 248 927 μαθηταῖς
262 892 339 926 ἔλεγε
350 900 357 907 ·
378 901 387 918 ι
403 893 449 928 Μὴ
466 893 600 928 καλέσητε
615 893 773 921 διδάσκαλον
788 895 833 921 ἐπὶ
847 895 897 929 τῆς

111 937 183 971 γῆς·
204 934 244 968 εἷς
267 937 321 972 γάρ
342 938 415 964 ἐστιν
430 938 508 973 ὑμῶν
525 938 685 974 καθηγητὴς
706 941 721 966 ὸ
738 939 866 974 Χριστός.
884 949 893 966 ι

109 983 151 1009 οὐ
165 983 220 1018 γὰρ
235 983 280 1009 ὅτε
295 983 374 1010 τοῦτο
388 985 445 1016 τοῖς
457 985 617 1017 ἀποστόλοις
632 985 800 1020 παρήγγειλε
811 986 832 1019 ί,
845 986 893 1013 τοῦ
917 982 921 986 ’

111 1029 274 1064 φαινομένου
302 1031 428 1065 σώματος
450 1031 499 1066 τὴν
514 1031 618 1058 οίκείαν
634 1031 743 1067 διώριζε
764 1031 892 1067 θεότητω

108 1075 173 1102 οὐδὲ
187 1075 230 1101 ὅτε
245 1076 363 1112 Χριστὸν
376 1076 472 1103 ἑαυτὸν
493 1077 690 1113 διεμαρτύρετο
707 1076 785 1109 εἷναι,
808 1077 898 1113 ψυχῆς

111 1121 162 1148 καὶ
182 1121 282 1156 σαρκὸς
296 1121 437 1156 διωρίζετο
447 1130 454 1137 ·
471 1121 557 1154 οὕτως
575 1123 659 1158 ἄμφω
673 1124 815 1159 τυγχάνων
831 1123 897 1156 Oed;

110 1174 141 1192 τε
169 1166 216 1193 καὶ
243 1166 396 1202 ἄνθρωπος,
422 1166 515 1199 δοῦλος
542 1167 695 1203 ὁρώμενος,
724 1170 770 1196 καὶ
794 1169 897 1205 Κύριος

111 1211 322 1247 γνωριζόμενος.
339 1208 376 1238 Τὸ
394 1211 443 1247 μὲν
471 1212 571 1248 ὑψηλὸν
587 1213 636 1248 τῆς
656 1213 782 1250 θεότητος
794 1215 833 1250 τῷ
848 1223 898 1242 τα-

112 1257 200 1293 πεινῷ
214 1258 263 1293 τῆς
283 1257 518 1294 ὲνανθρωπήσεως
540 1259 779 1302 ὑποκρυπτόμενος
796 1261 898 1296 φρονήν

116 1311 192 1338 ματι,
219 1303 250 1330 τὸ
263 1303 292 1330 δέ
312 1312 344 1338 γε
361 1304 488 1331 ταπεινὸν
503 1304 552 1331 τοῦ
568 1306 705 1341 ὁρωμένου
724 1306 848 1343 σώματος
865 1308 898 1344 τῇ

113 1348 164 1383 τῆς
178 1348 304 1385 θεότητος
320 1349 477 1386 ὑπεραίρων
493 1350 628 1387 ἐνεργείᾳ.

1145 239 1189 271 qui
1201 246 1259 264 cum
1280 238 1391 272 Origene
1401 240 1539 264 seu/irent.

1141 294 1187 321 Sic
1203 300 1287 321 autem
1301 295 1365 321 dicit
1375 295 1408 320 ds
1427 293 1542 320 Christo.

984 348 1115 376 Caeterum
1134 357 1167 377 ne
1179 349 1201 377 is
1221 350 1267 385 qui
1281 350 1416 385 apparuit,
1434 350 1492 376 solo
1508 349 1603 380 verbo,
1614 349 1661 376 sed
1677 349 1732 376 vir—

950 399 1005 422 tute
1019 402 1126 430 quoque
1145 402 1227 422 verus
1240 396 1310 423 Deus
1323 402 1384 423 esse
1402 396 1570 427 crederetur,
1588 396 1645 430 ipse
1666 401 1732 430 ope-

947 448 1009 467 rum
1047 441 1244 475 magniﬁcentia
1281 440 1462 468 certissimum
1496 441 1646 468 divinitatis
1677 447 1733 468 sua:

946 485 1076 520 judicium
1092 486 1165 514 fecit.
1183 486 1324 514 Perfectus
1351 486 1443 521 itaque
1470 486 1541 514 Deus
1560 494 1620 513 cum
1648 489 1733 518 esset,

949 531 1036 560 iactus
1062 537 1104 560 est
1122 529 1259 560 voluntate
1283 540 1331 560 sua
1358 533 1456 565 homo;
1477 540 1563 567 neque
1585 527 1732 567 quidquam

947 577 1068 610 omnino,
1096 577 1168 612 quod
1196 577 1320 604 humanas
1350 582 1453 604 naturae
1477 582 1620 610 cognatum
1647 582 1731 609 esset,

947 626 1045 656 praeter
1057 629 1136 648 unam
1165 622 1274 656 impiam
1292 622 1435 656 malitiam,
1450 622 1559 655 reliquit
1575 630 1582 648 :
1599 629 1661 648 nam
1679 622 1731 649 etsi

948 667 1048 700 infans,
1062 667 1217 694 Emmanuel
1230 673 1318 694 tamen
1327 675 1389 695 esse
1405 668 1611 702 agnoscebatur.
1622 667 1734 694 Constat

946 719 1065 747 namque
1087 720 1180 747 magos
1202 712 1247 746 qui
1275 713 1307 739 ad
1322 712 1395 740 illum
1410 716 1552 744 venerunt,
1566 719 1628 739 eum
1645 712 1732 746 ipsum

947 757 994 792 qui
1010 762 1183 792 apparuerat,
1199 758 1357 784 adoratioue
1365 765 1413 784 sua
1433 762 1462 785 ut
1478 757 1563 784 Deum
1577 758 1732 792 agnovisse.

950 801 996 830 Sic
1008 810 1115 838 quoque
1132 802 1194 830 licet
1213 802 1361 830 secundum
1375 810 1485 830 carnem
1502 803 1528 830 in
1542 811 1652 831 crucem
1669 810 1734 837 age-

948 853 1034 881 retur,
1062 849 1127 876 solis
1155 853 1244 876 tamen
1280 849 1370 876 radios
1401 848 1578 883 reprimebat,
1610 855 1734 883 novoque

952 894 1084 922 miraculo
1111 895 1277 922 divinitatem
1297 902 1374 922 suam
1397 894 1455 922 orbi
1481 899 1614 922 terrarum
1631 894 1734 929 patefa-

952 939 1050 968 ciebat.
1067 939 1204 973 Nusquam
1218 945 1308 967 autem
1324 945 1372 967 aut
1396 940 1513 974 seipsnm
1538 939 1672 972 divisisse,
1688 945 1735 967 aut

951 984 978 1012 in
1003 985 1071 1012 duos
1099 985 1247 1012 salvatores
1275 985 1438 1013 dissecuisse
1466 984 1642 1020 comperitur.
1664 984 1734 1018 Quin

950 1030 1081 1064 ejusmodi
1113 1030 1204 1065 potius
1218 1038 1345 1058 sermone
1363 1031 1511 1066 discipulos
1524 1039 1587 1059 suos
1616 1032 1734 1066 compel-

951 1075 1022 1103 lasse
1043 1075 1142 1110 legitur
1160 1083 1168 1103 :
1190 1083 1200 1101 ι
1226 1075 1264 1102 Ne
1292 1075 1396 1103 vocetis
1421 1075 1577 1111 magistrum
1592 1076 1620 1103 in
1639 1080 1734 1104 terra:

951 1129 1020 1149 unus
1031 1125 1073 1149 est
1086 1122 1159 1148 enim
1175 1122 1304 1157 magister
1324 1126 1415 1149 vester
1430 1121 1554 1150 Christus
1563 1122 1596 1150 ⁸¹.
1617 1132 1626 1148 ι
1642 1122 1735 1158 Neque

950 1168 1022 1195 enim
1036 1167 1145 1202 quando
1161 1167 1289 1202 apostolis
1305 1168 1363 1195 haec
1389 1167 1550 1202 imperabat,
1567 1168 1733 1196 divinitatem

951 1221 1028 1242 suam
1043 1221 1059 1240 a
1074 1220 1188 1248 corpore
1211 1214 1283 1248 quod
1304 1213 1479 1246 cernebatur,
1497 1213 1671 1248 sejungebat;
1688 1207 1736 1240 ne-

951 1266 1004 1294 que
1026 1267 1146 1291 rursum,
1164 1267 1225 1286 cum
1241 1266 1270 1287 se
1292 1259 1430 1286 Christum
1447 1266 1508 1287 esse
1534 1259 1693 1293 testabatur,
1705 1267 1735 1286 se

952 1305 1044 1332 animo
1062 1309 1090 1333 et
1114 1312 1230 1340 corpore
1250 1305 1404 1338 divellebat,
1422 1305 1469 1333 sed
1484 1305 1563 1332 simul
1579 1309 1734 1339 utrumque,

953 1351 1006 1378 hoc
1028 1355 1080 1384 est,
1098 1351 1168 1378 Deus
1187 1355 1215 1378 et
1239 1352 1320 1379 homo
1337 1356 1406 1379 erat.
1425 1351 1525 1379 Servus
1550 1351 1648 1387 quippe
1665 1355 1735 1382 erat,

115 1395 162 1429 qui
184 1396 361 1428 cernebatur;
383 1395 513 1424 Dominus
530 1404 595 1424 vero
616 1397 661 1431 qui
694 1397 904 1432 intelligebatur.
940 1396 1053 1423 Deitatis
1080 1395 1267 1423 celsitudinem
1294 1395 1389 1422 humili
1430 1395 1625 1423 incarnationis
1650 1395 1735 1423 forma

115 1441 289 1470 occultabat:
302 1445 397 1469 contra
411 1449 476 1469 vero
498 1442 633 1476 corporis,
654 1442 724 1477 quod
749 1442 900 1475 videbatur,
918 1441 1097 1469 humilitatem
1120 1440 1228 1468 deitatis
1261 1439 1419 1474 operatione
1446 1439 1589 1467 evehebat.

153 1487 204 1515 IA'.
225 1487 344 1524 Εὑχερὲς
362 1488 433 1524 μὲνιι
446 1486 493 1515 οὖν
506 1488 553 1515 καὶ
568 1488 651 1524 ἔτερα
667 1488 770 1521 τούτοις
787 1489 898 1523 ὲπενεγ-
912 1491 934 1520 C,
985 1487 1007 1514 Χ

985 1487 1032 1515 XI.
1049 1487 1107 1515 Non
1123 1486 1204 1513 fuerit
1218 1491 1309 1513 autem
1327 1485 1436 1513 dillicile
1453 1485 1505 1512 alia
1519 1485 1650 1519 ejusmodi
1668 1493 1736 1520 prm-

117 1535 177 1561 κεῖν
197 1533 310 1560 πλεῖστά
325 1542 356 1560 τε
371 1534 421 1560 ὃσα
442 1533 488 1560 καὶ
505 1534 592 1570 ἀληθῆ
617 1534 767 1570 μαρτύρια·
783 1535 902 1570 παρίημι

117 1580 158 1613 δὲ,
174 1579 205 1606 τὸ
217 1579 410 1615 γεγραμμένον
435 1579 530 1612 εἰδώς·
548 1589 558 1606 ι
578 1580 653 1607 Δίδου
675 1580 749 1616 σοφῷ
763 1581 902 1616 ἀφορμὴν,

118 1625 166 1667 καὶ
178 1624 331 1660 σοφώτερος
343 1624 418 1651 ἔσται
429 1633 436 1640 ·
448 1624 565 1661 γνώριξε
579 1626 687 1661 δικαίῳ,
696 1627 743 1653 καὶ
753 1626 903 1662 προσθήσει

118 1671 166 1698 τοῦ
180 1670 314 1706 δέχεσθαι.
332 1680 340 1697 t
359 1671 432 1707 Πλὴν
447 1671 535 1698 ἐκεῖνό
558 1680 664 1707 φαμεν·
679 1672 733 1699 ιδοὺ
751 1672 783 1708 δὴ
805 1673 904 1705 πάντες

119 1717 144 1744 οἱ
162 1715 322 1751 πανάριστοί
335 1724 366 1742 τε
381 1716 430 1743 καὶ
446 1717 523 1751 σοφοὶ
540 1716 611 1744 κατὰ
626 1718 740 1753 καιροὺς
761 1718 840 1754 ἡμῶν
858 1726 904 1752 γε.

119 1762 230 1797 γονότες
246 1761 378 1797 Πατέρες,
393 1762 438 1788 καὶ
448 1762 578 1790 Θεοτόκον
587 1762 748 1798 ὀνομάζουσι
761 1764 810 1799 τὴν
824 1763 904 1798 ἁγίαν

120 1808 275 1844 Παρθένον·
301 1807 421 1844 ἡνῶσθαι
438 1807 467 1834 δὲ
484 1808 555 1835 κατὰ
574 1807 655 1843 φύσιν
671 1809 904 1845 διαὸεὸαιούμενοι

118 1854 154 1888 τῇ
168 1854 250 1889 σαρκὶ
261 1853 305 1880 τὸν
319 1854 352 1880 ὲκ
366 1853 434 1880 Θεοῦ
446 1853 544 1888 Λόγον,
558 1853 586 1880 ἐν
598 1862 627 1880 τε
642 1855 674 1890 τῇ
688 1854 765 1889 νηδύϊ
777 1855 904 1888 γενέσθαι

120 1900 187 1934 φασὶ
200 1901 234 1935 τῇ
250 1900 422 1936 παρθενικῇ,
447 1899 494 1926 καὶ
510 1899 540 1931 ἐξ
561 1899 646 1934 αὐτῆς
668 1899 810 1936 προελθεῖν
834 1901 904 1928 κατὰ

119 1945 226 1980 σάρκα·
241 1945 330 1972 καίτοι
356 1945 405 1981 τὴν
425 1944 542 1980 ἄναρχον
555 1945 603 1972 καὶ
623 1945 904 1981 πρὸνπαντὸςςαίῶνος

120 1990 169 2016 καὶ
181 1990 277 2025 χρόνον
295 1989 410 2024 λαχόντα
425 1989 552 2024 γέννησιν
565 1990 597 2016 ὲκ
611 1980 727 2025 Πατρός.
749 1989 856 2026 Ἐπειδὴ
875 1990 903 2016 δὲ

119 2033 155 2071 ἦν
168 2035 250 2067 είκὺς,
261 2035 289 2061 ὲν
300 2036 359 2066 ταῖς
372 2034 555 2071 μακροτέραις
568 2035 615 2062 καὶ
626 2035 726 2070 ἐφεξῆς
737 2035 792 2062 τῶν
806 2035 904 2070 στίχων

121 2079 268 2115 συνθήκαις
284 2079 422 2115 ὀλιγώρως
435 2079 530 2114 ἔχοντα
546 2080 591 2107 τὸν
606 2080 678 2112 νοῦν,
693 2080 820 2116 ἐθελῆσαι
835 2081 904 2116 μᾶλα

119 2127 165 2153 λον
178 2125 217 2159 δὲ,
231 2125 268 2157 ὡς
282 2127 311 2152 ὲν
332 2125 428 2161 βραχεῖ
442 2126 490 2152 καὶ
514 2126 734 2161 συνεσταλμένως
744 2130 757 2145 ν
773 2127 838 2153 ἰδεῖν
850 2126 903 2154 τῶν

960 1532 1035 1560 clara
1061 1532 1214 1559 testimonia
1233 1539 1285 1558 non
1306 1538 1389 1565 pauca
1409 1530 1452 1557 his
1465 1530 1670 1565 adﬁceremus:
1697 1536 1737 1558 ta-

954 1584 1015 1605 men
1041 1582 1184 1612 praetereo,
1204 1584 1265 1604 cum
1283 1576 1414 1611 scriptum
1436 1583 1496 1603 esse
1522 1583 1574 1602 non
1593 1576 1712 1610 ignorem
1730 1588 1735 1604 :

955 1633 966 1649 ι
983 1623 1019 1650 Da
1035 1623 1151 1658 sapienti
1184 1622 1365 1654 occasionem,
1384 1625 1411 1648 et
1427 1621 1540 1648 addetur
1552 1621 1578 1648 ei
1589 1621 1737 1656 sapientia:

954 1670 1021 1696 doce
1034 1668 1147 1702 justum,
1161 1672 1188 1696 et
1201 1667 1340 1695 i'estinabit
1354 1666 1492 1702 suscipere
1503 1667 1538 1694 ".
1556 1675 1566 1692 ι
1582 1666 1639 1694 Hoc
1655 1675 1737 1695 unum

960 1715 1066 1741 interim
1083 1721 1137 1741 non
1152 1713 1381 1748 praetermiserim,
1398 1712 1514 1748 optimos
1524 1719 1556 1740 ae
1566 1712 1738 1746 sapientissi-

956 1767 1016 1787 mos
1030 1766 1150 1794 quosque
1166 1759 1259 1786 Patres
1276 1762 1408 1793 quotquot
1421 1762 1484 1785 ante
1499 1765 1547 1785 nos
1563 1758 1736 1790 exstiterunt.

955 1812 1049 1832 omnes
1057 1811 1159 1832 sacram
1170 1803 1307 1838 Virginem
1319 1803 1461 1837 Deiparam
1473 1810 1580 1837 quoque
1591 1802 1738 1838 appellare,

954 1850 1056 1885 Deique
1082 1850 1208 1882 Verbum,
1229 1848 1337 1876 etiamsi
1372 1847 1497 1883 principii
1527 1855 1624 1881 expers
1641 1848 1688 1880 sit,
1712 1853 1740 1874 et

955 1900 1018 1923 ante
1028 1903 1107 1923 omne
1121 1903 1207 1922 avum
1223 1900 1383 1929 tempusque
1402 1901 1437 1921 ex
1452 1893 1534 1921 Patre
1548 1898 1652 1927 natum,
1663 1895 1738 1921 carni

955 1942 1101 1969 secundum
1123 1946 1247 1968 naturam
1269 1941 1374 1968 unitum
1387 1947 1457 1972 esse,
1473 1947 1523 1968 nec
1539 1947 1591 1967 non
1610 1940 1637 1967 in
1658 1945 1745 1969 utero.

954 1987 1075 2021 virgineo
1094 1986 1216 2019 latuisse,
1233 1993 1264 2013 ac
1293 1986 1355 2013 inde
1379 1986 1528 2012 secundum
1550 1993 1660 2012 carnem
1675 1993 1738 2020 pru-

955 2033 1189 2066 diisse,.attestari.
1198 2032 1330 2064 Quoniam
1343 2039 1407 2058 vero
1415 2031 1525 2058 dubium
1536 2038 1589 2058 non
1601 2036 1652 2062 est,
1663 2038 1739 2058 men-

956 2083 1008 2105 tem
1030 2077 1134 2111 prolixa
1156 2076 1345 2103 auctoritatum
1358 2076 1606 2110 sententiarumque
1624 2075 1678 2110 53
1699 2084 1740 2102 re—

955 2124 1084 2151 citatione
1094 2122 1217 2154 obtundi,
1231 2122 1469 2155 remissioremque
1477 2120 1545 2152 fieri,
1561 2120 1640 2147 malle
1648 2126 1738 2147 autem

119 2172 167 2198 ἐπὶ
187 2156 298 2206 Χβισέῷ
485 2171 516 2197 τὸ
537 2156 770 2207 ἀκραιφνέστατον
794 2172 901 2204 κάλλος,
919 2156 941 2184 Β
958 2170 1005 2196 bre

965 2169 1031 2196 trevi
1045 2169 1160 2203 quodam
1176 2167 1336 2201 compendio
1350 2167 1504 2200 dogmatum
1519 2167 1553 2193 de
1569 2165 1678 2193 Christo
1691 2173 1737 2192 ve-

119 2216 206 2247 αὺτᾶς
221 2215 291 2242 κατὰ
305 2215 387 2250 μόνας
401 2216 450 2248 τὰς
463 2215 518 2242 τῶν
532 2216 650 2248 ἐννοιῶν,
668 2217 710 2243 ἴνα
721 2216 807 2249 οὕτως
822 2218 903 2250 εἴπω,

119 2262 243 2296 καρδίας,
259 2262 291 2288 ὲκ
308 2262 356 2296 τῆς
371 2261 549 2288 θεοπνεύστου
561 2262 607 2288 καὶ
629 2262 702 2294 Νέας
715 2263 827 2298 Γραφῆς
840 2272 902 2290 συν-

119 2305 284 2342 αγηγερκὼς
296 2325 303 2337 ,
321 2305 453 2341 πέπομφα
473 2306 506 2340 τῇ
520 2305 642 2341 ὑμετέρᾳ
657 2305 729 2332 κατὰ
744 2306 810 2332 Θεὸν
823 2306 900 2332 εὐσε-

121 2351 197 2387 ϐείᾳ.⁵
216 2351 252 2382 ὡς
266 2351 298 2377 ἂν
315 2351 535 2385 ἐντυγχάνουσαι,
552 2351 623 2377 κατά
637 2350 722 2386 βραχύ
743 2359 772 2377 τε
789 2351 836 2377 καὶ
851 2351 903 2378 ἀνὰ

122 2397 205 2433 μέρος
219 2397 299 2424 αὐταί
313 2405 343 2423 τε
354 2397 400 2423 τὸν
424 2398 453 2423 ἐν
473 2397 536 2431 ὑμῖν
557 2398 603 2423 καὶ
615 2396 655 2423 ἔτι
670 2397 801 2432 μειζόνως
820 2405 903 2424 κατα-

122 2442 286 2478 φαιδρύνητε
300 2442 379 2469 νοῦν·
394 2442 611 2478 φωταγωγοῠσαι
632 2443 660 2470 δὲ
682 2443 750 2477 πρὸς
774 2443 903 2478 ἀλήθειαν

122 2489 171 2516 καὶ
185 2489 231 2520 οὓς
244 2488 276 2515 ἂν
286 2489 400 2523 ὠφελεῖν
411 2488 520 2524 ἕλησθε,
529 2489 617 2524 καυχή
622 2497 704 2524 μασιν
715 2488 904 2519 ἁποστολικοῖς

121 2535 171 2567 τὰς
190 2535 265 2567 ὁσίας
281 2535 356 2570 ὑμῶν
375 2534 609 2569 καταφαιδρύνητε
626 2534 756 2568 κεφαλάς.
774 2534 904 2565 Diodoto;

121 2581 151 2607 δὲ
167 2581 227 2607 λίαν
248 2581 263 2607 ὀ
286 2581 332 2607 ἐπὶ
350 2580 437 2615 τούτῳ
454 2580 563 2615 μισθός⁹
577 2580 732 2615 γέγραπται
753 2581 823 2615 γάρ·
843 2590 852 2606 ι
875 2580 905 2606 '0

123 2626 289 2662 ἐπιστρέψας
305 2625 465 2661 ἁμαρτωλὸν
478 2625 510 2652 ὲκ
524 2624 627 2660 πλάνης
638 2624 709 2658 ὁδοῦ,
722 2624 803 2651 σώσει
817 2623 906 2660 ψυχὴν

159 2702 181 2718 ⁸¹
199 2701 383 2735 Matth.uttt,
401 2701 444 2729 l0.
482 2701 505 2719 ⁸³
522 2699 603 2729 Prov.
627 2709 665 2733 ix,
681 2701 708 2728 9.

957 2218 1093 2242 uustatem
1109 2212 1226 2240 dilucide
1247 2212 1442 2246 perspicueque
1466 2212 1500 2238 ob
1525 2210 1616 2237 oculos
1639 2217 1738 2244 propo-

955 2261 1037 2287 sitam
1055 2265 1182 2290 cernere;
1199 2258 1258 2285 ideo
1279 2259 1360 2291 ipsas.
1381 2261 1409 2283 ut
1440 2256 1480 2283 sic
1503 2256 1607 2290 loquar,
1630 2260 1739 2282 senten-

954 2306 1051 2333 tiarum
1061 2304 1189 2331 medullas
1198 2311 1231 2330 ex
1239 2303 1336 2330 divinis
1345 2302 1409 2329 Novi
1419 2301 1583 2329 Testamenti
1591 2301 1740 2336 Scripturis

957 2351 1098 2382 collectas,
1110 2350 1143 2377 ad
1157 2353 1276 2377 vestram
1294 2349 1321 2376 in
1344 2349 1427 2376 Deum
1449 2349 1578 2383 pietatem
1594 2347 1740 2374 mittendas

957 2396 1122 2425 existimavi.
1147 2395 1205 2428 Qua
1236 2395 1362 2422 nimirum
1389 2393 1514 2421 breviter
1539 2399 1571 2419 ac
1601 2391 1739 2426 sigillatim

957 2444 1039 2472 hasce
1055 2441 1218 2471 evolventes.
1234 2445 1352 2467 vestram
1367 2439 1393 2466 in
1406 2437 1502 2472 primis
1523 2441 1639 2464 mentem
1657 2436 1739 2463 etiam

957 2496 1029 2516 nunc
1042 2488 1228 2518 cohonestare,
1245 2485 1340 2512 deinde
1369 2484 1403 2511 ad
1426 2483 1622 2519 agnoscendam
1638 2482 1740 2509 verita-

957 2539 1023 2565 tem,
1047 2532 1107 2560 aliis
1130 2532 1335 2567 quibuscunque
1359 2530 1446 2557 visum
1477 2528 1568 2560 fuerit,
1587 2527 1741 2561 adjumento

957 2586 1020 2607 esse
1037 2586 1140 2606 necnon
1157 2577 1313 2613 apostolicis
1328 2575 1470 2610 praeouiis
1486 2574 1598 2609 perinde
1612 2580 1645 2600 ac
1659 2573 1741 2599 sertis

958 2624 1119 2660 quibusdam
1143 2623 1232 2658 capita
1251 2627 1340 2651 vestra
1366 2620 1492 2650 redimire
1518 2618 1637 2654 possitis.
1650 2617 1741 2651 Quan-

665 2769 751 2797 Varia:
764 2769 892 2797 lectiones
902 2768 1002 2796 codicis
1017 2767 1194 2804 Seguieriani.

165 2841 176 2856 ⁵
191 2837 353 2870 αὐτοτελῶς.

395 2837 403 2856 ι
420 2836 587 2872 παρήγγελε.
624 2843 639 2858 ἰ
653 2846 702 2864 ουκ
717 2844 843 2873 ασχερες.
881 2841 894 2857 ν
908 2842 1117 2872 σινεστα).μενῳ.
