1883 3056
156 137 226 165 1219

642 133 671 160 S.
693 130 832 158 CYRILLI
851 129 1084 158 ALEXANDRINI
1104 127 1266 157 ARCHIEP.

1726 121 1804 148 1220

156 193 300 228 doquidem
317 191 426 227 copiosa
449 197 556 217 merces
575 197 607 218 ea
629 190 662 217 de
682 197 762 217 causa
792 189 865 216 redili
880 196 962 218 con-4

1018 187 1078 215 ὖτοῦ
1094 188 1126 214 ὲκ
1143 186 1269 218 θανάτου,
1285 184 1331 213 καὶ
1343 183 1458 220 καλύψει
1474 183 1577 219 πλῆθος
1595 180 1761 217 ἁμαρτιῶν.
1789 189 1802 205 ι

157 241 245 268 suevit
261 248 268 266 :
284 238 414 272 scriptum
432 241 475 264 est
491 236 562 263 enim
577 245 583 262 :
600 244 610 261 ι
636 235 687 268 Qui
704 235 824 262 converti
847 235 942 262 fecerit

159 290 326 321 peccatorem
348 283 383 310 ab
401 289 495 310 errore
525 282 574 309 vis:
599 289 666 314 suae,
680 281 796 308 salvabit
825 281 940 308 animant

157 333 215 367 ejus
222 339 237 358 a
246 335 342 361 morte.
351 335 378 357 et
387 329 490 364 operiet
505 327 699 355 multitudinem
708 332 879 363 peccatorum
885 327 919 354 ".
929 335 938 352 ι

158 377 242 404 Porro
266 380 354 403 autem
371 383 431 402 cum
449 374 581 409 ejusmodi
599 373 741 400 sententiis
766 371 941 404 adducendis,

157 422 199 450 vel
220 423 375 449 earumdem
399 428 506 455 quoque
531 418 762 449 conclusionibus,
775 418 889 445 subinde
900 417 942 444 di-

158 469 228 495 cturi
252 474 355 499 sumus,
383 468 453 494 Deus
482 467 563 502 igitur
584 471 625 493 est
645 465 848 497 Christus;aut
876 471 944 490 unus

159 521 223 548 ergo
237 513 323 540 Filius
343 518 370 540 et
385 513 514 539 Dominus
529 516 571 538 est
583 511 709 538 Christus
723 520 729 537 :
745 518 797 537 non
814 517 846 537 eo
862 516 943 536 sensu

159 560 186 586 id
215 559 340 590 dicimus,
360 566 413 593 quo
440 558 495 589 illi;
518 557 595 592 quasi
628 557 755 583 nimirum
786 555 944 582 Emmanuel

159 605 305 632 secundum
331 603 445 638 gratiam
472 608 576 630 tantum
608 601 690 634 Deus,
712 607 759 628 aut
790 600 884 632 Filius,
900 605 946 627 aut

160 649 290 676 Dominus
303 649 338 675 sit
353 648 524 679 nominatus;
539 651 584 673 aut
593 654 642 681 per
655 646 777 673 assiduos
788 652 946 680 progressus

159 699 187 721 et
208 694 384 724 incrementa,
405 691 515 726 perinde
531 699 563 719 ac
587 699 657 718 unus
681 691 815 724 quispiam
829 697 844 717 e
858 690 947 716 medio

160 746 241 772 grege
251 738 389 771 nostrique
404 736 500 764 similis
521 737 602 763 homo
617 736 817 767 sanctiﬁcatus,
835 735 868 761 ad
884 734 947 761 illud

160 784 251 819 gloriae
265 783 370 811 culmen
382 782 583 809 conscenderit.
598 780 697 807 Verum
711 789 793 808 unum
811 781 860 808 hoc
871 780 948 807 insti-

1001 235 1045 262 Ἐν
1059 234 1087 260 δέ
1106 242 1138 268 γε
1152 234 1213 264 ταῖς
1227 231 1281 258 τῶν
1301 230 1409 258 ἐννοιῶν
1423 230 1578 265 εὑρέσεσιν,
1593 228 1655 263 ἦτοι
1677 234 1802 260 συμπε-

995 280 1143 316 ράσμασιν,
1157 278 1221 304 ὅταν
1235 277 1370 312 λέγωμεν,
1392 275 1458 306 Θεὸς
1477 272 1524 301 οὖν
1539 274 1594 308 ἆρα
1615 274 1630 299 ό
1655 271 1801 307 Χριστὸς,

993 326 1077 361 ἤγουν
1098 322 1139 356 εἷς
1154 325 1208 359 ἄρα
1222 324 1236 349 ὁ
1251 323 1315 354 Υἱὸς
1336 323 1383 349 καὶ
1399 321 1501 356 Κύριος
1518 319 1625 354 Ἰησοῦς
1647 318 1780 354 Χριστός
1792 325 1799 331 ·

994 372 1044 406 οὐχ
1063 370 1134 396 οὕτω
1157 369 1257 404 φαμὲν,
1278 369 1315 400 ὡς
1338 368 1446 399 ἐκεῖνοι,
1474 366 1541 392 Θεὸν
1559 365 1634 392 κατὰ
1657 364 1760 398 χάριν,
1782 362 1802 396 ἦ

997 416 1073 448 Υἰὸν,
1102 415 1118 450 ἢ
1139 415 1240 450 Κύριον
1265 413 1421 448 ὠνομάσθαι
1441 412 1486 438 τὸν
1506 410 1701 446 Ἐμμανουήλ,
1724 408 1742 443 ἢ
1765 409 1803 434 ἐκ

998 462 1139 496 προκοπῆς
1150 480 1157 492 ,
1174 460 1191 495 ἢ
1209 460 1356 490 ἐπιδόσεως
1366 479 1373 491 ,
1390 459 1430 490 εἰς
1443 457 1521 484 τοῦτο
1537 457 1616 492 δόξης
1630 455 1738 486 ἐλθεῖν,
1758 455 1803 485 ὡς

1003 507 1051 533 ἕνα
1066 507 1112 533 τὸν
1126 506 1187 533 καθ’
1198 506 1271 541 ἡμᾶς
1287 505 1375 532 κοινδν
1388 505 1434 531 καὶ
1446 502 1610 539 ἡγιασμένοι
1623 501 1781 536 ἄνθρωπον
1790 508 1800 514 υ

1001 552 1088 578 ἐκεῖνο
1109 552 1138 578 δὲ
1161 551 1270 586 μᾶλλον,
1285 551 1325 577 ὅτι
1341 549 1406 580 Θεὸς
1422 548 1459 575 ὣν
1470 550 1484 575 ό
1497 549 1582 582 Λόγος
1593 567 1601 579 ,
1615 543 1676 573 εἶτα
1694 545 1801 575 mest;

996 597 1092 624 ἑαυτὸν
1105 598 1145 629 εἰς
1160 597 1285 628 κένωσιν,
1300 596 1346 622 καὶ
1361 596 1389 621 ὲν
1405 595 1498 621 δούλου
1523 594 1614 629 μορφῇ
1631 591 1800 624 καταϐεση-

996 642 1062 676 κὼς,
1079 643 1154 669 οὐδὲν
1167 641 1248 678 ἧττόν
1263 642 1321 668 ἐστι
1334 641 1400 672 Θεὸς
1417 640 1553 675 ἀληθινὸς,
1569 639 1617 666 καὶ
1633 638 1720 673 φύσει
1738 637 1799 663 τῶν

995 689 1064 715 ὅλων
1087 688 1188 723 Κύριος
1205 687 1292 718 ἔσται,
1312 686 1358 713 καὶ
1373 686 1463 721 μόνος,
1487 686 1533 712 καὶ
1550 684 1642 715 tamn;
1660 683 1738 714 Υἱός.
1757 679 1797 716 ⁷ῼ

997 734 1043 761 καὶ
1056 735 1135 769 ἡμεῖς
1148 732 1388 769 συμμορφούμενοι
1401 731 1472 758 κατὰ
1486 731 1566 766 χάριν
1578 729 1629 764 τὴν
1640 729 1674 755 δι’
1688 727 1793 758 αὑτοῦ,

997 780 1066 815 πρὸς
1082 780 1131 815 τὴν
1147 781 1196 815 τῆς
1214 779 1350 810 υἱοθεσίας
1364 777 1545 812 ἀναϐαίνομεν
1561 776 1652 808 δόξαν.

162 831 262 858 tuimus
277 835 305 858 et
316 830 547 863 dicimus,nempc
562 828 677 856 Verbum
707 835 767 855 cum
806 828 876 855 Deus
899 832 980 858 esset,
1000 828 1033 854 ad
1061 827 1283 858 exinanitiouem,
1303 826 1482 860 servilemque
1504 824 1619 851 formam
1648 831 1678 850 se
1701 822 1798 854 demi-

160 875 230 903 sisse
246 882 277 902 ac
291 874 479 906 descendisse;
495 874 530 900 ita
548 878 635 900 tamen
652 878 681 899 ut
704 880 783 899 verus
809 872 984 899 nihilominus
1005 873 1074 900 Deus
1099 880 1130 899 ac
1159 873 1305 900 seetmdum
1329 876 1453 898 naturam
1482 871 1672 897 universorum
1697 868 1797 894 Dom-

167 927 219 946 nus
245 918 435 954 permanserit,
458 917 588 951 solusque
608 921 636 944 et
655 917 765 952 proprie
792 917 876 944 Filius
889 926 896 944 :
909 917 951 944 cui
971 921 998 944 et
1008 925 1058 944 nos
1086 925 1193 952 quoque
1223 925 1270 951 per
1293 918 1409 952 gratiam
1426 916 1510 951 ipsius
1527 915 1749 944 conformantur,
1766 918 1795 939 et

162 965 195 992 ad
205 964 356 999 adoptionis
372 963 484 997 gloriam
499 962 720 989 conscendimus.

210 996 267 1037 Χιιξ
292 996 425 1037 Caeterum
453 1016 550 1036 nomen
581 1008 642 1040 hoc,
676 1007 813 1041 Christus,
826 1007 946 1042 quidam,

1034 996 1084 1034 ID’.
1100 1008 1204 1042 Ὀνομα
1215 1008 1243 1034 δὲ
1259 1008 1300 1040 τὸ,
1308 1008 1445 1042 Χριστὸς,
1463 1008 1578 1042 πρέπειν
1594 1008 1654 1042 μὲν,
1664 1007 1716 1033 οὐκ
1733 1004 1795 1032 οἶδα

164 1055 256 1082 nescio
270 1053 421 1089 quomodo,
436 1053 483 1080 Dei
506 1052 593 1079 Patris
615 1053 702 1080 Verbo
728 1052 808 1079 etiam
827 1059 949 1078 seorsqu

164 1110 196 1129 ac
213 1109 260 1136 pcr
272 1109 312 1134 se,
329 1102 378 1128 hoc
389 1105 441 1132 est,
466 1105 495 1127 ut
509 1105 585 1128 extra
606 1106 715 1126 carnem
731 1099 847 1133 positum
862 1103 952 1125 mente

164 1147 325 1181 concipitur,
342 1145 489 1173 convenire
508 1149 646 1176 asserunt,
667 1152 730 1171 mox
751 1151 816 1170 vero
832 1144 858 1170 in
878 1143 950 1170 illum

165 1201 274 1228 quoque
301 1183 425 1220 similiter
449 1191 513 1219 illud
540 1196 694 1226 competere
718 1189 951 1224 contendunt,qui

165 1247 199 1267 ex
211 1247 286 1266 sacra
304 1239 414 1273 Virgine
427 1242 505 1265 ualus
516 1242 567 1268 est.
594 1242 672 1272 prout
687 1236 731 1264 hic
743 1243 851 1271 quoque
864 1243 912 1270 per
924 1242 953 1262 se

166 1285 312 1320 separatim
339 1284 488 1312 subsistere
513 1283 876 1316 consideratur:postremo
897 1288 954 1307 am-

168 1331 255 1358 hohus
284 1329 365 1358 simul
393 1329 506 1364 perinde
528 1336 560 1356 ac
588 1329 633 1355 uni
657 1335 806 1363 congruere
834 1329 953 1361 tradunt,

166 1377 271 1404 ratione
299 1375 426 1402 nimirum
445 1374 658 1409 coniunctionis,
674 1378 705 1400 ut
727 1374 777 1408 ipsi
796 1374 953 1408 loquuntur,

167 1422 194 1449 in
209 1429 289 1448 unatn
302 1421 361 1448 illos
374 1428 516 1454 personam
531 1420 689 1454 colligantes
703 1419 712 1454 (
725 1427 787 1446 nam
799 1427 869 1446 vera:
884 1420 954 1447 illius

168 1467 352 1502 naturalisque
380 1465 499 1498 unionis,
519 1466 625 1492 etiamsi
643 1473 723 1492 unam
739 1466 809 1492 hanc
829 1466 951 1500 mysterii

168 1513 248 1548 hujus
264 1513 336 1539 viam
350 1512 469 1546 planam,
484 1515 512 1538 et
535 1511 570 1538 ab
592 1511 665 1538 omni
685 1518 778 1538 errore
793 1515 878 1537 tutam
892 1518 956 1544 pro-

168 1559 284 1594 positam
306 1557 435 1588 habeant,
451 1557 524 1584 nulla
542 1557 612 1591 apud
639 1556 698 1583 illos
714 1556 829 1583 habetur
847 1557 952 1590 ratio):

168 1609 196 1630 et
212 1603 268 1630 haec
282 1602 387 1630 illorum
402 1602 529 1629 simulata
543 1601 678 1629 confessio
694 1609 746 1628 non
773 1605 814 1628 est
837 1601 954 1633 sincera,

169 1650 216 1676 sed
227 1650 279 1676 atri
297 1648 393 1676 veneni
411 1649 620 1682 imposturaeque
642 1647 730 1682 plena.
754 1647 820 1674 Nam
832 1655 892 1674 cum
915 1647 956 1674 di-

1001 1053 1295 1085 πῶς,δια6ε6αιοΰνται
1315 1063 1387 1086 τινες
1407 1054 1454 1081 καὶ
1479 1054 1571 1085 ἰδιχῶς
1591 1062 1622 1080 τε
1647 1054 1696 1080 καὶ
1723 1054 1796 1080 κατὰ

1003 1100 1096 1135 μόνας,
1111 1102 1156 1127 και
1171 1100 1223 1134 ἔξω
1241 1101 1340 1136 σαρκὸς
1354 1100 1410 1127 ὖντι
1431 1108 1460 1126 τε
1479 1100 1526 1126 καὶ
1548 1099 1688 1134 νοουμένῳ
1702 1099 1746 1134 τῷ
1762 1100 1795 1125 ὲκ

1001 1146 1069 1173 Θεοῦ
1084 1147 1161 1181 φύντι
1175 1147 1270 1182 Λόγῳ·
1287 1147 1403 1182 πρέπειν
1414 1147 1442 1174 δὲ
1456 1147 1558 1182 ὁμοίως
1570 1147 1619 1174 καὶ
1636 1146 1677 1182 τῷ
1693 1147 1726 1172 ἐκ
1742 1146 1795 1180 τῆς

1003 1193 1085 1227 ἁγίας
1099 1193 1237 1228 Παρθένου
1250 1193 1450 1228 γεγεννημένῳ,
1463 1193 1516 1220 κᾶν
1528 1193 1552 1219 εἰ
1562 1194 1649 1219 νοοῖτο
1660 1193 1795 1227 ὑπάρχων

1003 1240 1074 1267 κατὰ
1089 1240 1173 1276 μόνας
1186 1239 1225 1267 ἔτι
1240 1240 1288 1266 καὶ
1300 1239 1360 1266 καθ’
1372 1240 1468 1266 ἑαυτόν
1478 1248 1485 1254 ·
1500 1239 1547 1266 καὶ
1564 1239 1666 1274 τρίτως
1681 1239 1710 1264 δὲ
1726 1237 1796 1272 πρέ-

1004 1294 1065 1312 πειν
1091 1286 1201 1320 ἀμφοῖν,
1224 1286 1322 1312 ὡσανεὶ
1342 1292 1355 1306 x
1380 1285 1428 1311 τοῦ
1450 1285 1501 1320 τῆς
1525 1284 1675 1318 συναφείας
1698 1283 1794 1317 λόγου,

1005 1331 1128 1366 καθάπερ
1145 1331 1221 1357 αὐτοί
1242 1339 1333 1365 φασιν,
1351 1332 1391 1362 εἰς
1410 1331 1439 1357 ἓν
1455 1331 1552 1362 αὐτοὺς
1566 1331 1712 1364 πρόσωπον
1732 1338 1795 1355 συν-

1005 1376 1153 1407 εισδέοντες
1163 1380 1176 1399 Υ
1189 1382 1196 1389 ·
1209 1376 1332 1407 ένώσεως
1345 1376 1399 1411 γὰρ
1412 1376 1462 1410 τῆς
1476 1376 1547 1402 κατὰ
1566 1375 1648 1409 φύσιν
1661 1375 1708 1401 καὶ
1725 1374 1794 1408 ἀλη-

1005 1420 1068 1452 θοῦς
1085 1420 1173 1452 οὐδεὶς
1185 1420 1262 1454 λόγος
1276 1421 1367 1452 αὐτοῖς
1377 1429 1384 1436 ·
1397 1420 1486 1447 καίτοι
1504 1420 1606 1455 ταύτην
1623 1420 1732 1455 ἔχοντος
1748 1419 1794 1445 τοῦ

1007 1467 1156 1502 μυστηρίου
1170 1467 1218 1500 τὴν
1236 1467 1294 1493 ὁδὸν
1310 1467 1393 1502 ὀρθὴν
1414 1467 1462 1494 καὶ
1477 1466 1700 1501 ἀπλανεστάτην”
1716 1466 1765 1492 καὶ
1779 1466 1794 1500 ἡ

1007 1511 1106 1545 σκῆψις
1126 1511 1216 1538 αὐτῶν
1238 1512 1287 1546 οὐχ
1311 1512 1404 1546 ἁπλῆ,
1432 1511 1545 1547 πικρίας
1566 1511 1595 1538 δὲ
1624 1511 1724 1546 μᾶλλον
1749 1511 1795 1536 καὶ

1006 1557 1114 1591 ἀπάτης
1151 1557 1335 1591 μεμέστωται.
1362 1558 1471 1592 Ἐπειδὴ
1495 1557 1549 1591 γὰρ
1570 1558 1587 1591 ἡ
1616 1557 1794 1588 (θεόπνευστος

1006 1603 1102 1638 Γραφὴ
1123 1603 1240 1638 Χριστὸν
1255 1603 1435 1639 ὀνομάζουσα,
1452 1604 1541 1630 πάντα
1553 1603 1630 1639 αὐτῷ
1648 1604 1794 1639 προσνέμει

1008 1650 1042 1675 τὰ
1056 1649 1195 1684 θεοπρεπῆ
1219 1648 1292 1682 (οἶδε
1314 1651 1378 1686 γὰρ,
1404 1648 1458 1676 οἶδε
1478 1651 1507 1676 ὲν
1524 1650 1685 1685 ἀνθρωπεία
1703 1651 1793 1685 μορφῇ

169 1697 231 1722 vina
246 1695 383 1730 Scriptura
397 1695 534 1722 Christum
548 1694 700 1726 nominans,
714 1694 804 1720 omnia
816 1694 853 1720 illi
866 1694 955 1721 divina

1018 1695 1148 1730 τεφηνότο.
1162 1696 1210 1722 καὶ
1227 1696 1434 1732 σεσαρκιυμένον
1448 1697 1494 1723 τὸν
1511 1696 1578 1723 Θεοῦ
1597 1697 1714 1732 Λόγον),
1733 1705 1793 1722 σκο-

170 1740 329 1774 simpliciter
341 1739 394 1775 54,
403 1738 502 1765 tribuat
521 1739 615 1774 (novit
640 1739 724 1769 enim,
738 1738 822 1770 novit,
835 1739 955 1773 inquam,

171 1785 228 1818 illa,
244 1786 290 1813 Dei
306 1785 422 1812 Verbum
441 1785 468 1811 in
499 1785 616 1812 humana
641 1785 726 1811 forma
751 1785 908 1820 apparuisse
930 1791 957 1812 et

171 1838 280 1858 carnem
293 1831 393 1858 factum
412 1831 506 1866 esse);
529 1831 635 1859 illorum
650 1835 739 1858 autem
766 1831 917 1858 institutum
932 1834 959 1857 et

172 1885 280 1912 scopus,
296 1877 342 1913 qui
367 1877 473 1904 diversa
489 1877 522 1904 ab
542 1877 585 1904 his
599 1877 729 1909 sentiunt,
747 1878 783 1905 sit
797 1876 959 1912 persuadere

169 1931 233 1963 eum
245 1923 291 1958 qui
304 1931 337 1951 ex
354 1923 465 1950 muliere
483 1927 561 1950 natus
573 1927 624 1955 est,
637 1923 772 1950 hominem
797 1930 857 1950 esse
870 1930 952 1949 unum

172 1969 337 2004 quempiam,
347 1969 391 2004 qui
412 1977 459 2004 per
473 1969 651 2002 incrementa,
668 1974 697 1996 ut
711 1969 778 2001 dixi.
797 1973 823 1996 et
841 1976 890 2004 per
901 1975 961 2004 pro-

1009 1743 1059 1773 πὸς
1075 1742 1103 1768 δὲ
1120 1744 1177 1773 τοῖς
1199 1742 1282 1778 ἕτερα
1307 1743 1383 1778 παρὰ
1402 1742 1480 1769 τοῦτο
1502 1744 1611 1778 φρονεῖν
1629 1744 1792 1778 ᾑρημένοις,

1010 1787 1057 1814 καὶ
1072 1786 1160 1813 κοινὸν
1177 1786 1319 1822 ἄνθρωπον
1333 1787 1495 1821 ἀποφαίνειν
1509 1787 1554 1813 τὸν
1567 1787 1599 1813 ὲκ
1613 1786 1752 1820 γυναικὸς,
1767 1786 1794 1818 ἐξ

1009 1832 1165 1864 ἐπιδόσεως,
1183 1832 1220 1864 ὡς
1235 1833 1314 1868 ἔφην,
1326 1834 1373 1859 καὶ
1389 1833 1418 1865 ἐξ
1436 1833 1503 1864 ἰδίας
1515 1841 1545 1859 τε
1562 1833 1610 1859 καὶ
1623 1832 1794 1867 ἀνθρωπίνης

1010 1878 1112 1914 ἀρετῆς
1127 1878 1202 1910 ἄξιον
1223 1879 1319 1905 ἑαυτὸν
1335 1879 1550 1914 παραστήσαντα
1572 1878 1620 1905 τοῦ
1638 1879 1738 1914 χρῆναι
1755 1886 1793 1903 τε-

1013 1924 1115 1960 μᾶσθαι
1131 1925 1178 1951 καὶ
1191 1924 1320 1959 συναφειᾳ
1334 1924 1481 1959 προσώπου
1494 1925 1527 1959 τῇ
1544 1924 1611 1959 πρὸς
1626 1924 1673 1950 τὸν
1685 1925 1717 1950 ὲκ
1731 1922 1792 1950 Θεοῦ

1012 1969 1108 2004 Λόγον,
1126 1969 1173 1996 καὶ
1187 1970 1333 1996 ἀπόλεκτον
1346 1969 1473 2004 γενέσθαι
1490 1970 1561 1996 κατὰ
1577 1970 1744 2005 πρόγνωσιν.

176 2017 274 2051 priam,
295 2016 346 2044 hoc
368 2020 409 2043 est
426 2016 570 2043 humanam
600 2015 725 2043 virtutem
754 2016 864 2050 dignum
895 2023 925 2043 se.
952 2016 1106 2050 praebuerit,
1128 2016 1173 2051 qui
1198 2017 1328 2044 honorem
1348 2023 1455 2051 quoque
1477 2015 1655 2043 connexiouis
1672 2023 1732 2043 cum
1751 2015 1792 2042 Dei

175 2063 264 2090 Verbo
300 2067 500 2096 assequerelur,
533 2066 561 2090 et
589 2062 686 2096 insigni
725 2062 962 2096 przedestinatione
981 2061 1136 2098 eligeretur.

209 2108 281 2135 Xlll.
300 2107 403 2135 Idcirco
427 2116 524 2135 nomen
547 2108 607 2139 hoc,
626 2107 760 2140 Christus,
773 2107 822 2135 soli
852 2115 960 2143 quoque

178 2154 264 2182 Verbo
279 2154 350 2188 quod
363 2161 395 2180 ex
408 2153 462 2181 Deo
484 2153 564 2181 Patre
582 2159 671 2181 ortum
689 2159 741 2187 est,
753 2158 782 2180 ut
798 2154 911 2181 seorsim
927 2161 961 2182 ac

175 2208 224 2235 per
242 2206 272 2226 se
284 2199 431 2227 subsistere
445 2199 646 2233 consideratur,
665 2199 812 2227 convenire
823 2204 962 2227 asserunt.

178 2244 232 2272 ﬂos
246 2249 336 2272 autem
348 2244 384 2272 ita
398 2245 500 2272 sentire
519 2249 565 2272 aut
581 2245 653 2280 loqui
682 2253 851 2280 nequaquam
870 2245 965 2273 didici-

178 2298 238 2318 tnus
265 2300 272 2318 :
295 2290 511 2325 quandoquidem
539 2295 601 2318 tunc
629 2291 744 2325 primum
770 2291 885 2318 Verbum
901 2291 963 2319 Jesu

1048 2109 1097 2136 II".
1113 2109 1217 2136 Ἑκείνό
1238 2117 1329 2144 φασιν,
1347 2108 1436 2141 ὅτιτὸ,
1453 2107 1688 2142 Χριστός,6νομα
1700 2107 1792 2142 πρέπει

1014 2155 1062 2181 καὶ
1080 2155 1164 2190 μόνῳ,
1186 2155 1233 2181 καὶ
1257 2155 1319 2190 ἰδίᾳ,
1344 2155 1391 2181 καὶ
1406 2154 1467 2180 καθ’
1482 2153 1577 2180 ἑαυτὸν
1591 2152 1730 2188 νοουμένῳ
1751 2153 1792 2179 καὶ

1012 2201 1159 2236 ὑπάρχοντι
1184 2200 1224 2235 τῷ
1250 2201 1281 2226 ὲκ
1311 2200 1377 2226 Θεοῦ
1401 2199 1508 2235 Πατρὺς
1529 2199 1685 2234 πεφηνότι²
1711 2198 1791 2232 Λόγῳ.

1017 2247 1113 2281 Ἡμεῖς
1134 2247 1163 2273 δὲ
1176 2246 1225 2281 οὐχ
1243 2246 1314 2272 οὕτω
1329 2245 1506 2280 δεδιδάγμεθα
1531 2246 1650 2279 φρονεῖν,
1667 2244 1684 2278 ἢ
1701 2244 1792 2277 λέγειν.

1015 2293 1080 2318 Ὅτε
1094 2292 1149 2327 γὰρ
1165 2292 1261 2326 γέγονε
1276 2290 1344 2327 σὰρξ
1357 2293 1371 2318 ό
1385 2291 1481 2325 Λόγος,
1498 2291 1559 2317 τότε
1577 2292 1625 2317 καὶ
1643 2290 1792 2326 ὠνομάσθαι

176 2337 277 2364 Christi
294 2336 498 2372 appellationem
509 2338 632 2364 sortitum
645 2337 772 2370 dicimus,
783 2345 844 2364 cum
862 2337 962 2365 factum

1018 2339 1107 2373 φαμὲν
1131 2337 1212 2365 αὐτὸν
1234 2337 1351 2372 Χριστὸν
1369 2335 1482 2371 Ἰησοῦν.
1504 2335 1612 2370 Ἐπειδὴ
1636 2335 1692 2371 γὰρ
1708 2335 1792 2369 κέχρι·

177 2389 220 2410 est
244 2390 328 2415 caro;
351 2383 483 2417 siquidem
510 2384 544 2411 ob
568 2384 593 2410 id
607 2383 732 2411 Christus
762 2389 883 2417 vocatur,
900 2384 962 2418 quia

177 2429 368 2456 cxsultationis
396 2429 466 2460 oleo,
482 2430 531 2456 hoc
550 2435 591 2456 est
621 2430 723 2463 Spiritu
740 2435 845 2462 sancto,
869 2438 883 2456 a
912 2430 964 2457 lico

178 2475 257 2502 Patre
271 2475 410 2502 inunctqu
425 2480 475 2502 est.
489 2475 565 2508 Quod
579 2479 667 2502 autent
679 2475 852 2502 inuuctioilla
862 2482 965 2502 assum-

179 2525 229 2554 ptte
252 2519 429 2546 humanitatis
455 2520 560 2547 ratione
591 2520 628 2547 illi
656 2520 811 2552 conveniat,
844 2520 870 2548 id
894 2520 964 2555 apud

178 2571 252 2591 recte
278 2565 425 2592 sentientes
443 2565 468 2592 in
491 2566 665 2600 qumstiouem
684 2574 736 2593 non
759 2566 852 2593 venit:
866 2574 927 2593 nam
942 2568 964 2593 si

181 2610 225 2637 Dei
243 2609 360 2637 Verbum
379 2611 448 2638 Deus
460 2616 512 2644 est,
528 2611 600 2638 nulla
619 2612 712 2646 utique
741 2612 869 2639 unctione
892 2612 964 2639 indi—

214 2687 237 2703 ⁸³
252 2687 308 2716 Jac.
325 2696 351 2721 ν,
365 2689 411 2717 20,

1017 2392 1079 2411 mut
1107 2383 1146 2418 τῷ
1169 2382 1251 2418 ἐλαίῳ
1278 2383 1327 2417 τῆς
1353 2381 1550 2416 ἀγαλλιάσεως,
1577 2381 1637 2415 ἦτοι
1665 2380 1705 2415 τῷ
1732 2380 1792 2415 ἁγὲῳ

1017 2428 1155 2464 Πνεῦματι
1179 2428 1256 2463 παρὰ
1277 2427 1325 2453 τοῦ
1351 2425 1417 2452 Θεοῦ
1451 2426 1497 2452 καὶ
1520 2425 1644 2460 Πατρδς,
1675 2424 1792 2459 ταὺτῃτοι

1018 2475 1134 2510 Χριστὸς
1152 2473 1323 2508 ὀνομάζεται.
1337 2473 1399 2498 Ὅτι
1422 2471 1450 2498 δὲ
1467 2471 1532 2506 περὶ
1548 2471 1580 2497 τὸ
1597 2470 1763 2505 ἀνθρώπινον
1778 2471 1792 2505 ἡ

1019 2520 1119 2555 χρίσις,
1134 2520 1184 2545 οὐκ
1199 2519 1232 2546 ἂν
1247 2517 1392 2545 ὲνδοιάσειέ
1409 2526 1450 2549 τις
1466 2517 1522 2543 τῶν
1538 2516 1606 2551 ὀρθὰ
1619 2517 1728 2552 φρονεῖν
1739 2517 1791 2542 εἰω-

1020 2565 1122 2591 Θότων·
1144 2565 1188 2591 εἰει
1211 2565 1261 2599 μὲν
1277 2564 1330 2600 γὰρ
1352 2563 1418 2595 Θεός
1442 2564 1500 2589 ἐστι
1522 2562 1570 2589 καὶ
1590 2562 1688 2596 Λόγος,
1708 2561 1752 2587 οὐκ
1766 2560 1792 2586 ἂν

1019 2611 1114 2647 ἐδεήθη
1133 2611 1251 2646 χρίσεως
1266 2619 1272 2625 ι
1291 2611 1320 2636 οὐ
1336 2610 1390 2645 γάρ
1404 2617 1456 2636 που
1471 2608 1538 2644 φαίη
1555 2617 1597 2640 τις
1613 2607 1647 2635 ἂν
1664 2606 1791 2642 κεκρίσθαι

708 2766 797 2793 Varia:
809 2767 937 2794 lectiones
953 2766 1055 2793 codicis
1069 2766 1248 2800 Seguieriuni.

217 2835 229 2849 ³
247 2831 346 2867 ἀμφοῖν
360 2833 397 2865 ὡς
408 2834 458 2861 ἑνί.
496 2838 511 2858 1
529 2835 735 2866 συνεισδέοντος.
774 2840 785 2854 ῑ
799 2835 964 2870 γεννηθέντι.

1003 2842 1016 2856 ι
1032 2837 1115 2868 ἴσως,
