1883 3056
81 145 151 172 12⁸21

640 147 684 175 DE
705 148 820 176 RECTA
841 148 920 177 FIDE
939 149 984 176 AD
1004 149 1162 178 ιιΕοιΝΑε.

1636 153 1706 181 5222

80 204 130 229 καὶ
145 203 274 238 ὴγιὰσοαι
290 205 334 231 τὴν
354 206 386 232 ἐκ
403 205 469 232 Θεοῦ
485 206 571 240 Λόγον
591 206 629 242 τῷ
648 208 705 244 ἰδίῳ
721 208 858 243 Πνεύματι

948 214 976 238 ιι.
990 210 1046 237 Nec
1059 210 1128 238 ullus
1148 217 1266 245 unquam
1282 210 1374 239 docuit
1387 209 1434 238 Dei
1458 210 1575 238 Verbum
1601 210 1704 247 Spiritu

80 248 119 280 ὥς
142 249 229 285 ἑτέρῳ
249 251 314 285 παρ’
331 251 412 278 αὑτὸν
433 252 482 287 τὴν
503 252 583 287 φύσιν
611 254 801 290 ὑπερκειμὲνῳ
820 255 868 282 καὶ

79 295 238 330 προῦχοντι.
254 306 263 322 σ
277 298 367 332 Χωρὶς
383 298 437 333 γὰρ
453 300 543 334 πάσης
555 299 707 334 ἀντιλογίας
719 301 748 328 τὸ
760 301 867 328 ἔλαττον

80 340 136 366 ὑπὸ
149 340 195 367 τοῦ
208 342 360 377 κρείττονος
374 344 534 377 εὐλογεῖται.
547 355 555 371 ι
580 346 690 381 Ἐπειδὴ
704 347 731 373 δὲ
745 348 802 379 τοῖς
818 348 867 380 τῆς

79 385 291 422 ἀνθρωπότητος
306 389 415 425 μέτροις
422 380 456 416 τὸ
465 391 626 424 ἁγιάζεσθαί
639 401 668 419 τε
682 380 730 420 ita!
742 393 867 428 χρίεσθαι

80 432 193 466 πρέπει,
211 434 285 460 πᾶσά
300 442 357 465 πως
370 435 476 472 ἀνάγκη
494 437 610 472 Χριστὸν
628 437 808 473 ὀνομάζεσθαι
821 438 866 464 τὸν

79 477 114 502 ὲκ
131 477 198 504 Θεοῦ
223 478 327 513 Λόγον,
349 480 399 515 οὐχ
420 481 463 507 ὅτε
480 483 582 516 γυμνὸς
599 481 632 518 ἦν
654 483 694 510 ἔτι
717 484 765 510 καὶ
791 483 867 511 οὔπω

81 525 302 560 σεσαρκωμένος,
326 527 384 553 ἀλλ’
407 527 451 554 ὅτε
470 529 589 564 γεγονὼς
607 529 667 556 καθ’
686 531 771 566 ἡμᾶς,
786 539 865 557 τουτ-

80 571 155 598 έστιν
169 573 320 608 ἄνθρωπος.
338 574 449 611 ὲχρίσθη
464 575 534 608 κατὰ
549 576 579 602 τὸ
590 576 769 612 ἀνθρώπινον.
784 577 864 603 Ὥστε

78 617 110 642 τὸ
134 617 259 651 Χριστὸς
277 618 362 653 ὄνομα
384 621 483 656 πρέποι
505 620 538 647 ἂν
561 621 620 647 κατ’
646 621 741 648 οὐδένα
764 623 864 658 τρόπον

78 662 157 689 οὔπω
176 663 236 690 καθ’
250 664 323 699 ἡμᾶς
338 666 460 699 γεγονότι
477 666 515 702 τῷ
534 667 566 693 ἐκ
579 667 646 693 Θεοῦ
663 667 768 703 Πατρὸς
784 667 865 702 φύντι

78 709 170 744 Λόγῳ.
197 710 227 736 Ei
241 710 269 736 δὲ
281 710 440 746 ὀνομάζοιτό
461 721 513 739 που
528 713 646 748 Χριστος
657 734 664 745 ,
689 714 864 750 ὲνανθρωπή-

79 754 166 780 σαντα
182 763 226 788 μοι
240 755 346 790 νοήσεις
362 756 457 783 αὐτόν·
481 757 532 783 κᾶν
559 758 644 792 Λόγον
662 758 797 795 ἀκούσῃς,
817 767 865 785 πε-

79 800 242 836 πραγμένης
261 801 311 836 ἤδη
325 802 374 837 τῆς
393 803 634 839 ὲνανθρωπήσεως,
652 804 701 839 τῆς
718 804 864 839 ἑνωθείσης

78 848 154 883 αὐτῷ
169 849 205 883 μὴ
226 849 423 886 ἀμνημονὴσῃς
443 852 553 888 σαρκὸς.
563 852 627 879 Ἀνὰ
643 853 724 888 μέρος
736 853 764 879 δὲ
777 852 863 888 τούτῳ

921 263 969 283 suo
987 256 1124 283 innnetnm
1139 261 1184 283 ant
1195 257 1390 284 sanctiﬁcatum
1404 265 1473 291 esse,
1488 257 1565 292 quasi
1575 257 1598 285 is
1606 265 1705 286 secun-

921 302 982 328 dum
998 307 1121 329 naturam
1134 303 1167 329 ab
1183 302 1228 329 illo
1241 303 1276 329 sil.
1286 302 1420 335 diversus,
1438 303 1560 338 superior
1573 307 1601 330 et
1615 304 1705 331 excel-

921 347 1027 375 lentior.
1046 357 1055 374 (
1079 348 1165 375 Minus
1183 356 1300 382 namque
1317 349 1377 376 sine
1390 350 1442 375 ulla
1457 350 1673 377 contradictione
1688 358 1705 376 τι

920 393 1025 420 meliori
1045 400 1150 427 semper
1162 393 1330 420 benedicitur
1341 394 1374 420 ⁸⁸.
1392 403 1401 419 ι
1420 394 1487 427 Quia
1505 402 1570 429 ergo
1585 395 1706 422 Sanctiﬁ-

919 440 991 466 eatio
1019 444 1046 466 et
1067 439 1188 466 immetio
1217 439 1341 466 ltumame
1363 444 1468 466 naturae
1483 440 1627 467 humilitati
1642 448 1706 468 con-

920 489 1032 519 grunnt,
1051 485 1081 511 ﬁt
1095 485 1248 511 necessario
1258 489 1286 510 ut
1295 484 1342 511 Dei
1358 484 1473 512 Verbum
1489 493 1541 512 non
1557 491 1612 512 tum
1625 485 1705 513 Chri-

919 530 953 557 sti
966 530 1074 557 nomine
1086 530 1214 557 donatum
1228 530 1273 562 sil,
1288 538 1350 557 cum
1363 531 1511 557 etiamnum
1528 532 1640 564 nudum,
1654 533 1706 559 hoc

919 579 971 607 est,
988 576 1105 602 nondum
1135 576 1303 602 incarnatum
1324 580 1407 608 esset,
1426 576 1473 603 sed
1502 581 1566 603 tunc
1583 577 1704 609 demum,

918 628 979 647 cum
990 628 1064 647 tuore
1081 626 1173 647 nostro
1196 620 1296 647 factum
1312 622 1403 653 homo,
1416 622 1563 648 secundum
1580 626 1704 649 naturam

919 667 1064 693 humanam
1086 666 1224 693 inunctum
1251 671 1317 694 est:
1335 667 1514 700 Quamobrem
1537 675 1636 695 nomen
1655 668 1706 695 hoc

918 712 1049 745 Christus,
1061 713 1131 740 nulla
1164 713 1268 740 ratione
1282 714 1357 748 prius
1373 714 1399 740 in
1418 713 1464 741 Dei
1482 714 1571 741 Patris
1590 713 1703 741 Verbum

917 759 1103 790 conveniebat,
1123 767 1202 794 quam
1220 759 1338 786 humano
1352 767 1426 786 more
1439 764 1520 794 atque
1535 760 1613 787 modo
1629 760 1704 794 geni-

919 810 973 831 tum
987 809 1070 832 esset.
1087 805 1161 837 Quod
1174 805 1196 832 si
1215 805 1337 832 absolute
1357 805 1454 832 alicubi
1476 805 1601 832 Christus
1616 805 1704 832 nomi-

918 857 1007 884 natur,
1017 859 1078 878 mox
1089 851 1152 878 illud
1161 851 1218 878 inca
1225 856 1330 878 rnatum
1340 851 1474 886 intelligas
1487 860 1494 880 :
1506 857 1532 878 el
1545 852 1569 879 si
1584 851 1703 879 Verbum

78 894 200 930 κάκείνῳ
214 895 330 929 πρέπειν
344 897 447 924 οἴεσθαι
461 900 511 933 τὴν
528 898 629 934 φωνὴν,
652 899 781 925 ἀσύνετον
796 907 863 925 παν-

948 895 1011 921 tdias
1024 901 1130 929 peracta
1146 896 1201 930 jam
1217 895 1414 927 incarnatione,
1429 897 1511 923 unitte
1540 897 1589 931 ipsi
1611 897 1704 925 carnis

77 939 175 973 τελῶς,
196 940 340 978 μᾶλλονδὴ
352 943 364 962 δ
379 943 425 970 καὶ
438 943 543 970 ἀνόσιον
558 943 574 979 ἢ
588 945 705 979 φρονεῖν,
731 944 747 979 ἢ
764 943 864 978 λέγειν.

79 984 129 1018 Εἷς
143 987 198 1022 γὰρ
210 987 314 1022 Κύριος
334 987 436 1022 Ἰησοῦς
447 989 574 1024 Χριστὸς,
587 989 633 1015 καὶ
646 989 675 1015 οὐ
689 989 863 1024 μεμέρισται,

79 1031 153 1058 καθὰ
167 1034 213 1058 καὶ
225 1032 305 1064 αὐτὸς
320 1033 334 1059 ὁ
346 1033 501 1067 σοφώτατος
516 1034 653 1067 Παῦλο;,ὁ
667 1034 785 1070 Χριστὸν
797 1035 865 1069 ἔχων

79 1077 108 1103 ὲν
122 1077 222 1112 ἐαυτῷ.
234 1078 265 1104 τὸ
284 1078 356 1105 Θεῖον
374 1079 448 1114 αὺτῷ
461 1079 593 1106 λαλοῦντα
608 1081 767 1115 μυστήριον.
778 1082 866 1116 Προσ-

83 1122 212 1150 δαλοῦσαι
228 1123 256 1150 δὲ
269 1126 324 1154 τοῖς
342 1124 438 1159 ἑφεξῆς
454 1125 609 1159 κεφαλαίοις
621 1146 629 1158 ,
646 1126 713 1161 εὐθῆ
739 1126 786 1153 καὶ
811 1126 865 1152 ἀπ‹

79 1168 224 1203 εξεσμένον
248 1170 285 1201 εἰς
309 1169 436 1205 ἀλήθειαν
465 1171 510 1197 τὸν
532 1171 597 1206 ἐμὸν
622 1172 753 1208 εὑρήσετε
775 1172 863 1206 λόγον.

79 1214 374 1250 Προδιαμαρτύρασθαι
395 1215 422 1241 δὲ
436 1212 512 1251 οἶμαι
533 1216 643 1242 κάκεῖνο
658 1216 738 1242 καλόν
749 1225 755 1231 ·
772 1216 865 1251 ὥσπερ

78 1260 135 1295 γάρ
151 1261 225 1286 ἐστιν
241 1262 269 1286 ὲν
285 1260 390 1296 θεότητι
402 1261 504 1294 τέλειος
521 1263 534 1288 ὁ
556 1262 588 1288 ἐκ
602 1262 668 1288 Θεοῦ
689 1262 794 1297 Πατρὸς
812 1262 865 1288 Λό-

78 1314 136 1340 γος,
152 1305 224 1333 οὕτω
239 1306 285 1333 καὶ
300 1307 329 1332 ὲν
342 1306 531 1343 ἀνθρωπὸτητι
546 1307 648 1339 τέλειος
658 1328 665 1339 ,
683 1307 754 1334 κατά
770 1316 801 1342 γε
821 1307 866 1334 τὸν

77 1353 127 1387 τῆς
144 1353 352 1388 ἀνθρωπὸτητος
367 1353 445 1387 λόγον
455 1362 462 1369 ·
488 1354 537 1380 οὐκ
552 1354 654 1389 ἄψυχον
672 1354 751 1389 σῶμα
765 1353 864 1384 λαϐὼν,

78 1398 255 1433 ὲψυχωμὲνον
265 1404 276 1419 ο
288 1399 317 1425 δὲ
336 1399 434 1434 μᾶλλον
449 1399 521 1435 ψυχῇ
537 1399 644 1435 λογικῇ.
653 1400 680 1425 '0
694 1400 721 1425 δὲ
734 1399 800 1430 Θεὸς
812 1399 866 1425 τῶν

77 1444 158 1475 ὅλων,
171 1445 184 1470 ὁ
197 1446 253 1476 τοϊς
267 1445 411 1479 ἀγαπῶσιν
423 1446 504 1472 αὑτὸν
515 1446 549 1472 τὰ
564 1447 593 1478 ἐξ
605 1446 719 1481 οὐρανοῦ
731 1446 866 1480 διανέμων

77 1490 169 1524 ἀγαθὰ
181 1511 188 1520 .
205 1491 254 1523 τὰς
276 1492 351 1523 ὁσίας
365 1492 442 1527 ὑμῶν
464 1493 604 1528 ὲμπλήσαι
619 1492 707 1527 ψυχὰς
722 1493 778 1522 τοῖς
801 1491 865 1526 παρ’

77 1535 176 1562 ἑαυτοῦ
193 1535 206 1554 ά
224 1536 406 1571 χαρίσμασιν’
432 1538 475 1564 ἴνα
502 1538 548 1565 καὶ
571 1537 610 1569 εὶς
638 1537 736 1572 μέτρον
758 1537 866 1571 ἡλικίας

75 1581 272 1609 ἀναϐαίνουσαι
287 1582 334 1609 τοῦ
347 1583 528 1618 πληρώματος
552 1582 598 1609 τοῦ
619 1582 749 1617 Χριστοῦ,
766 1581 866 1608 εὐκλεᾶ

77 1627 127 1653 καὶ
154 1627 295 1662 εὐδόκιμον
324 1629 373 1664 τὴν
405 1628 570 1662 ἀξιάγαστον
599 1627 677 1663 ὑμῶν
707 1628 864 1663 ἁποφήνητε

77 1672 163 1707 ζωὴν.
179 1672 254 1706 ὰγέαι
269 1673 372 1708 νύμφαι
387 1673 516 1709 Χριστοῦ.

918 948 969 968 non
982 941 1160 968 obliviscaris.
1179 941 1264 968 Porro
1280 946 1368 968 autem
1384 941 1509 968 arbitrari
1526 950 1617 970 vocem
1633 942 1704 970 hanc

916 985 1036 1013 Christus
1048 987 1159 1013 seorsim
1174 986 1249 1020 huic,
1266 991 1292 1013 et
1306 986 1422 1013 seorsim
1442 994 1535 1013 rursus
1550 987 1586 1013 illi
1604 994 1703 1014 conve-

918 1033 985 1066 nire,
1003 1032 1085 1064 istud,
1108 1032 1228 1066 inquam,
1247 1032 1349 1060 sentire
1365 1032 1407 1059 vel
1429 1032 1501 1066 loqui
1526 1033 1637 1059 stultum
1659 1037 1703 1060 est

916 1078 1036 1110 omnino,
1049 1078 1102 1105 imo
1127 1085 1191 1105 vero
1209 1078 1331 1112 impium,
1351 1083 1380 1105 et
1396 1079 1549 1113 profanum.
1573 1078 1648 1106 Unus
1659 1084 1702 1106 est

916 1124 986 1150 enim
1007 1124 1135 1151 Dominus
1158 1123 1238 1151 Jesus
1256 1124 1394 1156 Christus,
1419 1132 1472 1151 non
1488 1124 1600 1156 divisus,
1615 1132 1704 1159 neque

917 1170 1063 1202 dissectus;
1094 1170 1319 1204 quemadmodum
1348 1170 1565 1205 sapientissimus
1594 1169 1703 1203 Paulus,

917 1216 963 1249 qui
981 1215 1119 1243 Christum
1136 1216 1162 1242 in
1185 1223 1215 1243 se
1234 1215 1355 1243 divinum
1374 1216 1424 1243 hoc
1439 1217 1597 1252 mysterium
1615 1217 1704 1244 reclu-

917 1261 1023 1288 dentem
1036 1261 1163 1292 habebat.
1186 1261 1330 1289 manifeste
1347 1262 1425 1289 docet
1435 1261 1469 1289 ".
1487 1262 1586 1290 Verum
1607 1263 1641 1289 ad
1656 1270 1702 1289 ca-

918 1308 971 1341 pita
987 1307 1082 1334 ordine
1097 1307 1205 1340 ltiejam
1220 1307 1361 1341 sequentia
1377 1307 1496 1335 animum
1514 1309 1703 1342 adjungentes,

916 1351 1065 1377 orationem
1091 1358 1176 1377 meam
1201 1356 1303 1377 rectam
1328 1351 1380 1386 55
1398 1356 1425 1378 et
1443 1352 1476 1379 ad
1494 1352 1617 1379 veritatis
1637 1361 1702 1380 nor-

918 1404 987 1422 mam
1017 1397 1247 1424 accommodatam
1275 1397 1458 1432 comperielis.
1484 1397 1702 1426 Consentaneum

916 1447 957 1469 est
976 1447 1076 1475 autem,
1090 1444 1196 1478 opinor,
1222 1448 1251 1470 ut
1268 1443 1331 1470 illud
1357 1450 1464 1478 quoque
1481 1445 1532 1471 hoc
1555 1444 1614 1471 loco
1640 1452 1704 1478 pro-

918 1493 1018 1522 tester;
1045 1495 1108 1524 puta
1138 1490 1182 1516 Dei
1199 1489 1288 1517 Patris
1308 1489 1424 1517 Verbum
1455 1499 1532 1526 usque
1553 1491 1702 1526 perfectum

918 1534 1029 1569 suisque
1045 1535 1165 1561 numeris
1184 1535 1338 1562 absolutum
1357 1542 1419 1562 esse
1440 1535 1467 1562 in
1483 1536 1663 1570 humanitate,
1675 1541 1704 1563 ct

919 1580 1066 1608 secundum
1083 1580 1258 1608 humanitatis
1286 1581 1430 1614 rationem,
1448 1586 1529 1616 atque
1553 1582 1702 1617 perfectum

918 1630 960 1654 est
974 1626 1000 1652 in
1019 1626 1169 1653 divinitate.
1187 1626 1255 1653 Tum
1273 1633 1371 1660 corpus
1390 1634 1497 1661 quoque
1510 1628 1581 1662 quod
1596 1636 1703 1655 assum.

918 1673 971 1707 psit
988 1679 1039 1698 non
1058 1671 1207 1699 inanimum
1216 1679 1286 1705 esse,
1303 1673 1349 1700 sed
1361 1672 1449 1699 anima
1462 1673 1628 1709 intelligente
1642 1682 1704 1709 per-

77 1718 179 1745 fectum
194 1723 221 1746 et
240 1720 422 1746 inlbrmatum.
456 1720 648 1747 Universarum
677 1728 767 1747 rerum
789 1719 878 1754 opifex
919 1722 1067 1753 auctorque
1090 1718 1160 1745 Deus
1186 1718 1306 1753 (sanctae
1333 1719 1434 1747 Christi
1461 1721 1584 1755 sponsze)
1610 1720 1655 1756 qui
1673 1727 1703 1747 se

77 1765 253 1802 diligentibus
262 1766 382 1794 cmlestia
397 1767 638 1801 bonaimpertitur,
669 1767 760 1794 beatas
773 1767 877 1793 animas
898 1770 1002 1792 vestras
1018 1765 1076 1792 suis
1093 1764 1172 1792 donis
1191 1765 1311 1799 impleat,
1344 1773 1397 1800 quo
1423 1766 1449 1793 in
1470 1773 1623 1794 mensuram
1636 1768 1703 1794 aeta-

78 1812 115 1839 tis
138 1812 313 1846 plenitudinis
355 1811 456 1839 Christi
486 1817 689 1846 consurgentes,
719 1813 802 1840 vitam
828 1811 973 1847 gloriosam
1005 1811 1216 1845 prohatamque,
1243 1815 1271 1838 et
1300 1811 1374 1838 omni
1393 1811 1571 1838 admiratione
1594 1811 1702 1846 dignam

77 1858 249 1893 Hansigatis.

165 1925 258 1952 ΤΑΔΕ
276 1925 438 1951 ΕΝΕΣΤῘΝ
453 1924 505 1951 ΕΝ
525 1925 606 1952 ΤΟΙΣ
624 1924 780 1952 ΕΦΕΞΗΣ.

116 1993 179 2020 Ὅτι
203 1992 269 2024 Θεὸς
293 1994 308 2019 ὁ
332 1992 459 2028 Χριστὸς,
477 1991 572 2018 ἑνώσει
597 1993 631 2027 τῇ
647 1991 715 2027 πρὸς
733 1992 779 2018 τὸν
797 1991 863 2018 Θεῆν

77 2039 167 2073 Λόγον
179 2039 218 2069 εἱς
229 2038 278 2073 τὴν
287 2038 368 2064 αὐτοῦ
377 2037 453 2070 δόξαν
464 2037 654 2068 ἀναϐαίνοντος
664 2036 768 2064 καὶτοῦ
780 2044 865 2072 προσ-

77 2083 229 2119 ληφθέντος
242 2083 318 2116 ναοῦ,
331 2084 362 2109 ty.
373 2082 427 2109 τῶν
440 2081 635 2109 ἀποστολικῶν.

123 2130 171 2155 Ἐκ
188 2128 240 2155 τῶν
259 2128 408 2155 καθολικῶν
427 2127 545 2163 ὲκλογὴθ
566 2129 604 2159 εἰς
623 2127 653 2154 τὸ
671 2127 746 2154 αὑτό.

120 2176 170 2202 Ἐκ
188 2175 242 2202 τῶν
261 2175 443 2209 εὑαγγελικῶν
462 2173 580 2210 ὲκλογὴτ
601 2174 641 2205 εἰς
660 2173 689 2199 τὸ
706 2172 780 2200 αὑτό.

117 2222 180 2248 Ὅτι
194 2220 249 2256 ζωὴ
267 2221 313 2247 καὶ
329 2220 458 2252 ζωοποιὸς
474 2221 487 2246 ὁ
500 2219 627 2254 Χριστὸς,
642 2220 674 2245 ὲκ
697 2218 750 2245 τῶν
772 2217 866 2253 κειμέ-

80 2278 136 2295 νων
152 2268 227 2303 παρὰ
241 2267 280 2302 τῷ
295 2266 436 2302 ἀποστόλῳ
453 2265 561 2301 Παύλῳ,
578 2264 624 2291 καὶ
643 2266 672 2291 ὲν
687 2265 742 2296 τοῖς
756 2264 869 2291 ἀποστο-

80 2315 169 2346 λικοῖς
182 2314 309 2350 εὑρήσεις
319 2313 342 2339 ³.

117 2360 182 2386 Ὅτι
203 2359 242 2390 εἰς
265 2357 381 2393 Χριστὸν
406 2357 422 2392 ἡ
450 2356 540 2388 πίστις
560 2355 598 2387 ὡς
614 2356 653 2387 εἰς
666 2355 742 2388 Θεὸν,
761 2355 794 2382 ἐκ
813 2355 868 2382 τῶν

80 2404 245 2436 ηθολικῶν,
261 2405 307 2430 καὶ
320 2404 353 2430 ὲκ
367 2403 421 2430 τῶν
437 2403 631 2437 εὐαγγελικῶν.

120 2451 182 2477 ’Ὁτι
204 2449 261 2485 ζωὴ
281 2449 328 2475 καὶ
347 2449 499 2484 ἱλαστήριον
514 2449 528 2475 ὁ
543 2447 671 2483 Χριστὸς,
689 2447 799 2482 ὲκλογαὶ
812 2446 870 2474 διά-

82 2504 174 2532 φοροι.

118 2542 181 2567 Ὀτι
197 2541 211 2567 ὁ
225 2539 342 2575 Χριστοῦ
364 2540 477 2570 θάνατος
501 2539 539 2574 τῷ
561 2538 655 2574 κόσμῳ
679 2539 821 2574 σωτήριος,
837 2538 870 2565 ἐκ

82 2588 138 2615 τῶν
154 2585 340 2613 ἀποπολικῶν
354 2586 401 2612 καὶ
416 2583 599 2618 εὐαγγελικῶν
614 2583 734 2618 ἐκλογαὶ.

119 2674 143 2690 ⁸⁸
158 2673 240 2701 Hebr.
258 2681 308 2706 vn,
328 2673 355 2700 7.
393 2671 416 2688 ⁸⁸
431 2671 516 2700 lCor.
529 2670 550 2705 l,
567 2671 584 2698 2
599 2678 675 2706 seqq.

919 1924 1006 1952 Η]Εο
1033 1924 1177 1952 INSUNT
1202 1925 1248 1953 ΙΝ
1272 1925 1326 1953 118
1352 1925 1439 1959 QU/E
1464 1926 1702 1960 SEQUUNTUR.

953 1991 1028 2025 Quod
1050 1992 1175 2019 Christus
1191 1993 1226 2019 sit
1240 1992 1322 2023 Deus,
1345 1992 1444 2019 unione
1476 1993 1509 2020 ad
1531 1993 1615 2020 Deum
1640 1993 1704 2020 νυτ-

920 2039 983 2064 bum
1006 2038 1171 2065 asoentlente
1193 2038 1226 2065 ad
1250 2038 1309 2072 ejus
1331 2037 1443 2072 gloriam
1471 2039 1570 2073 templo
1594 2047 1703 2074 quoque

918 2088 1068 2117 assumpto,
1086 2090 1119 2110 ex
1135 2083 1303 2116 apostolicis.

955 2129 994 2156 Ex
1010 2129 1152 2156 catholicis
1173 2130 1315 2157 sementim
1330 2130 1356 2157 in
1373 2130 1455 2158 idem.

959 2176 999 2202 Ex
1014 2175 1178 2209 evangelicts
1192 2176 1333 2203 sententia;
1351 2185 1376 2203 II
1392 2177 1473 2204 idem.

953 2220 1028 2254 Quod
1044 2219 1170 2246 Christus
1186 2220 1222 2246 sit
1240 2220 1306 2253 vita,
1323 2225 1350 2247 et
1365 2221 1528 2250 viviﬁcator.
1544 2225 1701 2255 argumenta

918 2273 949 2293 ex
974 2265 1088 2300 apostoli
1107 2264 1181 2291 Pauli
1204 2264 1374 2299 aliorumque
1400 2265 1582 2300 apostolorum
1606 2265 1704 2293 litteris

919 2311 1011 2346 petita.
1695 2315 1697 2318 ‘

954 2356 1029 2389 Quod
1052 2355 1118 2382 ﬁdes
1135 2354 1170 2382 sit
1192 2355 1218 2382 in
1238 2355 1386 2388 Christum,
1409 2361 1437 2383 ut
1453 2356 1479 2383 in
1497 2356 1591 2389 Deum,
1607 2365 1638 2384 ex
1657 2365 1702 2384 ca-

920 2401 1028 2428 tholicis
1044 2405 1071 2428 et
1084 2401 1260 2435 evangelicis.

955 2446 1031 2480 Quod
1051 2447 1176 2474 Christus
1199 2447 1234 2474 sit
1248 2447 1302 2473 vita
1324 2452 1350 2473 et
1363 2448 1590 2482 propitiatorium,
1607 2450 1703 2484 expla-

921 2493 1042 2519 nationes
1058 2493 1149 2519 varias.

956 2538 1031 2570 Quod
1049 2537 1150 2564 Christi
1164 2545 1236 2564 mors
1253 2538 1352 2565 mundo
1372 2538 1497 2565 salutaris
1511 2539 1657 2573 exstiterit,
1670 2547 1705 2567 ex

923 2583 1080 2617 apostolicis
1095 2589 1122 2611 et
1139 2584 1302 2619 cvangelicis
1320 2585 1519 2614 annotationes.

619 2748 706 2776 Varizn
718 2748 848 2775 lectiones
865 2746 966 2774 codicis
981 2745 1160 2781 Seguieriani.

122 2843 138 2864 δ
151 2842 191 2870 δέ.
230 2846 242 2861 ⁸
263 2840 469 2876 ἐμψυχωμένον.
507 2840 521 2860 ά
539 2839 635 2874 ἑαυτῷ.
695 2845 705 2858 ε
723 2838 842 2872 ἐκλογαέ.

883 2837 893 2857 ί
910 2837 1030 2872 ἐκλογαῑ.

1071 2839 1083 2858 ε
1093 2838 1137 2866 ἵσ.
1152 2839 1290 2874 εὑρέσεις.
