1883 3056
214 145 285 174 £223

213 203 290 237 Quod
316 201 436 230 Christus
466 202 500 229 sit
525 201 606 233 Dem,
628 209 674 237 per
697 202 818 228 unionem
848 202 882 228 ad
909 201 987 228 Deum

1059 202 1104 228 Dn
1128 200 1199 233 Θεὸς
1225 202 1242 228 ὀ

253 237 363 264 Verbum
388 238 541 264 ascendente
561 239 595 263 ad
611 236 670 272 ejus
688 237 798 263 aloriam
815 237 910 271 templo
926 245 992 272 quo-

245 281 295 308 que
308 276 454 306 assumpto.

417 326 461 354 Ex
475 327 586 362 epistola
602 327 637 353 ad
649 326 791 355 Romanos.

249 394 258 410 ι
273 383 373 412 Paulus
391 390 485 412 servus
502 382 566 411 Jesu
583 382 695 414 Christi,
713 386 824 410 vocatus
845 381 992 417 apostolus,

210 435 366 465 segregatus
384 430 410 456 in
427 429 604 464 Evangelium
620 428 680 461 Dei,
694 428 765 463 quod
781 433 844 455 ante
862 427 994 462 promise-

210 482 252 503 rat
268 483 317 510 per
342 476 488 511 prophetas
514 482 579 503 suos
598 474 627 501 in
651 473 801 508 Scripturis
828 473 941 505 sanctis,
958 474 992 500 de

209 521 277 550 Filio
291 529 351 553 suo,
367 520 414 555 qui
430 521 520 548 factus
534 524 576 548 est
591 520 616 547 ei
630 527 664 547 ex
677 519 779 546 semine
795 518 878 545 David
893 526 991 546 secun-

209 567 272 594 dum
292 573 421 600 carnem;
438 565 483 600 qui
503 565 715 600 praedestinatus
732 568 773 591 est
792 563 877 590 Filius
893 563 941 589 Del
961 562 988 590 in

208 612 262 648 56
284 612 401 644 virtute,
432 609 579 638 secundum
610 609 740 644 Spiritum
767 607 992 636 sanctiﬁcationis

206 666 241 685 ex
265 657 466 685 resurrectione
489 661 658 683 mortuorum
682 654 746 681 Jesu
769 654 868 681 Christi
885 652 991 680 Domini

208 704 293 731 nostri
309 703 345 731 ".
361 712 370 728 ι
387 703 470 737 Igitur
481 701 504 728 si
516 700 672 735 praedicatio
684 699 717 726 de
728 698 836 726 Christo
849 703 887 725 est
903 698 991 725 Evan-

207 749 304 784 gelium
319 748 365 776 Dci
377 767 386 781 ,
406 747 540 782 quomodo
553 746 678 774 Christus
695 753 748 772 non
764 750 805 772 est
820 744 906 772 Deus?
919 744 990 771 Rur-

206 800 266 820 sum
290 793 313 819 si
338 799 435 819 omnes
459 791 568 818 omnino
594 790 731 824 prophetae
753 790 784 816 ad
805 790 892 823 ipsum
911 789 988 824 quasi

205 839 240 866 ad
262 844 374 873 scopum
398 837 548 868 collimant,
566 836 718 870 divinaeque
741 835 890 870 Scriptura:
913 835 987 862 illum

713 145 743 172 S.
762 144 902 172 CYRILIJ
920 143 1154 171 ALEXANDRINI
1173 143 1334 173 AltCHlEP.

1778 141 1839 168 Ιὲἓί

1266 201 1402 235 Χριστὸς,
1419 201 1525 229 ἑνώσει
1541 201 1579 236 τῇ
1602 200 1684 235 πρὸς
1699 198 1756 226 τὸν
1767 200 1839 236 βεεν

1080 238 1176 269 Λόγον
1185 237 1229 268 εἷς
1244 236 1301 269 τὴν
1313 236 1405 263 αὑτοῦ
1421 237 1514 268 δόξαν
1528 235 1780 267 ἀναϐαίνοντος-Ι·
1795 236 1837 260 καὶ

1080 269 1134 298 τοῦ
1147 271 1394 305 προσληφθέντος
1409 272 1495 298 ναοῦ.

1234 327 1286 354 Ἐκ
1303 326 1359 361 τῆς
1377 327 1452 361 πρὸς
1471 327 1643 363 Ῥωμαίους.

1083 393 1092 410 t
1101 383 1207 415 Παῦλος
1220 384 1312 417 δοῦλος
1324 384 1410 420 Ἰησοῦ
1421 385 1548 420 Χριστοῦ,
1557 385 1661 420 κλητὸς
1673 386 1834 417 ἀπόστολος,

1044 431 1235 467 ἀφωρισμένος
1248 431 1289 462 είς
1303 431 1468 466 Εὑαγγέλιον
1477 431 1556 465 Θεοῦ,
1569 431 1583 458 δ
1595 433 1836 467 προεπηγγείλατο

1043 476 1087 503 διὰ
1105 476 1161 503 τῶν
1183 476 1329 512 προφητῶν
1349 476 1431 503 αὐτοῦ
1455 477 1483 502 ὲν
1507 477 1630 512 Γραφαῖς
1645 477 1755 511 ἁγίαις,
1774 479 1837 511 περὶ

1043 521 1090 548 τοῦ
1105 521 1169 548 Υξοῦ
1185 521 1278 554 αὑτοῦ,
1295 521 1342 548 τοῦ
1361 521 1507 556 γενομένου
1523 521 1556 547 ὲκ
1571 522 1735 556 σπέρματος
1756 521 1836 548 Δαιδτὸ

1044 566 1114 593 κατὰ
1130 567 1235 602 σάρκα·
1252 565 1298 594 τοῦ
1317 566 1469 601 ὁρισθέντος
1486 566 1552 593 Υίοῦ
1577 567 1645 594 Θεοῦ
1667 568 1697 594 ὲν
1720 567 1834 602 δυνάμει

1043 612 1113 639 κατά
1138 613 1250 647 Πνεῦμα
1276 612 1440 647 ἁγιωσύνης,
1463 612 1493 645 ἐξ
1516 613 1692 644 ἀναστάσεως
1716 613 1833 649 νεκρῶν,

1049 658 1136 693 Ἰησοῦ
1151 657 1270 693 Χριστοῦ
1292 656 1339 684 τοῦ
1364 657 1465 693 Κυρίου
1481 657 1569 693 ἡμῶν.
1586 668 1596 684 ι
1613 657 1736 689 Οὐκοῦν,
1754 658 1833 694 εἴπρ
1882 657 1883 664 ¹

1042 702 1115 728 ἐστὶν
1139 702 1303 737 Εὐαγγέλιον
1323 702 1390 729 Θεοῦ
1413 703 1444 729 τὸ
1464 703 1528 738 περὶ
1544 703 1664 738 Χριστοῦ
1687 703 1832 739 κήρυγμα.

1042 747 1101 779 πῶς
1114 748 1144 774 οὐ
1162 747 1227 779 Θεὸς
1243 749 1257 774 ὁ
1271 748 1402 784 Χριστὸςς
1420 749 1476 775 Καὶ
1496 749 1520 775 ει
1544 749 1635 783 πάσης
1660 749 1835 784 προφητείας

1042 792 1085 819 ἐπ’
1101 793 1167 820 αὐτὸ
1190 793 1339 828 βλεπούσης
1357 793 1452 828 πέρας,
1471 794 1517 820 καὶ
1539 794 1604 820 Υιὸν
1625 793 1674 820 τοῦ
1691 793 1762 820 Θεοῦ
1786 802 1835 827 κη-

1043 837 1184 873 ρύττουσιν
1205 839 1232 865 αἱ
1248 838 1355 874 Γραφαὶ
1368 839 1413 865 τὸν
1437 839 1470 865 ὲκ
1495 838 1652 874 σπέρματος
1665 838 1762 869 Δαυῖδ,
1780 839 1833 865 xiv

206 884 304 918 ipsum,
321 883 368 918 qui
391 890 424 910 ex
448 882 552 910 semine
569 881 653 908 David
677 886 753 908 ortus
769 885 822 913 est,
835 888 986 915 quanquam

1059 882 1155 918 ιρίσθαι
1167 883 1272 917 λέγοιτο
1291 883 1363 910 κατὰ
1376 884 1488 919 Πνεῦμα
1503 883 1660 918 ἁγιωσύνης
1677 883 1725 910 διὰ
1739 884 1770 910 τὸ
1784 885 1832 918 τῆς

205 935 316 964 propter
332 929 532 957 incarnationis
551 928 713 964 mysterium
727 927 873 955 secundum
888 927 989 954 sancti-

205 975 339 1002 ficationis
361 973 490 1009 Spiritum
516 973 723 1009 prazdestinatus
748 973 864 1004 dicatur,
890 972 987 1000 Filium

203 1020 250 1048 Dei
277 1020 437 1055 praedicant,
463 1028 517 1055 quo
534 1024 615 1055 pacto
637 1027 691 1046 non
717 1023 759 1046 est
781 1026 862 1046 verus
888 1018 986 1051 Filius;

204 1067 322 1093 maxime
341 1073 405 1093 vero
429 1074 490 1093 cum
505 1072 554 1101 per
571 1065 797 1093 resurrectionem
820 1072 853 1091 ex
876 1065 989 1092 mortuis

1041 927 1272 963 ἰνανθρωπήσεως
1287 928 1445 963 μυστήριον
1458 928 1515 959 πῶς
1529 928 1577 963 οὺχ
1587 928 1652 959 Υἱὸς
1667 928 1791 963 ἀληθῶς,
1803 929 1832 955 ἐκ

1040 973 1089 1007 τῆς
1109 973 1163 1000 τῶν
1176 973 1280 1010 νεκρῶν
1295 974 1468 1005 ἀναστάσεως
1486 974 1728 1009 μαρτυρούμενοςς
1753 975 1833 1009 Ἔγή-

1040 1027 1135 1054 γερται
1152 1019 1206 1054 γὰρ
1221 1019 1270 1046 οὐκ
1285 1019 1426 1056 ἄνθρωπος
1442 1019 1528 1052 κοινὸς
1545 1019 1606 1046 καθ’
1620 1020 1706 1054 ἡμᾶς,
1723 1019 1783 1046 ἀλλ’
1795 1020 1831 1051 ὡς
1882 1024 1883 1056 ς

1041 1065 1157 1092 θανάτου
1175 1066 1319 1101 κρείττων,
1336 1065 1404 1092 καθὸ
1416 1066 1463 1092 καὶ
1476 1065 1532 1099 ζωὴ
1546 1066 1594 1092 καὶ
1607 1066 1685 1098 Θεός.

203 1113 316 1142 evidens
332 1114 515 1142 testimonium
530 1113 646 1144 habeat?
660 1112 754 1147 Neque
785 1112 858 1140 enim
888 1112 914 1139 in
931 1114 1012 1140 vitam
1042 1113 1222 1142 resuscitatus
1248 1117 1292 1141 est
1318 1118 1348 1141 ut
1372 1121 1441 1141 unus
1465 1113 1599 1149 quispiam
1629 1113 1714 1141 homo
1742 1115 1829 1141 noswi

203 1160 317 1191 simius,
345 1159 393 1187 sed
420 1164 549 1193 tanquam
573 1162 660 1186 morte
685 1164 826 1192 superior,
851 1162 985 1193 quatenus
1005 1157 1131 1186 nimirum
1146 1159 1198 1186 vita
1216 1163 1297 1187 estet
1311 1158 1391 1186 Deus.

240 1207 278 1233 De
297 1206 338 1233 his
362 1206 408 1240 qui
427 1205 569 1234 Creatoris
591 1206 650 1234 loco
671 1211 824 1233 creaturam
849 1206 986 1233 adorant:

1078 1206 1146 1241 Περὶ
1160 1206 1214 1233 τῶν
1228 1205 1449 1241 προσκυνούντων
1464 1207 1496 1241 τῆ
1512 1207 1600 1234 κτίσει
1615 1207 1692 1242 παρὰ
1708 1207 1758 1234 τὸν
1771 1207 1830 1234 κτί-

1880 251 1883 390 l

206 1262 215 1279 ι
233 1253 300 1285 Quia
325 1259 387 1279 cum
411 1252 603 1287 cognovissent
617 1252 712 1284 Deum,
734 1260 786 1279 non
810 1252 880 1279 sicut
902 1252 986 1279 Deum

1059 1261 1124 1278 αντα
1134 1259 1141 1266 ·
1167 1262 1176 1277 ι
1191 1251 1261 1278 Διότι
1279 1251 1388 1285 γνόντες
1399 1250 1446 1277 τὸν
1462 1251 1537 1282 Θεὸν,
1558 1252 1608 1286 οὐχ
1631 1252 1670 1284 ὡς
1688 1252 1759 1279 Θεὸν
1772 1253 1831 1279 ὲδί-

207 1299 436 1334 glorilicaverunt,
448 1304 493 1325 aut
504 1299 604 1332 gratias
613 1303 745 1333 egerunt;
759 1299 806 1326 sed
817 1303 986 1326 evanuerunt

1059 1306 1134 1330 ασαν,
1149 1297 1165 1333 ἦ
1180 1297 1392 1332 εὐχαρίστησαν,
1418 1297 1474 1324 ἀλλ’
1490 1298 1713 1333 ἐματαιώθησαν,
1728 1299 1760 1326 ὲν
1774 1300 1830 1331 τοῖς

202 1344 229 1370 in
247 1343 456 1378 cogitationibus
474 1343 540 1374 suis,
562 1347 590 1370 et
604 1343 778 1371 obscuratum
794 1347 835 1370 est
854 1343 985 1378 insipiens

1059 1343 1220 1378 ιαλογισμοῖς
1234 1342 1334 1376 αὐτῶν,
1351 1343 1397 1370 καὶ
1413 1343 1556 1378 ἐσκοτίσθη
1569 1344 1586 1378 ἡ
1598 1344 1729 1376 ἀσύνετος
1740 1344 1829 1371 αὐτῶν

202 1397 250 1416 «or
261 1396 364 1416 eorum.
381 1388 508 1415 Dicenles
523 1388 594 1415 enim
617 1395 647 1415 se
666 1395 726 1415 esse
747 1389 896 1423 sapientes,
912 1389 986 1417 stulti

1059 1389 1151 1425 ιρδία·
1182 1389 1333 1423 φάσκοντες
1358 1387 1427 1417 εἶναι
1457 1389 1554 1424 σοφοὶ,
1583 1390 1798 1426 ἐμωράνθησαν.
1817 1401 1826 1416 ι

202 1433 265 1460 facti
278 1437 341 1460 sunt
352 1432 385 1459 ⁸’.
403 1441 412 1458 ι
432 1432 535 1459 Scribit
552 1432 622 1459 idem
638 1432 736 1459 Paulus
757 1433 819 1460 alibi
837 1434 881 1465 iis,
895 1433 940 1468 qui
953 1441 987 1460 ex

1059 1437 1138 1472 ράφει
1153 1445 1204 1462 που
1219 1435 1324 1467 Παῦλος
1337 1436 1393 1467 τοῖς
1408 1435 1437 1468 ἐξ
1450 1435 1534 1462 ἐθνῶν
1546 1435 1739 1470 κεκλημένοις,
1753 1445 1828 1462 rout-

202 1479 327 1513 geutihus
341 1477 430 1504 vocati
446 1477 566 1510 fuerunt,
581 1477 633 1505 hoc
652 1482 694 1505 est
710 1478 798 1510 nobis.
813 1478 864 1506 hoc
884 1479 964 1506 modo
977 1487 985 1506 ι

1059 1491 1111 1508 ττιν
1127 1483 1207 1517 ἡμῖν’
1225 1491 1234 1507 ι
1249 1481 1317 1508 Νυνὶ
1334 1482 1363 1508 δὲ
1379 1481 1488 1516 γνόντες
1501 1481 1579 1514 Θεὸν,
1595 1482 1697 1517 μᾶλλον
1712 1482 1743 1510 δὲ
1757 1490 1827 1515 γνω-

204 1531 214 1548 ι
228 1521 306 1550 Nunc
324 1527 412 1549 autem
427 1529 488 1548 cum
503 1522 685 1556 cognOveritis
697 1522 792 1555 Deum,
810 1523 864 1551 itno
878 1524 984 1557 cognoti

1059 1514 1214 1558 θέντεςτὺπὸ
1228 1526 1306 1553 Θεοῦ.
1323 1535 1333 1552 ι
1356 1514 1421 1553 Τίνα
1437 1527 1526 1553 τοίνυν
1539 1514 1702 1562 ἐγνώκαμεν
1718 1514 1828 1561 arta..-

202 1567 262 1595 sitis
283 1575 298 1594 ι
317 1566 373 1594 Deo
386 1567 419 1593 ".
438 1576 448 1594 ι
475 1566 559 1600 Quem
587 1567 702 1594 obsecro
729 1568 810 1595 alium
834 1575 882 1604 per
905 1569 984 1597 tidem

1062 1573 1168 1605 ίστεως,
1182 1573 1199 1608 ἢ
1216 1572 1325 1604 πάντως
1340 1573 1456 1608 Χριστὸν
1475 1572 1595 1608 Ἰησοῦν;
1616 1573 1723 1600 Οὐκοῦν
1740 1574 1765 1600 εί
1780 1574 1828 1608 μὲν

203 1613 387 1648 cognovimus,
407 1612 457 1640 nisi
481 1613 567 1647 ipsum
583 1621 695 1648 prorsus
708 1613 800 1642 losum
826 1614 983 1642 Christum?

1059 1627 1076 1649 ις
1092 1618 1157 1645 Θεὸν
1173 1617 1343 1652 ἐγνώκαμεν,
1366 1618 1412 1644 καὶ
1425 1617 1462 1649 ὡς
1476 1618 1541 1644 Θεὸν
1558 1617 1717 1653 δοξάζομεν,
1735 1627 1827 1650 πεφω-

203 1659 293 1692 Quare
316 1658 338 1685 si
356 1657 430 1685 illum
459 1663 487 1684 ut
501 1658 584 1685 Deum
606 1659 789 1693 cognovimus,
807 1664 835 1687 et
857 1665 886 1688 ut
903 1660 986 1688 Deum

1059 1661 1155 1695 ισμεθα
1170 1661 1240 1687 κατὰ
1255 1661 1399 1696 ἀλήθειαν·
1415 1662 1439 1688 εἰ
1453 1661 1480 1688 δὲ
1494 1662 1666 1697 ἀλλάσσομεν
1678 1663 1764 1689 αὐτοῦ
1779 1662 1826 1696 τὴν

203 1704 295 1732 debito
308 1705 411 1732 honore
424 1704 624 1739 prosequimur,
637 1712 702 1731 vere
716 1704 858 1732 illuminati
873 1713 965 1733 sumus
977 1715 985 1733 :

1059 1706 1132 1740 όξαν,
1148 1706 1364 1741 μεματαιώμεθα
1378 1707 1424 1733 καὶ
1437 1708 1517 1742 ἡμεῖς
1532 1709 1560 1734 ἐν
1572 1709 1630 1740 τοῖς
1644 1708 1827 1743 διαλογισμοῖς

203 1751 245 1779 sin
270 1756 359 1779 autem
382 1751 454 1779 illius
470 1751 583 1786 gloriam
605 1756 799 1786 permutamus,
825 1751 921 1778 merito
936 1759 986 1779 nos

1060 1752 1128 1787 μῶν.
1143 1752 1175 1778 Et
1191 1752 1243 1788 γὰρ
1257 1752 1325 1784 ὅλως
1339 1752 1560 1786 πεπιστεύκαμεν
1574 1754 1614 1785 εἰς
1630 1753 1723 1785 αὑτὸν,
1736 1754 1774 1785 ὡς
1787 1756 1826 1786 εἰς

202 1797 254 1832 ipsi
280 1805 388 1832 quoque
424 1797 450 1824 in
481 1797 582 1824 nostris
609 1797 821 1832 cogitationibus
843 1798 987 1825 evanuisse

1061 1797 1103 1823 εὸν
1129 1797 1341 1833 πιστεύομεν.Ἢ
1365 1797 1456 1832 δεήσει
1476 1798 1565 1833 πάντη
1591 1807 1622 1825 τε
1646 1799 1693 1826 καὶ
1718 1800 1825 1831 πάντως

202 1843 439 1877 deprehendimur.
466 1841 533 1869 Nam
559 1843 582 1869 si
604 1849 667 1869 vere
691 1843 717 1869 in
741 1842 815 1869 illum
837 1843 986 1876 credimus,

1059 1842 1187 1877 μολογεῑᾯ,
1201 1843 1242 1868 ὅτι
1256 1843 1312 1874 τοῖς
1333 1842 1383 1877 τῆς
1403 1842 1519 1878 ἀρχαίας
1539 1843 1648 1878 ἀπάτης
1661 1844 1709 1870 καὶ
1722 1843 1771 1870 νῦν
1785 1845 1826 1870 ὲν›

202 1888 297 1922 utique
315 1892 444 1922 tanquam
466 1887 590 1921 inlDeum
614 1887 640 1914 in
657 1887 731 1914 illum
752 1888 900 1916 credimus.
916 1888 987 1915 Alio-

1059 1888 1175 1923 ῖχήμεθα
1193 1887 1310 1923 βρόχοις,
1327 1887 1462 1923 ἀνθρώπῳ
1479 1888 1561 1923 κοινῷ
1577 1889 1628 1924 τὴν
1639 1888 1733 1916 πίστιν
1744 1898 1826 1925 ἰτροσ⁴
1882 1901 1883 1930 ξ

202 1933 248 1967 qui.
259 1933 331 1960 enim
346 1933 433 1960 modis
442 1933 570 1960 omnibus
582 1932 662 1960 fateri
673 1937 820 1967 oporteret,
833 1941 882 1961 nos
894 1934 987 1961 etiam-

1059 1942 1159 1968 γοντες.
1169 1934 1238 1960 Ἀλλ’
1251 1933 1321 1960 οὕτω
1335 1934 1366 1960 τὸ
1381 1934 1479 1969 ἀληθές
1492 1935 1513 1961 ί.

203 1986 267 2006 num
290 1978 374 2013 prisci
395 1978 498 2005 erroris
531 1976 635 2012 laqueis
657 1978 781 2005 irretitos
796 1978 895 2011 teneri,
912 1982 1004 2013 utpote
1024 1979 1049 2005 in
1068 1985 1239 2006 communem
1271 1978 1407 2006 hominem
1423 1979 1574 2007 credentes.
1602 1980 1639 2007 At
1658 1987 1712 2007 non
1727 1980 1765 2008 ita
1781 1988 1822 2008 res

208 2024 301 2052 habet.

240 2079 249 2095 ι
268 2069 302 2096 Ει
317 2069 388 2096 sicut
400 2076 453 2096 non
469 2074 655 2104 pronaverunt
676 2069 761 2097 Deum
777 2069 876 2098 habere
891 2070 917 2097 in
934 2077 984 2097 no-

1079 2080 1088 2096 ι
1103 2070 1157 2097 Καὶ
1181 2069 1270 2101 καθὼς
1292 2070 1342 2096 οὐκ
1366 2070 1530 2105 ἐδοκίμασαν
1554 2071 1600 2097 τὸν
1621 2071 1690 2098 Θεὸν
1709 2072 1781 2107 ἔχειν
1795 2074 1821 2098 ἐν

203 2115 273 2147 tilia,
293 2114 405 2142 tradidit
427 2122 475 2142 eos
499 2115 570 2142 Deus
591 2115 619 2143 in
643 2116 788 2150 reprobum
811 2123 931 2149 sensum,
955 2120 984 2142 ut

1059 2114 1192 2148 τιγνώσει,
1209 2114 1364 2149 παρέδωκεν
1387 2115 1402 2140 ὁ
1424 2115 1490 2146 Θεὸς
1511 2115 1609 2147 αὐτοὺς
1632 2117 1674 2148 είς
1697 2118 1822 2152 ἀδόκιμον

202 2161 302 2188 faciant
328 2167 361 2187 ea
386 2168 446 2195 quae
471 2169 523 2187 non
547 2161 752 2188 conveniunt".
768 2171 778 2187 ι
799 2161 827 2188 Si
847 2162 984 2189 Christum

1059 2159 1110 2190 νῦν,
1123 2161 1209 2186 ποιεῖν
1225 2159 1259 2186 τὰ
1282 2158 1319 2194 μὴ
1341 2159 1505 2195 καθήκοντα,
1521 2170 1530 2186 ι
1548 2160 1580 2187 Εἰ
1597 2161 1717 2196 Χριστὸν
1738 2162 1819 2195 ὲγνώ-

202 2206 376 2242 agnoscitnus
393 2211 422 2233 ut
437 2206 533 2240 Deum,
549 2208 688 2242 cognitum
706 2215 876 2242 nequaquam
892 2214 984 2242 asper-

203 2259 309 2284 nemur,
326 2251 464 2287 vulgarem
480 2252 668 2279 tantummodo
684 2253 820 2280 hominem
832 2252 907 2280 illum
923 2260 984 2280 esse

202 2297 367 2325 dictitantes.
392 2297 439 2324 Sin
465 2302 556 2325 autem
580 2297 686 2325 inscitia
703 2299 832 2326 excaecati
850 2298 920 2325 istud
943 2298 984 2325 fa-

203 2350 267 2370 cere
278 2343 356 2369 veriti
370 2350 423 2369 non
439 2342 581 2375 fuerimus,
596 2342 676 2370 simul
697 2350 758 2370 cum
773 2342 833 2370 aliis
848 2342 875 2369 in
891 2349 985 2377 repro-

203 2390 267 2415 bum
283 2396 392 2415 sensum
405 2389 559 2423 prtecipites
572 2395 682 2415 ruamus
695 2395 807 2415 necesse
822 2392 874 2415 est.

243 2444 252 2460 ‹
268 2433 422 2461 Secundum
448 2434 574 2461 duritiam
591 2439 674 2464 tuam.
694 2439 722 2461 et
737 2433 909 2468 impmnitens
926 2439 984 2464 cor,

204 2478 376 2505 thesaurizas
393 2478 440 2505 tibl
455 2478 522 2505 iram
537 2478 564 2506 in
581 2478 624 2505 die
637 2478 683 2505 ira:
695 2482 722 2505 et
738 2476 983 2509 revelationisjusti

201 2521 297 2555 judicii
317 2520 375 2553 Dei,
397 2521 442 2556 qui
464 2521 557 2548 reddet
571 2522 718 2556 unicuique
737 2521 885 2548 secundum
902 2528 984 2555 opera

202 2566 262 2599 ejus
270 2567 305 2592 ὀ.
322 2575 331 2593 ι
351 2566 434 2593 Docet
456 2567 498 2594 hic
512 2566 608 2594 beatus
621 2566 731 2598 Paulus,
746 2573 797 2594 nos
809 2573 904 2594 omnes
921 2571 985 2593 ante

204 2611 320 2639 tribunal
345 2612 446 2639 Christi
476 2613 644 2640 manifestari
663 2617 798 2648 oportere,
827 2619 882 2647 quo
903 2619 984 2639 unus-

1037 2213 1126 2240 καμεν
1144 2204 1181 2236 ὡς
1198 2204 1273 2237 Θεὸν,
1291 2205 1340 2240 τὴν
1354 2205 1397 2231 ἐπ’
1407 2205 1480 2240 αὐτῷ
1494 2205 1594 2239 γνῶσιν
1607 2207 1646 2241 μὴ
1658 2207 1821 2241 ἀποδοκιμά-

1036 2251 1137 2286 ζωμεν,
1157 2251 1298 2286 ἄνθρωπον
1313 2250 1382 2278 εἶναι
1399 2251 1521 2285 λέγοντες
1535 2253 1633 2279 κοινόν.
1652 2253 1685 2279 El
1702 2253 1732 2280 δὲ
1746 2254 1821 2280 τοῦτο

1037 2296 1102 2332 δρᾷν
1119 2297 1148 2329 ἐξ
1162 2296 1282 2332 ἀμαθίας
1295 2296 1618 2332 τολμῶμεν,βαδιούμεθα
1635 2298 1747 2330 πάντως
1756 2299 1820 2333 ὁμοῦ

1036 2343 1093 2374 τοῖς
1109 2342 1199 2374 ἄλλοις
1213 2343 1254 2374 εἰς
1269 2342 1396 2377 ἀδόκιμον
1410 2342 1482 2370 νοῦν.

1078 2439 1087 2456 ι
1101 2429 1178 2458 Κατὰ
1197 2430 1224 2456 δὲ
1247 2429 1296 2465 τὴν
1314 2429 1485 2465 σκληρότητὰ
1499 2439 1546 2457 σου
1572 2431 1618 2457 καὶ
1640 2432 1819 2466 ἀμετανόητον

1038 2476 1151 2512 καρδίαν
1164 2476 1336 2512 θησαυρίζεις
1351 2476 1455 2511 σεαυτῷ
1469 2477 1553 2512 ὀργὴν
1568 2478 1598 2503 ὲν
1614 2479 1711 2514 ἡμέρᾳ
1731 2480 1816 2514 ὀργῆς,

1039 2521 1085 2547 καὶ
1104 2520 1310 2555 ἀποκαλύψεως,
1333 2523 1379 2548 καὶ
1405 2522 1602 2557 δικαιοκρισίας
1625 2523 1675 2550 τοῦ
1699 2524 1775 2555 Θεοῦ,
1792 2525 1818 2554 ὃς

1038 2565 1172 2593 ἀποδώσει
1187 2567 1294 2601 ἑκάστῳ
1305 2567 1375 2594 κατὰ
1390 2568 1425 2594 τὰ
1437 2567 1505 2603 ἔργα
1517 2569 1611 2596 αὑτοῦ.
1626 2579 1636 2596 ι
1649 2570 1678 2596 '0
1692 2571 1817 2605 μακάριος

1040 2612 1154 2644 Παῦλος,
1170 2612 1233 2643 τοὺς
1253 2612 1355 2644 πάντας
1374 2613 1447 2648 ἡμᾶς
1460 2614 1510 2647 δεῖ,
1529 2615 1609 2651 φησὶ,
1633 2616 1815 2652 φανερωθῆναι

239 2688 261 2704 ⁸⁸
275 2688 352 2716 Rom.
369 2696 388 2718 l.
409 2688 466 2716 1-4.
504 2689 524 2705 ⁸⁷
541 2689 606 2716 ibid.
626 2689 668 2723 21,
687 2689 732 2717 22.
769 2689 792 2705 ⁸⁸
808 2688 895 2716 Gulat.
910 2696 946 2722 Iv,
964 2689 987 2716 9.

1065 2688 1132 2715 Rom
1169 2696 1176 2716 ι
1206 2688 1249 2716 28.
1289 2690 1311 2706 ’⁸
1329 2689 1434 2718 Rom.l
1459 2691 1485 2718 5.

733 2766 819 2793 Variae
835 2766 963 2793 lectiones
979 2766 1080 2794 codicis
1095 2766 1273 2801 chuieriaui.

245 2834 257 2852 ιι
275 2832 394 2866 Quatuor
406 2841 464 2869 quo:
480 2840 629 2868 sequuntur
639 2843 719 2862 voces
735 2835 833 2862 absunt
848 2842 861 2860 a
880 2834 939 2861 cod.
955 2834 987 2861 Sc

1059 2841 1078 2860 r.
1119 2838 1124 2852 ι
1142 2832 1172 2858 οὐ
1185 2831 1263 2858 τοῦτο
1277 2832 1385 2868 ἀληθές.
