1883 3056
110 170 124 198 Ι
132 171 185 198 2‘25

662 171 704 198 Dl‘l
724 170 841 198 RECTA
861 167 940 196 FIDE
958 169 1003 196 AD
1024 169 1184 197 REGINAS.

1673 170 1741 198 1226

111 229 269 265 ἔμπροσθεν
280 230 326 256 τοῦ
337 229 458 265 βήματος
468 229 513 256 τοῦ
522 229 640 265 Χριστοῦ
652 239 658 245 ι
674 240 682 256 1
694 231 736 257 ἵνα
750 230 893 264 κομίσηται

984 228 1064 260 isque
1094 228 1213 261 referat,
1241 235 1300 262 quae.
1323 227 1350 254 in
1372 234 1489 263 corpore
1509 227 1604 263 gessit,
1618 226 1670 263 57
1684 228 1742 256 sive

109 276 226 307 ἕκαστος
247 275 281 301 τὰ
302 275 347 302 διὰ
362 275 409 301 τοῦ
433 275 568 310 σώματος,
585 276 653 311 πρὸς
670 275 687 302 ἃ
702 275 830 311 ἔπραξεν,
846 274 900 301 εἴτε

110 321 225 355 ἀγαθὸν,
241 322 296 348 εἴτε
312 321 424 355 φαῦλον.
440 331 449 346 ι
464 322 536 356 Ἔφη
550 322 578 348 δέ
594 330 637 353 τις
663 322 710 348 καὶ
730 322 822 357 ἕτερος
847 321 901 348 τῶν

110 367 199 401 ἁγίων
212 367 368 394 ἀποστόλων
378 376 385 382 ·
405 376 414 393 1
430 365 477 400 Εἷς
493 368 566 395 ἐστιν
580 370 593 395 ὁ
609 368 766 404 νομοθέτης,
781 369 828 395 καὶ
841 377 901 404 κρι-

109 414 172 449 τής.
189 423 197 438 ι
215 413 317 440 Ψάλλει
339 413 366 439 δὲ
386 413 433 440 καὶ
452 413 532 445 αὐτὸς
553 415 566 440 ὁ
580 414 677 440 Δαυῖδ·
707 415 783 440 ι”Οτι
801 415 815 440 ὁ
836 414 902 446 Θεὸς

109 460 209 495 κριτής
226 460 308 486 ἐστιν.
325 460 404 486 »Ὅτε
419 460 507 487 τοίνυν
524 460 721 496 δικαιοκρισίαν
735 460 802 487 Θεοῦ
819 469 901 496 φησιν

109 504 180 532 εἶναι
195 506 243 541 τὴν
259 507 304 532 ἐπὶ
318 506 364 532 τοῦ
381 505 501 542 βήματος
521 506 567 533 τοῦ
586 507 657 533 θείου
672 507 714 541 ἐφ’
727 507 836 542 ἑκάστῳ
849 507 901 542 ψῆ-

109 560 171 586 φον,
185 552 216 586 ἢν
232 551 311 583 αὐτὸς
334 551 432 583 ἐξοίσει
449 551 567 587 Χριστὸς
583 551 826 587 (παραστησόμεθα
847 552 902 587 γὰρ

107 598 148 633 τῷ
173 598 274 633 βήματι
298 597 392 627 αὑτοῦ,
410 598 456 624 καὶ
471 599 521 632 οὐχ
544 598 582 629 ὡς
601 598 640 624 ἑνὶ
659 598 713 624 τῶν
738 598 798 624 καθ’
816 598 900 633 ἡμᾶς,

106 644 166 670 ἀλλ⁴
176 644 213 674 ὡς
227 645 308 679 κριτῇ
321 643 435 679 καὶίθεῷ
449 644 495 670 καὶ
512 643 666 680 νομοθέτῃ),
687 644 745 675 πῶς
759 644 819 680 οὐχὶ
835 644 902 676 Θεὸς

104 689 121 714 ὀ
136 687 272 723 Χριστός;
297 697 305 712 1
322 687 371 714 Διὰ
392 688 447 723 γὰρ
471 689 554 723 νόμου
581 689 728 723 ὲπίγνωσις
749 690 900 725 ἁμαρτίας.

105 734 177 760 Νυνὶ
192 734 220 760 δὲ
239 733 323 769 χωρὶς
338 734 421 768 νόμου
434 734 591 770 δικαιοσύνη
612 735 679 762 Θεοῦ
695 736 900 771 πεφανέρωται,

105 779 317 815 μαρτυρουμένη
343 778 396 806 ὑπὸ
420 779 468 805 τοῦ
491 780 573 814 νόμου
590 780 638 807 καὶ
661 780 714 807 τῶν
740 782 899 816 προφητῶν,

103 824 267 861 Δικαιοσύνη
282 825 310 851 δὲ
331 825 397 852 Θεοῦ
418 825 463 852 διὰ
484 825 601 857 πίστεως
618 826 705 861 Ἰησοῦ
721 827 840 862 Χριστοῦ
859 829 900 860 είς

105 871 212 902 πάντας
225 871 287 902 τοὺς
301 871 487 904 πιστεύοντας.
506 881 514 898 ι
535 871 600 907 Δίχα
614 872 696 908 νόμου
712 872 896 909 δικαιοσύνην,

105 917 151 951 (ἣν
176 917 223 942 καὶ
245 917 297 943 ὑπὸ
323 917 378 944 τῶν
402 917 487 951 ἁγίων
511 918 659 953 προφητῶν
671 919 897 954 μεμαρτυρῆσθαι

103 962 183 998 φησι)
192 982 200 995 ,
214 964 263 998 τὴν
275 962 319 990 διὰ
331 963 448 995 πίστεως
460 960 528 990 εἶναι
541 963 615 998 λέγει
627 964 675 999 τὴν
687 964 709 982 ί·
724 965 764 996 εἰς
778 965 896 1000 Χριστὸν

109 1007 224 1044 Ἰησοῦν.
241 1006 318 1040 Εἶτα,
331 1008 390 1040 πῶς
405 1009 435 1035 οὐ
447 1008 512 1041 Θεὸς
526 1010 540 1036 ὁ
556 1009 669 1036 δικαιῶν
682 1010 744 1042 τοὺς
757 1011 897 1037 πιστεύον-

102 1062 165 1085 τας,
182 1054 279 1089 ὅτιπερ
296 1053 338 1090 εἴη
352 1054 418 1086 Θεὸς
431 1055 556 1090 ἀληοῶς;
573 1056 624 1091 ὁρᾷ
639 1056 694 1091 γὰρ
711 1057 751 1088 εἰς
770 1056 849 1083 τοῦτο
865 1057 896 1084 τὸ

102 1099 154 1134 τῆς
179 1100 297 1131 πίστεως
319 1100 418 1136 πέρας.
440 1101 658 1137 Μαρτυρούντων
683 1102 711 1128 δὲ
735 1102 789 1129 τῶν
811 1103 896 1137 ἁγίων

102 1146 253 1181 προφητῶν
265 1147 297 1181 τῇ
309 1147 349 1178 εἰς
362 1146 480 1182 Χριστὸν
493 1147 593 1179 πίστει,
605 1149 647 1180 τίς
660 1149 674 1174 ὁ
685 1149 767 1183 φάναι
777 1148 893 1184 τολμῶν,

100 1192 153 1218 οὐκ
175 1190 245 1218 εἶναι
263 1192 328 1218 Θεὸν
345 1193 427 1220 αὐτὸν
442 1193 485 1220 διὰ
499 1194 531 1220 τὸ
549 1194 729 1230 ἀνθρώπινον,
747 1196 830 1231 ἤγουν
849 1197 893 1223 ὅτε

101 1237 200 1271 γέγονε
216 1237 284 1273 σὰρξ
298 1239 312 1264 ὁ
327 1237 416 1273 Λόγος
427 1259 434 1271 ,

141 1336 150 1352 1
167 1327 270 1359 Πάντες
282 1328 336 1363 γὰρ
351 1328 486 1364 ἥμαρτον,
497 1328 545 1355 καὶ
562 1329 739 1365 ὑστεροῦνται
754 1330 804 1366 τῆς
814 1331 893 1366 δόξης

100 1374 149 1400 τοῦ
166 1373 244 1406 Θεοῦ,
265 1374 446 1410 δικαιούμενοι
469 1374 574 1410 δωρεὰν
586 1377 619 1411 τῇ
633 1376 715 1402 αὑτοῦ
732 1377 833 1412 χάριτι,
848 1377 894 1404 διὰ

100 1420 152 1455 τῆς
178 1420 393 1456 ἀπολυτρώσεως
417 1421 466 1456 τῆς
491 1422 519 1448 ὲν
544 1422 656 1457 Χριστῷ
673 1423 771 1458 Ἰησοῦ.
789 1433 797 1449 ι
818 1423 850 1449 Εἰ
865 1423 894 1449 τὸ

101 1467 271 1502 ἁμαρτάνειν
293 1468 366 1503 ἡμᾶς
391 1467 562 1502 ὑστερεῖσθαι
586 1470 658 1494 ποιεῖ
681 1469 729 1504 τῆς
745 1469 824 1505 δόξης
846 1469 893 1495 τοῦ

102 1512 183 1545 Θεοῦ,
199 1513 240 1539 ὅτι
265 1512 302 1548 μὴ
327 1511 396 1539 οἶδεν
418 1513 571 1548 ἁμαρτίαν·
597 1514 753 1550 γέγραπται
777 1516 805 1542 δὲ
831 1516 894 1551 περὶ

955 274 1074 307 bonum,
1096 275 1154 302 sive
1177 275 1286 302 malum.
1316 274 1388 302 Dixit
1409 275 1472 302 item
1493 274 1562 301 alius
1588 281 1621 302 ett
1640 275 1741 302 sanctis

953 321 1082 355 apostolis
1099 330 1105 348 :
1124 331 1132 347 1
1150 320 1223 349 Unus
1237 325 1279 348 est
1297 321 1437 356 legislator
1451 326 1478 348 et
1491 321 1618 355 judex".
1635 330 1644 347 ι
1662 321 1742 348 Canit

953 372 981 394 et
1009 367 1066 402 ipse
1095 367 1179 394 David
1207 375 1317 403 quoque
1340 376 1347 394 :
1372 377 1381 393 1
1398 367 1530 401 Quoniam
1558 367 1629 394 Deus
1656 367 1740 402 judmt

952 418 993 440 est
1005 414 1038 440 ".
1055 423 1062 439 ι
1078 413 1146 440 Cutn
1163 414 1246 448 igitur
1263 414 1425 442 sententiam
1445 421 1526 448 quam
1548 413 1673 440 Christus
1692 421 1741 448 pro

953 459 1045 487 divino
1064 461 1193 487 tribunali
1210 461 1308 487 sedens
1323 460 1465 495 (sistemur
1481 460 1553 487 enim
1575 464 1637 486 ante
1657 459 1741 486 tribu-

952 505 996 532 nal
1009 505 1092 537 illius,
1108 513 1159 531 non
1181 509 1308 539 tanquam
1327 504 1444 532 hominis
1460 505 1546 531 nostri
1564 504 1670 537 similis,
1692 505 1740 531 sed

953 555 1081 585 tanquam
1095 550 1142 578 Dei
1163 551 1313 586 etjudicis,
1331 556 1358 578 et
1378 550 1551 586 legislatoris)
1574 551 1606 577 de
1623 550 1741 584 quolibet

953 597 1057 625 laturus
1069 603 1119 630 est,
1131 597 1233 631 justum
1245 597 1291 625 Dei
1306 597 1437 631 judicium
1455 596 1599 631 Apostolus
1613 595 1739 630 appellet,

952 643 1089 677 quomodo
1100 643 1224 670 Christus
1240 651 1293 670 non
1309 648 1350 670 est
1363 642 1452 669 Deus?
1471 652 1479 668 1
1495 642 1547 669 Per
1563 643 1648 676 legem
1667 642 1739 668 enim

953 689 1072 723 cognitio
1102 689 1216 723 peccati.
1241 688 1318 716 Nunc
1347 694 1437 716 autem
1468 688 1527 715 sine
1551 687 1660 722 justitia
1692 686 1738 713 Dei

953 734 1127 762 manifestata
1144 739 1196 768 est,
1214 735 1358 762 testiﬁcata
1378 743 1394 762 a
1413 735 1470 769 lege
1487 738 1512 761 et
1531 732 1680 768 prophetis.
1696 732 1740 760 Ju-

952 780 1026 807 stitia
1044 784 1133 807 autem
1156 779 1204 807 Dei
1226 787 1274 815 per
1296 779 1374 807 ﬁdem
1390 779 1454 806 Jesu
1474 778 1575 806 Christi
1600 779 1625 805 in
1645 785 1739 804 onmes

952 831 978 852 et
992 833 1073 859 super
1089 833 1191 856 omnes,
1207 826 1253 861 qui
1273 825 1388 852 credunt
1404 825 1430 852 in
1451 825 1555 852 eum”.
1573 834 1582 850 ι
1601 825 1665 852 Sine
1681 823 1739 858 lege

949 871 1082 906 justitiam
1104 871 1196 907 (quam
1220 879 1235 898 a
1259 872 1362 899 sanctis
1382 879 1488 906 quoque
1503 871 1643 905 prophetis
1660 871 1737 896 testi—

950 912 1068 944 monium
1083 918 1210 945 habuisse
1223 918 1344 952 asserit),
1353 925 1412 945 eam
1424 918 1474 944 hoc
1489 917 1547 944 loco
1560 916 1663 947 deﬁnit,
1676 923 1737 950 quae

947 968 990 990 est
1010 971 1057 998 per
1074 963 1153 990 ﬁdem
1181 964 1207 991 in
1224 963 1367 991 Christum
1391 963 1494 991 Jesum.
1515 963 1550 989 At
1574 963 1646 989 enim
1667 970 1736 997 qua-

948 1018 1022 1043 nam,
1042 1018 1145 1045 qutnso,
1168 1010 1274 1038 ratione
1298 1011 1321 1037 is
1339 1010 1411 1037 Deus
1427 1011 1580 1037 censendus
1605 1017 1656 1036 non
1679 1014 1733 1040 est,

947 1056 992 1090 qui
1015 1056 1158 1083 credentes
1182 1056 1255 1082 illum
1280 1063 1373 1083 verum
1397 1055 1482 1082 Deum
1502 1063 1563 1083 esse
1584 1055 1736 1090 justiﬁcat?

947 1104 1025 1137 Cum,
1047 1104 1168 1138 inquam,
1185 1103 1239 1131 huc
1261 1103 1328 1130 ﬁdes
1346 1108 1473 1138 tanquam
1492 1103 1524 1129 ad
1544 1110 1654 1137 scopum
1675 1107 1735 1129 tel-

946 1150 1003 1181 dat,
1027 1154 1054 1176 et
1078 1150 1148 1177 sacri
1172 1154 1302 1184 praeterea
1328 1150 1466 1184 prophetae
1487 1149 1549 1176 ﬁdei
1572 1157 1631 1184 quae
1650 1154 1692 1176 est
1707 1149 1734 1177 in

945 1195 1083 1225 Christum
1097 1196 1188 1223 Jesum
1210 1196 1393 1223 testimonium
1415 1196 1654 1230 perbibeant,quis
1668 1203 1733 1229 pro-

946 1247 1005 1277 pter
1018 1242 1163 1269 humanam
1179 1247 1317 1274 naturam,
1342 1242 1392 1269 hoc
1408 1245 1449 1269 est
1462 1240 1543 1268 Verbi
1568 1241 1734 1268 incarnatio-

946 1295 1019 1318 nem,
1040 1287 1114 1314 illius
1131 1286 1302 1313 divinitatem
1320 1286 1435 1313 inﬁciari
1452 1286 1569 1313 audeat?

984 1341 993 1357 1
1009 1331 1109 1359 Omnes
1124 1332 1195 1359 enim
1218 1336 1410 1366 peccaverunt,
1424 1336 1452 1358 et
1475 1336 1555 1366 egent
1569 1331 1655 1365 gloria
1675 1331 1733 1364 Dei,

943 1378 1083 1414 justiﬁcati
1102 1378 1188 1413 gratis
1205 1385 1253 1412 per
1269 1378 1384 1412 gratiam
1398 1377 1495 1412 ipsius,
1510 1385 1558 1411 per
1570 1377 1734 1413 redemptio-

945 1433 1007 1452 nem
1023 1433 1082 1460 quaz
1100 1428 1141 1452 est
1164 1423 1190 1450 in
1215 1423 1324 1451 Christo
1337 1422 1401 1450 Jesu
1411 1422 1444 1448 ’⁸.
1464 1431 1473 1448 ι
1497 1422 1525 1449 Si
1545 1422 1649 1457 peccati
1673 1422 1735 1449 labe

946 1471 1126 1499 contaminari
1152 1470 1218 1497 facit
1240 1477 1289 1497 nos
1317 1476 1396 1504 egere
1415 1469 1501 1504 gloria
1528 1468 1584 1501 Dei,
1607 1469 1734 1503 quoniam

947 1523 1087 1553 peccatum
1104 1525 1158 1552 non
1174 1516 1250 1543 novit
1263 1523 1270 1542 :
1289 1517 1321 1543 de
1335 1516 1443 1543 Christo
1455 1519 1543 1543 autent
1555 1520 1596 1542 est
1608 1515 1633 1542 in
1647 1515 1735 1542 sacris

101 1558 232 1594 Χριστοῦ,
250 1559 290 1585 ὅτι
307 1558 443 1594 ἁμαρτίαν
460 1561 509 1585 οὑκ
532 1559 660 1595 ἐποίησεν
672 1569 679 1576 ·
703 1561 893 1597 ὑστερούμεθα

984 1564 1066 1595 lteris.
1083 1563 1153 1598 quod
1168 1567 1309 1597 peccatttm
1328 1570 1382 1589 non
1398 1561 1510 1593 fecerit;
1527 1569 1575 1588 nos
1592 1565 1685 1588 autem
1702 1568 1734 1587 ea

100 1604 129 1630 δὲ
151 1605 198 1630 καὶ
214 1604 286 1630 κατὰ
306 1604 384 1631 τοῦτο
398 1605 447 1640 τῆς
463 1605 541 1641 δόξης
561 1605 644 1632 αὐτοῦ
669 1606 894 1642 πλημμελοῦντες

102 1651 183 1686 ἡμεῖς
194 1659 201 1665 ·
218 1651 284 1683 Θεὸς
299 1651 352 1687 ἄρα
374 1653 432 1678 ἐστι
453 1652 500 1678 καὶ
514 1653 584 1688 μετὰ
598 1653 699 1689 σαρκὸς
713 1655 727 1680 ὁ
741 1654 827 1689 Λόγος
840 1663 846 1670 ·
863 1656 892 1682 οὐ

101 1697 157 1732 γὰρ
169 1697 297 1732 ἐποίησεν
313 1697 459 1733 ἁμαρτίαν.

142 1798 151 1813 1
167 1788 258 1824 Νόμον
285 1785 336 1815 οὗν
351 1790 542 1825 καταργοῦμεν
565 1791 608 1817 διὰ
632 1793 681 1825 τῆς
699 1791 830 1824 πίστεως;
857 1792 894 1828 μὴ

101 1834 223 1868 γένοιτο·
239 1834 307 1861 ἀλλὰ
321 1834 402 1869 νόμον
419 1836 549 1871 ἱστῶμεν.
563 1846 572 1862 ι
583 1837 611 1863 'O
623 1837 668 1864 διὰ
678 1838 798 1870 Μωσέως
813 1839 894 1873 νόμος

98 1880 167 1906 Θεὸν
182 1880 230 1907 ἕνα
252 1883 415 1916 προσκυνεῖν
429 1882 529 1915 ἐδίδαξε
547 1884 610 1915 τοὺς
623 1883 653 1916 ἐξ
669 1884 777 1920 Ἰσραήλ
788 1892 795 1899 ⁵
810 1894 819 1910 1
837 1885 894 1911 K6~

102 1934 161 1960 ριος
176 1926 242 1961 γὰρ,
261 1927 354 1962 φησιν,
371 1927 385 1952 ὁ
401 1927 466 1959 Θεός
485 1937 542 1961 σου,
559 1929 662 1965 Κύριος
678 1928 716 1961 εἷς
732 1931 805 1956 ἐστι·
821 1941 830 1955 ι
847 1932 895 1958 καὶ

101 1972 184 2003 αὐτὸς
211 1972 239 1999 δὲ
263 1973 276 1998 ὁ
300 1973 366 2004 Θεὸς
391 1974 561 2008 προσεφώνει
579 1976 666 2010 λέγων
688 1977 796 2008 αὐτοῖς’
814 1987 823 2002 ‹
839 1977 894 2004 Οὐκ

102 2019 210 2052 ἔσονταί
238 2028 278 2046 σοι
301 2019 358 2046 θεοὶ
381 2021 468 2055 ἕτεροι
493 2021 561 2057 πλὴν
585 2022 663 2056 ἐμοῦ.
680 2021 755 2058 ιτΑρ’
770 2021 815 2050 οὖν
831 2033 895 2058 μετ-

103 2065 243 2101 έστησενή
258 2065 348 2097 πίστις
362 2066 377 2101 ὴ
393 2067 432 2098 εἰς
443 2067 558 2101 Χριστὸν
571 2069 634 2100 τοὺς
647 2068 680 2094 δι’
696 2068 780 2104 αὐτῆς
794 2069 894 2105 κεκλη-

105 2111 204 2146 μένους
218 2112 258 2143 ei;
273 2112 302 2138 τὸ
315 2112 351 2147 μὴ
363 2113 403 2138 ἑνὶ
416 2113 454 2147 τῷ
470 2113 539 2139 κατὰ
551 2114 630 2148 φύσιν
643 2114 701 2149 Θεῷ
714 2116 893 2150 προσκυνεῐν;

103 2156 138 2184 Ἀ
146 2166 178 2192 ρα
196 2158 386 2193 καταργοῦμεν
405 2159 486 2194 νόμον
509 2160 548 2195 τῷ
567 2161 608 2186 ἐνὶ
631 2161 670 2196 τῷ
695 2161 754 2188 κατ’
766 2161 894 2197 ἀλήθειαν

101 2204 165 2239 Θεῷ
175 2205 392 2240 προσκομίζοντα
404 2214 410 2234 :
425 2216 433 2232 1
443 2206 488 2241 Μὴ
499 2208 614 2240 γένοιτο,
625 2207 716 2243 φησιν,
734 2208 801 2234 ἀλλὰ
814 2209 894 2244 νόμον

105 2251 233 2286 ἱστῶμεν.
242 2262 251 2277 ›
267 2252 371 2279 Οὐκοῦν
385 2253 425 2284 ὡς·
435 2253 494 2288 Θεῷ
508 2254 657 2289 προσίεμεν
667 2253 705 2289 τῷ
719 2254 839 2290 Χριστῷ,
851 2255 894 2282 ἵνα

104 2299 143 2334 μὴ
160 2299 376 2335 κατηγορώμεθα
387 2321 394 2333 ,
412 2300 450 2332 ὡς
466 2301 651 2335 παραλύοντες
666 2301 758 2336 νόμον,
775 2303 894 2329 ἐπαινώ-

105 2345 176 2380 μεθα
203 2345 231 2372 δὲ
255 2345 365 2381 μᾶλλον,
379 2346 417 2379 ὡς
447 2347 575 2379 ἱστῶντες
598 2348 679 2383 νόμον
706 2347 749 2374 διὰ
774 2348 822 2383 τῆς
848 2349 894 2375 πί-

105 2399 202 2422 στεως.

140 2437 209 2470 Περὶ
220 2437 266 2463 τοῦ
285 2437 409 2474 Ἀϐραάμ
424 2447 508 2475 φησι·
524 2449 533 2465 1
543 2440 694 2467 Κατὲναντι
705 2437 736 2468 οῦ
751 2442 894 2469 ἐπίστευσε

102 2483 184 2514 Θεοῦ,
202 2483 249 2510 τοῦ
264 2483 458 2517 ζωοποιοῦντος
470 2485 532 2517 τοὺς
546 2487 668 2522 νεκροὺς,
681 2488 727 2514 καὶ
749 2488 895 2520 καλοῦντος

103 2530 140 2556 τὰ
161 2529 197 2565 μὴ
213 2529 276 2557 ὄντα
293 2531 330 2562 ὡς
344 2530 417 2558 ὄντα.
435 2531 515 2558 ι”υτε
537 2533 627 2559 τοίνυν
641 2534 671 2560 τὸ
690 2534 831 2566 ζωοποιεῖν
848 2535 894 2561 δύ-

105 2574 203 2601 νασθαι
227 2576 289 2606 τοὺς
314 2576 426 2611 νεκροὺς
444 2577 590 2612 ἁρμόσειεν
607 2578 639 2605 ἂν
653 2579 701 2614 οὐχ
715 2580 810 2615 ἑτέρῳ,
826 2581 896 2615 πλὴν

104 2623 147 2648 ὅτι
163 2621 237 2656 μόνῳ
250 2620 288 2657 τῷ
305 2622 376 2649 κατὰ
391 2622 471 2657 φύσιν
484 2623 559 2659 Θειξν
580 2624 707 2656 ζωοποιεῖ
730 2626 757 2652 δὲ
779 2627 896 2662 Χριστὸς

145 2712 172 2749 ’1
188 2711 245 2749 Jac.
267 2720 305 2747 tv,
322 2713 365 2740 12.
426 2714 447 2730 "
462 2713 534 2742 Psal.
549 2723 642 2749 Lxxw,
654 2716 682 2745 7.

106 2747 130 2763 ’τ
153 2747 238 2775 Exod.
256 2756 302 2782 xx,
317 2748 345 2777 4.
384 2749 407 2765 ³³
423 2750 500 2777 Rom.
517 2758 554 2783 tv,
568 2751 610 2778 l7.

739 2717 762 2732 "
779 2716 858 2744 Rom.
875 2725 916 2750 nt,
929 2717 1023 2744 20—22.
1045 2695 1048 2700 Ι

945 1611 978 1638 de
994 1617 1076 1637 causa
1091 1609 1125 1636 ab
1141 1608 1199 1643 ejus
1213 1608 1297 1643 gloria
1311 1607 1451 1639 absumus,
1466 1608 1529 1642 quia
1548 1607 1649 1641 absque
1665 1606 1734 1634 deli-

945 1660 989 1683 cto
1014 1663 1067 1682 non
1090 1655 1208 1681 vivimus
1225 1663 1232 1680 :
1247 1654 1289 1681 cui
1313 1653 1424 1680 dttbium
1450 1660 1509 1680 esse
1533 1657 1637 1687 potest,
1668 1652 1734 1688 quin

946 1703 1063 1731 Verbqu
1086 1703 1256 1729 incarnatum
1273 1699 1343 1727 Deus
1365 1699 1420 1727 sit?
1437 1706 1500 1726 nam
1521 1703 1663 1733 peccatum
1680 1706 1733 1725 non

945 1750 1019 1778 fecit.

984 1805 992 1821 1
1006 1795 1104 1831 Legem
1122 1802 1187 1829 ergo
1205 1794 1370 1821 ttestruimus
1390 1800 1438 1827 pcr
1457 1792 1556 1819 ﬁdem?
1569 1791 1662 1819 Absit!
1686 1792 1734 1818 sed

945 1842 1031 1877 legem
1063 1841 1278 1868 SlalllillluS".|
1310 1839 1363 1866 Lex
1391 1837 1507 1865 Mosaica
1539 1838 1623 1865 Deum
1651 1845 1734 1864 unum

945 1888 1112 1915 adorandum
1130 1894 1190 1914 esse
1208 1886 1310 1914 docuit.
1325 1885 1370 1912 Ait
1383 1885 1455 1912 enim
1471 1894 1477 1911 :
1494 1893 1504 1909 1
1521 1884 1651 1912 Dominus
1664 1883 1735 1910 Deus

947 1939 1007 1961 tuus
1019 1933 1111 1964 Israel,
1125 1933 1196 1960 Deus
1215 1940 1285 1959 unus
1300 1931 1390 1964 est";
1407 1940 1416 1956 ι
1433 1935 1461 1958 et
1474 1930 1531 1965 ipse
1546 1937 1653 1964 quoque
1663 1929 1735 1957 Detts

945 1980 1054 2007 eosdem
1070 1980 1120 2006 hac
1135 1979 1259 2006 oratione
1275 1977 1475 2011 compellabat:
1492 1986 1501 2002 1
1515 1975 1573 2003 Non
1591 1980 1671 2004 erunt
1686 1975 1735 2002 tibi

947 2027 982 2053 dii
1008 2025 1052 2052 alii
1079 2030 1178 2060 praeter
1197 2032 1239 2051 tne
1250 2024 1284 2050 '7.
1302 2033 1312 2050 ι
1333 2023 1458 2057 Nunquid
1484 2024 1566 2057 igitur
1589 2023 1655 2050 ﬁdes
1675 2030 1736 2058 qua:

946 2078 988 2100 est
1006 2072 1032 2099 in
1051 2072 1201 2104 Christum,
1223 2078 1269 2098 eos
1284 2071 1330 2105 qui
1355 2077 1404 2104 per
1426 2077 1484 2096 eam
1503 2069 1591 2096 vocati
1609 2073 1680 2101 sunt,
1702 2077 1735 2096 eo

946 2118 1093 2151 transtulit,
1113 2123 1142 2145 ut
1163 2125 1245 2144 ttnum
1266 2116 1413 2144 secundum
1430 2120 1554 2142 naturam
1575 2114 1659 2143 Deum
1681 2123 1735 2142 non

948 2165 1080 2193 adorent?
1098 2165 1222 2199 legemnc
1237 2171 1302 2198 ergo
1324 2162 1503 2193 destruitnus,
1524 2169 1585 2197 quae
1602 2162 1635 2189 ad
1651 2169 1734 2188 unum

947 2219 1040 2239 verum
1049 2211 1133 2238 Deum
1148 2217 1196 2237 nos
1205 2209 1290 2236 ducit?
1309 2217 1319 2233 1
1332 2208 1426 2235 Absit!
1446 2208 1532 2242 inquit
1549 2207 1592 2234 ille
1608 2217 1614 2235 :
1629 2207 1676 2235 sed
1694 2208 1735 2234 le-

949 2265 1009 2294 gem
1023 2258 1179 2285 statuimus.
1193 2266 1202 2282 ι
1221 2255 1398 2290 Adjungimus
1410 2262 1474 2289 ergo
1490 2262 1539 2281 ttos
1549 2254 1659 2282 Christo
1677 2259 1736 2281 tan-

949 2313 1031 2340 quam
1046 2312 1110 2331 vero
1125 2304 1190 2335 Deo,
1209 2310 1245 2329 ne
1259 2301 1365 2328 violata:
1387 2301 1454 2336 legis
1469 2301 1672 2334 insimulemur,
1688 2302 1737 2329 sed

949 2350 1180 2382 commendemur,
1198 2352 1228 2376 ut
1240 2349 1285 2383 qui
1303 2347 1390 2381 legem
1408 2355 1455 2382 per
1471 2347 1551 2374 ﬁdem
1572 2352 1736 2376 statuamus.

985 2443 1040 2478 58
1054 2442 1087 2469 Et
1113 2441 1147 2468 de
1172 2439 1308 2466 Abraham
1333 2438 1449 2466 scribit:
1467 2447 1477 2463 1
1492 2437 1563 2466 Ante
1590 2438 1672 2466 Deum
1694 2439 1737 2466 cui

949 2490 1073 2521 credidit,
1087 2488 1133 2523 qui
1149 2486 1269 2514 viviﬁcat
1282 2490 1414 2518 mortuos,
1429 2490 1458 2512 et
1470 2490 1549 2512 vocat
1565 2491 1597 2512 ea
1608 2493 1667 2520 quae
1682 2493 1736 2512 non

950 2541 1023 2568 sunt,
1046 2540 1175 2568 tanquam
1197 2540 1230 2559 ea
1251 2539 1311 2567 qua).
1329 2535 1393 2558 sunt
1404 2531 1437 2557 θ’.
1453 2540 1462 2557 ι
1489 2530 1556 2558 Cum
1572 2531 1655 2566 igitur
1667 2538 1738 2558 rnor-

951 2587 1012 2608 tuos
1025 2581 1087 2607 vitae
1109 2581 1254 2606 restituere
1270 2585 1350 2613 posse
1373 2577 1398 2605 in
1418 2577 1520 2604 nullum
1544 2577 1626 2604 alium
1641 2585 1740 2605 convo-

953 2627 1021 2659 niat,
1045 2625 1095 2653 nisi
1114 2625 1141 2652 in
1163 2624 1251 2652 solum
1273 2624 1426 2652 naturaletn
1442 2623 1739 2657 Deum;Christusque

1301 2717 1324 2734 "
1339 2716 1405 2745 ibid.
1420 2717 1450 2745 5i
1457 2737 1464 2746 .

1077 2717 1100 2733 9‘
1116 2717 1182 2744 ibid.
1199 2717 1244 2745 25.
1301 2717 1324 2734 "
1339 2717 1405 2745 ibid.
1420 2717 1464 2746 5|.
1516 2717 1539 2733 "
1556 2717 1633 2745 Deut.
1650 2725 1685 2750 vt,
1712 2717 1739 2744 4.

644 2827 738 2862 ,ναῑίω
752 2828 883 2858 lectiones
897 2829 997 2858 codicis
1012 2829 1191 2865 Seguieriani.

146 2894 168 2912 ι’
183 2893 226 2920 ὅσ.
243 2892 302 2928 τῆς.

275 2941 411 2971 Parnm“
436 2939 494 2972 Gn.
519 2940 662 2972 LXXVI.
