  <div class='ocr_page' id='page_1' title='image "/cluster/home/n/w/nwhite01/storage/ocr_20150623/76/njp.32101007590019/683.png"; bbox 0 0 1883 3056; ppageno 0'>
   <div class='ocr_carea' id='block_1_1' title="bbox 179 139 246 165">
    <p class='ocr_par' dir='ltr' id='par_1_1' title="bbox 179 139 246 165">
     <span class='ocr_line' id='line_1_1' title="bbox 179 139 246 165; baseline 0 0"><span class='ocrx_word' id='word_1_1' title='bbox 179 139 189 165; x_wconf 65' lang='grc' dir='ltr'><strong>ἐ</strong></span> <span class='ocrx_word' id='word_1_2' title='bbox 199 139 246 165; x_wconf 70' lang='lat'><strong>1‘27</strong></span> 
     </span>
    </p>
   </div>
   <div class='ocr_carea' id='block_1_2' title="bbox 689 137 1308 167">
    <p class='ocr_par' dir='ltr' id='par_1_2' title="bbox 689 137 1308 167">
     <span class='ocr_line' id='line_1_2' title="bbox 689 137 1308 167; baseline 0.005 -3"><span class='ocrx_word' id='word_1_3' title='bbox 689 138 717 164; x_wconf 85' lang='lat' dir='ltr'><strong>S.</strong></span> <span class='ocrx_word' id='word_1_4' title='bbox 738 137 874 164; x_wconf 73' lang='lat' dir='ltr'><strong>CYllll.l.|</strong></span> <span class='ocrx_word' id='word_1_5' title='bbox 895 137 1128 166; x_wconf 75' lang='lat' dir='ltr'><strong>ALEXANDRINI</strong></span> <span class='ocrx_word' id='word_1_6' title='bbox 1148 139 1308 167; x_wconf 70' lang='lat' dir='ltr'><strong>ARCilIl-ll’.</strong></span> 
     </span>
    </p>
   </div>
   <div class='ocr_carea' id='block_1_3' title="bbox 1742 141 1812 168">
    <p class='ocr_par' dir='ltr' id='par_1_3' title="bbox 1742 141 1812 168">
     <span class='ocr_line' id='line_1_3' title="bbox 1742 141 1812 168; baseline 0 0"><span class='ocrx_word' id='word_1_7' title='bbox 1742 141 1812 168; x_wconf 64' lang='lat'><strong><em>19.28</em></strong></span> 
     </span>
    </p>
   </div>
   <div class='ocr_carea' id='block_1_4' title="bbox 179 194 951 232">
    <p class='ocr_par' dir='ltr' id='par_1_4' title="bbox 179 194 947 230">
     <span class='ocr_line' id='line_1_4' title="bbox 179 194 947 230; baseline 0.001 -10"><span class='ocrx_word' id='word_1_8' title='bbox 179 203 293 230; x_wconf 76' lang='lat' dir='ltr'><strong>proprtm</strong></span> <span class='ocrx_word' id='word_1_9' title='bbox 307 195 396 221; x_wconf 86' lang='lat' dir='ltr'><strong>carnis</strong></span> <span class='ocrx_word' id='word_1_10' title='bbox 414 199 539 222; x_wconf 79' lang='lat' dir='ltr'><strong>contactu</strong></span> <span class='ocrx_word' id='word_1_11' title='bbox 556 203 602 222; x_wconf 85' lang='lat' dir='ltr'><strong>cos</strong></span> <span class='ocrx_word' id='word_1_12' title='bbox 617 194 734 222; x_wconf 83' lang='lat' dir='ltr'><strong>vivitieet</strong></span> <span class='ocrx_word' id='word_1_13' title='bbox 748 203 778 222; x_wconf 85' lang='lat' dir='ltr'><strong>ac</strong></span> <span class='ocrx_word' id='word_1_14' title='bbox 796 203 829 222; x_wconf 79' lang='lat' dir='ltr'><strong>cx</strong></span> <span class='ocrx_word' id='word_1_15' title='bbox 850 195 947 221; x_wconf 89' lang='lat' dir='ltr'><strong>mortui</strong></span> 
     </span>
    </p>
   </div>
   <div class='ocr_carea' id='block_1_5' title="bbox 1045 194 1811 232">
    <p class='ocr_par' dir='ltr' id='par_1_5' title="bbox 1045 196 1811 232">
     <span class='ocr_line' id='line_1_5' title="bbox 1045 196 1811 232; baseline 0.001 -10"><span class='ocrx_word' id='word_1_16' title='bbox 1045 197 1060 222; x_wconf 72' lang='grc' dir='ltr'>εὶ</span> <span class='ocrx_word' id='word_1_17' title='bbox 1086 196 1130 223; x_wconf 72' lang='grc' dir='ltr'>διὰ</span> <span class='ocrx_word' id='word_1_18' title='bbox 1151 197 1201 232; x_wconf 79' lang='grc' dir='ltr'>τῆς</span> <span class='ocrx_word' id='word_1_19' title='bbox 1227 197 1295 228; x_wconf 77' lang='grc' dir='ltr'>ἰδίας</span> <span class='ocrx_word' id='word_1_20' title='bbox 1320 197 1420 232; x_wconf 74' lang='grc' dir='ltr'>σαρκὸς</span> <span class='ocrx_word' id='word_1_21' title='bbox 1444 198 1506 229; x_wconf 80' lang='grc' dir='ltr'>τοὺς</span> <span class='ocrx_word' id='word_1_22' title='bbox 1537 197 1785 232; x_wconf 66' lang='grc' dir='ltr'>κατεφθαρμένους</span> <span class='ocrx_word' id='word_1_23' title='bbox 1801 214 1811 228; x_wconf 83' lang='grc'><strong>,</strong></span> 
     </span>
    </p>
   </div>
   <div class='ocr_carea' id='block_1_6' title="bbox 179 240 961 276">
    <p class='ocr_par' dir='ltr' id='par_1_6' title="bbox 179 240 961 276">
     <span class='ocr_line' id='line_1_6' title="bbox 179 240 961 276; baseline 0 -9"><span class='ocrx_word' id='word_1_24' title='bbox 179 242 288 271; x_wconf 67' lang='lat' dir='ltr'><strong>excitet,</strong></span> <span class='ocrx_word' id='word_1_25' title='bbox 301 241 346 274; x_wconf 87' lang='lat' dir='ltr'><strong>qtti</strong></span> <span class='ocrx_word' id='word_1_26' title='bbox 368 246 454 267; x_wconf 86' lang='lat' dir='ltr'><strong>morte</strong></span> <span class='ocrx_word' id='word_1_27' title='bbox 469 241 603 275; x_wconf 83' lang='lat' dir='ltr'><strong>absumpti</strong></span> <span class='ocrx_word' id='word_1_28' title='bbox 618 240 722 267; x_wconf 79' lang='lat' dir='ltr'><strong>fuerant</strong></span> <span class='ocrx_word' id='word_1_29' title='bbox 740 250 746 267; x_wconf 89' lang='lat'><strong>:</strong></span> <span class='ocrx_word' id='word_1_30' title='bbox 760 242 894 276; x_wconf 87' lang='lat' dir='ltr'><strong>quomodo</strong></span> <span class='ocrx_word' id='word_1_31' title='bbox 910 249 961 267; x_wconf 89' lang='lat' dir='ltr'><strong>nou</strong></span> 
     </span>
    </p>
   </div>
   <div class='ocr_carea' id='block_1_7' title="bbox 168 286 962 320">
    <p class='ocr_par' dir='ltr' id='par_1_7' title="bbox 168 286 962 320">
     <span class='ocr_line' id='line_1_7' title="bbox 168 286 962 320; baseline -0.001 -7"><span class='ocrx_word' id='word_1_32' title='bbox 168 293 220 314; x_wconf 25' lang='lat' dir='ltr'><strong>Vest</strong></span> <span class='ocrx_word' id='word_1_33' title='bbox 243 294 324 313; x_wconf 83' lang='lat' dir='ltr'><strong>verus</strong></span> <span class='ocrx_word' id='word_1_34' title='bbox 350 286 430 318; x_wconf 81' lang='lat' dir='ltr'><strong>Deus,</strong></span> <span class='ocrx_word' id='word_1_35' title='bbox 450 286 565 312; x_wconf 85' lang='lat' dir='ltr'><strong>maxime</strong></span> <span class='ocrx_word' id='word_1_36' title='bbox 591 293 655 312; x_wconf 83' lang='lat' dir='ltr'><strong>vero</strong></span> <span class='ocrx_word' id='word_1_37' title='bbox 681 293 743 312; x_wconf 86' lang='lat' dir='ltr'><strong>cum</strong></span> <span class='ocrx_word' id='word_1_38' title='bbox 770 287 836 312; x_wconf 85' lang='lat' dir='ltr'><strong>alios</strong></span> <span class='ocrx_word' id='word_1_39' title='bbox 857 293 962 320; x_wconf 80' lang='lat' dir='ltr'><strong>quoque</strong></span> 
     </span>
    </p>
   </div>
   <div class='ocr_carea' id='block_1_8' title="bbox 178 331 962 367">
    <p class='ocr_par' dir='ltr' id='par_1_8' title="bbox 178 331 962 367">
     <span class='ocr_line' id='line_1_8' title="bbox 178 331 962 367; baseline -0.003 -8"><span class='ocrx_word' id='word_1_40' title='bbox 178 334 235 367; x_wconf 85' lang='lat' dir='ltr'><strong>ipse</strong></span> <span class='ocrx_word' id='word_1_41' title='bbox 249 339 279 359; x_wconf 75' lang='lat' dir='ltr'><strong>ea</strong></span> <span class='ocrx_word' id='word_1_42' title='bbox 296 336 426 366; x_wconf 85' lang='lat' dir='ltr'><strong>potestate</strong></span> <span class='ocrx_word' id='word_1_43' title='bbox 441 331 562 362; x_wconf 85' lang='lat' dir='ltr'><strong>donarit,</strong></span> <span class='ocrx_word' id='word_1_44' title='bbox 582 336 608 358; x_wconf 93' lang='lat' dir='ltr'><strong>ut</strong></span> <span class='ocrx_word' id='word_1_45' title='bbox 628 332 654 357; x_wconf 91' lang='lat' dir='ltr'><strong>in</strong></span> <span class='ocrx_word' id='word_1_46' title='bbox 679 331 786 358; x_wconf 86' lang='lat' dir='ltr'><strong>nomine</strong></span> <span class='ocrx_word' id='word_1_47' title='bbox 804 331 890 366; x_wconf 86' lang='lat' dir='ltr'><strong>ipsius</strong></span> <span class='ocrx_word' id='word_1_48' title='bbox 909 332 962 358; x_wconf 86' lang='lat' dir='ltr'><strong>vita</strong></span> 
     </span>
    </p>
   </div>
   <div class='ocr_carea' id='block_1_9' title="bbox 182 376 723 412">
    <p class='ocr_par' dir='ltr' id='par_1_9' title="bbox 182 376 723 412">
     <span class='ocr_line' id='line_1_9' title="bbox 182 376 723 412; baseline -0.004 -7"><span class='ocrx_word' id='word_1_49' title='bbox 182 379 289 406; x_wconf 82' lang='lat' dir='ltr'><strong>functos</strong></span> <span class='ocrx_word' id='word_1_50' title='bbox 304 379 330 405; x_wconf 94' lang='lat' dir='ltr'><strong>in</strong></span> <span class='ocrx_word' id='word_1_51' title='bbox 347 378 432 405; x_wconf 86' lang='lat' dir='ltr'><strong>lucem</strong></span> <span class='ocrx_word' id='word_1_52' title='bbox 449 385 576 405; x_wconf 86' lang='lat' dir='ltr'><strong>revocare</strong></span> <span class='ocrx_word' id='word_1_53' title='bbox 593 376 723 412; x_wconf 70' lang='lat' dir='ltr'><strong>possent?</strong></span> 
     </span>
    </p>
   </div>
   <div class='ocr_carea' id='block_1_10' title="bbox 214 422 961 458">
    <p class='ocr_par' dir='ltr' id='par_1_10' title="bbox 214 422 961 458">
     <span class='ocr_line' id='line_1_10' title="bbox 214 422 961 458; baseline 0 -8"><span class='ocrx_word' id='word_1_54' title='bbox 214 434 223 450; x_wconf 86' lang='grc'><em>‹</em></span> <span class='ocrx_word' id='word_1_55' title='bbox 242 425 346 458; x_wconf 86' lang='lat' dir='ltr'><strong>Itaque,</strong></span> <span class='ocrx_word' id='word_1_56' title='bbox 362 424 459 451; x_wconf 89' lang='lat' dir='ltr'><strong>l&#39;ratres</strong></span> <span class='ocrx_word' id='word_1_57' title='bbox 475 424 537 455; x_wconf 90' lang='lat' dir='ltr'><strong>mei,</strong></span> <span class='ocrx_word' id='word_1_58' title='bbox 554 428 582 451; x_wconf 87' lang='lat' dir='ltr'><strong>et</strong></span> <span class='ocrx_word' id='word_1_59' title='bbox 594 431 642 450; x_wconf 84' lang='lat' dir='ltr'><strong>vos</strong></span> <span class='ocrx_word' id='word_1_60' title='bbox 661 423 813 451; x_wconf 75' lang='lat' dir='ltr'><strong>mortificati</strong></span> <span class='ocrx_word' id='word_1_61' title='bbox 830 423 896 450; x_wconf 85' lang='lat' dir='ltr'><strong>estis</strong></span> <span class='ocrx_word' id='word_1_62' title='bbox 909 422 961 458; x_wconf 80' lang='lat' dir='ltr'><strong>legi</strong></span> 
     </span>
    </p>
   </div>
   <div class='ocr_carea' id='block_1_11' title="bbox 163 470 961 506">
    <p class='ocr_par' dir='ltr' id='par_1_11' title="bbox 163 470 961 506">
     <span class='ocr_line' id='line_1_11' title="bbox 163 470 961 506; baseline -0.001 -9"><span class='ocrx_word' id='word_1_63' title='bbox 163 479 226 506; x_wconf 62' lang='lat' dir='ltr'><strong>,per</strong></span> <span class='ocrx_word' id='word_1_64' title='bbox 242 479 340 505; x_wconf 85' lang='lat' dir='ltr'><strong>corpus</strong></span> <span class='ocrx_word' id='word_1_65' title='bbox 356 471 468 502; x_wconf 86' lang='lat' dir='ltr'><strong>Christi,</strong></span> <span class='ocrx_word' id='word_1_66' title='bbox 487 475 515 497; x_wconf 93' lang='lat' dir='ltr'><strong>ut</strong></span> <span class='ocrx_word' id='word_1_67' title='bbox 530 471 589 497; x_wconf 88' lang='lat' dir='ltr'><strong>sitis</strong></span> <span class='ocrx_word' id='word_1_68' title='bbox 603 470 725 502; x_wconf 86' lang='lat' dir='ltr'><strong>alterius,</strong></span> <span class='ocrx_word' id='word_1_69' title='bbox 741 470 785 504; x_wconf 88' lang='lat' dir='ltr'><strong>qui</strong></span> <span class='ocrx_word' id='word_1_70' title='bbox 799 478 832 496; x_wconf 81' lang='lat' dir='ltr'><strong>ex</strong></span> <span class='ocrx_word' id='word_1_71' title='bbox 847 470 961 496; x_wconf 86' lang='lat' dir='ltr'><strong>mortuis</strong></span> 
     </span>
    </p>
   </div>
   <div class='ocr_carea' id='block_1_12' title="bbox 162 515 961 550">
    <p class='ocr_par' dir='ltr' id='par_1_12' title="bbox 162 515 961 550">
     <span class='ocr_line' id='line_1_12' title="bbox 162 515 961 550; baseline -0.004 -7"><span class='ocrx_word' id='word_1_72' title='bbox 162 517 337 550; x_wconf 65' lang='lat' dir='ltr'><strong>resurrexit,</strong></span> <span class='ocrx_word' id='word_1_73' title='bbox 360 521 386 543; x_wconf 92' lang='lat' dir='ltr'><strong>ul</strong></span> <span class='ocrx_word' id='word_1_74' title='bbox 406 516 600 544; x_wconf 78' lang='lat' dir='ltr'><strong>fructiﬁcemus</strong></span> <span class='ocrx_word' id='word_1_75' title='bbox 617 515 670 543; x_wconf 85' lang='lat' dir='ltr'><strong>Deo</strong></span> <span class='ocrx_word' id='word_1_76' title='bbox 681 516 716 542; x_wconf 75' lang='grc' dir='ltr'><strong>ν’.</strong></span> <span class='ocrx_word' id='word_1_77' title='bbox 732 525 742 540; x_wconf 78' lang='grc' dir='ltr'>ι</span> <span class='ocrx_word' id='word_1_78' title='bbox 767 515 961 542; x_wconf 75' lang='lat' dir='ltr'><strong>Mortificamur</strong></span> 
     </span>
    </p>
   </div>
   <div class='ocr_carea' id='block_1_13' title="bbox 176 561 958 597">
    <p class='ocr_par' dir='ltr' id='par_1_13' title="bbox 176 561 958 597">
     <span class='ocr_line' id='line_1_13' title="bbox 176 561 958 597; baseline -0.005 -7"><span class='ocrx_word' id='word_1_79' title='bbox 176 563 238 597; x_wconf 74' lang='lat' dir='ltr'><strong>legi,</strong></span> <span class='ocrx_word' id='word_1_80' title='bbox 253 563 362 597; x_wconf 79' lang='lat' dir='ltr'><strong>quando</strong></span> <span class='ocrx_word' id='word_1_81' title='bbox 376 563 409 590; x_wconf 92' lang='lat' dir='ltr'><strong>ab</strong></span> <span class='ocrx_word' id='word_1_82' title='bbox 429 562 500 589; x_wconf 89' lang='lat' dir='ltr'><strong>illius</strong></span> <span class='ocrx_word' id='word_1_83' title='bbox 514 562 645 589; x_wconf 87' lang='lat' dir='ltr'><strong>servitute</strong></span> <span class='ocrx_word' id='word_1_84' title='bbox 655 567 683 588; x_wconf 91' lang='lat' dir='ltr'><strong>et</strong></span> <span class='ocrx_word' id='word_1_85' title='bbox 697 561 769 588; x_wconf 79' lang='lat' dir='ltr'><strong>cultu</strong></span> <span class='ocrx_word' id='word_1_86' title='bbox 787 561 958 593; x_wconf 84' lang='lat' dir='ltr'><strong>desistimus;</strong></span> 
     </span>
    </p>
   </div>
   <div class='ocr_carea' id='block_1_14' title="bbox 165 607 960 641">
    <p class='ocr_par' dir='ltr' id='par_1_14' title="bbox 165 607 960 641">
     <span class='ocr_line' id='line_1_14' title="bbox 165 607 960 641; baseline -0.004 -5"><span class='ocrx_word' id='word_1_87' title='bbox 165 609 312 636; x_wconf 70' lang='lat' dir='ltr'><strong>evadimus</strong></span> <span class='ocrx_word' id='word_1_88' title='bbox 327 613 414 635; x_wconf 86' lang='lat' dir='ltr'><strong>autem</strong></span> <span class='ocrx_word' id='word_1_89' title='bbox 427 608 516 641; x_wconf 82' lang='lat' dir='ltr'><strong>alteri,</strong></span> <span class='ocrx_word' id='word_1_90' title='bbox 531 609 581 635; x_wconf 89' lang='lat' dir='ltr'><strong>hoc</strong></span> <span class='ocrx_word' id='word_1_91' title='bbox 596 612 639 634; x_wconf 84' lang='lat' dir='ltr'><strong>est</strong></span> <span class='ocrx_word' id='word_1_92' title='bbox 652 607 770 640; x_wconf 87' lang='lat' dir='ltr'><strong>Christo,</strong></span> <span class='ocrx_word' id='word_1_93' title='bbox 780 607 824 641; x_wconf 94' lang='lat' dir='ltr'><strong>qui</strong></span> <span class='ocrx_word' id='word_1_94' title='bbox 841 615 874 634; x_wconf 84' lang='lat' dir='ltr'><strong>ex</strong></span> <span class='ocrx_word' id='word_1_95' title='bbox 887 614 960 633; x_wconf 88' lang='lat' dir='ltr'><strong>mor-</strong></span> 
     </span>
    </p>
   </div>
   <div class='ocr_carea' id='block_1_15' title="bbox 177 651 957 685">
    <p class='ocr_par' dir='ltr' id='par_1_15' title="bbox 177 651 957 685">
     <span class='ocr_line' id='line_1_15' title="bbox 177 651 957 685; baseline -0.003 -5"><span class='ocrx_word' id='word_1_96' title='bbox 177 654 230 681; x_wconf 89' lang='lat' dir='ltr'><strong>tuis</strong></span> <span class='ocrx_word' id='word_1_97' title='bbox 242 654 403 685; x_wconf 83' lang='lat' dir='ltr'><strong>resurrexit,</strong></span> <span class='ocrx_word' id='word_1_98' title='bbox 416 653 538 685; x_wconf 80' lang='lat' dir='ltr'><strong>obnoxii,</strong></span> <span class='ocrx_word' id='word_1_99' title='bbox 558 653 620 679; x_wconf 89' lang='lat' dir='ltr'><strong>dum</strong></span> <span class='ocrx_word' id='word_1_100' title='bbox 637 657 666 679; x_wconf 90' lang='lat' dir='ltr'><strong>ut</strong></span> <span class='ocrx_word' id='word_1_101' title='bbox 683 651 878 678; x_wconf 74' lang='lat' dir='ltr'><strong>fructificemus</strong></span> <span class='ocrx_word' id='word_1_102' title='bbox 892 653 957 683; x_wconf 84' lang='lat' dir='ltr'><strong>Deo,</strong></span> 
     </span>
    </p>
   </div>
   <div class='ocr_carea' id='block_1_16' title="bbox 174 699 959 734">
    <p class='ocr_par' dir='ltr' id='par_1_16' title="bbox 174 699 959 734">
     <span class='ocr_line' id='line_1_16' title="bbox 174 699 959 734; baseline -0.003 -8"><span class='ocrx_word' id='word_1_103' title='bbox 174 699 292 727; x_wconf 81' lang='lat' dir='ltr'><strong>oraculis</strong></span> <span class='ocrx_word' id='word_1_104' title='bbox 314 699 475 734; x_wconf 80' lang='lat' dir='ltr'><strong>evangelicis</strong></span> <span class='ocrx_word' id='word_1_105' title='bbox 500 699 533 726; x_wconf 88' lang='lat' dir='ltr'><strong>ab</strong></span> <span class='ocrx_word' id='word_1_106' title='bbox 549 699 608 733; x_wconf 88' lang='lat' dir='ltr'><strong>ipso</strong></span> <span class='ocrx_word' id='word_1_107' title='bbox 631 699 711 726; x_wconf 78' lang='lat' dir='ltr'><strong>editis</strong></span> <span class='ocrx_word' id='word_1_108' title='bbox 735 705 837 725; x_wconf 86' lang='lat' dir='ltr'><strong>morem</strong></span> <span class='ocrx_word' id='word_1_109' title='bbox 866 705 959 732; x_wconf 77' lang='lat' dir='ltr'><strong>gerere</strong></span> 
     </span>
    </p>
   </div>
   <div class='ocr_carea' id='block_1_17' title="bbox 174 745 959 777">
    <p class='ocr_par' dir='ltr' id='par_1_17' title="bbox 174 745 959 777">
     <span class='ocr_line' id='line_1_17' title="bbox 174 745 959 777; baseline -0.005 -5"><span class='ocrx_word' id='word_1_110' title='bbox 174 746 253 773; x_wconf 76' lang='lat' dir='ltr'><strong>enixe</strong></span> <span class='ocrx_word' id='word_1_111' title='bbox 265 745 464 772; x_wconf 79' lang='lat' dir='ltr'><strong>contendimus.</strong></span> <span class='ocrx_word' id='word_1_112' title='bbox 487 745 520 771; x_wconf 84' lang='lat' dir='ltr'><strong>At</strong></span> <span class='ocrx_word' id='word_1_113' title='bbox 540 752 605 772; x_wconf 90' lang='lat' dir='ltr'><strong>vero</strong></span> <span class='ocrx_word' id='word_1_114' title='bbox 618 751 722 771; x_wconf 89' lang='lat' dir='ltr'><strong>summa</strong></span> <span class='ocrx_word' id='word_1_115' title='bbox 735 748 763 770; x_wconf 87' lang='lat' dir='ltr'><strong>et</strong></span> <span class='ocrx_word' id='word_1_116' title='bbox 779 747 859 777; x_wconf 85' lang='lat' dir='ltr'><strong>caput</strong></span> <span class='ocrx_word' id='word_1_117' title='bbox 876 750 959 769; x_wconf 83' lang='lat' dir='ltr'><strong>evan-</strong></span> 
     </span>
    </p>
   </div>
   <div class='ocr_carea' id='block_1_18' title="bbox 162 789 958 826">
    <p class='ocr_par' dir='ltr' id='par_1_18' title="bbox 162 789 958 826">
     <span class='ocr_line' id='line_1_18' title="bbox 162 789 958 826; baseline -0.004 -8"><span class='ocrx_word' id='word_1_118' title='bbox 162 791 319 826; x_wconf 74' lang='lat' dir='ltr'><strong>,gelicorum</strong></span> <span class='ocrx_word' id='word_1_119' title='bbox 347 796 541 825; x_wconf 61' lang='lat' dir='ltr'><strong>praeceptorum</strong></span> <span class='ocrx_word' id='word_1_120' title='bbox 566 794 609 817; x_wconf 86' lang='lat' dir='ltr'><strong>est</strong></span> <span class='ocrx_word' id='word_1_121' title='bbox 634 790 700 816; x_wconf 74' lang='lat' dir='ltr'><strong>titles</strong></span> <span class='ocrx_word' id='word_1_122' title='bbox 729 790 755 816; x_wconf 94' lang='lat' dir='ltr'><strong>in</strong></span> <span class='ocrx_word' id='word_1_123' title='bbox 785 789 883 824; x_wconf 86' lang='lat' dir='ltr'><strong>ipsum.</strong></span> <span class='ocrx_word' id='word_1_124' title='bbox 910 789 958 816; x_wconf 88' lang='lat' dir='ltr'><strong>llic</strong></span> 
     </span>
    </p>
   </div>
   <div class='ocr_carea' id='block_1_19' title="bbox 173 834 957 870">
    <p class='ocr_par' dir='ltr' id='par_1_19' title="bbox 173 834 957 870">
     <span class='ocr_line' id='line_1_19' title="bbox 173 834 957 870; baseline -0.004 -8"><span class='ocrx_word' id='word_1_125' title='bbox 173 837 244 862; x_wconf 85' lang='lat' dir='ltr'><strong>enim</strong></span> <span class='ocrx_word' id='word_1_126' title='bbox 257 841 351 863; x_wconf 86' lang='lat' dir='ltr'><strong>noster</strong></span> <span class='ocrx_word' id='word_1_127' title='bbox 359 841 400 863; x_wconf 86' lang='lat' dir='ltr'><strong>est</strong></span> <span class='ocrx_word' id='word_1_128' title='bbox 413 835 529 867; x_wconf 78' lang='lat' dir='ltr'><strong>fructus,</strong></span> <span class='ocrx_word' id='word_1_129' title='bbox 538 842 618 870; x_wconf 83' lang='lat' dir='ltr'><strong>quem</strong></span> <span class='ocrx_word' id='word_1_130' title='bbox 628 835 746 867; x_wconf 88' lang='lat' dir='ltr'><strong>Christo,</strong></span> <span class='ocrx_word' id='word_1_131' title='bbox 754 839 881 869; x_wconf 76' lang='lat' dir='ltr'><strong>tanquam</strong></span> <span class='ocrx_word' id='word_1_132' title='bbox 892 834 957 865; x_wconf 87' lang='lat' dir='ltr'><strong>Deo,</strong></span> 
     </span>
    </p>
   </div>
   <div class='ocr_carea' id='block_1_20' title="bbox 171 880 958 915">
    <p class='ocr_par' dir='ltr' id='par_1_20' title="bbox 171 880 958 915">
     <span class='ocr_line' id='line_1_20' title="bbox 171 880 958 915; baseline -0.003 -7"><span class='ocrx_word' id='word_1_133' title='bbox 171 881 311 908; x_wconf 78' lang='lat' dir='ltr'><strong>oﬂeritnus</strong></span> <span class='ocrx_word' id='word_1_134' title='bbox 327 891 332 908; x_wconf 94' lang='lat'>:</span> <span class='ocrx_word' id='word_1_135' title='bbox 349 887 413 915; x_wconf 73' lang='lat' dir='ltr'><strong>ergo</strong></span> <span class='ocrx_word' id='word_1_136' title='bbox 436 881 482 915; x_wconf 86' lang='lat' dir='ltr'><strong>qui</strong></span> <span class='ocrx_word' id='word_1_137' title='bbox 505 888 537 907; x_wconf 80' lang='lat' dir='ltr'><strong>ex</strong></span> <span class='ocrx_word' id='word_1_138' title='bbox 563 880 677 907; x_wconf 85' lang='lat' dir='ltr'><strong>mortuis</strong></span> <span class='ocrx_word' id='word_1_139' title='bbox 703 880 864 913; x_wconf 82' lang='lat' dir='ltr'><strong>resurrexit,</strong></span> <span class='ocrx_word' id='word_1_140' title='bbox 886 880 958 907; x_wconf 84' lang='lat' dir='ltr'><strong>Deus</strong></span> 
     </span>
    </p>
   </div>
   <div class='ocr_carea' id='block_1_21' title="bbox 173 924 776 960">
    <p class='ocr_par' dir='ltr' id='par_1_21' title="bbox 173 924 776 960">
     <span class='ocr_line' id='line_1_21' title="bbox 173 924 776 960; baseline -0.007 -7"><span class='ocrx_word' id='word_1_141' title='bbox 173 926 291 958; x_wconf 80' lang='lat' dir='ltr'><strong>exsistit,</strong></span> <span class='ocrx_word' id='word_1_142' title='bbox 310 926 382 960; x_wconf 88' lang='lat' dir='ltr'><strong>quod</strong></span> <span class='ocrx_word' id='word_1_143' title='bbox 400 925 515 952; x_wconf 83' lang='lat' dir='ltr'><strong>Verbum</strong></span> <span class='ocrx_word' id='word_1_144' title='bbox 531 932 596 951; x_wconf 84' lang='lat' dir='ltr'><strong>caro</strong></span> <span class='ocrx_word' id='word_1_145' title='bbox 612 924 648 950; x_wconf 89' lang='lat' dir='ltr'><strong>sit</strong></span> <span class='ocrx_word' id='word_1_146' title='bbox 665 924 776 950; x_wconf 79' lang='lat' dir='ltr'><strong>factum.</strong></span> 
     </span>
    </p>
   </div>
   <div class='ocr_carea' id='block_1_22' title="bbox 211 969 958 1004">
    <p class='ocr_par' dir='ltr' id='par_1_22' title="bbox 211 969 958 1004">
     <span class='ocr_line' id='line_1_22' title="bbox 211 969 958 1004; baseline -0.003 -7"><span class='ocrx_word' id='word_1_147' title='bbox 211 981 220 997; x_wconf 72' lang='grc' dir='ltr'>ι</span> <span class='ocrx_word' id='word_1_148' title='bbox 236 971 285 1004; x_wconf 85' lang='lat' dir='ltr'><strong>Qui</strong></span> <span class='ocrx_word' id='word_1_149' title='bbox 301 975 389 997; x_wconf 86' lang='lat' dir='ltr'><strong>autem</strong></span> <span class='ocrx_word' id='word_1_150' title='bbox 404 971 429 996; x_wconf 92' lang='lat' dir='ltr'><strong>in</strong></span> <span class='ocrx_word' id='word_1_151' title='bbox 446 978 528 996; x_wconf 87' lang='lat' dir='ltr'><strong>carne</strong></span> <span class='ocrx_word' id='word_1_152' title='bbox 544 975 617 1002; x_wconf 78' lang='lat' dir='ltr'><strong>sunt,</strong></span> <span class='ocrx_word' id='word_1_153' title='bbox 637 970 690 996; x_wconf 83' lang='lat' dir='ltr'><strong>Deo</strong></span> <span class='ocrx_word' id='word_1_154' title='bbox 701 969 809 1004; x_wconf 83' lang='lat' dir='ltr'><strong>placere</strong></span> <span class='ocrx_word' id='word_1_155' title='bbox 825 976 878 996; x_wconf 87' lang='lat' dir='ltr'><strong>non</strong></span> <span class='ocrx_word' id='word_1_156' title='bbox 895 976 958 1003; x_wconf 85' lang='lat' dir='ltr'><strong>pos-</strong></span> 
     </span>
    </p>
   </div>
   <div class='ocr_carea' id='block_1_23' title="bbox 173 1015 956 1049">
    <p class='ocr_par' dir='ltr' id='par_1_23' title="bbox 173 1015 956 1049">
     <span class='ocr_line' id='line_1_23' title="bbox 173 1015 956 1049; baseline -0.005 -5"><span class='ocrx_word' id='word_1_157' title='bbox 173 1022 245 1044; x_wconf 84' lang='lat' dir='ltr'><strong>sunt.</strong></span> <span class='ocrx_word' id='word_1_158' title='bbox 258 1017 312 1044; x_wconf 84' lang='lat' dir='ltr'><strong>Vos</strong></span> <span class='ocrx_word' id='word_1_159' title='bbox 324 1022 413 1043; x_wconf 87' lang='lat' dir='ltr'><strong>autem</strong></span> <span class='ocrx_word' id='word_1_160' title='bbox 428 1016 454 1042; x_wconf 92' lang='lat' dir='ltr'><strong>iu</strong></span> <span class='ocrx_word' id='word_1_161' title='bbox 474 1023 556 1042; x_wconf 74' lang='lat' dir='ltr'><strong>carne.</strong></span> <span class='ocrx_word' id='word_1_162' title='bbox 579 1023 630 1041; x_wconf 92' lang='lat' dir='ltr'><strong>non</strong></span> <span class='ocrx_word' id='word_1_163' title='bbox 645 1017 721 1048; x_wconf 86' lang='lat' dir='ltr'><strong>estis,</strong></span> <span class='ocrx_word' id='word_1_164' title='bbox 739 1015 785 1042; x_wconf 85' lang='lat' dir='ltr'><strong>sed</strong></span> <span class='ocrx_word' id='word_1_165' title='bbox 804 1016 830 1041; x_wconf 92' lang='lat' dir='ltr'><strong>in</strong></span> <span class='ocrx_word' id='word_1_166' title='bbox 845 1015 956 1049; x_wconf 89' lang='lat' dir='ltr'><strong>spiritu;</strong></span> 
     </span>
    </p>
   </div>
   <div class='ocr_carea' id='block_1_24' title="bbox 173 1059 957 1096">
    <p class='ocr_par' dir='ltr' id='par_1_24' title="bbox 173 1059 957 1096">
     <span class='ocr_line' id='line_1_24' title="bbox 173 1059 957 1096; baseline -0.004 -7"><span class='ocrx_word' id='word_1_167' title='bbox 173 1063 195 1090; x_wconf 81' lang='lat' dir='ltr'><strong>si</strong></span> <span class='ocrx_word' id='word_1_168' title='bbox 211 1068 298 1090; x_wconf 86' lang='lat' dir='ltr'><strong>tamen</strong></span> <span class='ocrx_word' id='word_1_169' title='bbox 315 1061 431 1096; x_wconf 83' lang='lat' dir='ltr'><strong>Spiritus</strong></span> <span class='ocrx_word' id='word_1_170' title='bbox 452 1061 497 1088; x_wconf 91' lang='lat' dir='ltr'><strong>Dei</strong></span> <span class='ocrx_word' id='word_1_171' title='bbox 513 1061 616 1088; x_wconf 78' lang='lat' dir='ltr'><strong>habitat</strong></span> <span class='ocrx_word' id='word_1_172' title='bbox 636 1061 661 1087; x_wconf 93' lang='lat' dir='ltr'><strong>iu</strong></span> <span class='ocrx_word' id='word_1_173' title='bbox 682 1061 767 1087; x_wconf 82' lang='lat' dir='ltr'><strong>vobis.</strong></span> <span class='ocrx_word' id='word_1_174' title='bbox 787 1059 814 1087; x_wconf 89' lang='lat' dir='ltr'><strong>Si</strong></span> <span class='ocrx_word' id='word_1_175' title='bbox 832 1061 892 1094; x_wconf 82' lang='lat' dir='ltr'><strong>quis</strong></span> <span class='ocrx_word' id='word_1_176' title='bbox 909 1068 957 1086; x_wconf 83' lang='lat' dir='ltr'><strong>au-</strong></span> 
     </span>
    </p>
   </div>
   <div class='ocr_carea' id='block_1_25' title="bbox 175 1106 956 1141">
    <p class='ocr_par' dir='ltr' id='par_1_25' title="bbox 175 1106 956 1141">
     <span class='ocr_line' id='line_1_25' title="bbox 175 1106 956 1141; baseline -0.004 -6"><span class='ocrx_word' id='word_1_177' title='bbox 175 1113 226 1135; x_wconf 88' lang='lat' dir='ltr'><strong>tem</strong></span> <span class='ocrx_word' id='word_1_178' title='bbox 243 1108 344 1135; x_wconf 85' lang='lat' dir='ltr'><strong>Christi</strong></span> <span class='ocrx_word' id='word_1_179' title='bbox 362 1107 486 1141; x_wconf 87' lang='lat' dir='ltr'><strong>spiritum</strong></span> <span class='ocrx_word' id='word_1_180' title='bbox 511 1114 563 1133; x_wconf 93' lang='lat' dir='ltr'><strong>non</strong></span> <span class='ocrx_word' id='word_1_181' title='bbox 587 1107 678 1138; x_wconf 87' lang='lat' dir='ltr'><strong>habet,</strong></span> <span class='ocrx_word' id='word_1_182' title='bbox 694 1106 738 1133; x_wconf 88' lang='lat' dir='ltr'><strong>hic</strong></span> <span class='ocrx_word' id='word_1_183' title='bbox 758 1114 811 1133; x_wconf 88' lang='lat' dir='ltr'><strong>non</strong></span> <span class='ocrx_word' id='word_1_184' title='bbox 826 1111 869 1133; x_wconf 89' lang='lat' dir='ltr'><strong>est</strong></span> <span class='ocrx_word' id='word_1_185' title='bbox 890 1106 956 1139; x_wconf 89' lang='lat' dir='ltr'><strong>ejus.</strong></span> 
     </span>
    </p>
   </div>
   <div class='ocr_carea' id='block_1_26' title="bbox 166 1151 958 1186">
    <p class='ocr_par' dir='ltr' id='par_1_26' title="bbox 166 1151 958 1186">
     <span class='ocr_line' id='line_1_26' title="bbox 166 1151 958 1186; baseline -0.004 -6"><span class='ocrx_word' id='word_1_186' title='bbox 166 1153 202 1180; x_wconf 78' lang='lat' dir='ltr'><strong>“Si</strong></span> <span class='ocrx_word' id='word_1_187' title='bbox 231 1158 320 1180; x_wconf 85' lang='lat' dir='ltr'><strong>autem</strong></span> <span class='ocrx_word' id='word_1_188' title='bbox 345 1153 469 1179; x_wconf 78' lang='lat' dir='ltr'><strong>Christus</strong></span> <span class='ocrx_word' id='word_1_189' title='bbox 490 1152 515 1178; x_wconf 91' lang='lat' dir='ltr'><strong>in</strong></span> <span class='ocrx_word' id='word_1_190' title='bbox 545 1152 620 1179; x_wconf 88' lang='lat' dir='ltr'><strong>vobis</strong></span> <span class='ocrx_word' id='word_1_191' title='bbox 648 1156 699 1184; x_wconf 85' lang='lat' dir='ltr'><strong>est,</strong></span> <span class='ocrx_word' id='word_1_192' title='bbox 724 1159 823 1186; x_wconf 90' lang='lat' dir='ltr'><strong>corpus</strong></span> <span class='ocrx_word' id='word_1_193' title='bbox 849 1151 958 1182; x_wconf 88' lang='lat' dir='ltr'><strong>quidem</strong></span> 
     </span>
    </p>
   </div>
   <div class='ocr_carea' id='block_1_27' title="bbox 173 1197 957 1233">
    <p class='ocr_par' dir='ltr' id='par_1_27' title="bbox 173 1197 957 1233">
     <span class='ocr_line' id='line_1_27' title="bbox 173 1197 957 1233; baseline -0.004 -7"><span class='ocrx_word' id='word_1_194' title='bbox 173 1205 309 1226; x_wconf 89' lang='lat' dir='ltr'><strong>mortuum</strong></span> <span class='ocrx_word' id='word_1_195' title='bbox 333 1203 375 1225; x_wconf 85' lang='lat' dir='ltr'><strong>est</strong></span> <span class='ocrx_word' id='word_1_196' title='bbox 390 1203 500 1233; x_wconf 83' lang='lat' dir='ltr'><strong>propter</strong></span> <span class='ocrx_word' id='word_1_197' title='bbox 515 1203 667 1232; x_wconf 85' lang='lat' dir='ltr'><strong>peccatmn,</strong></span> <span class='ocrx_word' id='word_1_198' title='bbox 688 1197 801 1231; x_wconf 86' lang='lat' dir='ltr'><strong>spiritus</strong></span> <span class='ocrx_word' id='word_1_199' title='bbox 821 1204 886 1223; x_wconf 86' lang='lat' dir='ltr'><strong>vero</strong></span> <span class='ocrx_word' id='word_1_200' title='bbox 903 1197 957 1224; x_wconf 91' lang='lat' dir='ltr'><strong>vita</strong></span> 
     </span>
    </p>
   </div>
   <div class='ocr_carea' id='block_1_28' title="bbox 172 1239 957 1278">
    <p class='ocr_par' dir='ltr' id='par_1_28' title="bbox 172 1239 957 1278">
     <span class='ocr_line' id='line_1_28' title="bbox 172 1239 957 1278; baseline -0.008 -7"><span class='ocrx_word' id='word_1_201' title='bbox 172 1242 524 1278; x_wconf 84' lang='lat' dir='ltr'><strong>propterjustilicationem.</strong></span> <span class='ocrx_word' id='word_1_202' title='bbox 540 1241 617 1274; x_wconf 85' lang='lat' dir='ltr'><strong>Quod</strong></span> <span class='ocrx_word' id='word_1_203' title='bbox 643 1241 664 1268; x_wconf 89' lang='lat' dir='ltr'><strong>si</strong></span> <span class='ocrx_word' id='word_1_204' title='bbox 683 1239 801 1274; x_wconf 83' lang='lat' dir='ltr'><strong>Spiritus</strong></span> <span class='ocrx_word' id='word_1_205' title='bbox 822 1239 891 1273; x_wconf 85' lang='lat' dir='ltr'><strong>ejus,</strong></span> <span class='ocrx_word' id='word_1_206' title='bbox 912 1239 957 1273; x_wconf 89' lang='lat' dir='ltr'><strong>qui</strong></span> 
     </span>
    </p>
   </div>
   <div class='ocr_carea' id='block_1_29' title="bbox 171 1286 956 1320">
    <p class='ocr_par' dir='ltr' id='par_1_29' title="bbox 171 1286 956 1320">
     <span class='ocr_line' id='line_1_29' title="bbox 171 1286 956 1320; baseline -0.006 -3"><span class='ocrx_word' id='word_1_207' title='bbox 171 1286 310 1318; x_wconf 73' lang='lat' dir='ltr'><strong>suscitavit.</strong></span> <span class='ocrx_word' id='word_1_208' title='bbox 326 1289 417 1316; x_wconf 83' lang='lat' dir='ltr'><strong>Jesunt</strong></span> <span class='ocrx_word' id='word_1_209' title='bbox 434 1288 570 1315; x_wconf 87' lang='lat' dir='ltr'><strong>Christum</strong></span> <span class='ocrx_word' id='word_1_210' title='bbox 594 1295 627 1315; x_wconf 76' lang='lat' dir='ltr'><strong>ex</strong></span> <span class='ocrx_word' id='word_1_211' title='bbox 654 1287 779 1320; x_wconf 89' lang='lat' dir='ltr'><strong>mortuis,</strong></span> <span class='ocrx_word' id='word_1_212' title='bbox 806 1287 909 1314; x_wconf 81' lang='lat' dir='ltr'><strong>habitat</strong></span> <span class='ocrx_word' id='word_1_213' title='bbox 930 1287 956 1313; x_wconf 93' lang='lat' dir='ltr'><strong>iu</strong></span> 
     </span>
    </p>
   </div>
   <div class='ocr_carea' id='block_1_30' title="bbox 166 1333 954 1370">
    <p class='ocr_par' dir='ltr' id='par_1_30' title="bbox 166 1333 954 1370">
     <span class='ocr_line' id='line_1_30' title="bbox 166 1333 954 1370; baseline -0.005 -7"><span class='ocrx_word' id='word_1_214' title='bbox 166 1335 329 1370; x_wconf 67' lang='lat' dir='ltr'><strong>vobiszqui</strong></span> <span class='ocrx_word' id='word_1_215' title='bbox 353 1333 599 1361; x_wconf 83' lang='lat' dir='ltr'><strong>suscitavit&#39;Jesum</strong></span> <span class='ocrx_word' id='word_1_216' title='bbox 626 1333 763 1360; x_wconf 88' lang='lat' dir='ltr'><strong>Christum</strong></span> <span class='ocrx_word' id='word_1_217' title='bbox 787 1340 802 1359; x_wconf 86' lang='lat' dir='ltr'><strong>a</strong></span> <span class='ocrx_word' id='word_1_218' title='bbox 830 1333 954 1366; x_wconf 85' lang='lat' dir='ltr'><strong>mortuis,</strong></span> 
     </span>
    </p>
   </div>
   <div class='ocr_carea' id='block_1_31' title="bbox 172 1378 953 1414">
    <p class='ocr_par' dir='ltr' id='par_1_31' title="bbox 172 1378 953 1414">
     <span class='ocr_line' id='line_1_31' title="bbox 172 1378 953 1414; baseline -0.005 -6"><span class='ocrx_word' id='word_1_219' title='bbox 172 1381 318 1409; x_wconf 86' lang='lat' dir='ltr'><strong>vivilicabit</strong></span> <span class='ocrx_word' id='word_1_220' title='bbox 331 1386 358 1407; x_wconf 88' lang='lat' dir='ltr'><strong>et</strong></span> <span class='ocrx_word' id='word_1_221' title='bbox 371 1380 494 1407; x_wconf 81' lang='lat' dir='ltr'><strong>mortalia</strong></span> <span class='ocrx_word' id='word_1_222' title='bbox 510 1386 623 1414; x_wconf 90' lang='lat' dir='ltr'><strong>corpora</strong></span> <span class='ocrx_word' id='word_1_223' title='bbox 640 1383 741 1410; x_wconf 84' lang='lat' dir='ltr'><strong>vestra,</strong></span> <span class='ocrx_word' id='word_1_224' title='bbox 756 1383 864 1413; x_wconf 83' lang='lat' dir='ltr'><strong>propter</strong></span> <span class='ocrx_word' id='word_1_225' title='bbox 877 1378 953 1404; x_wconf 88' lang='lat' dir='ltr'><strong>inha-</strong></span> 
     </span>
    </p>
   </div>
   <div class='ocr_carea' id='block_1_32' title="bbox 173 1422 953 1458">
    <p class='ocr_par' dir='ltr' id='par_1_32' title="bbox 173 1422 953 1458">
     <span class='ocr_line' id='line_1_32' title="bbox 173 1422 953 1458; baseline -0.005 -5"><span class='ocrx_word' id='word_1_226' title='bbox 173 1427 299 1454; x_wconf 90' lang='lat' dir='ltr'><strong>bitantem</strong></span> <span class='ocrx_word' id='word_1_227' title='bbox 317 1425 448 1458; x_wconf 85' lang='lat' dir='ltr'><strong>Spiritum</strong></span> <span class='ocrx_word' id='word_1_228' title='bbox 465 1425 522 1457; x_wconf 89' lang='lat' dir='ltr'><strong>ejus</strong></span> <span class='ocrx_word' id='word_1_229' title='bbox 535 1423 561 1450; x_wconf 88' lang='lat' dir='ltr'><strong>in</strong></span> <span class='ocrx_word' id='word_1_230' title='bbox 581 1424 688 1450; x_wconf 76' lang='lat' dir='ltr'><strong>vobis‘.</strong></span> <span class='ocrx_word' id='word_1_231' title='bbox 705 1433 714 1449; x_wconf 72' lang='grc' dir='ltr'>ι</span> <span class='ocrx_word' id='word_1_232' title='bbox 733 1422 772 1449; x_wconf 83' lang='lat' dir='ltr'><strong>En</strong></span> <span class='ocrx_word' id='word_1_233' title='bbox 791 1422 836 1449; x_wconf 89' lang='lat' dir='ltr'><strong>hic</strong></span> <span class='ocrx_word' id='word_1_234' title='bbox 853 1422 953 1449; x_wconf 83' lang='lat' dir='ltr'><strong>Christi</strong></span> 
     </span>
    </p>
   </div>
   <div class='ocr_carea' id='block_1_33' title="bbox 168 1468 954 1506">
    <p class='ocr_par' dir='ltr' id='par_1_33' title="bbox 168 1468 954 1506">
     <span class='ocr_line' id='line_1_33' title="bbox 168 1468 954 1506; baseline -0.006 -7"><span class='ocrx_word' id='word_1_235' title='bbox 168 1471 300 1506; x_wconf 81' lang='lat' dir='ltr'><strong>Spiritus,</strong></span> <span class='ocrx_word' id='word_1_236' title='bbox 321 1470 368 1497; x_wconf 89' lang='lat' dir='ltr'><strong>Dei</strong></span> <span class='ocrx_word' id='word_1_237' title='bbox 385 1470 503 1503; x_wconf 82' lang='lat' dir='ltr'><strong>Spiritus</strong></span> <span class='ocrx_word' id='word_1_238' title='bbox 518 1476 580 1496; x_wconf 81' lang='lat' dir='ltr'><strong>esse</strong></span> <span class='ocrx_word' id='word_1_239' title='bbox 603 1469 703 1495; x_wconf 82' lang='lat' dir='ltr'><strong>diserte</strong></span> <span class='ocrx_word' id='word_1_240' title='bbox 718 1469 860 1495; x_wconf 87' lang='lat' dir='ltr'><strong>asseritur.</strong></span> <span class='ocrx_word' id='word_1_241' title='bbox 883 1469 915 1494; x_wconf 82' lang='lat' dir='ltr'><strong>At</strong></span> <span class='ocrx_word' id='word_1_242' title='bbox 932 1468 954 1495; x_wconf 92' lang='lat' dir='ltr'><strong>si</strong></span> 
     </span>
    </p>
   </div>
   <div class='ocr_carea' id='block_1_34' title="bbox 171 1513 952 1550">
    <p class='ocr_par' dir='ltr' id='par_1_34' title="bbox 171 1513 952 1550">
     <span class='ocr_line' id='line_1_34' title="bbox 171 1513 952 1550; baseline -0.006 -6"><span class='ocrx_word' id='word_1_243' title='bbox 171 1517 297 1544; x_wconf 82' lang='lat' dir='ltr'><strong>Chrisms</strong></span> <span class='ocrx_word' id='word_1_244' title='bbox 310 1523 357 1550; x_wconf 89' lang='lat' dir='ltr'><strong>per</strong></span> <span class='ocrx_word' id='word_1_245' title='bbox 367 1522 396 1542; x_wconf 86' lang='lat' dir='ltr'><strong>se</strong></span> <span class='ocrx_word' id='word_1_246' title='bbox 411 1520 437 1542; x_wconf 91' lang='lat' dir='ltr'><strong>et</strong></span> <span class='ocrx_word' id='word_1_247' title='bbox 451 1514 598 1541; x_wconf 87' lang='lat' dir='ltr'><strong>secundum</strong></span> <span class='ocrx_word' id='word_1_248' title='bbox 614 1521 643 1540; x_wconf 87' lang='lat' dir='ltr'><strong>sc</strong></span> <span class='ocrx_word' id='word_1_249' title='bbox 656 1513 728 1540; x_wconf 91' lang='lat' dir='ltr'><strong>aliud</strong></span> <span class='ocrx_word' id='word_1_250' title='bbox 743 1513 809 1540; x_wconf 88' lang='lat' dir='ltr'><strong>nihil</strong></span> <span class='ocrx_word' id='word_1_251' title='bbox 821 1518 861 1540; x_wconf 82' lang='lat' dir='ltr'><strong>est</strong></span> <span class='ocrx_word' id='word_1_252' title='bbox 874 1520 952 1546; x_wconf 89' lang='lat' dir='ltr'><strong>quam</strong></span> 
     </span>
    </p>
   </div>
   <div class='ocr_carea' id='block_1_35' title="bbox 171 1558 952 1593">
    <p class='ocr_par' dir='ltr' id='par_1_35' title="bbox 171 1558 952 1593">
     <span class='ocr_line' id='line_1_35' title="bbox 171 1558 952 1593; baseline -0.005 -4"><span class='ocrx_word' id='word_1_253' title='bbox 171 1562 262 1593; x_wconf 92' lang='lat' dir='ltr'><strong>homo,</strong></span> <span class='ocrx_word' id='word_1_254' title='bbox 277 1561 394 1588; x_wconf 81' lang='lat' dir='ltr'><strong>Verbum</strong></span> <span class='ocrx_word' id='word_1_255' title='bbox 415 1559 461 1586; x_wconf 85' lang='lat' dir='ltr'><strong>Dei</strong></span> <span class='ocrx_word' id='word_1_256' title='bbox 482 1559 614 1593; x_wconf 82' lang='lat' dir='ltr'><strong>hospitem</strong></span> <span class='ocrx_word' id='word_1_257' title='bbox 634 1558 720 1585; x_wconf 89' lang='lat' dir='ltr'><strong>solum</strong></span> <span class='ocrx_word' id='word_1_258' title='bbox 743 1558 768 1585; x_wconf 92' lang='lat' dir='ltr'><strong>in</strong></span> <span class='ocrx_word' id='word_1_259' title='bbox 794 1566 823 1585; x_wconf 79' lang='lat' dir='ltr'><strong>se</strong></span> <span class='ocrx_word' id='word_1_260' title='bbox 841 1558 952 1590; x_wconf 87' lang='lat' dir='ltr'><strong>habens,</strong></span> 
     </span>
    </p>
   </div>
   <div class='ocr_carea' id='block_1_36' title="bbox 171 1603 957 1643">
    <p class='ocr_par' dir='ltr' id='par_1_36' title="bbox 171 1603 957 1643">
     <span class='ocr_line' id='line_1_36' title="bbox 171 1603 957 1643; baseline -0.004 -11"><span class='ocrx_word' id='word_1_261' title='bbox 171 1607 307 1641; x_wconf 89' lang='lat' dir='ltr'><strong>quomodo</strong></span> <span class='ocrx_word' id='word_1_262' title='bbox 320 1605 428 1643; x_wconf 85' lang='lat' dir='ltr'><strong>divinus</strong></span> <span class='ocrx_word' id='word_1_263' title='bbox 444 1604 489 1631; x_wconf 90' lang='lat' dir='ltr'><strong>ille</strong></span> <span class='ocrx_word' id='word_1_264' title='bbox 507 1604 626 1638; x_wconf 88' lang='lat' dir='ltr'><strong>Spiritus</strong></span> <span class='ocrx_word' id='word_1_265' title='bbox 641 1610 700 1630; x_wconf 87' lang='lat' dir='ltr'><strong>esse</strong></span> <span class='ocrx_word' id='word_1_266' title='bbox 716 1603 774 1637; x_wconf 78' lang='lat' dir='ltr'><strong>ejus</strong></span> <span class='ocrx_word' id='word_1_267' title='bbox 784 1603 899 1630; x_wconf 82' lang='lat' dir='ltr'><strong>dicitur?</strong></span> <span class='ocrx_word' id='word_1_268' title='bbox 915 1609 957 1630; x_wconf 85' lang='lat' dir='ltr'><strong>est</strong></span> 
     </span>
    </p>
   </div>
   <div class='ocr_carea' id='block_1_37' title="bbox 172 1649 954 1686">
    <p class='ocr_par' dir='ltr' id='par_1_37' title="bbox 172 1649 954 1686">
     <span class='ocr_line' id='line_1_37' title="bbox 172 1649 954 1686; baseline -0.005 -7"><span class='ocrx_word' id='word_1_269' title='bbox 172 1658 262 1679; x_wconf 88' lang='lat' dir='ltr'><strong>autem</strong></span> <span class='ocrx_word' id='word_1_270' title='bbox 287 1652 331 1679; x_wconf 88' lang='lat' dir='ltr'><strong>hic</strong></span> <span class='ocrx_word' id='word_1_271' title='bbox 350 1651 468 1686; x_wconf 85' lang='lat' dir='ltr'><strong>Spiritus</strong></span> <span class='ocrx_word' id='word_1_272' title='bbox 486 1650 556 1677; x_wconf 88' lang='lat' dir='ltr'><strong>illius</strong></span> <span class='ocrx_word' id='word_1_273' title='bbox 572 1650 708 1684; x_wconf 87' lang='lat' dir='ltr'><strong>proprius.</strong></span> <span class='ocrx_word' id='word_1_274' title='bbox 730 1649 800 1676; x_wconf 88' lang='lat' dir='ltr'><strong>Deus</strong></span> <span class='ocrx_word' id='word_1_275' title='bbox 821 1654 863 1676; x_wconf 87' lang='lat' dir='ltr'><strong>cst.</strong></span> <span class='ocrx_word' id='word_1_276' title='bbox 879 1656 954 1683; x_wconf 78' lang='lat' dir='ltr'><strong>ergo,</strong></span> 
     </span>
    </p>
   </div>
   <div class='ocr_carea' id='block_1_38' title="bbox 172 1693 957 1725">
    <p class='ocr_par' dir='ltr' id='par_1_38' title="bbox 172 1693 957 1725">
     <span class='ocr_line' id='line_1_38' title="bbox 172 1693 957 1725; baseline -0.005 -1"><span class='ocrx_word' id='word_1_277' title='bbox 172 1705 221 1725; x_wconf 91' lang='lat' dir='ltr'><strong>nec</strong></span> <span class='ocrx_word' id='word_1_278' title='bbox 243 1697 322 1724; x_wconf 84' lang='lat' dir='ltr'><strong>aliter</strong></span> <span class='ocrx_word' id='word_1_279' title='bbox 343 1704 386 1723; x_wconf 87' lang='lat' dir='ltr'><strong>res</strong></span> <span class='ocrx_word' id='word_1_280' title='bbox 402 1696 494 1723; x_wconf 75' lang='lat' dir='ltr'><strong>habet.</strong></span> <span class='ocrx_word' id='word_1_281' title='bbox 510 1694 564 1722; x_wconf 80' lang='lat' dir='ltr'><strong>Nec</strong></span> <span class='ocrx_word' id='word_1_282' title='bbox 578 1695 649 1722; x_wconf 89' lang='lat' dir='ltr'><strong>enim</strong></span> <span class='ocrx_word' id='word_1_283' title='bbox 668 1693 785 1722; x_wconf 84' lang='lat' dir='ltr'><strong>Verbum</strong></span> <span class='ocrx_word' id='word_1_284' title='bbox 807 1694 853 1721; x_wconf 88' lang='lat' dir='ltr'><strong>Dei</strong></span> <span class='ocrx_word' id='word_1_285' title='bbox 869 1695 894 1721; x_wconf 90' lang='lat' dir='ltr'><strong>in</strong></span> <span class='ocrx_word' id='word_1_286' title='bbox 911 1694 957 1721; x_wconf 86' lang='lat' dir='ltr'><strong>ho-</strong></span> 
     </span>
    </p>
   </div>
   <div class='ocr_carea' id='block_1_39' title="bbox 172 1742 954 1777">
    <p class='ocr_par' dir='ltr' id='par_1_39' title="bbox 172 1742 954 1777">
     <span class='ocr_line' id='line_1_39' title="bbox 172 1742 954 1777; baseline -0.004 -6"><span class='ocrx_word' id='word_1_287' title='bbox 172 1745 244 1771; x_wconf 88' lang='lat' dir='ltr'><strong>mine</strong></span> <span class='ocrx_word' id='word_1_288' title='bbox 268 1743 444 1776; x_wconf 85' lang='lat' dir='ltr'><strong>inhabitavil,</strong></span> <span class='ocrx_word' id='word_1_289' title='bbox 471 1742 517 1769; x_wconf 73' lang='lat' dir='ltr'><strong>sed</strong></span> <span class='ocrx_word' id='word_1_290' title='bbox 545 1743 685 1770; x_wconf 83' lang='lat' dir='ltr'><strong>divinitate</strong></span> <span class='ocrx_word' id='word_1_291' title='bbox 707 1742 812 1777; x_wconf 81' lang='lat' dir='ltr'><strong>integre</strong></span> <span class='ocrx_word' id='word_1_292' title='bbox 836 1747 954 1775; x_wconf 88' lang='lat' dir='ltr'><strong>retenta,</strong></span> 
     </span>
    </p>
   </div>
   <div class='ocr_carea' id='block_1_40' title="bbox 165 1787 957 1820">
    <p class='ocr_par' dir='ltr' id='par_1_40' title="bbox 165 1787 957 1820">
     <span class='ocr_line' id='line_1_40' title="bbox 165 1787 957 1820; baseline -0.001 -5"><span class='ocrx_word' id='word_1_293' title='bbox 165 1789 253 1815; x_wconf 88' lang='lat' dir='ltr'><strong>&#39;homo</strong></span> <span class='ocrx_word' id='word_1_294' title='bbox 272 1795 334 1815; x_wconf 82' lang='lat' dir='ltr'><strong>vere</strong></span> <span class='ocrx_word' id='word_1_295' title='bbox 359 1787 459 1814; x_wconf 79' lang='lat' dir='ltr'><strong>factum</strong></span> <span class='ocrx_word' id='word_1_296' title='bbox 479 1791 519 1814; x_wconf 89' lang='lat' dir='ltr'><strong>est</strong></span> <span class='ocrx_word' id='word_1_297' title='bbox 535 1795 541 1813; x_wconf 91' lang='lat'>:</span> <span class='ocrx_word' id='word_1_298' title='bbox 557 1792 637 1820; x_wconf 90' lang='lat' dir='ltr'><strong>atque</strong></span> <span class='ocrx_word' id='word_1_299' title='bbox 659 1787 710 1814; x_wconf 91' lang='lat' dir='ltr'><strong>hac</strong></span> <span class='ocrx_word' id='word_1_300' title='bbox 725 1787 847 1820; x_wconf 75' lang='lat' dir='ltr'><strong>ratione,</strong></span> <span class='ocrx_word' id='word_1_301' title='bbox 868 1787 957 1814; x_wconf 85' lang='lat' dir='ltr'><strong>Patris</strong></span> 
     </span>
    </p>
   </div>
   <div class='ocr_carea' id='block_1_41' title="bbox 166 1832 850 1870">
    <p class='ocr_par' dir='ltr' id='par_1_41' title="bbox 166 1832 850 1870">
     <span class='ocr_line' id='line_1_41' title="bbox 166 1832 850 1870; baseline -0.001 -10"><span class='ocrx_word' id='word_1_302' title='bbox 166 1834 412 1870; x_wconf 80' lang='lat' dir='ltr'><strong>‘Spiritus,‘Christi</strong></span> <span class='ocrx_word' id='word_1_303' title='bbox 426 1840 532 1868; x_wconf 90' lang='lat' dir='ltr'><strong>quoque</strong></span> <span class='ocrx_word' id='word_1_304' title='bbox 543 1832 850 1868; x_wconf 71' lang='lat' dir='ltr'><strong>Spiritusintellligitur.</strong></span> 
     </span>
    </p>
   </div>
   <div class='ocr_carea' id='block_1_42' title="bbox 209 1879 955 1915">
    <p class='ocr_par' dir='ltr' id='par_1_42' title="bbox 209 1879 955 1915">
     <span class='ocr_line' id='line_1_42' title="bbox 209 1879 955 1915; baseline -0.004 -7"><span class='ocrx_word' id='word_1_305' title='bbox 209 1891 218 1908; x_wconf 70' lang='grc' dir='ltr'><strong>ι</strong></span> <span class='ocrx_word' id='word_1_306' title='bbox 228 1880 386 1915; x_wconf 79' lang='lat' dir='ltr'><strong>Quicunque</strong></span> <span class='ocrx_word' id='word_1_307' title='bbox 396 1880 466 1907; x_wconf 85' lang='lat' dir='ltr'><strong>enim</strong></span> <span class='ocrx_word' id='word_1_308' title='bbox 480 1880 580 1914; x_wconf 79' lang='lat' dir='ltr'><strong>Spiritu</strong></span> <span class='ocrx_word' id='word_1_309' title='bbox 594 1879 638 1906; x_wconf 87' lang='lat' dir='ltr'><strong>Dei</strong></span> <span class='ocrx_word' id='word_1_310' title='bbox 658 1880 813 1914; x_wconf 59' lang='lat' dir='ltr'><strong>aguntur,“</strong></span> <span class='ocrx_word' id='word_1_311' title='bbox 832 1884 896 1906; x_wconf 91' lang='lat' dir='ltr'><strong>sunt</strong></span> <span class='ocrx_word' id='word_1_312' title='bbox 909 1879 955 1906; x_wconf 88' lang='lat' dir='ltr'><strong>lilii</strong></span> 
     </span>
    </p>
   </div>
   <div class='ocr_carea' id='block_1_43' title="bbox 165 1924 955 1960">
    <p class='ocr_par' dir='ltr' id='par_1_43' title="bbox 165 1924 955 1960">
     <span class='ocr_line' id='line_1_43' title="bbox 165 1924 955 1960; baseline -0.003 -7"><span class='ocrx_word' id='word_1_313' title='bbox 165 1927 228 1954; x_wconf 78' lang='lat' dir='ltr'><strong>’Dci.</strong></span> <span class='ocrx_word' id='word_1_314' title='bbox 237 1926 295 1953; x_wconf 81' lang='lat' dir='ltr'><strong>Non</strong></span> <span class='ocrx_word' id='word_1_315' title='bbox 302 1926 374 1953; x_wconf 86' lang='lat' dir='ltr'><strong>enim</strong></span> <span class='ocrx_word' id='word_1_316' title='bbox 385 1926 526 1960; x_wconf 80' lang='lat' dir='ltr'><strong>accepistis</strong></span> <span class='ocrx_word' id='word_1_317' title='bbox 536 1926 658 1960; x_wconf 87' lang='lat' dir='ltr'><strong>spiritum</strong></span> <span class='ocrx_word' id='word_1_318' title='bbox 669 1925 807 1952; x_wconf 88' lang='lat' dir='ltr'><strong>servitutis</strong></span> <span class='ocrx_word' id='word_1_319' title='bbox 818 1924 914 1951; x_wconf 86' lang='lat' dir='ltr'><strong>iterum</strong></span> <span class='ocrx_word' id='word_1_320' title='bbox 928 1925 955 1951; x_wconf 93' lang='lat' dir='ltr'><strong>in</strong></span> 
     </span>
    </p>
   </div>
   <div class='ocr_carea' id='block_1_44' title="bbox 172 1971 953 2006">
    <p class='ocr_par' dir='ltr' id='par_1_44' title="bbox 172 1971 953 2006">
     <span class='ocr_line' id='line_1_44' title="bbox 172 1971 953 2006; baseline -0.001 -8"><span class='ocrx_word' id='word_1_321' title='bbox 172 1974 279 2004; x_wconf 90' lang='lat' dir='ltr'><strong>timore,</strong></span> <span class='ocrx_word' id='word_1_322' title='bbox 294 1972 340 1998; x_wconf 87' lang='lat' dir='ltr'><strong>sed</strong></span> <span class='ocrx_word' id='word_1_323' title='bbox 355 1971 496 2006; x_wconf 82' lang='lat' dir='ltr'><strong>accepistis</strong></span> <span class='ocrx_word' id='word_1_324' title='bbox 513 1972 636 2006; x_wconf 89' lang='lat' dir='ltr'><strong>spiritum</strong></span> <span class='ocrx_word' id='word_1_325' title='bbox 655 1971 807 2006; x_wconf 87' lang='lat' dir='ltr'><strong>adoptionis</strong></span> <span class='ocrx_word' id='word_1_326' title='bbox 820 1971 934 1998; x_wconf 82' lang='lat' dir='ltr'><strong>ﬁliorum</strong></span> <span class='ocrx_word' id='word_1_327' title='bbox 945 1991 953 2003; x_wconf 92' lang='lat'><strong>,</strong></span> 
     </span>
    </p>
   </div>
   <div class='ocr_carea' id='block_1_45' title="bbox 166 2016 954 2052">
    <p class='ocr_par' dir='ltr' id='par_1_45' title="bbox 166 2016 954 2052">
     <span class='ocr_line' id='line_1_45' title="bbox 166 2016 954 2052; baseline 0 -8"><span class='ocrx_word' id='word_1_328' title='bbox 166 2017 225 2052; x_wconf 72' lang='lat'><strong>59</strong></span> <span class='ocrx_word' id='word_1_329' title='bbox 236 2018 261 2044; x_wconf 93' lang='lat' dir='ltr'><strong>in</strong></span> <span class='ocrx_word' id='word_1_330' title='bbox 276 2025 328 2052; x_wconf 90' lang='lat' dir='ltr'><strong>quo</strong></span> <span class='ocrx_word' id='word_1_331' title='bbox 341 2017 500 2048; x_wconf 80' lang='lat' dir='ltr'><strong>clamamus,</strong></span> <span class='ocrx_word' id='word_1_332' title='bbox 515 2016 589 2044; x_wconf 81' lang='lat' dir='ltr'><strong>Abba</strong></span> <span class='ocrx_word' id='word_1_333' title='bbox 603 2037 610 2050; x_wconf 84' lang='lat'><strong>,</strong></span> <span class='ocrx_word' id='word_1_334' title='bbox 624 2016 740 2049; x_wconf 81' lang='lat' dir='ltr'><strong>[’ater&#39;;</strong></span> <span class='ocrx_word' id='word_1_335' title='bbox 756 2027 764 2043; x_wconf 70' lang='grc' dir='ltr'><strong>ι</strong></span> <span class='ocrx_word' id='word_1_336' title='bbox 787 2022 814 2044; x_wconf 89' lang='lat' dir='ltr'><strong>et</strong></span> <span class='ocrx_word' id='word_1_337' title='bbox 826 2017 877 2044; x_wconf 89' lang='lat' dir='ltr'><strong>alio</strong></span> <span class='ocrx_word' id='word_1_338' title='bbox 893 2025 954 2044; x_wconf 90' lang='lat' dir='ltr'><strong>rur-</strong></span> 
     </span>
    </p>
   </div>
   <div class='ocr_carea' id='block_1_46' title="bbox 170 2062 954 2098">
    <p class='ocr_par' dir='ltr' id='par_1_46' title="bbox 170 2062 954 2098">
     <span class='ocr_line' id='line_1_46' title="bbox 170 2062 954 2098; baseline 0 -9"><span class='ocrx_word' id='word_1_339' title='bbox 170 2071 229 2089; x_wconf 87' lang='lat' dir='ltr'><strong>sum</strong></span> <span class='ocrx_word' id='word_1_340' title='bbox 251 2062 310 2090; x_wconf 93' lang='lat' dir='ltr'><strong>loco</strong></span> <span class='ocrx_word' id='word_1_341' title='bbox 324 2063 420 2089; x_wconf 87' lang='lat' dir='ltr'><strong>beatus</strong></span> <span class='ocrx_word' id='word_1_342' title='bbox 443 2062 543 2090; x_wconf 82' lang='lat' dir='ltr'><strong>Paulus</strong></span> <span class='ocrx_word' id='word_1_343' title='bbox 559 2072 566 2090; x_wconf 86' lang='lat'><strong>:</strong></span> <span class='ocrx_word' id='word_1_344' title='bbox 583 2071 592 2088; x_wconf 75' lang='grc' dir='ltr'>ι</span> <span class='ocrx_word' id='word_1_345' title='bbox 607 2062 752 2096; x_wconf 87' lang='lat' dir='ltr'><strong>Quoniam,</strong></span> <span class='ocrx_word' id='word_1_346' title='bbox 777 2063 872 2098; x_wconf 92' lang='lat' dir='ltr'><strong>inquit,</strong></span> <span class='ocrx_word' id='word_1_347' title='bbox 888 2063 954 2090; x_wconf 85' lang='lat' dir='ltr'><strong>estis</strong></span> 
     </span>
    </p>
   </div>
   <div class='ocr_carea' id='block_1_47' title="bbox 166 2108 952 2143">
    <p class='ocr_par' dir='ltr' id='par_1_47' title="bbox 166 2108 952 2143">
     <span class='ocr_line' id='line_1_47' title="bbox 166 2108 952 2143; baseline 0 -8"><span class='ocrx_word' id='word_1_348' title='bbox 166 2109 230 2140; x_wconf 79' lang='lat' dir='ltr'><strong>&#39;lilii,</strong></span> <span class='ocrx_word' id='word_1_349' title='bbox 245 2108 319 2135; x_wconf 80' lang='lat' dir='ltr'><strong>misit</strong></span> <span class='ocrx_word' id='word_1_350' title='bbox 335 2109 404 2135; x_wconf 86' lang='lat' dir='ltr'><strong>Deus</strong></span> <span class='ocrx_word' id='word_1_351' title='bbox 425 2108 555 2143; x_wconf 83' lang='lat' dir='ltr'><strong>Spiritum</strong></span> <span class='ocrx_word' id='word_1_352' title='bbox 570 2108 632 2135; x_wconf 88' lang='lat' dir='ltr'><strong>Filii</strong></span> <span class='ocrx_word' id='word_1_353' title='bbox 648 2109 688 2135; x_wconf 91' lang='lat' dir='ltr'><strong>sui</strong></span> <span class='ocrx_word' id='word_1_354' title='bbox 709 2109 734 2135; x_wconf 91' lang='lat' dir='ltr'><strong>in</strong></span> <span class='ocrx_word' id='word_1_355' title='bbox 751 2109 831 2136; x_wconf 87' lang='lat' dir='ltr'><strong>corda</strong></span> <span class='ocrx_word' id='word_1_356' title='bbox 850 2113 952 2141; x_wconf 86' lang='lat' dir='ltr'><strong>vestra,</strong></span> 
     </span>
    </p>
   </div>
   <div class='ocr_carea' id='block_1_48' title="bbox 169 2152 953 2189">
    <p class='ocr_par' dir='ltr' id='par_1_48' title="bbox 169 2152 953 2189">
     <span class='ocr_line' id='line_1_48' title="bbox 169 2152 953 2189; baseline 0 -9"><span class='ocrx_word' id='word_1_357' title='bbox 169 2155 341 2184; x_wconf 85' lang='lat' dir='ltr'><strong>clamantem,</strong></span> <span class='ocrx_word' id='word_1_358' title='bbox 356 2153 442 2186; x_wconf 79' lang='lat' dir='ltr'><strong>Abba,</strong></span> <span class='ocrx_word' id='word_1_359' title='bbox 458 2152 539 2180; x_wconf 85' lang='lat' dir='ltr'><strong>Pater</strong></span> <span class='ocrx_word' id='word_1_360' title='bbox 550 2153 569 2180; x_wconf 87' lang='lat'><strong>&#39;.</strong></span> <span class='ocrx_word' id='word_1_361' title='bbox 587 2162 596 2178; x_wconf 76' lang='grc' dir='ltr'>ι</span> <span class='ocrx_word' id='word_1_362' title='bbox 609 2152 638 2180; x_wconf 89' lang='lat' dir='ltr'><strong>Si</strong></span> <span class='ocrx_word' id='word_1_363' title='bbox 661 2154 742 2189; x_wconf 82' lang='lat' dir='ltr'><strong>igitur</strong></span> <span class='ocrx_word' id='word_1_364' title='bbox 758 2161 805 2188; x_wconf 86' lang='lat' dir='ltr'><strong>per</strong></span> <span class='ocrx_word' id='word_1_365' title='bbox 819 2153 879 2180; x_wconf 89' lang='lat' dir='ltr'><strong>Filii</strong></span> <span class='ocrx_word' id='word_1_366' title='bbox 892 2153 953 2187; x_wconf 89' lang='lat' dir='ltr'><strong>Spi-</strong></span> 
     </span>
    </p>
   </div>
   <div class='ocr_carea' id='block_1_49' title="bbox 1014 242 1810 278">
    <p class='ocr_par' dir='ltr' id='par_1_49' title="bbox 1014 242 1810 278">
     <span class='ocr_line' id='line_1_49' title="bbox 1014 242 1810 278; baseline -0.001 -10"><span class='ocrx_word' id='word_1_367' title='bbox 1014 242 1164 276; x_wconf 76' lang='grc' dir='ltr'>ὰπτόμενος</span> <span class='ocrx_word' id='word_1_368' title='bbox 1179 242 1233 268; x_wconf 87' lang='grc' dir='ltr'><strong>τῶν</strong></span> <span class='ocrx_word' id='word_1_369' title='bbox 1245 243 1358 278; x_wconf 84' lang='grc' dir='ltr'>νεκρῶν,</span> <span class='ocrx_word' id='word_1_370' title='bbox 1377 244 1424 269; x_wconf 83' lang='grc' dir='ltr'>καὶ</span> <span class='ocrx_word' id='word_1_371' title='bbox 1438 243 1548 275; x_wconf 77' lang='grc' dir='ltr'>ἀνιστὰς</span> <span class='ocrx_word' id='word_1_372' title='bbox 1565 243 1668 274; x_wconf 76' lang='grc' dir='ltr'>αὐτούς</span> <span class='ocrx_word' id='word_1_373' title='bbox 1679 253 1686 259; x_wconf 89' lang='grc'><strong><em>-</em></strong></span> <span class='ocrx_word' id='word_1_374' title='bbox 1703 243 1765 273; x_wconf 75' lang='grc' dir='ltr'><strong>πῶς</strong></span> <span class='ocrx_word' id='word_1_375' title='bbox 1779 243 1810 267; x_wconf 60' lang='grc' dir='ltr'>ο)</span> 
     </span>
    </p>
   </div>
   <div class='ocr_carea' id='block_1_50' title="bbox 1012 285 1810 324">
    <p class='ocr_par' dir='ltr' id='par_1_50' title="bbox 1012 285 1810 324">
     <span class='ocr_line' id='line_1_50' title="bbox 1012 285 1810 324; baseline 0.009 -13"><span class='ocrx_word' id='word_1_376' title='bbox 1012 285 1078 317; x_wconf 72' lang='grc' dir='ltr'>Θεὴς</span> <span class='ocrx_word' id='word_1_377' title='bbox 1087 286 1238 322; x_wconf 70' lang='grc' dir='ltr'>ἀληθινὸς,δ</span> <span class='ocrx_word' id='word_1_378' title='bbox 1246 287 1307 318; x_wconf 74' lang='grc' dir='ltr'>δοὺς</span> <span class='ocrx_word' id='word_1_379' title='bbox 1318 288 1364 314; x_wconf 76' lang='grc' dir='ltr'>καὶ</span> <span class='ocrx_word' id='word_1_380' title='bbox 1376 288 1478 323; x_wconf 75' lang='grc' dir='ltr'>ἑτέροις</span> <span class='ocrx_word' id='word_1_381' title='bbox 1488 288 1613 320; x_wconf 75' lang='grc' dir='ltr'><strong>ἐξουσίαν</strong></span> <span class='ocrx_word' id='word_1_382' title='bbox 1622 288 1685 320; x_wconf 79' lang='grc' dir='ltr'>τοὺς</span> <span class='ocrx_word' id='word_1_383' title='bbox 1693 289 1810 324; x_wconf 53' lang='grc' dir='ltr'>νεκροὺς</span> 
     </span>
    </p>
   </div>
   <div class='ocr_carea' id='block_1_51' title="bbox 1012 330 1513 369">
    <p class='ocr_par' dir='ltr' id='par_1_51' title="bbox 1012 330 1513 369">
     <span class='ocr_line' id='line_1_51' title="bbox 1012 330 1513 369; baseline 0.006 -13"><span class='ocrx_word' id='word_1_384' title='bbox 1012 330 1130 369; x_wconf 73' lang='grc' dir='ltr'>ἐγείρειν</span> <span class='ocrx_word' id='word_1_385' title='bbox 1147 331 1190 358; x_wconf 70' lang='grc' dir='ltr'><strong>διὰ</strong></span> <span class='ocrx_word' id='word_1_386' title='bbox 1205 332 1252 358; x_wconf 85' lang='grc' dir='ltr'>τοῦ</span> <span class='ocrx_word' id='word_1_387' title='bbox 1269 333 1399 368; x_wconf 78' lang='grc' dir='ltr'>ὀνόματος</span> <span class='ocrx_word' id='word_1_388' title='bbox 1415 333 1513 366; x_wconf 69' lang='grc' dir='ltr'>αὐτοῦς</span> 
     </span>
    </p>
   </div>
   <div class='ocr_carea' id='block_1_52' title="bbox 1049 421 1810 459">
    <p class='ocr_par' dir='ltr' id='par_1_52' title="bbox 1049 421 1810 459">
     <span class='ocr_line' id='line_1_52' title="bbox 1049 421 1810 459; baseline 0.001 -12"><span class='ocrx_word' id='word_1_389' title='bbox 1049 421 1157 453; x_wconf 73' lang='grc' dir='ltr'>«Ὥστε,</span> <span class='ocrx_word' id='word_1_390' title='bbox 1175 422 1282 457; x_wconf 82' lang='grc' dir='ltr'>ἀδελφοι</span> <span class='ocrx_word' id='word_1_391' title='bbox 1300 432 1360 457; x_wconf 80' lang='grc' dir='ltr'>μου,</span> <span class='ocrx_word' id='word_1_392' title='bbox 1376 424 1423 450; x_wconf 79' lang='grc' dir='ltr'>καὶ</span> <span class='ocrx_word' id='word_1_393' title='bbox 1446 423 1525 459; x_wconf 82' lang='grc' dir='ltr'>ὑμεῖς</span> <span class='ocrx_word' id='word_1_394' title='bbox 1549 423 1746 458; x_wconf 76' lang='grc' dir='ltr'><strong>ἐθανατώθητε</strong></span> <span class='ocrx_word' id='word_1_395' title='bbox 1769 423 1810 457; x_wconf 81' lang='grc' dir='ltr'>τῷ</span> 
     </span>
    </p>
   </div>
   <div class='ocr_carea' id='block_1_53' title="bbox 1011 466 1809 505">
    <p class='ocr_par' dir='ltr' id='par_1_53' title="bbox 1011 466 1809 505">
     <span class='ocr_line' id='line_1_53' title="bbox 1011 466 1809 505; baseline 0.003 -13"><span class='ocrx_word' id='word_1_396' title='bbox 1011 466 1085 502; x_wconf 75' lang='grc' dir='ltr'>νόμῳ</span> <span class='ocrx_word' id='word_1_397' title='bbox 1098 467 1142 494; x_wconf 78' lang='grc' dir='ltr'><strong>διὰ</strong></span> <span class='ocrx_word' id='word_1_398' title='bbox 1158 467 1204 494; x_wconf 87' lang='grc' dir='ltr'>τοῦ</span> <span class='ocrx_word' id='word_1_399' title='bbox 1223 469 1349 503; x_wconf 85' lang='grc' dir='ltr'>σώματος</span> <span class='ocrx_word' id='word_1_400' title='bbox 1360 469 1407 495; x_wconf 87' lang='grc' dir='ltr'>τοῦ</span> <span class='ocrx_word' id='word_1_401' title='bbox 1421 469 1551 505; x_wconf 78' lang='grc' dir='ltr'><strong>Χριστοῦ,</strong></span> <span class='ocrx_word' id='word_1_402' title='bbox 1566 470 1607 500; x_wconf 83' lang='grc' dir='ltr'>εἰς</span> <span class='ocrx_word' id='word_1_403' title='bbox 1627 468 1659 495; x_wconf 79' lang='grc' dir='ltr'><strong>τὸ</strong></span> <span class='ocrx_word' id='word_1_404' title='bbox 1677 468 1809 503; x_wconf 81' lang='grc' dir='ltr'>γενέσθαι</span> 
     </span>
    </p>
   </div>
   <div class='ocr_carea' id='block_1_54' title="bbox 1011 511 1810 549">
    <p class='ocr_par' dir='ltr' id='par_1_54' title="bbox 1011 511 1810 549">
     <span class='ocr_line' id='line_1_54' title="bbox 1011 511 1810 549; baseline 0.003 -12"><span class='ocrx_word' id='word_1_405' title='bbox 1011 511 1083 546; x_wconf 79' lang='grc' dir='ltr'>ὑμᾶς</span> <span class='ocrx_word' id='word_1_406' title='bbox 1093 513 1177 547; x_wconf 74' lang='grc' dir='ltr'>ἑτέρῳ</span> <span class='ocrx_word' id='word_1_407' title='bbox 1191 512 1229 547; x_wconf 82' lang='grc' dir='ltr'>τῷ</span> <span class='ocrx_word' id='word_1_408' title='bbox 1240 514 1271 539; x_wconf 81' lang='grc' dir='ltr'>ἐκ</span> <span class='ocrx_word' id='word_1_409' title='bbox 1282 513 1388 549; x_wconf 81' lang='grc' dir='ltr'>νεκρῶν</span> <span class='ocrx_word' id='word_1_410' title='bbox 1402 514 1551 549; x_wconf 77' lang='grc' dir='ltr'><strong>ἐγερθέντι,</strong></span> <span class='ocrx_word' id='word_1_411' title='bbox 1569 514 1611 540; x_wconf 81' lang='grc' dir='ltr'>ἵνα</span> <span class='ocrx_word' id='word_1_412' title='bbox 1627 514 1810 548; x_wconf 74' lang='grc' dir='ltr'>καρποφορή-</span> 
     </span>
    </p>
   </div>
   <div class='ocr_carea' id='block_1_55' title="bbox 1012 558 1809 595">
    <p class='ocr_par' dir='ltr' id='par_1_55' title="bbox 1012 558 1809 595">
     <span class='ocr_line' id='line_1_55' title="bbox 1012 558 1809 595; baseline 0.001 -11"><span class='ocrx_word' id='word_1_413' title='bbox 1012 566 1102 593; x_wconf 83' lang='grc' dir='ltr'>σωμεν</span> <span class='ocrx_word' id='word_1_414' title='bbox 1118 559 1156 593; x_wconf 87' lang='grc' dir='ltr'><strong>τῷ</strong></span> <span class='ocrx_word' id='word_1_415' title='bbox 1174 558 1242 593; x_wconf 84' lang='grc' dir='ltr'><strong>Θεῷ.</strong></span> <span class='ocrx_word' id='word_1_416' title='bbox 1259 568 1268 585; x_wconf 74' lang='grc' dir='ltr'>ι</span> <span class='ocrx_word' id='word_1_417' title='bbox 1290 560 1485 594; x_wconf 85' lang='grc' dir='ltr'>Θανατούμεθα</span> <span class='ocrx_word' id='word_1_418' title='bbox 1499 560 1540 594; x_wconf 84' lang='grc' dir='ltr'><strong>τῷ</strong></span> <span class='ocrx_word' id='word_1_419' title='bbox 1554 561 1640 595; x_wconf 78' lang='grc' dir='ltr'>νόμῳ,</span> <span class='ocrx_word' id='word_1_420' title='bbox 1665 560 1717 594; x_wconf 74' lang='grc' dir='ltr'>τῆς</span> <span class='ocrx_word' id='word_1_421' title='bbox 1741 560 1809 586; x_wconf 65' lang='grc' dir='ltr'>κατ’</span> 
     </span>
    </p>
   </div>
   <div class='ocr_carea' id='block_1_56' title="bbox 1010 603 1809 640">
    <p class='ocr_par' dir='ltr' id='par_1_56' title="bbox 1010 603 1809 640">
     <span class='ocr_line' id='line_1_56' title="bbox 1010 603 1809 640; baseline 0.001 -12"><span class='ocrx_word' id='word_1_422' title='bbox 1010 603 1092 629; x_wconf 78' lang='grc' dir='ltr'>αὑτὸν</span> <span class='ocrx_word' id='word_1_423' title='bbox 1103 603 1229 639; x_wconf 80' lang='grc' dir='ltr'><strong>λατρείας</strong></span> <span class='ocrx_word' id='word_1_424' title='bbox 1244 604 1445 640; x_wconf 79' lang='grc' dir='ltr'>ἁποπαυόμενοι</span> <span class='ocrx_word' id='word_1_425' title='bbox 1456 613 1462 618; x_wconf 93' lang='grc'><strong>·</strong></span> <span class='ocrx_word' id='word_1_426' title='bbox 1478 604 1610 639; x_wconf 74' lang='grc' dir='ltr'><strong>γινόμεθα</strong></span> <span class='ocrx_word' id='word_1_427' title='bbox 1625 605 1653 631; x_wconf 80' lang='grc' dir='ltr'><strong>δὲ</strong></span> <span class='ocrx_word' id='word_1_428' title='bbox 1669 605 1759 639; x_wconf 78' lang='grc' dir='ltr'>ἑτέρῳ</span> <span class='ocrx_word' id='word_1_429' title='bbox 1769 604 1809 638; x_wconf 80' lang='grc' dir='ltr'>τῷ</span> 
     </span>
    </p>
   </div>
   <div class='ocr_carea' id='block_1_57' title="bbox 1009 649 1808 685">
    <p class='ocr_par' dir='ltr' id='par_1_57' title="bbox 1009 649 1808 685">
     <span class='ocr_line' id='line_1_57' title="bbox 1009 649 1808 685; baseline 0.003 -11"><span class='ocrx_word' id='word_1_430' title='bbox 1009 649 1041 674; x_wconf 80' lang='grc' dir='ltr'>ἐκ</span> <span class='ocrx_word' id='word_1_431' title='bbox 1059 649 1163 683; x_wconf 81' lang='grc' dir='ltr'>νεκρῶν</span> <span class='ocrx_word' id='word_1_432' title='bbox 1182 649 1332 684; x_wconf 79' lang='grc' dir='ltr'><strong>ἐγερθέντι,</strong></span> <span class='ocrx_word' id='word_1_433' title='bbox 1348 649 1470 676; x_wconf 80' lang='grc' dir='ltr'><strong>τουτέστι</strong></span> <span class='ocrx_word' id='word_1_434' title='bbox 1496 650 1618 685; x_wconf 80' lang='grc' dir='ltr'><strong>Χριστῷ,</strong></span> <span class='ocrx_word' id='word_1_435' title='bbox 1634 652 1692 682; x_wconf 80' lang='grc' dir='ltr'>τοῖς</span> <span class='ocrx_word' id='word_1_436' title='bbox 1720 649 1808 676; x_wconf 65' lang='grc' dir='ltr'>αῖ)τοῦ</span> 
     </span>
    </p>
   </div>
   <div class='ocr_carea' id='block_1_58' title="bbox 1009 694 1806 730">
    <p class='ocr_par' dir='ltr' id='par_1_58' title="bbox 1009 694 1806 730">
     <span class='ocr_line' id='line_1_58' title="bbox 1009 694 1806 730; baseline 0 -10"><span class='ocrx_word' id='word_1_437' title='bbox 1009 694 1192 730; x_wconf 77' lang='grc' dir='ltr'><strong>θεσπίσμασιν</strong></span> <span class='ocrx_word' id='word_1_438' title='bbox 1207 695 1394 729; x_wconf 81' lang='grc' dir='ltr'>εὐαγγελικοῖς</span> <span class='ocrx_word' id='word_1_439' title='bbox 1408 696 1620 722; x_wconf 72' lang='grc' dir='ltr'>κατακολουθεῖν</span> <span class='ocrx_word' id='word_1_440' title='bbox 1633 696 1806 727; x_wconf 72' lang='grc' dir='ltr'>σπουδάζον-</span> 
     </span>
    </p>
   </div>
   <div class='ocr_carea' id='block_1_59' title="bbox 1008 739 1808 776">
    <p class='ocr_par' dir='ltr' id='par_1_59' title="bbox 1008 739 1808 776">
     <span class='ocr_line' id='line_1_59' title="bbox 1008 739 1808 776; baseline 0.003 -11"><span class='ocrx_word' id='word_1_441' title='bbox 1008 748 1063 771; x_wconf 83' lang='grc' dir='ltr'>τες,</span> <span class='ocrx_word' id='word_1_442' title='bbox 1080 739 1124 765; x_wconf 87' lang='grc' dir='ltr'><strong>ἴνα</strong></span> <span class='ocrx_word' id='word_1_443' title='bbox 1149 741 1405 775; x_wconf 65' lang='grc' dir='ltr'><strong>καρποφορήσωμεν</strong></span> <span class='ocrx_word' id='word_1_444' title='bbox 1432 740 1471 776; x_wconf 74' lang='grc' dir='ltr'>τῷ</span> <span class='ocrx_word' id='word_1_445' title='bbox 1498 740 1568 775; x_wconf 82' lang='grc' dir='ltr'><strong>Θεῷ.</strong></span> <span class='ocrx_word' id='word_1_446' title='bbox 1591 742 1752 775; x_wconf 61' lang='grc' dir='ltr'>Κεφάλαιον</span> <span class='ocrx_word' id='word_1_447' title='bbox 1778 741 1808 767; x_wconf 82' lang='grc' dir='ltr'><strong>δὲ</strong></span> 
     </span>
    </p>
   </div>
   <div class='ocr_carea' id='block_1_60' title="bbox 1007 785 1805 822">
    <p class='ocr_par' dir='ltr' id='par_1_60' title="bbox 1007 785 1805 822">
     <span class='ocr_line' id='line_1_60' title="bbox 1007 785 1805 822; baseline 0.003 -11"><span class='ocrx_word' id='word_1_448' title='bbox 1007 786 1062 811; x_wconf 79' lang='grc' dir='ltr'>τῶν</span> <span class='ocrx_word' id='word_1_449' title='bbox 1077 785 1262 819; x_wconf 81' lang='grc' dir='ltr'>εὑαγγελικῶν</span> <span class='ocrx_word' id='word_1_450' title='bbox 1280 786 1501 822; x_wconf 82' lang='grc' dir='ltr'>θεσπισμάτωνὴ</span> <span class='ocrx_word' id='word_1_451' title='bbox 1518 787 1609 818; x_wconf 80' lang='grc' dir='ltr'>πίστις</span> <span class='ocrx_word' id='word_1_452' title='bbox 1626 789 1642 822; x_wconf 79' lang='grc' dir='ltr'><strong>ἡ</strong></span> <span class='ocrx_word' id='word_1_453' title='bbox 1659 788 1699 819; x_wconf 82' lang='grc' dir='ltr'><strong>είς</strong></span> <span class='ocrx_word' id='word_1_454' title='bbox 1710 788 1805 814; x_wconf 59' lang='grc' dir='ltr'>αὐτόν.</span> 
     </span>
    </p>
   </div>
   <div class='ocr_carea' id='block_1_61' title="bbox 1008 828 1808 868">
    <p class='ocr_par' dir='ltr' id='par_1_61' title="bbox 1008 828 1808 868">
     <span class='ocr_line' id='line_1_61' title="bbox 1008 828 1808 868; baseline 0 -10"><span class='ocrx_word' id='word_1_455' title='bbox 1008 831 1064 858; x_wconf 71' lang='grc' dir='ltr'><strong>Καὶ</strong></span> <span class='ocrx_word' id='word_1_456' title='bbox 1088 828 1166 862; x_wconf 72' lang='grc' dir='ltr'>οὗτος</span> <span class='ocrx_word' id='word_1_457' title='bbox 1183 831 1262 866; x_wconf 69' lang='grc' dir='ltr'><strong>⁴ἡμῶν</strong></span> <span class='ocrx_word' id='word_1_458' title='bbox 1284 832 1298 858; x_wconf 82' lang='grc' dir='ltr'>ὁ</span> <span class='ocrx_word' id='word_1_459' title='bbox 1315 831 1431 867; x_wconf 81' lang='grc' dir='ltr'>καρπὸς,</span> <span class='ocrx_word' id='word_1_460' title='bbox 1447 835 1484 863; x_wconf 84' lang='grc' dir='ltr'><strong>ῶς</strong></span> <span class='ocrx_word' id='word_1_461' title='bbox 1505 832 1576 868; x_wconf 78' lang='grc' dir='ltr'>Θεῷ,</span> <span class='ocrx_word' id='word_1_462' title='bbox 1594 833 1808 868; x_wconf 68' lang='grc' dir='ltr'>προσαγόμειος</span> 
     </span>
    </p>
   </div>
   <div class='ocr_carea' id='block_1_62' title="bbox 975 867 1804 913">
    <p class='ocr_par' dir='ltr' id='par_1_62' title="bbox 975 867 1804 913">
     <span class='ocr_line' id='line_1_62' title="bbox 975 867 1804 913; baseline 0.004 -12"><span class='ocrx_word' id='word_1_463' title='bbox 975 867 994 895; x_wconf 78' lang='grc' dir='ltr'>Β</span> <span class='ocrx_word' id='word_1_464' title='bbox 1008 875 1048 910; x_wconf 84' lang='grc' dir='ltr'>τῷ</span> <span class='ocrx_word' id='word_1_465' title='bbox 1059 875 1180 911; x_wconf 83' lang='grc' dir='ltr'>Χριστῷ.</span> <span class='ocrx_word' id='word_1_466' title='bbox 1197 876 1262 907; x_wconf 78' lang='grc' dir='ltr'>Θεὸς</span> <span class='ocrx_word' id='word_1_467' title='bbox 1272 874 1319 902; x_wconf 78' lang='grc' dir='ltr'>οὖν</span> <span class='ocrx_word' id='word_1_468' title='bbox 1331 877 1384 911; x_wconf 81' lang='grc' dir='ltr'>ἄρα</span> <span class='ocrx_word' id='word_1_469' title='bbox 1395 877 1468 903; x_wconf 73' lang='grc' dir='ltr'>ἐστὶν</span> <span class='ocrx_word' id='word_1_470' title='bbox 1480 878 1493 903; x_wconf 84' lang='grc' dir='ltr'>ὁ</span> <span class='ocrx_word' id='word_1_471' title='bbox 1507 878 1538 903; x_wconf 79' lang='grc' dir='ltr'>ὲκ</span> <span class='ocrx_word' id='word_1_472' title='bbox 1549 878 1656 913; x_wconf 86' lang='grc' dir='ltr'>νεκρῶν</span> <span class='ocrx_word' id='word_1_473' title='bbox 1669 878 1804 910; x_wconf 70' lang='grc' dir='ltr'>ἀναστὰς,</span> 
     </span>
    </p>
   </div>
   <div class='ocr_carea' id='block_1_63' title="bbox 1008 922 1500 957">
    <p class='ocr_par' dir='ltr' id='par_1_63' title="bbox 1008 922 1500 957">
     <span class='ocr_line' id='line_1_63' title="bbox 1008 922 1500 957; baseline 0.004 -10"><span class='ocrx_word' id='word_1_474' title='bbox 1008 922 1046 953; x_wconf 77' lang='grc' dir='ltr'><strong>ὡς</strong></span> <span class='ocrx_word' id='word_1_475' title='bbox 1067 923 1166 957; x_wconf 79' lang='grc' dir='ltr'>σαρκὸς</span> <span class='ocrx_word' id='word_1_476' title='bbox 1180 922 1323 957; x_wconf 76' lang='grc' dir='ltr'>γεγονότος</span> <span class='ocrx_word' id='word_1_477' title='bbox 1335 923 1381 948; x_wconf 85' lang='grc' dir='ltr'>τοῦ</span> <span class='ocrx_word' id='word_1_478' title='bbox 1399 923 1500 957; x_wconf 85' lang='grc' dir='ltr'>Λόγου.</span> 
     </span>
    </p>
   </div>
   <div class='ocr_carea' id='block_1_64' title="bbox 1048 968 1802 1004">
    <p class='ocr_par' dir='ltr' id='par_1_64' title="bbox 1048 968 1802 1004">
     <span class='ocr_line' id='line_1_64' title="bbox 1048 968 1802 1004; baseline 0.003 -10"><span class='ocrx_word' id='word_1_479' title='bbox 1048 978 1056 993; x_wconf 80' lang='grc' dir='ltr'>ι</span> <span class='ocrx_word' id='word_1_480' title='bbox 1072 969 1102 994; x_wconf 88' lang='grc' dir='ltr'><strong>Οἱ</strong></span> <span class='ocrx_word' id='word_1_481' title='bbox 1126 968 1153 994; x_wconf 74' lang='grc' dir='ltr'><strong>δὲ</strong></span> <span class='ocrx_word' id='word_1_482' title='bbox 1176 969 1204 994; x_wconf 84' lang='grc' dir='ltr'>ἐν</span> <span class='ocrx_word' id='word_1_483' title='bbox 1228 969 1311 1004; x_wconf 76' lang='grc' dir='ltr'>σαρκὶ</span> <span class='ocrx_word' id='word_1_484' title='bbox 1325 968 1410 1001; x_wconf 72' lang='grc' dir='ltr'>ὄντες,</span> <span class='ocrx_word' id='word_1_485' title='bbox 1427 969 1486 1004; x_wconf 86' lang='grc' dir='ltr'><strong>Θεῴ</strong></span> <span class='ocrx_word' id='word_1_486' title='bbox 1503 969 1601 1004; x_wconf 79' lang='grc' dir='ltr'>ἀρέσαι</span> <span class='ocrx_word' id='word_1_487' title='bbox 1616 970 1646 996; x_wconf 78' lang='grc' dir='ltr'>οὗ</span> <span class='ocrx_word' id='word_1_488' title='bbox 1661 970 1802 997; x_wconf 73' lang='grc' dir='ltr'>δύνανται.</span> 
     </span>
    </p>
   </div>
   <div class='ocr_carea' id='block_1_65' title="bbox 1014 1013 1803 1050">
    <p class='ocr_par' dir='ltr' id='par_1_65' title="bbox 1014 1013 1803 1050">
     <span class='ocr_line' id='line_1_65' title="bbox 1014 1013 1803 1050; baseline 0.004 -11"><span class='ocrx_word' id='word_1_489' title='bbox 1014 1013 1108 1046; x_wconf 82' lang='grc' dir='ltr'>Ὑμεῖς</span> <span class='ocrx_word' id='word_1_490' title='bbox 1120 1014 1147 1040; x_wconf 81' lang='grc' dir='ltr'><strong>δὲ</strong></span> <span class='ocrx_word' id='word_1_491' title='bbox 1159 1013 1210 1040; x_wconf 76' lang='grc' dir='ltr'>οὐκ</span> <span class='ocrx_word' id='word_1_492' title='bbox 1223 1014 1286 1040; x_wconf 82' lang='grc' dir='ltr'>ἐστὲ</span> <span class='ocrx_word' id='word_1_493' title='bbox 1302 1015 1331 1040; x_wconf 77' lang='grc' dir='ltr'>ὲν</span> <span class='ocrx_word' id='word_1_494' title='bbox 1345 1014 1437 1050; x_wconf 73' lang='grc' dir='ltr'>σαρκὶ,</span> <span class='ocrx_word' id='word_1_495' title='bbox 1450 1015 1507 1041; x_wconf 73' lang='grc' dir='ltr'>ἀλλ’</span> <span class='ocrx_word' id='word_1_496' title='bbox 1520 1016 1547 1041; x_wconf 83' lang='grc' dir='ltr'>ἐν</span> <span class='ocrx_word' id='word_1_497' title='bbox 1562 1015 1711 1050; x_wconf 81' lang='grc' dir='ltr'>πνεύματι,</span> <span class='ocrx_word' id='word_1_498' title='bbox 1724 1016 1803 1050; x_wconf 75' lang='grc' dir='ltr'>εἴπερ</span> 
     </span>
    </p>
   </div>
   <div class='ocr_carea' id='block_1_66' title="bbox 1009 1059 1804 1096">
    <p class='ocr_par' dir='ltr' id='par_1_66' title="bbox 1009 1059 1804 1096">
     <span class='ocr_line' id='line_1_66' title="bbox 1009 1059 1804 1096; baseline 0.001 -10"><span class='ocrx_word' id='word_1_499' title='bbox 1009 1059 1121 1094; x_wconf 80' lang='grc' dir='ltr'><strong>Πνεῦμα</strong></span> <span class='ocrx_word' id='word_1_500' title='bbox 1141 1059 1208 1086; x_wconf 86' lang='grc' dir='ltr'>Θεοῦ</span> <span class='ocrx_word' id='word_1_501' title='bbox 1224 1061 1295 1086; x_wconf 87' lang='grc' dir='ltr'>οίκεῖ</span> <span class='ocrx_word' id='word_1_502' title='bbox 1315 1061 1344 1086; x_wconf 84' lang='grc' dir='ltr'>ὲν</span> <span class='ocrx_word' id='word_1_503' title='bbox 1359 1061 1434 1096; x_wconf 81' lang='grc' dir='ltr'>ὑμῖν.</span> <span class='ocrx_word' id='word_1_504' title='bbox 1458 1061 1489 1087; x_wconf 83' lang='grc' dir='ltr'><strong>Εἰ</strong></span> <span class='ocrx_word' id='word_1_505' title='bbox 1503 1061 1532 1087; x_wconf 80' lang='grc' dir='ltr'><strong>δέ</strong></span> <span class='ocrx_word' id='word_1_506' title='bbox 1548 1069 1589 1092; x_wconf 82' lang='grc' dir='ltr'>τις</span> <span class='ocrx_word' id='word_1_507' title='bbox 1607 1060 1721 1096; x_wconf 76' lang='grc' dir='ltr'>πνεῦμα</span> <span class='ocrx_word' id='word_1_508' title='bbox 1738 1062 1804 1096; x_wconf 78' lang='grc' dir='ltr'><strong>Χρι-</strong></span> 
     </span>
    </p>
   </div>
   <div class='ocr_carea' id='block_1_67' title="bbox 1009 1102 1803 1142">
    <p class='ocr_par' dir='ltr' id='par_1_67' title="bbox 1009 1102 1803 1142">
     <span class='ocr_line' id='line_1_67' title="bbox 1009 1102 1803 1142; baseline 0.001 -11"><span class='ocrx_word' id='word_1_509' title='bbox 1009 1105 1072 1132; x_wconf 85' lang='grc' dir='ltr'>στοῦ</span> <span class='ocrx_word' id='word_1_510' title='bbox 1086 1106 1136 1132; x_wconf 76' lang='grc' dir='ltr'>οὐκ</span> <span class='ocrx_word' id='word_1_511' title='bbox 1153 1106 1219 1140; x_wconf 78' lang='grc' dir='ltr'>ἔχει,</span> <span class='ocrx_word' id='word_1_512' title='bbox 1236 1102 1314 1137; x_wconf 76' lang='grc' dir='ltr'>οὗτος</span> <span class='ocrx_word' id='word_1_513' title='bbox 1327 1106 1376 1132; x_wconf 75' lang='grc' dir='ltr'>οὐκ</span> <span class='ocrx_word' id='word_1_514' title='bbox 1393 1106 1467 1133; x_wconf 71' lang='grc' dir='ltr'>ἔστιν</span> <span class='ocrx_word' id='word_1_515' title='bbox 1481 1105 1573 1133; x_wconf 79' lang='grc' dir='ltr'>αὑτοῦ.</span> <span class='ocrx_word' id='word_1_516' title='bbox 1591 1107 1622 1132; x_wconf 72' lang='lat' dir='ltr'><strong>Et</strong></span> <span class='ocrx_word' id='word_1_517' title='bbox 1639 1106 1668 1133; x_wconf 74' lang='grc' dir='ltr'>δὲ</span> <span class='ocrx_word' id='word_1_518' title='bbox 1683 1107 1803 1142; x_wconf 82' lang='grc' dir='ltr'>Χριστὸς</span> 
     </span>
    </p>
   </div>
   <div class='ocr_carea' id='block_1_68' title="bbox 1009 1150 1803 1188">
    <p class='ocr_par' dir='ltr' id='par_1_68' title="bbox 1009 1150 1803 1188">
     <span class='ocr_line' id='line_1_68' title="bbox 1009 1150 1803 1188; baseline 0.001 -12"><span class='ocrx_word' id='word_1_519' title='bbox 1009 1152 1037 1177; x_wconf 83' lang='grc' dir='ltr'>ὲν</span> <span class='ocrx_word' id='word_1_520' title='bbox 1063 1152 1136 1186; x_wconf 79' lang='grc' dir='ltr'>ὑμῖν,</span> <span class='ocrx_word' id='word_1_521' title='bbox 1151 1151 1183 1177; x_wconf 81' lang='grc' dir='ltr'><strong>τὸ</strong></span> <span class='ocrx_word' id='word_1_522' title='bbox 1206 1151 1256 1186; x_wconf 84' lang='grc' dir='ltr'>μὲν</span> <span class='ocrx_word' id='word_1_523' title='bbox 1278 1150 1357 1185; x_wconf 84' lang='grc' dir='ltr'>σῶμα</span> <span class='ocrx_word' id='word_1_524' title='bbox 1381 1152 1477 1187; x_wconf 73' lang='grc' dir='ltr'>νεκρὸν</span> <span class='ocrx_word' id='word_1_525' title='bbox 1500 1151 1533 1178; x_wconf 81' lang='grc' dir='ltr'><strong>δι’</strong></span> <span class='ocrx_word' id='word_1_526' title='bbox 1553 1152 1701 1188; x_wconf 73' lang='grc' dir='ltr'>ἁμαρτίαν,</span> <span class='ocrx_word' id='word_1_527' title='bbox 1719 1152 1752 1178; x_wconf 73' lang='grc' dir='ltr'>τὸ</span> <span class='ocrx_word' id='word_1_528' title='bbox 1774 1152 1803 1177; x_wconf 77' lang='grc' dir='ltr'><strong>δὲ</strong></span> 
     </span>
    </p>
   </div>
   <div class='ocr_carea' id='block_1_69' title="bbox 1008 1196 1802 1232">
    <p class='ocr_par' dir='ltr' id='par_1_69' title="bbox 1008 1196 1802 1232">
     <span class='ocr_line' id='line_1_69' title="bbox 1008 1196 1802 1232; baseline 0 -10"><span class='ocrx_word' id='word_1_529' title='bbox 1008 1196 1117 1232; x_wconf 82' lang='grc' dir='ltr'>πνεῦμα</span> <span class='ocrx_word' id='word_1_530' title='bbox 1141 1197 1198 1231; x_wconf 83' lang='grc' dir='ltr'><strong>ζωὴ</strong></span> <span class='ocrx_word' id='word_1_531' title='bbox 1222 1196 1267 1223; x_wconf 81' lang='grc' dir='ltr'><strong>διὰ</strong></span> <span class='ocrx_word' id='word_1_532' title='bbox 1283 1197 1468 1232; x_wconf 78' lang='grc' dir='ltr'>δικαιοσύνην.</span> <span class='ocrx_word' id='word_1_533' title='bbox 1487 1197 1518 1223; x_wconf 83' lang='grc' dir='ltr'>Εἰ</span> <span class='ocrx_word' id='word_1_534' title='bbox 1531 1197 1560 1223; x_wconf 80' lang='grc' dir='ltr'><strong>δὲ</strong></span> <span class='ocrx_word' id='word_1_535' title='bbox 1575 1197 1605 1223; x_wconf 79' lang='grc' dir='ltr'><strong>τὸ</strong></span> <span class='ocrx_word' id='word_1_536' title='bbox 1624 1197 1741 1232; x_wconf 79' lang='grc' dir='ltr'><strong>Πνεῦμα</strong></span> <span class='ocrx_word' id='word_1_537' title='bbox 1755 1197 1802 1224; x_wconf 74' lang='grc' dir='ltr'><strong>τοῦ</strong></span> 
     </span>
    </p>
   </div>
   <div class='ocr_carea' id='block_1_70' title="bbox 1007 1242 1803 1279">
    <p class='ocr_par' dir='ltr' id='par_1_70' title="bbox 1007 1242 1803 1279">
     <span class='ocr_line' id='line_1_70' title="bbox 1007 1242 1803 1279; baseline 0.001 -11"><span class='ocrx_word' id='word_1_538' title='bbox 1007 1242 1163 1278; x_wconf 75' lang='grc' dir='ltr'>ἐγείραντος</span> <span class='ocrx_word' id='word_1_539' title='bbox 1187 1242 1232 1268; x_wconf 83' lang='grc' dir='ltr'><strong>τὸν</strong></span> <span class='ocrx_word' id='word_1_540' title='bbox 1251 1242 1354 1278; x_wconf 80' lang='grc' dir='ltr'><strong>Ἰησοῦν</strong></span> <span class='ocrx_word' id='word_1_541' title='bbox 1379 1244 1410 1269; x_wconf 76' lang='grc' dir='ltr'>ἐκ</span> <span class='ocrx_word' id='word_1_542' title='bbox 1433 1243 1538 1278; x_wconf 85' lang='grc' dir='ltr'>νεκρῶν</span> <span class='ocrx_word' id='word_1_543' title='bbox 1561 1244 1633 1270; x_wconf 69' lang='grc' dir='ltr'>οἰκεῖ</span> <span class='ocrx_word' id='word_1_544' title='bbox 1649 1245 1680 1269; x_wconf 85' lang='grc' dir='ltr'>ὲν</span> <span class='ocrx_word' id='word_1_545' title='bbox 1695 1245 1771 1279; x_wconf 81' lang='grc' dir='ltr'>ὑμῖν,</span> <span class='ocrx_word' id='word_1_546' title='bbox 1787 1244 1803 1269; x_wconf 83' lang='grc' dir='ltr'><strong>ὀ</strong></span> 
     </span>
    </p>
   </div>
   <div class='ocr_carea' id='block_1_71' title="bbox 1007 1288 1802 1324">
    <p class='ocr_par' dir='ltr' id='par_1_71' title="bbox 1007 1288 1802 1324">
     <span class='ocr_line' id='line_1_71' title="bbox 1007 1288 1802 1324; baseline 0.004 -11"><span class='ocrx_word' id='word_1_547' title='bbox 1007 1288 1116 1323; x_wconf 80' lang='grc' dir='ltr'>ἐγείρας</span> <span class='ocrx_word' id='word_1_548' title='bbox 1132 1289 1164 1314; x_wconf 82' lang='grc' dir='ltr'>ὲκ</span> <span class='ocrx_word' id='word_1_549' title='bbox 1179 1288 1283 1324; x_wconf 85' lang='grc' dir='ltr'>νεκρῶν</span> <span class='ocrx_word' id='word_1_550' title='bbox 1296 1289 1412 1324; x_wconf 83' lang='grc' dir='ltr'>Χριστὸν</span> <span class='ocrx_word' id='word_1_551' title='bbox 1433 1288 1547 1324; x_wconf 82' lang='grc' dir='ltr'>Ἰησοῦν,</span> <span class='ocrx_word' id='word_1_552' title='bbox 1565 1290 1734 1324; x_wconf 79' lang='grc' dir='ltr'><strong>ζωοποιήσει</strong></span> <span class='ocrx_word' id='word_1_553' title='bbox 1754 1292 1802 1315; x_wconf 74' lang='grc' dir='ltr'>καὶ</span> 
     </span>
    </p>
   </div>
   <div class='ocr_carea' id='block_1_72' title="bbox 1006 1333 1801 1370">
    <p class='ocr_par' dir='ltr' id='par_1_72' title="bbox 1006 1333 1801 1370">
     <span class='ocr_line' id='line_1_72' title="bbox 1006 1333 1801 1370; baseline 0.001 -10"><span class='ocrx_word' id='word_1_554' title='bbox 1006 1334 1040 1361; x_wconf 79' lang='grc' dir='ltr'><strong>τὰ</strong></span> <span class='ocrx_word' id='word_1_555' title='bbox 1061 1334 1146 1370; x_wconf 70' lang='grc' dir='ltr'>θνητὰ</span> <span class='ocrx_word' id='word_1_556' title='bbox 1170 1333 1284 1369; x_wconf 86' lang='grc' dir='ltr'>σώματα</span> <span class='ocrx_word' id='word_1_557' title='bbox 1301 1335 1378 1369; x_wconf 81' lang='grc' dir='ltr'>ὑμῶν</span> <span class='ocrx_word' id='word_1_558' title='bbox 1402 1334 1445 1361; x_wconf 85' lang='grc' dir='ltr'>διὰ</span> <span class='ocrx_word' id='word_1_559' title='bbox 1470 1335 1517 1361; x_wconf 76' lang='grc' dir='ltr'>τοῦ</span> <span class='ocrx_word' id='word_1_560' title='bbox 1533 1335 1702 1366; x_wconf 74' lang='grc' dir='ltr'>ἐνοικοῦντος</span> <span class='ocrx_word' id='word_1_561' title='bbox 1715 1336 1801 1362; x_wconf 68' lang='grc' dir='ltr'>αὐτοῦ</span> 
     </span>
    </p>
   </div>
   <div class='ocr_carea' id='block_1_73' title="bbox 1007 1380 1802 1416">
    <p class='ocr_par' dir='ltr' id='par_1_73' title="bbox 1007 1380 1802 1416">
     <span class='ocr_line' id='line_1_73' title="bbox 1007 1380 1802 1416; baseline 0 -10"><span class='ocrx_word' id='word_1_562' title='bbox 1007 1380 1167 1415; x_wconf 85' lang='grc' dir='ltr'>Πνεύματος</span> <span class='ocrx_word' id='word_1_563' title='bbox 1180 1381 1207 1406; x_wconf 80' lang='grc' dir='ltr'>ἐν</span> <span class='ocrx_word' id='word_1_564' title='bbox 1220 1381 1295 1415; x_wconf 83' lang='grc' dir='ltr'>ὑμῖν.</span> <span class='ocrx_word' id='word_1_565' title='bbox 1312 1390 1321 1405; x_wconf 72' lang='grc' dir='ltr'>ι</span> <span class='ocrx_word' id='word_1_566' title='bbox 1332 1380 1397 1406; x_wconf 76' lang='grc' dir='ltr'><strong>Ἰδοὺ</strong></span> <span class='ocrx_word' id='word_1_567' title='bbox 1411 1380 1442 1416; x_wconf 87' lang='grc' dir='ltr'>δὴ</span> <span class='ocrx_word' id='word_1_568' title='bbox 1457 1381 1549 1414; x_wconf 76' lang='grc' dir='ltr'>σαφῶς</span> <span class='ocrx_word' id='word_1_569' title='bbox 1563 1381 1593 1406; x_wconf 83' lang='grc' dir='ltr'>τὸ</span> <span class='ocrx_word' id='word_1_570' title='bbox 1604 1380 1672 1407; x_wconf 81' lang='grc' dir='ltr'>Θεοῦ</span> <span class='ocrx_word' id='word_1_571' title='bbox 1686 1380 1802 1415; x_wconf 72' lang='grc' dir='ltr'>Πνεῦμα</span> 
     </span>
    </p>
   </div>
   <div class='ocr_carea' id='block_1_74' title="bbox 1004 1424 1802 1462">
    <p class='ocr_par' dir='ltr' id='par_1_74' title="bbox 1004 1424 1802 1462">
     <span class='ocr_line' id='line_1_74' title="bbox 1004 1424 1802 1462; baseline 0 -10"><span class='ocrx_word' id='word_1_572' title='bbox 1004 1424 1113 1460; x_wconf 78' lang='grc' dir='ltr'>λέγεται</span> <span class='ocrx_word' id='word_1_573' title='bbox 1140 1425 1187 1452; x_wconf 85' lang='grc' dir='ltr'><strong>τοῦ</strong></span> <span class='ocrx_word' id='word_1_574' title='bbox 1212 1426 1341 1461; x_wconf 83' lang='grc' dir='ltr'>Χριστοῦ.</span> <span class='ocrx_word' id='word_1_575' title='bbox 1360 1426 1429 1454; x_wconf 78' lang='grc' dir='ltr'>Ἀλλ’</span> <span class='ocrx_word' id='word_1_576' title='bbox 1454 1426 1533 1462; x_wconf 79' lang='grc' dir='ltr'>εἴπερ</span> <span class='ocrx_word' id='word_1_577' title='bbox 1556 1427 1631 1453; x_wconf 76' lang='grc' dir='ltr'>ἐστὶν</span> <span class='ocrx_word' id='word_1_578' title='bbox 1655 1427 1802 1462; x_wconf 80' lang='grc' dir='ltr'>ἄνθρωπος</span> 
     </span>
    </p>
   </div>
   <div class='ocr_carea' id='block_1_75' title="bbox 1007 1471 1801 1508">
    <p class='ocr_par' dir='ltr' id='par_1_75' title="bbox 1007 1471 1801 1508">
     <span class='ocr_line' id='line_1_75' title="bbox 1007 1471 1801 1508; baseline 0.003 -11"><span class='ocrx_word' id='word_1_579' title='bbox 1007 1471 1098 1503; x_wconf 83' lang='grc' dir='ltr'>ἱδικῶς</span> <span class='ocrx_word' id='word_1_580' title='bbox 1120 1472 1168 1498; x_wconf 67' lang='grc' dir='ltr'>καὶ.</span> <span class='ocrx_word' id='word_1_581' title='bbox 1185 1471 1236 1498; x_wconf 77' lang='grc' dir='ltr'><strong>ἀνὰ</strong></span> <span class='ocrx_word' id='word_1_582' title='bbox 1261 1472 1343 1507; x_wconf 82' lang='grc' dir='ltr'>μέρος</span> <span class='ocrx_word' id='word_1_583' title='bbox 1365 1472 1502 1506; x_wconf 82' lang='grc' dir='ltr'>κείμενος,</span> <span class='ocrx_word' id='word_1_584' title='bbox 1519 1473 1702 1508; x_wconf 77' lang='grc' dir='ltr'>κατῳκηκότι</span> <span class='ocrx_word' id='word_1_585' title='bbox 1717 1474 1801 1508; x_wconf 79' lang='grc' dir='ltr'>μόνον</span> 
     </span>
    </p>
   </div>
   <div class='ocr_carea' id='block_1_76' title="bbox 1007 1517 1800 1553">
    <p class='ocr_par' dir='ltr' id='par_1_76' title="bbox 1007 1517 1800 1553">
     <span class='ocr_line' id='line_1_76' title="bbox 1007 1517 1800 1553; baseline 0.001 -10"><span class='ocrx_word' id='word_1_586' title='bbox 1007 1518 1035 1543; x_wconf 80' lang='grc' dir='ltr'>ὲν</span> <span class='ocrx_word' id='word_1_587' title='bbox 1046 1517 1120 1552; x_wconf 79' lang='grc' dir='ltr'>αὐτῷ</span> <span class='ocrx_word' id='word_1_588' title='bbox 1132 1518 1178 1544; x_wconf 76' lang='grc' dir='ltr'><strong>τὸν</strong></span> <span class='ocrx_word' id='word_1_589' title='bbox 1188 1517 1235 1544; x_wconf 84' lang='grc' dir='ltr'>τοῦ</span> <span class='ocrx_word' id='word_1_590' title='bbox 1247 1517 1313 1544; x_wconf 84' lang='grc' dir='ltr'>Θεοῦ</span> <span class='ocrx_word' id='word_1_591' title='bbox 1326 1518 1413 1551; x_wconf 87' lang='grc' dir='ltr'>Λόγου</span> <span class='ocrx_word' id='word_1_592' title='bbox 1426 1518 1506 1553; x_wconf 78' lang='grc' dir='ltr'>ἔχων,</span> <span class='ocrx_word' id='word_1_593' title='bbox 1520 1518 1579 1550; x_wconf 84' lang='grc' dir='ltr'><strong>πῶς</strong></span> <span class='ocrx_word' id='word_1_594' title='bbox 1596 1519 1680 1545; x_wconf 76' lang='grc' dir='ltr'>αὐτοῦ</span> <span class='ocrx_word' id='word_1_595' title='bbox 1688 1519 1718 1545; x_wconf 78' lang='grc' dir='ltr'>τὸ</span> <span class='ocrx_word' id='word_1_596' title='bbox 1728 1518 1800 1544; x_wconf 72' lang='grc' dir='ltr'>θεῖον</span> 
     </span>
    </p>
   </div>
   <div class='ocr_carea' id='block_1_77' title="bbox 1006 1562 1801 1600">
    <p class='ocr_par' dir='ltr' id='par_1_77' title="bbox 1006 1562 1801 1600">
     <span class='ocr_line' id='line_1_77' title="bbox 1006 1562 1801 1600; baseline 0.003 -12"><span class='ocrx_word' id='word_1_597' title='bbox 1006 1562 1113 1597; x_wconf 77' lang='grc' dir='ltr'>λέγεται</span> <span class='ocrx_word' id='word_1_598' title='bbox 1133 1563 1260 1598; x_wconf 85' lang='grc' dir='ltr'>Πνεῦμα;</span> <span class='ocrx_word' id='word_1_599' title='bbox 1275 1564 1342 1590; x_wconf 76' lang='grc' dir='ltr'>ἀλλὰ</span> <span class='ocrx_word' id='word_1_600' title='bbox 1361 1564 1413 1600; x_wconf 82' lang='grc' dir='ltr'>μὴν</span> <span class='ocrx_word' id='word_1_601' title='bbox 1431 1565 1496 1591; x_wconf 75' lang='grc' dir='ltr'>ἴδιον</span> <span class='ocrx_word' id='word_1_602' title='bbox 1518 1563 1601 1590; x_wconf 84' lang='grc' dir='ltr'>αὐτοῦ</span> <span class='ocrx_word' id='word_1_603' title='bbox 1628 1565 1659 1591; x_wconf 70' lang='grc' dir='ltr'><strong>τὸ</strong></span> <span class='ocrx_word' id='word_1_604' title='bbox 1684 1564 1801 1597; x_wconf 68' lang='grc' dir='ltr'>Πνεῦμα</span> 
     </span>
    </p>
   </div>
   <div class='ocr_carea' id='block_1_78' title="bbox 1005 1609 1799 1646">
    <p class='ocr_par' dir='ltr' id='par_1_78' title="bbox 1005 1609 1799 1646">
     <span class='ocr_line' id='line_1_78' title="bbox 1005 1609 1799 1646; baseline 0.001 -11"><span class='ocrx_word' id='word_1_605' title='bbox 1005 1609 1077 1635; x_wconf 78' lang='grc' dir='ltr'>ἐστι’</span> <span class='ocrx_word' id='word_1_606' title='bbox 1093 1609 1158 1640; x_wconf 75' lang='grc' dir='ltr'>Θεὸς</span> <span class='ocrx_word' id='word_1_607' title='bbox 1173 1610 1237 1645; x_wconf 85' lang='grc' dir='ltr'>ἄρα,</span> <span class='ocrx_word' id='word_1_608' title='bbox 1249 1610 1297 1636; x_wconf 76' lang='grc' dir='ltr'>καὶ</span> <span class='ocrx_word' id='word_1_609' title='bbox 1308 1611 1357 1645; x_wconf 76' lang='grc' dir='ltr'><strong>οὐχ</strong></span> <span class='ocrx_word' id='word_1_610' title='bbox 1372 1610 1482 1646; x_wconf 78' lang='grc' dir='ltr'>ἑτέρως.</span> <span class='ocrx_word' id='word_1_611' title='bbox 1500 1611 1537 1637; x_wconf 78' lang='grc' dir='ltr'><strong>Οὐ</strong></span> <span class='ocrx_word' id='word_1_612' title='bbox 1552 1611 1608 1646; x_wconf 79' lang='grc' dir='ltr'><strong>γὰρ</strong></span> <span class='ocrx_word' id='word_1_613' title='bbox 1620 1611 1648 1636; x_wconf 82' lang='grc' dir='ltr'>ὲν</span> <span class='ocrx_word' id='word_1_614' title='bbox 1661 1610 1799 1646; x_wconf 71' lang='grc' dir='ltr'>ἀνθρώπῳ</span> 
     </span>
    </p>
   </div>
   <div class='ocr_carea' id='block_1_79' title="bbox 1005 1655 1799 1692">
    <p class='ocr_par' dir='ltr' id='par_1_79' title="bbox 1005 1655 1799 1692">
     <span class='ocr_line' id='line_1_79' title="bbox 1005 1655 1799 1692; baseline 0.003 -11"><span class='ocrx_word' id='word_1_615' title='bbox 1005 1655 1116 1689; x_wconf 82' lang='grc' dir='ltr'>γέγονεν</span> <span class='ocrx_word' id='word_1_616' title='bbox 1133 1656 1148 1682; x_wconf 85' lang='grc' dir='ltr'>ὁ</span> <span class='ocrx_word' id='word_1_617' title='bbox 1167 1656 1214 1682; x_wconf 82' lang='grc' dir='ltr'>τοῦ</span> <span class='ocrx_word' id='word_1_618' title='bbox 1238 1656 1305 1683; x_wconf 79' lang='grc' dir='ltr'>Θεοῦ</span> <span class='ocrx_word' id='word_1_619' title='bbox 1322 1657 1418 1690; x_wconf 85' lang='grc' dir='ltr'>Λόγος,</span> <span class='ocrx_word' id='word_1_620' title='bbox 1434 1657 1502 1683; x_wconf 76' lang='grc' dir='ltr'>ἀλλὰ</span> <span class='ocrx_word' id='word_1_621' title='bbox 1524 1657 1639 1691; x_wconf 83' lang='grc' dir='ltr'>γέγονεν</span> <span class='ocrx_word' id='word_1_622' title='bbox 1655 1657 1799 1692; x_wconf 58' lang='lat' dir='ltr'><strong>autme</strong></span> 
     </span>
    </p>
   </div>
   <div class='ocr_carea' id='block_1_80' title="bbox 1006 1700 1799 1738">
    <p class='ocr_par' dir='ltr' id='par_1_80' title="bbox 1006 1700 1799 1738">
     <span class='ocr_line' id='line_1_80' title="bbox 1006 1700 1799 1738; baseline 0.003 -11"><span class='ocrx_word' id='word_1_623' title='bbox 1006 1700 1123 1732; x_wconf 81' lang='grc' dir='ltr'>ἀληθῶς,</span> <span class='ocrx_word' id='word_1_624' title='bbox 1143 1701 1213 1736; x_wconf 83' lang='grc' dir='ltr'>μετὰ</span> <span class='ocrx_word' id='word_1_625' title='bbox 1232 1701 1279 1728; x_wconf 84' lang='grc' dir='ltr'>τοῦ</span> <span class='ocrx_word' id='word_1_626' title='bbox 1301 1702 1391 1736; x_wconf 84' lang='grc' dir='ltr'>μεῖναι</span> <span class='ocrx_word' id='word_1_627' title='bbox 1406 1701 1481 1733; x_wconf 81' lang='grc' dir='ltr'>Θεός.</span> <span class='ocrx_word' id='word_1_628' title='bbox 1499 1702 1578 1728; x_wconf 88' lang='grc' dir='ltr'>Οὖτω</span> <span class='ocrx_word' id='word_1_629' title='bbox 1592 1702 1648 1738; x_wconf 75' lang='grc' dir='ltr'><strong>γὰρ</strong></span> <span class='ocrx_word' id='word_1_630' title='bbox 1663 1703 1696 1729; x_wconf 83' lang='grc' dir='ltr'>ἂν</span> <span class='ocrx_word' id='word_1_631' title='bbox 1712 1705 1799 1730; x_wconf 79' lang='grc' dir='ltr'>νοοῖτο</span> 
     </span>
    </p>
   </div>
   <div class='ocr_carea' id='block_1_81' title="bbox 1006 1747 1682 1784">
    <p class='ocr_par' dir='ltr' id='par_1_81' title="bbox 1006 1747 1682 1784">
     <span class='ocr_line' id='line_1_81' title="bbox 1006 1747 1682 1784; baseline 0.003 -11"><span class='ocrx_word' id='word_1_632' title='bbox 1006 1747 1124 1781; x_wconf 77' lang='grc' dir='ltr'>Χριστοῦ</span> <span class='ocrx_word' id='word_1_633' title='bbox 1140 1748 1171 1774; x_wconf 83' lang='grc' dir='ltr'><strong>τὸ</strong></span> <span class='ocrx_word' id='word_1_634' title='bbox 1184 1748 1294 1783; x_wconf 83' lang='grc' dir='ltr'>Πνεῦμα</span> <span class='ocrx_word' id='word_1_635' title='bbox 1309 1748 1443 1784; x_wconf 75' lang='grc' dir='ltr'><strong>ὑπάρχειν</strong></span> <span class='ocrx_word' id='word_1_636' title='bbox 1458 1748 1488 1774; x_wconf 73' lang='grc' dir='ltr'><strong>τὸ</strong></span> <span class='ocrx_word' id='word_1_637' title='bbox 1503 1747 1548 1774; x_wconf 86' lang='grc' dir='ltr'><strong>τοῦ</strong></span> <span class='ocrx_word' id='word_1_638' title='bbox 1563 1748 1682 1784; x_wconf 81' lang='grc' dir='ltr'>Πατρός.</span> 
     </span>
    </p>
   </div>
   <div class='ocr_carea' id='block_1_82' title="bbox 1044 1878 1795 1915">
    <p class='ocr_par' dir='ltr' id='par_1_82' title="bbox 1044 1878 1795 1915">
     <span class='ocr_line' id='line_1_82' title="bbox 1044 1878 1795 1915; baseline 0.004 -11"><span class='ocrx_word' id='word_1_639' title='bbox 1044 1879 1136 1906; x_wconf 73' lang='grc' dir='ltr'>(Ὅσοι</span> <span class='ocrx_word' id='word_1_640' title='bbox 1160 1879 1213 1914; x_wconf 78' lang='grc' dir='ltr'><strong>γὰρ</strong></span> <span class='ocrx_word' id='word_1_641' title='bbox 1232 1879 1370 1915; x_wconf 74' lang='grc' dir='ltr'>Πνεῦματι</span> <span class='ocrx_word' id='word_1_642' title='bbox 1391 1880 1458 1907; x_wconf 82' lang='grc' dir='ltr'>Θεοῦ</span> <span class='ocrx_word' id='word_1_643' title='bbox 1483 1881 1607 1915; x_wconf 81' lang='grc' dir='ltr'>ἄγονται.</span> <span class='ocrx_word' id='word_1_644' title='bbox 1631 1878 1705 1908; x_wconf 69' lang='grc' dir='ltr'>οὗτοί</span> <span class='ocrx_word' id='word_1_645' title='bbox 1728 1882 1795 1907; x_wconf 68' lang='grc' dir='ltr'>εἰςιν</span> 
     </span>
    </p>
   </div>
   <div class='ocr_carea' id='block_1_83' title="bbox 1006 1924 1795 1961">
    <p class='ocr_par' dir='ltr' id='par_1_83' title="bbox 1006 1924 1795 1961">
     <span class='ocr_line' id='line_1_83' title="bbox 1006 1924 1795 1961; baseline 0.005 -11"><span class='ocrx_word' id='word_1_646' title='bbox 1006 1925 1059 1951; x_wconf 78' lang='grc' dir='ltr'><strong>υἱοὶ</strong></span> <span class='ocrx_word' id='word_1_647' title='bbox 1069 1924 1147 1950; x_wconf 82' lang='grc' dir='ltr'>Θεοῦ.</span> <span class='ocrx_word' id='word_1_648' title='bbox 1160 1925 1198 1951; x_wconf 77' lang='grc' dir='ltr'><strong>Οὐ</strong></span> <span class='ocrx_word' id='word_1_649' title='bbox 1214 1926 1267 1960; x_wconf 75' lang='grc' dir='ltr'><strong>γὰρ</strong></span> <span class='ocrx_word' id='word_1_650' title='bbox 1282 1926 1393 1952; x_wconf 83' lang='grc' dir='ltr'>ὲλάὁετε</span> <span class='ocrx_word' id='word_1_651' title='bbox 1407 1926 1514 1961; x_wconf 79' lang='grc' dir='ltr'>πνεῦμα</span> <span class='ocrx_word' id='word_1_652' title='bbox 1524 1927 1647 1959; x_wconf 82' lang='grc' dir='ltr'>δουλείας</span> <span class='ocrx_word' id='word_1_653' title='bbox 1660 1928 1742 1954; x_wconf 74' lang='grc' dir='ltr'>πάλιν</span> <span class='ocrx_word' id='word_1_654' title='bbox 1757 1930 1795 1954; x_wconf 73' lang='grc' dir='ltr'>εἱς</span> 
     </span>
    </p>
   </div>
   <div class='ocr_carea' id='block_1_84' title="bbox 1005 1970 1792 2011">
    <p class='ocr_par' dir='ltr' id='par_1_84' title="bbox 1005 1970 1792 2011">
     <span class='ocr_line' id='line_1_84' title="bbox 1005 1970 1792 2011; baseline 0.005 -15"><span class='ocrx_word' id='word_1_655' title='bbox 1005 1970 1098 2004; x_wconf 75' lang='grc' dir='ltr'>φόϐον,</span> <span class='ocrx_word' id='word_1_656' title='bbox 1117 1970 1173 1997; x_wconf 78' lang='grc' dir='ltr'>ἀλλ’</span> <span class='ocrx_word' id='word_1_657' title='bbox 1187 1971 1295 2011; x_wconf 72' lang='grc' dir='ltr'>ἐλάϐετε</span> <span class='ocrx_word' id='word_1_658' title='bbox 1313 1972 1421 2006; x_wconf 83' lang='grc' dir='ltr'>πνεῦμα</span> <span class='ocrx_word' id='word_1_659' title='bbox 1443 1973 1589 2004; x_wconf 67' lang='grc' dir='ltr'>υἱοθεσίας,</span> <span class='ocrx_word' id='word_1_660' title='bbox 1607 1974 1638 2000; x_wconf 83' lang='grc' dir='ltr'>ὲν</span> <span class='ocrx_word' id='word_1_661' title='bbox 1657 1970 1680 2006; x_wconf 82' lang='grc' dir='ltr'>ᾧ</span> <span class='ocrx_word' id='word_1_662' title='bbox 1695 1974 1792 2008; x_wconf 78' lang='grc' dir='ltr'><strong>κράζο-</strong></span> 
     </span>
    </p>
   </div>
   <div class='ocr_carea' id='block_1_85' title="bbox 1006 2016 1791 2054">
    <p class='ocr_par' dir='ltr' id='par_1_85' title="bbox 1006 2016 1791 2054">
     <span class='ocr_line' id='line_1_85' title="bbox 1006 2016 1791 2054; baseline 0.006 -13"><span class='ocrx_word' id='word_1_663' title='bbox 1006 2024 1066 2051; x_wconf 85' lang='grc' dir='ltr'>μεν,</span> <span class='ocrx_word' id='word_1_664' title='bbox 1075 2016 1192 2048; x_wconf 78' lang='grc' dir='ltr'><strong>¹Λ66ᾱ,ὸ</strong></span> <span class='ocrx_word' id='word_1_665' title='bbox 1210 2017 1316 2052; x_wconf 82' lang='grc' dir='ltr'>Πατήρ.</span> <span class='ocrx_word' id='word_1_666' title='bbox 1330 2027 1338 2043; x_wconf 73' lang='grc' dir='ltr'>ι</span> <span class='ocrx_word' id='word_1_667' title='bbox 1350 2018 1377 2044; x_wconf 90' lang='lat' dir='ltr'><strong>&#39;U</strong></span> <span class='ocrx_word' id='word_1_668' title='bbox 1395 2019 1529 2054; x_wconf 76' lang='grc' dir='ltr'>μακάριος</span> <span class='ocrx_word' id='word_1_669' title='bbox 1551 2019 1651 2054; x_wconf 78' lang='grc' dir='ltr'>γράφει</span> <span class='ocrx_word' id='word_1_670' title='bbox 1667 2019 1773 2050; x_wconf 70' lang='grc' dir='ltr'>Παῦλος</span> <span class='ocrx_word' id='word_1_671' title='bbox 1784 2028 1791 2034; x_wconf 87' lang='grc'><strong>·</strong></span> 
     </span>
    </p>
   </div>
   <div class='ocr_carea' id='block_1_86' title="bbox 1007 2061 1794 2099">
    <p class='ocr_par' dir='ltr' id='par_1_86' title="bbox 1007 2061 1794 2099">
     <span class='ocr_line' id='line_1_86' title="bbox 1007 2061 1794 2099; baseline 0.005 -12"><span class='ocrx_word' id='word_1_672' title='bbox 1007 2062 1084 2087; x_wconf 77' lang='grc' dir='ltr'>«Ὅτι</span> <span class='ocrx_word' id='word_1_673' title='bbox 1098 2061 1127 2087; x_wconf 79' lang='grc' dir='ltr'><strong>δέ</strong></span> <span class='ocrx_word' id='word_1_674' title='bbox 1143 2062 1205 2088; x_wconf 75' lang='grc' dir='ltr'>ἐστε</span> <span class='ocrx_word' id='word_1_675' title='bbox 1220 2063 1283 2095; x_wconf 74' lang='grc' dir='ltr'>υἱοὶ,</span> <span class='ocrx_word' id='word_1_676' title='bbox 1300 2062 1492 2095; x_wconf 74' lang='grc' dir='ltr'><strong>ἐξαπέστειλεν</strong></span> <span class='ocrx_word' id='word_1_677' title='bbox 1513 2065 1528 2090; x_wconf 84' lang='grc' dir='ltr'>ὁ</span> <span class='ocrx_word' id='word_1_678' title='bbox 1551 2065 1618 2096; x_wconf 75' lang='grc' dir='ltr'>Θεὸς</span> <span class='ocrx_word' id='word_1_679' title='bbox 1637 2064 1666 2091; x_wconf 77' lang='grc' dir='ltr'>τὸ</span> <span class='ocrx_word' id='word_1_680' title='bbox 1682 2065 1794 2099; x_wconf 70' lang='grc' dir='ltr'>Πνεῦμα</span> 
     </span>
    </p>
   </div>
   <div class='ocr_carea' id='block_1_87' title="bbox 1003 2106 1792 2146">
    <p class='ocr_par' dir='ltr' id='par_1_87' title="bbox 1003 2106 1792 2146">
     <span class='ocr_line' id='line_1_87' title="bbox 1003 2106 1792 2146; baseline 0.006 -14"><span class='ocrx_word' id='word_1_681' title='bbox 1003 2106 1049 2133; x_wconf 81' lang='grc' dir='ltr'><strong>τοῦ</strong></span> <span class='ocrx_word' id='word_1_682' title='bbox 1063 2107 1126 2134; x_wconf 77' lang='grc' dir='ltr'><strong>Υἱοῦ</strong></span> <span class='ocrx_word' id='word_1_683' title='bbox 1144 2107 1225 2134; x_wconf 82' lang='grc' dir='ltr'>αὑτοῦ</span> <span class='ocrx_word' id='word_1_684' title='bbox 1241 2109 1280 2139; x_wconf 85' lang='grc' dir='ltr'><strong>εἰς</strong></span> <span class='ocrx_word' id='word_1_685' title='bbox 1293 2109 1343 2140; x_wconf 80' lang='grc' dir='ltr'><strong>τὰς</strong></span> <span class='ocrx_word' id='word_1_686' title='bbox 1356 2110 1469 2144; x_wconf 80' lang='grc' dir='ltr'>καρδίας</span> <span class='ocrx_word' id='word_1_687' title='bbox 1484 2110 1792 2146; x_wconf 73' lang='grc' dir='ltr'><strong>ὕμῶν.κράζον.”Λ665,</strong></span> 
     </span>
    </p>
   </div>
   <div class='ocr_carea' id='block_1_88' title="bbox 1002 2154 1792 2192">
    <p class='ocr_par' dir='ltr' id='par_1_88' title="bbox 1002 2154 1792 2192">
     <span class='ocr_line' id='line_1_88' title="bbox 1002 2154 1792 2192; baseline 0.004 -12"><span class='ocrx_word' id='word_1_688' title='bbox 1002 2155 1016 2180; x_wconf 86' lang='grc' dir='ltr'>ὁ</span> <span class='ocrx_word' id='word_1_689' title='bbox 1036 2154 1138 2189; x_wconf 85' lang='grc' dir='ltr'>Πατήρ.</span> <span class='ocrx_word' id='word_1_690' title='bbox 1157 2164 1166 2180; x_wconf 78' lang='grc' dir='ltr'>ι</span> <span class='ocrx_word' id='word_1_691' title='bbox 1185 2154 1289 2181; x_wconf 77' lang='grc' dir='ltr'>Οὐκοῦν</span> <span class='ocrx_word' id='word_1_692' title='bbox 1305 2156 1329 2181; x_wconf 86' lang='grc' dir='ltr'>εἰ</span> <span class='ocrx_word' id='word_1_693' title='bbox 1347 2155 1375 2181; x_wconf 77' lang='grc' dir='ltr'>ἐν</span> <span class='ocrx_word' id='word_1_694' title='bbox 1386 2155 1524 2190; x_wconf 76' lang='grc' dir='ltr'>Πνεύματι</span> <span class='ocrx_word' id='word_1_695' title='bbox 1540 2155 1588 2181; x_wconf 83' lang='grc' dir='ltr'>τοῦ</span> <span class='ocrx_word' id='word_1_696' title='bbox 1602 2155 1668 2182; x_wconf 76' lang='grc' dir='ltr'>Υίοῦ</span> <span class='ocrx_word' id='word_1_697' title='bbox 1685 2158 1792 2192; x_wconf 72' lang='grc' dir='ltr'>παρρη-</span> 
     </span>
    </p>
   </div>
   <div class='ocr_carea' id='block_1_89' title="bbox 170 2197 951 2236">
    <p class='ocr_par' dir='ltr' id='par_1_89' title="bbox 170 2197 951 2229">
     <span class='ocr_line' id='line_1_89' title="bbox 170 2197 951 2229; baseline 0 -4"><span class='ocrx_word' id='word_1_698' title='bbox 170 2199 253 2226; x_wconf 89' lang='lat' dir='ltr'><strong>ritum</strong></span> <span class='ocrx_word' id='word_1_699' title='bbox 281 2198 404 2225; x_wconf 84' lang='lat' dir='ltr'><strong>ﬁduciam</strong></span> <span class='ocrx_word' id='word_1_700' title='bbox 439 2198 528 2229; x_wconf 82' lang='lat' dir='ltr'><strong>nacti,</strong></span> <span class='ocrx_word' id='word_1_701' title='bbox 562 2197 672 2225; x_wconf 86' lang='lat' dir='ltr'><strong>Patrem</strong></span> <span class='ocrx_word' id='word_1_702' title='bbox 702 2205 801 2225; x_wconf 88' lang='lat' dir='ltr'><strong>vocare</strong></span> <span class='ocrx_word' id='word_1_703' title='bbox 825 2198 951 2226; x_wconf 86' lang='lat' dir='ltr'><strong>audemus</strong></span> 
     </span>
    </p>
   </div>
   <div class='ocr_carea' id='block_1_90' title="bbox 1045 2197 1792 2236">
    <p class='ocr_par' dir='ltr' id='par_1_90' title="bbox 1045 2200 1792 2236">
     <span class='ocr_line' id='line_1_90' title="bbox 1045 2200 1792 2236; baseline 0.004 -10"><span class='ocrx_word' id='word_1_704' title='bbox 1045 2209 1066 2226; x_wconf 88' lang='grc' dir='ltr'>ιν</span> <span class='ocrx_word' id='word_1_705' title='bbox 1087 2200 1184 2236; x_wconf 75' lang='grc' dir='ltr'>ἔχομεν</span> <span class='ocrx_word' id='word_1_706' title='bbox 1205 2201 1314 2236; x_wconf 84' lang='grc' dir='ltr'>Πατέρα</span> <span class='ocrx_word' id='word_1_707' title='bbox 1332 2201 1423 2228; x_wconf 82' lang='grc' dir='ltr'>καλεῖν</span> <span class='ocrx_word' id='word_1_708' title='bbox 1435 2201 1481 2228; x_wconf 79' lang='grc' dir='ltr'>τὸν</span> <span class='ocrx_word' id='word_1_709' title='bbox 1494 2201 1572 2231; x_wconf 78' lang='grc' dir='ltr'>Θεὸν,</span> <span class='ocrx_word' id='word_1_710' title='bbox 1587 2202 1625 2234; x_wconf 83' lang='grc' dir='ltr'>ὡς</span> <span class='ocrx_word' id='word_1_711' title='bbox 1651 2202 1701 2228; x_wconf 76' lang='grc' dir='ltr'>τοῦ</span> <span class='ocrx_word' id='word_1_712' title='bbox 1725 2204 1792 2229; x_wconf 72' lang='grc' dir='ltr'>κατὰ</span> 
     </span>
    </p>
   </div>
   <div class='ocr_carea' id='block_1_91' title="bbox 171 2243 952 2278">
    <p class='ocr_par' dir='ltr' id='par_1_91' title="bbox 171 2243 952 2278">
     <span class='ocr_line' id='line_1_91' title="bbox 171 2243 952 2278; baseline -0.003 -7"><span class='ocrx_word' id='word_1_713' title='bbox 171 2245 265 2275; x_wconf 83' lang='lat' dir='ltr'><strong>Deum.</strong></span> <span class='ocrx_word' id='word_1_714' title='bbox 283 2249 411 2278; x_wconf 85' lang='lat' dir='ltr'><strong>tanquam</strong></span> <span class='ocrx_word' id='word_1_715' title='bbox 427 2243 473 2277; x_wconf 90' lang='lat' dir='ltr'><strong>qui</strong></span> <span class='ocrx_word' id='word_1_716' title='bbox 497 2243 630 2270; x_wconf 81' lang='lat' dir='ltr'><strong>naturalis</strong></span> <span class='ocrx_word' id='word_1_717' title='bbox 644 2243 754 2277; x_wconf 89' lang='lat' dir='ltr'><strong>verique</strong></span> <span class='ocrx_word' id='word_1_718' title='bbox 769 2243 831 2270; x_wconf 87' lang='lat' dir='ltr'><strong>Filii</strong></span> <span class='ocrx_word' id='word_1_719' title='bbox 850 2243 952 2276; x_wconf 87' lang='lat' dir='ltr'><strong>Spiritu</strong></span> 
     </span>
    </p>
   </div>
   <div class='ocr_carea' id='block_1_92' title="bbox 165 2288 949 2324">
    <p class='ocr_par' dir='ltr' id='par_1_92' title="bbox 165 2288 949 2324">
     <span class='ocr_line' id='line_1_92' title="bbox 165 2288 949 2324; baseline -0.001 -7"><span class='ocrx_word' id='word_1_720' title='bbox 165 2292 255 2317; x_wconf 81' lang='lat' dir='ltr'><strong>simus</strong></span> <span class='ocrx_word' id='word_1_721' title='bbox 267 2289 422 2324; x_wconf 87' lang='lat' dir='ltr'><strong>locupletati</strong></span> <span class='ocrx_word' id='word_1_722' title='bbox 435 2298 441 2315; x_wconf 90' lang='lat'>:</span> <span class='ocrx_word' id='word_1_723' title='bbox 460 2290 595 2323; x_wconf 86' lang='lat' dir='ltr'><strong>quomodo</strong></span> <span class='ocrx_word' id='word_1_724' title='bbox 604 2289 729 2316; x_wconf 85' lang='lat' dir='ltr'><strong>Christus</strong></span> <span class='ocrx_word' id='word_1_725' title='bbox 746 2296 799 2316; x_wconf 91' lang='lat' dir='ltr'><strong>non</strong></span> <span class='ocrx_word' id='word_1_726' title='bbox 813 2293 854 2316; x_wconf 86' lang='lat' dir='ltr'><strong>est</strong></span> <span class='ocrx_word' id='word_1_727' title='bbox 869 2288 949 2320; x_wconf 84' lang='lat' dir='ltr'><strong>Deus,</strong></span> 
     </span>
    </p>
   </div>
   <div class='ocr_carea' id='block_1_93' title="bbox 165 2334 951 2370">
    <p class='ocr_par' dir='ltr' id='par_1_93' title="bbox 165 2334 951 2370">
     <span class='ocr_line' id='line_1_93' title="bbox 165 2334 951 2370; baseline -0.004 -7"><span class='ocrx_word' id='word_1_728' title='bbox 165 2344 224 2364; x_wconf 77' lang='lat' dir='ltr'><strong>.nou</strong></span> <span class='ocrx_word' id='word_1_729' title='bbox 241 2341 343 2362; x_wconf 86' lang='lat' dir='ltr'><strong>tantum</strong></span> <span class='ocrx_word' id='word_1_730' title='bbox 357 2335 591 2369; x_wconf 83' lang='lat' dir='ltr'><strong>quatenussimilis</strong></span> <span class='ocrx_word' id='word_1_731' title='bbox 600 2335 677 2362; x_wconf 79' lang='lat' dir='ltr'><strong>nobis</strong></span> <span class='ocrx_word' id='word_1_732' title='bbox 687 2335 767 2362; x_wconf 89' lang='lat' dir='ltr'><strong>homo</strong></span> <span class='ocrx_word' id='word_1_733' title='bbox 782 2334 951 2370; x_wconf 79' lang='lat' dir='ltr'><strong>intelligitur,</strong></span> 
     </span>
    </p>
   </div>
   <div class='ocr_carea' id='block_1_94' title="bbox 170 2379 952 2416">
    <p class='ocr_par' dir='ltr' id='par_1_94' title="bbox 170 2379 952 2416">
     <span class='ocr_line' id='line_1_94' title="bbox 170 2379 952 2416; baseline -0.003 -7"><span class='ocrx_word' id='word_1_734' title='bbox 170 2382 216 2409; x_wconf 86' lang='lat' dir='ltr'><strong>sed</strong></span> <span class='ocrx_word' id='word_1_735' title='bbox 231 2387 364 2416; x_wconf 86' lang='lat' dir='ltr'><strong>quatenus</strong></span> <span class='ocrx_word' id='word_1_736' title='bbox 384 2379 498 2407; x_wconf 85' lang='lat' dir='ltr'><strong>Verbum</strong></span> <span class='ocrx_word' id='word_1_737' title='bbox 512 2381 610 2408; x_wconf 79' lang='lat' dir='ltr'><strong>factum</strong></span> <span class='ocrx_word' id='word_1_738' title='bbox 626 2386 667 2408; x_wconf 84' lang='lat' dir='ltr'><strong>est</strong></span> <span class='ocrx_word' id='word_1_739' title='bbox 684 2388 757 2412; x_wconf 82' lang='lat' dir='ltr'><strong>caro,</strong></span> <span class='ocrx_word' id='word_1_740' title='bbox 769 2388 856 2415; x_wconf 90' lang='lat' dir='ltr'><strong>neque</strong></span> <span class='ocrx_word' id='word_1_741' title='bbox 875 2387 952 2408; x_wconf 80' lang='lat' dir='ltr'><strong>secus</strong></span> 
     </span>
    </p>
   </div>
   <div class='ocr_carea' id='block_1_95' title="bbox 164 2426 926 2461">
    <p class='ocr_par' dir='ltr' id='par_1_95' title="bbox 164 2426 926 2461">
     <span class='ocr_line' id='line_1_95' title="bbox 164 2426 926 2461; baseline -0.001 -7"><span class='ocrx_word' id='word_1_742' title='bbox 164 2435 200 2455; x_wconf 35' lang='lat' dir='ltr'><strong>rac</strong></span> <span class='ocrx_word' id='word_1_743' title='bbox 215 2435 264 2454; x_wconf 90' lang='lat' dir='ltr'><strong>nos</strong></span> <span class='ocrx_word' id='word_1_744' title='bbox 280 2427 370 2454; x_wconf 88' lang='lat' dir='ltr'><strong>carnis</strong></span> <span class='ocrx_word' id='word_1_745' title='bbox 384 2431 411 2454; x_wconf 88' lang='lat' dir='ltr'><strong>et</strong></span> <span class='ocrx_word' id='word_1_746' title='bbox 426 2426 563 2461; x_wconf 79' lang='lat' dir='ltr'><strong>sanguinis</strong></span> <span class='ocrx_word' id='word_1_747' title='bbox 575 2427 709 2461; x_wconf 87' lang='lat' dir='ltr'><strong>particeps</strong></span> <span class='ocrx_word' id='word_1_748' title='bbox 725 2426 850 2454; x_wconf 72' lang='lat' dir='ltr'><strong>eﬂectum</strong></span> <span class='ocrx_word' id='word_1_749' title='bbox 866 2426 926 2453; x_wconf 79' lang='lat' dir='ltr'><strong>est?</strong></span> 
     </span>
    </p>
   </div>
   <div class='ocr_carea' id='block_1_96' title="bbox 206 2471 953 2506">
    <p class='ocr_par' dir='ltr' id='par_1_96' title="bbox 206 2471 953 2506">
     <span class='ocr_line' id='line_1_96' title="bbox 206 2471 953 2506; baseline 0 -8"><span class='ocrx_word' id='word_1_750' title='bbox 206 2481 217 2499; x_wconf 75' lang='grc' dir='ltr'>ι</span> <span class='ocrx_word' id='word_1_751' title='bbox 234 2472 300 2506; x_wconf 81' lang='lat' dir='ltr'><strong>Quis</strong></span> <span class='ocrx_word' id='word_1_752' title='bbox 317 2479 365 2499; x_wconf 88' lang='lat' dir='ltr'><strong>nos</strong></span> <span class='ocrx_word' id='word_1_753' title='bbox 380 2473 518 2506; x_wconf 83' lang='lat' dir='ltr'><strong>separabit</strong></span> <span class='ocrx_word' id='word_1_754' title='bbox 531 2480 545 2498; x_wconf 84' lang='lat' dir='ltr'><strong>a</strong></span> <span class='ocrx_word' id='word_1_755' title='bbox 561 2472 694 2499; x_wconf 86' lang='lat' dir='ltr'><strong>charitate</strong></span> <span class='ocrx_word' id='word_1_756' title='bbox 708 2472 831 2499; x_wconf 88' lang='lat' dir='ltr'><strong>Christi?</strong></span> <span class='ocrx_word' id='word_1_757' title='bbox 844 2471 953 2499; x_wconf 89' lang='lat' dir='ltr'><strong>tribula-</strong></span> 
     </span>
    </p>
   </div>
   <div class='ocr_carea' id='block_1_97' title="bbox 170 2517 951 2553">
    <p class='ocr_par' dir='ltr' id='par_1_97' title="bbox 170 2517 951 2553">
     <span class='ocr_line' id='line_1_97' title="bbox 170 2517 951 2553; baseline -0.003 -8"><span class='ocrx_word' id='word_1_758' title='bbox 170 2519 208 2546; x_wconf 76' lang='lat' dir='ltr'><strong>tio</strong></span> <span class='ocrx_word' id='word_1_759' title='bbox 220 2539 228 2551; x_wconf 84' lang='lat'><strong>,</strong></span> <span class='ocrx_word' id='word_1_760' title='bbox 252 2527 285 2545; x_wconf 91' lang='lat' dir='ltr'><strong>an</strong></span> <span class='ocrx_word' id='word_1_761' title='bbox 302 2519 425 2553; x_wconf 79' lang='lat' dir='ltr'><strong>angustia</strong></span> <span class='ocrx_word' id='word_1_762' title='bbox 437 2538 443 2550; x_wconf 91' lang='lat'><strong>,</strong></span> <span class='ocrx_word' id='word_1_763' title='bbox 461 2526 494 2545; x_wconf 86' lang='lat' dir='ltr'><strong>an</strong></span> <span class='ocrx_word' id='word_1_764' title='bbox 516 2517 618 2550; x_wconf 79' lang='lat' dir='ltr'><strong>fames,</strong></span> <span class='ocrx_word' id='word_1_765' title='bbox 635 2526 669 2544; x_wconf 91' lang='lat' dir='ltr'><strong>an</strong></span> <span class='ocrx_word' id='word_1_766' title='bbox 689 2518 796 2545; x_wconf 82' lang='lat' dir='ltr'><strong>nuditas</strong></span> <span class='ocrx_word' id='word_1_767' title='bbox 807 2540 814 2551; x_wconf 88' lang='lat'><strong>,</strong></span> <span class='ocrx_word' id='word_1_768' title='bbox 829 2525 862 2544; x_wconf 86' lang='lat' dir='ltr'><strong>an</strong></span> <span class='ocrx_word' id='word_1_769' title='bbox 878 2518 951 2552; x_wconf 83' lang='lat' dir='ltr'><strong>peri-</strong></span> 
     </span>
    </p>
   </div>
   <div class='ocr_carea' id='block_1_98' title="bbox 167 2562 952 2599">
    <p class='ocr_par' dir='ltr' id='par_1_98' title="bbox 167 2562 952 2599">
     <span class='ocr_line' id='line_1_98' title="bbox 167 2562 952 2599; baseline -0.003 -8"><span class='ocrx_word' id='word_1_770' title='bbox 167 2565 278 2596; x_wconf 84' lang='lat' dir='ltr'><strong>culum,</strong></span> <span class='ocrx_word' id='word_1_771' title='bbox 305 2573 338 2590; x_wconf 88' lang='lat' dir='ltr'><strong>an</strong></span> <span class='ocrx_word' id='word_1_772' title='bbox 361 2565 530 2599; x_wconf 84' lang='lat' dir='ltr'><strong>persecutio,</strong></span> <span class='ocrx_word' id='word_1_773' title='bbox 554 2571 588 2590; x_wconf 90' lang='lat' dir='ltr'><strong>an</strong></span> <span class='ocrx_word' id='word_1_774' title='bbox 610 2563 788 2599; x_wconf 72' lang='lat' dir='ltr'><strong>gladius&quot;h</strong></span> <span class='ocrx_word' id='word_1_775' title='bbox 818 2562 871 2590; x_wconf 79' lang='lat' dir='ltr'><strong>Lex</strong></span> <span class='ocrx_word' id='word_1_776' title='bbox 897 2562 952 2589; x_wconf 74' lang='lat' dir='ltr'><strong>illo-</strong></span> 
     </span>
    </p>
   </div>
   <div class='ocr_carea' id='block_1_99' title="bbox 167 2609 948 2644">
    <p class='ocr_par' dir='ltr' id='par_1_99' title="bbox 167 2609 948 2644">
     <span class='ocr_line' id='line_1_99' title="bbox 167 2609 948 2644; baseline -0.001 -8"><span class='ocrx_word' id='word_1_777' title='bbox 167 2611 241 2636; x_wconf 83' lang='lat' dir='ltr'><strong>saica</strong></span> <span class='ocrx_word' id='word_1_778' title='bbox 263 2610 332 2637; x_wconf 87' lang='lat' dir='ltr'><strong>inter</strong></span> <span class='ocrx_word' id='word_1_779' title='bbox 347 2615 443 2637; x_wconf 65' lang='lat' dir='ltr'><strong>cmtera</strong></span> <span class='ocrx_word' id='word_1_780' title='bbox 463 2610 593 2642; x_wconf 87' lang='lat' dir='ltr'><strong>dictabat,</strong></span> <span class='ocrx_word' id='word_1_781' title='bbox 613 2609 786 2644; x_wconf 79' lang='lat' dir='ltr'><strong>graviterque</strong></span> <span class='ocrx_word' id='word_1_782' title='bbox 807 2610 948 2644; x_wconf 60' lang='lat' dir='ltr'><strong>praecipie-</strong></span> 
     </span>
    </p>
   </div>
   <div class='ocr_carea' id='block_1_100' title="bbox 169 2655 954 2690">
    <p class='ocr_par' dir='ltr' id='par_1_100' title="bbox 169 2655 954 2690">
     <span class='ocr_line' id='line_1_100' title="bbox 169 2655 954 2690; baseline 0.003 -9"><span class='ocrx_word' id='word_1_783' title='bbox 169 2655 233 2682; x_wconf 86' lang='lat' dir='ltr'><strong>bat:</strong></span> <span class='ocrx_word' id='word_1_784' title='bbox 251 2665 260 2680; x_wconf 85' lang='lat' dir='ltr'><strong>I</strong></span> <span class='ocrx_word' id='word_1_785' title='bbox 277 2655 376 2690; x_wconf 75' lang='lat' dir='ltr'><strong>Diliges</strong></span> <span class='ocrx_word' id='word_1_786' title='bbox 391 2656 534 2683; x_wconf 88' lang='lat' dir='ltr'><strong>Dominum</strong></span> <span class='ocrx_word' id='word_1_787' title='bbox 553 2657 635 2682; x_wconf 86' lang='lat' dir='ltr'><strong>Deum</strong></span> <span class='ocrx_word' id='word_1_788' title='bbox 652 2660 725 2682; x_wconf 90' lang='lat' dir='ltr'><strong>tuum</strong></span> <span class='ocrx_word' id='word_1_789' title='bbox 745 2662 778 2682; x_wconf 80' lang='lat' dir='ltr'><strong>ex</strong></span> <span class='ocrx_word' id='word_1_790' title='bbox 800 2660 858 2682; x_wconf 88' lang='lat' dir='ltr'><strong>toto</strong></span> <span class='ocrx_word' id='word_1_791' title='bbox 872 2657 954 2683; x_wconf 87' lang='lat' dir='ltr'><strong>corde</strong></span> 
     </span>
    </p>
   </div>
   <div class='ocr_carea' id='block_1_101' title="bbox 162 2701 954 2736">
    <p class='ocr_par' dir='ltr' id='par_1_101' title="bbox 162 2701 954 2736">
     <span class='ocr_line' id='line_1_101' title="bbox 162 2701 954 2736; baseline 0.003 -9"><span class='ocrx_word' id='word_1_792' title='bbox 162 2706 225 2732; x_wconf 83' lang='lat' dir='ltr'><strong>.tuo.</strong></span> <span class='ocrx_word' id='word_1_793' title='bbox 253 2709 285 2729; x_wconf 80' lang='lat' dir='ltr'><strong>ex</strong></span> <span class='ocrx_word' id='word_1_794' title='bbox 313 2707 369 2729; x_wconf 84' lang='lat' dir='ltr'><strong>tota</strong></span> <span class='ocrx_word' id='word_1_795' title='bbox 400 2702 489 2729; x_wconf 89' lang='lat' dir='ltr'><strong>anima</strong></span> <span class='ocrx_word' id='word_1_796' title='bbox 518 2706 574 2736; x_wconf 84' lang='lat' dir='ltr'><strong>tua,</strong></span> <span class='ocrx_word' id='word_1_797' title='bbox 600 2707 628 2728; x_wconf 89' lang='lat' dir='ltr'><strong>et</strong></span> <span class='ocrx_word' id='word_1_798' title='bbox 656 2708 688 2728; x_wconf 85' lang='lat' dir='ltr'><strong>ex</strong></span> <span class='ocrx_word' id='word_1_799' title='bbox 715 2705 770 2728; x_wconf 89' lang='lat' dir='ltr'><strong>tota</strong></span> <span class='ocrx_word' id='word_1_800' title='bbox 798 2701 954 2729; x_wconf 80' lang='lat' dir='ltr'><strong>fortitudine</strong></span> 
     </span>
    </p>
   </div>
   <div class='ocr_carea' id='block_1_102' title="bbox 169 2747 952 2782">
    <p class='ocr_par' dir='ltr' id='par_1_102' title="bbox 169 2747 952 2782">
     <span class='ocr_line' id='line_1_102' title="bbox 169 2747 952 2782; baseline 0.001 -10"><span class='ocrx_word' id='word_1_801' title='bbox 169 2751 215 2773; x_wconf 86' lang='lat' dir='ltr'><strong>tua</strong></span> <span class='ocrx_word' id='word_1_802' title='bbox 228 2747 250 2774; x_wconf 71' lang='lat'><strong>‘.</strong></span> <span class='ocrx_word' id='word_1_803' title='bbox 267 2757 276 2772; x_wconf 83' lang='grc'><strong>›</strong></span> <span class='ocrx_word' id='word_1_804' title='bbox 301 2747 368 2775; x_wconf 84' lang='lat' dir='ltr'><strong>Cum</strong></span> <span class='ocrx_word' id='word_1_805' title='bbox 397 2747 479 2782; x_wconf 73' lang='lat' dir='ltr'><strong>igitur</strong></span> <span class='ocrx_word' id='word_1_806' title='bbox 509 2748 701 2780; x_wconf 86' lang='lat' dir='ltr'><strong>dilectionem,</strong></span> <span class='ocrx_word' id='word_1_807' title='bbox 730 2755 789 2782; x_wconf 79' lang='lat' dir='ltr'><strong>qua:</strong></span> <span class='ocrx_word' id='word_1_808' title='bbox 816 2747 841 2774; x_wconf 92' lang='lat' dir='ltr'><strong>in</strong></span> <span class='ocrx_word' id='word_1_809' title='bbox 870 2747 952 2774; x_wconf 72' lang='lat' dir='ltr'><strong>Delum</strong></span> 
     </span>
    </p>
   </div>
   <div class='ocr_carea' id='block_1_103' title="bbox 205 2813 751 2842">
    <p class='ocr_par' dir='ltr' id='par_1_103' title="bbox 205 2813 751 2842">
     <span class='ocr_line' id='line_1_103' title="bbox 205 2813 751 2842; baseline 0.005 -3"><span class='ocrx_word' id='word_1_810' title='bbox 205 2813 228 2828; x_wconf 84' lang='lat'><strong>°’</strong></span> <span class='ocrx_word' id='word_1_811' title='bbox 241 2813 320 2840; x_wconf 78' lang='lat' dir='ltr'><strong>Rom.</strong></span> <span class='ocrx_word' id='word_1_812' title='bbox 334 2821 382 2842; x_wconf 85' lang='lat' dir='ltr'><strong>vn.</strong></span> <span class='ocrx_word' id='word_1_813' title='bbox 399 2814 426 2841; x_wconf 75' lang='grc' dir='ltr'>ι.</span> <span class='ocrx_word' id='word_1_814' title='bbox 465 2815 474 2830; x_wconf 80' lang='grc' dir='ltr'><strong>ί</strong></span> <span class='ocrx_word' id='word_1_815' title='bbox 496 2814 576 2842; x_wconf 78' lang='lat' dir='ltr'><strong>Rom.</strong></span> <span class='ocrx_word' id='word_1_816' title='bbox 599 2822 655 2842; x_wconf 73' lang='lat' dir='ltr'><strong>vtu-</strong></span> <span class='ocrx_word' id='word_1_817' title='bbox 674 2814 751 2842; x_wconf 84' lang='lat' dir='ltr'><strong>8-l0.</strong></span> 
     </span>
    </p>
   </div>
   <div class='ocr_carea' id='block_1_104' title="bbox 172 2846 404 2881">
    <p class='ocr_par' dir='ltr' id='par_1_104' title="bbox 172 2846 404 2881">
     <span class='ocr_line' id='line_1_104' title="bbox 172 2846 404 2881; baseline 0.009 -8"><span class='ocrx_word' id='word_1_818' title='bbox 172 2846 267 2874; x_wconf 75' lang='lat' dir='ltr'><strong>Matth.</strong></span> <span class='ocrx_word' id='word_1_819' title='bbox 281 2848 404 2881; x_wconf 62' lang='lat'><strong>“11,57.</strong></span> 
     </span>
    </p>
   </div>
   <div class='ocr_carea' id='block_1_105' title="bbox 791 2814 999 2847">
    <p class='ocr_par' dir='ltr' id='par_1_105' title="bbox 791 2814 999 2847">
     <span class='ocr_line' id='line_1_105' title="bbox 791 2814 999 2847; baseline -0.01 -5"><span class='ocrx_word' id='word_1_820' title='bbox 791 2815 801 2830; x_wconf 69' lang='grc' dir='ltr'><strong>τ</strong></span> <span class='ocrx_word' id='word_1_821' title='bbox 818 2814 882 2842; x_wconf 69' lang='grc' dir='ltr'>ίιιίιι.</span> <span class='ocrx_word' id='word_1_822' title='bbox 900 2814 942 2847; x_wconf 75' lang='grc' dir='ltr'>ιι,</span> <span class='ocrx_word' id='word_1_823' title='bbox 958 2814 999 2841; x_wconf 77' lang='lat' dir='ltr'><strong>l5.</strong></span> 
     </span>
    </p>
   </div>
   <div class='ocr_carea' id='block_1_106' title="bbox 1006 2245 1790 2283">
    <p class='ocr_par' dir='ltr' id='par_1_106' title="bbox 1006 2245 1790 2283">
     <span class='ocr_line' id='line_1_106' title="bbox 1006 2245 1790 2283; baseline 0.006 -12"><span class='ocrx_word' id='word_1_824' title='bbox 1006 2245 1085 2279; x_wconf 80' lang='grc' dir='ltr'>φύσιν</span> <span class='ocrx_word' id='word_1_825' title='bbox 1107 2246 1154 2272; x_wconf 74' lang='grc' dir='ltr'><strong>καὶ</strong></span> <span class='ocrx_word' id='word_1_826' title='bbox 1177 2246 1292 2282; x_wconf 80' lang='grc' dir='ltr'>ἀληθοῦς</span> <span class='ocrx_word' id='word_1_827' title='bbox 1307 2247 1372 2273; x_wconf 83' lang='grc' dir='ltr'><strong>Υίοῦ</strong></span> <span class='ocrx_word' id='word_1_828' title='bbox 1395 2247 1425 2273; x_wconf 73' lang='grc' dir='ltr'>τὺ</span> <span class='ocrx_word' id='word_1_829' title='bbox 1443 2247 1554 2282; x_wconf 83' lang='grc' dir='ltr'>Πνεῦμα</span> <span class='ocrx_word' id='word_1_830' title='bbox 1570 2250 1790 2283; x_wconf 79' lang='grc' dir='ltr'>πλουτήσαντε;’</span> 
     </span>
    </p>
   </div>
   <div class='ocr_carea' id='block_1_107' title="bbox 1006 2290 1792 2329">
    <p class='ocr_par' dir='ltr' id='par_1_107' title="bbox 1006 2290 1792 2329">
     <span class='ocr_line' id='line_1_107' title="bbox 1006 2290 1792 2329; baseline 0.006 -13"><span class='ocrx_word' id='word_1_831' title='bbox 1006 2291 1064 2322; x_wconf 79' lang='grc' dir='ltr'><strong>πῶς</strong></span> <span class='ocrx_word' id='word_1_832' title='bbox 1078 2291 1108 2317; x_wconf 84' lang='grc' dir='ltr'>οὺ</span> <span class='ocrx_word' id='word_1_833' title='bbox 1121 2290 1186 2322; x_wconf 77' lang='grc' dir='ltr'>Θεὸς</span> <span class='ocrx_word' id='word_1_834' title='bbox 1207 2292 1221 2318; x_wconf 82' lang='grc' dir='ltr'>ὁ</span> <span class='ocrx_word' id='word_1_835' title='bbox 1241 2291 1372 2327; x_wconf 52' lang='grc' dir='ltr'><strong>Χριστὸς</strong></span> <span class='ocrx_word' id='word_1_836' title='bbox 1390 2293 1421 2318; x_wconf 80' lang='grc' dir='ltr'>οὐ</span> <span class='ocrx_word' id='word_1_837' title='bbox 1438 2292 1505 2318; x_wconf 82' lang='grc' dir='ltr'>καθὸ</span> <span class='ocrx_word' id='word_1_838' title='bbox 1520 2295 1622 2320; x_wconf 77' lang='grc' dir='ltr'>νοεῖται</span> <span class='ocrx_word' id='word_1_839' title='bbox 1642 2294 1706 2320; x_wconf 79' lang='grc' dir='ltr'>καθ’</span> <span class='ocrx_word' id='word_1_840' title='bbox 1723 2295 1792 2329; x_wconf 77' lang='grc' dir='ltr'>ἡμᾶς</span> 
     </span>
    </p>
   </div>
   <div class='ocr_carea' id='block_1_108' title="bbox 1006 2336 1791 2374">
    <p class='ocr_par' dir='ltr' id='par_1_108' title="bbox 1006 2336 1791 2374">
     <span class='ocr_line' id='line_1_108' title="bbox 1006 2336 1791 2374; baseline 0.005 -11"><span class='ocrx_word' id='word_1_841' title='bbox 1006 2336 1147 2372; x_wconf 66' lang='grc' dir='ltr'>ἄνθρωπος</span> <span class='ocrx_word' id='word_1_842' title='bbox 1174 2338 1263 2372; x_wconf 73' lang='grc' dir='ltr'>μόνον,</span> <span class='ocrx_word' id='word_1_843' title='bbox 1278 2338 1346 2364; x_wconf 83' lang='grc' dir='ltr'>ἀλλὰ</span> <span class='ocrx_word' id='word_1_844' title='bbox 1369 2339 1436 2365; x_wconf 81' lang='grc' dir='ltr'>καθὸ</span> <span class='ocrx_word' id='word_1_845' title='bbox 1461 2339 1554 2373; x_wconf 82' lang='grc' dir='ltr'>γέγονε</span> <span class='ocrx_word' id='word_1_846' title='bbox 1583 2339 1653 2374; x_wconf 70' lang='grc' dir='ltr'><strong>σὰρξ</strong></span> <span class='ocrx_word' id='word_1_847' title='bbox 1671 2341 1791 2374; x_wconf 84' lang='grc' dir='ltr'><strong>όΛόγος.</strong></span> 
     </span>
    </p>
   </div>
   <div class='ocr_carea' id='block_1_109' title="bbox 1007 2382 1794 2421">
    <p class='ocr_par' dir='ltr' id='par_1_109' title="bbox 1007 2382 1794 2421">
     <span class='ocr_line' id='line_1_109' title="bbox 1007 2382 1794 2421; baseline 0.005 -13"><span class='ocrx_word' id='word_1_848' title='bbox 1007 2382 1053 2408; x_wconf 84' lang='grc' dir='ltr'>καὶ</span> <span class='ocrx_word' id='word_1_849' title='bbox 1069 2383 1219 2418; x_wconf 82' lang='grc' dir='ltr'>μετέσχηκε</span> <span class='ocrx_word' id='word_1_850' title='bbox 1235 2385 1431 2420; x_wconf 77' lang='grc' dir='ltr'>παραπλησίως</span> <span class='ocrx_word' id='word_1_851' title='bbox 1444 2386 1510 2420; x_wconf 74' lang='grc' dir='ltr'>ἡμῖν</span> <span class='ocrx_word' id='word_1_852' title='bbox 1524 2386 1641 2420; x_wconf 85' lang='grc' dir='ltr'>αἴματος</span> <span class='ocrx_word' id='word_1_853' title='bbox 1664 2386 1715 2412; x_wconf 75' lang='grc' dir='ltr'>καὶ</span> <span class='ocrx_word' id='word_1_854' title='bbox 1732 2395 1794 2421; x_wconf 82' lang='grc' dir='ltr'>σαρ-</span> 
     </span>
    </p>
   </div>
   <div class='ocr_carea' id='block_1_110' title="bbox 1006 2428 1069 2460">
    <p class='ocr_par' dir='ltr' id='par_1_110' title="bbox 1006 2428 1069 2460">
     <span class='ocr_line' id='line_1_110' title="bbox 1006 2428 1069 2460; baseline 0 -6"><span class='ocrx_word' id='word_1_855' title='bbox 1006 2428 1069 2460; x_wconf 73' lang='grc' dir='ltr'>κόςς</span> 
     </span>
    </p>
   </div>
   <div class='ocr_carea' id='block_1_111' title="bbox 1045 2472 1791 2510">
    <p class='ocr_par' dir='ltr' id='par_1_111' title="bbox 1045 2472 1791 2510">
     <span class='ocr_line' id='line_1_111' title="bbox 1045 2472 1791 2510; baseline 0.007 -12"><span class='ocrx_word' id='word_1_856' title='bbox 1045 2481 1054 2498; x_wconf 78' lang='grc'><strong>1</strong></span> <span class='ocrx_word' id='word_1_857' title='bbox 1072 2472 1119 2504; x_wconf 84' lang='grc' dir='ltr'>Τίς</span> <span class='ocrx_word' id='word_1_858' title='bbox 1135 2474 1207 2508; x_wconf 76' lang='grc' dir='ltr'>ἡμᾶς</span> <span class='ocrx_word' id='word_1_859' title='bbox 1223 2474 1334 2509; x_wconf 76' lang='grc' dir='ltr'>χωρίσει</span> <span class='ocrx_word' id='word_1_860' title='bbox 1360 2475 1413 2500; x_wconf 81' lang='grc' dir='ltr'><strong>ἀπὸ</strong></span> <span class='ocrx_word' id='word_1_861' title='bbox 1437 2475 1486 2510; x_wconf 76' lang='grc' dir='ltr'><strong>τῆς</strong></span> <span class='ocrx_word' id='word_1_862' title='bbox 1509 2476 1619 2510; x_wconf 76' lang='grc' dir='ltr'>ἀγάπης</span> <span class='ocrx_word' id='word_1_863' title='bbox 1643 2477 1693 2503; x_wconf 80' lang='grc' dir='ltr'><strong>τοῦ</strong></span> <span class='ocrx_word' id='word_1_864' title='bbox 1710 2476 1791 2509; x_wconf 84' lang='grc' dir='ltr'>Θεοῦ;</span> 
     </span>
    </p>
   </div>
   <div class='ocr_carea' id='block_1_112' title="bbox 1005 2518 1791 2558">
    <p class='ocr_par' dir='ltr' id='par_1_112' title="bbox 1005 2518 1791 2558">
     <span class='ocr_line' id='line_1_112' title="bbox 1005 2518 1791 2558; baseline 0.004 -13"><span class='ocrx_word' id='word_1_865' title='bbox 1005 2518 1094 2554; x_wconf 81' lang='grc' dir='ltr'>θλίψις</span> <span class='ocrx_word' id='word_1_866' title='bbox 1105 2539 1112 2551; x_wconf 91' lang='grc'><strong>,</strong></span> <span class='ocrx_word' id='word_1_867' title='bbox 1135 2519 1152 2554; x_wconf 84' lang='grc' dir='ltr'>ἢ</span> <span class='ocrx_word' id='word_1_868' title='bbox 1166 2521 1331 2556; x_wconf 83' lang='grc' dir='ltr'>στενοχωρία</span> <span class='ocrx_word' id='word_1_869' title='bbox 1342 2541 1349 2551; x_wconf 84' lang='grc'><strong>,</strong></span> <span class='ocrx_word' id='word_1_870' title='bbox 1373 2521 1389 2556; x_wconf 86' lang='grc' dir='ltr'><strong>ἢ</strong></span> <span class='ocrx_word' id='word_1_871' title='bbox 1405 2521 1523 2556; x_wconf 77' lang='grc' dir='ltr'>διωγμὸς</span> <span class='ocrx_word' id='word_1_872' title='bbox 1533 2542 1541 2553; x_wconf 91' lang='grc'><strong>,</strong></span> <span class='ocrx_word' id='word_1_873' title='bbox 1564 2522 1581 2557; x_wconf 84' lang='grc' dir='ltr'><strong>ἤ</strong></span> <span class='ocrx_word' id='word_1_874' title='bbox 1595 2522 1694 2556; x_wconf 78' lang='grc' dir='ltr'>λιμὸς,</span> <span class='ocrx_word' id='word_1_875' title='bbox 1708 2523 1724 2558; x_wconf 85' lang='grc' dir='ltr'><strong>ἦ</strong></span> <span class='ocrx_word' id='word_1_876' title='bbox 1739 2524 1791 2548; x_wconf 79' lang='grc' dir='ltr'>κίν-</span> 
     </span>
    </p>
   </div>
   <div class='ocr_carea' id='block_1_113' title="bbox 1005 2565 1791 2601">
    <p class='ocr_par' dir='ltr' id='par_1_113' title="bbox 1005 2565 1791 2601">
     <span class='ocr_line' id='line_1_113' title="bbox 1005 2565 1791 2601; baseline 0.004 -10"><span class='ocrx_word' id='word_1_877' title='bbox 1005 2565 1097 2597; x_wconf 82' lang='grc' dir='ltr'>δυνος,</span> <span class='ocrx_word' id='word_1_878' title='bbox 1115 2565 1132 2600; x_wconf 84' lang='grc' dir='ltr'>ἢ</span> <span class='ocrx_word' id='word_1_879' title='bbox 1147 2565 1288 2601; x_wconf 82' lang='grc' dir='ltr'>μάχαιρα;</span> <span class='ocrx_word' id='word_1_880' title='bbox 1305 2576 1314 2590; x_wconf 75' lang='grc' dir='ltr'>ι</span> <span class='ocrx_word' id='word_1_881' title='bbox 1335 2566 1364 2593; x_wconf 88' lang='grc'><strong>’0</strong></span> <span class='ocrx_word' id='word_1_882' title='bbox 1379 2567 1460 2601; x_wconf 78' lang='grc' dir='ltr'>νόμος</span> <span class='ocrx_word' id='word_1_883' title='bbox 1479 2567 1598 2601; x_wconf 78' lang='grc' dir='ltr'>ἔφασκεν</span> <span class='ocrx_word' id='word_1_884' title='bbox 1616 2569 1631 2594; x_wconf 83' lang='grc' dir='ltr'>ὁ</span> <span class='ocrx_word' id='word_1_885' title='bbox 1653 2568 1700 2594; x_wconf 75' lang='grc' dir='ltr'><strong>διὰ</strong></span> <span class='ocrx_word' id='word_1_886' title='bbox 1714 2569 1791 2594; x_wconf 83' lang='grc' dir='ltr'>Μωῦ-</span> 
     </span>
    </p>
   </div>
   <div class='ocr_carea' id='block_1_114' title="bbox 1007 2608 1790 2648">
    <p class='ocr_par' dir='ltr' id='par_1_114' title="bbox 1007 2608 1790 2648">
     <span class='ocr_line' id='line_1_114' title="bbox 1007 2608 1790 2648; baseline 0.005 -12"><span class='ocrx_word' id='word_1_887' title='bbox 1007 2611 1084 2642; x_wconf 79' lang='grc' dir='ltr'>σέως,</span> <span class='ocrx_word' id='word_1_888' title='bbox 1111 2610 1156 2636; x_wconf 82' lang='grc' dir='ltr'>καὶ</span> <span class='ocrx_word' id='word_1_889' title='bbox 1185 2610 1293 2644; x_wconf 80' lang='grc' dir='ltr'>ἐντολὴν</span> <span class='ocrx_word' id='word_1_890' title='bbox 1319 2608 1452 2637; x_wconf 58' lang='grc' dir='ltr'>ἐποιεῖτο²</span> <span class='ocrx_word' id='word_1_891' title='bbox 1474 2621 1484 2637; x_wconf 86' lang='grc'><strong><em>‹</em></strong></span> <span class='ocrx_word' id='word_1_892' title='bbox 1501 2612 1671 2647; x_wconf 79' lang='grc' dir='ltr'>Ἀγαπήσεις</span> <span class='ocrx_word' id='word_1_893' title='bbox 1695 2613 1790 2648; x_wconf 76' lang='grc' dir='ltr'>Κύριον</span> 
     </span>
    </p>
   </div>
   <div class='ocr_carea' id='block_1_115' title="bbox 1004 2654 1790 2692">
    <p class='ocr_par' dir='ltr' id='par_1_115' title="bbox 1004 2654 1790 2692">
     <span class='ocr_line' id='line_1_115' title="bbox 1004 2654 1790 2692; baseline 0.006 -12"><span class='ocrx_word' id='word_1_894' title='bbox 1004 2654 1051 2680; x_wconf 79' lang='grc' dir='ltr'>τὸν</span> <span class='ocrx_word' id='word_1_895' title='bbox 1072 2654 1138 2680; x_wconf 81' lang='grc' dir='ltr'>θεόν</span> <span class='ocrx_word' id='word_1_896' title='bbox 1160 2663 1208 2681; x_wconf 90' lang='grc' dir='ltr'>σου</span> <span class='ocrx_word' id='word_1_897' title='bbox 1225 2655 1256 2687; x_wconf 78' lang='grc' dir='ltr'>ἐξ</span> <span class='ocrx_word' id='word_1_898' title='bbox 1267 2655 1331 2690; x_wconf 80' lang='grc' dir='ltr'>ὅλης</span> <span class='ocrx_word' id='word_1_899' title='bbox 1346 2656 1395 2690; x_wconf 82' lang='grc' dir='ltr'><strong>τῆς</strong></span> <span class='ocrx_word' id='word_1_900' title='bbox 1411 2655 1522 2691; x_wconf 73' lang='grc' dir='ltr'>καρδίας</span> <span class='ocrx_word' id='word_1_901' title='bbox 1539 2665 1599 2689; x_wconf 86' lang='grc' dir='ltr'>σου,</span> <span class='ocrx_word' id='word_1_902' title='bbox 1620 2658 1670 2684; x_wconf 77' lang='grc' dir='ltr'>καὶ</span> <span class='ocrx_word' id='word_1_903' title='bbox 1691 2658 1721 2691; x_wconf 73' lang='grc' dir='ltr'><strong>ἐξ</strong></span> <span class='ocrx_word' id='word_1_904' title='bbox 1733 2657 1790 2692; x_wconf 76' lang='grc' dir='ltr'>ὅλης</span> 
     </span>
    </p>
   </div>
   <div class='ocr_carea' id='block_1_116' title="bbox 1005 2699 1790 2737">
    <p class='ocr_par' dir='ltr' id='par_1_116' title="bbox 1005 2699 1790 2737">
     <span class='ocr_line' id='line_1_116' title="bbox 1005 2699 1790 2737; baseline 0.003 -11"><span class='ocrx_word' id='word_1_905' title='bbox 1005 2699 1055 2734; x_wconf 75' lang='grc' dir='ltr'><strong>τῆς</strong></span> <span class='ocrx_word' id='word_1_906' title='bbox 1071 2699 1159 2734; x_wconf 76' lang='grc' dir='ltr'>ψυχῆς</span> <span class='ocrx_word' id='word_1_907' title='bbox 1181 2709 1238 2732; x_wconf 80' lang='grc' dir='ltr'>σου,</span> <span class='ocrx_word' id='word_1_908' title='bbox 1255 2701 1301 2727; x_wconf 73' lang='grc' dir='ltr'><strong>καὶ</strong></span> <span class='ocrx_word' id='word_1_909' title='bbox 1320 2701 1349 2733; x_wconf 79' lang='grc' dir='ltr'>ἐξ</span> <span class='ocrx_word' id='word_1_910' title='bbox 1373 2701 1436 2736; x_wconf 83' lang='grc' dir='ltr'>ὅλης</span> <span class='ocrx_word' id='word_1_911' title='bbox 1461 2702 1512 2736; x_wconf 74' lang='grc' dir='ltr'>τῆς</span> <span class='ocrx_word' id='word_1_912' title='bbox 1536 2702 1629 2737; x_wconf 76' lang='grc' dir='ltr'>ἰσχύος</span> <span class='ocrx_word' id='word_1_913' title='bbox 1643 2712 1702 2729; x_wconf 84' lang='grc' dir='ltr'>σου.</span> <span class='ocrx_word' id='word_1_914' title='bbox 1718 2704 1790 2730; x_wconf 73' lang='grc' dir='ltr'>»Ὀτε</span> 
     </span>
    </p>
   </div>
   <div class='ocr_carea' id='block_1_117' title="bbox 1006 2746 1788 2785">
    <p class='ocr_par' dir='ltr' id='par_1_117' title="bbox 1006 2746 1788 2785">
     <span class='ocr_line' id='line_1_117' title="bbox 1006 2746 1788 2785; baseline 0.003 -13"><span class='ocrx_word' id='word_1_915' title='bbox 1006 2746 1095 2772; x_wconf 82' lang='grc' dir='ltr'>τοίνυν</span> <span class='ocrx_word' id='word_1_916' title='bbox 1114 2747 1163 2781; x_wconf 79' lang='grc' dir='ltr'><strong>τὴν</strong></span> <span class='ocrx_word' id='word_1_917' title='bbox 1181 2747 1291 2782; x_wconf 77' lang='grc' dir='ltr'>ἀγάπην</span> <span class='ocrx_word' id='word_1_918' title='bbox 1306 2748 1357 2783; x_wconf 86' lang='grc' dir='ltr'>τὴν</span> <span class='ocrx_word' id='word_1_919' title='bbox 1372 2747 1410 2782; x_wconf 84' lang='grc' dir='ltr'>τῷ</span> <span class='ocrx_word' id='word_1_920' title='bbox 1425 2747 1484 2783; x_wconf 78' lang='grc' dir='ltr'><strong>Θεῷ</strong></span> <span class='ocrx_word' id='word_1_921' title='bbox 1500 2749 1741 2785; x_wconf 74' lang='grc' dir='ltr'>πρεπωδεστάτην,</span> <span class='ocrx_word' id='word_1_922' title='bbox 1756 2748 1788 2780; x_wconf 79' lang='grc' dir='ltr'>ὡς</span> 
     </span>
    </p>
   </div>
   <div class='ocr_carea' id='block_1_118' title="bbox 1041 2813 1787 2849">
    <p class='ocr_par' dir='ltr' id='par_1_118' title="bbox 1041 2813 1787 2849">
     <span class='ocr_line' id='line_1_118' title="bbox 1041 2813 1787 2849; baseline 0.003 -8"><span class='ocrx_word' id='word_1_923' title='bbox 1041 2814 1051 2830; x_wconf 88' lang='grc'><em>³</em></span> <span class='ocrx_word' id='word_1_924' title='bbox 1064 2813 1152 2842; x_wconf 81' lang='lat' dir='ltr'><strong>Galat.</strong></span> <span class='ocrx_word' id='word_1_925' title='bbox 1167 2822 1203 2846; x_wconf 84' lang='lat' dir='ltr'><strong>iv,</strong></span> <span class='ocrx_word' id='word_1_926' title='bbox 1218 2815 1244 2842; x_wconf 86' lang='lat'><strong>6.</strong></span> <span class='ocrx_word' id='word_1_927' title='bbox 1284 2815 1305 2830; x_wconf 67' lang='grc' dir='ltr'><strong>ν</strong></span> <span class='ocrx_word' id='word_1_928' title='bbox 1319 2815 1397 2842; x_wconf 76' lang='lat' dir='ltr'><strong>Rom.</strong></span> <span class='ocrx_word' id='word_1_929' title='bbox 1414 2822 1474 2848; x_wconf 84' lang='lat' dir='ltr'><strong>vin,</strong></span> <span class='ocrx_word' id='word_1_930' title='bbox 1486 2815 1531 2843; x_wconf 70' lang='lat'><strong>55.</strong></span> <span class='ocrx_word' id='word_1_931' title='bbox 1578 2816 1589 2833; x_wconf 73' lang='grc'><strong><em>⁵</em></strong></span> <span class='ocrx_word' id='word_1_932' title='bbox 1605 2817 1684 2845; x_wconf 84' lang='lat' dir='ltr'><strong>Deut.</strong></span> <span class='ocrx_word' id='word_1_933' title='bbox 1707 2825 1741 2848; x_wconf 72' lang='lat' dir='ltr'><strong>Vl.</strong></span> <span class='ocrx_word' id='word_1_934' title='bbox 1761 2816 1787 2849; x_wconf 82' lang='lat'><strong>5;</strong></span> 
     </span>
    </p>
   </div>
   <div class='ocr_carea' id='block_1_119' title="bbox 1880 44 1883 559">
    <p class='ocr_par' dir='ltr' id='par_1_119' title="bbox 1880 44 1883 559">
     <span class='ocr_line' id='line_1_119' title="bbox 1880 44 1883 80; baseline 0 0"><span class='ocrx_word' id='word_1_935' title='bbox 1880 44 1883 80; x_wconf 70' lang='grc' dir='ltr'>η</span> 
     </span>
     <span class='ocr_line' id='line_1_120' title="bbox 1880 164 1883 260; baseline 0 0"><span class='ocrx_word' id='word_1_936' title='bbox 1880 164 1883 260; x_wconf 69' lang='grc' dir='ltr'><em>Ξ</em></span> 
     </span>
     <span class='ocr_line' id='line_1_121' title="bbox 1880 323 1883 383; baseline 0 0"><span class='ocrx_word' id='word_1_937' title='bbox 1880 323 1883 383; x_wconf 71' lang='grc' dir='ltr'><strong>ί</strong></span> 
     </span>
     <span class='ocr_line' id='line_1_122' title="bbox 1880 398 1883 455; baseline 0 0"><span class='ocrx_word' id='word_1_938' title='bbox 1880 398 1883 455; x_wconf 79' lang='lat' dir='ltr'><strong>l</strong></span> 
     </span>
     <span class='ocr_line' id='line_1_123' title="bbox 1881 511 1883 559; baseline 0 0"><span class='ocrx_word' id='word_1_939' title='bbox 1881 511 1883 559; x_wconf 66' lang='grc' dir='ltr'><strong>ί</strong></span> 
     </span>
    </p>
   </div>
  </div>
