1883 3056
104 177 117 204 ἰ
124 177 177 204 229

652 176 696 204 DE
715 176 829 205 HECTA
848 177 927 205 FIDE
947 177 992 205 AD
1012 176 1171 205 REGINAS.

1656 174 1726 202 1230

102 233 135 267 ἐξ
150 233 214 268 ὅλης
227 233 318 268 ίσχυος
333 233 379 259 καὶ
389 232 518 260 ἀνωτάτω
532 233 556 265 i,
575 233 620 269 τὴν
643 234 723 271 μέχρι
738 235 828 271 ψυχῆς
844 235 892 262 καὶ

990 235 1061 262 xime
1083 233 1222 265 convenit,
1246 232 1396 266 cuiusmodi
1416 239 1445 259 ea
1463 235 1513 264 est,
1531 238 1591 266 qua!
1613 239 1644 258 cx
1671 237 1726 259 tota

103 280 222 315 αἵματος
244 279 291 305 καὶ
316 278 390 314 αὐτῷ
412 279 588 315 προσάγομεν
613 279 652 314 τῷ
673 279 799 315 Χριστῷ·
824 280 894 312 τίςὸ

103 325 189 359 φάναι
200 324 317 359 τολμῶν,
331 324 368 356 ὡς
382 324 432 351 οὐκ
444 325 477 351 ἂν
492 325 535 360 εἴη
550 325 616 357 Θεός
628 334 635 359 ;
653 325 828 363 Διημὰρτηκε
840 326 894 362 γὰρ

103 371 152 397 τοῦ
168 370 319 406 πρέποντος
335 371 396 397 κατ’
409 370 504 398 οὐδένα
520 371 620 407 τρόπον
636 372 650 398 ὁ
663 372 717 398 τῶν
732 372 818 407 ἁγίων
833 381 894 399 σκο-

104 417 166 449 πός.

144 515 322 551 «Πέπεισμαι
349 515 412 551 γὰρ,
438 516 479 542 ὅτι
503 515 564 543 οὔτε
591 516 716 549 θάνατος,
739 517 801 544 οὔτε
825 517 892 552 ζωὴ,

104 562 171 589 οὔτε
190 563 310 597 ἄγγελοι,
327 562 388 589 οὔτε
403 563 496 598 ἁρχαὶ,
510 563 570 590 οὔτε
588 564 732 596 ἐνεστῶτα,
748 563 809 590 οὔτε
831 564 894 598 μέλ-

104 608 197 640 λοντα,
211 608 273 634 οὒτε
290 608 430 643 δυνάμεις,
444 608 506 634 οὒτε
523 609 634 643 ὕψωμα,
648 609 710 635 οὔτε
724 609 815 644 βάθος,
832 609 894 636 οὔτε

105 663 148 685 τις
165 653 253 685 κτίσις
266 653 346 689 ἑτέρα
359 654 502 690 δυνήσεται
514 655 587 689 ἡμᾶς
598 655 711 690 χωρίσαι
724 655 773 690 τῆς
785 655 894 690 ἀγάπης

106 699 154 725 τοῦ
170 699 248 731 Θεοῦ,
267 700 316 734 τῆς
330 700 359 726 ὲν
372 699 482 735 Χριστῷ
503 700 589 735 Ἰησοῦ
610 701 649 736 τῷ
667 700 761 736 Κυρίῳ
776 701 864 736 ἡμῶν.
882 711 890 726 ι

106 745 140 770 Εἰ
167 744 250 779 μηδὲν
274 744 342 774 ὅλως
360 745 434 779 ἡμᾶς
451 745 566 779 χωρίσαι
588 744 700 771 δύναται
722 745 771 779 τῆς
784 745 895 779 ἀγάπης

105 789 155 815 τοῦ
169 788 248 822 Θεοῦ,
264 789 414 823 πράττεται
433 788 461 814 δὲ
482 789 551 824 αὑτὴ
569 789 633 824 παρ’
647 789 726 824 ἡμῶν
741 791 770 815 ὲν
784 789 894 824 Χριστῷ

117 835 218 870 Ἰησοῦ,
234 835 291 866 πῶς
303 835 332 861 οὐ
345 834 410 866 Θεὸς
419 835 563 870 ἐναργῶςό
578 835 710 870 Χριστὸς,
724 835 802 870 εἴπερ
814 835 894 861 αὑτὸν

107 880 280 914 ἀγαπῶντες,
297 880 342 906 τὸν
358 880 412 907 τῶν
428 880 496 907 ὅλων
511 881 662 916 ἀγαπῶμεν
681 881 763 914 Θεόν;
779 881 896 916 Χριστὸν

106 926 137 952 δὲ
161 927 186 953 εἰ
208 927 326 962 λέγοιμι,
340 926 384 953 τὸν
406 927 438 953 ἐκ
461 926 529 953 Θεοῦ
553 927 639 961 Λόγον
666 927 896 963 ὲνηνθρωτι-ηκότα

106 972 190 1008 δηλῶ.

146 1074 275 1106 (Πάντες
306 1076 360 1110 γὰρ
391 1075 622 1110 παραστησόμεθα
653 1075 692 1111 τῷ
723 1076 825 1111 βήματι
850 1076 896 1102 τοῦ

108 1120 239 1156 Χριστοῦ,
255 1131 264 1146 ι
290 1122 374 1157 φησί·
397 1122 630 1157 παραστησόμεθα
656 1122 684 1148 δὲ
709 1122 748 1157 τῷ
773 1122 894 1157 Χριστῷ.

110 1166 252 1192 meum:
269 1167 322 1202 γὰρ
344 1167 392 1193 ἐπὶ
415 1167 509 1201 θρόνου
523 1167 601 1202 δόξης
622 1167 715 1200 αὑτοῦ,
732 1168 833 1203 κρίνων
848 1169 898 1201 ﬁt!

108 1212 270 1247 οἰκουμένην
301 1213 330 1238 ὲν
365 1212 534 1249 δικαιοσύνῃ.
569 1213 664 1240 Καίτοι
698 1213 822 1247 λέγοντος
850 1214 896 1240 τοῦ

108 1256 202 1289 Δαυῖδ,
214 1257 256 1283 ὅτι
276 1256 341 1288 Θεὸς
364 1257 459 1292 κριτής
475 1258 543 1284 ἐστι·
556 1257 623 1290 Θεὸς
635 1258 689 1293 ἄρα
703 1258 776 1285 ἐστὶν
793 1260 807 1285 ὁ
830 1259 898 1295 Χρι-

110 1303 183 1334 στός.

148 1369 158 1386 ‹
173 1359 377 1395 Τολμηρότερον
401 1359 429 1385 δὲ
454 1359 562 1395 ἔγραψα
585 1360 649 1395 ὑμῖν
665 1361 718 1387 ἀπὸ
734 1361 843 1397 μέρους,
861 1362 898 1394 ὡς

109 1405 327 1440 ἀναμιμνήσκων
343 1405 426 1440 ὑμᾶς,
436 1405 479 1432 διὰ
491 1406 540 1440 τὴν
555 1406 635 1441 χάριν
649 1406 698 1442 τὴν
711 1407 833 1434 δοθεῖσάν
853 1416 897 1442 μοι

111 1450 164 1477 ὑπὸ
188 1449 234 1476 τοῦ
259 1449 338 1481 Θεοῦ,
361 1451 402 1482 εἰς
424 1451 454 1477 τὸ
480 1449 550 1477 εῐναί
574 1460 609 1485 με
636 1451 791 1488 λειτουργὸν
810 1453 896 1488 Ἰησοῦ

110 1495 230 1532 Χριστοῦ
242 1497 281 1527 εὶς
295 1495 330 1522 τὰ
345 1495 419 1531 ἔθνη,
434 1496 468 1523 τὰ
484 1497 676 1532 ἱερουργοῦντα
688 1498 717 1524 τὸ
732 1499 898 1533 Εὑαγγέλιον

110 1541 158 1568 τοῦ
181 1541 250 1568 Θεοῦ
261 1549 268 1556 '
290 1542 332 1568 ἵνα
349 1542 463 1578 γένηται
485 1543 501 1578 ἡ
525 1544 667 1579 προσφορὰ
682 1545 736 1571 τῶν
753 1545 837 1572 ἐθνῶν
851 1546 897 1572 εὑ-

112 1588 285 1622 πρόσδεκτος,
302 1588 455 1624 ἡγιασμένη
482 1590 511 1615 ἐν
536 1589 674 1625 Πνεύματι
697 1591 777 1626 ἁγίῳ.
794 1601 803 1617 ι
823 1592 854 1618 Οἱ
868 1580 898 1619 τδ
912 1582 934 1612 c

110 1633 160 1667 τῆς
178 1634 333 1669 ῑερουργίας
347 1634 441 1670 χρῆμα
455 1636 682 1671 πεπιστευμένοι,
699 1637 758 1673 Θεῷ
777 1638 898 1674 λειτουρ-

112 1679 191 1712 γοῦσι
221 1680 313 1714 μόνῳ·
334 1680 523 1715 παρεστήκασι
545 1680 598 1716 γὰρ
623 1682 672 1707 οὐκ
697 1681 851 1718 ἀνθρώποις
873 1684 897 1709 οἱ

113 1725 206 1760 ἱερεῖς.
217 1725 282 1751 Ἰδοὺ
296 1725 441 1761 τοιγαροῦν
454 1725 468 1751 ὁ
485 1726 631 1758 Θεσπέσιος
654 1727 760 1759 Παῦλος
776 1727 898 1755 δεδόσθαι

112 1772 196 1806 φησιν
210 1771 298 1806 ἑαυτῷ
312 1771 392 1806 χάριν
406 1771 479 1807 παρὰ
493 1772 540 1798 τοῦ
553 1772 631 1804 Θεοῦ,
649 1773 689 1804 εἰς
707 1774 738 1799 τὸ
758 1771 828 1800 εἶναι
841 1774 897 1801 λει-

111 1816 226 1850 τουργὸν
251 1817 369 1852 Χριστοῦ
395 1818 493 1853 Ἰησοῦ,
521 1819 568 1845 καὶ
599 1819 750 1854 ἱερουργεῖν
783 1821 812 1847 ἐν
842 1823 898 1853 τοῖς

112 1862 201 1888 ἔθνεσι
226 1862 257 1888 τὺ
279 1863 445 1897 Εὐαγγέλιον
467 1863 514 1890 τοῦ
535 1864 665 1899 Χριστοῦ.
681 1864 747 1896 Θεὸς
769 1864 816 1893 οὖν
843 1866 897 1902 ἄρα

111 1907 240 1943 Χριστὸς,
258 1908 282 1933 εἰ
295 1909 411 1942 Χριστὸν
429 1908 570 1944 κηρύττων
583 1911 639 1941 τοῖς
652 1910 752 1943 ἔθνεσι,
769 1911 816 1938 τοῦ
830 1912 897 1939 Θεοῦ

113 1961 196 1988 φησιν
208 1953 372 1987 Εὑαγγέλιον
388 1954 538 1989 ἱερουργεῖν
552 1954 654 1987 αὐτοῖς,
673 1956 716 1982 ἴνα
730 1957 898 1992 προσδεχθῶ-

112 2007 166 2030 σιν,
183 1999 220 2030 ὡς
237 1999 395 2035 ἡγιασμένοι
410 2001 438 2026 ἐν
453 2001 601 2036 Πνεύματι.

151 2054 244 2090 ι”Εχω
263 2053 309 2082 οὖν
329 2055 462 2091 καύχησιν
487 2057 515 2082 ὲν
534 2057 644 2092 Χριστῷ
666 2057 754 2093 Ἰησοῦ
776 2059 812 2085 τὰ
830 2059 897 2095 πρὸς

111 2099 159 2126 τὸν
176 2099 251 2127 Θεόν.
270 2101 308 2127 υύ
325 2101 379 2136 γὰρ
395 2101 523 2140 τολμήσω
535 2111 561 2129 τι
576 2102 675 2135 λαλεῖν,
689 2100 726 2130 ὦν
743 2105 772 2130 οὺ
787 2114 897 2140 κατειρ-

112 2146 217 2180 γάσατο
236 2147 353 2182 Χριστὸς
376 2148 409 2174 δι’
422 2147 501 2183 ἐμοῦ,
517 2150 556 2180 εἰς
579 2149 701 2186 ὑπακοὴν
717 2151 812 2184 ἐθνῶν,
826 2152 898 2187 λόγῳ

111 2193 160 2218 καὶ
178 2193 261 2227 ἔργῳ,
279 2194 308 2219 ὲν
330 2193 442 2229 δυνάμει
467 2195 589 2230 σημείων
610 2204 640 2222 τε
664 2196 709 2223 καὶ
731 2198 852 2232 τεράτων
869 2199 897 2224 ὲν

946 289 1126 316 supremaque
1145 280 1304 307 fortitudine
1320 284 1380 307 orta
1410 279 1442 306 ad
1462 280 1546 314 ipsam
1566 286 1651 312 usque
1669 279 1727 305 ani-

946 335 1016 354 mam
1033 332 1060 354 et
1082 327 1240 361 sanguinem
1258 326 1397 360 pertingit,
1412 325 1462 360 ipsi
1475 325 1584 352 Christo
1599 325 1728 351 exhibea-

944 380 1004 399 mus
1015 393 1022 405 ,
1034 373 1094 407 quis
1110 373 1198 399 dicere
1214 371 1308 398 audeat
1328 371 1466 398 Christum
1481 377 1533 397 non
1548 377 1607 396 esse
1627 368 1729 396 Deum?

944 417 1036 451 Neque
1055 417 1127 444 enim
1143 417 1271 444 credibile
1291 421 1332 442 est
1354 420 1508 442 sanctorum
1525 413 1657 448 judicium
1675 413 1729 440 ullo

944 464 1025 491 modo
1043 471 1057 490 a
1072 463 1195 490 veritatis
1210 470 1291 497 scopo
1304 462 1458 489 aberrasse.

982 530 991 546 ι
1006 519 1103 547 Certus
1117 526 1175 545 sttm
1188 518 1270 549 cnim,
1285 518 1346 551 quia
1359 524 1446 552 neque
1459 524 1540 547 mors,
1557 523 1645 550 neque
1660 514 1727 545 vita,

945 573 1033 600 neque
1052 565 1158 600 Angeli,
1178 572 1264 599 neque
1284 564 1473 598 Principatns,
1491 570 1577 597 neque
1598 562 1730 590 Virtutes.

945 618 1034 645 neque
1047 611 1188 643 instantia,
1203 617 1292 644 neque
1309 609 1408 640 futura,
1424 615 1509 642 neque
1525 607 1666 638 fortitudo,
1685 613 1731 632 ne-

945 664 997 691 quc
1017 656 1140 688 altitudo,
1169 663 1256 690 neque
1282 655 1444 690 profundum
1459 674 1467 686 ,
1491 661 1579 688 neque
1605 657 1731 680 creatura

946 701 997 728 alia
1019 701 1118 735 poterit
1141 709 1190 728 nos
1207 707 1335 735 separare
1355 708 1369 726 a
1385 699 1518 727 charitate
1535 698 1592 731 Dei,
1610 705 1670 732 qua:
1692 703 1733 723 est.

947 747 972 773 in
993 746 1100 773 Christo
1122 745 1183 773 Jesn
1208 746 1320 773 Domino
1344 751 1436 772 nostro
1449 745 1470 773 ⁵.
1497 755 1506 770 ι
1531 743 1590 771 Jam
1617 744 1638 770 si
1666 742 1733 770 nihil

946 792 1056 819 omnino
1071 799 1085 818 a
1099 791 1231 818 charitate
1249 791 1295 818 Dei
1312 791 1455 825 sejungerc
1474 798 1523 816 nos
1535 793 1641 824 potest,
1655 789 1731 815 exhi—

946 836 1025 864 betur
1052 837 1110 864 htec
1135 842 1225 863 autent
1246 844 1260 863 a
1286 837 1363 864 nobis
1389 837 1415 863 in
1432 836 1539 863 Christo
1562 835 1623 862 Jesu
1649 843 1655 860 :
1690 834 1731 861 cui

947 883 1091 910 obscurum
1108 891 1168 910 esse
1189 886 1287 917 potest,
1307 882 1370 917 quin
1387 882 1511 910 Christus
1527 882 1563 908 sit
1583 881 1653 908 Deus
1665 900 1673 913 ,
1697 881 1732 907 si-

947 928 1056 963 quidem
1083 929 1170 963 ipsum
1195 932 1329 959 amantes,
1358 927 1545 954 universorum
1572 926 1655 953 Deum
1676 925 1732 952 dili-

947 974 1034 1008 gimus
1050 973 1061 1000 ?
1077 973 1212 1000 Christum
1233 977 1320 999 autem
1331 972 1394 999 dum
1420 972 1540 1003 nomino,
1565 972 1732 998 incarnatum

947 1019 993 1046 Dei
1013 1019 1130 1058 Verbum
1146 1014 1280 1053 intelligo.

986 1085 995 1101 ‹
1010 1076 1111 1103 Omnes
1123 1076 1194 1103 enim
1207 1076 1339 1102 stabimus
1357 1080 1419 1101 ante
1440 1074 1557 1101 tribunal
1574 1074 1676 1101 Christi
1686 1074 1706 1106 °,
1721 1083 1730 1098 ι

948 1121 1054 1155 inquit;
1069 1128 1163 1147 omnes
1179 1126 1270 1147 autem
1286 1119 1413 1147 sistentur
1428 1119 1538 1147 Christo
1552 1128 1558 1146 :
1573 1119 1676 1146 sedebit
1690 1119 1733 1146 hic

947 1168 1018 1194 enim
1043 1174 1124 1201 super
1149 1166 1276 1193 thronum
1298 1165 1391 1200 gloria:
1416 1173 1491 1197 sure,
1512 1173 1566 1200 quo
1597 1170 1732 1192 terrarum

947 1214 1040 1240 orbem
1055 1213 1159 1246 iudicet
1185 1212 1211 1239 in
1229 1212 1346 1247 justitia.
1364 1211 1434 1239 Cutn
1459 1219 1525 1246 ergo
1540 1212 1624 1238 David
1647 1211 1732 1239 Deum

945 1259 1063 1293 judicem
1085 1262 1172 1291 vocet,
1193 1258 1368 1293 consequitur
1389 1257 1499 1285 omnino
1513 1257 1651 1285 Christum
1673 1266 1734 1285 esse

950 1305 1044 1332 Deum.

986 1369 995 1386 ι
1009 1360 1144 1388 Audacius
1157 1365 1245 1387 autem
1259 1361 1354 1395 scripsi
1370 1360 1455 1393 vobis,
1474 1361 1582 1394 fratres,
1594 1369 1626 1389 ex
1646 1365 1732 1396 parte.

950 1410 1077 1440 tauquam
1106 1406 1132 1432 in
1161 1407 1320 1433 memoriam
1350 1413 1397 1433 vos
1432 1406 1584 1438 reducens,
1619 1410 1731 1441 propter

948 1452 1063 1486 gratiam
1082 1459 1141 1485 qua:
1157 1452 1218 1478 data
1235 1455 1276 1478 est
1297 1452 1363 1478 mihi
1380 1459 1394 1478 a
1410 1451 1475 1484 Deo,
1487 1457 1518 1478 ut
1539 1452 1589 1478 sim
1610 1452 1734 1479 minister

947 1496 1011 1524 Jesu
1025 1497 1125 1525 Christi
1146 1497 1172 1524 in
1198 1497 1324 1531 gentibus
1336 1516 1343 1528 ,
1361 1497 1536 1524 sanctificans
1555 1496 1730 1532 Evangelium

949 1543 1007 1574 Dei,
1025 1547 1055 1569 ut
1069 1543 1115 1569 tiat
1133 1542 1235 1569 oblatio
1248 1543 1368 1578 gentium
1385 1548 1495 1577 accepta
1518 1547 1544 1570 et
1566 1544 1732 1570 sanctiﬁcata

950 1589 975 1616 in
993 1588 1094 1623 Spiritu
1117 1593 1212 1615 sancto
1225 1589 1251 1614 ⁷.
1271 1598 1280 1614 ›
1299 1588 1370 1616 Sane
1389 1589 1485 1623 quibus
1504 1589 1574 1616 sacri
1589 1589 1733 1617 ministeri'

948 1634 1085 1667 provincia
1109 1634 1263 1661 concredita
1290 1641 1339 1664 est,
1363 1634 1381 1660 ii
1406 1634 1456 1661 soli
1482 1634 1536 1662 Deo
1552 1635 1730 1662 ministrant:

947 1679 1003 1714 ϐο
1016 1686 1102 1713 neque
1124 1680 1196 1706 enim
1224 1680 1379 1706 hominibus
1401 1681 1536 1708 assistunt
1562 1681 1731 1709 sacerdotes.

948 1724 1014 1751 Cum
1035 1724 1105 1750 hanc
1123 1724 1204 1758 igitur
1219 1725 1336 1759 gratiam
1356 1725 1406 1752 sibi
1428 1732 1442 1751 a
1460 1726 1515 1752 Deo
1529 1726 1655 1752 donatam
1670 1734 1733 1761 pro-

949 1769 1057 1797 ﬁteatur
1077 1770 1232 1805 Apostolus,
1261 1775 1289 1797 ut
1317 1771 1352 1798 sit
1376 1771 1501 1798 minister
1523 1771 1584 1799 Jesn
1616 1772 1730 1805 Christi,

949 1816 1102 1850 Christique
1113 1816 1288 1851 Evangelium
1307 1816 1377 1843 inter
1393 1822 1485 1851 gentes
1507 1817 1688 1850 administret,
1705 1824 1733 1845 et.

948 1861 1085 1889 Christum
1108 1861 1214 1889 tandem
1234 1863 1410 1896 annuntians,
1434 1863 1479 1890 Del
1504 1863 1676 1899 Evangelium
1701 1872 1731 1892 se

949 1907 1001 1935 illis
1016 1908 1163 1942 praedicare
1183 1908 1284 1936 diserte
1309 1908 1434 1942 aiiirmet,
1450 1916 1504 1944 quo
1521 1909 1649 1937 nimirum
1671 1914 1732 1936 tan-

949 1960 1031 1987 quam
1048 1952 1150 1988 Spiritu
1164 1953 1220 1986 jam
1240 1953 1426 1985 sanctiﬁcata,
1451 1953 1627 1980 admittantur
1648 1962 1654 1980 :
1672 1955 1733 1988 quis

949 1999 1049 2026 Christi
1065 1999 1236 2027 divinitatem
1261 1999 1288 2026 in
1309 2000 1485 2034 quaestionem
1504 2007 1602 2027 vocare
1618 1999 1735 2028 audeat?

987 2065 996 2081 ι
1013 2055 1105 2082 llabeo
1117 2055 1201 2091 igitur
1216 2055 1332 2090 gloriam
1346 2055 1372 2082 in
1385 2055 1494 2084 Christo
1509 2054 1571 2083 Iesu
1588 2056 1621 2083 ad
1637 2056 1732 2084 Deum.

948 2102 1006 2130 Non
1024 2103 1095 2130 enim
1112 2103 1197 2130 audeo
1219 2103 1319 2137 aliquid
1346 2103 1420 2136 loqui
1435 2110 1541 2135 eorum,
1556 2111 1614 2137 qua:
1628 2111 1676 2138 per
1691 2111 1734 2130 me

948 2157 1001 2177 non
1015 2149 1105 2177 eﬂ‘ecit
1119 2149 1245 2176 Christus
1264 2150 1290 2176 in
1315 2149 1494 2176 obedientiam
1508 2149 1627 2183 gentium
1650 2150 1734 2177 verbo

948 2199 974 2222 et
997 2194 1087 2226 factis.
1112 2195 1138 2222 in
1157 2195 1256 2222 virtute
1277 2194 1415 2229 signorum
1440 2198 1468 2221 et
1487 2195 1684 2228 prodigiorum,
1704 2196 1731 2222 in

110 2237 225 2272 δυνάμει
247 2238 403 2273 Πνεύματος
418 2239 500 2265 Θεοῦ-
517 2239 586 2267 ὥστε
602 2249 635 2275 με
651 2242 705 2268 ἀπὸ
722 2242 895 2279 Ἰερουσαλὴμ

985 2246 1049 2268 τιυιο
1071 2241 1190 2276 Spiritus
1214 2241 1320 2272 sancti;
1345 2241 1382 2267 ita
1411 2247 1439 2267 ut
1463 2241 1496 2267 ab
1515 2240 1664 2268 Jerusalem
1686 2249 1734 2276 per

112 2282 216 2317 κύκλῳ,
232 2283 279 2310 καὶ
305 2284 386 2320 μέχρι
408 2285 455 2311 τοῦ
470 2285 617 2321 Ἰλλυρικοῦ
642 2287 852 2322 πεπληρωκέναι
868 2289 898 2315 τὺ

112 2328 277 2362 Εὐαγγέλιον
295 2329 342 2356 τοῦ
359 2329 488 2365 Χριστοῦ.
506 2340 515 2356 ι
533 2330 576 2357 Ἐν
589 2330 627 2366 τῷ
644 2331 731 2366 Ἰησοῦ
746 2333 898 2367 καυχᾶσθαι

112 2382 190 2409 φησι,
205 2375 235 2401 τὸ
248 2373 378 2410 καύχημα
393 2375 480 2410 λέγων
491 2376 562 2412 ἔχειν
575 2378 643 2413 πρὸς
655 2378 795 2405 Θεόν.’¹οτι
807 2379 834 2405 δὲ
847 2379 898 2406 οὐκ

112 2419 283 2454 ἀνθρώπινον
310 2420 341 2446 τὸ
367 2421 414 2447 καὶ
438 2421 467 2447 ὲν
488 2421 601 2456 δυνάμει
622 2422 779 2458 Πνεύματος
794 2424 823 2450 ὲν
841 2424 897 2456 τοῖς

110 2463 201 2497 ἁγίοις
215 2464 375 2496 ἀποστόλοις
391 2466 513 2501 ἐνεργεῖν
529 2466 656 2493 δύνασθαι
673 2467 718 2493 τὸν
732 2468 849 2502 Χριστὸν
862 2468 897 2494 τὰ

111 2509 261 2542 παράδοξα,
276 2510 332 2542 πῶς
343 2510 382 2536 ἔνι
396 2511 592 2545 ἀμφιϐάλλειν;
603 2512 708 2549 Ὥσπερ
719 2513 772 2548 γὰρ
784 2513 898 2544 ἕκαστος

109 2553 167 2580 τῶν
181 2554 243 2580 καθ’
259 2554 331 2589 ἡμᾶς
345 2555 374 2581 ἐν
387 2555 440 2591 ἰδίᾳ
453 2555 566 2590 δυνάμει
578 2556 612 2582 τὰ
628 2557 724 2583 ἑαυτοῦ
737 2557 804 2591 ἔργα
814 2558 897 2589 ποιεῖ,

109 2600 183 2626 οὕτω
200 2600 246 2626 καὶ
261 2601 274 2626 ὁ
288 2600 415 2636 Χριστὸς,
431 2601 469 2633 ὡς
492 2602 544 2637 ίδίᾳ
567 2602 679 2638 δυνάμει
703 2603 742 2638 τῷ
759 2603 897 2637 Πνεύματι

110 2645 263 2682 χρώμενος,
279 2647 385 2682 ἐνεργεῖ
404 2647 440 2673 τὰ
457 2648 597 2683 παράδοξα
618 2648 662 2675 διὰ
675 2649 725 2684 τῆς
743 2649 796 2676 τῶν
812 2649 897 2684 ἁγίων

949 2285 1090 2312 circuitum
1114 2292 1199 2319 usque
1214 2285 1247 2311 ad
1266 2284 1399 2319 lllyricum
1428 2284 1585 2319 repleverim
1608 2284 1734 2320 Evange-

948 2330 1013 2357 lium
1028 2330 1130 2358 Christi
1140 2330 1161 2357 ⁸.
1179 2340 1188 2356 I
1205 2330 1243 2357 En
1257 2330 1318 2357 dum
1334 2330 1360 2357 in
1376 2329 1485 2357 Christo
1496 2330 1636 2364 gloriatur,
1653 2330 1679 2358 in
1692 2331 1734 2358 his

949 2384 1008 2412 qua;
1029 2376 1074 2403 Dei
1088 2381 1151 2404 sunt
1166 2375 1277 2411 gloriari
1295 2383 1324 2403 se
1337 2375 1414 2403 dicit.
1430 2375 1506 2408 Quod
1528 2379 1617 2403 autem
1634 2376 1734 2403 virtute

951 2422 1068 2457 Spiritus
1092 2430 1141 2458 per
1167 2421 1304 2456 apostolos
1325 2426 1436 2449 sanctos
1458 2421 1579 2456 prodigia
1602 2426 1629 2448 et
1656 2422 1733 2456 signa

950 2468 1087 2496 Christum
1109 2475 1190 2503 posse
1213 2468 1305 2499 edere,
1327 2475 1395 2503 opus
1422 2467 1458 2495 sit
1481 2468 1607 2495 immanis
1630 2467 1734 2496 viribus

951 2514 1048 2549 majus,
1061 2515 1087 2542 id
1105 2515 1131 2541 in
1149 2514 1260 2542 dubium
1273 2521 1401 2542 revocare
1414 2521 1466 2541 non
1480 2514 1553 2540 licet.
1569 2513 1646 2540 Sicut
1660 2514 1732 2541 enim

951 2560 1136 2595 unusquisque
1147 2565 1267 2588 nostrum
1278 2560 1304 2587 in
1318 2559 1424 2595 propria
1438 2559 1536 2586 virtute
1555 2566 1613 2593 quae
1630 2564 1733 2586 natura:

952 2606 1037 2640 ipsius
1044 2611 1106 2633 sunt
1115 2610 1255 2640 operatur.
1265 2606 1301 2633 ita
1311 2607 1391 2633 etiam
1401 2605 1534 2639 Christus,
1545 2607 1570 2633 in
1582 2607 1665 2642 ipsius
1675 2605 1734 2640 Spi-

952 2651 1004 2677 ritu
1018 2657 1123 2683 sancto,
1136 2656 1165 2678 ut
1181 2652 1227 2685 qui
1239 2651 1298 2687 ejus
1315 2651 1426 2686 propria
1443 2652 1478 2679 sit
1493 2652 1590 2687 virtus,
1604 2652 1733 2680 miracnla

147 2733 249 2762 'ﬂom.
264 2742 324 2768 vut,
342 2717 447 2769 58:59.
486 2737 496 2753 ⁶
513 2736 591 2767 Rom.
608 2745 662 2770 xxv,
680 2737 725 2765 10.
761 2739 772 2753 ⁷
787 2737 867 2766 Rom.
882 2746 926 2772 xv,
942 2738 984 2771 15,
999 2739 1041 2767 l6.
1085 2740 1095 2756 ⁸
1115 2740 1193 2767 Rom.
1210 2748 1254 2774 xv,
1270 2741 1363 2769 17-19.

654 2815 741 2843 Variae
758 2815 886 2844 lectiones
902 2816 1002 2845 codicis
1018 2817 1196 2852 Segnieriani.

151 2889 158 2908 Ι
179 2884 215 2910 al.
230 2884 381 2919 ἀνωτάτην.
