1883 3056
196 148 263 178 1251

708 152 737 179 s.
758 152 892 180 cvnnu
914 153 1150 184 ALEXANDRINI
1170 149 1352 186 ancutcr.‘

1765 162 1827 191 i232

191 214 321 244 operatur
341 216 389 244 per
402 217 498 237 manus
519 215 685 238 sanctorum.
705 210 789 237 Porro
805 212 940 246 quomodo

1048 216 1130 250 ειρός.
1148 214 1215 243 Εἶτα
1238 217 1297 249 πῶς
1314 218 1344 245 οὐ
1359 217 1425 250 Θεός
1439 218 1523 251 ἐστιν,
1541 216 1572 247 οὗ
1587 220 1655 247 ἴδιον
1669 219 1701 246 τδ
1716 220 1825 256 Πνεῦμα

189 255 261 284 Deus
281 264 332 282 non
347 261 399 288 est,
416 256 492 290 cujus
511 255 628 291 Spiritus
650 264 759 284 sanctus
778 258 902 292 proprius
916 258 977 284 est?

226 311 236 328 ι
251 302 376 329 Salutant
398 310 445 330 vos
468 310 564 331 omnes
587 302 716 331 Ecclesiae
741 303 885 336 Christi“;
918 314 926 329 ι
949 309 975 332 et

187 349 242 376 alio
253 350 368 383 quodam
389 349 449 377 loco
463 350 495 376 ad
510 350 683 377 Timotheum
698 350 834 382 scribens.
856 351 892 377 ita
911 351 949 377 ait
965 359 972 378 :

189 405 199 420 ι
213 394 249 422 Ut
263 394 334 422 scias
346 395 481 429 quomodo
493 400 616 430 oporteat
630 402 654 423 lc
668 396 694 423 in
707 397 787 423 domo
801 396 845 423 Dei
859 404 973 423 conver-

183 441 237 467 sari
254 441 285 467 ¹⁰.
302 449 310 466 t
337 440 413 474 Quod
436 441 459 469 si
477 441 616 470 Ecclesias
631 442 731 470 Christi
749 450 808 470 esse
821 443 971 478 cognoscit,

183 486 264 520 idque
285 490 413 514 testatum
438 486 521 520 facit,
550 488 619 514 citra
650 487 731 515 ullam
755 489 970 517 controversiam

181 531 307 559 Christus
322 532 391 560 Deus
404 533 467 560 erit.

221 587 229 603 ι
248 577 318 606 Deus
333 584 423 606 autent
441 580 516 615 pacis
535 585 658 608 conteret
678 580 807 608 Satanam
823 582 873 610 sub
891 583 967 617 pedi-

179 624 229 652 hus
254 626 351 652 vestris
373 625 546 654 velociter".
569 636 578 653 ι
603 627 669 654 Cum
697 636 747 662 pax
772 629 880 656 dicatur
906 637 967 657 esse

179 671 234 703 Dei,
253 672 378 700 Christus
402 678 490 700 autem
517 674 550 701 ad
575 679 683 702 sanctos
706 676 844 710 apostolos
867 676 903 704 ita
926 678 966 704 in-

176 720 252 753 quiat
270 729 276 746 :
293 729 300 744 ι
319 719 416 746 Pacem
438 721 563 756 relinquo
587 722 675 754 vobis,
702 730 796 757 pacem
823 731 910 751 meam
930 725 965 752 do

175 765 303 793 vobis”:
325 776 334 792 ›
348 767 482 800 qumnodo
507 767 540 799 is,
562 775 664 802 qumso,
691 768 736 803 qui
766 776 859 804 pacem
880 770 962 798 veluti

174 812 312 846 proprium
329 813 427 839 lmnutn
445 813 534 848 dignis
549 813 685 849 impertiri
706 815 801 843 solitus
814 821 867 848 est.
880 822 976 845 verus‘

173 858 242 886 Deus
255 866 307 885 non
323 859 384 885 est?

379 902 419 929 Ea:
435 903 523 936 priore
537 904 572 938 ad
588 904 748 932 Corinthios.

207 969 217 986 ι
231 960 331 988 Paulus
351 961 492 994 apostolus
511 960 575 988 Jesu
595 962 707 994 Christi,
725 971 773 997 per
792 963 958 991 voluntatem

169 1006 226 1036 Dei.
241 1011 267 1033 et
285 1006 433 1033 Sosthencs
448 1006 540 1038 frater.
557 1007 683 1035 Ecclesiae
700 1008 745 1036 Dei
759 1009 791 1037 ’³.
810 1019 820 1036 ι
838 1010 957 1037 Observa

168 1055 210 1080 hic
219 1062 226 1080 :
236 1052 372 1080 Romanos
379 1052 529 1088 alloquens.
539 1063 547 1079 ι
559 1053 683 1081 Salutant
693 1062 752 1085 vos.
760 1055 958 1089 inquit,omles

166 1099 292 1126 Ecclesiae
310 1099 428 1132 Christi;
443 1108 453 1124 ι
477 1107 548 1127 nttnc
568 1107 632 1126 vero
656 1100 806 1128 Corinthiis
821 1102 955 1134 scribens,

166 1145 314 1172 Erclesiant
341 1145 388 1172 Dei
407 1153 467 1172 esse
483 1146 589 1173 asserit.
604 1147 657 1181 61
672 1156 681 1172 ι
700 1146 756 1173 Hoc
773 1152 864 1175 autent
883 1148 954 1179 dico.

163 1194 234 1223 quod
257 1192 441 1227 unusquisque
459 1198 578 1220 vestrum
593 1194 678 1222 dicit:
694 1193 750 1229 Ego
763 1195 873 1229 quidem
893 1204 953 1224 sum

162 1241 248 1272 Pauli.
264 1248 314 1274 ego
333 1246 423 1268 autem
445 1241 551 1276 Apollo,
564 1249 614 1276 ego
631 1249 695 1269 vero
708 1241 816 1276 Cephre.
831 1250 882 1277 ego
902 1251 953 1270 an-

162 1293 215 1314 tem
234 1287 346 1314 Christi.
366 1287 472 1314 Divisus
497 1292 537 1314 est
552 1287 698 1314 Christus?
713 1287 837 1322 Nunquid
853 1289 954 1317 Paulus

159 1334 306 1361 cruciﬁxus
319 1338 360 1359 est
376 1341 425 1368 pro
437 1333 524 1364 vobis.
542 1338 589 1359 attt
605 1333 631 1360 in
645 1333 755 1362 nomine
768 1333 843 1361 Pauli
861 1335 952 1369 bapti-

159 1380 210 1408 σειί
235 1380 302 1406 estis
315 1380 356 1405 u?
371 1389 380 1405 ›
403 1379 431 1406 Si
458 1387 524 1414 ergo
540 1379 666 1407 Christus
693 1387 746 1407 non
767 1384 811 1407 est
834 1381 948 1413 divisus.

157 1425 247 1452 omnia
271 1429 297 1451 et
319 1431 414 1451 omnes
431 1424 503 1450 illius
526 1428 600 1450 sunt.
622 1423 653 1450 Et
672 1425 694 1450 si
724 1424 747 1450 is
763 1424 849 1451 nostri
867 1432 949 1452 causa

155 1470 302 1497 cruciﬁxus
325 1475 375 1500 est.
400 1473 427 1496 et
450 1477 499 1497 nos
526 1469 552 1496 in
580 1470 690 1496 nomine
714 1470 800 1504 ipsius
817 1470 947 1504 baptizati

155 1524 258 1545 munus.
282 1523 376 1542 omnes
399 1516 491 1550 Illique
515 1516 552 1542 illi
577 1515 724 1547 debemur;
743 1524 836 1543 sumus
856 1521 946 1544 autem

155 1563 192 1590 illi
208 1563 329 1593 obnoxii,
347 1570 400 1588 non
419 1566 547 1596 tanquam
566 1562 667 1588 homini
687 1562 774 1589 nostri
792 1563 885 1596 simili,
900 1563 946 1590 sed
960 1575 981 1603 ο

155 1614 282 1643 tanquam
298 1609 363 1635 Deo.
383 1607 466 1636 Nobis
482 1615 547 1642 ergo
564 1608 689 1634 Christus
703 1613 746 1635 est
760 1608 842 1636 Deus.

193 1664 202 1680 ι
218 1654 350 1688 Quoniam
373 1659 401 1681 et
427 1653 513 1681 Judaei
542 1654 648 1688 signum
671 1659 784 1689 petunt,
808 1660 835 1682 et
857 1655 944 1682 Gratci

154 1701 316 1735 sapientiam
333 1704 461 1733 quaerunt
475 1709 481 1726 :
500 1707 549 1726 nos
561 1705 650 1727 autem
672 1700 851 1735 praedicamus
863 1701 944 1728 Chri-

153 1751 224 1773 stum
242 1745 412 1777 cruciﬁxum,
427 1745 527 1772 Jtttlmis
545 1746 654 1779 quidem
670 1745 839 1777 scandalum,
856 1747 944 1780 genti-

152 1794 202 1819 bus
232 1797 321 1818 autem
343 1791 485 1818 stultitiam
501 1792 532 1817 η.
551 1800 559 1816 ι
577 1792 672 1818 Annon
691 1791 792 1825 quivis,
815 1792 941 1824 obsecro.

151 1838 230 1865 fateri
242 1838 320 1865 debet
333 1837 516 1872 evangelicum
527 1837 747 1871 prmdicationem
759 1845 856 1865 omnes
867 1844 945 1872 quot-

150 1889 214 1918 quot
235 1891 283 1918 per
298 1884 390 1910 orbem
407 1882 496 1916 sparsi
515 1887 590 1913 sunt.
615 1882 647 1909 ad
671 1889 763 1909 veram
784 1882 829 1909 Dei
847 1884 941 1918 cogni-

150 1929 252 1955 tionem
267 1928 402 1955 invitare?
418 1928 453 1954 At
464 1935 516 1961 qtta
535 1928 643 1954 tandem
659 1927 764 1954 ratione
775 1928 846 1955 istud
859 1929 940 1956 alicui

149 1974 305 2010 ambiguum
325 1981 386 2001 esse
400 1973 502 2008 qtteat?
515 1973 548 2000 At
561 1973 724 2007 cuiusmodi,
743 1982 845 2007 quaso,
861 1975 940 2003 Chri-

148 2027 221 2047 stum
236 2020 397 2047 cruciﬁxum
411 2019 480 2047 sacri
493 2021 617 2047 doctores
631 2020 798 2054 pradicant?
818 2021 938 2056 nunquid

146 2067 233 2093 solum
247 2066 382 2093 hominem
397 2065 482 2092 nostri
495 2065 623 2097 similem,
634 2066 678 2099 qui
693 2071 808 2093 mortem
820 2067 845 2093 in
857 2074 939 2095 cruce

145 2112 302 2147 peztulisset
314 2133 320 2142 .
334 2112 369 2138 ita
386 2111 480 2146 utjam
496 2111 522 2138 in
537 2111 687 2145 simplicem
703 2112 840 2139 hominem
859 2121 937 2140 mtto-

145 2161 196 2186 dtts
217 2159 330 2185 credat?
344 2158 438 2185 Absit!
460 2157 630 2185 Credidimus
650 2158 723 2185 enim
742 2158 768 2185 in
786 2159 868 2186 Deum
893 2159 936 2186 vi-

143 2211 206 2230 vunt
222 2207 249 2230 et
264 2210 367 2230 verum.
383 2201 521 2229 Christum
540 2202 654 2235 proinde
672 2203 830 2230 cruciﬁxum
851 2203 934 2231 Dettm

1030 261 1060 287 τὸ
1076 261 1171 295 ἆγιον;

1069 315 1076 330 ι
1089 306 1268 338 Ἀσπάζονται
1286 308 1358 342 ὑμᾶς
1372 308 1400 335 αἱ
1417 309 1577 345 Ἑκκλησίαι
1591 311 1682 338 πᾶσαι
1698 311 1747 337 τοῦ
1760 311 1822 347 Χριν

1029 353 1103 381 ατοῦ.
1120 363 1130 380 υ
1150 354 1244 380 Καίτοι
1263 354 1345 389 φησὶν
1366 357 1395 382 ἐν
1414 356 1527 392 ἑτέροις,
1544 357 1673 393 Τιμοθέῳ
1688 358 1820 393 γράφων·

1031 399 1107 425 «Ἵνα
1131 400 1204 435 εἰδῇς
1219 400 1277 432 ’πῶς
1290 400 1331 427 δεῖ
1346 402 1374 428 ἐν
1391 402 1458 437 οἴκῳ
1473 402 1540 429 Θεοῦ
1557 403 1793 439 ἀναστρέφεσθαι.
1810 414 1818 430 ι

1026 445 1056 471 Εἰ
1066 445 1093 471 δὲ
1107 446 1225 481 Χριστοῦ
1238 447 1288 479 τὰς
1300 447 1533 483 Ἐκκλησίαςοῖὄε.
1542 449 1590 475 καὶ
1605 449 1818 485 μεμαρτύρηκε·

1024 491 1090 524 Θεὸς
1103 493 1158 528 ἄρα
1173 494 1299 529 Χριστός.

1062 539 1110 565 αὐ
1136 540 1164 566 δὲ
1188 540 1254 572 Θεὸς
1274 541 1324 575 τῆς
1344 542 1455 577 εἰρήνης
1479 542 1620 578 συντρίψει
1633 543 1681 570 τὸν
1695 544 1819 570 Σατανᾶν

1023 585 1075 611 ὑπὸ
1097 586 1160 618 τοὺς
1185 587 1269 618 πόδας
1289 587 1366 622 ὑμῶν
1388 589 1418 615 ἐν
1438 589 1524 624 τάχει.
1544 599 1552 614 ι
1572 589 1639 616 Θεοῦ
1663 590 1818 626 λεγομένης

1020 629 1091 656 εἶναι
1107 631 1157 666 τῆς
1173 632 1284 668 εἰρήνης
1302 632 1365 667 (ἔφη
1380 633 1434 670 γάρ
1450 642 1501 660 που
1514 635 1632 670 Χριστὸς
1644 637 1703 667 τοῖς
1723 637 1813 669 ἁγίοις

1020 677 1179 713 ἀποστόλοις
1189 687 1195 693 ·
1210 678 1344 714 (Εἰρήνην
1357 679 1405 714 τὴν
1419 680 1488 715 ἐμὴν
1498 680 1594 715 δίδωμι
1607 681 1684 715 ὑμῖν,
1702 681 1816 718 εἰρήνην

1017 730 1068 757 την
1082 722 1151 757 ἐμὴν
1163 723 1347 758 ὰςρὶημιὺμίν)
1357 745 1364 756 ,
1378 734 1386 750 ι
1402 723 1461 751 εἶτα
1475 725 1533 757 πῶς
1546 726 1576 752 οὐ
1593 726 1660 758 Θεὸς
1675 726 1786 763 ἀληθῶς
1801 729 1816 754 ὁ

1017 769 1067 803 τῆς
1088 769 1200 804 εἰρήνης
1225 770 1318 806 δοτὴρ,
1339 771 1386 798 καὶ
1401 770 1438 803 ὡς
1454 771 1520 799 ἴδιον
1535 773 1637 807 ἀγαθὸν
1654 775 1711 805 τοῖς
1727 773 1814 807 ἀξίοις

1015 814 1104 847 διδοὺς
1118 816 1205 851 αὑτήν
1215 824 1223 849 ;

1136 905 1184 932 Ἐκ
1198 905 1255 939 τῆς
1272 905 1348 940 πρὸς
1366 907 1542 941 Κορινθίους
1560 907 1690 943 πρώτης.

1052 971 1061 987 ι
1085 962 1191 994 Παῦλος
1206 963 1356 996 ἀπόστολος
1369 965 1487 999 Χριστοῦ
1514 965 1602 1000 Ἰησοῦ
1622 966 1668 993 διὰ
1686 967 1810 1003 θελήμα-

1010 1016 1056 1039 τος
1070 1008 1149 1042 Θεοῦ,
1165 1008 1212 1035 καὶ
1221 1009 1363 1045 Σωσθένης
1378 1012 1392 1037 ὁ
1405 1011 1530 1045 ἁδελφὸς,
1544 1013 1577 1046 τῇ
1593 1012 1748 1049 Ἐκκλησὶᾳ
1762 1013 1809 1041 τοῦ

1010 1052 1091 1080 Θεοῦ.
1118 1063 1127 1079 ν
1161 1053 1356 1088 Ἐπιτὴρησον,
1373 1055 1415 1081 ὅτι
1438 1055 1585 1090 Ῥωμαίοις
1610 1058 1808 1094 προειρηκώςο

1011 1108 1021 1124 ι
1047 1098 1228 1130 Ἀσπάζονται
1242 1099 1314 1134 ὑμᾶς
1329 1101 1358 1127 αἱ
1380 1100 1539 1137 Ἐκκλησῐαι
1556 1103 1641 1129 πᾶσαι
1665 1104 1714 1130 τοῦ
1739 1105 1806 1140 Χρι-

1009 1145 1087 1172 στοῦ’
1100 1155 1109 1171 ι
1128 1145 1282 1181 Κορινθίοις
1299 1147 1474 1180 ἐπιστέλλων,
1489 1148 1558 1175 Θεοῦ
1571 1158 1652 1184 φησιν
1670 1148 1743 1177 εἶναι
1758 1151 1806 1186 τὴν

1013 1190 1189 1226 Ἐκκλησίαν.
1213 1202 1221 1216 ι
1246 1191 1325 1225 Λέγω
1348 1191 1375 1218 δὲ
1400 1192 1488 1224 τοῦτο,
1511 1194 1552 1220 ὅτι
1581 1194 1700 1227 ἕκαστος
1728 1196 1805 1230 ὑμῶν

1006 1236 1097 1271 λέγει’
1120 1236 1191 1271 Ἐγὼ
1209 1238 1258 1272 μέν
1270 1239 1327 1273 εἰμι
1342 1238 1460 1270 Παύλου.
1474 1239 1530 1273 ἐγὼ
1544 1239 1573 1266 δὲ
1598 1241 1735 1273 unum».
1750 1242 1805 1276 ἐγὼ

1005 1282 1033 1308 δὲ
1051 1283 1144 1317 Κηφᾶ,
1162 1282 1217 1316 ἐγὼ
1233 1283 1260 1309 δὲ
1280 1283 1408 1318 Χριστοῦ.
1434 1285 1607 1320 Μεμέρισται
1629 1286 1643 1312 ὁ
1666 1287 1802 1322 Χριστόςς

1005 1329 1050 1364 Μὴ
1069 1328 1175 1360 Παῦλος
1199 1329 1359 1365 ἐσταυρώθη
1378 1330 1448 1365 ὑπὲρ
1463 1331 1557 1366 ὑμῶν,
1573 1331 1590 1367 ἢ
1607 1332 1648 1364 εἰς
1663 1333 1696 1359 τὸ
1716 1333 1803 1368 ὄνομα

1004 1375 1088 1401 αὑτοῦ
1113 1375 1314 1410 ὲϐαπτίσθητε;
1343 1386 1351 1401 ι
1375 1377 1479 1404 υὺκοῦν
1495 1379 1519 1404 εἰ
1540 1377 1577 1413 μὴ
1600 1379 1768 1414 μεμέρισται
1788 1381 1802 1406 ὸ

1004 1421 1133 1456 Χριστὸς,
1155 1422 1245 1449 πάντα
1269 1421 1363 1454 αὑτοῦ,
1384 1423 1430 1448 καὶ
1454 1423 1554 1455 πάντες
1576 1423 1671 1450 αὐτοῦ.
1697 1425 1755 1451 Καὶ
1777 1425 1802 1452 εί

1002 1467 1084 1499 αὐτὸς
1098 1467 1259 1503 ὲσταυρώῡη
1273 1468 1343 1503 ὑπὲρ
1356 1469 1446 1504 ήμῶν,
1459 1469 1505 1496 καὶ
1520 1470 1559 1501 εις
1570 1469 1600 1496 τὸ
1613 1469 1700 1506 ὗνομα
1712 1470 1799 1498 αὑτοῦ

1001 1513 1155 1548 ἐϐαπτίσθη
1161 1523 1221 1549 μεν,
1234 1515 1307 1549 αὑτῷ
1317 1514 1438 1550 δηλονότι
1450 1516 1682 1551 κεχρεωστήμεθα
1692 1525 1700 1533 ·
1712 1517 1799 1552 ἐσμὲν

1000 1561 1027 1586 δὲ
1044 1561 1094 1587 οὐκ
1116 1560 1261 1596 ἀνθρώπου
1284 1560 1337 1587 τῶν
1353 1561 1413 1587 καθ’
1426 1562 1500 1596 ἡμᾶς
1522 1561 1592 1595 ἑνὸς,
1618 1562 1687 1589 ἀλλά
1713 1562 1797 1590 Θεοῦ.

999 1607 1116 1642 Χριστὸς
1130 1607 1183 1642 ἄρα
1196 1606 1261 1638 Θεὸς
1275 1607 1317 1641 ἐφ’
1332 1607 1416 1642 ἡμᾶς.

1036 1663 1045 1678 ι
1071 1653 1181 1688 Ἐπειδὴ
1198 1654 1246 1679 καὶ¹
1265 1653 1387 1680 Ἰουδαῖοι
1404 1655 1516 1689 σημεῖον
1529 1654 1647 1686 αἰτοῦσι,
1667 1655 1713 1681 καὶ
1730 1655 1797 1682 Ἕλ-

997 1697 1077 1733 ληνες
1098 1698 1195 1732 σοφίαν
1213 1698 1338 1734 ζητοῦσιν
1350 1707 1356 1714 ·
1372 1700 1452 1734 ἡμεῖς
1480 1699 1508 1726 δὲ
1527 1700 1704 1735 κηρύσσομεν
1724 1701 1794 1736 Χρι-

997 1743 1060 1769 στὺν
1081 1743 1298 1779 ἐσταυρωμένον,
1321 1744 1459 1776 Ἰουδαίοις
1475 1745 1525 1779 μὲν
1554 1746 1714 1778 σκάνδαλον,
1730 1746 1794 1772 Ἕλ-

995 1789 1058 1823 λησι
1072 1789 1100 1815 δὲ
1115 1790 1230 1824 μωρίαν.
1257 1799 1266 1814 ι
1287 1787 1350 1824 ⁷Λρ”
1366 1789 1426 1825 οὐχὶ
1441 1791 1495 1822 πᾶς
1517 1791 1643 1818 ὁστισοῦν
1657 1792 1795 1827 ὁμολογή-

995 1843 1067 1860 σειεν
1082 1834 1126 1866 ἂν,
1142 1835 1183 1860 ὅτι
1199 1835 1278 1861 καλεῖ
1294 1835 1360 1870 πρὸς
1378 1835 1544 1869 Θεογνωςίσν
1559 1837 1610 1872 τὴν
1622 1837 1711 1872 ἀληθῆ
1727 1838 1792 1870 τοὺς

993 1881 1046 1907 ἀνὰ
1069 1882 1160 1907 πᾶσαν
1184 1881 1234 1916 τὴν
1254 1882 1305 1916 γῆν
1330 1882 1360 1908 τὺ
1385 1883 1516 1917 κήρυγμα
1534 1882 1565 1909 τὸ
1590 1883 1789 1918 εὐαγγελικόνς

993 1926 1059 1954 Εἶτα
1075 1928 1144 1959 πῶς,
1162 1928 1178 1963 ἢ
1197 1927 1278 1954 πόθεν
1299 1927 1377 1954 τοῦτο
1393 1928 1563 1963 ἀμφίϐολον;
1581 1929 1643 1961 Πῶς
1665 1927 1712 1956 οὖν
1733 1930 1790 1965 ἄρα

992 1973 1174 2009 κηρύττουσιν
1193 1975 1216 1999 οἰ
1235 1974 1410 2008 μυσταγωγοὶ
1424 1974 1543 2011 Χριστὸν
1558 1975 1788 2011 ὲσταυρωμένον;

991 2017 1045 2054 ἆρα
1060 2019 1098 2051 ὡς
1119 2019 1168 2046 ἕνα
1183 2019 1237 2046 τῶν
1253 2019 1313 2046 καθ’
1329 2020 1412 2054 ἡμᾶς,
1430 2020 1476 2046 τὸν
1499 2021 1546 2047 ἐπὶ
1562 2021 1681 2056 σταυροῦ
1701 2022 1786 2049 θάνα-

988 2073 1035 2091 τον
1058 2065 1260 2100 ὑπομείναντα,
1277 2060 1324 2091 καῖ
1347 2065 1387 2096 εἰς
1406 2065 1549 2101 ἄνθρωπον
1567 2067 1584 2102 ἡ
1607 2067 1654 2094 τοῦ
1680 2068 1783 2104 κόσμου

989 2111 1080 2143 πίστις
1096 2111 1264 2146 arpis-cacat;
1291 2111 1337 2146 Μὴ
1359 2111 1483 2145 γένοιτοῑ
1505 2113 1734 2148 Πεπιπτεὺκαμεν
1755 2114 1783 2141 δὲ

987 2157 1048 2193 Θεῷ
1062 2157 1143 2189 ζῶντι
1161 2157 1208 2184 καὶ
1227 2157 1358 2192 ἀληθινῷ.
1381 2157 1447 2184 Θεὸν
1461 2155 1508 2184 οὖν
1521 2156 1575 2185 οἶδε
1595 2159 1713 2192 Χριστὸν
1738 2161 1783 2187 τὸν

988 2203 1206 2239 ἐσταυρωμένον,
1223 2203 1270 2229 καὶ
1287 2203 1326 2238 τῷ
1337 2203 1432 2238 κόσμῳ
1451 2203 1592 2238 κηρύττει,
1601 2205 1782 2241 τεθαρσηκὼς

144 2257 204 2276 esse
222 2253 311 2279 nerat,
327 2248 492 2282 mundoque,
509 2248 580 2281 quod
607 2248 632 2274 in
655 2248 729 2275 illum
753 2249 865 2277 credens
881 2257 935 2277 non
952 2250 955 2279 1

1048 2251 1084 2285 μὴ
1102 2250 1260 2284 σφάλλεται.

144 2300 227 2325 erret.
240 2294 372 2328 intrepide
386 2293 539 2320 annuntiat.

182 2351 191 2367 ι
208 2340 240 2367 Et
255 2348 305 2375 ego
323 2348 383 2367 cum
399 2340 534 2366 venissem
556 2340 589 2366 ad
607 2340 783 2372 vos,fratres,
798 2341 860 2368 veni
880 2348 932 2368 non

143 2387 171 2415 in
190 2387 355 2414 sublimitate
370 2385 515 2417 sermonis,
534 2390 581 2412 aut
602 2385 752 2419 sapientia,
769 2387 932 2414 annuntians

142 2433 220 2461 vobis
242 2433 426 2460 testimonium
449 2432 562 2459 Christi.
587 2431 645 2458 Non
663 2432 734 2458 enim
752 2431 869 2466 judicavi
889 2439 931 2459 me

141 2481 212 2508 scire
235 2479 336 2512 aliquid
364 2479 436 2505 inter
451 2486 508 2507 vos.
535 2478 587 2504 nisi
612 2477 705 2505 Jesutn
728 2477 877 2510 Christum,
904 2482 932 2505 et

140 2526 214 2553 hunc
237 2524 441 2551 cruciﬁxum”.
462 2533 470 2549 ι
487 2523 556 2550 Ecce
583 2523 627 2550 hic
651 2531 712 2551 cum
734 2524 779 2551 Dei
806 2525 931 2552 testimo-

140 2573 215 2598 nium
236 2571 337 2597 mundo
359 2579 388 2598 se
410 2571 574 2597 annuntiare
599 2570 702 2604 liquido
720 2575 846 2604 exponat,
868 2578 929 2597 tnox

139 2624 228 2644 tamen
251 2618 388 2645 Christum
411 2617 503 2644 Jesnm
532 2617 671 2652 adiungit,
692 2622 719 2644 et
750 2625 811 2644 eum
841 2619 929 2645 eruci-

139 2664 233 2690 ﬁxum.
256 2663 328 2691 Deus
351 2665 432 2693 igitur
450 2668 493 2691 est
515 2663 640 2690 Christus
662 2662 750 2695 Jesus,
775 2664 820 2698 qui
839 2666 928 2692 crucis

138 2709 299 2743 supplicium
325 2710 408 2737 nostri
439 2717 520 2737 causa
547 2709 695 2741 sustinuit;
724 2709 801 2744 cujus
819 2717 928 2744 quoque

137 2757 322 2784 testimonium
344 2756 443 2784 mundo
460 2765 507 2791 per
531 2760 640 2783 sanctos
659 2755 797 2790 apostolos
817 2764 923 2783 annuit-

177 2831 272 2858 'Rom.
284 2840 338 2863 xvi,
356 2834 395 2861 ‘lG.
430 2832 597 2861 “’lTimolh.
614 2841 653 2864 tu,
665 2835 711 2862 25.

141 2866 162 2882 ιδ
178 2866 242 2894 ibid.
259 2867 303 2902 ιε,
316 2868 360 2895 a5.
417 2869 439 2885 ιε
454 2869 464 2895 ι
480 2868 543 2895 Cor.
560 2877 589 2903 ιι,
609 2870 634 2904 ι,
654 2870 682 2898 2.

751 2836 771 2851 “
784 2833 862 2861 Rom.
880 2833 990 2867 xvt,20.

1024 2348 1033 2365 ι
1057 2338 1144 2373 Κάγὼ
1160 2338 1244 2365 ἐλθὼν
1255 2338 1322 2373 πρὸς
1337 2339 1419 2374 ὑμᾶς,
1437 2339 1556 2373 ἀδελφοὶ,
1574 2337 1657 2374 ἦλθον
1671 2341 1702 2367 οὐ
1719 2342 1780 2368 καθ’

986 2385 1122 2420 ὑπεροχὴν
1145 2384 1236 2418 λόγου.
1263 2384 1278 2418 ἢ
1303 2385 1414 2419 σοφίας,
1440 2386 1636 2420 καταγγέλλων
1662 2387 1727 2423 ὑμῖν
1750 2389 1781 2414 τὸ

986 2433 1137 2468 μαρτύριον
1157 2431 1203 2457 τοῦ
1226 2430 1305 2458 Θεοῦ.
1326 2431 1363 2457 Οὐ
1388 2431 1442 2466 γὰρ
1465 2431 1561 2466 ἔκρινα
1587 2432 1687 2459 εἰδέναι
1705 2443 1732 2460 τι
1751 2435 1779 2460 ἐν

983 2480 1057 2513 ὑμῖν,
1075 2480 1098 2504 εἰ
1113 2479 1151 2514 μὴ
1174 2477 1277 2512 Ἰησοῦν
1287 2477 1416 2513 Χριστὸν,
1431 2478 1477 2504 καὶ
1493 2478 1589 2504 τοῦτον
1599 2480 1777 2516 ἐσταυρωμέ-

982 2535 1036 2553 νον.
1058 2535 1066 2551 t
1093 2525 1158 2551 Ἰδοὺ
1171 2525 1202 2559 δὴ
1223 2524 1316 2559 σαφῶς
1333 2523 1362 2549 τὺ
1379 2523 1528 2558 μαρτύριον
1544 2524 1592 2550 τοῦ
1610 2525 1679 2552 Θεοῦ
1692 2526 1777 2559 λέγων

984 2571 1180 2606 καταγγέλλειν
1195 2570 1234 2605 τῷ
1257 2571 1362 2604 κόσμῳ,
1377 2571 1493 2605 Χριστὸν
1516 2570 1620 2605 Ἰησοῦν
1641 2573 1776 2607 ἐπήγαγε,

983 2620 1033 2646 καὶ
1052 2618 1147 2645 τοῦτον
1173 2617 1390 2652 ἐσταυρωμένον.
1420 2617 1485 2648 Θεὸς
1511 2614 1558 2643 οὖν
1588 2617 1642 2653 ἄρα
1670 2619 1743 2644 ἐστὶν
1764 2620 1777 2644 ὁ

984 2665 1098 2700 σταυρὸν
1124 2664 1157 2690 δι’
1183 2664 1256 2698 ἡμᾶς
1272 2663 1422 2698 ὑπομείνας
1445 2662 1562 2698 Χριστὸς
1597 2663 1719 2697 Ἰησοῦς·
1746 2661 1775 2690 οὗ

982 2711 1030 2738 καὶ
1052 2711 1082 2737 τὸ
1105 2709 1255 2745 μαρτύριον
1277 2710 1326 2736 οὐκ
1352 2710 1380 2735 ἐν
1406 2702 1527 2744 ὑπεροίῇ
1550 2709 1631 2744 λόγου
1659 2710 1706 2736 καὶ
1732 2719 1775 2736 σο-

978 2757 1042 2791 φίας
1068 2756 1203 2790 κοσμικῆς
1230 2755 1444 2789 καταγγέλλεται
1469 2755 1509 2790 τῷ
1537 2756 1633 2790 κόσμῳ
1654 2756 1699 2782 διὰ
1720 2755 1772 2781 τῶν

1562 2833 1584 2850 ιδ
1592 2833 1658 2862 ibid.
1669 2833 1712 2867 1‘2,
1727 2833 1771 2861 13.

1031 2834 1050 2849 ¹¹
1065 2832 1144 2861 Joan.
1162 2840 1217 2866 ην,
1233 2831 1278 2858 27.
1319 2832 1340 2848 ¹³
1357 2832 1365 2860 1
1380 2831 1442 2860 Cor.
1456 2841 1473 2865 ι,
1495 2833 1519 2860 Ι.
