1883 3056
126 165 197 193 ηὸὅ

678 166 723 194 DE
741 166 855 194 RECTA
876 165 955 193 FIDE
974 166 1018 193 AD
1039 164 1200 193 REGINAS.
1691 163 1759 191 ιεπι

121 223 211 257 ἁγίων
234 223 402 256 ἀποστόλων,
422 223 479 250 ἀλλ’
500 223 537 256 ὡς
557 225 586 250 ὲν
604 225 718 261 δυνάμει
743 225 902 260 Πνεὺματος

995 228 1063 250 itum
1085 228 1137 255 est,
1159 230 1212 249 non
1238 221 1373 249 sermonis
1394 221 1553 254 eminentia,
1580 221 1757 248 mundana-re

160 320 170 337 ι
192 309 294 345 Σοφίαν
314 310 344 338 δὲ
359 310 493 346 λαλοῦμεν
512 311 541 338 ἐν
556 312 611 343 τοῖς
627 311 756 344 τελείοις·
773 312 870 347 σοφίαν
883 311 912 339 δὲ

117 356 152 383 οὐ
167 355 214 383 τοῦ
230 357 327 388 αἰῶνος
338 357 445 390 τούτου,
460 357 520 384 οὐδὲ
534 357 588 383 τῶν
602 358 739 392 ἀρχόντων
756 357 802 384 τοῦ
815 357 911 389 αἰῶνος

118 403 228 435 τούτου,
243 403 296 430 τῶν
321 403 568 439 καταργουμένων·
593 403 662 430 ἀλλὰ
685 403 819 439 λαλοῦμεν
842 403 910 430 Θεοῦ

119 448 219 482 σοφίαν
233 449 262 475 ὲν
279 448 431 484 μυστηρίῳ,
448 448 498 484 τὴν
513 449 774 484 ἀποκεκρυμμένην,
790 449 824 484 ἦν
844 458 911 484 προ-

118 494 219 529 ώρισεν
239 495 253 521 ὁ
271 495 337 526 Θεὸς
351 495 404 530 πρὸ
418 495 472 521 τῶν
488 494 593 522 αἰώνων
608 496 647 527 εἰς
669 495 749 529 δόξαν
763 495 859 530 ἡμῶν·
876 495 911 530 ἣν

117 541 207 571 οὐδεὶς
221 540 274 567 τῶν
286 540 424 575 ἀρχόντων
438 540 485 567 τοῦ
501 540 599 572 αἰῶνος
623 540 719 567 τούτου
732 541 860 575 ἔγνωκεν,
878 539 911 566 Εἰ

117 586 175 620 γὰρ
189 586 320 620 ἔγνωσαν,
341 587 391 613 οὐκ
410 586 443 613 ἂν
456 586 501 612 τὸν
524 586 626 621 Κύριον
648 587 697 621 τῆς
711 586 790 621 δόξης
811 585 911 612 ἐσταύ-

117 641 222 667 ρωσαν.
243 642 252 658 ι
271 633 304 659 Ei
320 632 388 658 Θεοῦ
404 633 484 666 σοφία
498 632 527 658 τὸ
543 633 691 668 μυστήριον
707 632 836 668 Χριστοῦ,
851 631 910 659 εἶτα

116 677 157 711 τῷ
173 679 270 713 κόσμῳ
284 677 460 713 κηρύττεται.
488 678 535 704 καὶ
557 678 624 709 Θεὸς
643 679 693 705 οὒκ
712 679 785 705 ἔστιν
801 678 909 714 ἀληθῶς

116 723 189 750 κατὰ
203 724 233 749 τό
247 733 327 757 τισιν,
344 725 393 750 οὐκ
408 722 455 751 οἷδ’
471 725 554 756 ὅπως,
569 724 674 756 δογοῦν,
686 723 732 751 καὶ
748 725 787 756 εἰς
797 725 877 751 αὐτὸν
890 726 907 760 ἡ

115 768 209 800 πίστις
218 768 268 804 (1)·
283 769 341 801 πῶς
352 769 446 796 ὲστιτὸ
455 770 606 806 μυστήριον
615 770 703 804 σοφὸν,
714 770 793 805 εἱτῆς
802 770 910 805 ἀληθῶς

115 814 282 848 θεογνωσίας
298 814 462 849 ἀποκομίζει
478 815 540 847 τοὺς
566 815 612 842 ἐπὶ
628 816 677 851 τῆς
699 816 761 851 γῆς,
791 816 838 842 καὶ
860 816 909 843 λοιο

113 859 210 895 τρείαν
233 860 377 896 ἀνθρώπου
392 861 441 896 τὴν
457 861 647 898 οἰκουμενικὴν
670 862 814 895 inpulsi;
837 862 907 888 Ἀλλ’

114 907 146 932 οὐ
169 906 247 933 τοῦτο
260 907 334 934 ἐστιν
359 906 467 942 ἀληθές.
485 907 569 943 Σοφὸν
583 908 613 934 δὲ
634 908 664 934 τὸ
687 908 846 944 μυστήριον,
868 908 908 935 ὅτι

113 951 176 987 Θεῷ
203 952 335 987 προσάγει
361 954 423 985 τοὺς
453 953 695 989 πεπλανημένους’
723 954 789 986 Θεὸς
815 953 869 989 ἄρα
893 955 907 980 ὁ

114 997 244 1033 Χριστός.
265 999 379 1034 Εἴρηται
392 1000 420 1026 δὲ
436 1000 482 1026 καὶ
499 999 611 1031 δικαίως
627 1000 729 1036 Κύριος
739 1001 788 1036 τῆς
803 1000 881 1036 δόξης
893 999 907 1026 ὁ

113 1043 333 1080 ἐσταυρωμένος.

115 1098 225 1118 rursum
251 1092 372 1120 reducat.
395 1090 461 1119 Jure
487 1092 572 1128 igitur
599 1092 752 1127 meritoque
781 1097 807 1119 et
833 1092 903 1119 Deus

113 1137 283 1173 perhibetur.

153 1192 162 1208 ι
186 1183 264 1210 Κατὰ
278 1183 327 1219 τὴν
347 1183 426 1220 χάριν
445 1183 491 1211 τοῦ
512 1182 580 1211 Θεοῦ
603 1185 651 1220 τὴν
663 1183 785 1211 δοθεῖσάν
801 1193 857 1219 μοι,
869 1184 907 1217 ὡς

114 1228 195 1261 σορὸς
213 1229 381 1264 ἁρχιτέκτων
411 1229 534 1265 θεμέλιον
548 1230 646 1266 ἔθηκα,
664 1230 743 1262 ἄλλος
757 1231 785 1257 δὲ
800 1232 907 1257 ἐποικο-

110 1272 200 1307 δομεῖ.
212 1273 341 1308 Θεμέλιον
350 1274 405 1310 γὰρ
415 1275 495 1307 ἄλλος
511 1276 599 1307 οὐδεὶς
610 1276 722 1304 δύναται
735 1276 819 1304 Οεῐναι
831 1277 906 1313 παρὰ

113 1319 160 1344 τὸν
181 1319 317 1354 κείμενον,
339 1321 367 1353 ὃς
387 1323 463 1348 ἐστιν
484 1322 589 1358 Ἰησοῦς
603 1323 746 1358 Χριστός.»
760 1323 791 1350 Εἰ
806 1325 906 1360 ἐπερη-

114 1365 249 1400 ρεὶσμεθα
272 1366 399 1402 καθάπερ
424 1367 476 1394 τινὶ
501 1367 618 1404 θεμελίῳ
641 1369 768 1404 Χριστῷ,
793 1370 840 1396 καὶ
861 1371 904 1396 ἐπ’

112 1409 189 1445 αὐτῷ
201 1410 246 1438 διὰ
260 1412 378 1444 πίστεως
395 1413 619 1448 οἱκοδομοὺμεθα,
635 1415 682 1441 καὶ
702 1415 776 1442 ἐστιν
790 1415 870 1447 αὐτὸς
886 1416 903 1450 ἡ

112 1457 224 1484 πάντων
237 1459 383 1492 ἀσφάλεια,
402 1459 461 1491 πῶς
473 1460 524 1486 οὐκ
544 1460 576 1487 ἂν
596 1460 639 1496 εἴη
661 1461 727 1492 Θεὸς
742 1461 858 1496 ἀληθῶς,
875 1462 905 1489 ἐν

110 1500 134 1536 ᾧ
150 1503 184 1530 τὰ
197 1504 297 1537 πάντα,
313 1506 360 1532 καὶ
375 1506 392 1541 ἡ
408 1506 483 1542 παρὰ
503 1506 611 1533 πάντων
623 1507 760 1540 πίστι;ἱ’,
770 1509 800 1535 οὑ
815 1508 905 1540 καθὼς

965 269 1104 303 sapientiae
1122 268 1204 301 fastu,
1217 267 1264 295 sed
1293 267 1411 301 Spiritus
1435 261 1533 293 virtute
1549 271 1575 294 et
1590 268 1756 294 ostensione.

1002 323 1012 340 ι
1028 314 1193 349 Sapientiam
1222 318 1312 340 autent
1348 313 1483 348 loquimur
1502 313 1572 340 inter
1599 313 1753 347 perfectos:

964 361 1126 395 sapientiam
1151 367 1215 386 vero
1241 366 1292 386 non
1315 358 1394 393 hujus
1421 358 1524 390 sreculi,
1548 366 1634 392 neque
1656 359 1756 392 princi-

964 415 1027 442 pum
1042 406 1120 441 hujus
1140 405 1243 438 seaculi,
1267 405 1312 439 qui
1330 405 1528 437 destruuntur;
1556 405 1602 431 sed
1621 405 1756 438 loquimur

964 454 1010 481 Dei
1035 452 1195 487 sapientiam
1221 452 1247 478 in
1272 452 1416 485 mysterio;
1439 459 1498 485 qum
1522 451 1678 477 abscondita
1700 456 1755 480 est,

963 506 1042 533 quam
1066 497 1271 533 praadestinavit
1298 496 1368 523 Deus
1388 501 1451 523 ante
1476 497 1572 523 swcula
1594 497 1619 523 in
1638 497 1752 530 gloriam

963 548 1101 575 nostram;
1124 550 1205 577 quam
1225 549 1304 568 nemo
1320 542 1471 575 principum
1497 541 1578 574 hujus
1598 540 1689 568 suaeuli
1707 548 1755 567 co-

962 589 1067 624 gnovit.
1086 587 1113 614 Si
1135 587 1206 614 enim
1223 587 1424 621 cognovissent,
1447 593 1584 619 nunquam
1609 584 1753 610 Dominum

961 632 1054 668 gloriae
1066 631 1263 659 cruciﬁxissent
1278 630 1309 657 "'.
1327 640 1335 656 ι
1355 631 1382 657 Si
1400 630 1501 657 Christi
1514 631 1688 665 mysterium,
1699 630 1753 664 62

962 680 1033 714 quod
1057 679 1157 705 mundo
1179 679 1369 705 aununtiatum
1397 683 1450 709 est,
1474 677 1520 704 Dei
1545 677 1676 712 sapientia
1700 684 1752 707 est,

962 731 1050 760 neque
1069 729 1159 751 tatneu
1179 724 1315 756 Christus,
1333 725 1360 750 in
1381 731 1461 759 quem
1489 723 1555 750 ﬁdes
1575 722 1706 757 exigitur,
1723 728 1753 748 ut

963 771 1031 798 male
1055 770 1148 798 nescio
1169 771 1305 804 quomodo
1329 770 1491 805 quibusdam
1520 776 1682 804 persuasum
1699 774 1751 799 est,

962 825 1042 844 verus
1070 817 1140 844 Deus
1165 821 1230 843 est:
1253 815 1389 851 quomodo
1410 819 1609 842 sacramentum
1634 814 1685 841 hoc.
1708 821 1753 840 su-

963 864 1044 892 blime
1059 868 1086 891 et
1101 864 1209 898 sapiens
1231 869 1282 896 est,
1301 863 1323 890 si
1343 862 1467 889 homines
1483 870 1497 888 ιι
1513 869 1576 888 vera
1597 861 1643 886 Dei
1664 859 1753 892 cogni-

927 900 1036 937 Btione
1061 910 1181 942 abducit,
1209 914 1236 936 et
1258 910 1291 936 ab
1317 909 1383 935 orbe
1411 912 1556 938 terrarum,
1591 911 1621 932 ut
1649 905 1751 932 homini

961 955 1080 983 divinum
1098 955 1198 982 cultum
1212 955 1394 989 impertiatur,
1406 953 1510 988 exigit?
1527 953 1626 980 Verum
1644 959 1695 978 non
1713 952 1750 978 ita

960 1007 1004 1027 res
1022 1000 1113 1027 habet.
1130 999 1295 1026 Profundum
1322 998 1395 1025 enim
1418 1002 1446 1024 et
1463 997 1572 1031 sapiens
1590 996 1748 1031 mysterium

959 1051 1011 1079 est,
1035 1046 1133 1080 quippe
1155 1046 1226 1080 quod
1249 1046 1274 1072 iu
1296 1051 1418 1072 errorem
1441 1043 1572 1070 abductos
1600 1043 1633 1068 ad
1662 1042 1746 1068 Deum

922 1092 1072 1127 appellatur
1090 1091 1227 1125 Christus,
1266 1095 1295 1118 et
1330 1089 1423 1124 gloriae
1445 1089 1574 1118 Dominus
1592 1087 1745 1115 cruciﬁxus

998 1193 1008 1210 ‹
1022 1184 1176 1212 Secundum
1194 1183 1309 1218 gratiam
1329 1182 1386 1214 Dei,
1404 1189 1463 1216 quae
1484 1181 1545 1208 data
1561 1185 1602 1208 est
1619 1180 1702 1212 mihi,
1719 1183 1749 1206 ut

959 1229 1067 1264 sapiens
1077 1229 1243 1256 architectus
1254 1227 1458 1254 fundamentum
1472 1226 1561 1260 posui,
1573 1225 1643 1252 alius
1657 1231 1747 1253 autem

959 1275 1169 1309 supersedilicat.
1202 1273 1420 1301 Fundamentum
1458 1273 1530 1299 enim
1556 1271 1635 1305 aliud
1668 1280 1748 1298 nemo

958 1326 1047 1354 potest
1059 1328 1161 1356 ponere
1177 1327 1276 1355 praeter
1294 1320 1319 1346 id
1337 1321 1408 1354 quod
1418 1320 1533 1353 positum
1553 1323 1605 1349 est.
1621 1320 1691 1352 quod
1707 1323 1748 1345 est

958 1367 1084 1395 Christus
1104 1367 1225 1396 Jesus“.
1244 1376 1253 1392 ι
1277 1366 1305 1393 Si
1331 1366 1441 1393 Christo
1465 1365 1580 1398 perinde
1601 1372 1632 1392 ac
1647 1363 1747 1390 fomla-

958 1419 1047 1440 mento
1063 1414 1180 1448 cuipiam
1206 1413 1357 1444 innitimur,
1378 1416 1406 1438 et
1421 1419 1468 1445 per
1483 1411 1563 1438 ﬁdem
1588 1418 1669 1444 super
1686 1418 1746 1437 eum

956 1459 1152 1492 construiuiur,
1171 1464 1200 1486 et
1219 1460 1276 1493 ipse
1292 1458 1412 1485 omnium
1434 1462 1477 1484 est
1499 1457 1595 1484 salus:
1614 1456 1659 1490 qui
1683 1456 1740 1483 ﬁeri

957 1510 1053 1539 potest,
1066 1509 1095 1532 ut
1109 1512 1190 1532 verus
1207 1505 1277 1531 Deus
1295 1511 1346 1531 non
1358 1504 1411 1534 sit,
1435 1510 1496 1530 cum
1510 1504 1536 1529 in
1548 1510 1581 1529 eo
1597 1502 1747 1529 consistant

110 1550 154 1580 εἰς
175 1549 223 1576 ἕνα
239 1550 294 1576 τῶν
311 1551 370 1577 καθ’
387 1552 471 1586 ἡμᾶς,
492 1552 533 1578 ὅτι
556 1552 593 1588 μὴ
611 1553 698 1579 κτίσει
722 1553 904 1589 λελατρεύκα-

995 1550 1058 1581 mia,
1084 1550 1204 1584 ﬁdesque
1227 1554 1318 1577 nostra
1339 1549 1373 1575 de
1394 1549 1453 1583 ipSo
1473 1548 1520 1579 sit,
1547 1555 1599 1574 non
1625 1547 1694 1574 sicut
1712 1547 1745 1574 tle

112 1603 175 1630 μεν,
189 1595 258 1622 ἀλλὰ
268 1596 328 1632 Θεῷ
341 1596 379 1632 τῷ
395 1597 475 1632 φύσει
497 1598 545 1624 καὶ
564 1598 690 1634 ἀληθῶς;

151 1736 162 1755 σ
185 1727 242 1754 Οὐκ
265 1727 365 1761 οἴδατε,
391 1729 430 1755 ὅτι
448 1729 510 1761 ναὸς
525 1729 592 1756 Θεοῦ
609 1730 671 1757 ἐστε
686 1731 775 1766 ὑμεῖς,
800 1733 846 1759 καὶ
871 1733 902 1759 τὸ

111 1773 225 1808 Πνεῦμα
238 1774 285 1800 τοῦ
302 1774 369 1800 Θεοῦ
384 1776 455 1801 οὶκεῖ
467 1777 496 1801 ἐν
512 1776 590 1811 ὑμῖν;
608 1776 641 1802 Εἴ
652 1785 693 1808 τις
707 1777 751 1803 τὸν
769 1778 832 1805 ναὸν
853 1779 901 1805 τοῦ

110 1819 180 1846 Θεοῦ
205 1819 321 1855 φθείρει,
342 1821 438 1855 φθερεῖ
461 1822 554 1848 τοῦτον
573 1823 587 1849 ὁ
609 1823 685 1854 Θεός.
712 1823 741 1849 '0
758 1824 812 1860 γὰρ
839 1825 902 1856 ναὸς

109 1866 158 1892 τοῦ
173 1865 240 1893 Θεοῦ
257 1861 342 1901 ’ἅγιός
369 1867 453 1899 ἐστιν,
467 1868 565 1899 οἵτινές
590 1868 651 1894 ἐστε
676 1869 765 1904 ὑμεῖς.
784 1880 795 1896 ι
823 1871 855 1897 El
871 1870 901 1896 τὸ

110 1913 225 1948 Πνεῦμα
245 1913 364 1948 Χριστοῦ
386 1913 536 1949 δεχόμενοι,
562 1914 624 1946 ναὸς
649 1915 715 1941 Θεοῦ
737 1916 901 1951 χρηματίζο-

111 1967 173 1992 μεν,
189 1957 248 1989 πῶς
262 1957 294 1985 οὑ
309 1957 376 1990 Θεὸς
392 1958 510 1994 ἀληθῶς,
525 1959 539 1985 ὁ
550 1958 584 1985 δι’
598 1959 627 1986 ὃν
649 1960 729 1995 ἡμεῖς
745 1960 828 1995 ἐσμεν
840 1961 901 1987 ναοὶ

108 2003 179 2030 Θεοῦ
190 2012 197 2036 ;

149 2059 158 2075 ι
181 2049 263 2075 Ὥστε
279 2049 316 2085 μὴ
333 2049 385 2084 πρὸ
401 2049 496 2085 καιροῦ
510 2059 536 2076 τι
553 2050 673 2086 κρίνετε,
690 2050 742 2082 ἕως
760 2050 792 2078 ἂν
808 2050 873 2088 ἔλθῃ
885 2052 899 2078 ὁ

109 2095 224 2131 Κύριος,
238 2095 267 2127 ὃς
286 2096 334 2122 καὶ
347 2095 460 2130 φωτίσει
482 2096 516 2123 τὰ
529 2097 638 2132 κρυπτὰ
653 2097 699 2123 τοῦ
716 2097 837 2129 σκότους,
852 2097 900 2124 καὶ

109 2141 263 2177 φανερώσει
287 2142 336 2174 τὰς
359 2142 458 2177 βουλὰς
481 2142 536 2169 τῶν
562 2143 691 2178 καρδιῶν.
716 2144 771 2170 Καὶ
802 2143 863 2170 τότε
886 2145 900 2170 ό

107 2187 220 2219 ἔπαινος
246 2189 391 2223 γενήσεται
416 2188 523 2224 ἑκάστῳ
547 2190 622 2224 παρὰ
644 2189 691 2215 τοῦ
716 2189 793 2216 Θεοῦ.
817 2199 826 2215 ›
844 2190 897 2216 Τὸν

956 1595 1065 1623 homine
1091 1596 1209 1629 quodam
1228 1595 1312 1622 nostri
1331 1594 1426 1625 simili,
1441 1593 1574 1627 siquidem
1592 1598 1745 1620 creaturam

956 1648 1009 1667 non
1034 1640 1190 1674 adoramus,
1221 1641 1269 1668 sed
1298 1647 1360 1668 eum
1384 1640 1430 1674 qui
1455 1639 1570 1666 veritate
1597 1643 1625 1666 et
1650 1643 1745 1666 natura

955 1685 1025 1712 Deus
1037 1691 1076 1713 est
1089 1685 1101 1712 ’ἒ

993 1740 1002 1756 ι
1017 1731 1134 1758 Nescitis
1144 1732 1208 1766 quia
1224 1731 1353 1765 templum
1367 1731 1415 1757 Dei
1429 1731 1496 1758 estis
1510 1738 1570 1763 vos,
1585 1735 1613 1757 et.
1629 1730 1745 1764 Spiritus

956 1776 1000 1804 Dei
1020 1777 1124 1805 habitat
1142 1778 1167 1805 iu
1194 1778 1290 1805 vobis?
1307 1777 1335 1805 Si
1351 1778 1412 1812 quis
1434 1781 1524 1804 autem
1543 1777 1671 1810 templum
1693 1776 1743 1803 Dei

954 1823 1104 1855 violaverit,
1132 1823 1273 1858 disperdet
1301 1823 1376 1851 illum
1394 1823 1473 1851 Deus.
1507 1822 1646 1856 Templum
1670 1822 1743 1848 enim

955 1868 1001 1895 Dei
1024 1873 1150 1896 sanctum
1171 1874 1224 1901 est,
1249 1868 1323 1903 quod
1350 1869 1415 1895 estis
1441 1875 1490 1895 vos
1503 1867 1534 1894 ¹⁹.
1550 1875 1559 1892 ι
1587 1866 1615 1893 Si
1640 1865 1743 1894 Christi

954 1913 1083 1948 Spiritum
1103 1914 1293 1948 suscipientes,
1315 1914 1444 1948 templum
1471 1912 1518 1940 Dei
1538 1919 1632 1939 sumus
1649 1919 1656 1937 :
1676 1919 1744 1946 quo-

952 1960 1032 1986 modo
1057 1967 1145 1995 verus.
1162 1959 1234 1987 Deus
1258 1960 1411 1988 censendus
1440 1967 1492 1987 non
1516 1963 1568 1991 est,
1592 1964 1640 1992 per
1663 1965 1742 1992 quem

953 2005 1050 2040 templa
1066 2007 1112 2033 Dei
1132 2007 1342 2034 constituimur?

989 2063 999 2078 1
1016 2053 1108 2088 itaque
1128 2053 1213 2080 nolite
1232 2058 1297 2080 ante
1317 2058 1423 2088 tempus
1450 2053 1584 2088 judicare,
1601 2048 1741 2090 quoadus-

951 2106 1003 2133 que
1017 2099 1107 2125 veniat
1124 2099 1263 2131 Duminus,
1280 2099 1325 2133 qui
1347 2103 1374 2126 et
1390 2099 1555 2127 illuminabit
1577 2100 1738 2128 abscondita

952 2144 1133 2176 tenebrarum,
1154 2148 1181 2171 et
1205 2144 1392 2171 manil‘estabit
1417 2144 1529 2171 consilia
1553 2145 1676 2172 eordium
1692 2154 1699 2171 :
1715 2149 1742 2171 et

951 2193 1015 2216 tunc
1031 2189 1090 2215 laus
1110 2189 1165 2216 erit
1185 2189 1332 2223 unicuique
1350 2197 1365 2215 a
1382 2189 1437 2216 Deo
1448 2190 1482 2216 ¹⁰.
1499 2199 1509 2215 ι
1528 2190 1672 2217 Dominum
1691 2198 1741 2217 no-

107 2234 213 2270 Κὺριον
226 2234 305 2270 ἡμῶν
330 2235 433 2270 Ἰησοῦν
455 2235 500 2262 τὸν
524 2236 641 2270 Χριστὸν
661 2235 689 2268 ἐξ
713 2235 828 2270 οὐρανοῦ
845 2244 897 2262 κα-

995 2242 1036 2261 um
1053 2234 1144 2262 Iesum
1160 2234 1298 2262 Christum
1324 2234 1389 2261 olim
1412 2241 1427 2260 e
1450 2235 1527 2262 emlis
1542 2236 1739 2262 descensurum

106 2281 224 2316 ταΰῆναι
249 2281 443 2317 προσδοκῶμεν
460 2282 531 2309 κατὰ
547 2282 670 2317 καιροὺς,
687 2278 709 2315 ᾧ
727 2281 775 2308 καὶ
797 2282 899 2313 πάντες

107 2327 343 2363 παραστησόμεθα
357 2328 475 2363 κρίνοντι
491 2328 526 2355 τὰ
542 2327 662 2363 κρυπτὰ,
677 2328 724 2354 καὶ
737 2326 898 2363 φανεροῦντι

106 2373 158 2404 τὰς
174 2373 272 2407 βουλὰς
288 2373 342 2400 τῶν
358 2373 487 2410 καρδιῶν.
503 2374 564 2400 ’Ότι
578 2374 606 2400 δὲ
621 2375 668 2401 καὶ
682 2374 820 2400 ἐπαινέσει
835 2374 898 2405 τοὺς

105 2417 240 2451 δικαίους,
258 2419 536 2454 πεπληροφορήμεοα.
557 2420 620 2450 Τοῖς
632 2419 686 2455 γὰρ
706 2418 849 2454 ἑστηκόσιν
866 2419 898 2444 ὲκ

105 2464 203 2496 δεξιῶν
228 2466 302 2500 ὲρεῖ·
328 2475 337 2491 ι
355 2466 452 2498 Δεῦτε,
473 2467 496 2492 oi
517 2465 692 2501 εὐλογημένοι
718 2465 764 2491 τοῦ
789 2465 896 2500 Πατρός

108 2519 173 2545 μου,
197 2510 419 2546 κληρονομήσατε
435 2511 486 2547 τὴν
509 2512 714 2547 ἡτοιμασμένην
737 2511 801 2546 ὑμῖν
819 2511 896 2546 βασι-

105 2556 184 2583 λείαν
205 2556 260 2582 ἀπὸ
282 2557 434 2592 καταϐολῆς
457 2557 570 2593 κὸσμου.
590 2567 599 2582 ι
619 2558 683 2584 Ὅτε
699 2556 789 2583 τοίνυν
811 2557 898 2583 ἐπαι-

106 2601 219 2633 νοῦντος
240 2603 370 2637 Χριστοῦ,
396 2603 442 2630 τὸν
465 2603 575 2630 ἔπαινον
601 2604 709 2638 ἑκάστῳ
734 2602 897 2638 γενήσεσθαί

107 2656 176 2682 φησι
194 2648 270 2682 παρὰ
285 2648 331 2675 τοῦ
357 2649 436 2680 Θεοῦ,
452 2649 510 2680 πῶς
533 2649 563 2676 οὑ
586 2649 651 2681 Θεός
667 2651 741 2676 ἐστιν
755 2649 898 2684 ἐναργῶς;

949 2285 1149 2314 exspectamus.
1175 2280 1219 2307 eui
1245 2280 1350 2308 occulta
1373 2280 1538 2314 iudicaturo,
1561 2282 1740 2315 cordiumque

950 2325 1062 2352 consilia
1074 2324 1242 2360 patefactum
1258 2326 1387 2352 sistemur
1400 2332 1506 2354 omnes.
1523 2326 1598 2359 Quod
1612 2326 1633 2353 is
1648 2331 1740 2353 autem

947 2369 1035 2404 justos
1046 2371 1083 2397 sit
1094 2371 1347 2403 commendaturus,
1362 2371 1518 2402 edocemur,
1533 2371 1603 2405 quod
1616 2372 1649 2398 ad
1667 2371 1739 2403 illos,

949 2417 996 2452 qui
1017 2424 1031 2443 a
1046 2417 1156 2444 dextera
1174 2417 1211 2443 illi
1227 2417 1369 2449 assistunt,
1387 2417 1425 2444 ita
1441 2417 1564 2444 dicturus
1581 2418 1617 2444 sit
1633 2427 1639 2444 :
1659 2427 1668 2444 ι
1688 2418 1739 2446 Ve-

951 2464 1015 2497 nite,
1033 2463 1167 2490 benedicti
1184 2463 1273 2490 Patris
1286 2463 1349 2496 mei,
1365 2464 1501 2499 possidete
1523 2469 1645 2499 paratum
1662 2465 1739 2491 vobis

950 2518 1062 2546 regnum
1089 2517 1104 2537 a
1138 2510 1333 2538 constitutione
1365 2511 1507 2538 mundi“.
1525 2520 1534 2536 ι
1563 2511 1629 2538 Cum
1658 2511 1739 2546 igitur

949 2556 1058 2583 Christo
1085 2555 1224 2588 laudante,
1242 2564 1318 2583 suam
1342 2557 1488 2590 unicuique
1512 2565 1527 2583 a
1553 2556 1607 2584 Deo
1633 2557 1737 2584 laudem

951 2603 1080 2630 tribututn
1101 2603 1132 2629 iri
1160 2603 1261 2630 diserte
1281 2603 1418 2637 praedicet,
1440 2604 1577 2638 quomodo
1597 2603 1736 2631 Clu-istum

952 2647 1035 2675 Deum
1049 2655 1110 2675 esse
1125 2656 1177 2675 nou
1193 2648 1336 2676 manifeste
1346 2649 1480 2683 apparet?

145 2704 167 2720 "
187 2704 274 2732 lCor.
290 2712 310 2738 t,
329 2705 391 2732 6-8.
430 2705 549 2733 ιειαοτ.
574 2712 615 2738 Ill,
638 2705 682 2738 10,
701 2706 745 2732 Η.
784 2705 806 2721 ³³
830 2704 895 2732 ibid.

995 2703 1030 2730 .7.
1068 2702 1113 2729 "I
1131 2702 1195 2731 Cor.
1210 2711 1246 2736 tv,
1261 2703 1288 2737 5,
1304 2703 1330 2730 6.
1369 2704 1389 2719 "
1406 2703 1500 2731 Matth.
1519 2689 1581 2736 xxv,
1599 2703 1644 2731 54.

649 2769 736 2797 Varize
750 2770 877 2798 lectiones
893 2770 994 2798 codicis
1007 2770 1187 2806 Seguieriani.

143 2803 151 2829 ἱ
161 2805 169 2814 ⁵
181 2803 356 2844 παρὰθαύτῶν
367 2804 469 2835 πίστις.

143 2850 183 2885 (l)
194 2850 309 2890 Phrasis
325 2851 494 2890 perturbata.
509 2858 589 2884 quatit
605 2851 722 2880 fortasse
739 2852 890 2886 sanaveris,

1002 2851 1048 2879 καὶ
1065 2853 1104 2884 εἰς
1119 2852 1197 2879 αὑτὸν
1216 2852 1305 2885 πίστις
1321 2858 1382 2889 post
1396 2853 1434 2889 τῷ
1449 2853 1544 2890 κόσμῳ
1559 2852 1731 2889 κηρύττεται.

107 2887 317 2921 transponendo.
338 2885 417 2914 Eutr.
434 2885 554 2914 I‘A‘ﬂtOL.
