1883 3056
175 152 185 180 1
193 153 244 181 235

684 154 712 182 S.
733 153 870 183 CYRILLI
888 153 1123 182 ALEXANDRINI
1141 155 1302 183 ARCHIEP.

1736 133 1811 184 ιεὲιδ

211 223 221 241 ι
238 215 280 242 An
297 215 408 243 nescitis
426 215 553 251 quoniam
572 215 690 243 membra
707 221 798 244 vestra
825 216 944 252 templun

1049 226 1053 242 ι
1079 216 1114 243 Ἦ
1130 217 1180 244 οὐκ
1196 217 1296 249 οἴδατε,
1318 217 1359 243 ὅτι
1376 215 1410 243 τὰ
1431 216 1546 252 σώματα
1570 216 1653 252 ὑμῶν
1678 215 1744 247 wsb;
1758 216 1809 243 τοῦ

177 266 241 288 sunt
255 260 371 295 Spiritus
386 261 484 295 sancti,
499 254 587 296 qui'lu
602 262 679 289 vobis
689 267 741 295 est,
756 270 835 297 quem
851 263 957 290 habetis

174 315 188 332 a
206 307 270 339 Deo,
295 311 322 333 et
335 306 388 342 63
404 315 455 334 non
473 308 540 335 estis
561 307 666 335 vestri?
686 308 773 344 Empti
791 309 864 336 eniut
890 309 957 336 estis

173 353 261 386 pretio
276 359 385 386 magno.
405 351 566 380 Gloriﬁcate
588 358 614 380 et
628 359 734 388 portate
750 354 833 381 Deum
850 354 875 380 itt
896 362 958 382 cor-

173 405 239 431 pore
265 403 354 425 vestro
365 399 397 425 ²¹.
415 408 424 424 ι
452 399 481 426 Si
509 399 611 434 Spiritu
637 399 736 427 Christi
761 406 872 435 accepto
894 401 957 428 facti

173 451 267 470 sumus
284 444 382 478 templa
400 445 458 477 Dei,
481 446 612 480 redempti
630 447 761 481 sanguine
780 447 864 479 illius,
878 447 914 475 ita
930 452 959 475 ut

171 489 228 523 jam
243 497 297 517 non
316 489 384 516 ultra
408 491 434 517 itt
458 497 549 519 nostra
571 493 690 526 ipsoruttt
710 497 843 527 potestate
861 493 957 526 simus,

172 542 261 569 neque
286 536 363 564 nobis
388 537 452 571 ipsis
475 538 530 572 jam
556 539 671 574 amplius
693 540 824 574 vivamus,
849 541 896 568 sed
921 541 958 568 illi

172 580 219 614 qui
247 589 296 608 ttos
316 588 451 610 mercatus
470 589 511 611 est
529 593 536 611 :
553 585 686 618 quomodo
709 586 881 620 perspicuuut
905 594 958 614 non

173 631 216 653 est
236 626 383 660 Christum,
403 637 450 662 per
463 637 542 664 quem
566 631 664 664 templa
681 631 726 658 Dei
741 631 883 666 elﬁcituur,
899 633 958 660 cui-

174 679 227 706 que
238 673 350 706 perinde
366 682 398 701 ac
411 675 466 702 Deo
480 677 626 709 servimus,
640 684 731 704 verum
746 685 806 705 esse
821 679 924 706 Deum?

213 728 223 744 ‹
238 719 275 746 De
294 721 362 747 escis
383 725 486 753 autem,
508 730 568 756 (tua:
591 723 669 751 idolis
693 724 879 758 immolantur,
902 726 956 753 sei-

175 771 235 791 mus
254 765 314 799 quia
332 766 398 792 nihil
414 771 455 793 est
473 767 572 794 idolum
595 769 621 795 in
639 769 747 802 mundo,
765 776 793 797 et
806 771 877 805 quod
898 773 959 798 nul-

177 809 217 836 lus
229 815 271 836 est
285 810 365 844 Dens,
383 812 434 839 nisi
451 820 530 839 unus.
545 813 609 840 Nam
621 814 671 841 etsi
687 820 759 846 sunt.
777 816 823 850 qui
835 817 959 844 dicantur

176 855 224 888 dii,
241 857 297 883 sive
314 857 340 883 in
356 858 434 890 ctelo,
453 859 510 886 sive
531 859 557 885 in
572 864 644 886 terra
671 860 815 896 (siqui-lem
839 868 903 889 sunt
922 863 958 890 dii

177 901 264 934 ntulti,
276 906 303 929 et
318 903 419 930 domini
436 904 534 938 multi),
556 906 633 932 nobis
651 910 740 933 tamen
755 915 822 935 unus
834 913 875 936 est
888 908 959 937 Deus

175 946 266 979 Pater,
282 955 314 974 ex
329 955 383 982 quo
397 950 500 982 omnia,
525 955 553 977 et
569 958 618 978 nos
637 951 663 978 itt
678 952 766 984 illum;
780 958 808 980 et
822 961 891 980 unus
906 954 958 981 Do-

176 993 267 1019 minus
279 992 358 1020 Jesus
376 994 513 1026 Christus.
531 1003 579 1029 per
593 1003 672 1031 quem
688 999 788 1030 omnia,
807 1004 834 1025 et
850 1007 899 1026 nos
912 1007 960 1034 per

176 1036 263 1069 ipsum
276 1037 309 1064 “.
327 1047 336 1063 ι
354 1038 382 1065 Si
403 1047 473 1066 unus
495 1040 568 1068 solus
584 1046 625 1068 est
641 1043 720 1074 Deus,
738 1048 764 1070 et
779 1044 847 1072 alius
863 1050 960 1079 praeter

175 1080 250 1107 illum
273 1082 377 1115 nullus;
403 1086 549 1113 assumitur
580 1092 669 1115 auteut
697 1088 722 1115 in
761 1097 840 1116 unam
874 1092 959 1118 deita-

177 1126 210 1152 tis
243 1131 367 1155 naturam
405 1137 473 1157 ututs
492 1131 537 1158 ille
558 1131 636 1159 .lesus
651 1132 786 1165 Christus,
807 1142 855 1169 per
879 1143 958 1170 quem

175 1172 309 1199 exsistunt
325 1174 413 1201 omnia
434 1183 441 1201 :
467 1175 537 1203 Deus
568 1178 659 1212 utique
690 1180 740 1206 erit
764 1179 902 1214 Christus,
930 1187 959 1209 ut

175 1217 220 1250 qui
243 1218 323 1244 etiatn
351 1223 418 1252 tum,
435 1228 495 1247 cum
521 1229 554 1249 ex
587 1223 698 1251 muliere
733 1230 824 1258 natus,
844 1227 960 1261 appellav

175 1267 218 1288 tus
238 1268 278 1289 est
293 1263 372 1292 Jesus
392 1265 528 1300 Christus,
549 1267 661 1296 immote
684 1270 709 1296 in
731 1270 819 1298 Patris
844 1273 960 1298 consub-

175 1309 354 1336 stantialitate
381 1311 553 1339 subsisteret.
579 1313 605 1340 ΙιΙ
635 1315 715 1341 etiaut
742 1316 960 1345 animadvertere

174 1351 218 1379 hic
234 1353 306 1386 licet,
326 1363 422 1390 nempe
437 1357 506 1390 quod
520 1358 609 1385 omnia
623 1366 670 1393 per
685 1367 767 1386 unum
781 1361 866 1394 illum,
881 1369 958 1396 quem

172 1397 264 1425 Jesum
291 1399 425 1428 Christum
454 1402 509 1436 ipse
529 1409 626 1437 vocat,
649 1409 776 1440 tanquam
802 1414 850 1441 per
876 1415 958 1434 umtm

173 1441 272 1469 Filium
289 1445 437 1472 secundutn
453 1447 678 1481 dispensatoriatu
701 1450 829 1478 unionem
851 1452 958 1478 condita

174 1496 235 1515 esse
251 1489 374 1517 alIirtnet.
891 1490 893 1493 ’

213 1543 222 1558 ι
240 1534 348 1569 Factus,
372 1536 469 1571 ittquit,
492 1546 552 1565 sunt
574 1539 607 1567 iis
627 1541 672 1574 qui
698 1541 758 1568 sine
780 1542 840 1577 lege
867 1550 957 1576 erattt,

176 1584 305 1615 tanquam
322 1582 380 1608 sine
405 1582 464 1618 lege
482 1591 569 1611 essem
582 1606 590 1618 ,
613 1593 674 1613 cum
691 1587 750 1614 sine
768 1588 824 1624 lege
839 1589 884 1616 Dei
907 1599 959 1617 non

175 1633 275 1659 essem,
301 1628 348 1654 sed
374 1629 400 1654 in
422 1628 480 1662 lege
497 1637 584 1657 essent
608 1631 710 1660 Christi
723 1633 753 1659 ³⁵.
772 1643 782 1659 ι
810 1634 839 1661 Si
862 1635 960 1664 Christi

176 1671 262 1705 legem
281 1673 395 1705 habens,
411 1673 457 1702 Dei
478 1674 562 1710 legem
580 1676 671 1711 habet,
686 1680 821 1713 quomodo
839 1680 961 1710 Christus

176 1724 230 1743 non
246 1722 288 1744 est
302 1718 392 1746 Deus?

214 1771 224 1787 ι
239 1762 302 1790 Siue
323 1764 472 1792 oﬂ‘ensione
495 1771 581 1794 estote
595 1766 696 1796 Judaeis
719 1774 746 1796 et
773 1771 911 1805 gentibus,
934 1778 962 1800 et

176 1807 304 1837 Ecclesiae
324 1809 370 1837 Dei
384 1811 416 1838 ”.
432 1821 442 1837 ι
464 1812 581 1840 Adverte
605 1815 648 1841 hic
666 1823 790 1849 rursum,
811 1819 881 1852 quod
901 1827 960 1846 eam

179 1853 338 1888 Eeclesiatn,
368 1864 448 1891 quam
473 1857 520 1886 Dei
545 1859 596 1887 hoc
623 1860 682 1888 loco
711 1862 837 1896 appellat,
861 1863 961 1892 Christi

177 1908 238 1927 esse
255 1901 396 1936 intelligat.

215 1956 225 1972 ‹
239 1946 307 1974 Volo
325 1954 416 1975 autent
430 1957 479 1976 vos
504 1951 586 1983 scire,
613 1953 684 1986 quod
703 1955 792 1982 omttis
812 1955 861 1982 viri
883 1961 963 1990 caput

176 1991 300 2020 Christus
315 1999 366 2026 est,
383 2000 464 2029 caput
488 2002 577 2024 autem
595 1999 716 2026 mulieris
732 2001 787 2033 vir;
805 2007 885 2035 caput
898 2010 962 2030 vero

175 2036 277 2063 Christi
294 2036 364 2065 Deus
375 2039 408 2065 '°.
426 2048 435 2064 ι
455 2039 554 2067 Beatus
572 2041 659 2070 Lucas
675 2044 737 2070 duttt
749 2044 850 2072 Christi
865 2054 963 2081 genea-

176 2081 275 2116 logiam
291 2084 368 2117 texit,
383 2092 398 2110 a
414 2084 513 2119 Joseplt
532 2094 662 2119 exorsus,
682 2089 810 2123 paulatim
825 2092 857 2118 ad
876 2092 962 2119 Adam

175 2135 261 2162 usque
288 2130 420 2162 ascendit,
449 2139 481 2158 ac
504 2132 611 2160 laudent
632 2134 714 2161 infert
728 2144 735 2161 :
749 2135 800 2167 Qui
824 2136 874 2170 fuit
894 2137 962 2170 Dei,

176 2173 264 2207 ipsttttt
287 2175 414 2202 nimirum
429 2183 579 2205 creatorem
598 2179 682 2206 Deutn
699 2181 825 2217 principii
841 2182 900 2210 loco
915 2185 962 2210 lto-

1007 261 1036 288 ὲν
1053 261 1117 297 ὑμῖν
1135 262 1213 296 ἁγίου
1229 262 1386 297 Πνεύματός
1405 262 1487 294 ἐστιν,
1506 259 1537 289 οὗ
1555 262 1634 298 ἔχετε
1651 261 1708 288 ἀπὸ
1725 261 1807 294 Θεοῦ,

1007 307 1055 334 καὶ
1074 309 1124 335 οὐκ
1139 309 1201 335 ἐστὲ
1220 308 1342 341 ὲαυτῶν;
1363 309 1549 345 Ἦγοράσθητε
1565 309 1622 345 γὰρ
1637 307 1737 343 τιμῆς·
1755 309 1807 334 Δο-

1008 353 1107 386 ξάσατε
1125 354 1157 390 δὴ
1173 354 1218 381 τὸν
1239 354 1306 381 Θεὸν
1330 355 1358 381 ὲν
1382 355 1421 390 τῷ
1445 354 1550 390 σώματι
1575 355 1667 390 ὑμῶν.
1685 364 1696 380 ι
1725 354 1759 380 Εἰ
1774 353 1807 380 τὸ

1009 399 1121 435 Πνεῦμα
1133 400 1252 436 Χριστοῦ
1268 400 1405 434 λαϐόντες,
1418 401 1571 436 γεγόναμεν
1585 401 1648 428 ναοὶ¹
1662 400 1744 431 Θεοῦ,
1756 400 1807 426 καὶ

1008 445 1057 471 οὐκ
1074 446 1157 481 ἔσμεν
1172 446 1286 480 ἑαυτῶν,
1304 446 1503 481 ἀγορασθέντες
1525 446 1566 482 τῷ
1581 447 1681 482 αἵματι
1707 445 1804 477 αὑτοῦ,

1007 490 1044 523 ὼς
1069 492 1168 526 μηκέτι
1190 492 1241 528 ζῇν
1257 493 1330 528 ἡμᾶς
1346 493 1464 524 ἑαυτοῖς,
1482 492 1550 519 ἀλλὰ
1574 492 1614 528 τῷ
1639 492 1804 527 πριαμένῳ·

1009 537 1068 569 πῶς
1080 539 1110 564 οὐ
1126 538 1192 570 Θεὸς
1206 539 1220 564 ὁ
1236 539 1352 575 Χριστὸς
1374 540 1504 574 ἐναργῶς,
1525 540 1540 566 ὁ
1563 539 1597 566 δι’
1620 539 1651 565 ὃν
1674 541 1724 566 καὶ
1743 538 1806 564 ναοὶ

1009 581 1076 608 Θεοῦ
1094 582 1178 618 ἐσμεν
1192 584 1284 619 ἡμεῖς,
1298 580 1320 618 ᾧ
1334 584 1381 610 καὶ
1397 583 1435 615 ὼς
1449 584 1508 620 Θεῷ
1527 584 1711 620 δουλεύομεν;

1047 747 1057 764 ι
1069 739 1137 774 Περὶ
1143 739 1194 773 τῆς
1210 738 1337 774 βρώσεως
1351 738 1397 766 οὖν
1407 739 1461 767 τῶν
1478 739 1672 771 εἰδωλοθύτων,
1688 739 1805 774 οἴδαμεν

1009 785 1048 811 ὃτι
1067 784 1144 811 οὐδὲν
1161 785 1269 812 εἴδωλον
1289 786 1318 811 ὲν
1332 785 1437 821 κόσμῳ,
1455 786 1501 812 καὶ
1515 786 1555 812 ὅτι
1570 785 1660 817 οὐδεὶς
1683 785 1762 817 Θεὸς,
1778 787 1802 811 εὶ

1011 830 1048 865 μὴ
1063 826 1114 862 εἷς.
1128 830 1182 856 Καὶ
1195 829 1250 866 γὰρ
1266 831 1344 866 εἴπερ
1361 831 1415 857 εἰσὶ
1422 830 1562 866 λεγόμενοι
1580 831 1712 863 θεοὶ,εἰ’τε
1720 831 1750 856 ὲν
1759 831 1802 856 οὑ-

975 897 995 924 Β
1012 875 1094 910 ρανῴ,
1118 876 1173 902 εἴτε
1198 877 1245 902 ὲπὶ
1266 877 1317 912 τῆς
1339 877 1390 912 γῆς
1413 877 1517 924 (ὦστῖερ
1547 877 1675 924 sla-19501
1696 876 1800 924 ¹ιιεολλοῖ,

1011 921 1058 946 καὶ¹
1079 920 1170 957 κύριοι
1194 921 1311 957 πολλοὶ),
1334 923 1400 958 ἡμῖν
1415 923 1443 949 δὲ
1463 921 1504 954 εἷς
1522 923 1587 964 Θεὸς
1608 923 1623 949 ὁ
1644 922 1753 958 Πατὴρ,
1772 923 1803 954 ὲξ

1009 963 1040 993 οὗ
1062 966 1097 993 τὰ
1119 967 1217 999 πάντα,
1234 968 1281 994 καὶ
1305 968 1385 1003 ἡμεῖς
1407 969 1448 1000 εἰς
1459 963 1556 995 αὐτόν·
1571 969 1618 995 καὶ
1636 966 1678 1000 εἷς
1699 968 1803 1003 Κύριος

1017 1011 1119 1047 Ἰησοῦς
1136 1013 1262 1048 Χριστὸς,
1274 1014 1308 1040 δι’
1324 1011 1354 1041 οὗ
1367 1014 1401 1041 τὰ
1413 1014 1511 1047 πάντα,
1524 1015 1571 1041 καὶ
1585 1015 1667 1050 ἡμεῖς
1696 1015 1733 1041 δι’
1751 1015 1803 1041 αὐ-

1008 1057 1067 1084 τοῦ.
1084 1067 1093 1083 ›
1111 1059 1144 1085 Εἰ
1157 1059 1238 1093 μόνος
1251 1057 1292 1091 εἷς
1305 1061 1364 1086 ὲστι
1374 1060 1450 1093 Θεὸς,
1469 1061 1515 1087 καὶ
1532 1060 1626 1096 ἕτερος
1638 1060 1706 1093 παρ’
1719 1060 1804 1087 αὑτὸν

1009 1103 1105 1137 οὐδεὶς,
1126 1105 1427 1141 συμπαραλαμϐάνεται
1437 1106 1465 1132 δὲ
1479 1107 1519 1138 εις
1534 1106 1584 1139 τὴν
1598 1106 1663 1140 μίαν
1678 1106 1730 1140 τῆς
1745 1105 1803 1132 θεό-

1009 1157 1089 1183 τητος
1100 1149 1180 1183 φύσιν
1195 1151 1208 1177 ὁ
1219 1148 1260 1182 εἷς
1273 1151 1390 1186 Χριστὸς
1407 1151 1521 1187 Ἰησοῦς,
1547 1152 1580 1178 δι’
1593 1148 1626 1178 οὗ
1640 1151 1677 1178 τὰ
1691 1152 1783 1178 πάντα
1792 1159 1801 1168 ·

1009 1194 1074 1227 Θεὸς
1086 1193 1133 1221 οὖν
1145 1195 1199 1230 ἄρα
1212 1196 1287 1223 ἐστὶν
1303 1197 1331 1223 ὲν
1347 1197 1535 1232 ὑμοουσιότητι
1547 1196 1594 1223 τοῦ
1611 1196 1721 1231 Harpe;
1731 1196 1803 1222 νοού-

1011 1247 1093 1275 μενος
1103 1241 1209 1272 θεϊκῶς,
1221 1242 1268 1269 καὶ
1280 1242 1323 1268 ὅτε
1335 1243 1539 1278 κεχρημάτικεν
1553 1243 1659 1278 Ἰησοῦς
1670 1243 1802 1278 Χριστὸς,

1010 1286 1154 1321 γενόμενος
1176 1288 1209 1314 ὲκ
1235 1289 1373 1320 γυναικός.
1408 1289 1589 1324 Ἐπιτηρῆσαι
1617 1289 1646 1316 δὲ
1670 1289 1737 1324 χρὴ,
1760 1289 1802 1315 ὅτι

1010 1331 1126 1366 Χριστὸν
1145 1331 1248 1368 Ἰησοῦν
1266 1334 1413 1369 ὀνομάσας,
1433 1333 1466 1360 δι’
1484 1334 1567 1360 αὑτοῦ
1592 1334 1627 1361 τὰ
1648 1335 1740 1361 πάντα
1754 1342 1804 1368 γε-

1010 1377 1103 1403 νέσοαι
1120 1379 1213 1414 φησὶν,
1229 1379 1267 1411 ὡς
1282 1379 1341 1411 ἐνὸς
1358 1379 1433 1411 ὄντος
1447 1379 1513 1407 Υῑοῦ
1530 1380 1591 1407 καθ’
1608 1380 1706 1408 ἕνωσιν
1727 1381 1801 1406 οἰκο-

1009 1424 1135 1458 νομικήν.

973 1564 995 1594 C
1048 1561 1057 1577 ι
1087 1553 1244 1588 Ἑγενόμην,
1266 1555 1342 1590 φησὶ.
1366 1557 1421 1587 τοῖς
1446 1556 1556 1591 ἀνόμοις
1575 1557 1613 1588 ὠς
1632 1557 1743 1592 ἄνομος,
1763 1558 1802 1592 μὴ

1012 1596 1050 1623 ὣν
1071 1597 1172 1633 ἄνομος
1187 1599 1255 1634 Θεῷ,
1280 1600 1337 1626 ἀλλ’
1359 1600 1470 1635 ἔννομος
1488 1601 1607 1636 Χριστῷ.
1634 1612 1643 1627 ι
1662 1602 1694 1628 Ei
1706 1603 1720 1628 ὁ
1736 1602 1802 1637 Χρι-

1013 1643 1075 1669 στοῦ
1095 1644 1176 1679 νόμον
1199 1645 1277 1680 ἔχων,
1295 1646 1376 1681 νόμον
1393 1646 1449 1681 ἔχει
1469 1647 1549 1680 Θεοῦ,
1570 1647 1630 1679 πῶς
1651 1648 1684 1674 οὐ
1706 1648 1772 1679 Θεὸς
1788 1649 1803 1673 ὀ

1011 1689 1126 1725 Χριστός
1138 1699 1145 1723 ;

1049 1787 1060 1804 ι
1088 1779 1268 1813 Ἀπρόσκοποι
1294 1779 1341 1806 καὶ
1367 1779 1502 1810 Ἰουδαίοις
1522 1779 1641 1813 γίνεσῡε,
1666 1780 1715 1806 καὶ
1740 1780 1802 1805 ’Ἑλ-

1012 1822 1084 1858 λησι,
1100 1824 1146 1849 καὶ
1157 1825 1189 1859 τῇ
1215 1824 1361 1860 Ἐκκλησία
1377 1824 1423 1851 τοῦ
1440 1824 1518 1850 Θεοῦ.
1538 1834 1546 1849 ι
1567 1825 1750 1867 Σημεέωτέον,
1762 1826 1801 1851 ὅτι

1012 1867 1080 1893 Θεοῦ
1094 1867 1181 1902 λέγων
1200 1869 1249 1904 τὴν
1279 1869 1453 1905 Ἐκκλησίαν,
1479 1869 1600 1905 Χριστοῦ
1623 1870 1706 1897 πάλιν
1732 1868 1802 1896 οἶδεν

1012 1913 1107 1948 αὐτήν.

1052 1969 1060 1985 ι
1083 1960 1158 1987 Θέλω
1177 1960 1204 1987 δὲ
1218 1961 1291 1996 ὑμᾶς
1305 1961 1415 1994 ειδέναι,
1432 1962 1473 1988 ὅτι
1489 1963 1590 1995 παντὸς
1607 1963 1705 1998 ἀνδρὸς
1723 1964 1740 1997 ἡ
1756 1971 1800 1989 κε-

1013 2004 1084 2040 φαλὴ
1099 2006 1113 2031 ὁ
1126 2005 1243 2040 Χριστός
1261 2007 1335 2032 ὲστι·
1351 2006 1456 2042 κεφαλὴ
1477 2007 1506 2033 δὲ
1523 2008 1663 2041 γυναικὸς,
1678 2009 1694 2034 ὁ
1716 2007 1798 2042 ἁνήρ·

1013 2050 1118 2087 κεφαλὴ
1129 2051 1158 2077 δὲ
1172 2051 1301 2086 Χριστοῦ,
1317 2053 1331 2079 ὁ
1356 2053 1432 2084 Θεός.
1451 2062 1460 2078 ι
1486 2054 1515 2079 '0
1535 2055 1671 2088 μακάριος
1695 2054 1800 2085 Λουκᾶς

1013 2096 1062 2131 τὴν
1078 2097 1142 2131 περὶ
1154 2097 1272 2132 Χριστοῦ
1286 2097 1461 2132 γενεαλογίαν
1476 2100 1542 2134 ἡμῖν
1560 2100 1707 2131 συντιθεὶς,
1725 2100 1799 2135 ἆρχε-

1011 2149 1057 2166 ται
1073 2140 1122 2175 μὲν
1139 2141 1193 2167 ἀπὸ
1207 2140 1253 2167 τοῦ
1271 2141 1379 2177 Ἰωσὴφ,
1393 2142 1452 2169 εἶτα
1466 2143 1573 2178 φθάσας
1585 2144 1630 2170 ἐπὶ
1642 2144 1688 2170 τὸν
1706 2144 1798 2178 Ἀδὰμ,

1013 2186 1148 2222 ἐπιφέρει,
1166 2186 1265 2220 λέγων,
1292 2189 1348 2215 Τοῦ
1367 2188 1458 2216 Θεοῦ·
1487 2190 1575 2225 ἀρχὴν
1599 2190 1638 2225 τῷ
1665 2190 1800 2225 ἀνθρώπῳ

175 2219 243 2246 tniui
266 2221 406 2255 assignans
420 2223 452 2249 ³⁷.
478 2222 540 2250 Pari
571 2225 662 2260 itaque
691 2227 771 2254 modo
793 2229 881 2256 omnis
911 2230 945 2256 vit

1049 2233 1098 2264 )E‘t;
1112 2235 1158 2259 τὸν
1172 2235 1324 2269 ποιήσαντα
1341 2235 1417 2262 θεὸν.
1439 2234 1531 2267 Οὕτως
1545 2234 1614 2262 εἷναί
1635 2245 1726 2271 φαμεν
1739 2245 1800 2262 πειν-

176 2270 258 2300 caput
276 2265 412 2294 Christum
428 2268 589 2302 deﬁnimus;
611 2279 658 2305 per
674 2272 760 2306 ipsuut
778 2275 848 2301 enittt
864 2275 959 2302 condi-

176 2317 219 2338 tus
235 2316 261 2339 et
277 2313 310 2339 ad
338 2318 427 2340 ortum
443 2321 553 2342 evectus
567 2321 607 2343 est
622 2325 629 2342 :
649 2325 701 2344 non
718 2320 789 2352 quod
812 2319 858 2346 Dei
876 2319 961 2347 Filius

175 2360 324 2387 creationis
341 2361 412 2388 illius
427 2362 637 2390 instrumentum
652 2365 693 2392 vel
711 2366 835 2393 minister
848 2368 960 2394 exstite-

175 2406 225 2439 rit;
247 2406 293 2433 sed
313 2407 384 2441 quod
400 2412 526 2443 tanquant
548 2411 677 2437 naturalis
695 2419 784 2439 rerum
805 2412 901 2447 Opifex
919 2414 959 2440 di-

175 2452 237 2478 vina
254 2453 352 2480 virtute
367 2453 440 2480 illum
453 2455 619 2490 produxerit.
633 2457 722 2490 Caput
732 2463 825 2485 autem
839 2459 960 2487 mulieris

174 2502 217 2524 est
235 2498 291 2530 vir,
309 2499 528 2534 quandoquidem
548 2510 581 2529 ex
600 2511 681 2530 carne
693 2504 764 2531 illius
778 2511 884 2539 sumpta
907 2510 957 2538 est,

176 2543 319 2578 ipsumque
342 2550 471 2580 tanquam
487 2548 621 2581 quoddam
637 2550 692 2586 64
703 2550 743 2577 sui
769 2551 875 2578 initiuut
893 2559 959 2578 sor-

175 2590 223 2616 tita
243 2595 296 2617 est.
319 2590 406 2626 Caput
424 2593 516 2620 itidem
537 2594 635 2622 Christi
654 2597 725 2624 Deus
741 2602 783 2624 est
798 2607 805 2624 :
822 2597 954 2631 siquidem

1011 2278 1056 2310 τὸς
1071 2279 1166 2314 ἀνδρὸς
1185 2280 1305 2315 κεφαλὴν
1321 2280 1366 2307 τὸν
1381 2281 1515 2315 Χριστόν·
1532 2282 1680 2316 πεποίηται
1697 2282 1752 2317 γὰρ
1769 2282 1799 2307 δι’

1011 2324 1105 2356 αὑτοῦ,
1120 2325 1167 2352 καὶ
1185 2326 1311 2361 παρήχθη
1335 2326 1404 2361 πρὸς
1419 2327 1526 2361 γένεσιν
1536 2335 1544 2343 θ
1564 2328 1613 2362 οὐχ
1627 2328 1799 2362 ὑπουργικῶς

1012 2370 1150 2402 κτίζοντος
1165 2371 1246 2398 αὐτὸν
1261 2372 1306 2398 τοῦ
1331 2373 1408 2406 Υἰοῦ,
1424 2373 1590 2408 θεουργικῶς
1606 2374 1618 2393 ι
1640 2374 1669 2400 δὲ
1691 2374 1798 2409 μᾶλλον,

1012 2415 1049 2446 ὡς
1068 2416 1147 2450 φύσει
1165 2419 1347 2453 Δημιουργοῦ.
1365 2420 1478 2455 Κεφαλὴ
1501 2421 1529 2446 δὲ
1547 2421 1676 2454 γυναικὸς
1690 2421 1704 2446 ὁ
1720 2420 1796 2454 ἀνὴρ,

1012 2461 1053 2488 ὃτι
1073 2463 1105 2488 ὲκ
1118 2463 1166 2498 τῆς
1190 2465 1289 2499 σαρκὸς
1310 2466 1392 2492 αὐτοῦ
1415 2466 1531 2500 ἐλήφθη,
1547 2466 1594 2492 καὶ
1609 2466 1692 2493 αὑτὸν
1708 2467 1798 2501 ὥσπερ

1013 2507 1069 2542 ἔχει
1088 2508 1137 2543 τὴν
1159 2510 1256 2546 ἀρχὴν.
1280 2512 1392 2546 Κεφαλὴ
1410 2513 1437 2538 δὲ
1456 2513 1557 2548 ὁμοίως
1580 2513 1627 2540 τοῦ
1643 2513 1762 2548 Χριστοῦ
1785 2514 1797 2539 ό

1012 2553 1088 2586 Θεὸς,
1108 2555 1148 2581 ὅτι
1172 2555 1201 2587 ἐξ
1215 2557 1298 2583 αὐτοῦ
1318 2558 1388 2584 κατά
1407 2550 1502 2592 ᾦύσιν·
1529 2559 1694 2594 γεγέννηται
1718 2559 1796 2592 γὰρό

1011 2599 1096 2633 Λόγος
1111 2601 1143 2627 ἐκ
1157 2604 1204 2628 τοῦ
1221 2603 1288 2629 Θεοῦ
1303 2603 1349 2630 καὶ
1367 2605 1484 2640 Πατρός.
1501 2603 1568 2631 Εἶτα
1585 2605 1645 2636 πῶς
1660 2606 1692 2632 οὐ
1707 2605 1769 2636 Θεὸς
1781 2606 1794 2631 ό

210 2672 264 2718 "qi,
276 2673 396 2706 Cor.’vr,
418 2674 463 2707 19,
479 2673 525 2702 20.
564 2674 609 2711 ",l
622 2675 683 2703 Cor.
701 2683 758 2714 Vlll’
780 2676 839 2704 4-6.
878 2677 901 2693 “
916 2677 925 2703 l
941 2680 945 2701 1

1049 2698 1056 2711 ,
1073 2679 1118 2707 2|.
1156 2680 1179 2696 “
1198 2680 1207 2707 Ι
1222 2681 1285 2709 Cor.
1297 2691 1323 2715 ι,
1337 2683 1382 2710 52.
1421 2684 1443 2700 "
1460 2683 1542 2712 lCor.
1560 2692 1610 2718 xu,
1626 2684 1653 2711 5.
1692 2685 1714 2701 ’⁷
1731 2684 1791 2711 Luc.

176 2713 218 2738 ιιι,
229 2706 273 2734 38.

718 2790 803 2818 Varia
817 2789 945 2819 lectiones
962 2793 1064 2822 codicis
1080 2794 1258 2830 Seguicriani.

206 2848 221 2868 Ιι
233 2848 340 2882 θεῑκῶς.
