1883 3056
97 169 111 196 «1
122 171 183 197 ΞζέΊ

661 173 704 201 Ι)Ιὶ
725 174 837 202 ΒΕΟΤΑ
858 176 935 204 FIDE
955 177 1001 204 AD
1023 177 1184 205 RECINAS.

1669 181 1734 207 1958

94 228 238 261 Χριστὸς,
261 226 291 256 οὗ
309 230 413 265 κεφαλὴ
428 231 545 258 τέθειται
571 233 639 259 κατὰ
657 233 737 268 φύσιν
751 235 764 260 ό
783 235 877 271 Πατήρ

952 237 1111 264 naturaliter
1137 245 1169 264 ex
1195 237 1253 271 ipso
1275 241 1326 264 est.
1353 236 1468 265 Verbum
1492 247 1608 274 natnque
1627 247 1660 266 ex
1681 241 1734 267 Deo

95 274 228 310 Χριστὸν
243 275 271 302 δὲ
289 277 353 303 ὃταν
367 276 484 311 λέγοιμι,
511 278 540 304 ἐν
556 278 712 316 ἀνθρωπεία
735 282 825 316 μορφῇ
847 289 896 307 πε-

97 322 215 356 φηνότα
228 322 273 348 τὸν
287 322 355 349 Θεοῦ
369 323 453 356 Λόγον
469 323 562 351 ἐννοῶ,

950 286 978 308 et
996 281 1076 308 Patre
1099 281 1218 316 genitum
1242 286 1292 309 est.
1315 282 1373 308 .lam
1392 291 1444 317 qua
1474 285 1578 311 ratione
1599 285 1732 317 Christus,

949 327 1026 361 cuius
1055 332 1137 362 caput
1159 328 1305 354 secundum
1332 333 1455 356 naturam
1477 330 1579 363 positus
1605 336 1647 357 est
1665 331 1734 357 Deus

104 366 207 399 l'ater,
228 376 279 395 non
292 369 344 396 erit
360 369 528 398 Deus?Cum
541 376 630 399 autem
649 373 786 400 Christum
800 373 915 408 appello,
936 373 982 401 Dei
999 373 1086 401 Patris
1110 373 1225 401 Verbum
1251 374 1384 409 intelligo,
1401 377 1474 410 quod
1500 376 1527 402 in
1546 377 1661 403 humana
1683 385 1732 405 na-

111 418 179 439 tura
198 415 332 448 apparuit.

147 469 157 484 ι
181 459 226 486 Διὸ
240 460 366 496 γνωρίζω
382 461 456 497 ὑμῖν,
472 463 511 490 ὅτι
523 463 611 496 οὐδεὶς
625 465 654 491 ὲν
675 465 814 500 Πνεύματι
825 465 894 492 Θεοῦ

98 504 210 538 λαλῶν,
225 505 298 540 λέγει
322 507 445 542 ἀνάθεμα
465 509 568 544 Ἰησοῦν
580 517 586 524 ·
612 511 659 536 καὶ
674 511 761 542 οὐδεὶς
784 512 894 539 δύναται

100 551 206 583 εἰπεῖν,
225 552 326 586 Κύριος
353 552 466 587 Ἰησοῦς,
490 555 514 581 εὶ
540 556 577 590 μὴ
602 556 631 582 ἐν
656 557 794 592 Πνεύματι
813 558 893 592 ἁγίῳ.

99 596 259 631 Διαιρέσεις
273 597 300 623 δὲ
313 598 490 633 χαρισμάτων
504 600 567 632 εἰσὶ,
593 601 624 627 τὺ
640 601 668 627 δὲ
687 601 752 628 αὐτὸ
763 602 873 637 Πνεῦμα
884 611 890 618 ”

100 641 155 666 καὶ
174 642 320 677 διαιρέσεις
344 643 485 670 διακονιῶν
506 645 584 677 εἰσιν,
600 646 614 671 ό
631 646 658 672 δὲ
671 646 752 678 αὐτὸς
772 647 873 682 Κύριος
884 655 905 678 ⁸,

100 687 154 712 καὶ
179 687 325 723 διαιρέσεις
347 689 543 724 ἐνεργημάτων
557 691 637 723 εἰσιν,
653 692 667 718 ὁ
689 692 717 718 δὲ
732 692 813 723 αὐτὸς
827 693 893 725 Θεὸς

98 733 116 758 ὁ
131 733 253 769 ἐνεργῶν
273 734 331 760 ἐστι
350 734 385 761 τὰ
398 735 486 761 πάντα
504 737 533 762 ὲν
548 737 641 764 πᾶσιν.
663 746 673 764 ι
695 738 726 764 El
744 738 775 764 τὸ
791 739 890 773 λέγειν,

99 779 146 805 ὅτι
163 780 212 806 οὐκ
234 779 291 805 ἐστι
305 780 385 814 φύσει
405 782 451 808 καὶ
471 782 585 818 ἀληθείᾳ
598 783 664 814 Θεὸς
678 785 692 811 ὁ
704 785 832 819 Χριστὸς,
848 785 893 811 οὺ-

99 825 149 851 δὲν
165 825 256 861 ἕτερόν
272 826 355 859 ἐστιν,
376 827 392 862 ἢ
413 828 499 854 εἰπεῖν
513 828 636 864 ἀνάθεμα
656 830 776 866 Ἰησοῦν,
800 831 818 857 ἁ
846 830 892 857 ὲκ-

101 870 250 900 6άλλοντες
262 872 344 898 αὐτὸν
356 873 403 899 τοῦ
416 872 485 899 εἶναι
500 874 570 900 κατὰ
583 874 712 910 ἀλήθειαν
731 875 829 910 Ἰησοῦ,
842 876 891 902 οὐκ

986 477 996 493 ι
1013 466 1076 494 Ideo
1093 471 1183 494 nolunt
1200 467 1276 494 vobis
1298 467 1376 498 facio,
1395 467 1465 501 quod
1488 468 1607 495 nemoin
1631 469 1732 503 Spiritu

947 512 993 539 Dei
1017 512 1140 547 loquens,
1156 513 1220 539 dicit
1239 514 1382 540 anathema
1397 512 1459 540 Jesu
1475 522 1482 540 :
1498 518 1525 540 et
1550 522 1635 541 nemo
1644 520 1731 548 potest

946 558 1048 590 dicere,
1069 558 1198 585 Dominus
1213 558 1303 590 Jesus,
1323 560 1375 586 nisi
1397 559 1423 585 in
1443 559 1547 593 Spiritu
1562 566 1665 587 sancto.
1686 561 1732 587 Diu

946 603 1066 630 visiones
1091 611 1155 630 vero
1180 604 1329 638 gratiarum
1345 609 1418 635 sunt,
1443 605 1514 632 idem
1537 610 1626 632 autent
1645 606 1730 641 Spiri-

946 653 988 675 tus
1004 657 1010 676 :
1024 653 1052 676 et
1074 649 1223 676 divisiones
1243 649 1472 677 ministrationum
1493 656 1566 683 sunt,
1592 651 1661 678 idem
1680 660 1732 678 att-

946 698 998 720 tem
1028 693 1181 721 Dominus:
1202 699 1230 721 et
1259 695 1407 722 divisiones
1438 697 1626 730 operationum
1653 703 1728 727 sunt.

946 739 1016 766 idem
1041 747 1107 766 vero
1131 739 1214 773 Dens,
1246 741 1292 774 qui
1315 746 1446 774 operatur
1469 742 1561 768 omnia
1586 742 1611 769 in
1640 743 1730 769 omni-

948 783 998 810 bus
1011 784 1045 811 “.
1060 793 1069 810 ι
1090 784 1162 812 Sane
1182 785 1204 812 si
1230 785 1298 812 nihil
1322 786 1393 813 aliud
1418 791 1460 813 est
1483 787 1573 814 dicere
1592 787 1732 815 Christum.

944 837 997 856 non
1018 837 1079 857 esse
1101 837 1193 856 verum
1209 835 1237 857 et
1256 831 1406 858 naturalem
1427 832 1520 864 Deum,
1538 841 1619 868 quam
1637 834 1729 860 dicere

942 879 1085 902 anathema
1099 874 1192 902 .lcsum
1207 895 1214 908 ,
1232 877 1278 910 qui
1298 877 1373 903 illum
1398 877 1485 912 reipsa
1500 877 1591 905 .lesum
1612 886 1672 906 esse
1687 879 1728 906 itt-

101 915 133 940 ἐν
156 914 225 950 ἁγίῳ
245 915 383 952 Πνεύματι
403 917 482 944 τοῦτο
504 919 620 945 ποιοῦσι·
650 921 696 946 καὶ
715 921 739 947 εὶ
765 920 814 952 τὰς
837 920 877 947 τῶ

952 918 1080 951 iciantur,
1105 919 1142 946 illi
1159 912 1252 954 utique
1274 921 1300 947 in
1322 921 1423 956 Spiritu
1439 928 1534 950 sancto
1550 924 1620 950 istud
1641 925 1728 951 neuti-

102 961 283 995 χαρισμάτων
298 961 445 997 διαιρέσεις
459 963 523 989 ποτὲ
538 963 588 998 μὲν
603 965 724 1000 ἐνεργεῖν
742 965 771 992 τὸ
779 965 892 1001 Πνεῦμά

102 1012 183 1038 φησι,
198 1006 262 1032 ποτὲ
281 1006 309 1032 δὲ
323 1007 370 1032 τὸν
390 1006 471 1034 αὑτὸν
487 1008 599 1044 Κύριον,
613 1010 678 1036 ποτὲ
697 1010 726 1036 δὲ
747 1010 793 1036 τὸν
810 1011 891 1039 αὑτὸν

101 1050 188 1081 Θεὸν,
213 1048 283 1076 οἶδεν
301 1050 355 1086 ἄρα
380 1051 445 1078 Θεὸν
463 1052 527 1079 ὅντα
551 1054 678 1088 Χριστὸν,
702 1055 747 1081 τὸν
763 1056 801 1087 ὡς
824 1056 892 1084 Θεὸν

101 1094 267 1130 ἐνεργοῦντα
280 1095 325 1122 διὰ
339 1095 385 1122 τοῦ
406 1097 573 1132 Πνεύματος,
589 1100 635 1126 καὶ
651 1100 688 1132 ὡς
704 1100 806 1135 Κύριον
820 1101 891 1128 κατὰ

103 1140 186 1174 φύσιν
203 1140 366 1176 διανέμοντα
387 1144 445 1178 μετ’
462 1143 596 1177 ἐξουσίας,
616 1146 710 1181 ὥσπερ
733 1146 767 1173 ἂν
792 1147 889 1180 ἕλοιτο,

101 1185 153 1216 τὰς
173 1185 276 1212 ἄνωθεν
290 1186 402 1222 δωρεάς.
423 1189 617 1224 Μνημονεῦσαι
637 1191 666 1217 δὲ
682 1191 732 1223 δεῖ,
749 1192 790 1219 ὅτι
814 1193 859 1219 καὶ
876 1194 890 1219 ὁ

102 1230 210 1262 Παῦλος
231 1231 281 1267 ἔφη
300 1233 364 1268 περὶ
379 1234 507 1269 Χριστοῦ,
530 1235 567 1268 ὡς
590 1237 787 1273 ὲνεργήσαντος
805 1239 888 1266 αὑτοῦ

99 1276 131 1302 ὲν
146 1276 258 1312 δυνάμει
275 1278 433 1314 Πνεύματος
448 1280 538 1315 ἁγίου·

140 1403 150 1419 ε
171 1395 226 1421 Καὶ
244 1395 291 1427 οὓς
304 1396 353 1431 μὲν
367 1398 443 1426 ἔθετο
457 1400 470 1426 ὁ
482 1400 548 1432 Θεὸς
560 1401 589 1427 ἑν
602 1403 634 1438 τῇ
653 1404 801 1442 Ἐκκλησία
815 1407 887 1443 πρῶ-

101 1447 148 1485 τον
164 1441 337 1475 ἀποστόλους,
351 1444 475 1481 δεύτερον
490 1449 641 1483 προφήτας,
656 1451 746 1485 τρίτον
759 1441 886 1481 διδασιιά-

100 1484 173 1532 λους,
185 1486 279 1532 ἔπειτα
290 1488 428 1525 δυνάμεις,
440 1490 499 1518 εἶτα
513 1492 538 1512 Ιί·
550 1484 706 1530 χαρίσματα
725 1497 858 1532 ἰαμάτων.
871 1509 881 1526 ι

101 1530 168 1556 Θεοῦ
188 1531 333 1568 λεγομένου
354 1535 441 1563 ταῦτα
464 1538 623 1573 κατορθοῦν,
639 1530 761 1576 Χριστὸς.
779 1545 793 1570 ὁ
808 1545 884 1580 ὲνερ⁸

942 970 1022 997 qnatn
1050 964 1163 991 faciuttl.
1195 965 1314 992 ltursum
1350 967 1372 993 si
1403 968 1552 1001 gratiarum
1580 969 1727 996 divisiones

942 1009 1078 1036 interdum
1110 1010 1254 1044 Spiritum,
1284 1019 1476 1046 nonnunquam
1505 1021 1569 1040 vero
1599 1014 1722 1040 eumdem

944 1053 1102 1087 Dominum,
1121 1055 1267 1089 aliquando
1283 1060 1374 1082 autem
1388 1057 1510 1084 eumdem
1524 1057 1605 1084 Deum
1620 1058 1726 1091 operari

939 1101 1095 1134 prolitetur,
1112 1101 1251 1128 Christum
1269 1109 1336 1136 ergo
1358 1103 1442 1129 Deum
1465 1110 1524 1130 esse
1539 1111 1591 1130 non
1609 1104 1725 1138 ignorat,

939 1145 985 1180 qui
1003 1154 1053 1180 per
1065 1145 1198 1180 Spiritum
1210 1152 1338 1181 operetur
1353 1152 1382 1174 ut
1398 1148 1478 1181 Deus,
1493 1150 1592 1183 quique
1606 1150 1724 1177 caelestia

939 1190 1010 1217 dona
1024 1210 1031 1222 ,
1056 1190 1265 1225 quibuscunque
1289 1197 1316 1219 et
1338 1194 1580 1228 quomodocunqne
1600 1195 1722 1227 voluerit,

939 1240 1068 1269 tanquam
1089 1241 1187 1263 natura
1214 1236 1343 1264 Dominus
1364 1246 1417 1264 non
1442 1238 1544 1272 absque
1563 1239 1726 1267 auctoritate

938 1280 1094 1308 distribuat.
1108 1281 1184 1314 Quod
1196 1286 1284 1308 autem
1303 1281 1428 1309 Christus
1451 1283 1476 1309 in
1491 1284 1592 1310 virtute
1609 1283 1725 1318 Spiritus

938 1327 1027 1353 sancti
1043 1332 1182 1361 operetur,
1201 1327 1226 1354 id
1247 1326 1344 1355 Paulus
1364 1329 1397 1354 de
1414 1335 1445 1355 eo
1459 1329 1571 1363 loquens
1592 1329 1723 1362 ejusmodi

936 1371 1059 1399 oratione
1075 1371 1200 1406 deinceps
1217 1372 1342 1407 explanat
1361 1381 1368 1399 :

975 1427 985 1442 ε
1000 1417 1148 1450 Quosdam,
1163 1418 1260 1452 inquit,
1274 1419 1364 1452 posuit
1376 1420 1445 1448 Deus
1466 1421 1493 1447 in
1518 1420 1649 1452 Ecclesia,
1668 1421 1724 1454 pri-

936 1466 1009 1486 mum
1033 1461 1179 1493 apostolos,
1203 1461 1322 1488 secundo
1341 1462 1497 1496 prophetas,
1528 1464 1608 1490 tertio
1628 1463 1721 1490 docto-

936 1511 991 1536 res,
1003 1504 1098 1532 deinde
1109 1504 1223 1534 virtutes
1238 1526 1246 1539 ,
1260 1507 1357 1534 exinde
1372 1508 1472 1542 gratias
1486 1509 1654 1534 curationum
1664 1508 1696 1535 “.
1710 1518 1719 1534 ι

935 1548 1002 1576 Cum
1033 1550 1103 1577 Deus
1141 1550 1236 1578 isthaec
1267 1551 1374 1580 eﬂicere
1415 1553 1610 1587 perhibeatur,
1643 1553 1722 1580 Chri-

100 1576 188 1611 γήσας
210 1579 300 1607 ἐστίν’
318 1580 393 1608 ἔθετο
416 1583 470 1618 γὰρ
483 1584 544 1616 τοὺς
565 1586 732 1619 ἁὴοστόλους
754 1589 834 1621 αὐτὸς
855 1576 879 1616 ει

952 1599 993 1622 tus
1008 1599 1049 1622 est
1066 1595 1110 1629 qui
1135 1602 1262 1630 operatur
1279 1606 1286 1624 :
1314 1576 1531 1633 qttandriquidem
1557 1599 1579 1626 is
1602 1604 1654 1631 est,
1674 1599 1720 1633 qui

99 1625 133 1658 τῇ
154 1624 313 1662 Ἐκκλησία,
327 1627 376 1654 καὶ
396 1628 485 1663 μέντοι
505 1632 552 1656 καὶ
566 1631 753 1666 διδασκάλους,
773 1635 884 1671 ἐνεργῆ-

101 1677 146 1695 σαι
161 1670 207 1696 καὶ
223 1671 367 1707 δυνάμεις’
383 1674 481 1705 δέδωκε
497 1675 550 1712 γὰρ
572 1677 697 1710 ἐξουσίαν
719 1681 775 1711 τοῖς
797 1670 884 1715 ἁγίοις

102 1716 246 1751 μαθηταῖς,
270 1718 431 1753 θεραπεύειν
447 1722 537 1749 πᾶσαν
554 1723 632 1750 νόσον
652 1725 699 1751 καὶ
718 1727 810 1754 πᾶσαν
830 1737 883 1763 μα-

100 1761 197 1790 λακίαν
213 1764 242 1791 ἐν
253 1763 291 1800 τῷ
306 1765 375 1801 λαῷ.

139 1860 149 1875 ‹
176 1850 205 1877 Ὀ
227 1852 372 1888 ἀσπασμὸς
388 1856 421 1890 τῇ
438 1855 489 1892 ἐμῇ
515 1857 587 1892 χειρὶ
608 1858 725 1886 Παύλου.
749 1861 782 1887 ΕΓ
792 1870 834 1894 τις
851 1863 881 1890 οὑ

99 1895 172 1929 φιλεῖ
187 1897 232 1924 τὺν
252 1898 360 1934 Κύριον,
379 1901 436 1936 ἤτω
456 1903 589 1938 ἀνάθεμα,
608 1906 761 1940 μαραναθᾶ.
780 1917 790 1934 ι
811 1909 883 1945 ’Ἄρα

99 1942 159 1991 τίνα
176 1945 242 1978 φησὶ
261 1945 363 1980 Κύριον
377 1949 405 1974 ὲν
418 1948 541 1983 τούτοιςς
557 1951 658 1986 Κύριος
678 1953 727 1987 μὲν
741 1955 796 1990 γὰρ
817 1942 882 1991 ὁμο-

99 1987 278 2023 λογουμένως,
304 1992 350 2018 καὶ
377 1993 458 2025 αὐτὸς
487 1994 568 2026 Υἱός·
599 1997 698 2032 ὁμοίως
726 1999 754 2025 δὲ
780 1987 883 2027 λαὶίτὺ

99 2034 226 2081 Πνεύμιγ
244 2047 253 2062 ι
275 2037 302 2064 '0
313 2038 367 2074 γὰρ
380 2039 490 2074 Κύριος,
508 2042 585 2077 φησι,
597 2043 628 2069 τὸ
639 2044 749 2081 Πνεῦμά
765 2046 849 2073 ἐστιν.
869 2057 878 2073 ι

105 2081 134 2106 '0
155 2080 182 2107 δέ
207 2090 238 2115 γε
259 2082 305 2109 τοῦ
331 2086 466 2121 μακαρίου
485 2087 706 2122 Παύλου,σκοπὸς
729 2092 757 2117 ὲν
775 2092 881 2124 τούτοις

99 2127 139 2158 εἰς
151 2127 230 2154 αὑτὸν
243 2131 407 2158 συνετείνετο
421 2131 485 2159 ιτδν
504 2134 616 2170 Ἰησοῦν.
634 2146 643 2162 ι
661 2135 708 2168 Εἲς
720 2137 785 2173 γὰρ,
800 2140 878 2174 φησι,

99 2171 208 2206 Κύριος,
224 2173 325 2209 Ἰησοῦς
339 2176 465 2212 Χριστός.
486 2188 494 2204 ι
520 2180 723 2215 ’Λναθεματίξει
734 2183 823 2210 τοίνυν
835 2184 879 2212 τὸν

100 2217 137 2250 μὴ
152 2217 278 2251 φιλοῦντα
291 2220 380 2248 αὐτόν.
397 2223 434 2248 Οὐ
450 2223 521 2257 φιλεῖ
533 2224 560 2250 δὲ
572 2225 663 2258 αὐτὸν,
678 2227 692 2252 ὁ
703 2228 771 2262 μήτε
787 2228 876 2262 φύσει,

938 1639 1075 1674 apostolos
1090 1640 1116 1666 in
1135 1640 1256 1668 ECclcsia
1273 1642 1424 1675 collocavit,
1438 1645 1537 1678 quique
1554 1645 1678 1671 doctores
1693 1645 1720 1672 in

934 1685 1027 1713 eadem
1049 1686 1178 1719 instituit,
1204 1688 1301 1721 quibus
1316 1695 1433 1723 quoque,
1447 1694 1476 1716 ut
1493 1690 1606 1717 virtutes
1624 1698 1721 1724 opera-

934 1736 1037 1764 rentur,
1055 1732 1108 1758 vim
1130 1732 1297 1765 impertivit:
1310 1734 1383 1761 dedit
1400 1742 1514 1768 namque
1529 1735 1635 1762 sanctis
1651 1743 1718 1769 apo-

933 1775 1011 1803 stolis
1034 1780 1212 1811 potestatem,
1242 1783 1271 1805 ut
1295 1786 1375 1805 omne
1400 1779 1556 1806 morborum
1580 1780 1719 1814 aegritudio

933 1829 1053 1856 numque
1067 1829 1152 1857 genus
1166 1823 1192 1849 in
1214 1823 1312 1858 populo
1327 1824 1508 1858 grassantium
1526 1830 1663 1851 curarent.

971 1876 981 1893 t
996 1867 1128 1896 Salutatio
1149 1877 1208 1897 mea
1231 1877 1312 1897 manu
1332 1870 1406 1898 Pauli
1424 1880 1431 1897 :
1449 1871 1476 1898 Si
1497 1871 1557 1905 quis
1573 1879 1625 1898 non
1645 1876 1717 1898 amat

933 1913 1074 1941 Dominutn
1089 1935 1096 1947 ,
1115 1915 1151 1941 sit
1171 1916 1324 1948 anathema,
1343 1917 1501 1943 maranatlta
1513 1917 1549 1943 ³ο.
1570 1926 1578 1942 ι
1597 1917 1714 1951 Ecquam

933 1960 1056 1993 obseCro,
1097 1961 1238 1988 Dominum
1265 1962 1316 1990 hoc
1342 1962 1400 1990 loco
1428 1964 1522 1990 vocat?
1544 1964 1568 1989 in
1593 1963 1717 1990 confesso

933 2009 975 2031 est
991 2005 1074 2037 enim,
1092 2011 1144 2032 tant
1170 2006 1255 2040 ipsum
1270 2006 1380 2039 Filium,
1397 2015 1478 2042 quam
1501 2007 1632 2041 Spiritum
1647 2016 1716 2042 quo-

934 2058 986 2084 que
1011 2057 1131 2078 sanctum
1150 2052 1291 2081 Dominum
1303 2055 1405 2087 vocari,
1421 2060 1448 2082 et
1470 2055 1614 2083 Dominum
1629 2063 1689 2083 esse
1707 2065 1713 2082 :

933 2098 1062 2132 scriptum
1088 2104 1130 2126 est
1158 2099 1252 2127 enim:
1282 2110 1291 2126 ι
1316 2100 1435 2135 Spiritus
1458 2102 1587 2129 Dominus
1602 2107 1643 2129 cst
1653 2103 1685 2129 “.
1703 2112 1714 2127 ›

933 2143 1004 2171 Sane
1019 2143 1090 2171 beati
1108 2144 1183 2172 Pauli
1204 2153 1278 2173 mens
1293 2146 1318 2173 in
1333 2146 1421 2182 ipsum
1443 2147 1535 2174 .lcsum
1551 2148 1594 2175 hie
1608 2147 1712 2180 fertur;

932 2189 970 2216 ait
981 2197 1117 2225 namque:
1136 2190 1504 2225 «UnusestDominus,.lesus
1518 2194 1681 2224 Christus”.
1703 2205 1712 2221 ι

932 2235 1022 2269 Itaque
1039 2237 1208 2264 anathemate
1225 2238 1340 2271 percutit
1360 2246 1467 2267 omnem
1497 2240 1606 2268 omnino
1626 2241 1714 2269 homi-

101 2262 167 2296 μήτε
189 2264 302 2301 ἀληθείᾳ
325 2266 412 2301 λέγων
425 2268 488 2296 Υἰὸν
508 2267 577 2296 εἶναι
594 2271 641 2297 τοῦ
663 2271 741 2304 Θεοῦ,
760 2274 826 2300 ἀλλὰ
842 2275 879 2306 ὼς

952 2262 1005 2311 em,
1032 2279 1077 2313 qui
1091 2262 1238 2314 θεῶνιὶιᾶ

98 2309 128 2334 ἐν
150 2309 262 2347 δευτέρᾳ
279 2312 354 2345 τάξει
380 2313 464 2346 τιθεὶς
481 2315 556 2350 παρὰ
577 2316 624 2343 τὸν
644 2318 677 2344 ὲκ
695 2318 761 2344 Θεοῦ
781 2320 876 2353 Λόγον,

99 2353 145 2380 καὶ
157 2354 186 2380 τὸ
201 2355 252 2390 τῆς
264 2357 420 2393 οἰκονομίας
435 2359 536 2387 ἀδικῶν
550 2362 697 2397 μυστήριον
712 2363 756 2391 διὰ
774 2365 820 2392 τοῦ
831 2366 877 2392 τέ-

99 2407 173 2432 μνειν
191 2401 230 2432 εἰς
246 2401 293 2428 δύο
304 2402 350 2429 τὸν
364 2402 412 2430 ἕνα
432 2405 534 2440 Κύριον
553 2407 600 2433 καὶ
620 2407 732 2442 Ἰησοῦν.

932 2329 984 2349 non
1003 2323 1098 2358 diligit,
1123 2325 1168 2359 qui
1187 2333 1273 2360 neque
1302 2331 1396 2354 natura
1419 2336 1507 2363 neque
1528 2330 1643 2358 veritate
1666 2331 1713 2358 llei

930 2367 1027 2395 Filium
1052 2376 1112 2396 esse
1131 2371 1268 2404 agnoscit,
1286 2373 1332 2400 sed
1347 2381 1360 2400 a
1378 2373 1425 2401 Dei
1439 2374 1529 2402 Verbo
1543 2375 1667 2411 sejungit,
1681 2385 1714 2404 ac

930 2413 1011 2439 veluti
1040 2413 1066 2440 in
1096 2421 1178 2441 secun
1203 2416 1265 2442 dum
1296 2417 1418 2444 ordinem
1446 2418 1546 2453 rejicit,
1575 2425 1656 2455 atque
1675 2420 1713 2448 ita

98 2446 164 2501 «1:an
203 2453 284 2474 unum
312 2448 453 2477 Dominum
484 2451 574 2480 .lcsum
605 2453 743 2482 Christum
786 2457 812 2484 in
845 2458 911 2487 duos
945 2458 1049 2491 dividit,
1075 2459 1282 2494 dispensationis
1308 2446 1481 2498 mysterium.
1499 2466 1585 2493 atroci
1611 2446 1712 2501 injuria

97 2490 189 2518 aﬂlt‘il.

262 2551 312 2579 Ἐκ
326 2553 381 2587 τῆς
400 2555 474 2588 πρὸς
489 2556 662 2590 Κορινθίους
677 2559 717 2589 β’.

133 2604 144 2621 ‹
215 2597 243 2623 δὲ
253 2598 311 2633 Θεῷ
324 2599 413 2634 χάρις,
428 2600 541 2627 πάντοτε
551 2601 588 2637 τῷ
600 2603 791 2638 θριαμὸεύοντι
803 2606 877 2641 ἡμᾶς

98 2641 125 2666 ἐν
136 2640 173 2675 τῷ
196 2642 315 2678 Χριστῷ,
333 2644 380 2670 καὶ
402 2644 452 2680 τὴν
474 2645 562 2682 ὀσμὴν
581 2648 630 2684 τῆς
649 2647 775 2682 γνώσεως
793 2640 875 2678 αῦτοῦ

1106 2564 1148 2592 Ex
1165 2566 1303 2599 posteriori
1320 2567 1354 2593 ad
1377 2566 1537 2595 Corinthios.

969 2617 978 2633 ι
995 2609 1048 2636 Deo
1067 2615 1157 2637 autem
1173 2612 1289 2648 gratias,
1300 2613 1346 2647 qui
1371 2620 1477 2647 semper
1490 2614 1637 2648 triumphat
1663 2624 1712 2643 nos

930 2653 956 2680 in
973 2654 1081 2683 Christo
1097 2655 1171 2689 Jesu,
1187 2662 1215 2684 et
1235 2658 1345 2685 odorem
1367 2658 1470 2686 notitiae
1485 2666 1540 2687 sum
1558 2660 1715 2690 manifestat

130 2718 153 2735 ¹⁸
167 2717 177 2744 I
190 2717 253 2746 Cor.
271 2728 320 2753 ιιι,
336 2721 394 2750 3-6.
434 2722 456 2738 ⁵³
473 2722 481 2749 l
496 2723 559 2751 Cor.
574 2731 621 2758 xtl,
637 2725 681 2753 28.
720 2727 742 2742 ¹⁰
762 2728 772 2754 l
791 2727 854 2756 Cor.
869 2736 879 2755 τ

952 2730 987 2758 ll.
1026 2731 1047 2746 ³¹
1063 2731 1142 2759 Joan.
1159 2741 1195 2766 Iv,
1213 2734 1258 2762 2L
1298 2735 1321 2751 ³¹
1337 2735 1345 2763 ι
1359 2735 1422 2764 Cor.
1438 2743 1495 2769 Vttt,
1516 2737 1542 2765 6.

629 2807 716 2835 Varia:
730 2807 858 2837 lectiones
876 2809 975 2838 codicis
991 2811 1166 2846 Segnieriani.

135 2864 155 2883 κ’
168 2864 273 2893 ἔπειτα.
316 2865 324 2886 ι
343 2867 517 2896 συντείνεται.
