1883 3056
183 149 252 178 1259

683 153 688 154 ⁷
713 154 740 181 S.
762 153 899 181 CYRILLI
917 152 1152 180 ALEXANDRINI
1170 151 1329 179 ARCHIEP.

1745 149 1813 177 1⁵240

182 217 231 244 per
254 217 302 237 nos
323 209 349 237 in
373 210 446 238 omni
471 210 529 238 loco
547 223 553 239 ;
574 211 636 246 quia
663 212 764 239 Christi
788 213 874 240 bonus
899 212 959 240 odor

1038 210 1177 246 ανεροῦντι
1198 210 1231 237 δι’
1248 210 1327 244 ἡμῶν
1348 209 1377 236 ἐν
1395 209 1476 236 παντὶ
1501 209 1595 243 τόπῳ-
1619 208 1663 235 ὅτι
1692 207 1809 242 Χριστοῦ

182 262 276 282 sumus
299 255 353 283 Deo
377 256 404 283 in
432 256 464 283 iis
490 257 534 291 qui
561 257 626 284 salvi
654 257 732 291 ﬁunt,
757 263 784 285 ct
809 258 836 285 in
864 258 896 286 iis
919 257 964 292 qui

184 306 298 334 pereunt
309 301 341 330 ³³.
357 311 368 328 ι
391 302 468 335 Quod
484 303 506 330 si
521 302 647 330 Christus
664 303 787 331 Paterna:
804 304 966 338 cognitionis

183 346 269 373 bonus
293 347 361 374 odor
380 352 441 380 est,
466 348 601 383 quomodo
627 348 697 376 Deus
724 357 777 376 non
805 349 864 376 est?
889 348 965 377 llaud

183 399 298 426 namque
315 392 475 427 inhumana
492 398 586 419 natura
604 393 701 420 divium
723 398 825 420 naturae
842 394 965 428 fragran-

183 437 249 463 tiam
264 437 429 472 compererit
444 437 577 473 quispiam
593 447 600 466 :
618 439 664 466 sed
680 439 904 473 quemadmodum
919 439 966 466 hu-

182 482 322 510 manitatis
338 483 406 510 odor
416 485 504 518 fplane
517 484 665 516 hominem,
683 485 719 511 ita
739 484 886 512 divinitatis
900 485 965 512 odor

182 527 268 555 Deum
289 528 401 557 indicat.
418 530 476 558 Jam
497 530 518 557 si
540 530 666 558 Christus
685 530 769 557 bonus
787 530 876 558 Patris
897 531 965 558 odor

181 573 345 607 appellatur,
361 581 476 609 vereque
501 580 553 607 est,
580 575 715 609 quomodo
739 575 810 602 Deus
837 583 889 602 nou
911 580 963 608 cst,

180 620 286 647 etiamsi
304 620 367 648 illud
390 621 478 656 ipsum
507 621 560 648 Dei
583 621 672 649 Patris
689 621 803 649 Verbum
824 623 964 657 dispensa-

182 665 255 692 tione
270 665 351 692 homo
367 666 468 694 factum
484 667 547 694 est?

219 719 229 736 ι
245 710 365 745 Epistola
390 717 481 739 nostra
499 720 548 739 vos
571 713 648 745 estis,
664 713 762 748 scripta
790 713 815 740 in
837 713 964 741 cordibus

180 757 295 790 nostris,
313 766 373 792 qua:
394 759 480 786 scitur
499 763 524 786 et
543 759 640 794 legitur
653 760 687 786 ab
707 760 832 787 omnibus
847 760 964 787 homini-

180 803 230 830 bus
243 812 250 829 :
263 803 425 830 manifestati
447 804 518 839 quod
544 805 656 839 epistola
671 805 736 832 estis
754 805 867 837 Christi,
884 806 964 832 miui-

180 853 264 875 strata
285 856 299 875 a
316 848 403 881 nobis,
420 853 448 876 et
463 850 563 884 scripta
589 858 641 877 non
658 854 822 882 atramento,
840 851 885 878 sed
903 851 963 885 Spi-

180 894 232 920 ritu
256 894 321 927 Dei,
344 903 396 922 non
419 896 446 922 in
472 895 569 922 tabulis
595 894 718 930 lapideis,
741 897 791 923 sed
814 897 840 924 in
866 897 962 924 tubulis

178 939 268 967 cordis
283 940 440 968 carnalibus
453 940 485 966 “.
503 950 512 966 ι
532 940 603 968 Deus
619 948 668 975 per
684 942 827 976 quemdam
847 949 879 969 ex
898 949 961 976 pro-

178 985 266 1019 phetis
281 985 379 1012 alicubi
399 986 438 1013 sic
461 986 601 1021 loquitur:
620 995 630 1012 ι
648 986 713 1014 Post
735 987 794 1014 illos
814 987 882 1019 dies,
898 988 962 1014 dicit

178 1030 319 1061 Dominus.
335 1030 403 1058 dabo
419 1031 490 1066 leges
510 1039 584 1058 meas
600 1032 626 1059 in
642 1037 758 1059 mentem
771 1041 876 1066 eorum,
893 1038 920 1061 et
935 1035 961 1060 in

177 1076 259 1103 corda
292 1083 384 1103 eorum
413 1077 559 1104 inscribam
590 1085 637 1104 eas
648 1078 681 1104 ³⁵.
706 1087 715 1103 ι
745 1078 820 1106 Facti
849 1079 962 1114 proinde

176 1128 270 1148 sumus
284 1121 397 1155 epistola
419 1121 529 1155 Christi,
552 1122 597 1156 qui
616 1122 683 1157 legis
701 1130 756 1150 sua:
778 1123 886 1150 decreta
908 1131 960 1150 non

177 1170 337 1198 atramento,
348 1167 395 1194 sed
409 1167 524 1194 viventis
541 1167 587 1194 Dei
604 1167 708 1202 Spiritu
725 1168 750 1195 in
767 1169 846 1196 nobis
858 1169 961 1195 descri-

175 1211 238 1239 bit:
255 1216 336 1246 atque
351 1212 403 1241 hoc
424 1212 510 1246 ipsum
532 1220 585 1240 non
611 1221 658 1246 per
678 1214 787 1240 modum
807 1213 959 1246 ministerii,

175 1258 223 1285 sed
239 1265 288 1292 per
303 1258 440 1292 propriam
462 1258 503 1292 (ut
526 1258 561 1284 ita
576 1258 675 1293 dicam)
697 1257 883 1286 eﬂicacitatem
901 1267 907 1285 :
921 1259 960 1286 si-

175 1303 284 1338 quidem
309 1303 426 1337 Spiritus
454 1303 504 1337 ipsi
534 1304 660 1338 proprius
685 1308 737 1330 est.
764 1303 799 1330 At
819 1312 872 1339 quo
896 1312 960 1339 ergo

173 1348 255 1375 modo
269 1348 292 1375 is
306 1347 377 1375 Deus
398 1351 517 1380 nonest,
534 1348 581 1382 qui
605 1348 702 1375 divinae
723 1349 825 1376 notitia:
840 1349 960 1377 rationes

173 1393 283 1428 proprio
307 1393 409 1428 Spiritu
437 1393 514 1420 nobis
542 1393 704 1428 insculpsit?
719 1393 757 1422 De
773 1394 871 1422 Judaeis
895 1395 959 1422 sub-

170 1438 259 1472 jungit
273 1447 279 1465 :

211 1494 221 1511 α
239 1484 292 1512 Sed
309 1485 398 1512 obtusi
415 1489 477 1512 sunt
493 1493 589 1512 sensus
606 1492 713 1512 eorum.
728 1484 819 1519 Usque
833 1485 905 1512 enim
930 1485 957 1512 in

172 1531 331 1559 hodiernum
351 1531 421 1558 diem
438 1531 555 1566 idipsum
567 1530 691 1558 velamen
705 1531 731 1558 in
749 1531 864 1558 lectione
879 1530 959 1558 Vete-

173 1577 213 1604 ris
223 1576 387 1604 Testamenti
402 1580 492 1604 manet
505 1584 557 1603 non
573 1577 721 1603 revelatum
736 1576 817 1610 (quod
834 1576 860 1603 in
877 1576 957 1603 Chri-

173 1628 216 1649 sto
246 1621 421 1657 evacuatur),
447 1621 493 1649 sed
515 1628 599 1655 usque
626 1621 653 1648 in
684 1620 843 1649 hodiernum
869 1621 955 1653 diem,

173 1675 236 1702 cum
251 1667 350 1703 legitur
365 1667 482 1702 Moyses,
493 1666 677 1702 66velamen
691 1667 807 1700 positum
822 1670 863 1694 est
878 1674 958 1701 super

173 1720 222 1740 cor
240 1720 344 1740 eorum.
360 1713 426 1740 Cum
446 1718 534 1739 autem
551 1712 675 1739 conversi
697 1713 798 1739 fuerint
818 1713 850 1739 ad
867 1712 957 1740 Domi-

173 1766 250 1790 num,
267 1758 405 1784 auferetur
419 1757 551 1784 velamen.
577 1757 708 1784 Dominus
725 1762 815 1784 autem
836 1758 957 1790 Spiritus

173 1807 225 1829 cst.
250 1801 300 1829 libi
315 1805 403 1828 autem
417 1801 535 1836 Spiritus
550 1801 668 1835 Domini,
679 1802 715 1829 ibi
729 1802 840 1829 libertas
849 1802 931 1830 est".
946 1812 956 1828 ι

175 1847 204 1875 Si
222 1848 288 1883 legis
311 1853 338 1875 et
350 1848 544 1882 prophetarum
567 1848 628 1876 linis
649 1853 692 1876 est
710 1848 848 1881 Christus,
871 1857 958 1884 neque

173 1893 296 1921 velamen
311 1893 382 1928 quod
397 1892 502 1921 Veteris
522 1893 687 1920 Testamenti
706 1893 814 1921 lectioni
829 1894 957 1926 cohaeret,

175 1939 290 1971 tollitur,
307 1940 355 1965 nisi
372 1947 419 1974 per
438 1939 522 1966 solum
539 1939 697 1967 Christum:
711 1940 845 1974 quomodo
861 1941 957 1967 rationi

173 1989 387 2012 consentaneum
409 1985 471 2017 erit,
497 1984 584 2020 ipsum
610 1985 711 2012 nudum
735 1993 796 2012 csse
821 1987 957 2013 hominem

174 2030 340 2060 existimare,
358 2035 384 2056 et
407 2029 464 2056 sola
480 2029 621 2058 ﬁliationis
638 2030 818 2065 appellatione
840 2031 958 2058 honora-

173 2076 252 2103 tum?
268 2076 363 2102 Annon
387 2077 438 2102 hac
462 2076 589 2111 opinione
609 2077 696 2108 ﬁeret,
728 2081 756 2103 ut
783 2077 849 2104 ﬁdes
865 2082 957 2104 nostra

173 2130 226 2149 nou
242 2122 393 2149 collimaret
408 2123 434 2149 in
452 2122 548 2153 Deum,
563 2127 690 2156 tauquam
708 2123 733 2149 in
753 2123 844 2155 liuent,
865 2124 911 2150 sed
930 2123 956 2149 iu

175 2167 311 2194 hominem
328 2167 413 2194 nostri
430 2167 564 2194 suuilem?
583 2167 618 2194 Eo
633 2173 721 2195 autent
737 2168 801 2203 quid
820 2169 861 2196 vel
882 2169 957 2203 cogi-

173 2217 198 2239 ta
204 2213 224 2240 ri
243 2217 325 2247 queat
343 2213 499 2240 absurdius!

211 2258 312 2291 (Quod
335 2259 357 2286 si
384 2259 466 2286 etiam
491 2264 614 2294 opertum
641 2264 682 2286 est
710 2259 884 2294 Evangelium
910 2267 958 2286 no-

173 2310 262 2330 strum
281 2305 307 2331 iu
326 2305 358 2331 iis
382 2306 426 2339 qui
448 2310 578 2339 pereunt,
602 2310 643 2332 est
664 2309 787 2339 opertum
812 2306 837 2332 in
861 2305 958 2340 quibus

174 2349 246 2377 Deus
265 2350 345 2385 hujus
363 2351 455 2378 saeculi
470 2352 617 2379 circa-cavit
630 2356 735 2378 mentes
755 2352 914 2383 inﬁdelium,
931 2358 958 2379 ut

176 2404 230 2423 non
248 2396 349 2430 fulgeat
367 2398 420 2425 illis
436 2398 598 2425 illuminatio
621 2399 757 2434 Evangelii
772 2399 863 2434 gloriae
877 2398 958 2426 Chri-

175 2442 209 2468 sti
232 2443 276 2477 qui
300 2448 340 2470 est
361 2443 449 2478 imago
464 2443 510 2471 Dei
524 2445 556 2470 ³⁷.
573 2453 582 2470 ι
601 2445 640 2478 Si,
660 2450 688 2472 ut
702 2446 810 2479 quidam
827 2447 957 2479 sentiunt,

174 2486 298 2514 Christus
324 2492 365 2514 est
391 2488 471 2515 homo
497 2489 666 2521 comtnunis,
697 2490 754 2516 sola
780 2497 957 2524 personarum

174 2533 272 2560 unione
290 2541 350 2560 cuin
369 2533 416 2561 Dei
430 2533 519 2562 Verbo
534 2535 689 2562 societatem
705 2535 808 2563 habens
827 2537 870 2571 (ad
887 2537 959 2564 hunc

175 2579 246 2605 cnim
270 2580 377 2606 modum
401 2581 548 2615 loquuntur
565 2581 624 2616 illi),
643 2583 778 2616 quomodo
796 2582 821 2608 in
847 2583 899 2609 illis
913 2584 957 2617 qui

176 2629 299 2658 pereunt,
316 2625 491 2659 Evangelium
519 2626 590 2653 illius
606 2627 791 2653 absconditum
806 2628 868 2653 est?
887 2627 958 2654 ch-

176 2678 215 2695 .es
234 2671 307 2697 cnim
326 2679 378 2698 nou
400 2672 496 2706 Deum,
520 2673 567 2699 sed
586 2673 722 2699 hominem
742 2673 827 2699 nostri
844 2673 957 2700 similem

211 2738 232 2754 ³³
246 2738 268 2764 ll
280 2738 343 2766 Cor.
361 2747 389 2772 ιι,
406 2739 448 2766 Μ.
488 2740 510 2756 ³³
521 2739 543 2766 ll
558 2739 621 2768 Cor.
643 2747 685 2773 tu,
701 2740 728 2770 2.

811 2739 832 2755 "
849 2740 951 2768 Jerem.
974 2747 1050 2774 xxxi,
1066 2740 1109 2767 53.

1015 257 1112 283 εὐωδία
1122 257 1206 290 ἐσμὲν
1220 256 1258 291 τῷ
1273 255 1331 290 Θεῷ
1342 257 1370 282 ἐν
1383 257 1437 287 τοῖς
1449 255 1625 290 σωζομένοις,
1638 255 1689 282 καὶ
1710 255 1740 281 ἐν
1754 256 1807 286 τοῖς

1015 302 1221 336 ἀπολλυμένοις.
1244 311 1253 327 ι
1275 300 1342 328 Εἶτα
1359 301 1416 333 πῶς
1433 301 1464 327 οὑ
1475 301 1541 333 Θεὸς
1555 302 1569 327 ὁ
1585 301 1806 336 Χριστὸς,εῖττερ

1015 348 1088 374 ἐστὶν
1106 347 1186 378 αὐτὸς
1200 347 1272 382 ὀσμὴ
1285 347 1335 382 τῆς
1349 346 1476 380 γνώσεως
1493 346 1538 373 τοῦ
1557 346 1666 381 Πατρός
1678 355 1686 378 ;
1702 346 1741 372 Οὐ
1755 346 1806 381 γὰρ

1014 394 1043 420 ἒν
1066 401 1098 427 γε
1121 394 1154 428 τῇ
1174 393 1319 428 ἀνθρώπου
1349 392 1428 426 φύσει
1451 393 1500 426 τὴν
1519 392 1570 427 τῆς
1595 391 1672 422 θείας
1699 391 1806 424 spisso»;

1014 439 1126 466 εὐωδίαν
1149 438 1285 474 ἀναμάθοι
1304 447 1346 470 τις
1369 438 1420 465 ἄν·
1438 438 1495 464 ἀλλ’
1521 438 1614 474 ὧσπερ
1641 439 1659 472 ἡ
1680 437 1733 472 τῆς
1761 438 1805 464 ἁν-

1015 485 1191 520 ορωπότητος
1217 484 1289 519 ὀσμὴ
1307 483 1433 518 σημαίνει
1452 492 1504 510 που
1521 484 1631 514 πάντως
1648 483 1803 518 ἄνθρωπον,

1013 530 1085 557 οὕτω
1105 530 1179 564 καὶὴ
1199 530 1250 564 τῆς
1267 529 1404 564 θεότητος,
1422 529 1499 555 Θεόν.
1515 529 1547 554 El
1566 528 1595 554 δὲ
1617 528 1739 563 Χριστὸς
1761 528 1805 554 εὐ-

1014 574 1081 601 ώδία
1102 574 1150 601 τοῦ
1169 575 1275 609 Πατρὺς
1296 572 1366 600 εἶναι
1383 574 1506 608 λέγεται,
1523 573 1572 600 καὶ
1586 573 1661 599 ἐστιν
1677 572 1804 608 ἀληθῶς,

1014 620 1072 651 πῶς
1084 620 1115 646 οὑ
1128 620 1193 651 Θεὸς
1207 621 1265 646 ἐστι
1282 619 1409 655 Χριστὸς,
1428 619 1480 646 κᾶν
1494 619 1518 645 εἰ
1532 619 1644 653 γέγονεν
1660 618 1805 654 ἄνθρωπος

1013 665 1190 699 οἰκονομικῶς
1203 666 1216 691 ὁ
1235 667 1266 692 ὲκ
1282 665 1350 691 Θεοῦ
1371 665 1476 700 Πατρὸς
1491 665 1594 699 Λόγοςς

1051 721 1060 736 ι
1088 711 1120 737 Ἡ
1135 711 1262 746 ἐπιστολὴ
1273 710 1351 746 ἡμῶν
1364 711 1443 745 ὑμεῖς
1455 711 1528 742 ἐστε,
1542 710 1763 746 ὲγγεγραμμένη
1777 711 1805 735 ὲν

1013 758 1072 788 ταῖς
1087 756 1211 791 καρδίαις
1226 757 1315 791 ἡμῶν,
1339 757 1528 792 γινωσκομένη
1551 757 1598 783 καὶ
1617 757 1804 790 ἀναγινωσκο-

1015 802 1083 836 μένη
1114 801 1166 828 ὑπὸ
1193 802 1303 828 πάντων
1338 801 1506 837 ἀνθρώπων·
1536 801 1739 837 φανερούμενοι
1765 803 1803 828 ὁτι

1014 849 1074 874 ἐστὲ
1090 848 1218 883 ἐπιστολὴ
1235 848 1365 884 Χριστοῦ,
1384 848 1574 883 διακονηθεῖσα
1588 849 1634 882 ὑφ’
1651 848 1745 882 ἡμῶν,
1760 849 1804 882 ἐγ-

1013 893 1193 928 γεγραμμένη
1205 894 1235 920 οὐ
1251 893 1356 928 μέλανι,
1373 894 1441 920 ἀλλὰ
1455 894 1594 928 Πνεύματι
1607 893 1677 919 Θεοῦ
1691 894 1802 926 ζῶντος,

1013 939 1062 965 οὐκ
1080 938 1109 965 ἐν
1134 939 1215 972 πλαξὶ
1234 939 1360 971 λιθίναις,
1377 939 1435 966 ἀλλ’
1451 940 1480 966 ὲν
1497 939 1579 971 πλαξὶ
1597 939 1715 974 καρδίας
1737 948 1803 974 σαρ-

1012 985 1099 1020 κίνης.
1117 994 1126 1011 ι
1146 986 1217 1020 Ἔφη
1234 994 1284 1012 που
1309 985 1375 1016 Θεὸς
1394 985 1427 1011 δι’
1444 985 1501 1017 ἐνὸς
1520 985 1574 1011 τῶν
1590 986 1677 1019 ἁγίων
1695 995 1803 1021 προφη-

1012 1031 1082 1056 τῶν·
1104 1040 1113 1055 ‹
1135 1031 1178 1056 ‘Ev
1193 1030 1231 1066 τῷ
1252 1030 1340 1066 καιρῷ
1363 1031 1469 1066 ἐκείνῳ,
1486 1031 1558 1065 λέγει
1574 1031 1689 1066 Κύριος,
1716 1031 1803 1062 διδοίς

1012 1077 1109 1111 νόμους
1126 1085 1175 1111 μου
1188 1077 1228 1108 εἰς
1242 1077 1292 1111 τὴν
1309 1077 1427 1103 διάνοιαν
1441 1077 1540 1110 αὐτῶν,
1551 1077 1598 1103 καὶ
1611 1077 1658 1103 ἐπὶ
1671 1077 1722 1108 τὰς
1737 1086 1803 1112 καρ-

1010 1121 1068 1153 δίας
1088 1121 1176 1148 αὐτῶν
1192 1122 1336 1156 ἐπιγράψω
1359 1122 1467 1154 αὐτούς.
1497 1131 1506 1147 ›
1534 1122 1690 1157 Γεγόναμεν
1712 1122 1802 1148 τοίνυν

1012 1167 1141 1203 ἐπιστολὴ
1156 1167 1285 1202 Χριστοῦ,
1299 1167 1448 1202 γράφοντος
1466 1168 1531 1202 ἡμῖν
1546 1168 1595 1194 οὐκ
1611 1168 1640 1193 ὲν
1663 1167 1760 1202 μέλανι
1772 1167 1803 1194 τὸ

1011 1213 1084 1248 αὺτῷ
1093 1213 1197 1246 δοκοῦν,
1210 1213 1266 1240 ἀλλ’
1275 1214 1304 1240 ἐν
1315 1214 1453 1248 Πνεύματι
1464 1213 1531 1240 Θεοῦ
1543 1214 1653 1246 ζῶντος·
1667 1214 1698 1240 οὐ
1709 1214 1802 1240 atque.

1010 1258 1091 1289 νικῶς
1100 1259 1209 1293 μᾶλλον,
1224 1259 1289 1291 ἀλλ’,
1305 1259 1348 1285 ἵνα
1354 1259 1439 1290 οὕτως
1448 1259 1580 1293 εἴπωμεν,
1592 1259 1784 1294 αὑτουργιιῶς
1792 1268 1800 1274 ·

1011 1303 1074 1331 [διον
1089 1303 1143 1338 γὰρ
1157 1303 1238 1329 αὐτοῦ
1257 1303 1286 1329 τὸ
1300 1303 1414 1338 Πνεῦμά
1429 1304 1510 1330 ἐστιν.
1527 1301 1594 1330 Εἶτα
1612 1305 1673 1336 πῶς
1686 1305 1717 1330 οὐ
1736 1306 1802 1335 θεὸς

1009 1349 1023 1374 ὁ
1037 1348 1065 1374 ὲν
1078 1349 1134 1383 ἰδίῳ
1152 1349 1290 1384 Πνεύματι
1304 1349 1418 1384 γράφων
1435 1349 1500 1383 ἡμῖν
1511 1350 1562 1384 τῆς
1574 1349 1744 1384 θεογνωσίας
1752 1349 1802 1382 τὴν

1012 1393 1088 1426 ὁδόν;
1108 1394 1175 1429 Περὶ
1189 1393 1242 1420 τῶν
1265 1394 1398 1420 Ἰουδαίων
1418 1394 1513 1429 φησίνι

1048 1491 1057 1507 ι
1087 1481 1157 1508 Ἀλλ’
1175 1481 1309 1517 ἐπωρώθη
1323 1482 1357 1509 τὰ
1381 1483 1504 1518 νοήματα
1526 1483 1628 1511 αὐτῶν.
1649 1485 1733 1520 Ἀχρι
1747 1484 1801 1519 γὰρ

1009 1527 1059 1562 τῆς
1074 1528 1194 1562 σήμερον
1213 1527 1320 1564 ἡμέρας
1336 1528 1367 1554 τὸ
1382 1529 1447 1555 αὐτὸ
1461 1529 1594 1564 κάλυμμα
1613 1531 1661 1556 ἐπὶ
1676 1532 1708 1565 τῇ
1733 1531 1801 1556 ἀνα-

1010 1573 1109 1607 γνώσει
1129 1573 1179 1608 τῆς
1205 1573 1327 1605 Παλαιᾶς
1343 1574 1480 1609 Διαθήχης
1495 1575 1618 1609 διαμένει
1635 1576 1672 1610 μὴ
1698 1576 1802 1602 ἀνακα-

1008 1619 1187 1653 λκπτόμενον,
1203 1619 1218 1645 ὅ
1229 1627 1256 1644 τι
1274 1619 1303 1645 ἐν
1319 1619 1430 1654 Χριστῷ
1450 1621 1646 1654 καταργεῖται·
1662 1619 1732 1646 ἀλλὰ
1749 1621 1801 1652 ἓως

1007 1665 1055 1700 τῆς
1065 1665 1193 1700 σήμερον,
1204 1665 1285 1700 ἡνίκα
1294 1665 1512 1699 ἀναγινώσκεται
1522 1666 1652 1700 Μωῦσῆς,
1665 1665 1800 1700 κάλυμμα

1008 1711 1054 1737 ἐπὶ
1076 1710 1125 1746 τὴν
1145 1710 1258 1746 καρδίαν
1283 1711 1374 1738 αὐτῶν
1399 1713 1497 1738 κεῖται.
1528 1711 1626 1737 Ἰινίκα
1652 1712 1675 1738 δ’
1692 1713 1725 1738 ἂν
1740 1713 1801 1738 ὲπι-

1009 1755 1112 1792 στρὲψῃ
1130 1755 1198 1790 πρὸς
1214 1756 1326 1790 Κύριον,
1342 1757 1526 1790 περιαιρεῖται
1548 1756 1579 1782 τὸ
1601 1756 1746 1791 κάλυμμα.
1768 1758 1800 1783 '0

1008 1800 1036 1827 δὲ
1050 1801 1151 1836 Κύριος
1163 1802 1193 1828 τὸ
1204 1801 1316 1837 Πνεῦμά
1331 1802 1404 1828 ἐστιν
1413 1809 1419 1816 ·
1432 1799 1461 1829 οὗ
1472 1802 1500 1828 δὲ
1515 1801 1544 1828 τὸ
1560 1803 1675 1838 Πνεῦμα
1686 1803 1798 1838 Κυρίου,

1008 1847 1067 1872 ἐκεῖ
1088 1846 1238 1882 ἐλευθερία.
1264 1855 1273 1872 ›
1292 1847 1324 1872 Εἰ
1341 1846 1418 1878 τέλος
1441 1847 1523 1881 νόμου
1549 1847 1596 1873 καὶ
1618 1847 1768 1883 προφητῶν
1786 1849 1800 1874 ὁ

1008 1892 1136 1927 Χριστὸς,
1154 1894 1201 1919 καὶ
1216 1893 1266 1919 οὐχ
1281 1892 1501 1919 ἀποκαλύπτεται
1515 1893 1546 1919 τὸ
1562 1893 1698 1928 κάλυμμα
1712 1894 1744 1920 τὸ
1755 1894 1799 1920 ἐπὶ

1008 1939 1041 1972 τῇ
1055 1938 1207 1972 ἀναγνώσει
1221 1935 1405 1972 τῆςθηαλαιᾶς
1420 1938 1565 1974 Διαθήκης,
1581 1939 1604 1964 εἰ
1624 1939 1662 1973 μὴ
1680 1940 1709 1965 ἐν
1728 1939 1799 1973 μὸνε)

1007 1983 1046 2017 τῷ
1069 1983 1178 2018 Χριστῷ
1191 1992 1197 1998 ·
1215 1985 1290 2010 ποῖον
1318 1984 1374 2019 ἔχει
1388 1984 1467 2018 λόγον
1493 1984 1534 2016 τὸ,
1558 1984 1704 2019 ἄνθρωπον
1721 1985 1798 2011 αὐτὸ]

1007 2030 1111 2057 οἴεσθαι
1122 2030 1210 2056 κοινὸν
1226 2031 1370 2065 ὑπάρχειν,
1389 2031 1458 2066 μόνῃ
1472 2032 1505 2066 τῇ
1520 2031 1570 2066 τῆς
1581 2032 1710 2066 υἱότητος
1719 2040 1798 2067 προσ-

1008 2077 1107 2112 ηγορίᾳ
1122 2077 1319 2112 τετιμημένονς
1332 2077 1494 2112 Εὑρίσκεται
1507 2077 1562 2112 γὰρ
1579 2078 1611 2104 ἂν
1629 2077 1718 2109 οὕτως
1728 2078 1797 2112 ἔχει]

1009 2122 1039 2147 τὸ
1051 2121 1100 2156 τῆς
1116 2121 1232 2153 πίστεως
1246 2122 1323 2157 ὴμῶν
1337 2122 1411 2153 τέλος
1425 2122 1475 2148 οὐκ
1484 2123 1524 2154 είς
1532 2122 1598 2148 θεὸν
1613 2123 1727 2157 μᾶλλον,
1742 2123 1796 2149 ἀλλ’

1008 2169 1047 2199 εἰς
1073 2168 1121 2194 ἕνα
1146 2168 1200 2194 τῶν
1227 2168 1288 2195 καθ’
1316 2169 1408 2204 ἡμᾶς’
1442 2168 1510 2203 ὅπερ
1538 2169 1598 2194 ἐστὶ
1615 2168 1672 2194 τῶν
1693 2170 1797 2196 ἀτοπω-

1008 2214 1096 2240 τάτων
1101 2235 1107 2241 .

1041 2269 1049 2286 ι
1062 2261 1092 2286 Εἰ
1103 2260 1131 2286 δὲ
1144 2260 1191 2286 καὶ
1205 2259 1262 2286 ἔστι
1278 2259 1481 2295 κεκαλυμμένον
1497 2260 1527 2286 τὸ
1543 2259 1712 2294 Εὐαγγὲλιον
1722 2260 1796 2295 ἡμῶν

1009 2307 1038 2333 ὲν
1057 2307 1112 2338 τοῖς
1131 2306 1336 2341 ἀπολλυμένοις,
1355 2306 1412 2333 ἔστι
1445 2306 1655 2341 κεκαλυμμένον
1678 2308 1708 2333 ὲν
1729 2304 1770 2337 οἷς
1784 2306 1797 2331 ὸ

1009 2354 1074 2385 Θεὸς
1090 2353 1136 2380 τοῦ
1155 2354 1252 2385 αἰῶνος
1275 2354 1369 2380 τούτου
1385 2353 1523 2386 ἐτύφλωσε
1547 2353 1584 2380 τὰ
1600 2354 1726 2388 νοήματα
1745 2353 1796 2379 τῶν

1010 2399 1142 2430 ἀπίστων,
1159 2400 1198 2430 εἰς
1211 2399 1241 2425 τὸ
1257 2399 1294 2434 μὴ
1308 2400 1423 2434 αὐγάσαι
1439 2400 1484 2426 τὸν
1495 2399 1635 2434 φωτισμὸν
1649 2399 1698 2426 τοῦ
1714 2400 1797 2433 Εὐαγ-

1010 2445 1099 2479 γελιου
1121 2445 1170 2479 τῆς
1186 2445 1264 2479 δόξης
1288 2445 1335 2471 τοῦ
1360 2445 1489 2481 Χριστοῦ,
1506 2446 1536 2476 ὃς
1557 2446 1633 2473 ἐστιν
1657 2444 1740 2471 εἰκὼν
1753 2445 1795 2471 τοῦ

1010 2491 1086 2518 Θεοῦ.
1109 2501 1118 2516 ι
1136 2492 1167 2517 Εἰ
1182 2491 1253 2517 κατά
1276 2500 1307 2525 γε
1322 2492 1351 2518 τό
1364 2501 1419 2518 τισι
1434 2491 1530 2519 δοκοῦν
1545 2492 1635 2523 κοινὸς
1655 2491 1794 2526 ἄνθρωπός

1009 2537 1083 2562 ἐστιν
1094 2537 1108 2562 ὁ
1122 2537 1249 2571 Χριστὸς,
1264 2536 1359 2563 ἐνώσει
1375 2537 1442 2572 μόνῃ
1453 2539 1486 2572 τῇ
1502 2539 1572 2564 κατὰ
1590 2538 1737 2572 πρόσωπον
1749 2537 1794 2571 τὴν

1012 2583 1157 2616 συνάψειεν
1174 2582 1243 2616 ἔχων
1259 2582 1326 2617 πρὸς
1345 2583 1391 2608 τὸν
1413 2584 1445 2609 ἐκ
1460 2583 1527 2610 Θεοῦ
1543 2583 1630 2617 Λόγον
1646 2583 1724 2618 (φασὶ
1744 2583 1794 2617 γὰρ

1010 2628 1094 2659 οὕτως
1109 2627 1197 2663 αὐτοί)
1209 2637 1215 2642 ·
1230 2629 1286 2660 πῶς
1301 2629 1330 2654 ἐν
1342 2630 1398 2661 τοῖς
1407 2629 1607 2664 ἀπολλυμένοις
1620 2629 1792 2663 κεκαλυμμέ-

1012 2683 1055 2701 νον
1070 2675 1128 2700 ﬁcti.
1150 2675 1179 2701 τὸ
1198 2675 1363 2709 Εὑαγγέλιον
1376 2675 1422 2702 τοῦ
1436 2675 1503 2702 Θεοῦ
1519 2683 1556 2708 ι“;
1571 2676 1725 2702 Διάκεινται
1741 2674 1790 2708 γὰρ

1166 2741 1188 2756 ⁸⁵
1203 2739 1223 2767 ll
1237 2742 1300 2768 Cor.
1314 2749 1355 2775 ιιι,
1370 2741 1463 2769 ll-l‘l.
1524 2741 1545 2757 "
1558 2740 1579 2768 II
1596 2740 1660 2768 Cor.
1679 2748 1715 2773 tv,
1732 2739 1758 2767 3.

716 2798 801 2826 Varite
816 2798 944 2827 lectiones
959 2799 1060 2827 codicis
1074 2798 1257 2833 chuicriani.

211 2853 232 2867 ’³
243 2850 336 2878 αὑτοῦ.
