1883 3056
143 129 212 156 ιξιδ

636 130 665 157 S.
686 129 823 158 CYRILLI
840 128 1072 158 ALEXANHRINI
1092 128 1251 157 ARCHIEP.

1706 126 1770 152 ιειι

143 187 234 221 quinm
250 185 347 213 Christi
362 186 393 212 “.
409 195 417 210 ι
435 186 468 212 At
483 186 616 220 quomodo
631 194 736 214 omnem
753 188 921 214 altitudinem

1029 196 1041 213 ι
1059 187 1160 222 τρόπον
1174 186 1378 222 καθαιρήσομεν
1394 186 1448 213 πᾶν
1465 185 1567 221 ὕψωμα
1588 184 1771 220 ἐπαιρόμενον

143 233 272 259 adversus
285 232 330 259 Dei
346 232 484 259 sa-ieutiam
500 240 528 260 se
539 232 714 260 extollentem
728 233 927 261 demolientur?

143 282 190 302 aut
224 284 276 310 qua
304 277 410 302 tandem
443 278 546 303 ratione
570 285 676 304 onmem
705 278 868 305 intellectum
900 279 925 305 in

143 322 244 349 Christi
268 321 426 356 obsequium
445 323 580 356 captivum
603 324 754 350 duremus?
778 325 847 350 Sane
861 323 927 351 Ver-

144 367 206 394 bum
219 372 315 401 sponte
329 375 359 394 se
383 368 541 401 exinanivit,
565 367 636 395 Patri
658 377 742 403 usque
759 370 791 396 ad
814 375 927 396 mortem

144 413 244 439 factum
263 413 392 439 obedieus
405 413 436 440 “.
459 415 571 446 Quando
587 414 668 448 igitur
690 423 721 441 ex
740 415 772 441 iis
792 423 851 446 qua:
867 422 929 449 pro-

144 463 203 493 pter
214 466 334 490 carnem,
344 459 520 494 humaumque
535 465 637 486 natura:
653 460 848 492 inﬁrmitatem,
866 460 919 486 dis-

144 505 302 537 pensatorie
332 505 412 531 abeo
426 505 495 531 dicta
512 505 552 531 Vel
572 505 641 531 facta
662 510 734 537 sntit,
754 506 861 539 quidam
882 506 928 531 ad-

145 556 241 576 versus
260 549 320 577 Filii
338 550 478 577 scientiam
497 559 557 577 sese
572 551 720 585 erigentes,
738 559 799 578 eum
816 551 861 585 qui
880 552 929 578 Ιιιι-

146 602 225 621 mana
240 594 324 622 forma
345 603 374 622 se
397 596 493 627 induit,
514 596 596 622 Deum
614 604 705 622 verum
725 597 929 631 naturalemque

148 641 195 668 Dei
214 641 309 668 Filium
321 650 380 669 esse
400 643 600 673 inﬁciabttntur.
620 648 682 669 tttnc
697 643 802 670 demttm
820 650 929 670 omnem

147 687 317 714 altitudinem
332 695 361 714 se
376 688 532 714 ell'erentem
550 689 771 722 coutprimenuts.
793 690 814 715 si
836 695 929 715 eorum

146 733 192 766 qui
207 732 301 760 isthaec
320 741 414 767 sapere
428 734 607 765 decreverint,
632 733 801 767 opinationes
823 739 930 761 everte-

147 785 222 809 tuus,
243 779 299 813 68
326 786 487 813 omnemque
512 779 678 806 intellectum
710 780 743 806 atl
770 780 930 806 obedientia:

980 231 1049 258 κατὰ
1063 231 1112 266 τῆς
1128 231 1253 265 γνώσεως
1269 231 1316 257 τοῦ
1327 231 1394 258 Θεοῦ
1404 241 1411 264 ;
1423 232 1439 267 ἢ
1452 231 1511 262 πῶς
1526 229 1770 266 αἰχμαλωτιοῦμεν

979 277 1033 302 πᾶν
1047 277 1135 312 νόημα
1148 277 1189 308 είς
1204 277 1252 312 τὴν
1268 277 1392 312 ὑπακοὴν
1405 277 1452 303 τοῦ
1469 276 1607 312 Χριστοῦς
1625 276 1770 302 Κεκὲνωκε

978 323 1032 357 γὰρ
1049 323 1144 349 ἑαυτὸν
1162 324 1175 349 ὁ
1192 323 1276 356 Λόγος
1301 322 1380 355 ἑκὼν,
1397 322 1445 350 καὶ
1457 323 1570 357 γέγονεν
1587 323 1712 357 ὑπήκοος
1733 322 1770 356 τῷ

982 367 1071 402 Πατρὶ
1086 368 1167 402 μέχρι
1182 367 1394 394 θανάτου.”οτιιν
1408 368 1498 394 τοίνυν
1519 368 1551 393 ἐκ
1566 367 1619 394 τῶν
1634 367 1770 400 οἰκονομι-

980 413 1036 444 κῶς
1051 413 1068 448 ἢ
1082 413 1283 448 πεπραγμένων
1298 413 1314 448 ἢ
1332 414 1494 449 εἰρημένων,
1508 413 1552 439 διά
1566 421 1598 446 γε
1614 412 1665 447 τὴν
1680 412 1770 444 σάρκα

979 460 1026 485 καὶ
1047 459 1076 485 τὸ
1095 459 1274 494 ἀνθρώπινον,
1290 458 1509 494 κατεπαίρωνταί
1529 467 1603 490 τινες
1627 457 1679 491 τῆς
1703 456 1772 490 γ’κῦ·

983 513 1050 535 σεως
1074 504 1120 531 τοῦ
1137 505 1212 536 Υἱοῦ,
1237 505 1364 538 λέγοντες
1381 505 1431 531 οὐκ
1446 502 1516 530 εἶναι
1535 504 1602 530 Θεὸν
1617 502 1707 536 ἀληθῆ
1725 502 1772 527 καὶ

982 551 1046 577 Υἰὸν
1063 550 1133 577 κατὰ
1150 549 1229 584 φύσιν
1243 551 1289 577 τὸν
1305 552 1334 576 ὲν
1351 550 1509 585 ἀνθρωπεία
1525 548 1701 584 μορφῇ’τότε
1717 548 1771 573 πεῖν

982 597 1081 632 ὕψωμα
1098 597 1277 632 ἐπαιρόμενον
1300 596 1512 631 καθαιρήσομεν,
1527 595 1577 627 τὰς
1599 595 1656 620 τῶν
1678 594 1774 619 ἐκεῖνα

979 643 1077 676 φωνεῖν
1093 642 1237 677 ᾑρημένων
1253 641 1451 676 ἀνατρέποντες
1463 641 1552 673 δόξεις,
1569 639 1616 666 καί⁸
1639 638 1770 673 περιτρέ-

978 697 1074 720 ποντες
1088 689 1141 715 πᾶν
1160 688 1249 723 νόημα
1268 688 1308 719 εἰς
1327 687 1376 722 τὴν
1389 687 1439 721 τῆς
1458 685 1582 721 ὑπακοῆς
1599 683 1770 716 οἰκονομίαν.

978 735 1024 760 Δεῖ
1039 734 1093 769 γὰρ
1108 735 1137 760 ὲν
1150 735 1205 765 τοῖς
1224 733 1274 767 τῆς
1290 732 1499 767 ἀνθρωπὸτητος
1518 731 1628 767 μέτροις
1641 730 1774 764 γεγονότα

978 780 1024 806 τὸν
1039 780 1103 806 Υίὸν
1120 779 1156 814 μὴ
1172 778 1364 814 παραιτεῖσθαι
1376 778 1410 804 τὰ
1425 777 1594 814 ἀνθρώπινα.

146 824 373 857 dispensationem
387 829 587 851 convertemus.
607 825 717 858 Oportet
733 826 804 852 enim
821 825 929 858 Filium,
949 826 994 860 qui
1010 826 1035 852 in
1053 826 1177 853 humana:
1194 830 1298 852 natura:
1332 831 1457 852 mensura
1492 828 1619 858 statuque
1634 821 1773 856 apparuit,

147 876 206 903 qua:
222 870 346 896 hutnanze
363 875 464 896 natura:
479 870 588 904 propria
603 874 676 902 sunt,
692 877 744 896 non
761 870 893 897 aversari.

354 924 395 952 Ea:
416 925 534 960 Epistola
552 928 586 954 ad
606 927 729 956 Galatas.

185 988 195 1005 ι
212 979 268 1014 Ego
281 979 352 1006 enim
369 988 417 1014 per
433 981 517 1016 legem
534 982 583 1015 legi
599 988 719 1010 mortuus
741 991 813 1015 sum.
834 989 861 1012 nt
879 984 932 1013 Deo

147 1025 256 1050 vivam:
277 1024 385 1051 Cltristo
410 1026 534 1052 conﬁxus
559 1034 617 1054 sum
647 1028 733 1055 cruci.
751 1027 819 1056 Vivo
842 1035 931 1056 autem

145 1070 201 1104 jam
222 1077 274 1096 non
292 1078 352 1104 ego,
369 1070 435 1097 vivit
447 1079 510 1098 vero
535 1072 560 1098 in
582 1081 625 1100 me
638 1073 771 1101 Christus.
788 1075 864 1108 Quod
885 1083 934 1102 au-

149 1120 202 1142 tem
218 1123 288 1143 nunc
305 1117 364 1143 vivo
381 1117 407 1143 in
424 1125 516 1150 cartte,
533 1118 559 1144 in
577 1119 630 1146 ﬁde
645 1120 706 1146 vivo
722 1119 783 1147 Filii
805 1120 870 1153 Dei,
886 1122 931 1156 qui

151 1161 246 1188 dilexit
266 1169 327 1193 me,
359 1167 386 1188 et
406 1163 516 1189 tradidit
538 1164 712 1198 semetipsum
734 1173 782 1200 pro
811 1174 853 1194 me
865 1167 897 1194 “.
921 1176 930 1194 ι

149 1207 218 1240 Quid
233 1207 338 1235 divinus
355 1207 452 1235 Paulus
469 1210 520 1236 hoc
537 1210 597 1237 loco
618 1211 707 1243 dicat,
723 1212 866 1247 diligenter
888 1222 935 1241 ex-

149 1253 317 1287 pendettdum
332 1259 384 1281 est.
406 1253 461 1282 Lex
483 1263 563 1289 qttatn
583 1257 652 1284 Deus
674 1258 866 1292 prophetarum
887 1267 936 1287 ore

150 1299 382 1334 promulgaverat,
396 1301 528 1333 ejusmodi
551 1307 631 1329 erat:
651 1311 660 1328 ι
677 1302 772 1332 Justus
793 1311 883 1332 autent
900 1313 934 1333 ex

150 1345 202 1372 ﬁde
231 1345 304 1372 vivet
318 1346 351 1373 ⁵⁷.
372 1355 381 1372 ι
402 1346 467 1374 Erat
495 1352 523 1374 et
553 1355 601 1381 per
627 1348 736 1384 Moysen
761 1357 868 1385 quoque
892 1350 935 1378 lex

151 1392 214 1420 lata.
235 1390 281 1418 Ait
301 1399 387 1427 ergo:
408 1392 483 1420 Fidei
506 1393 592 1428 legem
615 1395 781 1430 complexus,
804 1397 854 1432 legi
877 1397 935 1424 Mo-

150 1437 229 1465 saicae
253 1442 374 1465 tnortuus
399 1446 480 1472 sum;
504 1439 556 1467 hoc
577 1447 629 1474 est,
653 1448 712 1476 qua:
730 1443 866 1470 veteribus
890 1451 937 1477 per

151 1484 262 1510 umbras
277 1489 304 1510 et
322 1485 421 1518 ﬁguras
441 1486 572 1519 pra-ﬁnita
588 1492 681 1519 erant,
698 1495 729 1514 ea
751 1489 865 1523 amplius
882 1497 936 1516 non

153 1533 262 1561 praesto.
276 1529 332 1556 lloc
348 1532 434 1565 ipsum
450 1532 522 1558 enim
544 1537 585 1560 est
606 1533 655 1568 legi
672 1533 797 1562 Mosaicae
818 1541 937 1563 tnortuos

152 1582 222 1607 esse,
247 1582 301 1609 quo
317 1574 444 1602 nimirum
461 1576 521 1603 lidei
536 1585 595 1612 qua:
615 1578 640 1605 in
654 1578 792 1605 Christum
812 1585 870 1611 est.
890 1581 938 1608 ad-

154 1620 287 1647 lnerentes
306 1621 361 1647 Deo
375 1621 506 1648 vivamus.
526 1623 591 1649 Cum
619 1623 701 1658 igitur
714 1624 936 1657 jnstiﬁcatiouem

153 1676 213 1701 ultae
228 1676 277 1703 per
286 1668 424 1696 Christum
439 1669 563 1703 contigit,
582 1671 712 1704 potiorem
733 1671 870 1703 ducentes,
887 1671 936 1707 legi

153 1714 277 1742 Mosaicae
298 1715 474 1747 emoriantur,
510 1722 563 1748 qua
596 1716 699 1743 ratione
721 1716 862 1749 Christus,
891 1724 938 1751 per

153 1769 233 1795 quem
259 1762 299 1788 lex
325 1766 451 1796 tanquam
478 1761 530 1788 ﬁde
548 1761 681 1788 inﬁrmior
698 1767 861 1796 evacuatur,
883 1771 937 1789 non

153 1807 205 1833 erit
230 1806 322 1833 Deus?
347 1806 423 1839 Quod
452 1807 474 1833 si
500 1814 563 1834 vero
587 1807 710 1834 Christus
730 1809 809 1835 homo
834 1813 937 1835 tantum

154 1856 223 1883 erat,
248 1852 382 1886 quomodo
408 1852 473 1880 ﬁdes
493 1852 526 1888 lin
551 1853 638 1887 ipsum
662 1853 719 1888 ipsa
742 1853 800 1888 lege
816 1855 939 1888 superior

155 1898 256 1925 evasit?

193 1953 203 1969 ι
229 1943 279 1977 Qui
298 1951 363 1978 ergo
384 1944 478 1972 tribuit
500 1944 576 1972 nobis
595 1944 742 1979 Spiritum,
766 1951 793 1973 et
813 1951 940 1980 operatur

155 1990 270 2016 virtutes
287 1989 313 2016 in
328 1990 405 2017 nobis
417 2011 423 2020 ,
439 1998 470 2017 ex
488 1992 615 2023 operibus
639 1992 714 2026 legis,
735 1999 768 2018 an
794 1999 827 2018 ex
847 1992 940 2019 auditu

157 2034 218 2061 lidei
231 2033 271 2060 ‘3?
290 2044 299 2060 ι
318 2033 345 2060 Si
365 2035 406 2062 lex
423 2034 551 2066 Mosaica,
571 2036 676 2062 tametsi
697 2036 741 2063 Dei
757 2035 799 2062 lex
813 2040 895 2067 esset,
911 2040 939 2063 et

156 2080 191 2107 ab
206 2080 308 2115 angelis
322 2081 489 2115 promulgata
503 2085 586 2113 esset,
602 2089 654 2108 non
667 2081 855 2108 subministrat
880 2081 941 2116 Spi-

158 2127 239 2154 ritum
255 2132 393 2159 sanctum,
410 2134 497 2161 neque
514 2126 560 2153 ulli
578 2134 638 2153 eam
655 2126 789 2161 impertita
812 2131 854 2153 est
870 2126 939 2159 vim,

159 2177 188 2199 ut
211 2172 341 2200 miracula
365 2178 521 2207 perpetrare
544 2176 654 2206 posset;
678 2179 725 2206 per
750 2172 828 2199 Iidem
851 2176 940 2198 autem

158 2226 217 2252 qua:
233 2223 274 2245 est
295 2219 321 2245 in
336 2218 482 2249 Christum,
499 2218 669 2252 assequimur
689 2222 832 2251 utrumque
846 2225 852 2243 :
875 2224 942 2250 quo-

1187 930 1235 956 Ἐκ
1254 928 1308 963 τῆς
1327 928 1402 962 πρὸς
1420 927 1569 960 Γαλάτας.

1019 985 1110 1020 (Ἐγὼ
1134 984 1188 1020 γὰρ
1212 985 1256 1012 διὰ
1280 985 1364 1019 νόμου
1388 984 1463 1019 νόμῳ
1476 983 1622 1015 ἀπέθανον,
1644 983 1690 1009 ἵνα
1714 981 1776 1016 Θεῴ

983 1032 1016 1067 ζή
1023 1040 1059 1058 σω
1074 1039 1080 1045 ·
1093 1030 1203 1067 Χριστῷ
1225 1030 1458 1065 συνεσταύρωμαι.
1475 1029 1517 1056 Ζῶ
1533 1029 1562 1055 δὲ
1577 1029 1628 1055 οὐκ
1650 1029 1691 1054 ἔτι
1706 1027 1774 1061 ἐγὼ,

983 1076 1016 1112 ζῇ
1034 1077 1062 1103 δὲ
1085 1077 1114 1103 ὲν
1139 1078 1200 1112 ἐμοὶ
1216 1076 1380 1112 Χριστός,“(ὶ
1396 1076 1425 1102 δὲ
1447 1075 1494 1102 νῦν
1517 1075 1556 1107 ζῶ
1580 1076 1610 1102 ὲν
1634 1074 1730 1110 σαρκὶ,
1745 1075 1775 1100 ἐν

984 1122 1074 1148 πίστει
1099 1121 1138 1153 ζῶ
1155 1123 1188 1157 τῇ
1206 1120 1271 1147 Υἰοῦ
1288 1120 1334 1147 τοῦ
1352 1120 1430 1153 Θεοῦ⁹
1446 1120 1493 1146 τοῦ
1514 1119 1711 1154 ἀγαπήσαντός
1729 1127 1773 1153 με,

984 1168 1031 1195 καὶ
1047 1168 1211 1203 παραδόντος
1225 1169 1321 1195 ἑαυτὸν
1334 1168 1405 1203 ὑπὲρ
1422 1167 1489 1201 ἐμοῦ
1500 1171 1522 1194 ο.
1538 1177 1548 1193 ι
1565 1167 1598 1193 Τί
1610 1167 1639 1193 δὲ
1653 1166 1708 1201 ἄρα
1722 1175 1774 1200 φη-

985 1214 1028 1240 σὶν
1041 1215 1070 1240 έν
1085 1213 1191 1245 τούτοις
1214 1213 1228 1239 ὁ
1249 1213 1392 1245 θεσπέσιος
1414 1213 1529 1243 Παῦλος,
1545 1212 1668 1238 κατιδεῖν
1689 1212 1776 1244 ἀναγ-

985 1260 1073 1286 καῖον.
1089 1259 1180 1294 Νόμος
1192 1259 1313 1285 τέθειται
1330 1258 1407 1294 παρὰ
1423 1257 1489 1285 Θεοῦ
1503 1257 1547 1284 διὰ
1558 1257 1652 1291 φωνῆς
1667 1265 1775 1291 προφη-

985 1304 1049 1336 τῶν,
1065 1305 1111 1330 καὶ
1128 1302 1162 1340 ἦν
1175 1301 1251 1335 οὗτος
1260 1312 1266 1319 ·
1287 1314 1295 1330 ι
1306 1304 1335 1330 Ὀ
1348 1303 1376 1330 δὲ
1389 1303 1493 1335 δίκαιος
1514 1303 1547 1329 ὲκ
1561 1302 1679 1333 πίστεως
1694 1301 1776 1336 ζήσε-

985 1359 1040 1378 ται.
1055 1360 1064 1376 ι
1097 1350 1221 1377 Τέϐειται
1247 1350 1275 1377 δὲ
1300 1350 1348 1376 καὶ
1372 1349 1454 1384 νόμος
1476 1349 1521 1375 διὰ
1540 1348 1675 1380 Μωσέως.
1689 1347 1774 1381 Νόμῳ

985 1395 1075 1423 τοίνυν
1087 1395 1126 1431 τῷ
1139 1395 1188 1430 τῆς
1204 1395 1330 1427 πίστεως,
1346 1394 1438 1430 φησὶν,
1453 1393 1653 1428 ἀκολουθήσας,
1671 1392 1776 1419 ἀπέθα-

986 1450 1030 1469 νον
1046 1443 1085 1477 τῷ
1097 1441 1172 1476 νόμῳ
1188 1441 1226 1476 τῷ
1243 1441 1287 1467 διὰ
1299 1441 1420 1472 Μωσέως
1431 1459 1439 1471 ,
1455 1440 1504 1466 οὐκ
1518 1440 1672 1474 ἐνεργήσας
1682 1439 1730 1464 ὲπὶ
1742 1437 1775 1464 τὰ

986 1486 1023 1519 ὡς
1043 1488 1072 1513 ἐν
1095 1487 1159 1522 σκιᾷ.
1183 1487 1230 1513 καὶ
1248 1486 1342 1517 τύποις
1365 1485 1530 1520 διωρισμένα
1553 1485 1612 1515 τοῖς
1638 1483 1774 1519 ἀρχαίοις.

988 1532 1073 1558 Τοῦτο
1087 1532 1142 1567 γάρ
1156 1533 1214 1558 ἐστι
1230 1532 1271 1565 τὸ,
1285 1531 1360 1566 νόμῳ
1372 1530 1410 1565 τῷ
1423 1530 1466 1557 διὰ
1479 1529 1601 1560 Μωσέως
1616 1528 1775 1559 ἀποθανεῖν,

951 1593 972 1621 C
989 1578 1033 1605 ἴνα
1057 1578 1116 1613 Θεῴ
1139 1578 1264 1612 ζήσωμεν
1278 1597 1285 1609 ,
1312 1578 1345 1612 τῇ
1371 1577 1411 1608 εἰς
1434 1575 1551 1610 Χριστὸν
1579 1575 1777 1610 προσκείμενοι

991 1624 1160 1650 πίστει.”οτε
1182 1623 1272 1650 τοίνυν
1299 1622 1508 1657 ἀποθνήσκομεν
1530 1621 1570 1656 τῷ
1588 1620 1632 1647 διὰ
1654 1621 1776 1650 Μωσέως

990 1668 1074 1703 νόμῳ,
1091 1668 1139 1701 τὴν
1163 1668 1193 1694 ἐν
1216 1667 1326 1703 Χριστῷ
1343 1667 1530 1702 προτιμῶντες
1547 1666 1699 1696 δικαίωσιν,
1719 1664 1776 1695 πῶς

990 1715 1021 1741 οὐ
1045 1714 1110 1746 Θεὸς
1134 1716 1148 1740 ὁ
1168 1715 1295 1749 Χριστὸς,
1322 1714 1354 1739 δι’
1368 1713 1397 1739 ὃν
1425 1713 1603 1748 καταργεῖται
1628 1710 1776 1745 νόμος,,ὠ;

990 1760 1170 1796 διαφερούσης
1193 1760 1274 1787 αὑτοῦ
1299 1759 1348 1794 τῆς
1371 1759 1505 1791 πίστεως;
1525 1758 1556 1784 El.
1580 1758 1608 1784 δὲ
1633 1757 1777 1793 ἄνθρωπος

992 1807 1084 1838 ἁπλῶς
1107 1805 1141 1842 ἦν
1162 1808 1176 1833 ὁ
1198 1805 1324 1841 Χριστὸς,
1347 1805 1404 1836 πῶς
1429 1805 1461 1831 ἂν
1487 1804 1595 1838 ἐγένετο
1621 1804 1668 1830 καὶ
1694 1803 1776 1837 νόμον

992 1854 1123 1888 κρείττων
1138 1854 1155 1888 ἡ
1169 1853 1260 1883 πίστις
1274 1853 1291 1887 ἡ
1307 1853 1346 1883 εἰς
1357 1851 1457 1885 αὑτὸν;

1032 1956 1041 1971 ι
1053 1946 1081 1971 '0
1096 1943 1142 1972 οὖν
1156 1943 1328 1979 ἐπιχορηγῶν
1338 1943 1403 1978 ἡμῖν
1416 1942 1445 1968 τὸ
1460 1941 1580 1976 Πνεῦμα,
1595 1941 1644 1967 καὶ
1659 1940 1778 1975 ἐνεργῶν

993 1992 1131 2026 δυνάμεις,
1148 1989 1178 2022 ἐξ
1191 1990 1278 2025 ἔργων
1297 1989 1392 2024 νόμου,
1412 1988 1428 2023 ἣ
1452 1987 1482 2019 ἐξ
1507 1987 1591 2020 ἀκοῆς
1615 1986 1751 2016 πίστεωςς
1766 1994 1775 2009 ι

993 2038 1025 2064 Ei
1041 2038 1054 2062 ὁ
1068 2036 1149 2071 νόμος
1165 2036 1179 2061 ὁ
1202 2034 1246 2060 διὰ
1268 2033 1400 2064 Μωσέως,
1421 2032 1510 2058 καίτοι
1533 2031 1601 2058 Θεοῦ
1624 2032 1707 2065 νόμος
1731 2030 1777 2061 ῶν,

994 2083 1041 2109 καὶ
1063 2081 1189 2115 λαληθεὶς
1213 2080 1245 2106 δι’
1262 2079 1394 2113 ἀγγέλων,
1410 2078 1461 2104 οὐκ
1476 2077 1532 2112 ἔχει
1553 2077 1602 2112 τὴν
1628 2076 1677 2102 τοῦ
1703 2076 1779 2109 ἁγίου

995 2127 1153 2161 Πνεύματος
1166 2125 1307 2161 χορηγίαν,
1321 2123 1382 2150 οὒτε
1401 2123 1453 2158 μὴν
1476 2121 1645 2158 προύξένησέ
1671 2130 1727 2147 τισι
1751 2121 1780 2146 τὸ

995 2174 1116 2208 ἐνεργεῖν
1130 2171 1259 2198 δύνασθαι
1273 2170 1308 2196 τὰ
1328 2169 1465 2206 παράδοξα
1476 2189 1484 2201 ,
1502 2167 1681 2204 κερδαίνομεν
1699 2167 1728 2193 δὲ
1739 2167 1781 2194 διὰ

995 2221 1043 2255 τῆς
1063 2219 1181 2250 πίστεως
1194 2218 1243 2252 τῆς
1258 2218 1297 2248 εἰς
1310 2215 1428 2251 Χριστὸν
1441 2215 1583 2250 ἀμφότερα
1593 2223 1600 2229 ·
1617 2213 1676 2245 πῶς
1690 2214 1741 2240 οὐκ
1754 2215 1781 2238 ὲν

158 2263 238 2290 modo
252 2263 316 2290 ﬁdes
331 2263 440 2298 antiqua
459 2263 516 2296 lege
533 2271 585 2289 non
607 2268 647 2290 est
670 2262 857 2297 prmstantinr?
870 2261 926 2288 Rur

1029 2266 1133 2292 ;sivoatv
1148 2265 1164 2299 ἡ
1180 2263 1271 2295 πίστις
1290 2262 1336 2288 τοῦ
1363 2261 1477 2289 παλαιοῦ
1499 2261 1600 2295 νόμου;
1618 2261 1674 2286 Καὶ
1691 2261 1716 2286 εἰ
1735 2260 1781 2286 ἄν·

158 2316 217 2334 sunt
244 2308 266 2334 si
287 2308 367 2336 homo
389 2312 448 2336 erat
473 2309 597 2336 Christus
613 2309 687 2336 nulla
711 2317 743 2336 ex
759 2315 835 2344 parte
850 2310 944 2343 ,ttostri

158 2353 307 2385 dissimilis,
332 2354 377 2388 qui
397 2354 456 2381 ﬁeri
472 2355 570 2389 potuit,
585 2360 614 2382 ut,
629 2355 695 2382 lides
715 2355 741 2381 in
766 2354 853 2389 ipsutn
875 2355 944 2382 divi-

159 2408 220 2426 nant
236 2399 321 2434 legem
336 2400 508 2428 aboleverit?
531 2402 559 2428 Si
582 2401 644 2428 item
661 2408 708 2435 per
732 2401 810 2428 tidetn
834 2400 943 2434 majori-

159 2446 209 2473 bus
237 2446 316 2474 bonis
341 2447 514 2481 perfruimur,
538 2455 618 2482 quant
641 2449 686 2482 qui
715 2455 763 2480 per
784 2447 810 2474 id
837 2451 943 2480 tempus

159 2494 260 2525 vixere,
280 2501 333 2527 quo
351 2493 394 2520 lex
417 2501 493 2520 suam
513 2494 602 2520 adhuc
620 2494 673 2520 vim
697 2493 846 2525 obtinebat,
872 2499 942 2527 quo-

161 2538 240 2564 tuodo
255 2537 379 2564 Christus
395 2546 447 2564 non
463 2542 505 2565 est
518 2537 609 2564 Deus?

199 2591 209 2609 ι
227 2582 304 2610 l‘rius
321 2588 411 2610 autem
425 2591 505 2617 quam
528 2583 632 2610 veniret
648 2582 730 2616 ﬁdes,
746 2582 795 2610 sub
819 2582 877 2617 lege
899 2589 946 2609 cu-

997 2311 1104 2346 θρωπος
1118 2307 1151 2344 ἦν
1164 2308 1258 2339 ἁπλῶς
1272 2307 1334 2334 καθ’
1350 2308 1433 2342 ἡμᾶς,
1452 2306 1510 2338 πῶς
1533 2305 1605 2332 θεῖον
1620 2306 1782 2339 κατήργησε

996 2358 1078 2391 νόμον
1093 2356 1109 2391 ὴ
1126 2356 1216 2386 πίστις
1230 2355 1246 2390 ή
1261 2355 1300 2385 εἰς
1314 2353 1412 2385 αὑτόν;
1429 2353 1483 2379 Καὶ
1503 2352 1527 2378 εἰ
1550 2351 1636 2386 ἐσμὲν
1653 2351 1683 2376 ὲν
1705 2350 1782 2385 ἀμεί-

995 2409 1069 2428 νοσιν
1083 2401 1108 2426 οἱ
1118 2399 1162 2426 διὰ
1174 2399 1292 2430 πίστεως
1307 2398 1418 2433 μᾶλλον,
1430 2398 1446 2432 ἢ
1458 2397 1538 2432 οἵπερ
1547 2394 1616 2431 ἦσαν
1630 2396 1697 2426 ἴσως
1718 2395 1782 2421 κατ’

996 2446 1116 2476 ἐκείνους
1133 2445 1196 2476 τοὺς
1211 2444 1333 2479 καιροὺς,
1349 2443 1409 2470 καθ’
1425 2442 1472 2474 οὓς
1489 2440 1523 2477 ἦν
1539 2443 1552 2468 ὁ
1568 2442 1664 2476 νόμος⁸
1680 2439 1739 2472 πῶς
1752 2440 1781 2466 οὐ

997 2492 1062 2523 Θεὸς
1080 2493 1093 2518 ὀ
1104 2490 1235 2526 Χριστὸςς

1038 2589 1047 2606 ι
1063 2579 1118 2614 Πρὸ
1131 2579 1159 2605 δὲ
1170 2578 1218 2605 τοῦ
1236 2577 1321 2605 ἐλθεῖν
1334 2577 1382 2612 τὴν
1396 2575 1504 2607 πίστιν,
1519 2574 1571 2600 ὑπὸ
1591 2572 1674 2608 νόμον
1689 2573 1780 2608 ἐφρου-

197 2670 221 2686 ⁵¹³
241 2669 263 2697 ll
276 2670 337 2698 Cor.
351 2679 378 2703 ι,
391 2672 418 2698 5.
457 2671 479 2687 ⁸⁵
496 2671 611 2706 Philipp.
629 2677 658 2702 tt,
675 2670 701 2701 7,
723 2669 750 2697 8.
789 2670 812 2685 “
832 2668 919 2696 Galat.

1040 2668 1087 2694 ‘20.
1126 2667 1148 2683 "
1167 2666 1267 2694 llabac.
1290 2674 1318 2698 ιι,
1334 2665 1360 2692 4.
1399 2663 1422 2679 ⁸⁸
1438 2664 1528 2691 Ο.ιι;ιι.
1546 2670 1590 2694 ιιι,
1629 2661 1657 2689 5.

699 2746 786 2774 Varia:
804 2747 932 2774 lectiones
947 2745 1046 2774 codicis
1063 2744 1239 2780 Seguicriani.

207 2817 219 2830 ⁶
239 2814 324 2848 ἡμῶν.
