1883 3056
116 151 189 180 1215

664 150 714 178 DE-
728 151 842 180 RECTA
862 152 942 180 FIDE
961 152 1006 179 AD
1025 151 1186 180 REGINAS.

1676 149 1744 177 1256

116 211 252 248 ρούμεθα,
269 211 476 247 συγκλειόμενοι
503 211 542 243 εἰς
570 211 620 247 τὴν
649 212 799 248 μέλλουσαν
817 214 908 241 πίστιν

999 215 1156 246 ιάἱειιιιηιυν,
1173 210 1292 241 conclusi
1308 210 1334 237 in
1349 217 1409 237 eam
1428 208 1518 239 ﬁdem,
1530 215 1589 242 quae
1601 207 1742 234 revelanda

114 257 360 292 ἀποκαλυφθῆναι·
385 256 455 283 ὥστε
481 258 496 284 ὁ
520 257 603 293 νόμος
628 258 802 292 παιδαγωγὸς
826 260 904 295 ἡμῶν

114 304 229 338 γέγονεν
252 303 292 334 εἰς
316 302 443 338 Χριστὸν,
461 302 505 330 ἵνα
522 304 554 330 ὲκ
568 303 686 336 πίστεως
704 305 902 341 δικαιωθῶμεν.

123 348 269 383 Ἐλθούσης
282 348 311 374 δὲ
324 347 374 383 τῆς
388 348 505 380 πίστεως
515 369 522 381 ,
535 349 584 376 οὐκ
598 349 638 376 ἔτι
660 350 711 376 ὑπὸ
735 350 906 385 παιδαγωγόν

116 394 213 429 ἐσμεν.
230 394 334 424 Πάντες
357 392 411 428 γὰρ
431 393 484 419 υἱοὶ
506 393 573 419 Θεοῦ
591 394 652 420 ἐστε
667 394 712 420 διὰ
727 394 777 430 τῆς
790 394 907 427 πίστεως

116 440 147 466 ὲν
171 438 282 475 Χριστῷ
306 438 487 474 Ἰησοῦ.”οσοι
506 439 561 475 γὰρ
586 440 626 471 είς
652 440 770 475 Χριστὸν
793 440 907 467 ἐϐαπτί-

121 484 215 519 σθητε,
237 484 353 519 Χριστὸν
375 483 572 520 ὲν[ε]δύσασθε.
589 493 598 510 ι
617 485 648 511 ΕΞ
661 485 834 519 παιδαγωγὸς
845 483 879 520 ἦν
893 486 907 512 ὁ

117 529 211 565 νόμος,
226 530 278 556 οὐκ
293 529 335 563 ἐφ’
348 530 441 562 ἕτερον
455 529 610 564 ἀναφέρων,
629 530 698 566 πλὴν
712 530 753 556 ὅτι
767 530 848 564 μόνον
861 530 908 556 ἐπὶ

118 576 248 611 Χριστὸν,
268 575 358 601 καίτοι
371 575 419 609 τῆς
432 574 550 609 ἀληθοῦς
572 575 737 609 θεογνωσίας
749 576 909 607 διδάσκαλος

117 620 167 653 ὢν,
184 621 243 652 πῶς
265 620 296 647 οὑ
319 620 384 652 Θεὸς
408 621 422 646 ὁ
444 621 578 656 Χριστός;
604 621 659 648 Καὶ
680 622 704 647 εἰ
731 622 908 656 καταργεῖται

117 666 201 700 νόμος
222 666 266 692 διὰ
290 666 340 701 τῆς
361 666 480 698 πίστεως
503 667 551 702 τῆς
575 667 615 698 εἰς
630 667 721 699 αὐτὸν,
739 668 785 693 καὶ
806 667 835 693 τὸ
858 667 908 702 τῆς

119 712 310 747 παιδαγωγίας
338 712 413 748 αὐτῷ
439 712 516 744 τέλος
542 713 736 748 παραδίδωσιν,
752 713 790 744 ὡς
816 713 857 744 εἰς
878 713 909 739 τὺ

117 759 204 794 ἀκρον
216 759 317 791 ἀγαθὸν
331 759 474 794 ἀναφέρων
488 759 551 791 τοὺς
566 759 857 794 παιδαγωγουμένους·
877 758 909 785 τὸ

117 803 148 830 δὲ
165 805 204 836 εις
220 804 297 839 λῆξιν
309 804 409 838 ἀγαθὸν
422 805 465 839 εῐη
479 804 512 831 ἂν
527 804 619 840 ἕτερον
634 804 711 830 οὐδὲν
727 804 802 840 παρά
814 813 846 838 γε
859 803 908 839 τὴν

117 847 169 884 τῆς
181 849 297 885 ἀληθοῦς
317 849 482 884 οεογνωσίας
498 849 618 885 εἴδησιν·
638 849 697 881 πῶς
712 848 744 875 ἂν
761 848 908 875 ὲνδοιάσειέ

958 267 1027 290 erat.
1044 261 1136 295 Itaque
1150 259 1192 287 lex
1209 260 1371 293 pwdagogus
1385 255 1442 290 69
1457 258 1547 281 noster
1563 254 1613 280 fuit
1629 253 1654 280 in
1670 252 1744 280 Chri-

958 312 1012 339 sto,
1026 311 1054 334 ut
1069 315 1102 334 ex
1122 305 1173 333 title
1185 304 1375 339 justiﬁeemur.
1393 303 1428 330 At
1445 303 1488 329 ubi
1510 302 1582 330 venit
1605 301 1670 328 ﬁdes
1689 301 1744 335 jam

957 360 1010 380 non
1034 359 1127 379 smnus
1150 351 1201 378 sub
1227 350 1391 384 paedagogo:
1415 356 1509 376 omnes
1528 348 1598 375 cutim
1624 348 1670 374 ﬁlii
1696 347 1743 374 Dei

957 398 1023 425 estis
1036 405 1084 432 per
1108 397 1186 424 tidem
1212 397 1237 423 iu
1257 395 1365 423 Christo
1385 394 1459 422 Jesu.
1490 394 1649 427 Quicunque
1672 393 1743 419 enim

958 444 984 471 in
1005 443 1113 470 Christo
1129 441 1255 476 baptizari
1275 440 1354 473 estis,
1379 439 1517 467 Christmu
1542 438 1669 465 induistis
1681 438 1715 464 ".
1731 447 1740 463 ι

958 489 987 515 Si
1005 488 1046 515 lex
1061 488 1221 522 paedagogus
1233 491 1302 518 eral,
1317 485 1387 513 haud
1401 486 1434 511 ad
1450 484 1532 511 alium
1552 491 1601 511 uos
1626 484 1745 517 dirigens

957 541 1039 568 quam
1054 534 1088 560 ad
1102 533 1188 560 solum
1206 532 1358 564 Christum,
1372 531 1497 565 quamvis
1513 530 1560 557 Dei
1583 530 1744 564 cognitionis

958 583 1031 606 esset
1053 578 1191 612 magistra,
1208 578 1344 612 quomodo
1370 577 1494 604 Christus
1519 584 1572 602 non
1595 581 1636 603 est
1655 575 1744 602 Deus?

959 624 1076 651 Rursum
1090 625 1111 651 si
1127 625 1168 651 lex
1183 631 1230 659 per
1247 624 1337 656 iidem,
1352 631 1413 658 quae
1427 627 1469 649 est
1489 622 1515 649 in
1540 622 1637 656 ipsum,
1654 621 1744 648 abole-

959 674 1015 702 tur,
1025 670 1204 703 eamdemque
1215 677 1229 695 a
1242 668 1403 703 padagogia‘.
1414 674 1528 694 munere
1540 666 1655 693 absolvit
1667 665 1743 696 fides,

960 719 1086 748 tauquam
1107 721 1167 748 qua:
1191 713 1328 741 institutos
1351 714 1384 740 ad
1413 719 1549 740 summum
1571 711 1627 746 jam
1645 711 1743 739 bonum

959 760 1099 798 evexerit;
1132 767 1268 786 sunnnum
1291 764 1380 786 autem
1407 759 1507 785 bonum
1531 765 1583 784 non
1609 760 1650 784 est
1672 756 1744 782 aliud

959 813 1040 840 quam
1066 805 1184 839 perfecta
1207 805 1330 832 veritatis
1354 804 1505 838 divimeque
1536 803 1639 830 notitire
1658 802 1745 829 scien-

960 851 1022 877 tia:
1053 850 1096 877 cui
1123 850 1279 883 ambiguum
1301 857 1361 877 esse
1384 854 1492 884 potest,
1524 849 1588 883 quin
1616 848 1686 874 Deus
1710 847 1746 874 sit

116 903 173 927 τις,
188 895 228 922 ὅτι
242 895 307 926 Θεός
322 896 380 921 ἐστι
393 903 399 928 ;
415 895 611 930 Βαπτιζόμενοι
626 895 654 922 δὲ
672 895 711 925 εἰς
730 895 850 932 Πατέρα,
861 894 908 920 καὶ

1002 895 1106 923 ristus?
1128 895 1259 929 Baptizati
1284 900 1376 921 autem
1396 893 1423 921 in
1445 893 1571 925 Patrem,
1587 898 1612 919 et
1636 892 1745 922 Filium.

117 941 194 973 Υἱὸν,
209 941 254 968 καὶ
270 942 346 975 ἆγιον
364 940 488 976 Πνεῦμα,
507 940 565 972 πῶς
586 941 625 972 εἰς
643 940 761 974 Χριστὸν
780 938 910 975 βεϐαπτίο

119 986 220 1021 σμεθα,
235 987 312 1021 εἴπερ
323 986 398 1012 ἐστὶν
412 986 460 1021 οὐχ
476 986 540 1017 Υἱὸς
553 985 665 1021 ἀληθὴς,
676 985 765 1012 καίτοι
780 984 826 1011 τοῦ
839 984 910 1011 κατὰ

118 1033 201 1067 φύσιν
218 1032 275 1063 ὲνδς
291 1032 366 1064 ὄντος
385 1031 465 1065 Υἱοῦ;
492 1031 571 1058 Ἀλλὰ
586 1031 639 1067 μὴν
663 1032 703 1063 εἰς
727 1030 808 1057 αὑτὸν
830 1030 910 1065 βεϐα-

118 1079 270 1114 πτίσμεθα·
286 1078 352 1109 Θεὸς
366 1076 412 1104 οὖν
426 1078 481 1113 ἄρα
495 1077 569 1104 ἐστὶν
587 1077 624 1110 ὡς
640 1077 704 1109 Υἱὸς
726 1075 777 1109 εἷς,
790 1077 837 1104 καὶ
852 1076 910 1103 Κύ-

120 1134 179 1160 ριος
195 1123 245 1157 εἷς,
262 1124 322 1151 καθ’
335 1125 433 1151 ἕνωσιν
450 1123 626 1160 οἰκονομικὴν
646 1123 748 1159 σαρκὸς
768 1123 910 1158 γεγονότος

117 1171 168 1197 τοῦ
182 1171 281 1205 Λόγου.

160 1225 170 1242 ι
189 1217 268 1243 Ἀλλὰ
283 1216 342 1243 τότε
359 1216 408 1251 μὲν
419 1216 468 1243 οὐκ
478 1215 577 1247 εἰδότες
586 1214 842 1247 Θεὸν,ὲδουλεύσατε
853 1215 910 1246 τοῖς

119 1263 202 1297 φύσει
218 1263 255 1298 μὴ
269 1261 328 1289 οὖσι
350 1263 438 1294 θεοῖς·
453 1263 512 1289 νυνὶ
536 1262 566 1288 δὲ
584 1261 695 1296 γνόντες
708 1261 785 1293 Θεὸν,
808 1260 909 1296 μᾶλλον

118 1307 148 1335 δὲ
165 1308 329 1342 γνωσθέντες
339 1307 392 1334 ὑπὸ
406 1306 484 1339 Θεοῦ,
497 1307 556 1339 πῶς
569 1307 750 1342 ἐπιστρέφετε
767 1306 849 1333 πάλιν
863 1306 910 1333 ἐπὶ

118 1353 156 1380 τὰ
171 1353 270 1388 ἀσθενῆ
287 1354 334 1380 καὶ
351 1353 446 1388 πτωχὰ
461 1355 599 1388 στοιχεϊας
615 1363 624 1379 ι
650 1353 682 1379 Et
704 1352 770 1379 Θεὸν
793 1353 910 1387 ἐγνώκα-

120 1408 172 1435 μεν
184 1399 377 1434 ὁμολογοῦντες
392 1399 520 1434 Χριστὸν,
535 1399 582 1426 καὶ
597 1398 732 1433 ἐγνῶσθαι
753 1407 843 1434 φαμεν
857 1399 909 1425 ὑπὸ

117 1446 168 1473 τοῦ
190 1445 269 1478 Θεοῦ,
282 1446 449 1479 γνωσθέντες
471 1445 563 1481 αὐτῷ,
589 1445 648 1477 πῶς
669 1445 700 1472 οὺ
722 1444 788 1476 Θεὸς
810 1445 824 1471 ὀ
841 1445 907 1480 Χρι-

118 1492 182 1524 στός
192 1500 199 1524 ;

159 1537 257 1573 «Ἐμοὶ
280 1538 308 1564 δὲ
336 1537 374 1573 μὴ
397 1537 501 1572 γένοιτο
525 1537 688 1572 καυχᾶσθαι,
704 1538 728 1564 εἰ
755 1538 792 1573 μὴ
817 1538 847 1564 ὲν
868 1537 907 1572 τῷ
921 1554 945 1584 c

120 1583 232 1618 σταυρῷ
243 1582 291 1609 τοῦ
305 1583 408 1618 Κυρίου
422 1583 502 1618 ἡμῶν
519 1583 607 1618 Ἰησοῦ
622 1582 753 1618 Χριστοῦ,
765 1580 835 1611 δι’οῦ
847 1584 908 1619 ἐμοὶ

119 1628 223 1662 κόσμος
236 1628 416 1663 ἐσταύρωται,
434 1627 512 1662 κάγὼ
523 1628 562 1663 τῷ
578 1629 684 1664 κόσμῳ.
701 1638 711 1654 ι
730 1629 759 1656 '0
774 1629 909 1665 μακάριος

117 1673 215 1708 ψάλλει
230 1674 310 1701 Δαυῖδ
321 1681 327 1688 ·
346 1683 354 1700 t
370 1675 550 1710 Καυχήσομαι
566 1675 612 1701 ἐπὶ
625 1675 664 1711 τῷ
677 1675 736 1711 Θεῷ
751 1675 792 1710 τῷ
802 1676 909 1711 Σωτῆρί

121 1727 186 1754 μου.
202 1720 296 1746 »Ἐστι
310 1720 338 1746 δὲ
352 1719 433 1754 σοφὸς
442 1720 490 1746 καὶ
502 1721 673 1756 ἀγιοπρεπὴς
686 1722 699 1747 ὁ
710 1721 788 1755 λόγος
798 1730 804 1736 ·
813 1722 843 1747 οὐ
854 1722 908 1756 γὰρ

119 1766 150 1791 ὲν
175 1764 312 1801 ἀνθρώπῳ
343 1765 595 1800 κατασεμνύνεσθαι
620 1766 672 1801 χρὴ
697 1766 798 1801 μᾶλλον
823 1767 907 1801 ἡμᾶς,

119 1810 179 1837 ἀλλ’
195 1811 242 1838 ἐπὶ
254 1811 322 1846 Θεῷ.
339 1811 401 1842 Πῶς
419 1809 465 1838 οὖν
479 1813 494 1838 ὸ
512 1812 618 1843 Παῦλος
638 1813 666 1838 ὲν
680 1812 720 1848 τῷ
739 1812 849 1847 σταυρῷ
863 1812 908 1838 τοῦ

118 1855 240 1891 Χριστοῦ
252 1855 406 1890 καυχᾶσθαί
419 1864 516 1891 φησιν;
532 1856 606 1882 Ἔδει
619 1857 671 1892 γὰρ
684 1856 782 1892 μᾶλλον
795 1857 841 1882 ἐπὶ
849 1855 910 1891 Θεῷ

118 1902 201 1929 τοῦτο
222 1903 308 1937 δρᾷν·
334 1902 435 1933 σκοπὸς
458 1903 513 1937 γὰρ
535 1899 612 1934 οὗτος
632 1904 687 1933 τοῖς
706 1902 796 1933 ἄλλοις
809 1902 906 1936 ἁγίοις.

127 1947 197 1974 Ἀλλ’
213 1948 345 1983 ὑπάρχων
360 1947 596 1984 Πνίυματοφὸρος,
614 1948 643 1974 ἐν
662 1948 769 1983 θανάτῳ
789 1947 909 1982 Χριστοῦ

121 1993 274 2028 καυχᾶσθαί
289 2002 382 2028 φησιν.
393 1991 470 2020 Οἶδεν
481 1991 527 2020 οὖν
538 1993 593 2029 ἄρα
603 1993 668 2021 Θεὸν
678 1994 744 2021 ὄντα
752 1994 800 2020 καὶ
810 1993 908 2029 ἀληθῆ,

119 2039 172 2067 καὶ
185 2039 219 2066 δι’
233 2040 307 2074 ἡμᾶς
322 2039 442 2066 παθόντα
456 2039 548 2075 σαρκί.

312 2147 363 2173 Ἐκ
381 2147 435 2182 τῆς
456 2146 530 2181 πρὸς
553 2146 725 2181 Ἐφεσίους.

162 2214 231 2250 Περὶ
252 2214 300 2240 τοῦ
324 2213 391 2240 Θεοῦ
414 2214 462 2240 καὶ
488 2214 593 2250 Πατρός
619 2223 686 2249 φησι
701 2223 708 2230 ·
735 2223 744 2239 t
759 2213 839 2241 Κατὰ
862 2214 912 2250 τὴν
928 2229 950 2258 D

121 2259 264 2295 ἐνέργειαν
276 2259 323 2286 τοῦ
337 2259 454 2295 κράτους
466 2259 515 2294 τῆς
533 2260 624 2294 ἰσχύος
639 2259 731 2292 αὑτοῦ,
745 2260 778 2295 ἦν
791 2259 910 2295 ὲνήρχη-

123 2314 170 2332 σεν
196 2306 226 2332 ὲν
250 2306 289 2340 τῷ
307 2305 430 2340 Χριστῷ,
451 2305 562 2340 ἐγείρας
586 2305 668 2332 αὑτὸν
684 2300 843 2340 ἐκννεκρῶν,
863 2305 911 2331 xai.

122 2351 240 2382 καθίσας
250 2352 279 2377 ὲν
291 2351 365 2386 δεξιᾷ
379 2351 462 2378 αὑτοῦ
477 2352 506 2377 ἐν
518 2353 574 2383 τοῖς
590 2351 774 2386 ἐπουρανίοις,
783 2351 912 2386 ὑπεράνω

123 2397 214 2431 πάσης
232 2395 346 2431 ’Δρχῆς,
373 2396 419 2422 καὶ
441 2395 591 2427 Ἑξουσιας,
618 2396 666 2422 καὶ
687 2397 841 2431 Δυνάμεως,
864 2396 912 2423 καὶ

124 2441 304 2476 κυριότητος,
319 2440 366 2466 καὶ
388 2440 489 2472 παντὸς
504 2439 637 2475 ὀνόματος
649 2441 863 2476 ὀνομαζομένου,
880 2441 911 2467 οὺ

124 2486 206 2520 μόνον
220 2486 249 2512 ὲν
265 2485 304 2520 τῷ
317 2485 394 2512 αἰῶνι
407 2485 505 2521 τούτῳ,
515 2486 582 2513 ἀλλὰ
597 2487 645 2513 καὶ
660 2487 688 2512 ὲν
701 2487 742 2522 τῷ
757 2487 909 2522 μέλλοντι.»

130 2531 197 2558 Ἰδοὺ
211 2531 256 2557 τὸν
275 2531 461 2566 ἐγηγερμένον
478 2532 510 2558 ὲκ
522 2531 625 2567 νεκρῶν
634 2532 780 2559 κεκάθικεν
790 2533 805 2559 ὁ
817 2533 912 2568 Πατὴρ

124 2577 155 2603 ὲν
163 2576 238 2612 δεξιᾷ
244 2576 474 2612 αὑτοῦηὺπεράνω
486 2577 574 2612 πάσης
589 2579 697 2613 Ἀρχῆς,
705 2579 751 2604 καὶ
763 2578 913 2612 Ἐξουσιας,

125 2623 174 2650 καὶ
189 2622 347 2657 Δυνάμεως,
361 2623 408 2650 καὶ
429 2623 530 2654 παντὸς
552 2623 682 2658 ὀνόματος
700 2624 913 2659 ὀνομαζομένου.

124 2665 190 2703 Ἀρ*
204 2666 250 2695 οὖν
265 2667 419 2703 συνεδρεύει
432 2669 465 2703 τῇ
480 2668 550 2703 ὑπὲρ
566 2661 655 2695 πάντα
670 2669 749 2704 φύσει
766 2670 828 2696 καθ’
839 2671 913 2705 ἡμᾶς

125 2712 270 2747 νοούμενος
282 2711 435 2747 ἄνθρωπος,
451 2712 498 2739 καὶ
511 2712 604 2748 ἓτερον
617 2713 704 2745 οὐδὲν,
714 2713 742 2749 ἢ,
751 2714 820 2749 ὅπερ
837 2715 911 2741 ἐστὶν

125 2758 236 2792 ἀληθὲς,
254 2758 292 2790 ὡς
311 2758 376 2789 Θεὸς
398 2758 620 2794 ὲνανθρωπήσας,
637 2759 684 2786 καὶ
708 2760 839 2795 ὑπάρχων
865 2761 914 2796 μὲν

166 2848 188 2862 δ’
203 2847 292 2874 Galat.
311 2855 352 2879 ιιι,
372 2847 466 2875 25-‘27.
505 2848 527 2863 "
543 2847 638 2883 Calat.
659 2856 696 2882 tv,
710 2848 738 2881 8,
752 2849 778 2876 9.
816 2848 836 2864 "
858 2848 910 2875 Gal.

999 2868 1000 2876 .
1016 2847 1056 2875 Η.
1096 2849 1118 2864 ³⁸
1134 2847 1208 2876 Psal:
1223 2856 1278 2881 ut,
1291 2848 1318 2875 8.

961 946 988 969 et
1015 941 1146 976 Spiritum
1166 946 1308 973 sanctum,
1331 940 1465 974 quomodo
1489 939 1515 966 in
1536 939 1672 966 Christum
1698 938 1746 965 ba-

960 986 1056 1021 ptizati
1082 986 1207 1018 dicimur,
1226 985 1248 1012 si
1273 984 1399 1012 Christus
1422 991 1474 1010 non
1495 988 1535 1010 est
1552 990 1633 1010 verus
1649 981 1745 1013 Filius.

960 1021 1020 1058 cum
1035 1038 1104 1058 unus
1119 1036 1223 1057 tantum
1239 1030 1276 1057 sit
1291 1036 1387 1057 natura
1403 1028 1507 1056 Filius?
1519 1028 1600 1062 Atqui
1616 1028 1642 1054 in
1657 1027 1744 1061 ipsum

960 1076 1088 1111 baptizati
1106 1084 1220 1104 sunms:
1239 1076 1309 1103 Deus
1326 1076 1408 1110 igitur
1423 1079 1464 1102 est
1479 1079 1508 1101 ut
1522 1073 1606 1100 Filius
1623 1081 1704 1104 unus,
1718 1077 1747 1099 et

959 1121 1091 1148 Dominus
1111 1128 1192 1153 unus,
1219 1128 1280 1147 cum
1305 1128 1353 1155 per
1376 1119 1485 1147 uuionis
1512 1112 1744 1153 dispensationem

960 1166 1078 1195 Verbum
1094 1174 1156 1194 caro
1169 1167 1269 1194 factum
1286 1166 1332 1194 sit.

997 1222 1006 1239 ι
1023 1212 1076 1240 Sed
1095 1217 1160 1240 tunc
1175 1213 1285 1247 quidem
1305 1212 1462 1246 ignorantes
1477 1210 1571 1243 Deum,
1586 1209 1619 1237 iis
1633 1209 1678 1243 qui
1697 1216 1746 1235 na-

960 1263 1019 1285 tura
1038 1266 1091 1286 non
1112 1262 1176 1285 sunt
1198 1259 1244 1289 dii,
1264 1257 1445 1285 serviebatis:
1472 1264 1544 1283 nunc
1567 1260 1656 1282 autem
1684 1261 1746 1281 cum

960 1304 1140 1339 cognoveritis
1168 1303 1264 1336 Deum,
1286 1303 1340 1330 imo
1356 1303 1457 1338 cogniti
1477 1302 1537 1329 sitis
1558 1308 1572 1327 a
1592 1300 1657 1331 Deo,
1679 1307 1742 1334 quo-

960 1349 1039 1377 modo
1052 1349 1241 1377 convertimini
1260 1349 1355 1376 iterum
1372 1348 1406 1375 ad
1428 1348 1533 1374 intirma
1550 1351 1578 1373 et
1595 1353 1677 1381 egena
1691 1345 1747 1371 ele-

960 1400 1049 1421 menta
1058 1394 1103 1420 '°?
1123 1404 1132 1420 ι
1150 1394 1178 1421 Si
1200 1394 1338 1421 Christum
1365 1393 1522 1428 proﬁtentes
1542 1391 1626 1418 Deum
1649 1398 1748 1425 cogno-

959 1439 1058 1472 vimus,
1074 1445 1101 1466 et
1117 1439 1216 1475 cogniti
1232 1447 1247 1467 ει
1263 1439 1381 1471 Christo,
1398 1439 1496 1473 cogniti
1512 1438 1626 1465 dicimur
1643 1445 1657 1463 a
1682 1438 1746 1470 Deo,

959 1487 1097 1520 quomodo
1111 1485 1235 1513 Christus
1255 1493 1308 1512 nou
1322 1490 1363 1511 est
1380 1484 1467 1511 Deus?

999 1539 1009 1556 ι
1028 1530 1092 1557 Mihi
1106 1536 1196 1558 autem
1212 1531 1281 1557 absit
1297 1530 1423 1564 gloriari,
1440 1529 1490 1556 nisi
1506 1528 1532 1556 in
1548 1535 1627 1555 cruce
1641 1527 1745 1554 Domini

961 1576 1046 1603 nostri
1066 1575 1129 1603 Jesu
1147 1575 1268 1606 Christi,
1284 1582 1332 1609 per
1346 1582 1424 1608 quem
1441 1574 1506 1600 mihi
1529 1573 1644 1600 mundus
1659 1571 1747 1599 cruci-

960 1622 1031 1649 ﬁxus
1045 1626 1096 1655 est,
1110 1626 1138 1648 et
1160 1629 1210 1656 ego
1231 1620 1376 1647 mundo“.
1397 1629 1407 1645 ι
1431 1619 1529 1646 Beatus
1548 1618 1630 1645 David
1652 1617 1746 1644 canit:

963 1678 972 1694 ι
993 1667 1137 1695 Gloriabor
1159 1667 1185 1693 in
1207 1666 1261 1693 Deo
1285 1665 1397 1693 salutari
1419 1673 1479 1692 meo
1495 1665 1533 1690 "l
1554 1673 1564 1691 ι
1589 1662 1687 1697 Utique
1704 1670 1748 1689 sa-

961 1715 1048 1748 piens,
1064 1718 1091 1740 et
1103 1719 1198 1740 sancto
1213 1712 1272 1739 viro
1287 1711 1451 1739 conveniens
1466 1711 1568 1738 dietum
1581 1718 1588 1736 :
1607 1717 1659 1736 nou
1674 1709 1747 1735 enim

961 1761 988 1787 in
1005 1760 1115 1787 homine
1133 1759 1243 1793 gloriari
1263 1759 1340 1785 nobis
1355 1758 1396 1785 fas
1413 1761 1463 1790 est,
1481 1757 1528 1784 sed
1545 1757 1571 1783 in
1593 1756 1658 1783 Deo.
1676 1756 1749 1788 Quo-

962 1806 1042 1833 modo
1059 1813 1124 1841 ergo
1139 1805 1240 1832 Paulus
1255 1804 1283 1831 in
1296 1811 1378 1831 cruce
1390 1803 1494 1830 Domini
1511 1802 1619 1837 gloriari
1633 1809 1663 1828 se
1679 1809 1749 1836 prae.-

962 1852 1046 1884 dicat,
1072 1859 1133 1878 cum
1157 1851 1184 1877 in
1203 1850 1258 1877 Deo
1273 1850 1361 1884 potius
1378 1849 1402 1876 id
1425 1849 1481 1876 tieri
1504 1847 1663 1882 oporteret?
1679 1846 1747 1873 Nam

962 1897 1006 1924 hic
1020 1896 1134 1923 aliorum
1150 1899 1304 1922 sanctorum
1328 1901 1426 1928 scopus
1449 1900 1556 1927 semper
1573 1893 1687 1920 exstitit.
1703 1892 1748 1919 At-

963 1943 1009 1977 qui
1033 1941 1116 1969 etiam
1141 1940 1241 1968 Paulus
1265 1940 1356 1967 divino
1375 1939 1476 1974 Spiritu
1501 1946 1553 1965 non
1575 1939 1702 1971 carebat;
1721 1943 1749 1964 et

963 1993 1052 2015 tamen
1069 1987 1095 2014 in
1112 1987 1214 2014 Christi
1232 1989 1321 2014 morte
1337 1985 1445 2021 gloriari
1469 1993 1520 2012 non
1537 1985 1650 2012 dubitat.
1666 1984 1749 2011 Norat

961 2040 1026 2067 ergo
1048 2040 1140 2059 verum
1164 2032 1246 2059 Deum
1271 2038 1348 2063 esse,
1372 2031 1477 2058 etiamsi
1508 2032 1591 2058 nostri
1617 2038 1697 2058 causa
1721 2031 1748 2057 iu

962 2085 1046 2106 carne
1063 2082 1178 2105 mortem
1194 2084 1338 2112 perpessus
1357 2076 1435 2103 t'oret.

1122 2145 1176 2180 7o
1191 2144 1232 2172 Ea:
1248 2144 1370 2179 Epistula
1385 2144 1420 2170 ad
1439 2143 1575 2178 Ephesios.

1001 2221 1012 2238 ι
1032 2212 1186 2240 Secundum
1207 2211 1391 2246 operationem
1414 2211 1540 2244 potentia:
1560 2210 1667 2238 virtutis
1690 2210 1748 2244 ejus

965 2257 1027 2293 (est
1054 2257 1099 2284 hic
1131 2263 1221 2284 sermo
1241 2256 1274 2283 de
1296 2255 1352 2282 Deo
1369 2260 1397 2282 ct
1424 2255 1522 2290 Patre)
1545 2264 1625 2290 quam
1653 2263 1750 2290 opera-

967 2308 1008 2331 tus
1022 2308 1064 2331 est
1085 2304 1111 2330 in
1137 2303 1246 2330 Christo
1260 2322 1267 2335 ,
1286 2302 1420 2329 suscitans
1440 2302 1514 2328 illum
1541 2310 1555 2329 a
1576 2302 1706 2334 mortuis,
1723 2308 1750 2330 et

965 2350 1131 2378 constituens
1144 2349 1177 2376 ad
1192 2350 1332 2376 dexteram
1348 2355 1424 2375 suam
1446 2348 1472 2374 in
1494 2348 1649 2375 ccelestibus
1670 2356 1751 2383 super

965 2403 1072 2424 omnem
1084 2395 1280 2430 Principatum,
1295 2399 1322 2421 et
1335 2394 1509 2425 Potestatem.
1524 2398 1553 2421 et
1566 2394 1582 2420 ι
1591 2394 1713 2426 irtutem,
1724 2399 1752 2421 et

966 2442 1193 2474 nominationem,
1218 2447 1246 2469 et.
1266 2448 1347 2469 omne
1367 2448 1467 2468 nomen
1494 2440 1565 2474 quod
1585 2441 1750 2472 nominatur,

967 2494 1020 2513 non
1037 2487 1124 2514 solum
1138 2486 1165 2513 in
1181 2487 1232 2513 hoc
1249 2486 1360 2518 saeculo,
1378 2485 1425 2512 sed
1440 2485 1521 2512 etiam
1539 2486 1564 2512 in
1582 2484 1672 2513 futuro
1683 2486 1719 2513 ⁸³.
1738 2496 1748 2512 ι

967 2531 1006 2559 En
1019 2532 1091 2558 illum
1105 2532 1191 2567 ipsum
1207 2539 1286 2566 quem
1300 2539 1333 2559 ex
1348 2530 1460 2559 mortuis
1473 2532 1664 2564 exsuscitarat,
1684 2540 1751 2559 con-

967 2577 1056 2605 stituit
1066 2576 1147 2604 Patcr
1163 2577 1196 2604 ad
1213 2577 1351 2604 dexteram
1372 2584 1449 2604 suam
1462 2584 1542 2612 supra
1554 2584 1661 2604 omnem
1677 2578 1752 2612 prin-

968 2624 1097 2658 cipatum,
1112 2628 1139 2650 et
1157 2628 1328 2658 potestatem,
1343 2628 1370 2650 et
1389 2623 1534 2656 virtutem,
1556 2628 1584 2650 et
1602 2631 1683 2651 omne
1700 2632 1751 2650 no-

968 2676 1028 2695 tuen
1040 2669 1110 2703 quod
1122 2669 1285 2696 nominatur.
1310 2668 1435 2704 Nunquid
1447 2677 1512 2704 ergo
1529 2670 1648 2697 uthomo
1666 2671 1750 2697 nostri

968 2714 1073 2746 similis,
1091 2720 1117 2741 et
1134 2714 1198 2740 nihil
1212 2714 1301 2746 aliud,
1319 2714 1346 2741 in
1361 2719 1465 2741 natura:
1480 2715 1600 2742 omnium
1619 2722 1752 2749 suprema:

969 2760 1078 2787 dextcra
1093 2760 1201 2792 assidet,
1215 2765 1272 2794 aut,
1282 2761 1352 2795 quod
1364 2769 1454 2788 verum
1471 2766 1521 2793 est.
1538 2766 1568 2788 ut
1583 2761 1654 2789 Deus
1672 2761 1752 2789 homo

1374 2849 1397 2864 "
1413 2849 1511 2883 Ephcs.
1532 2857 1552 2884 ι,
1570 2849 1614 2878 19-
1632 2849 1677 2878 21.
