1883 3056
153 174 220 201 1217

666 171 694 198 S.
717 169 855 198 (ΣΥΜΠιί
871 169 1103 196 ΑιΕΧΑΝυιιιΝι
1124 170 1281 198 AliClllEP.

1719 166 1786 194 Hii

152 231 262 259 l’actns?
275 229 393 258 Verbum
408 235 524 263 namque
545 227 630 259 Patri,
646 234 726 262 prout
743 229 777 254 ab
796 235 829 254 eo
846 235 941 262 proce-

1042 227 1134 258 ούσιος
1147 227 1185 262 τῷ
1201 227 1299 262 Πατρὶ,
1315 226 1382 253 καθὸ
1406 226 1525 262 πέφηνεν
1541 225 1572 258 ἐξ
1587 223 1685 255 αὐτοῦ,
1703 232 1786 258 προπ-

152 277 202 309 dit,
217 273 465 306 consubstantiale,
489 278 585 300 natura
606 273 723 300 humana
742 271 941 305 dispensatorie

152 324 288 354 assitmpta
302 338 309 350 ,
329 318 428 345 factum
458 322 499 344 est
523 317 613 344 homo.
639 317 727 350 Quare
749 315 874 342 effectum
897 319 941 342 est

154 371 184 393 ut
199 367 224 393 in
237 373 292 392 uno
307 364 456 397 eodemque
471 363 550 390 simul
564 363 633 390 Deus
645 363 800 393 exsisteret,
813 365 839 388 et
850 361 941 393 homo,

153 413 244 440 divina
259 411 344 446 gloria
362 410 513 437 redimitus.

191 467 200 483 ι
220 457 335 491 Propter
347 457 418 491 quod
435 462 568 482 memores
582 459 680 486 estote,
699 453 771 488 quod
799 453 943 487 aliquando

154 510 204 530 vos
220 503 305 530 eratis
321 507 415 537 gentes
439 502 464 528 in
480 508 573 532 carne,
595 499 757 526 diccbaiuini
783 498 942 532 praeputium

154 548 189 575 ab
205 555 236 574 ea
250 555 310 582 quae
326 547 425 574 dicitur
445 546 617 573 circumcisio
631 545 657 572 in
672 552 753 571 carne
768 543 918 570 mannfacta
935 552 942 570 ε

154 595 225 629 quod
240 593 323 620 eratis
339 593 383 620 illo
399 593 426 618 iu
447 597 568 627 tempore
587 591 645 618 sine
663 590 782 622 Christo,
800 590 907 617 alienati
929 597 943 616 a

155 639 364 667 conversatione
385 637 485 668 lsrael,
503 641 529 664 et
552 637 672 670 hospites
699 640 941 666 testamentorum,

156 685 343 719 promissionis
357 690 431 718 spem
444 690 497 709 non
514 682 656 712 habentes,
669 686 696 707 et
711 681 770 707 sine
784 679 841 705 Duo
856 680 881 706 in
896 679 946 706 hoc

157 731 256 756 trnndo
268 730 301 756 “.
321 739 330 755 ι
345 729 374 756 Si
393 734 486 763 gentes
507 728 642 754 Christum
662 734 713 753 non
744 727 891 757 habentes,
918 724 945 751 iu

157 775 297 810 impietate
310 775 457 802 secundum
477 774 548 800 hunc
565 773 693 798 mundum
717 770 944 805 perseverabant;

157 827 299 855 postquam
318 825 408 847 autem
426 819 514 854 ipsqu
539 818 639 845 habere
658 821 816 852 cmperunt,
846 817 948 850 absque

159 866 215 894 Deo
230 873 283 893 non
301 865 411 892 fuerunt
427 873 433 891 ε
449 865 513 899 quid
530 864 565 890 ita
581 863 705 890 Christus
724 871 777 890 non
797 867 840 890 est
854 861 948 889 Dens?

196 920 206 938 ι
224 911 310 945 Hujus
334 911 371 938 rei
395 911 480 945 gratia
502 910 581 937 ﬂecto
606 916 692 944 genua
715 916 772 935 mea
789 909 821 934 ad
838 907 944 934 Patrem
961 903 983 930 Β

161 957 267 984 Domini
283 957 369 984 nostri
386 955 450 983 Jesn
467 955 580 987 Christi,
596 962 628 981 ex
646 961 700 988 quo
720 955 808 981 omnis
826 953 947 988 paterni-

161 1009 202 1030 tas
215 1003 242 1030 in
257 1003 333 1030 caelis
346 1006 374 1029 et
399 1002 425 1028 iu
450 1007 521 1028 terra
545 1001 720 1028 nominatur:
745 1004 775 1026 ιιι
800 1000 846 1026 det
871 998 949 1026 vobis

160 1047 310 1075 secundum
330 1047 439 1074 divitias
453 1047 545 1082 gloria:
563 1054 635 1079 sine,
659 1047 758 1072 virtute
777 1045 948 1072 corroborari

161 1101 210 1127 per
234 1093 364 1127 Spiritum
391 1092 450 1127 ejus
472 1092 498 1119 iu
523 1091 644 1118 interiori
670 1091 789 1122 homine,
810 1090 949 1117 Christum

161 1139 284 1166 habitare
299 1146 347 1173 per
361 1138 439 1164 lldetn
456 1138 482 1165 in
507 1137 635 1164 cordibus
657 1136 799 1163 vestris".
817 1145 826 1162 ι
847 1135 948 1162 Nomen

163 1187 213 1212 hoc
229 1184 350 1211 Christus
367 1182 444 1210 Jews
461 1183 501 1217 (nt
524 1183 673 1216 smpissime
691 1182 746 1216 jam
769 1187 832 1208 ante
845 1181 951 1208 monui-

162 1230 233 1264 Inus)
249 1229 348 1263 ubique
369 1227 414 1254 Dei
433 1227 522 1255 Patris
537 1227 652 1254 Verbum
671 1227 787 1253 humana
804 1227 889 1253 l'ortna
906 1226 949 1254 in-

161 1277 256 1302 dutum
283 1274 429 1309 signiﬁcat.
453 1273 481 1300 Si
507 1281 572 1307 ergo
600 1272 726 1300 Christus
754 1271 949 1307 (posteaquam

163 1320 292 1352 Verbum,
308 1321 379 1355 quod
395 1320 481 1354 ipsum
501 1326 606 1354 quoque
627 1326 675 1352 per
688 1317 817 1352 Spiritmn
832 1322 860 1344 ut
880 1316 950 1344 Deus

163 1367 190 1393 in
209 1366 285 1393 nobis
307 1366 448 1396 inhabitat,
467 1372 578 1392 carnem
603 1363 687 1391 semel
704 1361 879 1398 assumpsit),
898 1370 950 1388 non

162 1417 205 1438 est
223 1410 293 1439 Deus
308 1419 315 1438 :
338 1411 474 1446 quomodo
491 1418 539 1445 per
561 1411 640 1437 [idem
659 1409 684 1436 in
702 1409 833 1436 cordibus
850 1408 952 1435 nus-tris

164 1458 316 1484 inhabitare
332 1457 432 1484 dicitur
445 1457 456 1483 ?
471 1456 588 1483 linrsum
605 1456 627 1482 si
642 1454 795 1482 communis
819 1454 898 1480 homo
913 1458 953 1480 est

163 1503 300 1534 Christus,
321 1502 372 1536 71
387 1507 414 1529 et
436 1502 507 1529 hlius
536 1503 570 1528 ab
591 1508 624 1528 eo
639 1501 763 1528 diversus
775 1520 782 1531 ,
798 1500 842 1534 qui
858 1505 952 1526 natura

165 1547 249 1574 l-‘ilius
260 1552 312 1579 est,
324 1552 351 1573 et
365 1547 438 1574 solus
456 1554 489 1574 ex
509 1546 563 1573 Deo
575 1551 653 1572 natus
669 1550 709 1572 est
728 1555 734 1572 ξ
755 1546 825 1579 quis,
842 1552 933 1579 quaeso
944 1563 952 1577 ,

165 1597 208 1620 est
223 1592 268 1620 ille
290 1593 335 1626 qui
349 1592 452 1619 habitat
469 1592 496 1618 in
513 1591 609 1620 nobis?
637 1595 684 1618 aut
706 1591 842 1625 quomodo
862 1590 888 1617 in
904 1591 954 1616 ho-

166 1639 286 1667 minibus
302 1639 435 1666 inhabitat
453 1646 501 1673 per
525 1637 628 1665 ﬁdem?
648 1645 709 1663 cum
731 1637 849 1664 Joannes
872 1637 905 1664 de
924 1643 956 1664 eo

167 1685 285 1712 dilucide
300 1685 395 1711 dicat:
417 1694 425 1709 ι
445 1683 472 1710 lu
489 1684 541 1711 hoc
563 1683 761 1717 cognoscimus,
786 1683 857 1716 quod
882 1682 908 1709 in
925 1689 957 1709 eo

168 1738 318 1764 manemus,
333 1735 360 1757 et
373 1731 429 1763 ipse
446 1731 472 1757 in
490 1730 566 1757 nobis
579 1734 630 1762 est,
650 1729 777 1764 quoniam
796 1730 830 1756 de
852 1728 957 1763 Spiritu

167 1784 217 1804 suo
230 1775 304 1803 dedit
319 1776 397 1802 nobis
412 1774 445 1801 ".
469 1783 478 1800 ι

349 1821 392 1848 Ea:
408 1820 528 1855 Epistula
543 1822 577 1847 ad
590 1819 780 1854 Philippensem

206 1888 216 1904 ι
231 1878 296 1911 Quae
316 1878 380 1905 mihi
401 1877 510 1904 fuerunt
529 1877 602 1905 lucra
626 1877 677 1912 (de
698 1876 907 1912 gloriationibus
931 1876 958 1903 in

170 1923 227 1958 lege
241 1923 381 1958 loquitur).
394 1923 450 1950 haec
463 1922 612 1949 arbitratus
625 1930 685 1948 sum
700 1926 812 1957 propter
821 1921 959 1949 Christum

170 1970 341 1996 detrimenta.
361 1967 550 1996 Verumtamen
562 1968 690 1995 existimo
702 1969 791 1994 omnia
810 1967 958 1994 detrimen-

171 2021 227 2042 tmn
243 2022 303 2042 esse
319 2020 428 2050 propter
449 2014 612 2041 eminentem
631 2014 773 2041 scientiam
797 2013 860 2041 Jesu
879 2013 959 2041 Citri-

171 2062 204 2088 sti
223 2060 326 2088 Domini
342 2059 436 2093 nostri,
456 2064 650 2094 propterquem
665 2059 756 2086 omnia
767 2059 958 2086 detrimentum

172 2107 276 2138 feri,et
299 2107 419 2132 arbitror
434 2110 460 2132 ut
483 2110 614 2136 stercora,
639 2110 668 2131 ut
691 2105 829 2132 Christum
846 2104 958 2131 lucrifa-

171 2154 241 2178 ciam
254 2152 288 2179 ⁸⁷.
309 2160 318 2177 ι
341 2151 410 2184 Quid
435 2155 487 2184 est,
512 2150 619 2183 amabo,
644 2150 742 2177 eximia
769 2150 867 2178 Christi
895 2149 958 2177 Jesu

172 2196 306 2224 scientia?
333 2197 387 2224 Cur
412 2197 502 2223 omnia
533 2204 593 2231 qua!
622 2196 687 2231 legis
710 2200 785 2229 sunt,
811 2197 960 2224 detrimen-

991 271 1080 299 λαϐὼν
1094 273 1121 299 δὲ
1134 273 1164 298 τὸ
1179 271 1348 308 ἀνθρώπινον
1361 271 1550 307 οἰκονομικῶς,
1570 272 1614 297 ἵνα
1636 270 1666 297 ὲν
1688 269 1763 303 αὐτῷ
1773 274 1785 292 Ρ

991 318 1085 352 νοῆται
1098 318 1163 349 Θεός
1177 327 1206 344 τε
1220 318 1288 353 ὁμοῦ
1305 318 1352 349 καὶ
1368 317 1511 352 ἄνθρωπος
1527 318 1541 343 ὁ
1557 315 1654 347 αὐτὸς,
1680 314 1728 341 καὶ
1744 313 1786 340 διὰ

992 363 1071 390 τοῦτο
1083 365 1116 398 τῇ
1134 363 1194 398 θεία
1209 363 1272 399 δόξῃ
1289 363 1528 398 κατεστεμμένος;

1034 464 1042 479 ι
1062 453 1106 480 Διὸ
1135 452 1330 490 μνημονεύετε,
1355 453 1396 479 ὅτι
1422 452 1488 479 ποτὲ
1513 452 1592 486 ὑμεῖς
1614 450 1650 476 τὰ
1675 450 1741 483 ἔθνη
1759 450 1788 474 ὲν

994 500 1086 535 σαρκὶ,
1101 500 1125 526 οἱ
1140 500 1280 534 λεγόμενοι
1295 498 1463 534 ἀκροϐυστία
1486 497 1540 524 ὑπὸ
1561 497 1611 531 τῆς
1635 494 1787 530 λεγομένης

994 543 1145 579 περιτομῆς
1168 544 1197 569 ἐν
1224 543 1305 578 σαρκὶ
1331 543 1536 578 χειροποιήτου·
1560 542 1603 568 ὅτι
1626 538 1676 576 ἦτε
1698 541 1726 566 ἐν
1750 539 1788 572 τῷ

995 589 1084 625 καιρῷ
1097 590 1193 624 ἐκείνῳ
1207 590 1289 624 χωρὶς
1301 587 1419 624 Χριστοῦ
1428 593 1452 620 ιι,
1469 586 1728 622 ἀπηλλοτριωμένοι
1741 585 1790 619 τῆς

996 635 1133 666 πολιτείας
1148 635 1193 661 τοῦ
1213 635 1330 670 Ἰσραὴλ,
1346 635 1393 661 καὶ
1417 634 1489 666 ξένοι
1502 634 1557 659 τῶν
1571 632 1726 667 διαθηκῶν,
1739 631 1789 664 τῆς

997 681 1162 716 ἐπαγγελίας
1195 680 1289 707 ἐλπίδα
1324 680 1361 716 μὴ
1394 680 1511 715 ἔχοντες,
1525 680 1573 706 καὶ
1595 679 1671 706 ἄθεοι
1699 680 1727 704 ἐν

997 728 1101 762 κὸσμῳ.
1120 737 1128 752 ι
1147 727 1178 754 Εἰ
1194 727 1309 761 Χριστὸν
1329 727 1380 753 οὐκ
1401 726 1496 762 ἔχοντα
1514 727 1548 752 τὰ
1569 725 1635 760 ἔθνη
1653 725 1789 752 διετέλουν

997 775 1027 800 ὲν
1042 774 1168 808 ἀθεότητι
1180 773 1250 799 κατὰ
1264 773 1308 800 τὸν
1320 773 1422 807 κόσμον
1433 792 1441 803 ,
1460 772 1554 807 ἐπειδὴ
1566 772 1594 798 δὲ
1609 771 1692 798 αὐτὸν
1713 771 1790 805 ἐσχή-

998 825 1088 848 κασιν,
1104 817 1134 843 οὐ
1152 817 1337 852 μεμενήκασιν
1361 817 1435 843 ἄθεοι
1446 821 1457 835 ι·
1469 825 1476 831 ·
1494 817 1552 848 πῶς
1567 816 1621 851 ἄρα
1643 816 1675 842 οὐ
1698 815 1764 846 est;
1777 815 1790 840 ὁ

999 862 1134 898 Χριστόςς

1037 918 1046 933 ι
1063 908 1164 934 Τούτου
1180 908 1260 943 χάριν
1277 907 1395 942 κάμπτω
1407 907 1441 934 τὰ
1455 907 1557 942 γόνατα
1581 916 1632 942 μου
1659 907 1730 940 πρὸς
1744 907 1790 933 τον

1000 953 1110 989 Πατέρα
1137 952 1194 989 [τοῦ
1211 953 1311 988 Κυρίου
1339 953 1417 987 ἡμῶν
1446 953 1534 988 Ἰησοῦ
1554 952 1702 988 Χριστοιη,
1719 953 1748 984 ἐξ
1761 949 1790 978 οὗ

1000 1000 1074 1027 πᾶσα
1094 999 1194 1034 πατριὰ
1210 999 1238 1024 ὲν
1256 999 1379 1033 οὐρανοῖς
1398 999 1445 1024 καὶ
1467 999 1513 1024 ἐπὶ
1535 998 1586 1033 γῆς
1607 998 1789 1033 ὀνομάζεται·

1000 1045 1042 1071 ἵνα
1058 1044 1113 1080 δῴη
1129 1045 1192 1079 ὑμῖν
1208 1045 1278 1071 κατὰ
1303 1045 1349 1070 τὸν
1382 1044 1495 1070 πλοῦτον
1523 1045 1572 1079 τῆς
1600 1045 1680 1079 δόξης
1693 1043 1791 1076 αὑτοῦ,

999 1091 1112 1125 δυνάμει
1127 1090 1331 1126 κραταιωθῆναι
1351 1090 1395 1116 διὰ
1408 1090 1456 1117 τοῦ
1474 1091 1632 1126 Πνεύματος
1650 1091 1736 1118 αὐτοῦ
1751 1093 1791 1123 είς

999 1137 1044 1162 τὸν
1055 1136 1108 1162 ἔσω
1122 1136 1276 1172 ἄνθρωπον,
1300 1137 1465 1170 κατοικῆσαι
1483 1137 1529 1163 τὸν
1542 1137 1660 1172 Χριστὸν
1679 1137 1725 1164 διὰ
1741 1139 1791 1172 τῆς

1000 1182 1119 1213 πίστεως
1147 1184 1175 1209 ἐν
1210 1183 1270 1214 ταῖς
1296 1182 1422 1217 καρδίαις
1454 1182 1541 1218 ὑμῶν.
1571 1193 1580 1209 ι
1603 1183 1640 1209 Τὸ
1665 1183 1792 1217 Χριστὸς

1006 1227 1125 1260 Ἰησοῦς
1141 1227 1236 1262 suam,
1253 1227 1321 1254 καθὸ
1335 1228 1495 1259 πλειστάκις
1511 1228 1676 1263 εἰρήκαμεν,
1687 1228 1793 1263 ἀνθρω-

1001 1273 1066 1307 πεία
1085 1274 1177 1307 μορφῇ
1192 1273 1237 1298 τὸν
1253 1274 1284 1299 ὲκ
1300 1273 1368 1299 Θεοῦ
1390 1273 1532 1308 πεφηνότα
1553 1273 1638 1306 Λόγον
1662 1274 1793 1308 σημαίνει

1002 1318 1150 1353 πανταχοῦ.
1165 1319 1226 1350 Πῶς
1241 1317 1287 1345 οὖν
1303 1319 1332 1345 ὲν
1347 1320 1406 1351 ταῖς
1425 1319 1550 1354 καρδίαις
1577 1319 1657 1354 ἡμῶν
1672 1320 1795 1346 κατοικεῖ

1001 1365 1044 1393 διὰ
1071 1365 1121 1399 τῆς
1148 1364 1276 1396 πίστεως,
1303 1366 1327 1391 εἰ
1356 1365 1394 1400 μὴ
1418 1367 1519 1391 νοεῖται
1541 1365 1618 1398 Θεὸς,
1642 1364 1795 1397 ὲνώσαντος

1002 1410 1092 1445 ἑαυτῷ
1105 1410 1152 1445 τὴν
1168 1411 1256 1445 σάρκα
1272 1411 1317 1437 τοῦ
1338 1411 1436 1445 Λόγου,
1452 1411 1481 1442 ὃς
1499 1411 1546 1437 καὶ
1563 1411 1665 1443 θεῖκῶς
1684 1411 1714 1438 ἐν
1730 1412 1794 1445 ἡμῖν

1003 1457 1126 1482 κατοικεῖ
1141 1455 1186 1482 διὰ
1207 1455 1252 1482 τοῦ
1266 1456 1441 1491 Πνεύματος;
1461 1457 1491 1482 Εἰ
1505 1457 1532 1482 δὲ
1549 1456 1638 1488 κοινὸς
1651 1456 1794 1492 ἄνθρωπος

1003 1502 1017 1528 ὁ
1030 1501 1155 1536 Χριστὸς,
1170 1502 1216 1528 καὶ
1230 1502 1323 1537 ἕτερος
1335 1502 1392 1533 υἱὸς
1405 1502 1481 1537 παρὰ
1493 1502 1538 1528 τὸν
1551 1502 1632 1536 φύσει
1645 1503 1694 1528 καὶ
1703 1503 1794 1536 μόνον,

1005 1548 1077 1582 φημὶ
1091 1547 1122 1583 δὴ
1139 1548 1184 1574 τὸν
1199 1549 1230 1574 ἐκ
1243 1548 1320 1580 θεοῦ,
1335 1548 1376 1580 τίς
1392 1548 1406 1574 ὁ
1423 1549 1451 1574 ὲν
1463 1549 1528 1584 ἡμῖν
1539 1549 1676 1575 κατοικῶν
1688 1557 1695 1579 ;
1708 1549 1725 1583 ἦ
1739 1549 1795 1580 πῶς

967 1575 989 1604 c
1006 1593 1159 1629 ἀνθρώποις
1175 1593 1219 1620 διὰ
1235 1594 1351 1625 πίστεως
1364 1595 1545 1626 ἐνοικίζεται;
1563 1595 1654 1621 καίτοι
1669 1596 1796 1629 λέγοντος

1012 1639 1136 1666 Ἰωάννου
1152 1640 1244 1675 σαφῶς
1259 1641 1324 1676 περὶ
1339 1640 1386 1666 τοῦ
1412 1641 1546 1676 Χριστοῦ·
1566 1651 1575 1667 ι
1587 1641 1632 1668 Ἐν
1647 1642 1737 1677 τούτῳ
1754 1650 1796 1676 γιο

1007 1686 1158 1722 νώσκομεν,
1176 1687 1216 1714 ὅτι
1236 1687 1265 1712 ὲν
1280 1687 1346 1722 ἡμῖν
1361 1688 1446 1719 ἐστιν,
1461 1688 1501 1714 ὅτι
1517 1689 1549 1714 ἐκ
1568 1687 1616 1714 τοῦ
1639 1688 1796 1723 Πνεὺματος

1007 1731 1090 1758 αὑτοῦ
1104 1732 1203 1758 ἔδωκεν
1218 1732 1293 1768 ἡμῖν.
1313 1742 1322 1758 ι

1169 1821 1220 1848 Ἐκ
1241 1820 1295 1855 τῆς
1315 1821 1388 1855 πρὸς
1409 1823 1643 1856 Φιλιππησίους.

1046 1879 1113 1913 Περὶ
1126 1878 1180 1905 τῶν
1193 1879 1222 1904 ὲν
1233 1879 1308 1914 νόμῳ
1317 1879 1502 1914 καυχημάτων
1517 1879 1599 1914 φησίν
1609 1888 1617 1894 ·
1629 1889 1639 1904 ι
1657 1880 1754 1906 ’Δτινα
1766 1878 1798 1915 ἦν

1011 1932 1056 1958 μοι
1079 1923 1173 1958 κέρδη,
1196 1922 1282 1950 ταῦτα
1307 1924 1416 1959 ἥγημαι
1431 1924 1475 1951 διὰ
1494 1925 1539 1951 τὸν
1552 1925 1671 1960 Χριστὸν
1685 1925 1795 1960 ζημίαν.

1016 1969 1096 1995 Ἀλλὰ
1111 1969 1241 2003 μενοῦνγε
1255 1969 1377 2004 ἡγοῦμαι
1391 1971 1424 1996 τὰ
1441 1970 1530 1996 πάντα
1545 1970 1647 2006 ζημίαν
1661 1969 1743 2002 εἶναι,
1756 1971 1797 1998 διὰ

1009 2015 1040 2041 τὸ
1055 2014 1188 2050 ὑπερέχον
1200 2015 1250 2050 τῆς
1262 2015 1389 2049 γνώσεως
1401 2015 1519 2050 Χριστοῦ
1536 2016 1623 2051 Ἰησοῦ
1635 2016 1684 2042 τοῦ
1700 2017 1798 2051 Κυρίου

1010 2059 1098 2094 ἡμῶν,
1112 2059 1146 2086 δι’
1165 2059 1194 2086 ὃν
1204 2060 1239 2086 τὰ
1249 2060 1337 2086 πάντα
1348 2060 1505 2096 ἐζημιώθην
1514 2081 1521 2092 ,
1537 2062 1584 2088 καὶ
1595 2062 1717 2097 ἡγοῦμαι
1734 2062 1797 2088 σκῦ-

1010 2104 1078 2130 6αλα
1089 2103 1167 2136 εἶναι,
1183 2105 1224 2131 ἵνα
1236 2105 1350 2140 Χριστὸν
1363 2105 1512 2140 κερδήσω.»
1529 2107 1562 2132 Τί
1572 2107 1602 2133 δὲ
1615 2108 1662 2133 καὶ
1673 2107 1705 2133 τὺ
1716 2107 1798 2142 ὑπερ-

1010 2149 1070 2185 έχον
1093 2150 1143 2185 τῆς
1156 2150 1283 2184 γνώσεως
1306 2151 1391 2185 Ἰησοῦ
1401 2151 1532 2187 Χριστοῦς
1549 2152 1598 2178 Διὰ
1613 2152 1639 2178 τί
1657 2152 1744 2186 ζημία
1755 2153 1799 2178 καὶ

1012 2194 1134 2222 σκύϐαλα
1141 2196 1170 2221 ὲν
1178 2195 1266 2231 νόμῳ;
1279 2196 1373 2223 Καίτοι
1385 2196 1452 2222 Θεὸν
1463 2196 1509 2222 τὸν
1519 2196 1601 2230 φύσει
1613 2197 1660 2223 καὶ
1675 2197 1798 2231 ἀληθινὸν

173 2247 260 2269 torum
275 2246 302 2269 et
327 2241 532 2276 quisquiliarum
551 2241 608 2268 loco
624 2241 721 2268 duxit?
745 2241 830 2268 Porro
845 2241 887 2268 lex
903 2240 953 2268 Mo-

1042 2241 1086 2267 διὰ
1099 2241 1221 2272 Μωσέως
1237 2241 1318 2276 νόμος
1328 2242 1383 2272 τοῖς
1394 2241 1582 2276 ἀρχαιοτέροις
1594 2241 1744 2276 ἐκήρυττεν
1753 2249 1762 2256 ·
1776 2242 1799 2266 οἱ

172 2288 244 2314 saica
267 2287 364 2321 priscis
396 2287 448 2314 illis
470 2286 622 2314 hontinibus
648 2295 743 2314 verum
758 2287 961 2322 naturalemque

173 2332 257 2359 Deum
286 2332 488 2367 pra-dicaverit,
515 2340 589 2360 novre
618 2338 708 2360 autent
732 2333 800 2367 legis
831 2332 958 2360 doctores

174 2377 266 2405 Iesum
279 2378 416 2406 Christum
438 2387 509 2406 nunc
525 2379 679 2406 hominibus
701 2379 873 2406 annuntiant.
889 2379 960 2407 Sane

173 2425 196 2450 si
212 2428 315 2450 tantum
331 2425 483 2451 conunnnis
500 2424 639 2458 nostrique
658 2424 756 2451 similis
781 2425 861 2451 homo
875 2430 958 2458 esset,

173 2477 234 2495 cum
259 2467 350 2495 Verbo
373 2469 444 2504 quod
471 2476 503 2496 ex
540 2469 594 2496 Deo
624 2469 746 2503 procedit
791 2469 958 2503 hypostatica

175 2515 274 2541 nuioue
290 2522 342 2541 non
357 2515 527 2549 conjunctus,
541 2519 623 2549 atque
637 2515 698 2542 ideo
716 2522 764 2542 nec
790 2514 860 2541 Deus
874 2515 962 2542 credi-

1014 2287 1042 2314 δὲ
1053 2287 1102 2322 τῆς
1115 2286 1176 2318 νέας
1193 2287 1331 2322 Διαθήκης
1346 2288 1521 2322 μυσταγωγσι
1530 2287 1647 2322 Χριστὸν
1656 2286 1697 2321 τῷ
1707 2287 1800 2322 κόσμῳ

1014 2333 1241 2368 κατηγγέλκασιν.
1261 2333 1330 2359 Ἀλλ’
1350 2333 1428 2368 εἴπερ
1461 2333 1534 2359 ἐστὶν
1563 2333 1706 2368 ἅνθρωπος
1737 2332 1801 2358 καθ’

1013 2378 1096 2412 ἡμᾶς,
1120 2377 1185 2404 αὐτὸ
1208 2377 1241 2412 δὴ
1263 2376 1342 2403 τοῦτο
1365 2377 1462 2408 κοινὸς,
1483 2377 1532 2411 οὐχ
1559 2376 1654 2403 ὲνὼσει
1677 2378 1710 2411 τῇ
1737 2375 1801 2403 καθ’

1013 2423 1171 2456 ὑπόστασιν,
1182 2425 1214 2459 τῇ
1224 2423 1291 2459 προς
1301 2432 1342 2458 γε,
1353 2424 1435 2459 φημὶ,
1447 2424 1492 2450 τὸν
1505 2425 1538 2450 ὲκ
1549 2423 1616 2450 Θεοῦ
1628 2424 1725 2457 Λόγον,
1735 2421 1798 2450 εἶναι

1013 2468 1078 2500 Θεὸς
1093 2469 1321 2504 πεπιστευμένος,
1337 2469 1395 2501 πῶς
1412 2469 1538 2505 ὑπερέξει
1557 2470 1608 2505 τῆς
1629 2471 1745 2505 νομικῆς
1760 2470 1799 2496 πί-

1016 2523 1101 2546 στεως
1116 2516 1132 2550 ἡ
1148 2516 1207 2541 κατ’
1226 2515 1325 2549 αὺτόν;

174 2564 218 2587 tus
239 2568 245 2575 ’
271 2568 323 2587 non
339 2561 416 2588 video
427 2569 479 2596 qua
500 2561 604 2588 ratione
619 2562 684 2589 fides
697 2562 724 2588 in
741 2562 838 2596 ipsum,
851 2562 931 2589 ﬁdem
951 2569 1010 2596 qua:
1023 2570 1055 2588 ex
1069 2562 1126 2597 lege
1138 2567 1190 2593 est,
1203 2562 1327 2589 excellet.

360 2607 402 2633 Ea;
416 2606 534 2641 Epistula
551 2608 585 2633 ad
599 2606 776 2634 Calossenset.

213 2661 222 2677 ι
246 2652 357 2680 Gaudeo
368 2652 577 2688 nunc(inquit)
596 2653 623 2679 in
641 2652 812 2686 passiouibus
827 2654 894 2680 meis
911 2660 960 2688 pro

1189 2607 1239 2634 Ἐκ
1259 2607 1315 2640 τῆς
1333 2607 1407 2641 πρὸς
1429 2606 1630 2639 Κολασσαεῒς.

1053 2663 1061 2678 ι
1076 2653 1134 2679 Νῦν
1149 2652 1246 2688 χαίρω,
1261 2653 1352 2688 φησιν,
1368 2654 1397 2679 ὲν
1421 2655 1478 2684 τοῖς
1501 2651 1647 2688 παθήμασί
1667 2660 1720 2687 μου
1734 2651 1799 2687 ὑπὲρ

211 2723 234 2739 ⁸⁵
250 2723 348 2758 Ephes.
362 2732 392 2757 ιι,
411 2724 454 2757 Η,
472 2723 516 2751 l2.
553 2724 577 2740 "
593 2724 693 2759 Ephes.
708 2732 749 2758 in,
768 2724 861 2751 14-17.
888 2724 911 2739 ⁸⁸
927 2724 935 2750 l
951 2741 953 2748 .

1046 2731 1084 2755 tv,
1103 2723 1147 2751 15.
1184 2723 1206 2739 ⁸⁷
1223 2723 1335 2758 Philipp.
1354 2731 1395 2757 tu,
1409 2722 1436 2756 7,
1447 2723 1474 2750 8.

715 2802 801 2830 Vari-te
819 2801 947 2829 lectiones
961 2801 1061 2830 codicis
1079 2799 1257 2835 chuieriani.

216 2873 230 2894 Ρ
242 2869 278 2896 al.
295 2870 394 2906 ταύτῷ.
433 2876 446 2896 ιι
458 2870 535 2897 Θεοῦ.
577 2875 585 2889 ⁷
604 2871 680 2898 ἄθεα.
