1883 3056
136 153 208 182 £219

688 151 732 180 DE
752 149 866 178 RECTA
888 149 964 177 FIDE
985 150 1029 177 AD
1050 150 1209 178 REGINAS.

1699 155 1769 183 l2in

139 209 228 245 ὑμῶν,
240 209 287 236 καὶ
300 208 497 244 ἀνταναπληρῶ
511 209 543 237 τὰ
554 210 728 245 ὑστερήματα
741 210 795 237 τῶν
813 209 929 240 θλίψεων

1027 208 1070 240 ἠδ,
1086 214 1113 236 et
1126 208 1263 244 adimpleo
1274 216 1306 236 ea
1321 217 1380 244 quae
1392 210 1490 238 desttnt
1513 211 1669 246 passionum
1687 213 1768 240 Chri—

138 256 189 283 τοῦ
207 255 325 291 Χριστοῦ
348 256 377 281 ὲν
399 257 431 290 τῇ
458 256 538 290 σαρκὶ
559 265 609 290 μου
635 257 705 291 ὑπὲρ
732 256 778 282 τοῦ
804 255 929 291 σώματος

140 301 237 334 αὑτοῦ,
252 302 266 329 ὅ
279 302 352 327 ἐστιν
365 302 381 337 ἡ
401 301 563 336 Ἐκκλησία·
578 299 612 338 ἦς
627 302 760 337 ἐγενόμην
776 302 831 336 ἐγὼ
839 301 930 328 διάκο-

139 357 186 379 νος
201 347 271 374 κατὰ
285 347 334 382 τὴν
348 347 504 382 οἰκονομίαν
523 348 570 374 τοῦ
591 347 658 374 Θεοῦ
675 348 723 383 τὴν
743 348 865 375 δοθεῖσάν
885 357 929 384 μοι

138 395 180 426 εἰς
193 394 274 429 ὑμᾶς,
289 393 434 429 πληρῶσαι
453 394 498 420 τὸν
514 394 595 429 λόγον
608 395 655 421 τοῦ
676 395 744 422 Θεοῦ
756 404 762 410 ·
780 395 808 422 τὺ
826 396 930 431 μυστή-

139 450 199 476 ριον
221 441 250 467 τὸ
270 441 517 476 ἀποκεκρυμμένον
534 441 588 467 ἀπὸ
605 441 659 468 τῶν
681 441 786 468 αἰώνων
808 443 854 469 καὶ
876 442 930 469 ἀπὸ

137 486 195 513 τῶν
208 486 320 520 γενεῶν,
337 487 396 513 νυνὶ
423 487 451 513 δὲ
478 487 636 523 ἐφανερώθη
658 489 714 520 τοῖς
731 489 819 521 ἁγίοις
834 489 928 520 αὑτοῦ,

136 529 181 564 οἷς
193 531 326 567 ἠθέλησεν
345 531 359 558 ὁ
379 532 446 564 Θεδς
461 533 594 568 γνωρίσαι
609 533 650 565 τίς
663 535 678 561 6
694 534 808 566 πλοῦτος
823 535 873 570 τῆς
888 534 930 560 δό-

138 577 188 612 ξης
207 577 253 604 τοῦ
280 577 428 614 μυστηρίου
446 578 529 605 αὐτοῦ
557 581 587 605 ὲν
610 580 666 610 τοῖς
689 579 804 612 ἔθνεσιν,
819 580 848 612 ὅς
872 581 930 606 ἐστι

136 624 256 659 Χριστὸς
272 625 300 650 ἐν
315 625 392 659 ἡμῖν,
412 625 429 660 ἡ
447 624 525 656 ὲλπῖς
545 625 596 659 τῆς
609 625 698 661 δόξης.
720 625 750 653 ὃν
764 627 845 661 ἡμεῖς
862 634 931 653 κατ-

137 671 318 706 αγγέλλομεν.
333 680 344 697 ι
366 671 429 702 Πῶς
456 671 610 706 κέκρυπται
626 671 656 698 τὺ
674 673 831 707 μυστήριον,
843 672 859 708 ἧ
872 672 931 705 πῶς

137 716 213 742 ἐστιν
226 716 294 747 ὅλως
309 716 394 750 Λόγος
410 716 488 745 Θεοῦ.
502 718 576 749 ποῖος
591 717 619 744 δὲ
633 718 647 744 ὀ
661 717 776 749 πλοῦτος
789 718 840 753 τῆς
851 718 931 753 δόξης

137 763 243 788 ἔνεστιν
257 761 340 796 αὐτῷ,
354 762 433 797 εἰπερ
449 763 506 789 ἐστὶ
521 763 610 794 κοινὸς
625 763 769 799 ἄνθρωπος
785 764 845 791 καθ’
857 765 931 800 ἡμᾶς

137 809 152 834 ὁ
168 807 303 843 Χριστὸ;;
332 807 399 833 Οὐδὲ
415 807 468 841 γὰρ
483 808 554 842 μέγα
570 809 654 840 ἐστὶν,
671 809 729 836 ἀλλ’
745 810 805 836 οὐδὲ
828 810 932 843 ἀξιόλο-

137 863 188 888 γον
204 854 234 880 τὸ
252 854 413 888 μυστήριον,
429 855 453 880 εἰ
476 854 512 888 μὴ
527 855 565 886 ὡς
581 855 640 890 Θεῷ
655 856 804 892 προσίεμεν
817 857 856 892 τῷ
865 857 931 891 Χρι-

139 899 207 936 στῷ,
223 899 269 926 καὶ
286 900 427 935 συνίεμεν.
444 900 484 926 ὅτι
499 900 564 932 Θεὸς
577 901 615 927 ὢν
629 901 643 927 6
658 902 753 936 Λόγος,
769 902 816 930 καὶ
835 903 863 930 ἐν
878 903 932 929 i66-

138 955 202 981 τητι
218 946 264 972 καὶ
281 947 371 981 μορφῇ
391 945 439 972 τοῦ
454 947 574 982 Πατρὸς,
589 947 709 983 καθῆκεν
722 948 818 975 ἑαυτὸν
833 949 873 980 εἰς
886 949 932 975 κέ-

138 1000 236 1023 νωσιν,
251 992 397 1027 γενόμενος
420 991 574 1028 ἄνθρωπος,
599 994 647 1019 καὶ
674 993 838 1029 μεμενηκὼς
863 996 931 1030 ὅπερ

138 1035 175 1072 ἦν
187 1046 194 1053 ν
220 1037 347 1064 πλούσιον
371 1038 425 1074 γὰρ
442 1038 512 1066 οὕτω
533 1039 583 1066 καὶ
604 1039 667 1076 δόξῃ
687 1039 771 1076 πολλῇ
787 1041 886 1067 νοεῖται
901 1041 932 1067 τὸ

141 1084 293 1118 μυστήριον
306 1099 315 1108 .

181 1180 190 1195 ι
202 1171 246 1203 Ὡς
258 1169 305 1198 οὖν
321 1172 490 1207 παρελάϐετε
505 1173 551 1200 τὸν
570 1174 687 1209 Χριστὸν
704 1174 808 1210 Ἰησοῦν
829 1175 932 1210 Κύριον

140 1216 232 1252 ἡμῶν,
246 1217 275 1243 ἐν
286 1218 361 1252 αὐτῷ
374 1220 559 1254 περιπατεῖτε,
574 1220 751 1255 ἐρριζωμένοι
765 1221 812 1248 καὶ
825 1222 933 1248 ἐποικο-

140 1262 305 1298 δομούμενοι
329 1264 359 1290 ὲν
385 1264 470 1299 αὐτῷ,
486 1265 533 1291 καὶ
550 1265 739 1301 βεϐαιούμενοι
756 1267 785 1293 ἐν
801 1267 901 1294 πίστει,
920 1277 930 1293 ι

142 1308 205 1340 Πῶς
221 1307 268 1336 οὖν
282 1309 473 1346 παρελάϐομεν
494 1310 540 1338 τὸν
552 1312 682 1346 Χριστὸν,
701 1312 801 1346 διδάξει
816 1313 902 1348 λέγων
919 1316 933 1341 6

142 1354 225 1387 σοφὸς
244 1355 371 1390 Ἰωάννης
381 1363 388 1370 ·
407 1365 416 1381 ι
431 1356 485 1382 Καὶ
497 1357 511 1383 ὁ
523 1357 611 1391 Λόγος
625 1357 692 1393 σὰρξ
706 1358 825 1392 ἐγένετο.
838 1369 846 1384 ι
858 1359 934 1386 Ἀλλ’

141 1399 173 1425 οὺ
191 1399 330 1427 πέπαυται
350 1400 398 1427 τοῦ
416 1399 485 1427 εἶναι
499 1402 597 1436 Λόγος,
611 1403 657 1429 καὶ
681 1403 705 1429 εἰ
728 1404 823 1438 γέγονε
845 1398 913 1440 σάρξ
924 1414 930 1420 ·

143 1446 299 1481 συνεδρεύει
314 1447 368 1483 γὰρ
383 1447 430 1474 καὶ
450 1447 522 1474 οὕτω
535 1448 573 1484 τῷ
588 1449 645 1484 ἰδίῳ
657 1449 754 1487 Πατρὶ,
774 1451 822 1477 καὶ
832 1450 934 1487 Κύριος

140 1492 192 1528 τῆς
205 1492 284 1529 δόξης
295 1493 310 1519 ὁ
325 1494 533 1530 ἐσταυρωμένος
546 1494 712 1530 ὠνόμασται.

180 1633 193 1652 c
209 1622 248 1660 τῇ
266 1626 403 1661 προσευχῇ
421 1629 662 1662 προσκαρτερεῖτε,
685 1628 887 1664 γρηγοροῦντες
905 1630 934 1656 ὲν

143 1671 212 1706 αὐτῇ
233 1672 262 1697 ἐν
286 1671 465 1707 εὐχαριστίᾳ·
491 1673 704 1708 προσευχόμενοι
723 1674 780 1708 ἃμα
799 1675 846 1702 καὶ
871 1676 936 1711 περὶ

143 1717 234 1752 ἡμῶν,
249 1717 291 1744 ἵνα
302 1718 317 1744 6
331 1718 396 1750 Θεὸς
411 1719 503 1754 ἀνοίξῃ
524 1721 589 1755 ἡμῖν
607 1720 692 1756 θύραν
707 1721 754 1747 τοῦ
772 1721 863 1756 λόγου,
885 1722 934 1748 λα-

143 1762 225 1798 λῆσαι
245 1764 276 1790 τὸ
292 1765 441 1800 μυστήριον
456 1766 503 1792 τοῦ
521 1766 599 1799 Θεοῦ,
614 1767 647 1793 δι’
658 1766 672 1793 ὃ
687 1767 733 1794 καὶ
748 1767 874 1802 δέδεμαι·
892 1768 936 1795 ἵνα

145 1809 297 1845 φανερώσω
315 1811 390 1842 αὐτὸ,
413 1811 450 1843 ὡς
466 1812 506 1838 δεῖ
527 1820 561 1846 με
575 1812 701 1848 λαλῆσαι.
713 1822 722 1838 ι
741 1814 772 1840 Εἰ
789 1814 826 1849 μὴ
840 1813 905 1846 Θεὸς
921 1815 936 1841 ὁ

144 1855 272 1891 Χριστὸς,
287 1856 428 1891 ἄνθρωπος
443 1858 471 1884 δὲ
491 1857 551 1893 Οείᾳ
565 1857 656 1894 χάριτι
670 1859 867 1895 τετιμημένος,
888 1861 936 1887 οὐ·

144 1901 190 1928 δὲν
214 1900 270 1936 ἔχει
297 1901 364 1937 βαθὺ
386 1902 417 1928 τὸ
438 1903 482 1929 ἐπ’
501 1903 577 1938 αὐτῷ
605 1905 754 1940 μυστήριον
767 1914 774 1920 ·
792 1905 872 1937 ποίας
889 1903 936 1933 οὖν

145 1947 230 1973 ἐδεῖτο
248 1947 333 1983 θύρας
353 1948 392 1980 εἰς
406 1948 436 1975 τὸ
452 1949 577 1984 φανερῶς
589 1954 600 1968 ⁸
616 1950 682 1976 αὐτὸ
703 1951 750 1976 καὶ
770 1951 862 1984 καθὼς
882 1952 935 1979 ἔδει

146 1992 280 2028 Ἀαλῆσαη
295 1994 375 2028 Μέγα
390 1994 444 2029 γὰρ
457 1995 534 2021 οὐδὲν
548 1995 563 2030 ἢ
576 1995 694 2030 χαλεπὸν
710 1996 740 2022 τὸ
755 1997 820 2032 περὶ
832 1997 937 2033 ἀνθρώ-

146 2047 200 2065 που
217 2039 318 2072 λέγειν,
332 2039 369 2072 ὡς
384 2041 426 2075 εἴη
442 2041 512 2067 κατὰ
532 2040 613 2075 φύσιν
629 2041 782 2077 ἅνθρωπος.
795 2043 827 2069 Εἰ
843 2043 872 2070 δὲ
890 2044 937 2071 ἅν-

148 2085 257 2119 θρωπος
274 2085 393 2120 γεγονὼς
406 2086 419 2112 6
432 2087 463 2112 ἐκ
482 2086 550 2113 Θεοῦ
562 2087 726 2124 κηρύττεται
738 2089 823 2122 Λόγος
836 2109 844 2121 ,
858 2091 937 2125 χρεία

152 2130 185 2165 δὴ
202 2131 311 2162 πάντως
326 2132 405 2164 θεοῦ,
421 2132 467 2159 τοῦ
483 2133 530 2159 καὶ
544 2132 629 2168 Θύραν
652 2134 815 2169 ἀνοίγοντος.
833 2137 880 2163 καὶ
897 2136 937 2163 δι-

147 2175 238 2208 δόντος
259 2177 372 2212 λαλῆσαι
387 2178 417 2204 τδ
431 2179 592 2214 μυστήριον,
609 2179 670 2206 καθ’
685 2180 714 2206 ὃν
728 2183 862 2216 προσήκει
875 2183 938 2218 τρό-

148 2229 210 2248 πον.

347 2332 395 2359 Ἐκ
413 2333 469 2367 τῆς
489 2334 564 2368 πρὸς
584 2334 745 2369 Ἐϐραίους.

189 2407 198 2423 ι
217 2398 302 2425 Ὅταν
325 2399 353 2426 δὲ
363 2400 496 2437 εἰσαγάγῃ
513 2402 559 2429 τὸν
584 2403 757 2438 πρωτότοκον
773 2405 813 2437 εις
831 2406 880 2441 τὴν
896 2407 939 2433 οἰ-

150 2446 295 2480 κουμένην,
308 2447 392 2481 λέγει·
405 2449 461 2475 Καὶ
475 2451 741 2485 προσκυνησάτωσαν
752 2453 826 2488 αὐτῷ
839 2455 941 2487 πάντες

150 2491 261 2525 ἄγγελοι
285 2492 363 2521 Θεοῦ.
382 2504 391 2520 ι
418 2495 574 2532 Μονογενὴς
598 2497 669 2524 κατὰ
684 2498 765 2531 φύσιν
788 2501 802 2526 6
823 2501 855 2526 ὲκ
871 2501 939 2528 Θεοῦ

150 2539 258 2574 ΙΙατρὸς
281 2539 439 2574 ὠνόμασται
457 2541 542 2575 Λόγος
554 2563 561 2574 ,
583 2543 624 2569 ὅτι
645 2544 725 2579 μόνος
741 2545 773 2571 ὲικ
795 2546 875 2580 μόνον
895 2555 941 2581 γε-

150 2584 278 2619 γέννηται
299 2585 347 2612 τοῦ
369 2587 491 2622 Πατρός·
507 2588 613 2624 εἴρηται
629 2589 656 2616 δὲ
676 2591 722 2617 καὶ
749 2592 938 2626 πρωτότοκος,

151 2629 195 2656 ὅτε
210 2631 256 2657 καὶ
271 2631 396 2659 εἰσ-ῖελθεν
410 2634 450 2665 εἰς
467 2634 515 2670 τὴν
528 2635 690 2671 οἰκουμένην
702 2636 844 2672 ἄνθρωπος
859 2646 939 2672 γεγο-

981 255 1014 281 sti
1034 255 1059 281 in
1074 262 1155 282 carne
1169 263 1228 282 mea
1244 263 1293 290 pro
1308 263 1422 291 corpore
1438 257 1498 291 ejus
1510 277 1518 290 ,
1534 258 1606 292 quod
1618 263 1660 285 est
1676 258 1770 286 Eccle-

980 300 1030 333 sia,
1048 301 1126 335 cujus
1149 300 1237 328 factus
1249 309 1308 328 sum
1326 309 1376 337 ego
1399 302 1524 330 minister
1544 303 1692 330 secundum
1714 305 1770 330 dis-

980 347 1169 382 pensationem
1199 347 1259 380 Dei,
1279 355 1338 382 qua:
1358 348 1420 375 data
1438 353 1479 376 est
1492 349 1557 376 mihi
1583 349 1609 375 in
1634 350 1720 381 vobis,
1742 354 1771 377 ut

981 393 1105 428 impleam
1122 393 1232 420 verbum
1250 394 1316 426 Dei;
1345 395 1503 428 mysterium
1528 394 1599 429 quod
1624 395 1770 423 abscondi-

981 442 1037 465 tum
1052 439 1102 466 fuit
1120 447 1134 465 a
1153 439 1259 467 saeculis
1274 444 1301 466 et
1322 440 1559 474 generationibus,
1583 448 1654 468 nunc
1680 446 1770 468 autem

981 485 1184 512 manifestatum
1202 490 1243 512 est
1262 486 1364 513 sanctis
1387 485 1455 520 ejus,
1472 477 1572 520 quibus
1594 487 1678 514 voluit
1699 487 1771 514 Deus

982 536 1058 558 notas
1072 531 1161 558 facere
1175 531 1285 559 divitias
1298 532 1391 567 gloria:
1414 533 1579 560 sacramenti
1605 533 1685 567 hujus
1709 542 1772 567 gen-

981 577 1063 609 tibus,
1088 577 1160 611 quod
1183 582 1225 604 est
1249 577 1375 605 Christus
1403 577 1429 604 in
1452 578 1529 605 nobis
1546 598 1554 612 ,
1580 586 1641 613 spes
1668 579 1771 613 gloria-,

980 629 1060 656 quem
1079 630 1129 650 nos
1145 623 1339 650 anuuntiamus
1354 623 1387 651 ".
1405 633 1414 650 ι
1434 624 1574 656 Quomodo
1596 625 1717 651 abditum
1732 630 1773 651 est

981 669 1152 703 mysterium,
1177 673 1223 695 aut
1247 669 1294 696 Dei
1317 677 1430 704 prorsus
1446 668 1564 697 Verbum
1586 674 1638 702 est,
1663 675 1710 696 aut
1726 679 1774 696 cn-

978 713 1096 749 jusmodi
1118 715 1226 742 tandem
1242 715 1336 750 gloriae
1351 723 1416 750 opes
1433 720 1580 750 suppetunt
1607 716 1730 748 Christo,
1749 717 1771 744 si

982 759 1089 793 quidem
1116 759 1234 795 vulgaris
1263 765 1366 787 tantum
1401 761 1543 795 nostrique
1572 760 1670 789 similis
1692 761 1774 788 homo

982 805 1088 832 exsistit
1099 805 1111 832 ’ἰ
1121 805 1215 840 Neque
1229 806 1301 833 enim
1314 806 1367 841 72
1381 805 1483 840 grande
1498 811 1546 833 aut
1561 807 1648 842 magni
1659 806 1774 840 alicujus

984 851 1111 887 ponderis
1125 852 1282 887 mysterium
1300 852 1345 879 hic
1362 853 1440 886 latet,
1453 853 1476 880 si
1488 852 1597 880 Christo
1613 860 1665 880 non
1681 853 1771 880 colue-

984 905 1073 925 remns
1085 903 1213 932 tanquam
1230 898 1294 930 Deo,
1311 903 1441 933 certoque
1459 906 1618 933 persuasum
1642 899 1773 926 habenms

983 945 1028 972 Dei
1042 944 1171 974 Verbum,
1184 945 1255 978 quod
1268 944 1294 971 in
1309 943 1395 971 forma
1408 949 1436 972 et
1450 945 1607 979 mqualitate
1620 944 1709 972 Patris
1719 950 1771 976 est,

982 991 1118 1018 hominem
1142 991 1241 1018 [actum
1265 991 1298 1017 ad
1323 990 1474 1018 ultroneam
1499 990 1712 1018 exinanitionem
1744 999 1774 1018 se

982 1038 1134 1070 demisisse,
1149 1044 1260 1064 manens
1286 1037 1396 1064 interim
1424 1037 1476 1064 hoc
1502 1037 1590 1070 ipsum
1612 1037 1684 1070 quod
1701 1043 1771 1065 erat.

981 1083 1021 1110 Ad
1039 1084 1109 1110 hunc
1123 1084 1196 1110 enim
1213 1084 1321 1110 modum
1334 1084 1493 1117 mysterium
1509 1084 1561 1110 hoc
1575 1088 1716 1118 acceptum
1730 1084 1773 1111 in-

982 1135 1075 1165 gentes
1088 1129 1297 1165 magniﬁcentia:
1314 1133 1342 1156 et
1355 1129 1448 1164 gloria:
1462 1128 1572 1156 divitias
1588 1129 1676 1156 oii'ert.

1021 1185 1030 1202 ι
1051 1175 1127 1203 Sicut
1152 1183 1216 1210 ergo
1236 1175 1382 1210 accepistis
1403 1174 1495 1202 Jesum
1519 1175 1657 1202 Christum
1681 1175 1772 1202 Domi-

984 1230 1046 1249 num
1063 1227 1198 1254 nostrum,
1212 1221 1238 1248 in
1252 1221 1310 1256 ipso
1326 1220 1463 1247 ambulate
1475 1240 1482 1253 ,
1500 1221 1613 1248 radicati
1633 1226 1661 1248 et
1677 1228 1773 1255 super-

983 1267 1107 1295 :ediiicati
1121 1268 1147 1294 in
1162 1267 1230 1302 ipso,
1245 1272 1272 1294 et
1291 1267 1444 1294 conﬁrmati
1458 1266 1486 1293 in
1496 1267 1548 1294 ﬁde
1560 1267 1594 1295 ".
1612 1276 1622 1293 ι
1635 1267 1775 1300 Quomodo

983 1322 1033 1342 nos
1063 1314 1202 1342 Christum
1238 1313 1456 1347 susceperimus,
1483 1313 1510 1340 id
1547 1320 1625 1340 sarer
1658 1312 1775 1341 Joannes

983 1359 1115 1395 ejusmodi
1128 1359 1251 1385 oratione
1263 1358 1382 1385 breviter
1398 1357 1515 1391 explicat
1531 1365 1538 1384 :
1555 1366 1564 1382 ι
1592 1357 1625 1384 Ει
1644 1356 1774 1390 Verbum,

984 1406 1084 1440 inquit,
1099 1411 1162 1432 caro
1178 1405 1278 1431 factum
1294 1409 1337 1431 est
1347 1403 1378 1431 ‘°.
1398 1413 1407 1429 ι
1427 1403 1618 1430 Verumtamen
1635 1403 1697 1431 licet
1711 1410 1776 1430 caro

984 1452 1084 1478 factum
1099 1456 1152 1483 est,
1167 1458 1214 1485 per
1229 1450 1280 1477 hoc
1297 1454 1386 1477 tamen
1409 1449 1524 1476 Verbum
1540 1457 1601 1477 esse
1616 1456 1669 1476 non
1684 1449 1774 1476 desiit.

984 1497 1052 1525 Nam
1067 1497 1147 1524 etiam
1166 1497 1191 1523 in
1208 1503 1241 1523 eo
1256 1499 1328 1522 statu
1351 1495 1409 1529 pari
1431 1503 1492 1522 cum
1514 1495 1594 1522 Patre
1617 1495 1777 1522 auctoritate

948 1559 969 1587 α
987 1544 1084 1578 pollet;
1107 1547 1134 1569 et
1154 1541 1198 1576 qui
1214 1541 1304 1569 crucis
1328 1540 1490 1575 supplicium
1511 1540 1632 1574 pertulit,
1646 1539 1775 1568 Dominus

987 1589 1079 1624 gloria:
1091 1587 1254 1622 appellatur.

1025 1643 1034 1659 ι
1053 1633 1174 1660 Orationi
1193 1633 1302 1663 instate,
1316 1631 1461 1664 vigilantes
1484 1631 1509 1658 in
1529 1639 1560 1659 ea
1585 1631 1611 1658 in
1628 1631 1777 1666 gratiarum

987 1680 1110 1707 actione:
1127 1683 1237 1706 orantes
1254 1677 1333 1705 simul
1347 1681 1374 1705 et
1391 1685 1439 1712 pro
1455 1677 1532 1705 nobis
1543 1697 1551 1709 ,
1572 1681 1601 1704 ιιι
1624 1677 1695 1704 Deus
1713 1685 1778 1711 ape-

988 1726 1041 1752 riat
1063 1725 1140 1752 nobis
1162 1725 1262 1751 ostium
1285 1723 1418 1750 sermonis
1442 1723 1476 1749 ad
1496 1722 1658 1757 loquendum
1677 1727 1775 1757 myste-

988 1772 1057 1799 rium
1069 1770 1170 1798 Christi
1190 1770 1314 1804 (propter
1330 1769 1400 1803 quod
1414 1769 1496 1796 etiam
1510 1769 1618 1795 vinctus
1633 1768 1725 1802 sum),
1748 1773 1777 1795 ut

987 1817 1158 1846 manifestam
1170 1817 1235 1844 illud
1254 1817 1302 1848 ita.
1319 1820 1349 1843 ut
1361 1819 1469 1850 oportet
1483 1823 1525 1842 me
1539 1815 1610 1850 loqui
1625 1815 1659 1842 “.
1679 1823 1689 1840 ι
1707 1814 1779 1841 Sane

988 1865 1010 1892 si
1026 1864 1151 1892 Christus
1170 1863 1240 1890 Deus
1254 1870 1307 1890 non
1325 1866 1409 1893 esset,
1424 1861 1470 1889 sed
1489 1861 1571 1888 homo
1589 1864 1692 1888 tantum
1709 1860 1779 1887 divi-

987 1919 1030 1938 na:
1046 1910 1140 1944 gratiae
1156 1916 1272 1936 munere
1286 1908 1416 1941 donatus,
1430 1908 1591 1943 mysterium
1606 1907 1639 1934 de
1652 1907 1710 1941 ipso
1723 1914 1778 1933 non

988 1957 1130 1985 admodum
1145 1955 1308 1991 profundum
1323 1954 1403 1982 foret.
1418 1956 1478 1987 Quo
1502 1954 1585 1988 igitur
1608 1953 1680 1980 ostio
1702 1957 1779 1987 pale—

988 2003 1060 2031 facto
1078 2011 1145 2038 opus
1161 2007 1220 2029 erat
1233 2007 1262 2029 ut
1283 2001 1350 2028 illud
1375 1999 1607 2032 manifestaretur,
1624 1999 1779 2027 commode—

988 2057 1041 2084 que
1055 2049 1096 2084 (ut
1110 2046 1260 2083 oportebat)
1276 2045 1494 2082 proponeretur?
1508 2044 1648 2079 siquidem
1667 2051 1719 2071 non
1737 2047 1781 2070 est

987 2102 1032 2122 res
1045 2102 1152 2129 magna,
1168 2098 1216 2120 aut
1228 2093 1311 2119 ardua
1327 2093 1360 2119 de
1380 2091 1491 2118 homine
1510 2091 1602 2118 dicere
1613 2110 1620 2123 ,
1643 2090 1714 2124 quod
1732 2097 1780 2116 na-

990 2145 1049 2167 tura
1066 2140 1148 2167 homo
1166 2139 1211 2166 sit.
1227 2137 1255 2166 Si
1272 2142 1364 2165 autem
1379 2137 1498 2164 Verbum
1519 2137 1567 2163 Dei
1580 2137 1660 2163 homo
1676 2135 1779 2162 factum

989 2186 1160 2222 praedicetur,
1171 2184 1227 2218 jam
1243 2184 1354 2210 omnino
1367 2191 1437 2218 opus
1452 2182 1504 2210 erit
1519 2181 1644 2218 praesidio
1662 2180 1720 2214 Dei,
1733 2180 1779 2214 qui

952 2227 974 2254 Ι)
989 2233 1089 2260 ostium
1113 2235 1235 2263 reseret,
1260 2230 1523 2264 convenientemque
1553 2228 1674 2263 mysterii
1699 2228 1782 2262 hujus

991 2278 1200 2314 explicationem
1216 2277 1359 2312 largiatur.

1191 2343 1234 2371 Ex
1247 2343 1368 2378 Epistula
1385 2344 1420 2370 ad
1434 2343 1572 2370 Hebrwos.

1033 2423 1042 2440 ι
1061 2413 1128 2440 Cum
1145 2413 1293 2440 introducit
1309 2413 1519 2448 primogenitum
1538 2412 1564 2439 in
1580 2411 1673 2440 orbem
1689 2415 1779 2442 terrm.

991 2457 1058 2485 dicit
1074 2465 1081 2483 :
1095 2457 1128 2484 Et
1138 2456 1252 2483 adorent
1271 2464 1332 2484 eum
1345 2465 1440 2484 omnes
1452 2456 1541 2491 angeli
1557 2456 1602 2484 Dei
1616 2457 1649 2483 ".
1671 2465 1681 2482 ι
1699 2456 1784 2483 Natu«

990 2503 1045 2530 rale
1061 2502 1105 2529 Dei
1118 2502 1207 2528 Patris
1219 2501 1337 2529 Verbum
1352 2502 1507 2537 unigenitus
1521 2501 1682 2536 appellatur,
1694 2509 1781 2536 quan-

989 2549 1134 2583 doquidem
1151 2548 1236 2576 solum
1260 2555 1292 2575 ex
1311 2549 1368 2575 solo
1390 2547 1471 2575 Patre
1491 2548 1613 2583 genitum
1637 2553 1697 2575 est:
1725 2548 1781 2582 pris

990 2595 1118 2630 mogeniti
1131 2599 1220 2621 autem
1231 2601 1328 2621 nomen
1342 2599 1398 2620 tum
1411 2594 1518 2620 demum
1531 2593 1660 2624 obtinuit,
1673 2593 1781 2627 qliando

989 2639 1081 2672 homo,
1101 2644 1129 2666 et
1152 2639 1244 2666 mundi
1270 2646 1332 2674 pars
1356 2639 1482 2666 eil'ectum
1504 2638 1532 2666 in
1553 2638 1624 2666 hunc
1647 2643 1782 2666 terrarum

186 2710 210 2726 ⁸⁸
224 2710 352 2744 Coloss.t,
364 2711 459 2741 24-28.
499 2714 521 2730 ‘9
536 2713 638 2744 Coloss.
657 2724 686 2749 ιι,
700 2715 727 2743 6.
766 2717 788 2732 ⁶⁰
802 2716 895 2750 Joan.,
911 2725 930 2750 ι,

1031 2719 1051 2734 ⁶¹
1064 2718 1167 2747 Coloss.
1183 2727 1219 2752 IV,
1230 2719 1292 2747 2-4.
1332 2719 1354 2735 °'
1369 2718 1451 2746 llebr.
1469 2726 1488 2751 ι⁷
1503 2718 1530 2746 6.

689 2795 773 2825 Variae
789 2797 919 2827 lectiones
932 2799 1034 2828 codicis
1049 2798 1229 2834 Segnieriani.

186 2863 197 2878 ι
213 2859 381 2895 φανερῶσαι.
