1883 3056
161 138 228 166 4251

654 134 684 162 S.
705 134 842 162 CYRILLI
861 134 1094 163 ALEXANDRINI
1114 135 1279 164 ARCHIEP.

1736 136 1806 163 {2‘22

160 198 254 225 orbem
281 196 431 232 lngressum
459 202 511 225 est.
540 197 732 227 Verumtamen
761 201 812 228 hac
844 208 949 235 quoque

1033 209 1065 232 ις,
1080 200 1127 226 καὶ.
1150 198 1232 236 μέρος
1247 199 1342 235 αὐτῆς.
1357 199 1429 234 Πλὴν
1445 199 1493 226 καὶ
1506 198 1582 226 οὕτω
1598 199 1801 233 προσκυνεῖται

163 244 267 271 ratione
288 251 302 270 a
336 243 439 270 sanctis
462 243 565 278 angelis
593 247 730 278 adorator,
765 254 826 272 cum
849 246 948 273 adora-

163 290 201 316 tio
221 289 269 316 soli
301 288 356 315 Deo
371 289 513 322 debeatur,
530 296 558 318 et
578 291 612 318 ad
641 291 713 318 illum
744 291 828 319 solum
846 292 948 318 refera-

163 341 214 362 tnr.
228 335 294 368 Quis
307 335 389 370 igitur
413 335 551 362 Christum
576 336 659 364 Deum
681 344 741 364 esse
765 337 893 372 ambigat,
921 342 951 364 ut

161 382 242 408 etiam
258 381 282 407 in
296 381 364 408 ctelo
378 381 526 408 adoretur?

197 426 249 461 73
267 435 276 452 ί
290 426 321 453 Et
331 426 365 458 ad
376 426 485 462 angelos
492 427 600 462 quidem
612 427 676 455 dicit
688 436 694 454 :
707 428 756 462 Qui
767 428 830 455 facit
840 428 949 464 angelos

161 478 224 498 suos
239 472 360 506 spiritus,
377 477 405 499 et
419 473 560 500 ministros
573 481 636 501 suos
653 473 790 501 ﬂammam
811 474 891 509 ignis.
909 474 947 501 Ad

164 516 260 543 Filium
275 522 380 544 autem:
397 517 522 546 Thrnnus
536 524 607 552 tuus,
618 518 697 552 Deus,
712 519 738 546 in
755 520 883 547 smculum
899 527 949 547 saa-

161 563 226 589 culi.
237 561 374 598 Et:Virga
388 564 522 598 aequitatis
535 565 608 599 virga
623 565 697 600 regni
712 565 889 593 tui.Dilexisti
903 565 949 600 ju-

161 609 273 642 stitiam,
302 614 329 636 et
349 609 428 636 odisti
450 609 639 644 iniquitatem:
657 617 798 645 propterea
817 612 895 639 unxit
923 617 949 640 te

166 656 247 687 Deus,
263 655 333 682 Dens
346 660 416 687 tuus,
435 654 495 683 oleo
505 656 692 684 exsultationis
707 665 762 692 prae
772 658 948 692 participibus

163 703 216 728 tuis
228 702 261 729 ".
282 711 292 728 ι
323 701 350 728 Si
380 701 538 736 angelorum
554 703 676 729 conditor
693 707 750 735 est,
776 703 798 730 si
819 704 947 731 thronum

161 747 267 774 obtinet
283 747 489 781 sempiternum,
503 747 636 781 justitiam
654 749 760 781 dilexit,
775 754 803 776 et
819 749 949 784 iniquita-

162 797 216 818 tem
234 793 296 819 odio
313 793 415 824 habuit,
433 800 518 827 caque
533 794 565 820 de
581 801 662 821 causa
677 795 865 822 exsultationis
889 795 949 822 oleo

162 846 178 865 a
194 838 246 865 Deo
263 838 342 866 Patre
357 840 482 867 inunctus
498 840 549 866 fuit
565 849 571 867 :
588 841 652 874 quid
669 845 788 868 statuere
807 847 854 868 aut
875 841 949 875 cogi-

1003 246 1078 282 παρά
1096 246 1150 273 τῶν
1164 247 1250 280 άγίων
1268 245 1401 280 ἀγγέλων,
1414 245 1598 280 ἀνακειμένου
1612 253 1644 270 τε
1667 243 1717 270 καὶ
1735 245 1804 279 πρέ-

1003 302 1099 324 ποντος
1122 293 1194 328 μόνῳ
1219 292 1278 327 Θεῷ
1293 291 1339 319 τοῦ
1355 292 1403 318 καὶ
1418 291 1637 328 προσκυνεῖσθαι
1652 291 1721 317 δεῖν.
1739 290 1802 321 Πῶς

1001 337 1047 366 οὖν
1061 339 1092 365 οὺ
1105 338 1170 370 Θεὸς
1185 340 1199 365 6
1215 337 1341 373 Χριστὸς,
1355 338 1370 364 6
1385 337 1433 364 καὶ
1448 338 1477 364 ἐν
1495 337 1606 373 οὐρανῷ
1623 337 1801 372 προσκυνού-

1004 393 1083 420 μενος
1094 393 1102 417 ;

1041 440 1050 455 ι
1066 430 1122 456 Καὶ
1134 430 1201 466 πρὸς
1213 429 1262 464 μὲν
1281 429 1344 460 τοὺς
1353 428 1486 463 ἀγγέλους
1496 428 1582 462 λέγει·
1599 428 1630 455 Ὀ
1641 427 1727 454 ποιῶν
1739 428 1804 459 τοὺς

1001 473 1133 507 ἀγγέλους
1146 473 1228 500 αὐτοῦ
1239 473 1391 508 πνεύματα,
1405 473 1522 504 καὶτοὺς
1531 473 1710 508 λειτουργοὺς
1719 473 1802 498 αὑτοῦ

1002 519 1087 554 πυρὸς
1094 519 1191 553 φλόγα.
1199 518 1269 554 Πρὸς
1277 519 1304 545 δὲ
1317 518 1360 545 τὸν
1367 519 1440 545 Υίόνν
1449 519 1476 545 '0
1484 518 1578 554 Θρόνος
1588 520 1665 551 σου,ό
1675 519 1754 551 Θεὸς,
1762 520 1803 550 si;

1001 565 1046 591 τὸν
1059 565 1144 591 αἰῶνα
1160 564 1206 591 τοῦ
1227 564 1334 596 αἰῶνος.
1351 564 1415 591 Καί·
1433 565 1465 591 Ἡ
1475 564 1574 600 ῥάϐδος
1585 567 1635 600 τῆς
1649 565 1802 599 5506:1116;

1002 619 1049 636 σου
1070 610 1167 646 ῥάϐδος
1179 610 1230 645 τῆς
1253 610 1391 645 βασιλείας
1405 618 1463 636 σου.
1482 610 1642 646 Ἠγάπησας
1657 611 1800 638 δικαιοτὰ-

1001 663 1060 690 νην,
1075 654 1122 681 καὶ
1131 654 1264 689 ἐμίσησας
1271 654 1378 680 ἀδικίαν
1387 654 1408 671 ι’
1418 653 1464 680 διά
1470 653 1550 680 τοῦτο
1557 654 1653 689 ἔχρισε
1661 663 1690 680 σε
1699 656 1713 681 6
1720 655 1798 686 Θεὸς,

1001 700 1015 725 6
1026 699 1091 731 Θεός
1107 707 1165 730 σου,
1184 699 1273 726 ἔλαιον
1289 699 1475 733 ἀγαλλιάσεως
1495 699 1570 734 παρά
1587 700 1652 731 τοὺς
1666 700 1800 735 μετόχους

1003 755 1060 783 σου.
1074 757 1083 772 ι
1101 747 1133 773 Εἰ
1154 746 1269 782 ποιητής
1285 747 1409 781 ἀγγέλων
1426 747 1500 773 ἐστὶν
1516 748 1530 773 6
1548 747 1645 783 θρόνον
1661 748 1735 783 ἔχων
1758 749 1798 779 εἱς

1001 793 1046 820 τὸν
1059 793 1145 820 αἰῶνα
1157 792 1204 819 τοῦ
1218 792 1327 826 αἰῶνος,
1343 793 1490 827 ἀγαπήσας
1503 801 1532 819 τε
1545 793 1736 828 δικαιοσύνην,
1750 794 1798 819 καὶ

1003 838 1165 874 μεμισηκὼς
1178 838 1286 864 ἀδικίαν
1296 842 1321 871 υ,
1340 838 1388 864 καὶ
1402 838 1447 864 διὰ
1461 838 1540 864 τοῦτο
1555 839 1701 874 κεχρῖσθαι
1719 839 1797 872 λεγό-

162 889 220 911 tare
235 892 283 911 nos
295 892 344 919 par
353 889 404 917 est,
417 887 479 912 dum
493 886 518 912 in
535 886 666 918 ejusmodi
681 887 713 913 de
726 887 784 920 ipso
799 887 948 914 sententias

1036 893 1081 915 vo;
1092 884 1131 919 τῷ
1146 884 1229 918 ἐλαίῳ
1242 883 1292 918 τῆς
1306 883 1493 918 ἀγαλλιάσεως
1509 883 1586 918 παρὰ
1599 883 1647 910 τοῦ
1663 883 1733 910 Θεοῦ
1751 885 1798 910 καὶ

164 931 358 958 inciderimus?
380 931 446 957 Nam
472 931 494 958 si
515 931 641 959 caelestes
666 932 778 966 spiritus
801 939 864 959 suos
886 932 950 959 facit

163 976 312 1008 ministros,
331 976 513 1011 thronumque
534 977 655 1011 possidet
679 978 798 1011 dcitatis,
816 978 951 1012 quomodo

163 1022 225 1049 oleo
239 1022 430 1049 exsultationis
446 1022 580 1050 delibutus
601 1023 756 1050 asseritur?
775 1024 846 1050 Sane
869 1031 952 1058 auge-

163 1068 204 1095 los
216 1071 292 1095 creat
305 1073 333 1094 ut
346 1068 427 1100 Deus,
441 1068 579 1103 iniungitur
590 1074 678 1096 autem
695 1074 723 1096 ut
745 1070 824 1097 homo
835 1091 841 1103 ,
871 1070 906 1097 ita
923 1076 951 1097 ut

164 1115 221 1148 ipsa
237 1114 328 1141 unctio
350 1122 401 1141 non
419 1114 452 1141 ad
476 1115 593 1141 divinam
617 1119 753 1148 naturatn,
770 1116 816 1143 sed
842 1116 874 1143 ad
891 1116 949 1142 dis-

163 1160 328 1194 pensationis
358 1160 519 1195 sapientiam
535 1161 628 1196 procul
644 1161 725 1188 dubio
742 1162 885 1190 referatur.
901 1162 950 1189 Est

164 1206 255 1240 itaque
275 1205 401 1232 Christus
419 1205 500 1237 Deus,
520 1211 547 1232 et
565 1207 665 1233 homo:
684 1207 754 1234 Deus
775 1208 882 1242 quidem
905 1216 951 1235 na-

165 1256 235 1283 tura,
247 1251 328 1277 homo
341 1258 404 1278 vero
416 1251 499 1278 nostri
512 1251 609 1279 similis
622 1252 828 1287 dispensatorie,
842 1254 951 1287 quando

163 1295 293 1322 nimirum
317 1295 465 1324 secundum
482 1303 591 1324 carnem
611 1304 645 1324 ex
668 1297 780 1325 muliere
803 1302 882 1326 natus
899 1303 951 1326 est.

201 1395 211 1412 ε
231 1386 338 1419 Videte,
355 1385 465 1418 fratres,
481 1393 515 1412 ne
529 1385 597 1412 forte
612 1386 668 1413 sint
683 1387 709 1414 in
727 1386 817 1422 aliquo
833 1392 950 1414 vestrum

163 1439 211 1460 cor
221 1432 321 1459 malum
337 1431 532 1459 incredulitatis
546 1432 699 1459 discedendi
718 1440 732 1459 a
753 1433 805 1460 Deo
816 1434 876 1460 vivo
891 1433 925 1460 “.
940 1443 948 1459 ι

164 1478 193 1505 Si
209 1478 344 1505 Christum
358 1477 533 1512 abnegantes,
549 1485 564 1505 a
585 1478 639 1505 Deo
653 1478 716 1505 vivo
732 1483 759 1506 et
775 1486 838 1506 vero
861 1479 952 1506 desci-

164 1524 282 1556 scimus;
297 1523 323 1550 in
345 1522 397 1550 ﬁde
412 1530 475 1550 vero
491 1530 551 1558 qua:
565 1523 590 1550 in
606 1523 692 1558 ipsum
706 1529 746 1550 est
758 1524 948 1558 persistentes.

163 1568 321 1595 defectionis
352 1568 467 1595 crimine
495 1568 650 1596 nullatenus
672 1569 822 1604 obligantur
851 1579 856 1596 :
881 1578 950 1605 quo-

165 1614 244 1640 modo
260 1612 385 1639 Christus
397 1620 451 1639 non
465 1617 506 1639 est
520 1612 592 1640 Deus
604 1613 616 1640 ί

203 1667 212 1683 ε
230 1657 258 1685 Si
269 1658 341 1685 enim
359 1658 468 1692 sanguis
485 1658 621 1684 hircorum
635 1662 662 1684 et
679 1663 827 1691 taurorum,
841 1663 868 1685 et
879 1659 949 1687 ciuis

164 1704 254 1731 vitula:
271 1711 406 1738 aspersus,
423 1704 575 1738 inquinatos
597 1704 749 1731 sanctificat
770 1705 803 1731 ad
818 1706 948 1732 emunda-

165 1752 264 1778 tionem
280 1751 390 1778 carnis:
413 1756 515 1785 quanto
538 1750 623 1785 magis
643 1752 753 1784 sanguis
769 1750 885 1784 Christi,
903 1751 948 1783 qui

166 1806 214 1832 per
228 1797 359 1832 Spiritum
372 1801 494 1823 sanctum
509 1797 683 1831 semetipsum
701 1796 800 1824 obtulit
817 1797 949 1823 immacu-

166 1843 246 1869 latum
272 1842 344 1874 Deo,
369 1841 526 1869 ctnundabit
554 1842 748 1869 conscientiam
773 1847 892 1868 nostram
915 1842 949 1868 ab

163 1889 291 1924 operibus
306 1889 431 1921 mortuis,
450 1888 484 1915 ad
507 1889 676 1915 serviendum
692 1888 747 1916 Deo
763 1888 861 1915 viventi
873 1889 894 1903 ⁵⁵
908 1888 920 1914 ?
936 1897 946 1914 ο

165 1935 193 1962 εἰ
206 1934 331 1961 Christus
343 1941 423 1961 veros
436 1933 508 1960 Deus
519 1941 571 1960 non
587 1939 639 1966 est,
656 1941 748 1968 quam,
762 1941 864 1968 quaeso,
878 1934 949 1960 utili-

165 1987 246 2009 tatem
268 1981 337 2008 illius
352 1980 461 2015 sanguis
477 1980 552 2007 nobis
567 1980 665 2014 poterit
679 1979 795 2007 afferre?
814 1981 866 2006 Aut
880 1987 948 2015 quo-

165 2027 243 2054 modo
258 2026 437 2053 conscientias
454 2030 561 2053 nostras
582 2026 616 2052 ab
629 2026 755 2060 operibus
773 2025 886 2053 mortuis
900 2034 948 2060 po-

163 2073 227 2100 terit
240 2072 371 2108 expiare?
388 2072 456 2105 Quid
475 2073 546 2099 enim
569 2071 688 2106 vulgaris
704 2071 821 2098 hominis
838 2071 948 2106 sanguis

164 2118 274 2145 virtutis
292 2123 338 2145 aut
352 2117 520 2146 efﬁcacitatis
536 2117 626 2149 habet,
639 2117 709 2152 quod
726 2124 778 2144 non
793 2118 872 2144 etiam
886 2124 948 2144 san-

163 2165 223 2198 guis
238 2164 394 2191 hircorum?
409 2164 475 2191 nihil
492 2164 614 2190 omnino.
638 2162 695 2190 Hoc
717 2163 804 2190 solum
831 2169 947 2197 namque

164 2212 234 2238 inter
253 2211 324 2238 hunc
336 2215 363 2237 et
378 2210 451 2237 illum
469 2210 590 2242 interest,
606 2211 677 2244 quod
694 2209 738 2237 hic
753 2210 788 2237 sit
802 2210 948 2236 animantis

164 2256 246 2288 bruti,
264 2255 308 2283 ille
329 2263 394 2283 vero
415 2255 561 2283 animantis
583 2255 690 2282 ratione
713 2255 830 2290 praediti.
849 2255 948 2282 Verum

163 2301 228 2336 quia
253 2300 385 2329 naturalis
405 2300 452 2328 Dei
472 2300 556 2328 Filios
573 2307 683 2327 carnem
709 2300 871 2335 assumpsit,
887 2307 950 2327 san-

163 2346 327 2380 guinemque
343 2353 421 2373 suum
441 2353 490 2380 pro
505 2345 631 2373 omnibus
644 2344 774 2380 profudit,
789 2344 889 2372 factum
909 2351 950 2373 est

1001 931 1123 966 Πατρός·
1141 930 1167 956 τί
1181 930 1213 966 δὴ
1226 930 1279 966 ἄρα
1299 931 1389 965 φαμὲν
1410 932 1449 962 είς
1466 930 1571 961 ἐννοίας
1585 931 1734 965 ἐρχόμενοι
1748 931 1799 962 τὰς

1001 977 1044 1002 ἐπ’
1058 975 1148 1011 αὖτῴ;
1166 976 1198 1002 Εἰ
1214 976 1268 1011 γὰρ
1282 977 1356 1002 ποιεῖ
1373 977 1436 1008 τοὺς
1452 976 1584 1010 ἀγγέλους
1600 976 1686 1003 αὑτοῦ
1713 976 1798 1003 πνεύ-

1002 1030 1086 1057 ματα,
1100 1022 1146 1048 καὶ
1161 1021 1255 1057 Θρόνον
1268 1021 1325 1056 ἔχει
1338 1022 1475 1057 θεάτητος,
1495 1023 1556 1048 τινα
1569 1023 1672 1057 τρόπον
1685 1024 1797 1058 χρίεται

1000 1066 1039 1101 τῷ
1062 1065 1144 1101 ἐλαίῳ
1166 1067 1214 1100 τῆς
1231 1066 1434 1100 ἀγαλλιάσεως;
1449 1067 1555 1093 Οὐκοῦν
1576 1067 1665 1099 κτίζει
1691 1068 1742 1102 μὲν
1759 1067 1798 1098 ὡς

1000 1112 1067 1144 Θεὸς
1092 1112 1239 1146 ἀγγέλους,
1265 1112 1371 1148 χρίεται
1387 1113 1416 1138 δὲ
1436 1113 1474 1144 ὡς
1495 1113 1659 1148 ἄνθρωπος’
1681 1114 1735 1140 οὐκ
1754 1114 1795 1146 εἰς

1000 1158 1049 1193 τὴν
1067 1158 1115 1193 τῆς
1133 1157 1259 1193 θεότητος
1275 1157 1366 1192 φύσιν,
1384 1158 1440 1184 ἀλλ’
1455 1160 1494 1190 είς
1516 1159 1546 1185 τὸ
1563 1160 1612 1194 τῆς
1632 1159 1793 1193 οἰκονομίας

1002 1203 1125 1238 εὐτεχνὲς
1155 1203 1301 1238 ἐρχομένου
1332 1203 1379 1229 τοῦ
1402 1203 1562 1238 χρίσματος.
1585 1204 1651 1236 Θεὸς
1672 1204 1728 1240 ἄρα
1748 1204 1796 1230 καὶ

1001 1247 1143 1283 ἄνθρωπος
1158 1249 1172 1274 6
1187 1247 1304 1283 Χριστός
1314 1255 1321 1262 ’
1338 1247 1405 1278 Θεὸς
1422 1248 1472 1282 μὲν
1487 1249 1518 1283 τῇ
1537 1248 1629 1282 φύσει,
1649 1248 1794 1284 ἀνθρωπος

1001 1291 1030 1318 δὲ
1052 1291 1112 1318 καθ’
1127 1293 1201 1327 ἡμᾶς
1221 1293 1236 1318 6
1253 1292 1333 1323 αὐτὸς
1349 1293 1541 1327 οἰκονομικῶς,
1558 1294 1603 1319 ὅτε
1629 1293 1744 1328 γέγονεν
1761 1293 1794 1319 ὲκ

1002 1338 1130 1372 γυναικὸς
1144 1338 1214 1365 κατά
1231 1338 1330 1374 σάρκα.

1041 1393 1050 1408 ι
1065 1382 1194 1414 Βλέπετε,
1215 1383 1336 1417 ἀδελφοὶ,
1357 1383 1393 1419 μή
1410 1383 1566 1410 ποτὲἐστιν
1588 1383 1617 1409 ἑν
1637 1392 1692 1409 τινι
1716 1382 1793 1418 ὑμῶν

1002 1428 1102 1461 καρδία
1115 1428 1221 1464 πονηρά
1236 1428 1374 1462 ἀπιστίας,
1389 1430 1417 1455 ὲν
1432 1428 1471 1464 τῷ
1485 1429 1635 1464 ἀποστῆναι
1653 1429 1710 1455 ἀπὸ
1726 1428 1792 1454 Θεοῦ

1003 1474 1134 1506 ζῶντος.)
1154 1475 1185 1501 Εἰ
1210 1474 1373 1510 ἀρνούμενοι
1398 1475 1443 1501 τὸν
1468 1475 1596 1510 Χριστὸν,
1619 1474 1793 1509 ἀφιστάμεθα

1002 1520 1070 1546 Θεοῦ
1086 1519 1186 1552 ζῶντος
1199 1521 1246 1547 καὶ
1261 1520 1387 1555 ἀληθινοῦ
1398 1541 1405 1553 ,
1418 1520 1582 1555 ἐμμένοντες
1597 1520 1627 1546 δὲ
1641 1521 1675 1555 τῇ
1690 1520 1732 1551 εἰς
1745 1520 1792 1545 αὖ·

1003 1566 1048 1593 τὸν
1066 1566 1165 1599 πίστει,
1182 1567 1242 1593 κατ’
1255 1567 1350 1593 οὐδένα
1369 1568 1469 1603 τρόπον
1487 1567 1640 1602 ποιούμεθα
1654 1567 1704 1602 τὴν
1727 1568 1792 1593 ἁπο-

1004 1613 1116 1638 στασίαν
1127 1634 1134 1646 ,
1151 1613 1208 1644 πῶς
1221 1613 1250 1639 οὺ
1266 1613 1332 1643 Θεὸς
1344 1615 1358 1640 6
1371 1614 1503 1649 Χριστός;

1042 1668 1051 1683 ι
1066 1659 1097 1684 Et
1111 1658 1165 1693 γάρ
1180 1659 1211 1684 τὸ
1225 1656 1295 1694 αἷμα
1312 1660 1419 1694 ταύρων
1435 1660 1482 1686 καὶ
1496 1660 1617 1695 τράγων,
1633 1662 1682 1687 καὶ
1697 1661 1793 1690 σποδὸς

1002 1704 1142 1739 δαμάλεως
1169 1704 1330 1739 ῥαντίζουσα
1354 1706 1416 1737 τοὺς
1437 1707 1651 1742 κεκοινωμένους
1687 1706 1791 1740 ἁγιάζει

1003 1750 1070 1785 πρὸς
1090 1750 1137 1785 τὴν
1156 1751 1204 1785 τῆς
1221 1751 1319 1785 σαρκὸς
1336 1751 1527 1787 καθαρότητα·
1544 1753 1620 1787 πόσῳ
1639 1753 1742 1787 μᾶλλον
1762 1754 1791 1779 τὸ

1003 1793 1073 1831 αἷμα
1093 1796 1140 1822 τοῦ
1157 1796 1287 1831 Χριστοῦ,
1309 1797 1338 1828 6;
1352 1797 1396 1823 διὰ
1416 1799 1573 1833 Πνεῦματος
1596 1799 1676 1832 ἁγίου
1696 1800 1789 1826 ἑαυτὸν

1003 1842 1190 1877 προσήνεγκεν
1210 1843 1325 1878 ἄμωμον
1344 1844 1383 1878 τῷ
1404 1844 1474 1880 Θεῷ,
1492 1845 1620 1880 καθαριεῖ
1633 1846 1684 1881 τὴν
1701 1846 1789 1872 συνεὶ-

1002 1888 1080 1923 δήσιν
1102 1887 1181 1923 ἡμῶν
1203 1889 1257 1914 ἀπὸ
1278 1889 1383 1924 νεκρῶν
1405 1889 1503 1924 ἔργων,
1528 1891 1568 1922 εἰς
1591 1891 1622 1917 τὸ
1645 1891 1788 1926 λατρεύειν

1002 1932 1061 1968 Θεῷ
1085 1932 1185 1966 ζῶντι;
1207 1942 1215 1958 ι
1229 1934 1260 1959 Εἰ
1282 1934 1319 1969 μὴ
1333 1935 1399 1965 Θεὸς
1417 1935 1519 1970 ἀληθής
1536 1935 1611 1961 ἐστιν
1630 1937 1644 1962 6
1664 1937 1788 1971 Χριστὸς,

1002 1977 1042 2008 τίς
1056 1977 1175 2012 ήδνησις
1191 1979 1207 2012 ἡ
1222 1978 1266 2004 διὰ
1277 1978 1324 2004 τοῦ
1340 1979 1454 2014 αἳματος
1467 1980 1567 2013 αὖτοῦ;
1585 1981 1620 2006 Ἦ
1635 1980 1695 2012 πῶς
1711 1982 1789 2016 ἡμῶν

1002 2023 1128 2058 καθαριεῖ
1148 2024 1196 2058 τήν
1214 2024 1365 2059 συνείδησιν
1390 2026 1444 2052 ἀπὸ
1457 2026 1561 2061 νεκρῶν
1583 2026 1693 2061 ἐργωνς
1717 2024 1788 2062 Αἷμα

1001 2069 1055 2104 γάρ
1072 2069 1216 2105 ἀνθρώπου
1231 2070 1319 2096 κοινοῦ
1336 2071 1363 2097 τί
1377 2071 1407 2098 τὸ
1421 2071 1500 2098 πλέον
1515 2073 1570 2106 ἔχει
1587 2073 1664 2108 παρὰ
1679 2073 1711 2098 τὸ
1723 2070 1788 2107 αἷμα

1001 2116 1055 2142 τῶν
1071 2117 1193 2151 τράγων;
1210 2117 1279 2142 Ἀλλ’
1290 2117 1366 2143 οὐδὲν
1379 2117 1458 2149 ὅλως,
1473 2118 1541 2153 πλὴν
1553 2119 1592 2145 ὅτι
1608 2120 1639 2145 τὸ
1655 2120 1706 2154 μέν
1718 2121 1788 2145 ἐστιν

1002 2162 1100 2195 ἀλόγου
1117 2162 1198 2194 ζώου,
1213 2162 1244 2188 τὸ
1263 2162 1290 2188 i0.
1315 2163 1434 2197 λογικοῦ.
1456 2164 1564 2198 Ἐπειδὴ
1587 2164 1616 2191 δὲ
1636 2165 1650 2191 ὁ
1670 2166 1703 2192 ὲκ
1724 2165 1788 2192 Θεοῦ

1001 2208 1071 2234 κατὰ
1087 2207 1179 2242 φύσιν,
1196 2208 1285 2243 σάρκα
1304 2208 1404 2240 λαϐὼν,
1431 2210 1528 2245 ἔθηκεν
1549 2210 1621 2246 ὑπὲρ
1637 2218 1747 2237 παντων
1762 2212 1789 2237 τὸ

1006 2253 1071 2280 ἴδιον
1094 2251 1182 2288 αἷμα,
1205 2254 1334 2290 ταύτῃτοι
1350 2256 1398 2282 καὶ
1413 2256 1571 2292 καθαρίζειν
1592 2257 1707 2283 δύναται
1730 2258 1788 2288 τοὺς

1003 2300 1180 2331 πιστεύοντας
1194 2301 1234 2332 εἰς
1251 2301 1341 2332 αὑτὸν,
1358 2303 1405 2328 καὶ
1419 2302 1524 2336 νεκρῶν
1546 2302 1635 2338 ἔργων
1650 2303 1787 2330 ἀπαλλάτ-

1003 2354 1070 2377 τειν,
1087 2346 1133 2372 καὶ
1150 2346 1299 2380 προσάγειν
1314 2348 1354 2378 εἰς
1368 2347 1495 2383 λατρείαν
1509 2347 1547 2383 τῷ
1560 2348 1630 2383 Θεῷ.

163 2393 219 2429 74
234 2398 264 2420 ut
278 2394 419 2421 credentes
433 2394 459 2420 in
477 2393 566 2428 ipsum
581 2393 669 2421 valeat
685 2393 843 2426 emundare,
861 2400 948 2428 exque
968 2394 1085 2421 mortuis
1104 2393 1232 2428 operibus
1243 2394 1370 2423 liberatos
1402 2396 1493 2423 divino
1525 2397 1608 2424 cultui
1624 2397 1786 2436 mancipare,

164 2440 273 2474 Deoque
291 2438 399 2467 oﬂ'erre.

202 2495 211 2510 ι
229 2485 334 2512 lrritam
350 2486 410 2520 quis
422 2485 524 2513 faciens
539 2485 625 2520 legem
641 2485 737 2521 Moysi,
752 2485 811 2512 sine
826 2485 881 2512 ulla
899 2485 950 2512 mi-

164 2530 299 2557 seratione
309 2531 412 2557 duobus
424 2529 466 2557 vel
480 2530 565 2557 tribus
576 2530 691 2557 testibus
708 2530 833 2556 moritur.
845 2530 951 2561 Quanto

165 2575 250 2608 magis
273 2575 375 2609 putatis
391 2574 526 2602 deteriora
546 2575 643 2602 mereri
666 2575 815 2609 supplicia,
839 2575 884 2608 qui
906 2574 950 2601 Fi-

165 2619 229 2647 lium
251 2620 297 2647 Dei
323 2619 541 2652 conculcaverit,
563 2623 590 2647 ct
611 2621 772 2656 sanguinem
795 2620 948 2648 testamenti

1041 2493 1050 2509 ε
1070 2484 1218 2519 Ἀθετήσας
1232 2494 1273 2518 τις
1286 2487 1369 2522 νόμον
1381 2487 1530 2521 Μωῡσέως,
1544 2488 1630 2524 χωρὶς
1642 2489 1787 2524 οἰκτιρμῶν

1003 2530 1050 2556 ἐπὶ
1066 2530 1142 2556 δυσὶν
1157 2531 1173 2566 ἢ
1190 2533 1264 2566 τρισὶ
1281 2533 1415 2567 μάρτυσιν
1435 2533 1613 2569 ἀποθνήσκει.
1636 2535 1729 2570 Πόσῳ,
1747 2536 1781 2560 δο-

1003 2577 1093 2609 κεῖτε,
1120 2577 1241 2612 χείρονος
1265 2578 1444 2614 ἀξιωθήσεται
1470 2579 1605 2615 τιμωρίας
1627 2582 1642 2607 6
1659 2581 1706 2607 τὸν
1732 2581 1786 2607 Υἰιιν

1001 2622 1068 2648 Θεοῦ
1088 2624 1298 2658 καταπατήσας,
1320 2624 1410 2651 καὶτὸ
1427 2622 1497 2661 αἷμα
1520 2625 1571 2660 τῆς
1585 2625 1719 2662 διαθήκης
1734 2633 1783 2652 κοι-

200 2697 222 2713 ⁶³
236 2697 316 2725 Hebr.
332 2705 351 2729 ι,
371 2697 398 2730 8,
413 2698 440 2726 9.
479 2697 502 2713 “
514 2697 596 2725 Hebr.
616 2705 655 2731 nt.
672 2698 716 2726 l2.
754 2698 776 2714 "
792 2697 874 2726 Hebr.
887 2707 923 2732 ix,
946 2699 989 2731 15,
1003 2698 1044 2726 Η.

697 2777 792 2813 Nat-ia:
807 2778 935 2807 lectiones
949 2778 1048 2807 codicis
1066 2778 1244 2813 Seguieriani.

205 2842 213 2858 ί
228 2842 351 2876 ἀνομίαν.
389 2846 402 2860 ἰ
420 2842 546 2876 ἀνομίαν.

1860 44 1867 66 l

1864 117 1867 130 ί
