1883 3056
110 145 185 172 Ιὲἴὶῧ

664 143 707 170 DE
727 144 840 172 RECTA
861 144 938 172 FIDE
959 145 1004 172 AD
1025 144 1186 172 RECINAS.

1675 145 1742 172 lilii

109 205 160 231 νὸν
183 203 371 239 ἡγησάμενος,
394 203 439 229 καὶ
462 203 492 229 τὸ
513 203 624 238 Πνεῦμα
656 204 704 238 τῆς
726 205 836 240 χάριτος
858 205 900 231 ὲν-

982 204 1086 231 )11ιιιιιιη
1102 203 1219 236 duxerit,
1241 203 1266 230 in
1279 210 1333 237 quo
1347 201 1532 229 sanctiﬁcatum
1552 204 1610 233 est,
1636 205 1664 228 et
1681 201 1744 235 Spi-

110 249 227 285 υϐρίσας
241 251 276 280 η’,
293 250 321 275 ὲν
376 247 494 284 ἡγιάσθη
506 258 512 281 ;
525 258 534 274 ι
556 249 586 274 ’0
599 249 669 275 θεῖον
687 250 800 285 ὑϐρίσας
810 250 902 284 νόμον,

109 296 198 331 ἤγουν
220 294 366 329 ἀθετήσας,
389 294 438 320 οὐκ
462 294 518 320 ἴσον
541 293 596 329 ἔχει
614 295 644 322 τδ
662 295 787 330 ἔγκλημα
810 296 848 331 τῷ
865 297 904 328 εἰς

109 342 255 376 ἄνθρωπον
268 340 453 375 ἡμαρτηκότι,
467 340 536 367 ἀλλά
549 341 616 367 πολὺ
628 342 841 377 φορτικώτερον
857 343 904 368 καὶ

109 387 179 421 γοῦν
195 387 209 413 ὁ
227 386 275 422 μὲν
294 387 375 422 νόμον
393 386 606 421 παραϐεϐηκὼς,
624 387 676 414 ὑπὸ
690 388 740 423 τὴν
759 388 806 414 τοῦ
823 388 905 414 θανά-

109 441 160 459 του
178 433 305 459 πέπτωκε
329 431 421 467 δίκην
437 433 450 459 ὁ
465 432 494 459 δὲ
513 433 554 464 είς
575 433 720 468 ἄνθρωπον
740 434 904 469 πεπλημμε-

109 477 204 514 ληκὼς
219 479 260 513 εἴη
276 477 308 504 ἂν
322 478 369 504 καλ¹
385 478 549 514 συγγνώμης
564 479 648 511 ἄξιος,
663 479 725 511 Πῶς
741 477 787 506 οὖν
802 481 830 506 ἐν
846 476 904 515 χεῖ,

113 532 172 559 ρονι
185 523 246 558 δίκῃ
265 522 311 548 τοῦ
324 522 549 557 πλημμελοῦντος
562 524 601 555 εἰς
616 524 662 549 τὸν
674 523 796 554 Μωσέως
809 523 902 558 νόμον,

97 560 126 596 ’ὁ
152 569 239 596 κοινὸν
262 568 437 603 ἡγησάμενος
455 568 486 595 τὸ
510 565 581 604 αἷμα.
595 569 643 595 τοῦ
661 569 796 604 Χριστοῦ;
823 569 904 596 ’Λλλά

112 616 169 650 μὴν
181 616 209 642 ὲν
221 615 333 650 χείρονι,
347 614 394 640 καὶ
417 614 518 649 σφόδρα
532 615 654 645 εἰκότως.
675 615 731 641 Οὐκ
747 614 800 649 ἄρα
813 615 903 641 κοινὸν

110 660 144 686 τὸ
162 658 232 695 αἷμα
249 659 297 686 τοῦ
314 658 448 695 Χριστοῦ·
465 658 530 690 Θεὸς
546 659 600 694 γὰρ
614 656 648 695 ἦν
661 660 675 686 ὁ
687 659 773 694 Λόγος
788 660 903 695 γενόμε-

111 715 159 738 νος
178 705 256 741 σάρξ.

153 854 162 870 ι
180 845 297 871 Βλέπετε
314 845 351 879 μὴ
367 844 574 880 παραιτήσησθε
588 844 633 871 τὸν
649 844 791 871 λαλοῦντα.
804 845 835 871 Εἰ
849 845 903 881 γὰρ

955 251 1016 278 ritni
1031 251 1123 286 gratia:
1138 250 1328 277 contumeliam
1345 249 1438 276 fecerit
1451 248 1490 275 δεῖ
1507 258 1515 274 ι
1534 248 1562 274 Si
1577 248 1674 274 divina:
1689 247 1741 281 legi

955 297 1148 324 contumeliam
1163 296 1275 330 faciens,
1291 295 1449 323 eamdemve
1462 294 1675 328 transgrediens,
1690 301 1742 319 non

954 343 1011 378 pari
1025 351 1086 370 cum
1102 350 1134 369 eo
1148 347 1253 369 tenetur
1267 342 1391 373 crimine,
1409 341 1454 375 qui
1479 341 1505 367 in
1526 340 1663 366 hominem
1680 347 1743 374 pee-

954 390 1068 421 eaverit,
1095 389 1141 416 sed
1166 388 1244 423 longe
1267 387 1384 423 graviori
1413 386 1560 421 (siquidem
1586 386 1631 419 qui
1657 385 1742 420 legem

954 434 1094 465 violasset,
1112 433 1208 460 mortis
1230 432 1362 468 supplicio
1386 431 1564 464 multabatur;
1581 430 1626 466 qui
1652 435 1742 456 autent

955 481 981 506 in
997 480 1133 506 hominem
1157 478 1287 512 deliquit,
1312 477 1417 504 veniam
1442 476 1576 503 interdum
1601 477 1745 510 consequi-

957 526 1012 559 tur)
1026 535 1032 552 :
1050 525 1185 559 quomodo
1199 525 1280 558 igitur
1296 522 1389 556 majori
1403 529 1480 557 paena
1494 523 1591 555 dignus
1607 527 1742 552 censetur,

954 571 999 605 qui
1013 570 1115 598 Christi
1137 570 1295 605 sanguinem
1323 569 1451 604 pollutum
1474 568 1592 599 duxerit,
1606 575 1637 594 eo
1653 567 1698 601 qui
1717 567 1744 594 in

953 617 1098 644 Mosaicam
1121 616 1206 650 legem
1229 621 1369 651 peceatum
1396 614 1557 642 admiserit?
1573 615 1654 649 Atqui
1681 622 1743 649 gra-

954 664 1057 690 viorem
1075 662 1142 690 citra
1162 662 1242 688 ullam
1258 653 1469 688 controversiam
1490 665 1671 694 promeretur.
1690 660 1744 686 Cur

955 709 990 736 ita
1002 709 1014 736 ?
1026 709 1088 743 quia
1108 708 1210 735 Christi
1227 708 1336 741 sanguis
1350 715 1402 734 non
1419 707 1539 742 vulgaris
1554 706 1743 734 communisve

955 755 1073 782 hominis
1088 755 1199 789 sanguis
1221 759 1271 782 est.
1288 753 1404 780 Verbum
1419 754 1509 786 enim,
1525 753 1596 787 quod
1621 759 1701 779 carne
1715 760 1745 779 se

955 801 1051 833 induit,
1067 801 1139 828 Deus
1150 805 1203 827 est.

995 856 1004 872 ι
1026 845 1123 873 Videte
1151 854 1185 873 ne
1215 845 1347 872 recuselis
1376 845 1540 879 loquentem.
1564 843 1592 871 Si
1618 844 1689 871 enim
1706 844 1743 871 illi

111 891 214 917 ἐκεῖνοι
228 890 279 917 οὐκ
295 890 436 925 ἐξέφυγον,
453 890 499 916 τὸν
518 890 564 916 ἐπὶ
586 890 637 925 τῆς
656 890 708 924 γῆς
732 891 900 926 παραιτησά-

982 900 1006 918 )lt
1023 892 1177 927 elTugerunt
1192 896 1348 918 recusantes
1371 898 1444 923 eum,
1473 891 1517 924 qui
1543 897 1623 924 super
1644 895 1743 917 terram

113 945 192 971 μενοι
208 936 253 963 τον
271 935 475 971 χρηματίζοντα
485 956 492 968 ,
508 935 598 971 πολλῴ
614 935 714 970 μᾶλλον
729 936 808 970 ἡμεῖς
821 937 845 962 οἱ
859 936 904 963 τὸν

109 983 161 1009 ἀπ’
182 983 304 1018 οὐρανῶν
327 982 577 1016 ἀποστρεφόμενοι,
598 978 628 1008 οὗ
650 983 666 1017 ή
689 981 764 1016 φωνὴ
781 982 830 1017 τὴν
853 982 904 1017 γῆν

112 1029 244 1055 ὲσάλευσε
261 1028 341 1055 τότε·
365 1029 412 1054 νῦν
438 1029 466 1055 δὲ
498 1028 681 1063 ἐπήγγελται,
708 1028 811 1062 λέγων,
835 1029 902 1054 ὃτιν

112 1074 204 1106 Ἅπαξ
222 1074 276 1108 ἐγὼ
299 1074 381 1101 σείσω
394 1075 423 1100 οὐ
441 1075 520 1109 μόνον
534 1074 583 1109 τὴν
599 1074 660 1109 γῆν,
671 1074 738 1100 ἀλλὰ
752 1074 849 1100 καὶτὸν
858 1073 903 1099 οὺ·

112 1121 204 1156 ρανόν.
218 1130 228 1146 ι
245 1121 293 1151 Τίς
311 1120 325 1146 ὁ
344 1120 516 1156 χρηματίσας
533 1119 580 1146 ἐπὶ
595 1121 661 1155 γῆς,
681 1120 710 1147 ὅν
730 1120 903 1156 παραιτησά-

112 1176 190 1203 μενοι
211 1167 447 1195 κεκινδυνεύκασιν
461 1167 485 1193 οἱ
500 1167 554 1193 τῶν
569 1167 703 1193 Ἰουδαίων
718 1167 852 1201 πατέρες;
863 1164 902 1192 Ἦ

109 1213 202 1249 δῆλον,
223 1213 265 1240 ὅτι
279 1214 398 1248 Μωσῆς;
418 1213 487 1239 Ἀλλ’
501 1213 551 1239 οὐκ
565 1214 597 1239 ὲκ
616 1213 669 1247 γῆς
685 1214 698 1239 ὁ
721 1213 849 1248 Χριστὸς,
873 1213 902 1245 ἐξ

109 1258 234 1294 οὐρανῶν
256 1258 285 1285 δὲ
303 1258 412 1293 μᾶλλον.
431 1258 460 1285 ’0
474 1258 528 1293 γὰρ
545 1258 648 1285 ἄνωθεν
665 1259 712 1284 καὶ
728 1259 760 1285 ἑκ
774 1258 820 1285 τοῦ
845 1259 901 1285 Πα-

109 1305 176 1340 τρὺς
189 1304 255 1342 Θεὸς
267 1305 362 1338 Λόγος,
377 1304 519 1340 ἄνθρωπος
532 1304 628 1339 γέγονε
641 1305 688 1331 καὶ
703 1305 778 1337 Θεός.
794 1305 901 1340 Χείρων

110 1347 159 1376 οὖν
173 1351 189 1385 ὴ
205 1350 268 1385 δίκη
285 1351 340 1382 τοῖς
365 1350 445 1376 αὐτὸν
468 1350 733 1385 ἀποστρεφομένοις,
760 1351 808 1377 καὶ
829 1351 902 1385 μάλα

110 1395 233 1426 εἰκότως.
250 1395 292 1426 Ὠς
306 1395 360 1430 γὰρ
375 1396 389 1421 ὁ
402 1394 482 1429 σοφός
494 1403 575 1429 φησιν
593 1395 719 1430 Ἰωάννης
730 1415 737 1427 ,
753 1406 762 1421 ι
774 1397 802 1422 'U
816 1395 853 1423 ὢν
868 1397 900 1422 ἐκ

109 1438 162 1473 τῆς
177 1439 238 1474 γῆς⁷
253 1440 285 1466 ὲκ
296 1439 345 1471 τῆς
360 1439 412 1474 γῆς
427 1439 518 1471 λαλεῖ,
539 1440 677 1466 τουτέστιν
698 1440 855 1477 ἀνθρώπινα
865 1450 871 1456 ·
886 1441 900 1467 ὁ

110 1483 141 1510 δὲ
157 1483 259 1510 ἄνωθεν
272 1485 428 1520 ἐρχόμενος,
444 1486 536 1512 ἐπάνω
547 1486 654 1512 πάντων
665 1487 750 1519 ἐστὶν,
763 1497 771 1512 ο
784 1487 822 1519 ὡς
834 1487 900 1519 Θεὸς

110 1529 241 1563 δηλονότι.
257 1530 342 1557 Τοῦτο
356 1531 384 1557 δὲ
398 1535 411 1548 ι
424 1529 457 1566 ἦν
472 1540 502 1557 τε
517 1531 565 1558 καὶ
577 1531 634 1558 ἔστι
649 1532 776 1567 Χριστός.

955 938 1128 972 loquebatur,
1155 937 1240 964 multo
1258 937 1343 971 magis
1359 945 1419 969 nos,
1433 937 1478 970 qui
1495 936 1527 963 de
1543 936 1613 962 coelo
1628 936 1743 970 loquen-

956 988 1007 1010 tem
1022 984 1100 1011 nobis
1112 983 1270 1016 avertimus,
1287 983 1366 1017 cujus
1381 990 1430 1009 vox
1445 983 1528 1008 movit
1543 987 1642 1009 terram
1658 986 1720 1008 tunc
1735 991 1742 1008 :

954 1038 1026 1057 nunc
1043 1034 1135 1056 autem
1155 1028 1314 1063 repromittit
1327 1048 1334 1060 ,
1354 1028 1446 1055 dicens
1461 1037 1467 1054 :
1490 1028 1583 1054 Adhuc
1599 1028 1700 1058 semel,
1719 1032 1746 1054 et

953 1083 1002 1111 ego
1019 1075 1132 1102 movebo
1153 1083 1206 1101 non
1220 1075 1307 1102 solum
1327 1079 1443 1104 terram.
1459 1075 1505 1101 sed
1530 1078 1556 1099 et
1568 1074 1665 1100 co‘lum
1680 1075 1712 1100 “1.
1733 1084 1742 1099 ι

953 1121 1020 1154 Quis
1045 1121 1101 1153 ille,
1127 1129 1235 1155 quaeso,
1255 1128 1335 1155 quem
1362 1127 1421 1147 cum
1443 1120 1470 1146 in
1495 1120 1574 1146 terris
1592 1119 1744 1152 loquentem

952 1166 1108 1194 Juda‘orum
1126 1167 1241 1199 majores
1256 1170 1486 1201 aspernarentur,
1503 1173 1584 1200 grave
1599 1166 1649 1192 sibi
1672 1167 1744 1200 peri-

952 1213 1041 1240 culum
1062 1213 1342 1239 aceiverunl?aunon
1371 1212 1476 1239 clarum
1495 1217 1536 1238 est
1550 1211 1658 1246 Moysen
1676 1213 1746 1238 hunc

953 1259 1112 1286 exstitissu?
1128 1259 1160 1285 At
1177 1259 1302 1285 Christus
1323 1266 1375 1286 non
1397 1262 1430 1285 de
1453 1263 1542 1290 terra,
1565 1259 1610 1285 sed
1630 1258 1662 1284 de
1678 1257 1746 1283 roelo

953 1309 1002 1332 est.
1021 1303 1088 1331 Nam
1109 1304 1179 1331 Deus
1194 1304 1326 1335 Verbum.
1351 1303 1422 1338 quod
1445 1303 1477 1330 de
1499 1303 1623 1337 supernis
1641 1307 1697 1333 est,
1720 1306 1748 1329 (ιι

953 1358 984 1377 ex
1003 1350 1083 1376 Patre
1096 1356 1184 1376 ortutn
1199 1354 1250 1380 est,
1264 1349 1350 1376 faelus
1362 1353 1403 1375 est
1416 1348 1508 1381 homo,
1522 1348 1647 1383 idemque
1662 1348 1745 1375 Dens.

952 1396 1068 1423 Gravius
1082 1395 1196 1430 proinde
1215 1395 1378 1429 supplicium
1392 1394 1505 1421 debetur
1525 1394 1578 1426 his,
1597 1395 1641 1429 qui
1659 1394 1745 1429 ipsum

951 1447 1122 1475 aversantur,
1157 1449 1206 1469 nec
1233 1441 1343 1475 injuria,
1356 1440 1584 1476 quandoquidem,
1600 1441 1747 1474 utsapiens

950 1487 1069 1515 Joannes
1084 1493 1187 1520 monet,
1221 1496 1230 1512 ι
1246 1486 1297 1520 Qui
1318 1487 1350 1514 de
1365 1491 1434 1513 terra
1452 1491 1503 1518 est,
1523 1486 1556 1513 de
1573 1491 1643 1514 terra
1658 1487 1746 1520 loqui-

953 1538 1006 1566 tur,
1024 1543 1033 1559 ι
1055 1534 1106 1560 hoc
1128 1537 1169 1559 est
1185 1533 1301 1559 humana
1321 1540 1327 1558 :
1346 1539 1355 1556 ‹
1376 1531 1423 1566 qui
1452 1536 1541 1557 autem
1561 1531 1595 1557 de
1620 1531 1746 1565 supernis

111 1576 197 1606 venit,
218 1583 300 1611 super
313 1584 408 1603 onmes
422 1580 464 1604 est
478 1577 500 1592 "
511 1596 519 1609 ,
541 1586 550 1603 ι
575 1585 670 1612 nempe
686 1583 714 1605 ut
729 1579 808 1605 Deus.
825 1577 902 1606 Hunc
922 1583 1013 1606 autent
1042 1579 1180 1606 Chrislmn
1199 1586 1270 1611 esse,
1284 1583 1310 1604 et
1344 1577 1438 1610 fuisse,
1452 1577 1628 1611 quaestionem
1646 1576 1745 1603 nullam

111 1622 204 1649 habet.

150 1677 159 1693 ι
180 1667 283 1702 Ἰησοῦς
298 1667 415 1702 Χριστὸς
429 1667 502 1702 χθὲς,
515 1669 561 1695 καὶ
578 1669 699 1704 σήμερον
714 1670 728 1695 ὁ
744 1669 835 1702 αὐτὸς,
852 1670 900 1695 καὶ
914 1675 935 1703 c

112 1714 153 1745 εἰς
166 1714 230 1745 τοὺς
244 1713 354 1745 αἰῶνας.
369 1723 378 1739 ι
390 1713 442 1740 Τὸν
456 1715 488 1740 ἐκ
503 1713 570 1740 Θεοῦ
586 1714 672 1749 φύντα
684 1715 770 1748 Λόγον
782 1715 842 1741 τότε
858 1724 902 1742 κε-

111 1760 246 1794 κλημένον
270 1760 423 1795 εὑρήσομεν
446 1760 549 1795 Ἰησοῦν
570 1760 699 1795 Χριστὸν,
715 1762 760 1787 ὅτε
789 1761 900 1795 γέγονεν

110 1803 254 1839 ἄνθρωπος
269 1805 300 1830 ὲκ
316 1804 455 1838 γυναικός.
465 1805 526 1837 Πῶς
541 1803 587 1832 οὖν
599 1805 613 1831 ό
629 1805 702 1840 χθὲς,
712 1806 759 1832 καὶ
768 1806 898 1841 σήμερον,

110 1850 126 1875 ὁ
145 1849 226 1881 αὐτὸς
245 1849 292 1876 καὶ
313 1850 353 1880 εἰς
369 1850 432 1880 τοὺς
454 1849 572 1883 αἰῶνας
595 1850 705 1877 Ἐνώσει
728 1851 850 1886 δηλονότι
865 1853 898 1887 τῇ

111 1895 180 1932 πρὸς
192 1895 238 1922 τὸν
255 1896 286 1922 ὲκ
299 1895 365 1923 Θεοῦ
382 1896 476 1930 Λόγον,
490 1897 528 1928 εἰς
546 1896 609 1923 Υἱὺν
622 1896 671 1923 ἕνα
686 1898 834 1933 νοουμένης
849 1898 900 1933 τῆς

110 1943 313 1978 ἀναληφθείσης
333 1943 362 1975 ἐξ
374 1943 456 1970 αὐτοῦ
479 1943 593 1979 σαρκός·
609 1943 680 1970 οὕτω
698 1944 752 1979 γὰρ
768 1944 798 1970 τὸ
817 1945 898 1980 ἄτρε-

111 1997 179 2015 πτον
198 1989 245 2016 τοῦ
262 1989 349 2023 Λόγου
364 1989 434 2016 κατὰ
447 1989 527 2024 φύσιν
542 1990 617 2025 μενεῖ
631 1989 710 2016 πάλιν
726 1989 810 2025 αὐτῷ,
825 1998 899 2017 νοου-

113 2034 188 2070 μένῳ
202 2034 249 2061 καὶ
267 2034 336 2070 μετὰ
354 2035 464 2070 σαρκός.

259 2144 306 2171 Ἐκ
320 2144 376 2179 τῆς
392 2144 466 2179 πρὸς
485 2138 623 2179 Turdam?
637 2144 763 2179 πρώτης.

150 2221 159 2238 ι
175 2212 280 2243 Παῦλος
299 2212 446 2244 ἀπόστολος
463 2211 551 2248 Ἰησοῦ
573 2212 704 2248 Χριστοῦ,
725 2213 785 2239 κατ’
801 2213 897 2239 ὲπιτα-

110 2258 162 2293 γὴν
176 2257 243 2284 Θεοῦ
260 2257 385 2293 Σωτῆρος
400 2257 489 2293 ἡμῶν,
503 2257 627 2293 Τιμοθέῳ
642 2258 746 2293 γνησίῳ
765 2257 853 2292 τέκνῳ
869 2259 897 2284 ἐν

110 2304 213 2330 πίστει.
229 2313 238 2328 ι
258 2303 295 2329 Τὸ
311 2304 359 2330 τοῦ
382 2303 508 2338 Σωτῆρος
526 2303 612 2338 ὄνομα
628 2304 730 2339 πρέποι
747 2303 780 2330 ἂν
797 2303 896 2338 μᾶλλον

991 1679 1000 1695 ι
1017 1668 1096 1696 Jesus
1110 1669 1236 1696 Christus
1260 1669 1335 1700 heri,
1351 1672 1378 1695 et
1405 1667 1495 1699 hodie,
1518 1668 1575 1703 ipse
1592 1673 1620 1696 et
1645 1668 1672 1695 in
1694 1675 1745 1695 εειι·

955 1716 1015 1742 eula
1030 1716 1063 1743 ⁸³.
1084 1725 1093 1741 ι
1114 1716 1230 1742 Verbum
1247 1716 1318 1749 quod
1335 1724 1368 1743 ex
1392 1717 1445 1743 Deo
1468 1715 1596 1749 gignitur,
1612 1719 1675 1742 tunc
1697 1716 1745 1741 de-

954 1769 1027 1788 mum
1044 1760 1109 1788 Jesu
1125 1761 1228 1788 Christi
1241 1761 1447 1796 appellationem
1470 1761 1593 1788 sortitum
1613 1762 1746 1795 comperi-

954 1815 1026 1840 mus,
1043 1815 1103 1834 eum
1126 1815 1158 1834 ex
1185 1807 1298 1834 muliere
1313 1806 1414 1834 factum
1438 1812 1479 1834 est
1494 1807 1583 1833 homo.
1604 1806 1656 1834 Sed
1678 1815 1746 1841 quio-

953 1854 1033 1880 modo
1048 1852 1118 1880 idem
1130 1858 1172 1880 est
1187 1854 1291 1885 heri,et
1308 1853 1396 1885 hodie,
1408 1853 1466 1888 ipse
1478 1857 1505 1879 et
1519 1853 1545 1879 iu
1560 1852 1655 1879 swcnla
1665 1852 1675 1878 ?
1687 1852 1744 1880 Non

953 1899 1004 1925 alia
1023 1898 1115 1933 utique
1139 1899 1254 1931 ratione,
1271 1907 1351 1934 quam
1375 1899 1476 1931 carnis,
1495 1906 1574 1933 quam
1590 1899 1744 1933 assumpsit,

954 1952 1014 1972 cum
1025 1945 1070 1972 Dei
1080 1945 1167 1972 Verbo
1176 1946 1284 1977 unione,
1294 1950 1402 1972 ntunus
1411 1945 1575 1980 intelligatur
1588 1944 1678 1972 Filius.
1689 1946 1745 1972 Hac

955 1998 1074 2025 namque
1088 1991 1318 2022 consideratione,
1335 1991 1454 2023 etiamsi,
1468 1995 1497 2017 ut
1518 1997 1600 2017 carne
1623 1991 1743 2017 indutum

952 2041 1003 2068 est,
1020 2036 1112 2063 animo
1134 2037 1313 2070 concipiatur,
1329 2036 1383 2071 75
1405 2044 1482 2064 suam
1503 2035 1677 2063 nihilominus
1697 2045 1745 2063 na-

953 2081 1067 2108 turalem
1083 2082 1261 2109 stabilitatem
1280 2082 1410 2118 integrant
1426 2090 1535 2117 semper
1554 2082 1662 2109 retinet.

1160 2148 1202 2176 Ex
1216 2150 1298 2184 priori
1317 2150 1350 2176 ad
1366 2149 1540 2176 Timotheum.

991 2225 1000 2242 ι
1019 2215 1116 2243 Paulus
1133 2215 1270 2250 apostolus
1289 2215 1351 2243 Jesu
1371 2215 1473 2242 Christi
1493 2216 1640 2243 secundum
1657 2216 1741 2251 impe-

953 2261 1021 2288 rium
1051 2261 1097 2288 Dei
1126 2260 1274 2288 Salvatoris
1301 2267 1396 2292 nostri.
1419 2267 1446 2289 et
1471 2261 1569 2289 Christi
1598 2262 1660 2290 Jesu
1685 2265 1742 2298 spei

952 2312 1065 2340 nostrae,
1083 2307 1226 2334 Timotheo
1247 2307 1343 2335 dilecto
1364 2307 1419 2335 tilio
1432 2308 1458 2335 in
1474 2308 1526 2335 tide
1542 2309 1574 2335 ⁷³.
1609 2318 1618 2334 ι
1638 2308 1741 2337 Nomen

109 2349 160 2384 οὺχ
177 2349 262 2384 ἑτέρῳ
277 2350 379 2385 κυρίως
393 2358 423 2375 τε
438 2350 484 2375 καὶ
501 2349 618 2384 ἀληθῶς,
636 2349 705 2384 πλὴν
715 2350 756 2375 ὅτι
769 2349 801 2384 δὴ
824 2350 898 2384 μόνῳ

982 2361 1001 2380 με
1017 2353 1141 2380 Salvator
1155 2353 1218 2381 nulli
1234 2353 1310 2381 alteri
1329 2361 1406 2388 teque
1423 2362 1485 2381 vere
1501 2355 1662 2390 proprieque
1681 2364 1743 2383 con-

109 2394 149 2429 τῷ
169 2393 239 2420 κατὰ
254 2393 334 2429 φύσιν
355 2394 411 2421 ὄντι
429 2394 502 2430 Θεῷ·
520 2394 590 2421 οὓτω
611 2396 658 2421 καὶ
673 2394 721 2422 νῦν
736 2395 817 2422 αὑτὸν
831 2395 898 2421 ὠνό-

112 2446 198 2474 μασεν
211 2439 225 2465 ὁ
242 2441 430 2474 μυσταγωγός.
450 2440 518 2467 Ἀλλ’
534 2440 591 2467 ἔστι
614 2441 710 2476 Σωτὴρ
728 2441 775 2467 καὶ
796 2441 899 2477 Κύριος

109 2484 205 2519 ἡμῶν,
224 2484 326 2519 Ἰησοῦς
342 2485 472 2520 Χριστός·
487 2486 643 2521 ὠνόμασται
657 2487 712 2522 γὰρ
729 2487 841 2522 Ἰησοῦς,
851 2487 898 2514 καὶ

108 2531 160 2564 τὴν
179 2530 226 2556 τοῦ
249 2530 380 2565 ὀνόματος
403 2531 528 2567 δύναμιν,
548 2532 632 2568 ἣγουν
649 2533 806 2568 ἑρμηνείαν,
825 2534 898 2569 σαφῆ

110 2573 242 2606 καθιστὰς
252 2576 266 2601 ὁ
277 2576 411 2612 μακάριος
424 2576 538 2610 ἄγγελος
554 2577 656 2612 ἔφασκε
665 2587 672 2593 ·
690 2588 699 2604 ει
712 2579 766 2606 Καὶ
774 2579 898 2611 καλέσεις

109 2619 140 2645 τὸ
153 2619 238 2655 ὄνομα
261 2621 343 2648 αὑτοῦ
362 2622 482 2657 Ἰησοῦνσ
498 2623 578 2655 αὐτὸς
601 2624 656 2660 γὰρ
673 2624 755 2651 σώσει
773 2625 818 2652 τὸν
833 2625 897 2651 λαὸν

146 2700 169 2715 ιι
179 2699 260 2727 llebr.
277 2709 303 2733 ι,
317 2701 362 2734 es,
380 2701 426 2730 29.

465 2702 487 2718 ⁸⁷
503 2702 584 2730 Hebr.
600 2703 707 2738 “1,25,
721 2704 767 2732 26.
805 2705 828 2721 ⁸·
842 2705 922 2733 Joan.
938 2713 980 2740 tu,
995 2706 1040 2733 51.

951 2399 1034 2432 venit,
1051 2407 1083 2426 ac
1096 2399 1144 2426 soli
1163 2406 1227 2426 vero
1253 2400 1425 2434 naturalique
1452 2399 1516 2426 Deo.
1550 2399 1624 2427 llnde
1649 2401 1743 2427 dot-tor

952 2449 1045 2472 noster
1059 2445 1085 2471 id
1101 2445 1218 2472 nominis
1237 2453 1309 2472 nunc
1325 2453 1433 2479 quoque
1448 2445 1485 2471 illi
1503 2445 1626 2479 imponit.
1661 2447 1740 2480 Atqui

952 2488 1030 2516 Jesus
1049 2490 1185 2521 Christus,
1201 2495 1228 2517 ct
1248 2490 1386 2523 Dominus,
1400 2495 1427 2516 et
1443 2490 1567 2516 Salvator
1583 2495 1674 2517 noster
1689 2496 1739 2517 est.

953 2534 1071 2562 Vocatus
1085 2540 1126 2563 est
1139 2535 1211 2563 enim
1231 2534 1321 2567 Jesus,
1336 2536 1508 2570 nominisque
1528 2536 1581 2562 vim
1598 2544 1630 2563 ac
1643 2536 1742 2570 signiti-

951 2581 1086 2608 cationem
1112 2581 1207 2608 beatus
1224 2581 1335 2616 angelus
1354 2589 1508 2616 exponens,
1526 2582 1561 2608 ita
1580 2582 1639 2608 ait:
1658 2591 1667 2608 ι
1689 2582 1741 2609 Vo-

951 2627 1028 2653 cabis
1041 2634 1140 2654 nomen
1162 2627 1221 2661 ejus
1242 2626 1332 2655 Jesum
1349 2636 1356 2654 z
1373 2627 1429 2662 ipse
1448 2627 1519 2654 enim
1535 2627 1638 2655 salvum
1661 2627 1742 2655 faciet

1079 2706 1101 2723 ⁶⁹
1128 2705 1209 2735 Hebr.
1225 2715 1284 2741 xtu,
1302 2708 1328 2735 8.
1367 2706 1412 2734 ⁷⁰Ι
1430 2706 1548 2735 Timotlt.
1564 2714 1584 2742 ι,
1601 2707 1625 2735 1.

653 2781 741 2811 Variae
750 2783 880 2813 lectiones
895 2785 996 2814 codicis
1014 2784 1193 2821 Seguieriani.

145 2849 174 2869 ι’
182 2847 329 2884 ἀτιμάσας.
367 2853 382 2870 ν
397 2848 448 2876 ἔτι.
486 2853 499 2867 ³
514 2849 596 2883 ἴσως,
610 2846 687 2882 οὗτος
698 2849 736 2878 δέ.
