1883 3056
157 130 166 157 I
173 129 224 157 255

649 125 679 152 S.
701 124 835 152 CYRILLI
856 121 1091 151 ALEXANDRINI
1109 121 1269 149 ARCHIEP.

1718 122 1793 150 1256

155 186 280 222 populum
303 193 380 213 suum
396 193 410 212 a
426 185 544 220 peccatis
569 191 662 210 eorum
682 183 716 209 '“.
737 192 746 208 ι
771 182 843 208 Deus
864 181 945 215 igitur

1032 179 1078 206 τοῦ
1099 179 1153 206 ἀπὸ
1177 179 1231 205 τῶν
1255 178 1394 214 ἁμαρτιῶν
1416 178 1516 206 αὐτῶν.
1530 188 1539 204 ι
1556 179 1626 210 Θεὸς
1641 175 1691 206 οὖν
1706 180 1763 214 ἄρα
1778 181 1792 206 ὁ

153 237 195 261 est
208 232 341 263 Christus,
357 239 417 258 nam
430 230 507 264 juxta
524 230 606 258 divini
622 229 697 256 Pauli
710 228 871 261 doctrinam,
886 226 944 261 ipse

153 283 196 307 est
212 278 333 306 Salvator
345 277 465 304 omnium
481 276 632 304 hominum.

374 330 416 358 Ea;
430 330 550 366 Epistola
564 331 599 357 ad
619 330 717 357 Titum.

192 395 203 412 ι
231 384 365 420 Apparuit
394 385 466 411 enim
492 385 579 419 gratia
611 385 657 412 Dei
686 385 834 413 Salvatoris
861 386 946 414 nostri

157 431 284 458 omnibus
321 430 484 462 hominibus,
507 430 634 457 erudiens
655 439 704 458 nos
729 436 759 457 ut
783 432 946 466 alnnegantes

157 475 319 509 impietatem
335 479 362 501 et
376 474 515 501 SiPClllall‘ia
546 474 690 506 desideria,
715 475 806 502 sobrie
828 481 855 502 et
875 476 947 510 justo

156 525 183 548 et
201 520 243 554 pie
259 520 382 547 vivamus
394 520 420 546 in
432 520 483 547 hoc
497 519 606 551 smculo,
623 525 815 555 exspectantes
835 521 943 549 beatam

158 573 245 600 spem,
262 570 289 592 et
301 565 446 592 adventum
470 565 562 600 gloria:
580 566 668 600 magni
691 566 737 593 Dei
754 571 781 593 et
797 566 947 594 Salvatoris

159 611 242 638 nostri
255 610 318 638 Jesu
329 611 443 642 Christi.
457 612 502 645 qui
517 611 590 638 dedit
605 612 780 646 semetipsum
796 620 844 646 pro
858 613 947 643 nobis,

158 661 188 682 ut
201 663 249 682 nos
261 655 404 682 redimeret
416 655 449 682 ab
460 655 533 682 omni
556 656 697 690 iniquitate
706 661 733 683 et
745 657 884 684 mundaret
897 657 947 684 sibi

160 701 284 735 populum
310 701 515 736 acceptabilem,
535 706 696 729 sectatorem
726 702 858 729 bonorum
885 709 949 737 ope-

159 754 218 773 rum
228 747 262 774 "'.
281 755 291 772 ι
312 747 415 779 Qualis,
431 754 533 781 quzeso,
549 748 648 781 gratia,
664 753 710 775 aut
733 748 871 782 cujusuam
901 747 948 775 Dei

165 793 251 826 gratia
277 793 400 827 apparuit
439 792 527 824 nobis,
549 800 609 826 qua;
639 793 762 820 omnibus
797 793 949 820 hominibus

159 838 287 865 salutaris
311 839 361 865 hoc
386 838 446 865 loco
470 838 653 872 prmdicatur?
679 838 792 865 Planum
809 843 860 870 est,
877 839 949 873 quod

161 885 232 912 illius
249 883 293 910 Dei
311 890 338 911 et
352 884 457 911 Domini
473 884 530 918 qui,
543 883 619 918 juxta
631 883 738 911 beatum
751 884 847 916 David,
863 884 951 911 illuxit

162 930 250 962 nobis,
272 930 402 964 cujusque
426 929 571 964 gloriosam
586 930 833 958 manifestationem
850 931 883 958 de
897 938 952 958 cm-

162 976 195 1003 lis
223 981 409 1011 exspectamus
424 976 457 1003 ⁷³.
476 975 588 1011 Magnus
615 975 659 1003 hic
683 976 751 1003 Deus
779 976 837 1011 ipse
860 975 952 1003 Salva-

163 1027 204 1048 tor
222 1027 313 1049 noster
337 1021 414 1048 Jesus
435 1022 571 1054 Christus,
589 1022 633 1056 qui
658 1021 755 1048 obtulit
777 1021 951 1056 semetipsum

163 1074 212 1101 pro
227 1067 312 1099 nobis,
329 1075 383 1102 quo
395 1067 428 1094 ab
442 1067 514 1094 omni
527 1072 638 1102 peccato
649 1067 795 1099 absolutos,
810 1074 953 1102 germanos

163 1113 213 1139 sibi
230 1113 407 1140 constitueret
420 1113 588 1140 adoratores.
607 1112 674 1140 Cum
690 1120 754 1147 ergo
771 1113 865 1139 beatus
881 1111 953 1139 Pau-

163 1157 204 1184 lus
222 1157 388 1185 Salvatorem
408 1162 528 1186 nostrum
552 1157 643 1185 Jesum
660 1157 796 1185 Christum
823 1165 951 1192 magnum

167 1204 249 1230 Deum
277 1204 414 1237 praedicet,
438 1204 499 1238 quis
519 1203 719 1231 Emmanuelem
749 1211 841 1231 verum
868 1205 953 1231 Deum

164 1255 224 1275 csse
238 1247 351 1275 inﬁciari
372 1248 490 1275 audeat?

376 1345 430 1380 7c
444 1343 496 1371 EX
514 1344 747 1373 caruouczs.

420 1400 460 1428 Ex
474 1399 567 1428 Jacobi
579 1400 708 1436 Epistola.

393 1457 470 1490 Quod
483 1456 605 1484 Christus
618 1458 650 1484 sit
664 1457 744 1485 Deus.

996 224 1123 260 Χριστὸς,
1136 225 1214 259 εἴπερ
1236 224 1294 250 ἐστὶ
1308 224 1403 260 Σωτὴρ
1419 224 1526 251 πάντων
1549 224 1721 261 ἀνθρώπων,
1741 234 1793 252 κα-

996 270 1031 298 θὰ
1047 278 1129 306 φησιν
1141 271 1156 296 ό
1170 269 1313 301 θεσπέσιος
1329 269 1446 301 Παῦλος.

1230 327 1278 354 Ἐκ
1297 327 1353 362 τῆς
1369 327 1443 361 πρὸς
1463 327 1557 354 Τίτον.

1036 395 1044 411 ι
1067 386 1204 421 Ἐπέφανη
1231 385 1286 421 γὰρ
1307 386 1324 420 ἠ
1348 385 1428 419 χάρις
1450 383 1496 411 τοῦ
1520 384 1588 411 Θεοῦ
1609 385 1627 419 ἡ
1653 385 1794 419 σωτήριος

996 429 1080 455 πᾶσιν
1105 429 1275 465 ἀνθρώποις,
1302 428 1466 455 παιδεύουσα
1487 430 1576 464 ἡμᾶς,
1598 429 1644 455 ἴνα
1664 429 1794 464 ἀρνησά-

999 482 1074 508 μενοι
1094 473 1143 509 τὴν
1167 473 1306 504 ἀσέϐειαν,
1329 474 1376 500 καὶ
1395 474 1445 505 τὰς
1461 474 1598 508 κοσμικὰς
1618 474 1793 508 ἐπιθυμίας,

999 519 1145 554 σωφρόνως
1160 519 1290 550 ἐπιεικῶς
1309 524 1323 544 Υ
1346 519 1473 553 ζήσωμεν
1499 520 1528 544 ὲν
1551 518 1591 553 τῷ
1615 518 1664 544 νῦν
1691 518 1793 550 αἰῶνι,

999 564 1208 599 προσδεχόμενοι
1224 564 1273 599 τὴν
1289 564 1426 598 μακαρίαν
1443 564 1548 596 ἐλπίδα,
1564 564 1610 590 καὶ
1626 564 1794 597 ἐπιφάνειαν

998 610 1046 644 τῆς
1059 609 1138 645 δόξης
1150 609 1196 636 τοῦ
1213 610 1331 644 μεγάλου
1350 610 1418 636 Θεοῦ
1431 611 1477 636 καὶ
1494 610 1621 644 Σωτῆρος
1638 609 1721 644 ἡμῶν
1738 609 1795 643 Ἰη-

1000 654 1047 681 σοῦ
1068 655 1197 690 Χριστοῦ,
1211 655 1240 686 ὃς
1254 655 1354 681 ἔδωκεν
1369 655 1463 682 ἐαυτὸν
1483 656 1553 691 ὑπὲρ
1568 656 1659 690 ήμῶν,
1680 656 1725 682 ἵνα
1745 656 1794 682 λυ-

998 701 1136 736 τρώσηται
1155 701 1229 736 ἡμᾶς
1244 700 1297 727 ἀπὸ
1317 701 1408 736 πάσης
1430 701 1558 736 ἀνομίας,
1581 701 1629 727 καὶ
1650 701 1792 737 καθαρίσῃ

1000 746 1088 782 ἑαυτῷ
1112 746 1175 772 λαὸν
1202 745 1367 781 περιούσιον,
1395 746 1519 782 ζηλωτὴν
1544 746 1636 772 καλῶν
1660 746 1763 781 ἔργων.
1781 755 1790 771 ι

1001 793 1068 819 Ποία
1090 792 1170 828 χάρις
1194 793 1329 827 ἐπέφανεν
1353 793 1429 827 ἡμῖν,
1451 793 1468 827 ἢ
1493 792 1569 819 ποίου
1592 792 1675 823 Θεοῦ,
1701 792 1791 818 καίτοι

965 853 985 880 Β
1001 842 1134 878 λεγομένη
1159 842 1291 877 σωτήριος
1317 838 1387 868 εἶναι
1410 842 1495 867 πᾶσιν
1520 840 1698 876 ἀνθρώποις;
1722 839 1793 866 Ἀλλ’

1004 885 1062 911 ἐστι
1073 885 1161 920 δῆλον,
1173 885 1214 911 ὅτι
1226 894 1235 910 ι
1245 884 1310 916 Θεὸς
1323 884 1360 911 ὢν
1368 884 1479 920 Κύριος,
1489 885 1536 911 καὶ
1548 885 1684 920 ἐπέφανεν
1693 885 1771 919 ἡμῖν,
1783 894 1791 909 ι

1002 931 1073 959 κατὰ
1091 931 1137 958 τὸν
1158 932 1291 968 μακάριον
1314 932 1406 959 Δαυῖδ.
1432 931 1519 958 Αὑτοῦ
1549 931 1598 967 τὴν
1613 931 1645 964 ἐξ
1669 932 1796 967 οὐρανῶν

1002 977 1163 1012 ἐπιφάνειαν
1175 978 1224 1013 τῆς
1233 977 1310 1013 δόξης
1324 977 1538 1014 προσδεχόμεθα.
1552 978 1607 1004 Καὶ
1622 978 1708 1009 αὑτός
1721 979 1796 1004 ἐστιν

1001 1024 1016 1049 ὁ
1033 1022 1120 1058 μέγας
1134 1023 1199 1054 Θεὸς
1212 1024 1259 1050 καὶ
1275 1024 1370 1059 Σωτὴρ
1383 1024 1459 1058 ἡμῶν
1477 1023 1581 1059 Ἰησοῦς
1595 1025 1609 1050 ὁ
1622 1024 1756 1058 Χριστὸς,
1767 1024 1796 1055 ὃς

1002 1067 1117 1094 δέδωκεν
1140 1067 1235 1094 ἑαυτὸν
1258 1067 1329 1103 ὑπὲρ
1352 1069 1441 1103 ἡμῶν,
1466 1068 1510 1095 ἵνα
1533 1068 1628 1104 πάσης
1654 1069 1796 1104 ἁμαρτίας

1002 1113 1176 1145 ἀπαλλάξας,
1198 1113 1287 1148 ἑαυτῷ
1301 1115 1465 1149 παραστήσῃ
1483 1114 1612 1148 γνησίους
1639 1123 1796 1150 προσκυνη-

1002 1160 1061 1191 τάς.
1084 1157 1149 1186 Εἶτα
1170 1159 1212 1191 τίς
1231 1160 1245 1185 ὁ
1261 1159 1348 1194 λέγων
1363 1160 1412 1186 οὐκ
1433 1157 1505 1186 εἶναι
1520 1160 1586 1186 Θεὸν
1601 1160 1734 1195 ἀληθινὸν
1749 1160 1796 1186 τὸν

1010 1205 1192 1241 Ἐμμανουὴλ,
1206 1206 1253 1232 τοῦ
1273 1205 1407 1241 μακαρίου
1432 1206 1540 1233 Παύλου
1554 1206 1621 1241 περὶ
1646 1206 1733 1232 αὐτοῦ
1751 1206 1795 1231 λέ-

1003 1260 1105 1286 γοντος·
1120 1261 1130 1276 ί
1140 1251 1191 1278 Τοῦ
1207 1251 1325 1286 μεγάλου
1339 1251 1405 1278 Θεοῦ
1419 1251 1466 1278 καὶ
1478 1251 1606 1286 Σωτῆρος
1620 1250 1795 1286 ἠμῶνΊηοηῦ

1004 1297 1121 1332 Χριστοῦ
1133 1306 1139 1331 ;
1160 1307 1170 1324 ι

1206 1356 1255 1381 ΕΚ
1278 1355 1348 1381 ΤΩΝ
1361 1355 1586 1382 ΚΑΘΟΛΙΚΩΝ.

1168 1410 1214 1437 Ἐκ
1230 1411 1281 1446 τῆς
1298 1410 1425 1437 Ἰακώϐου
1446 1411 1618 1446 Ἐπιστολῆς.

1240 1466 1300 1492 ’Ὁτι
1318 1465 1390 1498 Θεὸς
1406 1466 1423 1492 ὀ
1439 1466 1576 1500 Χριστός.

204 1523 213 1539 ι
230 1513 316 1541 Nolite
336 1521 438 1545 errare,
462 1513 559 1541 fratres
583 1514 634 1541 mei
665 1514 830 1542 dilectissimi
849 1523 856 1541 :
877 1522 956 1543 omne

1044 1531 1053 1548 ‹
1068 1521 1114 1557 Μὴ
1131 1521 1278 1553 πλανᾶσθε,
1291 1522 1400 1556 ἀδελφοί
1419 1530 1469 1557 μου
1485 1521 1624 1556 ἀγαπητοί
1637 1529 1644 1536 ·
1666 1521 1742 1548 πᾶσα
1757 1520 1797 1546 δό-

167 1559 258 1587 datum
275 1560 405 1594 optimum
416 1580 423 1591 ,
436 1566 463 1586 et
480 1567 559 1586 omne
573 1559 672 1586 donum
686 1559 831 1593 perfectum
847 1561 879 1587 de
895 1568 955 1587 sur-

172 1613 232 1633 sum
252 1610 302 1638 est,
323 1605 514 1632 descendensa
530 1604 610 1631 Patre
632 1605 763 1632 luminum
779 1606 811 1633 ⁷⁵.
832 1615 841 1631 ι
864 1606 957 1638 Omne,

169 1651 272 1686 inquit,
299 1651 391 1677 datum
420 1651 544 1684 optimum
562 1658 570 1677 :
591 1658 656 1678 sane
680 1651 778 1678 bonum
800 1659 897 1679 munus
917 1657 958 1679 est

169 1698 287 1733 Spiritus
299 1703 420 1728 sanctus,
436 1697 683 1732 patrandorumque
707 1698 898 1725 miraculorum
919 1698 958 1725 fa-

169 1743 255 1770 cultas
273 1751 321 1778 per
334 1744 420 1776 ipsum
436 1743 581 1777 impertita.
597 1743 664 1770 Cum
680 1752 745 1779 ergo
761 1744 885 1772 Christus
899 1745 957 1779 Spi-

170 1789 250 1814 ritum
275 1793 398 1815 sanctum
421 1788 522 1815 sanctis
546 1787 727 1822 impertiatur.
747 1795 959 1825 potestatemque

170 1838 200 1860 ut
214 1835 303 1861 divina
329 1834 458 1861 miracula
480 1835 572 1866 edant,
604 1835 698 1862 iisdem
726 1835 874 1870 largiatur:
891 1844 959 1871 quo-

171 1881 249 1907 lliOdO
263 1888 315 1906 non
331 1884 373 1906 est
387 1887 469 1907 verus
484 1879 576 1906 Deus?

208 1936 217 1952 ι
235 1925 339 1953 Subditi
358 1927 438 1961 igitur
460 1931 545 1953 estote
567 1925 632 1958 Deo,
653 1926 769 1954 resistite
792 1933 880 1954 autem
902 1929 960 1954 dia-

169 1972 242 2004 bolo,
258 1977 284 1999 et
298 1972 381 2007 fugiet
394 1979 408 1998 a
421 1972 496 1999 vobis
512 1972 544 1999 "'.
570 1981 579 1998 ι
599 1972 667 1999 Ecce
682 1973 707 1998 in
723 1973 764 2000 his
778 1979 871 2008 aperte
893 1975 959 2001 dicit

169 2023 296 2053 oportere
319 2026 368 2045 nos
390 2018 444 2044 Deo
466 2018 572 2052 subjici.
607 2018 675 2046 Dicit
700 2011 801 2046 autem-
814 2020 958 2047 Christus:

172 2074 184 2090 1
206 2065 302 2092 Tollite
326 2064 419 2098 jngum
440 2071 527 2089 memn
546 2071 627 2098 super
646 2072 694 2091 vos
710 2065 743 2091 ⁷⁸.
765 2075 774 2090 ι
802 2065 867 2092 Cum
883 2066 899 2092 ii
914 2066 959 2100 qui

170 2110 375 2145 Christijuguut
391 2110 418 2136 in
431 2116 460 2137 se
474 2109 578 2141 tollunt,
596 2118 647 2136 non
671 2111 748 2138 alteri
767 2112 881 2146 cuipiam
896 2113 960 2139 sub-

170 2157 308 2190 jiciantur,
336 2163 415 2191 quam
451 2155 504 2182 Deo
521 2163 528 2181 :
549 2156 682 2189 quomodo
704 2156 828 2184 Christus
847 2164 899 2184 non
920 2161 962 2184 est

172 2202 262 2229 Deus?

376 2257 417 2285 Ex
431 2259 514 2293 priori
529 2258 647 2292 Epistola
668 2257 748 2285 Petri.

211 2323 220 2339 ι
241 2313 336 2340 Petrus
357 2313 496 2347 apostolus
518 2313 582 2340 .lesu
602 2313 715 2345 Christi,
734 2312 827 2340 electis
852 2312 962 2340 advenis

171 2359 350 2393 dispersionis
366 2358 454 2391 Ponti,
468 2359 590 2391 Galatiae,
613 2358 799 2394 Cappadociae,
817 2358 898 2391 Asiae,
916 2358 961 2385 Bi-

175 2406 288 2441 thynia,
307 2406 455 2433 secundum
471 2405 670 2440 praescientiam
691 2405 739 2432 Dei
758 2405 845 2432 Patris
858 2404 885 2431 in
898 2412 962 2431 san-

171 2451 367 2478 ctiﬁcationem
390 2450 520 2486 Spiritus,
542 2451 568 2478 in
587 2451 767 2478 obedientiam
783 2455 810 2478 et
827 2450 962 2484 aspersio-

175 2504 235 2524 nem
260 2496 398 2531 sanguinis
427 2496 490 2523 Jesu
522 2496 622 2524 Christi
651 2498 736 2532 gratia
765 2497 842 2524 vobis
863 2501 890 2523 et
911 2504 961 2530 pax

174 2541 368 2576 multiplicetur
383 2541 416 2568 ⁷⁷.
437 2550 447 2567 ι
467 2541 539 2570 Ecce
557 2542 706 2570 secundum
722 2542 768 2569 Dei
791 2542 880 2569 Patris
895 2550 962 2576 pne-

1009 1577 1050 1599 σις
1072 1568 1172 1603 ἀγαθὴ.
1194 1569 1241 1594 καὶ
1258 1569 1312 1594 πᾶν
1329 1568 1445 1604 δώρημα
1467 1568 1570 1594 τέλειον
1591 1567 1698 1594 ἄνωθέν
1715 1567 1796 1598 ἐστιν,

1009 1613 1173 1640 καταϐαῖνον
1188 1614 1220 1639 ὲκ
1232 1613 1278 1639 τοῦ
1296 1613 1401 1648 [ἰατρὸς
1416 1613 1469 1640 τῶν
1488 1613 1597 1647 φώτων.
1613 1622 1622 1637 ι
1645 1611 1734 1639 Πᾶσα
1750 1611 1796 1638 δό-

1009 1667 1070 1693 σις,
1087 1659 1169 1694 φησιν
1180 1678 1187 1690 ,
1200 1658 1296 1693 ἀγαθή
1307 1667 1315 1674 ⁸
1336 1658 1426 1693 ἀγαθὴ
1440 1659 1468 1684 δὲ
1485 1658 1570 1689 δόσις,
1586 1657 1617 1684 τὸ
1635 1658 1749 1692 Πνεῦμα
1769 1657 1796 1682 τὸ

1009 1705 1096 1738 ἅγιον,
1110 1705 1157 1731 καὶ
1173 1704 1202 1730 τὸ
1215 1705 1344 1731 δύνασθαι
1362 1704 1482 1740 πληροῦν
1496 1706 1524 1731 ἐν
1540 1704 1617 1739 αὐτῷ
1632 1704 1684 1735 τὰς
1705 1703 1797 1738 050:1;-

1011 1750 1099 1785 μείας.
1115 1748 1179 1776 Εἶτα
1192 1751 1215 1776 εἰ
1230 1752 1285 1782 τοῖς
1301 1750 1389 1784 ἁγίοις
1405 1749 1547 1785 χαρίζεται
1562 1750 1593 1776 τὸ
1608 1749 1724 1784 Πνεῦμα
1737 1749 1796 1782 Χρι-

1011 1795 1081 1827 στὸς,
1102 1797 1149 1822 καὶ
1169 1796 1222 1831 μὴν
1246 1797 1292 1822 καὶ
1306 1796 1335 1822 τὸ
1360 1796 1489 1822 δύνασθαι
1517 1795 1638 1830 πληροῦν
1655 1795 1691 1820 τὰ
1707 1794 1795 1829 παρα-

1009 1843 1084 1876 δοξα,
1102 1843 1159 1875 πῶς
1171 1843 1222 1870 οὐκ
1236 1843 1268 1870 ἂν
1284 1844 1325 1878 εἴη
1343 1844 1408 1874 Θεὸς
1424 1843 1550 1877 ἀληθινὸς
1563 1843 1577 1868 ό
1593 1842 1731 1876 Χριστόςς

1049 1940 1058 1956 ι
1079 1929 1248 1964 Ὑποτάγητε
1271 1926 1316 1955 οῦν
1341 1928 1380 1963 τῷ
1399 1928 1457 1963 Θεῷ
1470 1933 1493 1958 τ,
1514 1927 1660 1961 ἀντίστητε
1686 1926 1720 1961 τιξ
1742 1926 1796 1952 δια-

1011 1975 1091 2009 ϐόλῳ,
1105 1975 1152 2001 καὶ
1168 1974 1294 2008 φεύξεται
1313 1975 1359 2007 ἀφ’
1372 1973 1459 2008 ὑμῶν.
1474 1983 1482 1998 ι
1502 1973 1568 1999 Ἰδοὺ
1585 1972 1681 2007 σαφῶς
1699 1973 1728 1998 ἐν
1742 1971 1798 1998 τοὺ-

1010 2030 1076 2052 τοις,
1092 2019 1291 2047 ὑποτάττεσθαι
1312 2020 1366 2045 δεῖν
1387 2020 1460 2053 ἡμᾶς
1483 2018 1535 2053 ἔφη
1549 2018 1587 2050 τῷ
1602 2016 1672 2052 Θεῷ.
1688 2017 1757 2051 Φησὶ
1772 2016 1796 2042 δὲ

1011 2067 1127 2100 Χριστός
1138 2075 1145 2081 ·
1165 2076 1173 2091 ι
1191 2066 1292 2101 Ἄρατε
1315 2065 1361 2091 τὸν
1378 2063 1460 2098 ζυγόν
1485 2073 1537 2099 μου
1553 2064 1595 2097 ἐφ’
1608 2064 1693 2097 ὑμᾶς,
1709 2072 1718 2088 ι
1737 2062 1797 2088 Ὅτε

1011 2111 1100 2137 τοίνυν
1120 2112 1144 2137 οἱ
1164 2111 1209 2136 τὸν
1226 2110 1308 2144 ζυγὸν
1327 2110 1450 2146 αἴροντες
1473 2110 1519 2136 τὸν
1542 2109 1625 2135 αὑτοῦ
1642 2109 1693 2143 οὐχ
1715 2108 1797 2142 ἑτέρῳ

1011 2157 1064 2183 τινὶ
1085 2157 1160 2192 παρὰ
1174 2157 1219 2183 τὸν
1234 2156 1300 2183 Θεὸν
1326 2156 1523 2182 ὑποτάττονται
1535 2163 1542 2171 ’
1568 2154 1628 2186 πῶς
1642 2154 1695 2181 οὐκ
1710 2153 1744 2180 ἂν
1757 2153 1797 2187 εἴη

979 2201 1001 2228 Ι)
1015 2202 1080 2234 Θεὸς
1091 2212 1098 2236 ς

1109 2259 1156 2284 Ἐκ
1175 2257 1229 2292 τῆς
1245 2257 1357 2292 Πέτρου
1380 2257 1565 2291 Ἐπιστολῆς
1582 2256 1714 2290 πρώτης.

1053 2324 1062 2340 ‹
1078 2314 1179 2350 Πέτρος
1196 2314 1343 2345 ἀπόστολος
1362 2313 1449 2348 Ἰησοῦ
1458 2313 1589 2349 Χριστοῦ,
1605 2312 1721 2347 κλητοῖς
1736 2319 1799 2346 παρη

1015 2359 1157 2394 επιδήμοις
1178 2359 1327 2394 διασπορᾶς
1345 2359 1459 2391 Πόντου,
1487 2357 1633 2389 Γαλατίας,
1650 2356 1797 2383 Καππαδο-

1015 2405 1086 2436 κίας,
1107 2405 1209 2437 Ἀσιας,
1232 2405 1279 2432 καὶ
1296 2404 1437 2436 Βιθυνίας,
1461 2403 1533 2430 κατὰ
1557 2403 1717 2439 πρόγνωσιν
1737 2401 1796 2428 Θεοῦ

1014 2450 1120 2486 Πατρὸς
1141 2451 1170 2477 ὲν
1189 2451 1319 2486 ἁγιασμῷ
1345 2450 1520 2485 Πνεύματος,
1544 2451 1584 2481 εἰς
1611 2449 1738 2484 ὑπακοὴν
1754 2447 1796 2474 καὶ

1015 2496 1163 2531 ῥαντισμὸν
1184 2497 1299 2532 αἵματος
1320 2497 1406 2531 Ἰησοῦ
1422 2495 1542 2531 Χριστοῦ
1553 2504 1560 2511 ⁸
1577 2495 1660 2530 χάρις
1676 2495 1741 2529 ὑμῖν
1754 2493 1794 2519 καὶ

1014 2542 1109 2577 εἰρήνη
1126 2541 1318 2578 πληθυνθείη.)
1337 2541 1402 2568 Ἰδοὺ
1415 2541 1488 2568 κατὰ
1501 2541 1659 2576 πρόγνωσιν
1673 2539 1740 2566 Θεοῦ
1755 2538 1794 2565 καὶ

209 2629 232 2645 "‘
251 2628 344 2657 Matth.
366 2637 385 2660 ι,
399 2630 444 2657 ἳΙ.
482 2630 505 2646 ⁷¹
522 2629 575 2657 Tit.
595 2638 623 2662 It,
640 2630 732 2656 H-l’s.
771 2629 793 2645 ⁷³
808 2629 877 2657 Psal.
891 2637 956 2657 cxvu

1029 2651 1035 2657 .
1073 2629 1096 2645 ⁷⁵
1110 2629 1166 2656 Jac.
1186 2637 1205 2662 ι,
1222 2629 1352 2662 16,17.⁷¹
1366 2629 1422 2658 Jac.
1436 2637 1472 2662 tv,
1484 2629 1511 2657 ’1.
1550 2630 1573 2645 ⁷⁸
1593 2629 1693 2657 Matth.
1711 2628 1790 2662 xu”.

172 2663 198 2680 "
213 2664 309 2692 lPetr.
330 2665 422 2697 ι,1ν3.

717 2742 804 2771 Variae
817 2743 946 2771 lectiones
967 2742 1070 2771 codicis
1085 2742 1267 2778 Seguieriani.

217 2811 231 2830 1
251 2807 298 2834 καὶ
309 2807 430 2838 δικαίως.
468 2811 481 2825 ι
495 2807 533 2842 τῷ
548 2807 650 2843 Κυρίῳ.

1859 43 1869 122 l,

1862 138 1869 186 ι
