1883 3056
172 129 241 162 1259

667 127 696 154 S.
715 125 853 154 CYRILLI
874 125 1107 153 ALEXANDHINI
1126 125 1283 153 AliClllEP.

1730 123 1802 151 1260

172 187 274 215 sanctis
289 187 361 215 ﬁdei.
381 187 599 216 Subintroierunt
615 187 817 221 enim'quidam
835 187 955 214 homines

1027 185 1190 221 apuSoOsicn
1207 186 1262 216 τοῖς
1280 185 1367 218 ἁγίοις
1392 184 1493 211 πίστει.
1519 184 1727 220 Παρεισέδυσαν
1744 184 1801 219 γάρ

171 235 232 270 (qui
253 234 317 261 olim
333 233 481 269 pmscripti
500 238 566 260 sunt
585 233 612 260 in
632 233 684 260 hoc
703 231 849 267 judicium)
870 231 954 266 impii,

174 280 219 308 Dei
238 280 322 308 nostri
335 279 449 315 gratiam
462 279 656 307 transferentes
669 279 695 306 in
707 278 859 310 luxuriam,
876 282 904 304 et
916 284 957 304 so-

173 326 227 352 lum
244 325 486 356 l)omiuatorem,et
496 325 636 352 Dominum
648 323 869 352 uostruthesum
881 323 957 351 Chri-

173 375 242 397 stum
252 370 417 405 negantes".
434 380 443 396 ι
454 371 520 398 Gum
533 370 728 398 incarnationis
738 369 888 397 doctrinam
902 368 958 396 uni-

173 424 251 443 verse
266 416 451 450 admittamus,
469 416 603 451 quomodo
619 416 664 450 qui
678 415 761 443 semel
772 414 956 445 crediderunt.

173 461 313 488 Dominum
330 466 450 488 nostrum
459 460 550 488 Jcsum
560 460 696 488 Christum
709 467 805 494 negare
815 459 958 486 dicuntur?

173 508 244 534 Sane
261 507 283 534 si
299 507 379 534 alium
393 507 488 534 Filium
512 507 557 534 Dei
573 507 661 534 Patris
677 506 792 534 Verbum
809 513 870 533 esse
880 505 956 532 dixe-

172 553 267 588 rimus,
281 554 361 580 alium
374 561 467 580 rursus
480 560 552 584 cum.
568 552 613 587 qui
631 556 711 578 natus
722 555 763 578 est
776 558 809 577 ex
826 549 955 581 muliere;

172 608 253 626 unum
282 599 422 626 Dominum
452 599 553 626 diserte
579 598 741 625 ittliciamur.
779 596 854 624 Unus
883 596 955 624 enim

170 647 302 674 Dominus
315 644 394 673 Jesus
412 645 547 676 Christus,
563 651 645 671 carne
662 643 720 678 ejus
738 643 885 670 secundum
900 641 956 669 dis-

172 692 350 727 pensatoriam
378 699 437 718 cutn
463 691 508 718 Dei
542 690 629 718 Patris
649 689 737 717 Verbo
764 689 902 721 unionem,
923 687 956 714 ad

171 738 280 765 deitatis
302 737 412 772 gloriam
430 742 534 764 evecta.
559 736 634 764 Unus
649 735 762 771 proinde
779 740 819 762 est
831 734 956 762 Christus

172 788 198 809 et
220 783 305 810 Filius
323 791 330 808 :
348 783 385 809 ita
409 782 480 809 enim
500 781 551 809 erit
572 781 651 816 hujus
673 780 790 808 universi
814 779 954 808 Dominus.

295 895 337 923 Ex
352 894 493 930 Evangelia
507 895 650 922 secundum
664 893 831 921 Matthwum.

383 949 460 982 Quod
474 948 595 977 Christus
612 949 644 975 sit
663 948 742 976 Deut.

212 1016 221 1032 ι
239 1006 303 1033 llaec
315 1011 404 1033 autem
422 1012 454 1033 eo
468 1006 613 1041 cogitante,
631 1012 694 1033 ecce
719 1003 830 1040 angelus
852 1003 955 1031 Domini

171 1053 296 1088 apparuit
317 1052 343 1078 in
362 1052 463 1079 somnis
491 1052 534 1083 ei,
550 1052 665 1079 dicens:
686 1051 783 1086 Joseph
809 1051 845 1078 illi
862 1050 956 1082 David,

172 1100 227 1127 noli
244 1100 338 1126 timere
353 1098 477 1133 accipere
491 1097 602 1124 Mariam
616 1096 756 1132 conjugem
773 1102 845 1123 tuam
863 1104 870 1121 :
885 1095 957 1130 quod

173 1146 244 1172 enim
261 1145 287 1171 in
301 1152 332 1171 ea
347 1148 437 1171 natum
453 1148 504 1174 est,
519 1143 552 1170 de
567 1143 668 1178 Spiritu
686 1147 782 1170 sancto
801 1146 851 1169 est.
868 1141 956 1169 Pariet

172 1196 261 1218 autem
275 1191 368 1222 lilium,
386 1189 534 1217 etvocabis
559 1196 656 1216 nomen
683 1188 740 1223 ejus
764 1188 878 1216 Jesum:
900 1187 957 1223 ipse

172 1237 243 1264 enim
261 1236 363 1263 salvum
380 1235 461 1262 faciet
483 1235 609 1269 populum
633 1242 710 1261 suum
730 1242 744 1261 a
770 1234 887 1269 peccatis
909 1241 958 1261 eo-

172 1290 230 1308 rum
247 1281 279 1308 ⁸⁸.
298 1291 307 1307 ι
330 1281 385 1308 Duo
405 1281 484 1307 simul
507 1281 558 1308 hoc
583 1280 641 1307 loco
660 1280 749 1314 ponit,
770 1287 831 1314 quae
851 1281 877 1306 in
890 1279 957 1307 divi-

171 1335 232 1354 nam
253 1332 354 1354 tantum
373 1331 498 1354 naturam
517 1326 661 1360 quadrant,
681 1333 733 1352 non
755 1326 835 1352 etiam
859 1326 884 1352 in
907 1325 957 1352 bu-

171 1381 290 1400 manam.
312 1372 416 1399 Asserit
442 1378 559 1405 namque
573 1371 642 1406 ejus,
659 1370 705 1404 qui
728 1377 760 1396 ex
782 1370 866 1397 Maria
880 1373 956 1396 ortus

170 1424 222 1452 est,
238 1427 284 1446 eos
296 1425 400 1450 omnes,
416 1418 460 1451 qtti
478 1417 590 1444 salutem
613 1424 661 1451 per
677 1417 764 1450 ipsuut
788 1422 957 1450 consequun-

173 1470 227 1498 tur,
257 1464 383 1499 populum
413 1470 472 1490 esse
496 1462 678 1498 peculiarem;
705 1466 759 1487 tum
781 1465 808 1488 et
842 1460 907 1494 ipsis
926 1459 957 1486 il-

174 1512 227 1539 lum
252 1517 359 1546 peccata
378 1510 560 1536 dimissurum.
574 1507 653 1542 Atqui
676 1506 721 1533 Dei
737 1510 799 1533 sunt
811 1506 936 1532 universa
948 1524 955 1536 .

1008 240 1078 263 τινες
1092 232 1240 267 ἄνθρωποι,
1254 232 1279 257 ot
1298 230 1380 257 πάλαι
1396 231 1642 266 προγεγραμμένοι
1660 231 1702 262 εἰς
1716 230 1799 256 τοῦτο

1007 277 1038 303 τὸ
1056 278 1153 312 κρῖμα,
1169 277 1289 309 ἀσεϐεῖς,
1305 275 1354 311 τὴν
1367 275 1415 302 τοῦ
1431 276 1499 302 Θεοῦ
1514 276 1593 312 ⁴ἡμῶν
1610 276 1693 311 χάριν
1716 284 1801 310 μετα-

1006 322 1125 353 τιθέντες
1140 323 1178 353 et;
1196 322 1350 356 ἀσέλγειαν,
1367 321 1413 348 καὶ
1427 322 1473 347 τὸν
1487 322 1568 357 μόνον
1585 322 1730 356 Δεσπότην
1752 322 1801 348 καὶ

1008 367 1108 402 Κύριον
1127 367 1206 402 ἡμῶν
1229 367 1330 402 Ἰησοῦν
1353 367 1471 402 Χριστὸν
1494 367 1674 402 ἀρνούμενοι.
1688 376 1699 392 ι
1718 367 1800 393 Κατά

1007 413 1066 439 τίνα
1085 413 1186 447 τρόπον
1213 412 1361 449 ἀρνήσεται
1383 421 1424 444 τις
1445 412 1498 439 τῶν
1516 413 1589 445 ἅπαξ
1614 412 1800 439 πεπιστευκό-

1005 467 1059 485 των
1065 458 1110 485 τὸν
1119 459 1220 494 Κύριον
1229 458 1308 493 ἡμῶν
1324 457 1426 493 Ἰησοῦν
1446 459 1563 494 Χριστόν
1574 468 1581 491 ;
1612 458 1712 485 Καίτοι
1728 467 1801 494 παρ-

1006 503 1156 540 εδεξὰμεθι
1177 505 1222 531 τὸν
1235 512 1244 539 ι
1255 504 1304 539 τῆς
1331 504 1565 540 ἑνανθρωπήσεως
1585 505 1681 539 λόγον·
1699 505 1760 531 ἀλλ’
1775 505 1800 530 εξ

1008 549 1108 585 φαμὲν,
1124 550 1165 576 ὅτι
1184 549 1278 585 ἕτερος
1294 549 1344 584 μέν
1360 551 1434 578 ἐστιν
1449 551 1512 584 Υἱὸς
1525 552 1539 578 ὁ
1553 552 1585 578 ἐκ
1602 551 1670 578 θεοῦ
1690 551 1800 586 Πατρδς

1007 595 1104 628 Λόγος,
1119 595 1213 630 ἕτερος
1234 595 1262 621 δὲ
1277 595 1338 621 κατ’
1355 595 1422 622 ἰδίαν
1436 597 1451 622 ὁ
1466 597 1499 622 ὲκ
1519 596 1658 631 γυναικὸς,
1673 596 1801 631 ὴρνησὰ.-

1009 641 1079 676 μεεὶα
1094 641 1140 668 τὸν
1162 641 1244 676 μόνον
1265 642 1413 678 Δεσπότην.
1432 640 1479 674 Εἷς
1497 643 1551 678 γὰρ
1569 642 1673 677 Κύριος
1692 641 1800 677 Ἰησοῦς

1007 687 1134 723 Χριστὸς,
1149 687 1209 714 καθ’
1223 688 1320 715 ἕνωσιν
1331 688 1516 724 οἰκονομικὴν,
1534 688 1582 724 τὴν
1595 688 1664 724 πρός
1679 687 1713 721 τέ
1728 696 1799 722 φημι

1005 732 1052 760 τὸν
1072 735 1103 760 ὲκ
1118 733 1296 768 Θεοῦᾉόγον,
1310 735 1350 767 εἰς
1363 735 1412 770 τὴν
1425 735 1474 769 τῆς
1491 734 1618 768 θεότητος
1636 733 1718 767 δόξαν
1734 733 1799 759 ἀνα-

1007 778 1143 814 φοιτώσης
1155 779 1237 805 αὑτοῦ
1245 780 1294 815 τῆς
1308 781 1416 816 σαρκός.
1430 779 1478 811 Εἷς
1488 777 1533 806 οὖν
1549 780 1603 816 ἄρα
1618 779 1739 815 Χριστὸς
1751 780 1798 805 καὶ

1011 825 1092 856 Υἱός·
1107 824 1184 852 ἔσται
1199 827 1254 861 γὰρ
1268 825 1339 852 οὕτω
1353 826 1406 852 τῶν
1421 825 1489 852 ὅλων
1505 826 1654 860 Δεσπότης.

1102 890 1151 918 Ἐκ
1171 891 1224 918 τοῦ
1243 892 1317 918 κατὰ
1339 892 1490 919 Ματθαῖον
1506 892 1706 928 Εὐαγνελίου.

1226 945 1291 972 Ὅτι
1312 945 1384 979 Θεὸς
1400 947 1416 974 ό
1436 947 1574 981 Χριστός-

1045 1009 1055 1026 σ
1080 1001 1172 1028 Ταῦτα
1197 1001 1226 1028 δὲ
1250 1003 1332 1030 αὑτοῦ
1359 1003 1571 1039 ἐνθυμηθέντος,
1600 1005 1656 1033 ἰδοὺ
1681 1006 1798 1040 ἄγγελος

1007 1046 1110 1081 Κυρίου
1126 1048 1185 1074 κατ’
1200 1047 1266 1084 ὕναρ
1280 1049 1367 1085 ἐφάνη
1389 1050 1474 1086 αὐτῷ,
1499 1050 1596 1085 λέγων·
1620 1053 1723 1088 Ἰωσὴφ
1742 1053 1798 1084 υίὸς

1007 1091 1097 1125 Δαυῒδ,
1117 1092 1154 1128 μὴ
1168 1093 1288 1129 φοϐηθῇς
1304 1094 1472 1130 παραλαὸεἴν
1485 1097 1601 1132 Μαριὰμ
1617 1097 1668 1132 τὴν
1679 1099 1798 1132 γυναῖκα

1008 1145 1070 1163 σου’
1084 1137 1115 1164 τὸ
1132 1138 1186 1173 γὰρ
1207 1139 1236 1166 ὲν
1253 1141 1322 1175 αὐτῇ
1342 1141 1481 1176 γεννηθὲν,
1497 1142 1529 1168 ὲκ
1548 1143 1708 1178 Πνεῦματός
1724 1145 1797 1170 ἐστιν

1007 1182 1096 1216 ἁγίου.
1111 1183 1223 1216 Τέξεται
1237 1185 1265 1212 δὲ
1279 1185 1347 1218 υἱὸν,
1361 1186 1407 1213 καὶ
1419 1186 1543 1219 καλέσεις
1558 1188 1587 1214 τὸ
1601 1188 1688 1223 ὄνομα
1700 1188 1794 1221 αὺτοῦ,

1013 1227 1133 1262 Ἰησοῦν·
1157 1229 1238 1261 αὐτὸς
1254 1230 1308 1266 γὰρ
1328 1230 1410 1258 σώσει
1424 1231 1470 1258 τὸν
1484 1232 1547 1258 λαὸν
1568 1233 1652 1260 αὑτοῦ
1671 1234 1727 1260 ἀπὸ
1743 1235 1796 1260 τῶν

1006 1275 1147 1309 ἁμαρτιῶν
1162 1276 1261 1303 αὐτῶν.
1286 1287 1295 1302 ›
1313 1277 1365 1303 Δύο
1382 1278 1452 1304 κατὰ
1469 1279 1550 1306 ταυτὸ
1571 1279 1662 1314 τίθησι
1683 1280 1719 1306 τὶ
1742 1280 1798 1307 0:9-

1007 1321 1108 1356 πρεπῆ,
1126 1322 1173 1348 καὶ
1187 1322 1236 1349 οὐκ
1253 1323 1410 1359 ἀνθρωπεία
1425 1324 1563 1359 πρέποντα
1573 1325 1727 1359 φύσει.Τοῦ
1743 1327 1796 1360 γὰρ

1006 1366 1146 1401 τεχθέντος
1169 1368 1201 1394 ὲκ
1225 1368 1276 1402 τῆς
1301 1369 1417 1405 Μαριὰμ
1440 1369 1504 1396 ἴδιον
1529 1370 1580 1405 ἔφη
1594 1371 1659 1398 λαὸν
1677 1372 1741 1403 τοὺς
1763 1372 1795 1398 δι’

1007 1412 1088 1438 αὐτοῦ
1109 1413 1315 1448 σεσωσμένουςο
1332 1415 1379 1441 καὶ
1396 1416 1458 1450 μὴν,
1474 1416 1514 1442 ὅτι
1527 1417 1574 1442 καὶ
1591 1417 1737 1452 ἁμαρτιῶν
1750 1418 1796 1444 αὖ-

1007 1459 1069 1490 τοὺς
1083 1458 1164 1490 αὖτὸς
1197 1459 1357 1492 ἀπαλλάξει.
1371 1460 1437 1487 Θεοῦ
1450 1461 1478 1488 δὲ
1497 1461 1531 1488 τὰ
1550 1461 1651 1495 πάντα,
1668 1463 1716 1489 καὶ
1733 1464 1796 1498 ττρέ-

1007 1512 1053 1530 ιποι
1077 1503 1110 1530 ἂν
1134 1505 1272 1540 αὐτῷκαὶ
1298 1506 1370 1541 μόνῳ
1390 1507 1420 1533 τὸ
1446 1507 1628 1535 ἀπαλλάττειν
1650 1509 1796 1544 ἁμαρτιῶν

172 1538 309 1589 ipsiusque
330 1554 413 1581 solius
435 1557 477 1580 est
512 1557 682 1587 peccatorum
710 1551 813 1585 laqueis
839 1550 955 1576 irretilos

1027 1548 1134 1576 JvasBat
1157 1538 1221 1582 τοῦς
1243 1538 1447 1585 ἡμαρτηιιότας.
1470 1551 1537 1584 Θεὸς
1560 1550 1607 1579 οὖν
1623 1538 1678 1589 ἄρα
1694 1538 1768 1580 ἐστὶν
1783 1554 1796 1580 ὸ

171 1602 309 1635 expedire.
324 1599 348 1626 ls
368 1600 459 1634 igitur,
476 1599 521 1633 qui
540 1606 572 1624 ex
589 1605 667 1625 sacra
683 1597 795 1631 Virgine
812 1602 888 1622 natus
904 1601 955 1628 est,

172 1647 243 1674 Deus
259 1651 311 1678 est,
325 1645 402 1679 cujus
418 1652 467 1671 uos
481 1643 626 1678 peculiaris
640 1642 755 1676 populus
777 1649 881 1673 sumus,
897 1641 957 1675 qui-

172 1699 225 1726 que
245 1699 259 1718 e
274 1696 446 1725 peccatorqu
471 1688 585 1716 vinculis
611 1695 659 1722 pro
683 1695 730 1714 sua
756 1691 889 1721 potestate
909 1694 957 1713 nos

173 1737 270 1765 exemit
287 1745 317 1763 ac
332 1735 466 1762 liberavit.

211 1792 219 1808 ι
237 1783 303 1810 Cum
323 1789 388 1816 ergo
416 1785 495 1808 natus
514 1785 585 1808 esset
604 1780 683 1807 Jesus
706 1779 732 1806 in
755 1778 889 1806 Bethleem
910 1777 957 1805 Ju-

173 1831 236 1857 daue
247 1829 281 1854 ³³.
299 1838 307 1854 ι
331 1828 358 1854 in
383 1828 497 1855 Betleem
520 1827 618 1854 Judmaa
636 1831 715 1853 natus
730 1830 779 1858 est,
808 1832 840 1851 ex
858 1825 956 1852 Jessn-a

172 1876 274 1902 radice.
288 1875 365 1902 Unde
380 1875 448 1901 Deus
460 1878 486 1900 et
500 1873 579 1903 Pater
600 1879 647 1907 per
672 1872 814 1906 quemdam
838 1879 853 1897 e
872 1871 957 1897 sacris

173 1921 279 1948 vatibus
298 1921 334 1947 ita
351 1920 387 1947 ait
401 1929 408 1947 :
425 1928 434 1945 ι
459 1920 493 1946 Et
508 1924 535 1946 tu
568 1918 703 1946 Bethleem
717 1918 813 1944 domus
827 1916 956 1951 Ephrata,

172 1972 342 1999 nequaquam
358 1964 468 1991 minima
484 1971 524 1995 es,
539 1963 593 1998 79
609 1967 637 1989 ut
652 1963 689 1990 sis
705 1962 731 1989 in
747 1961 863 1988 millibus
876 1960 955 1988 Juda.

171 2011 211 2038 Ex
236 2016 262 2038 te
284 2011 356 2037 enim
382 2010 536 2045 egredietur
561 2009 624 2036 mihi
652 2008 698 2042 qui
727 2013 803 2042 regat
830 2007 956 2042 populum

172 2063 260 2083 meum
283 2056 308 2082 in
320 2055 403 2083 israel
417 2065 424 2083 ς
440 2060 468 2082 et
479 2061 606 2090 egressus
622 2053 680 2088 ejus
691 2054 725 2080 ab
739 2053 815 2080 initio
827 2060 841 2079 a
862 2053 956 2079 diebus

170 2102 329 2129 aeternitatis
341 2101 373 2128 ³⁸.
394 2111 404 2127 ›
429 2101 568 2134 Quomodo
597 2093 753 2126 Betleemita
778 2098 822 2125 ille
854 2097 888 2125 ab
909 2098 958 2124 iui-

172 2149 208 2175 tio
223 2148 312 2175 saeculi
327 2155 462 2183 egressus,
484 2147 536 2174 hoc
553 2150 596 2173 est
613 2144 773 2172 substantiae
793 2144 955 2178 principium

171 2195 282 2221 sortitus
301 2194 410 2226 dicitur,
440 2200 500 2220 cum
526 2197 615 2219 tamen
641 2191 668 2217 in
689 2190 843 2217 novissimis
865 2189 954 2217 smculi

171 2240 336 2274 temporibus
349 2244 441 2266 natum
458 2239 545 2273 ipsum
565 2244 626 2265 esse
639 2235 768 2270 jcoustet?
782 2236 851 2262 Deus
872 2235 954 2270 igitur

170 2290 212 2313 est
232 2285 366 2317 Christus,
391 2285 530 2319 ipsiusque
549 2283 633 2310 divini
656 2281 738 2310 Verbi
765 2281 910 2316 antiquitas
928 2282 955 2309 in

171 2332 244 2359 illum
257 2331 392 2359 convenit.
405 2331 473 2357 Nam
488 2330 560 2358 Deus
574 2334 644 2361 erat,
656 2333 767 2364 propter
782 2335 830 2355 uos
847 2335 879 2355 ex
894 2335 953 2354 mu»

171 2378 236 2405 liere
250 2379 331 2404 homo
343 2377 419 2404 nasci
433 2377 570 2411 dignatus.

208 2432 217 2448 ι
238 2423 294 2458 Ego
319 2423 439 2457 quidem,
464 2422 568 2456 inquit,
591 2421 701 2456 baptizo
718 2427 765 2448 vos
783 2419 809 2446 in
835 2426 905 2452 aqua
931 2418 957 2445 in

171 2468 366 2503 paenitentiam.
383 2467 433 2501 Qui
450 2472 540 2494 autem
554 2471 616 2499 post
628 2474 671 2494 me
683 2471 814 2493 venturus
833 2470 887 2496 est,
901 2463 956 2491 for—

172 2515 223 2541 tior
238 2521 280 2541 me
290 2519 342 2546 est,
353 2514 431 2548 cujus
445 2521 497 2540 non
511 2520 570 2540 sunt
582 2513 678 2547 dignus
699 2511 879 2539 calceatuenta
893 2517 955 2544 por-

171 2566 238 2587 tare.
254 2560 314 2594 ipse
326 2567 374 2587 vos
391 2559 538 2593 baptizabit
552 2559 579 2586 in
604 2558 706 2592 Spiritu
726 2562 820 2585 sancto
833 2563 860 2584 et
882 2557 952 2592 igne.

170 2605 253 2641 Cujus
274 2605 451 2633 ventilabrum
478 2606 505 2632 in
530 2612 610 2632 manu
639 2611 699 2636 sua,
724 2608 752 2630 et
767 2601 955 2637 permitndahit

170 2658 262 2679 aream
282 2659 358 2679 suam
371 2651 405 2678 ⁸⁷.
429 2660 440 2677 ι
465 2650 682 2686 Haudquaquam
708 2651 834 2677 humanae
852 2654 953 2677 natura:

170 2705 236 2732 opus
247 2701 288 2725 cst
302 2697 328 2724 in
342 2697 446 2732 Spiritu
458 2701 554 2725 sancto
569 2697 725 2732 baptizare:
742 2696 789 2724 sed
803 2703 889 2731 neque
902 2696 954 2731 spi-

171 2743 274 2770 ritalem
291 2750 398 2778 quoque
413 2750 515 2776 aream,
534 2743 586 2770 hoc
605 2747 647 2770 est
663 2743 788 2770 homines
802 2746 907 2770 aetatcm
925 2742 951 2769 in

1007 1595 1038 1621 ὲκ
1053 1595 1102 1629 τῆς
1121 1596 1201 1629 ἁγίας
1219 1597 1356 1631 Παρθένου
1371 1598 1578 1632 γεγεννημένος,
1604 1595 1635 1625 οὗ
1660 1600 1708 1626 καὶ
1733 1600 1795 1631 ἴδιός

1007 1641 1090 1674 ἐσμεν
1105 1641 1177 1674 λαὸς,
1196 1642 1242 1668 καὶ
1267 1642 1409 1676 ἁμαρτιῶν
1425 1642 1452 1668 δὲ
1477 1644 1550 1678 ἡμᾶς
1565 1643 1735 1679 ἀπήλλαξεν,
1760 1645 1795 1676 ὡς

1007 1686 1076 1721 ἔχων
1091 1687 1137 1713 καὶ
1152 1686 1246 1713 τούτου
1263 1687 1311 1722 τὴν
1328 1687 1461 1720 ὲξουσίαν.

1045 1796 1054 1812 ι
1078 1786 1131 1813 Τοῦ
1145 1787 1174 1814 δὲ
1195 1787 1282 1823 Ἰησοῦ
1293 1787 1466 1823 γεννηθέντος
1481 1788 1511 1815 ὲν
1526 1787 1652 1823 Βηθλεὲμ
1666 1788 1716 1823 τῆς
1733 1789 1794 1815 Ἰου-

1006 1832 1092 1864 δαίας.
1113 1842 1122 1858 ι
1147 1833 1191 1860 Ἐν
1207 1832 1330 1868 Βηθλεὲμ
1344 1833 1504 1868 γεγέννηται
1526 1833 1576 1868 τῆς
1598 1834 1742 1866 Ἰουδαίας,
1764 1835 1794 1861 ἐκ

1008 1878 1086 1914 ῥίζης
1106 1878 1214 1906 Ἰεσσαί.
1229 1879 1298 1913 Φησὶ
1311 1878 1339 1905 δὲ
1358 1879 1422 1914 περὶ
1433 1879 1514 1905 αὑτοῦ
1530 1879 1564 1905 δι’
1579 1879 1639 1910 ἐνὸς
1652 1880 1709 1905 τῶν
1732 1889 1794 1915 προ·

1007 1924 1099 1958 φητῶν
1113 1924 1127 1950 ὸ
1141 1924 1206 1955 Θεὸς
1223 1924 1270 1950 καὶ
1283 1924 1394 1960 Πατήρ·
1418 1935 1426 1951 ι
1445 1925 1500 1952 Καὶ
1525 1926 1557 1952 σὺ
1578 1925 1704 1961 Βηθλεὲμ
1722 1924 1793 1957 οἶκος

1006 1968 1053 1995 τοῦ
1076 1969 1206 2003 Ἐφραθᾶ,
1226 1969 1262 2004 μὴ
1279 1969 1415 2003 ὀλιγοστὸς
1431 1966 1458 1996 εἴ
1473 1969 1520 1996 τοῦ
1537 1967 1609 1997 εἶναι
1624 1971 1654 1996 ὲν
1678 1971 1792 2005 χιλιάσιν

1013 2013 1098 2040 Ἰούδα.
1108 2022 1116 2028 θ
1129 2014 1161 2039 ὲκ
1175 2013 1221 2040 σοῦ
1236 2014 1289 2049 γάρ
1301 2023 1346 2048 μοι
1361 2014 1530 2047 ἐξελεύσεται
1544 2015 1590 2041 τοῦ
1606 2013 1677 2042 εἶναι
1691 2017 1732 2047 εἰς
1747 2017 1793 2050 ἄρ-

1006 2067 1086 2093 χοντα
1101 2059 1129 2085 ὲν
1143 2059 1182 2094 τῷ
1205 2059 1314 2095 Ἰσραήλ
1325 2068 1333 2076 ’
1347 2060 1394 2086 καὶ
1408 2061 1434 2086 al
1450 2059 1534 2092 ἔξοδοι
1549 2060 1632 2087 αὑτοῦ
1647 2061 1696 2087 ἀπ’
1708 2061 1792 2096 ἀρχῆς

1006 2105 1036 2137 ἐξ
1059 2105 1169 2140 ἡμερῶν
1186 2105 1293 2136 αἰῶνος.
1315 2115 1323 2131 ι
1343 2105 1406 2136 Πῶς
1430 2103 1477 2132 οὖν
1501 2106 1516 2132 ό
1540 2107 1742 2142 γεγεννημένος
1766 2108 1792 2133 ἐν

1007 2149 1130 2185 Βηθλεὲμ
1144 2150 1192 2184 τῆς
1208 2150 1348 2183 Ἰουδαίας,
1361 2151 1407 2178 ἀπ’
1419 2152 1505 2187 ἀρχῆς
1518 2153 1615 2184 αἰῶνος
1626 2153 1677 2183 τὰς
1689 2152 1793 2186 ἐξόδους

1007 2195 1078 2230 ἔχειν
1097 2193 1214 2227 λέγεται,
1238 2195 1360 2222 τουτέστι
1384 2197 1434 2231 τῆς
1457 2196 1600 2232 ὑπάρξεως
1621 2197 1671 2233 τὴν
1697 2199 1792 2233 ἀρχὴν,

1007 2242 1094 2269 καίτοι
1118 2242 1257 2277 γεννηθεὶς
1279 2243 1308 2269 ἐν
1329 2242 1453 2278 ἐσχάτοις
1475 2243 1522 2270 τοῦ
1547 2244 1645 2275 αἰῶνος
1671 2246 1792 2280 καιροῖςς

1006 2288 1072 2320 θεὸς
1087 2286 1135 2315 οὖν
1151 2288 1205 2324 ἄρα
1219 2289 1346 2323 Χριστὸς,
1359 2289 1406 2316 καὶ
1418 2289 1519 2323 πρέπει
1534 2289 1608 2324 αὐτῷ
1617 2289 1648 2316 τὸ
1663 2290 1712 2316 τοῦ
1729 2290 1792 2316 Θεοῦ

1008 2334 1095 2367 Λόγου
1112 2333 1309 2369 πρεσϐύτατον.
1326 2334 1392 2365 Θεὸς
1401 2334 1455 2369 γὰρ
1463 2332 1507 2369 ἢν,
1523 2335 1557 2361 δι’
1571 2336 1646 2370 ἡμᾶς
1662 2336 1793 2373 σαργιχὴν

1008 2379 1158 2414 ὑπομείνας
1173 2379 1297 2414 γέννησιν
1311 2379 1360 2414 τὴν
1374 2380 1406 2406 ἐκ
1421 2380 1560 2414 γυναικός.

1047 2435 1056 2451 ι
1086 2425 1156 2459 Ἐγὼ
1173 2425 1222 2460 μὲν
1237 2426 1292 2460 γὰρ
1311 2426 1383 2460 ὑμᾶς
1404 2426 1433 2452 ὲν
1450 2425 1525 2453 ὕδατι
1542 2427 1676 2461 βαπτίζω,
1703 2428 1791 2463 (ρησὶν,

1008 2471 1047 2501 εἰς
1066 2470 1225 2505 μετάνοιαν·
1242 2471 1256 2496 ό
1271 2470 1300 2496 δὲ
1315 2470 1402 2496 όπίσω
1416 2479 1467 2505 μου
1482 2471 1640 2506 ἐρχόμενος,
1657 2472 1792 2507 ἰσχυρότε-

1009 2515 1055 2551 ρός
1072 2524 1122 2550 μου
1139 2516 1222 2548 ἐστὶν,
1236 2513 1267 2542 οὗ
1283 2516 1333 2542 οὐκ
1345 2516 1402 2551 εἰμὶ
1419 2517 1510 2548 ἱκανὸς
1525 2517 1558 2543 τὰ
1572 2518 1735 2553 ὑποδήματα
1750 2519 1791 2553 βα-

1009 2560 1115 2588 στάσαι.
1129 2561 1214 2592 Αὐτὸς
1229 2561 1300 2596 ὑμᾶς
1315 2561 1440 2596 βαπτίσει
1460 2562 1489 2588 ὲν
1509 2561 1648 2598 ΙΙνεύματι
1664 2565 1736 2599 ἁγίῳ
1749 2564 1790 2591 καὶ

1008 2606 1082 2641 πυρί.
1099 2602 1136 2633 Οῦ
1157 2606 1187 2633 τὸ
1201 2606 1283 2633 πτύον
1304 2607 1332 2633 ὲν
1346 2608 1379 2642 τῇ
1395 2607 1466 2643 χειρὶ
1491 2608 1585 2641 αὑτοῦ,
1602 2609 1650 2635 καὶ
1665 2609 1787 2637 διακαθα-

1007 2652 1060 2686 ριεῖ
1073 2651 1122 2687 τὴν
1141 2651 1232 2678 ἅλωνα
1257 2651 1350 2680 αὑτοῦ.
1372 2662 1381 2678 ι
1398 2653 1455 2680 Οὐκ
1480 2653 1694 2690 ἀνθρωπότητος
1717 2655 1786 2690 ἔργον

1005 2685 1074 2724 εἷναί
1097 2685 1187 2733 (ραμεν
1202 2698 1232 2724 τὸ
1249 2697 1389 2732 βαπτίζειν
1413 2699 1441 2725 ἐν
1465 2685 1538 2734 ἁγίιρ
1561 2685 1797 2734 [halitu-arani

1004 2743 1064 2770 οὐδὲ
1087 2744 1137 2779 τὴν
1151 2743 1252 2778 ,ἅλωνα
1275 2744 1324 2779 τὴν
1339 2744 1447 2780 νοητὴν,
1463 2745 1586 2772 τουτέστι
1601 2747 1666 2778 τοὺς
1682 2747 1728 2773 ἐπὶ
1744 2746 1787 2780 τῆς

203 2829 226 2844 ⁸³
241 2829 301 2857 Jud.
319 2831 346 2864 5,
361 2831 389 2860 4,
419 2831 444 2848 ⁸⁸
457 2830 552 2859 Matth.
567 2837 586 2864 I,
600 2830 645 2864 20,
663 2830 710 2860 ei.
747 2830 770 2847 ⁸⁸
788 2829 881 2858 Matth.
902 2839 932 2864 ιι,

1027 2831 1040 2847 η⁶
1056 2831 1137 2860 Mich.
1159 2839 1186 2864 v,
1206 2831 1239 2865 2;
1259 2831 1355 2859 Matth.
1371 2839 1401 2865 ιι,
1418 2832 1444 2860 6.
1482 2833 1504 2849 ⁸⁷
1521 2832 1617 2867 Matth,
1631 2841 1672 2867 ιιι,
1692 2834 1732 2867 ll,
1749 2833 1786 2861 l2.
