1883 3056
116 171 184 199 (261

666 172 710 200 DE
729 170 842 201 RECTA
863 173 941 202 FIDE
959 174 1004 201 AD
1025 174 1182 203 REGINAS.

1668 174 1679 201 l
1685 173 1737 200 262

117 229 182 264 γῆς,
195 227 262 256 ἰδίαν
274 226 343 256 εἷναί
359 238 448 265 φαμεν
463 229 616 266 ἀνθρώπου.
627 230 694 257 Θεοῦ
709 231 763 267 γὰρ
774 231 808 258 τὰ
817 232 903 259 πάντα

973 240 1028 260 erro
1052 237 1172 268 agentes,
1192 231 1309 260 hominis
1328 231 1463 266 propriam
1491 236 1551 259 esse
1569 231 1737 258 concesseri-

113 276 184 308 ἐστὶ,
201 276 247 302 καὶ
261 276 335 311 αὺτῷ
355 278 402 303 καὶ
423 277 495 312 μόνῳ
516 277 616 313 πρέπει
640 279 670 305 τὸ
686 279 714 304 ἐν
733 279 803 315 ἁγίῳ
819 279 904 306 lived-

115 330 182 356 ματι
199 322 338 357 βαπτίζειν
361 323 490 350 δύνασθαι
514 325 575 356 τοὺς
600 325 787 358 πιστεύοντας.
810 325 904 361 Ἐνήρ-

114 374 185 401 γηκε
202 367 230 393 δὲ
249 368 327 394 τοῦτο
348 369 465 402 Χριστὸς
486 369 500 396 ὁ
521 371 589 405 μετὰ
612 372 738 406 Ἰωάννην
757 372 903 407 ἐρχόμενος

115 413 189 439 κατὰ
204 413 303 448 σάρκα,
320 415 379 449 ἦτοι
394 415 440 441 τὸν
454 416 503 450 τῆς
521 418 620 451 σαρκὸς
644 418 749 452 χρόνον.
765 418 860 449 utare;
875 417 904 444 δὲ

116 458 164 485 καὶ
176 458 224 493 τὴν
234 459 329 486 ἑαυτοῦ
344 459 435 487 ἅλωνα
456 461 608 497 καθαρίζει.
625 462 690 494 Θεὸς
706 460 751 489 οὖν
765 463 819 498 ἄρα
830 463 904 489 ἐστὶν

115 503 231 538 ἀληθής.

156 559 165 575 ι
189 549 243 575 Καὶ
259 548 314 575 ἰδοὺ
329 548 428 584 λεπρὸς
442 550 606 585 προσελθὼν,
621 551 783 587 προσεκύνει
796 552 884 586 λέγων
894 560 901 567 ·

117 594 215 630 Κύριε,
241 595 288 621 ἐὰν
312 595 401 630 θέλῃς,
418 595 530 623 δύνασαί
547 606 580 632 με
604 597 760 633 καθαρίσαι.
780 599 836 625 Καὶ
859 599 905 624 ἐκ·

115 641 207 672 τείνας
227 640 276 676 τὴν
299 643 388 677 χεῖρα,
412 642 500 677 ἥψατο
519 643 612 676 αὑτοῦ,
630 643 732 678 λέγων·
749 644 833 676 Θέλω,
852 653 903 671 κα-

115 685 269 720 Θαρίσθητι.
284 687 338 712 Καὶ
352 686 453 718 εὐθέως
468 687 634 723 ἐκαθαρίσθη
648 689 730 716 αὑτοῦ
746 690 762 724 ἠ
778 689 876 724 λέπρα.
890 699 899 715 ι

115 731 154 757 Τὸ
166 732 286 766 ἐνεργεῖν
305 731 432 759 δύνασθαι
442 732 667 769 θεοπρεπῶς,οὺκ
676 735 740 761 ἴδιον
748 735 903 771 ἀνθρώπου,

115 778 186 813 αὐτῇ
196 777 223 803 δὲ
234 777 332 812 μᾶλλον
343 777 461 804 ἐποιεῖτο
474 777 596 814 [πρέποι]
607 779 638 805 ἂν
650 780 696 806 καὶ
708 779 774 815 μόνῃ
787 781 819 815 τῇ
835 779 904 806 πάν-

113 832 170 850 των
187 824 312 850 ἐπέκεινα
329 823 419 858 φύσει.
441 825 561 860 Ἑνεργεῖ
575 825 603 852 δὲ
620 824 691 852 οὕτω
705 818 835 861 Χριστόςέ
855 826 905 853 οὐκ

113 870 170 904 ἄρα
192 869 268 904 ψιλὸς
291 869 433 905 ἄνθρωπος
455 870 518 897 καθ’
537 871 622 906 ἡμᾶς,
639 871 704 903 Θεὸς
717 871 745 898 δὲ
762 871 861 906 μᾶλλον
875 872 905 898 ὲν

955 286 1034 307 mus:
1050 287 1112 306 nam
1128 279 1220 306 omnia
1239 277 1322 306 solius
1335 277 1380 304 Dei
1393 282 1467 311 sunt,
1492 277 1596 312 ipsique
1611 276 1659 304 soli
1674 283 1737 303 con-

954 325 1027 360 gruit
1052 324 1124 357 illos,
1145 324 1191 359 qui
1215 324 1343 356 credunt,
1367 323 1393 350 itt
1419 322 1521 358 Spiritu
1541 327 1635 350 sancto
1658 330 1738 357 posse

955 370 1105 406 baptizare.
1123 369 1204 404 Atqui
1227 369 1363 402 Christus,
1386 369 1431 404 qui
1455 369 1602 396 secundum
1627 375 1736 396 carnem

954 421 1015 450 post
1024 415 1155 444 Joannem
1167 415 1302 448 veniebat,
1315 419 1437 450 potenter
1451 415 1494 442 isti
1512 416 1568 441 hzcc
1582 413 1736 449 praestabat,

955 461 1080 496 idemque
1104 469 1180 489 suam
1206 468 1312 496 quoque
1330 469 1422 488 aream
1450 460 1622 495 permundat.
1651 459 1738 486 Verus

955 506 1045 541 itaque
1062 507 1131 534 Deus
1147 512 1188 534 est
1202 507 1335 535 Christus.

993 560 1002 577 ι
1021 552 1053 579 Et
1070 559 1134 579 ecce
1159 551 1282 586 leprosus
1304 551 1416 578 veniens
1443 550 1572 578 adorabat
1597 557 1676 582 eum,
1697 548 1738 576 di-

955 605 1020 624 cens
1034 606 1040 624 :
1054 597 1177 629 Domine,
1193 598 1215 624 si
1233 597 1283 631 vis,
1299 602 1376 631 potes
1392 603 1435 624 me
1450 595 1631 623 mundare.Et
1645 600 1738 622 cxten-

955 643 1021 670 dens
1044 643 1123 670 Jesus
1146 651 1265 674 manum,
1289 643 1375 678 tetigit
1401 650 1477 675 eum,
1507 642 1621 669 dicens:
1652 641 1736 673 Volo,

955 691 1096 718 mundare.
1116 690 1150 717 Et
1165 690 1305 717 confestim
1322 690 1448 716 mundata
1464 693 1505 715 est
1519 688 1592 722 lepra
1604 687 1663 722 ejus
1672 687 1704 714 ⁸³.
1725 696 1736 713 ι

954 734 1028 769 Opus
1042 735 1161 762 divinum
1175 735 1273 766 moliri,
1291 742 1344 761 non
1362 738 1406 761 est
1426 733 1523 760 virium
1547 733 1736 760 humanarum.

954 781 1088 809 Convenit
1107 781 1132 808 id
1150 786 1240 808 atttem
1254 781 1279 807 in
1297 780 1446 815 principem
1463 779 1582 806 omnium
1600 783 1735 809 naturam,

955 828 1006 855 hoc
1022 831 1064 854 est
1089 826 1216 853 divinam.
1244 826 1324 860 Atqui
1353 825 1477 852 Christus
1499 823 1629 859 ejusmodi
1655 830 1736 858 opera

955 873 1081 904 molitur;
1098 880 1149 899 nott
1165 877 1207 900 est
1218 879 1280 906 ergo
1296 871 1383 898 nudus
1405 871 1495 904 homo,
1512 869 1735 905 quemadmodum

113 915 273 952 ἀνθρωπεία
288 917 390 951 μορφῇ.
405 915 483 943 Οὕτω
497 917 602 952 νοήσεις
617 917 664 944 καὶ
677 917 725 944 ἐπὶ
736 916 785 952 τῆς
800 917 903 952 Πέτρου

974 927 1016 953 os,
1033 919 1080 946 sed
1103 918 1173 946 Deus
1194 918 1350 945 humanam'
1364 921 1490 944 naturam
1510 916 1632 944 indutus.
1660 915 1736 949 Quod

114 961 259 996 πενθερᾶς,
285 962 335 988 κᾶν
358 963 414 994 τοῖς
440 962 554 997 ἀνέμοις
579 963 713 999 ἐπιτιμῶν
736 964 832 1000 ὁρῷτο,
858 965 905 991 θα-

113 1007 203 1042 λάσσῃ
217 1016 246 1033 τε
262 1007 308 1034 καὶ
330 1008 433 1035 ὓδασιν.
450 1008 535 1036 Ὅθεν
548 1010 594 1036 καὶ
606 1010 631 1036 οἱ
653 1009 791 1037 θεσπέσιοι
816 1011 905 1046 μαθη-

113 1053 161 1078 ταὶ
178 1052 225 1078 καὶ
247 1053 382 1079 Θάλασσαν
398 1054 445 1080 καὶ
470 1054 587 1090 ἀνέμους
608 1055 804 1090 ὑποκειμένους
819 1056 903 1092 ὀρῶν-

113 1106 172 1129 τες,
185 1098 373 1133 τεθαυμάκασι
382 1099 506 1134 λέγοντες
518 1108 525 1114 ·
541 1109 549 1126 ι
565 1101 688 1132 Ποταπός
700 1102 774 1128 ἐστιν
784 1099 877 1134 οὗτος
891 1111 900 1128 ι

114 1144 155 1170 (ὶὺ
179 1144 232 1179 γὰρ
258 1142 292 1179 ἦν
309 1142 453 1180 ἀνθρώπου
473 1145 552 1181 ψιλοῦ
578 1146 614 1172 τὰ
639 1146 751 1173 τοιαῦτα
774 1146 903 1173 δύνασθαι

113 1190 194 1226 δρᾷν.
212 1190 278 1221 Θεὸς
300 1188 347 1217 οὖν
370 1191 424 1226 ἄρα
447 1191 518 1218 κατὰ
532 1191 628 1218 ταυτὸν
655 1192 702 1219 καὶ
725 1192 866 1229 ἅνθρωπος
889 1193 904 1219 ὁ

113 1236 136 1263 Χ
143 1236 243 1272 ριστός.

155 1384 164 1401 ι
188 1375 219 1401 Οἱ
233 1375 261 1401 δὲ
275 1374 410 1409 δαίμονες,
424 1374 501 1410 φησὶ,
517 1374 688 1410 παρεκάλουν
705 1375 795 1406 αὑτὸν,
811 1375 903 1410 λέγον-

115 1429 180 1452 τες⁶
194 1421 225 1446 Et
247 1420 388 1452 ἐκϐάλλεις
408 1421 492 1455 ἡμᾶς.
508 1420 753 1457 ἀπόστειλονὴμᾶς
769 1427 779 1440 ³
800 1422 840 1453 είς
854 1422 903 1458 τὴν

114 1466 217 1501 ἀγέλην
231 1466 285 1492 τῶν
299 1466 409 1501 χοίρων.
433 1466 488 1492 Καὶ
503 1464 579 1492 εἶπεν
600 1467 692 1498 αὺτοῖς
702 1475 708 1483 ·
729 1467 873 1502 Ὑπάγετε.
891 1477 900 1494 ι

115 1512 154 1538 Τὸ
169 1513 293 1546 προνοεῖν
315 1511 369 1537 τῶν
392 1511 471 1544 ὅλων,
498 1512 544 1538 καὶ
562 1511 659 1544 σώζειν
679 1513 760 1543 αὐτὰ.
776 1513 847 1545 τίνος
870 1513 903 1540 ἂν

117 1558 171 1592 εἴη,
197 1558 267 1593 πλὴν
293 1558 333 1584 ὅτι
361 1557 441 1593 μόνου
465 1557 511 1584 τοῦ
533 1558 603 1585 κατὰ
629 1558 710 1593 φύσιν
730 1559 805 1591 ὄντος
819 1559 902 1592 Θεοῠ;

115 1603 197 1630 οὕτω
215 1604 263 1630 καὶ
285 1605 299 1630 ὀ
321 1603 417 1639 Σωτὴρ
438 1603 571 1637 ἔφασκεν·
591 1612 600 1629 ι
619 1604 686 1639 Οὐχὶ
707 1604 753 1631 δύο
778 1605 905 1640 στρουθία

116 1649 249 1684 ἀσσαρίου
273 1649 436 1682 πωλοῦνται,
459 1650 506 1676 καὶ
530 1649 559 1675 ἓν
581 1649 611 1682 ἐξ
625 1650 714 1676 αὐτῶν
728 1651 758 1677 οὺ
781 1653 904 1678 πεσεῖται

116 1695 165 1721 ἐπὶ
183 1695 232 1730 τὴν
246 1696 296 1730 γῆν
311 1695 375 1721 ἄνευ
390 1694 437 1721 τοῦ
453 1695 559 1730 Πατρὸς
581 1695 657 1730 ὑμῶν
672 1695 719 1722 τοῦ
742 1697 770 1722 ἐν
788 1698 845 1727 τοῖς
860 1697 904 1723 οὺ-

116 1742 227 1777 ρανοῖς;
247 1741 339 1775 ’Υμῶν
353 1740 382 1767 δὲ
403 1741 450 1767 καὶ
464 1741 492 1767 αἱ
507 1741 598 1776 τρίχες
612 1742 661 1776 τῆς
678 1742 798 1776 κεφαλῆς
819 1743 904 1769 πᾶσαι

115 1785 304 1821 ἠριθμημέναι
318 1785 396 1812 εἰσίν.
417 1795 426 1811 ι
450 1786 517 1812 Ἰδοὺ
545 1786 688 1821 τοιγαροῦν
701 1787 836 1822 τοσαύτην
850 1787 904 1813 τῶν

116 1831 202 1857 ὄντων
231 1831 360 1866 πρόνοιαν
389 1831 506 1858 ἐποιεῖτο
530 1831 657 1866 Χριστὸς,
678 1832 716 1863 ὡς
741 1833 778 1867 μὴ
804 1832 904 1865 ἐξεῖναι

115 1878 174 1908 τοῖς
196 1876 361 1911 ἀκαθάρτοις
382 1876 490 1912 δαίμοσι
509 1877 576 1912 μηδὲ
596 1877 694 1912 χοίρων
713 1878 814 1913 ἀγέλης
831 1878 903 1914 ἔχειν

117 1922 167 1957 τὴν
182 1922 316 1955 ἐξουσίαν.
335 1922 526 1958 Παρακληθεὶς
543 1920 589 1948 οὖν
604 1922 736 1958 ἐπέτρεψε
753 1923 840 1958 μόλις,
854 1924 904 1950 οὐκ

117 1968 234 1999 ἐκείνοις
251 1967 361 2003 πληρῶν
379 1968 429 2003 τὴν
446 1968 562 2003 αἴτησιν,
588 1968 646 1995 ἀλλ’
671 1968 714 1994 ἵνα
738 1969 812 2004 ἡμᾶς
838 1971 904 1996 ἁνα-

117 2014 201 2049 πείσῃ
224 2014 343 2048 φρονεῖν,
362 2014 402 2040 ὅτι
426 2015 581 2048 προνοεῖται
600 2014 653 2040 τῶν
675 2014 743 2041 ὅλων
766 2015 803 2046 ὡς
827 2015 903 2046 Θεὸς.

118 2059 185 2086 Εἶτα
202 2059 258 2091 πῶς
273 2060 304 2086 οὺ
321 2059 396 2092 Θεὸς,
414 2061 427 2086 ὁ
442 2060 581 2096 θεοπρεπῆ
594 2061 644 2096 τὴν
659 2060 793 2093 ἐξουσίαν,
809 2063 856 2088 καὶ
874 2062 904 2088 τὸ

117 2106 191 2132 κατὰ
209 2106 318 2132 πάντων
341 2106 441 2140 κράτος
453 2106 465 2125 ά
483 2106 637 2142 ἀνημμένος
655 2112 678 2139 ε,
694 2107 741 2133 καὶ
755 2107 848 2139 σώζων
866 2108 904 2140 ὡς

119 2151 174 2177 ἱδια
187 2151 220 2177 τὰ
232 2151 264 2177 δι’
282 2150 364 2177 αὑτοῦ
380 2152 526 2186 γεγονότα;

157 2256 165 2271 ι
191 2246 256 2272 Τότε
280 2246 354 2280 λέγει
373 2249 430 2279 τοῖς
455 2248 591 2283 μαθηταῖς
608 2249 708 2276 αὑτοῦ·
734 2250 763 2276 '0
790 2250 840 2285 μὲν
862 2251 905 2277 θε-

119 2291 218 2326 ρισμὸς
235 2291 329 2324 πολὺς,
346 2293 370 2319 οἱ
386 2293 415 2319 δὲ
429 2293 543 2328 ἐργάται
557 2294 652 2328 ὀλίγοι.
669 2294 787 2331 Δεήθητε
798 2293 843 2322 οὖν
857 2295 905 2322 τοῦ

117 2338 212 2372 κυρίου
229 2337 275 2364 τοῦ
290 2338 430 2373 θερισμοῦ,
452 2339 526 2371 ὅπως
545 2340 646 2377 ἐκϐάλῃ
663 2342 782 2376 ἐργάτας
798 2342 838 2373 είς
856 2342 903 2368 τὸν

118 2382 249 2417 θερισμὸν
267 2384 359 2410 αὐτοῦ.
379 2385 434 2410 Καὶ
449 2386 706 2421 προσκαλεσάμενος
719 2387 781 2419 τοὺς
802 2387 906 2414 δώδεκα

120 2427 244 2462 μαθητὰς
262 2427 354 2460 αὑτοῦ,
371 2429 470 2456 ἔδωκεν
484 2430 576 2462 αὐτοῖς
597 2431 721 2464 ἐξουσίαν
737 2431 807 2458 κατὰ
826 2440 906 2459 πνευ-

119 2473 212 2507 μάτων
232 2473 405 2508 ἀκαθάρτων,
422 2474 490 2501 ὥστε
506 2475 575 2502 αὐτὰ
587 2475 738 2507 ἐκϐάλλειν,
754 2477 801 2503 καὶ
823 2476 903 2511 θερα-

118 2518 212 2544 πεύειν
237 2519 327 2545 πᾶσαν
345 2519 422 2545 νόσον
438 2520 484 2546 καὶ
507 2521 597 2547 πᾶσαν
620 2521 766 2556 μαλακίαν.
792 2531 800 2546 ι
827 2519 902 2547 Οἶδεν

99 2559 103 2564 ’
117 2561 182 2588 ιντα
194 2561 241 2588 τοῦ
258 2563 388 2598 θερισμοῦ
402 2563 495 2598 κύριον
507 2565 551 2591 τὸν
565 2565 618 2591 τῶν
639 2566 708 2592 ὅλων
722 2565 787 2592 Θεόν
797 2574 804 2580 ’
820 2566 902 2592 αὐτοῦ

117 2607 171 2642 γὰρ
185 2608 201 2642 ἡ
226 2608 297 2639 ἆλως
313 2610 329 2643 ἡ
345 2609 438 2644 νοητὴ,
457 2610 594 2637 τουτέστιν
609 2612 625 2646 ἡ
642 2611 818 2647 ἀνθρωπὸτης
828 2621 834 2626 ·
854 2612 903 2638 αὐ-

116 2653 163 2680 τοῦ
182 2655 228 2681 καὶ
242 2656 256 2681 ὁ
274 2654 413 2690 θερισμός.
435 2655 505 2682 Ἀλλ’
526 2657 591 2688 ἰδοὺ,
608 2657 735 2692 δεηθῆναι
747 2658 903 2692 προστάξας

152 2732 176 2747 ιθ
187 2732 280 2759 Matth.
297 2741 357 2766 \‘ill,
374 2733 401 2767 2,
416 2735 442 2761 5.

481 2734 503 2750 ⁸³
516 2734 580 2761 ibid.
598 2734 644 2762 ‘28.
682 2735 705 2750 ³ο
728 2735 792 2762 ibid.
809 2735 852 2763 5i.

891 2735 913 2751 ⁹¹
930 2735 1024 2764 Μ.ιιιιι.
1043 2744 1070 2769 x,
1086 2735 1132 2763 29.

955 966 988 992 de
1001 965 1108 999 leproso
1127 964 1256 990 tnundato
1279 963 1324 990 hic
1343 963 1456 996 dicitur,
1471 961 1522 989 hoc
1539 962 1571 989 de
1596 969 1674 989 socru
1689 961 1724 988 Pe

955 1011 1001 1045 tri,
1018 1011 1051 1038 de
1068 1010 1156 1037 ventis
1171 1009 1234 1036 item
1257 1013 1284 1036 et
1304 1009 1384 1040 tnari,
1402 1008 1492 1043 deque
1507 1007 1587 1034 undis
1609 1014 1678 1042 quas
1697 1006 1739 1033 in-

954 1057 1091 1092 crepavit,
1110 1057 1210 1083 dictum
1232 1055 1391 1090 accipiatur.
1414 1055 1505 1087 Quare
1523 1054 1606 1081 divini
1627 1060 1737 1089 quoque

954 1103 1027 1131 illius
1042 1102 1165 1137 discipuli
1181 1102 1426 1128 animadvertentes
1442 1100 1478 1127 illi
1490 1104 1517 1127 et
1531 1107 1606 1127 mare
1625 1104 1652 1127 et
1670 1106 1737 1127 ven-

955 1155 996 1178 tes
1008 1150 1129 1181 obedire,
1148 1147 1333 1176 admirabundi
1358 1146 1487 1174 aiebant:
1507 1155 1516 1172 ‹
1549 1145 1737 1180 Ecqualisnam

955 1196 999 1223 hic
1018 1200 1059 1222 est
1070 1195 1092 1211 "
1103 1195 1114 1222 ?
1126 1204 1134 1220 ι
1153 1193 1337 1229 lntelligehant
1351 1192 1421 1220 enim
1437 1192 1565 1226 ejusmodi
1593 1198 1673 1226 opera
1689 1198 1736 1226 pa-

956 1246 1028 1267 trare
1043 1247 1132 1274 posse,
1151 1247 1208 1266 rem
1229 1245 1302 1270 esse,
1318 1245 1377 1272 qua:
1401 1237 1463 1264 ttudi
1485 1237 1601 1263 hominis
1623 1236 1738 1263 faculta-

955 1291 1008 1312 tetn
1029 1288 1178 1320 superaret.
1199 1283 1324 1311 Christus
1344 1282 1436 1317 itaque
1461 1287 1489 1309 et
1517 1281 1587 1309 Deus
1610 1287 1638 1308 et
1657 1282 1737 1309 homo

953 1331 1033 1358 simul
1048 1335 1117 1358 erat.

992 1386 1001 1403 ι
1023 1378 1162 1405 Daemones
1183 1375 1312 1410 rogabant
1339 1382 1399 1401 eum
1413 1394 1420 1407 ,
1441 1373 1584 1402 dicentes:
1610 1374 1638 1401 Si
1661 1374 1737 1408 eiicis

954 1430 1014 1455 nos,
1034 1423 1109 1450 mitte
1131 1429 1179 1449 nos
1202 1422 1228 1448 itt
1253 1428 1360 1456 gregem
1377 1427 1532 1455 porcorum.
1546 1419 1579 1446 Et
1600 1419 1638 1446 ait
1665 1419 1735 1446 illis.

953 1469 1009 1504 80
1023 1467 1061 1496 lte
1073 1468 1106 1495 ⁹⁰.
1125 1477 1134 1494 ι
1152 1467 1284 1495 Omnibus
1297 1465 1448 1501 providere,
1463 1469 1614 1499 cunctaque
1627 1471 1737 1492 conser-

955 1523 1029 1547 vare,
1040 1516 1072 1542 ad
1082 1522 1172 1550 quem,
1187 1514 1312 1543 obsecro.
1326 1511 1498 1547 speclal,nisi
1513 1511 1547 1537 ad
1562 1518 1622 1538 eum
1640 1518 1737 1543 somm,

955 1562 999 1596 qui
1015 1561 1161 1589 secundum
1177 1566 1298 1587 naturam
1321 1559 1390 1586 Deus
1406 1554 1468 1585 est'?
1485 1557 1554 1585 Ilittt-
1570 1562 1596 1583 et
1614 1556 1738 1584 Salvator

955 1615 1082 1643 quoque:
1102 1617 1111 1633 ι
1135 1606 1247 1639 Nonne,
1263 1606 1364 1640 inquit,
1389 1605 1442 1633 duo
1461 1611 1585 1639 passeres
1608 1610 1669 1631 asse
1692 1611 1739 1630 ve—

955 1659 1049 1686 nettttt,
1061 1658 1087 1681 et
1100 1661 1170 1681 unus
1182 1660 1214 1680 ex
1228 1653 1281 1680 illis
1293 1660 1346 1680 non
1364 1652 1442 1679 cadet
1461 1658 1542 1685 super
1562 1655 1660 1678 terram
1679 1650 1740 1676 sine

956 1699 1035 1726 Patre
1052 1705 1152 1730 vestro,
1178 1698 1224 1732 qui
1246 1698 1272 1725 in
1296 1698 1372 1724 caelis
1395 1696 1454 1724 est?
1474 1695 1559 1722 Vestri
1581 1700 1668 1721 autem
1692 1701 1737 1721 ca-

955 1744 1009 1779 pilli
1027 1744 1124 1778 capitis
1138 1751 1232 1770 ontttes
1255 1742 1387 1769 numerati
1408 1741 1516 1768 sunt“.
1534 1750 1544 1767 ι
1570 1740 1608 1767 En
1635 1744 1737 1766 tantam

956 1797 1045 1817 rerum
1069 1789 1265 1824 providentiam
1289 1788 1407 1816 habebat
1428 1787 1566 1818 Christus,
1588 1791 1617 1813 ut
1633 1785 1737 1819 absque

955 1836 1026 1862 illius
1041 1835 1173 1869 permissu
1190 1843 1223 1862 tte
1241 1836 1267 1862 in
1282 1842 1422 1870 porcorum
1440 1833 1546 1868 quidem
1568 1839 1675 1867 gregem
1689 1839 1738 1866 po-

956 1886 1079 1908 testatem
1110 1887 1238 1908 exercere
1267 1879 1412 1907 immundis
1439 1878 1578 1913 spiritibus
1604 1877 1737 1910 integrum

954 1932 1035 1954 esset.
1050 1927 1086 1954 At
1106 1931 1215 1962 rogatus
1226 1926 1270 1954 vix
1288 1925 1422 1961 permisit,
1434 1925 1493 1951 'non
1513 1928 1543 1950 ut
1558 1923 1663 1950 illorum
1678 1922 1738 1949 libi-

955 1973 1012 2000 dini
1027 1980 1128 2000 morem
1146 1976 1263 2007 gereret,
1281 1972 1328 1999 sed
1339 1976 1368 1998 ut
1383 1971 1471 2003 nobis,
1488 1977 1517 1997 se
1535 1969 1660 1997 omnibus
1676 1974 1736 1995 tan-

955 2027 1035 2053 quam
1059 2019 1143 2045 Deum
1161 2017 1303 2052 providere
1323 2017 1506 2052 persuaderet.
1529 2015 1563 2042 Et
1581 2022 1634 2050 quo
1659 2014 1738 2041 modo

956 2065 1063 2092 tandem
1085 2064 1130 2091 ille
1148 2063 1221 2090 Deus
1246 2071 1300 2090 non
1325 2066 1378 2094 est,
1403 2062 1448 2097 qui
1471 2066 1629 2097 potestatem
1646 2060 1736 2092 habet,

955 2117 1034 2145 quam
1050 2110 1074 2136 in
1091 2110 1176 2137 solum
1192 2109 1274 2136 Dettm
1290 2109 1388 2136 cadere
1404 2112 1507 2135 certum
1521 2111 1562 2134 est
1574 2126 1582 2139 ,
1598 2106 1697 2140 quique
1709 2105 1737 2132 in

955 2156 1044 2183 omnia
1068 2155 1208 2190 imperium
1231 2158 1351 2184 exercet,
1377 2158 1404 2180 et
1433 2156 1576 2180 conservat
1599 2158 1660 2187 qua:
1689 2157 1737 2185 per

919 2211 941 2238 ι)
957 2202 1042 2236 ipsum
1059 2202 1167 2228 00ndita
1185 2205 1258 2232 sunt,
1276 2205 1402 2233 tanquam
1419 2199 1549 2234 propria?

992 2257 1002 2272 ι
1014 2246 1090 2273 Tunc
1100 2247 1164 2273 dicit
1174 2246 1312 2280 discipulis
1323 2246 1380 2272 suis
1393 2253 1400 2272 :
1414 2245 1508 2273 Messis
1519 2245 1627 2280 quidem
1641 2246 1735 2279 multa,

954 2292 1068 2326 operarii
1086 2297 1175 2319 autem
1191 2291 1280 2326 pauci.
1299 2291 1402 2326 Regale
1426 2298 1490 2325 ergo
1511 2291 1650 2318 dominum
1667 2300 1737 2320 mes—

954 2339 1001 2370 sis,
1020 2343 1049 2364 ttt
1072 2338 1178 2365 emittat
1199 2338 1337 2372 operarios
1364 2337 1389 2364 in
1418 2344 1532 2364 messem
1554 2344 1630 2364 suam
1644 2337 1678 2366 ".
1705 2339 1737 2365 Et

955 2384 1109 2411 convocatis
1125 2383 1265 2410 duodecim
1282 2383 1422 2418 discipulis
1443 2383 1510 2414 suis,
1528 2382 1666 2410 dedit'illis
1688 2391 1737 2418 po-

956 2434 1079 2457 testatem
1092 2430 1235 2464 spirituum
1259 2430 1468 2460 intmuudorum,
1488 2434 1517 2455 ut
1536 2429 1666 2464 ejicereut
1680 2437 1737 2463 eos,

956 2480 983 2502 et
996 2480 1122 2502 cttrareut
1137 2482 1243 2502 omnem
1266 2475 1433 2509 languorem,
1452 2480 1479 2502 et
1496 2482 1602 2502 omnem
1621 2475 1738 2502 inﬁrmi-

958 2521 1083 2548 tatem".
1101 2530 1110 2546 ι
1137 2519 1221 2548 Norat
1241 2522 1426 2548 universorum
1452 2520 1538 2547 Deum
1555 2520 1653 2548 messis
1678 2528 1740 2548 esse

957 2567 1094 2593 tlmuinum
1109 2575 1116 2599 ;
1133 2565 1192 2600 ejus
1211 2574 1326 2600 namque
1339 2571 1484 2600 utrumqtte
1496 2569 1547 2598 est,
1561 2569 1589 2592 et
1607 2566 1663 2599 ipsa
1686 2566 1741 2600 spi-

957 2613 1042 2639 ritalis
1057 2619 1131 2643 area.
1147 2612 1198 2639 hoc
1212 2617 1252 2638 est
1267 2612 1412 2638 humanum
1424 2619 1520 2646 genus,
1552 2615 1580 2637 et
1603 2610 1661 2644 ipsa
1683 2619 1742 2637 rur-

957 2666 1015 2685 sum
1041 2659 1149 2686 messis.
1176 2658 1228 2685 Sed
1256 2658 1365 2686 adverte
1383 2668 1389 2686 :
1408 2666 1468 2686 cum
1486 2658 1581 2686 messis
1602 2658 1741 2685 dominum

1169 2737 1191 2752 ἰ
1205 2736 1299 2764 Matth.
1321 2744 1358 2770 ut,
1375 2737 1418 2764 37.
1457 2736 1480 2752 ⁸³
1492 2735 1585 2765 Matth.
1601 2739 1630 2769 ιι,
1643 2736 1669 2765 t.

650 2815 736 2842 Variae
751 2815 881 2843 lectiones
894 2816 994 2844 codicis
1007 2816 1186 2852 Seguieriani.

156 2885 167 2898 ε
185 2879 331 2914 ἐπίτρεψον
345 2881 409 2915 ἡμῖν
426 2879 563 2908 ἀπελθεῖν.
602 2880 614 2900 ἀ
635 2883 754 2917 κρατεῖν.

796 2889 806 2902 ε
826 2883 1006 2920 ἀνῃρημένος.
