1883 3056
171 139 237 168 1267

660 141 690 170 S.
709 141 846 170 CYRILLI
864 140 1095 171 ALEXANDRINI
1118 139 1274 169 ARCliIEP.

1725 138 1789 166 Ιῦϐξ

167 200 243 227 conia
270 199 475 234 depromentes,
491 199 546 236 83
568 208 578 226 ι
593 198 718 228 “osanna
733 200 788 228 lilio
813 200 908 232 David,
933 209 939 226 ι

1034 200 1080 227 καὶ
1093 199 1216 234 λέγοντες
1223 207 1230 215 ·
1240 197 1376 226 «,Ὧσαννὰ
1386 197 1424 233 τῷ
1437 198 1491 233 υἱῷ
1497 198 1590 225 Δαυιδ.
1609 207 1620 224 ι
1627 198 1787 234 Θεοπρεπὴ;

166 245 347 273 clamabaut‘.
381 245 415 272 At
435 245 492 273 hate
529 245 688 274 acclamatio
712 247 738 274 in
758 246 844 275 solum
862 247 945 274 Deum

166 292 291 323 quadrat.
321 299 330 315 ‹
346 290 479 325 lndignati
505 297 592 319 autem
621 292 747 320 Pharisaei
776 293 802 320 in
827 293 945 320 medium

166 340 344 369 prorumpunt
359 344 366 362 :
382 335 487 367 Audis,
513 336 649 370 inquiunt,
674 338 738 372 quid
763 338 805 365 Isti
835 338 946 365 dicunt?

165 378 244 406 Jesus
259 385 346 407 autem
371 381 440 408 dixit
463 381 524 409 eis:
543 381 650 417 Utique.
669 382 811 419 Nunquam
829 383 944 418 legistis,

165 425 226 459 quia
242 425 278 452 Ex
293 432 340 452 ore
358 425 499 453 infantium
518 432 546 454 et
558 427 714 455 Iactentium
735 428 871 463 perfecisti
890 428 946 455 lau-

165 470 224 496 dem
236 469 266 497 '?
280 479 290 496 ι
303 469 357 498 Sed
371 471 477 498 beatum
497 471 580 499 David
602 472 652 500 hoc
669 473 728 500 lo'co
744 473 837 501 audire
857 480 945 508 opera

163 514 278 549 pretium
289 520 349 548 est;
369 516 503 543 aitautem
519 525 526 544 :
544 526 553 543 ι
567 517 680 545 Domine
693 518 819 545 Dominus
843 523 944 548 noster.

163 567 243 594 quam
256 561 412 588 admirabile
422 567 570 590 estnomen
584 567 660 590 tuum
675 563 700 590 in
713 564 837 591 universa
850 569 921 590 terra
936 566 945 592 ι

167 606 302 639 Quoniam
314 606 419 634 elevata
435 612 477 635 est
489 608 688 642 magniﬁcentia
705 614 748 635 tea
761 616 842 643 super
850 610 944 638 caelos.

163 651 201 678 Ex
214 659 261 679 ore
273 651 414 680 infantium
427 657 454 680 et
464 653 622 681 lactentium
633 654 770 688 perfecisti
781 656 885 683 laudem
896 657 917 684 ⁸.
931 666 940 684 ι

162 695 241 724 Pueri
271 704 386 732 namque
412 705 507 733 magna
533 699 714 728 exsultatione
742 701 942 735 acclamantes,

161 741 280 773 aiebant,
313 751 323 768 ‹
349 741 474 771 Hosanna
500 743 554 772 lilio
573 744 668 772 David.
685 755 695 772 ι
721 746 746 773 Is
766 754 846 781 porro
869 748 945 782 cujus

161 787 278 823 elogium
294 788 483 822 decantabant,
495 790 626 824 ejusmodi
642 791 747 818 laudem
765 795 792 818 et
811 792 944 819 acclama-

163 835 263 862 tionem
279 836 435 875 neutiquam
455 836 624 871 rcpudiabat.
650 837 731 872 Atqui
748 838 842 865 beatus
862 838 943 865 David

994 245 1024 273 δὲ
1033 245 1140 276 πάντως
1149 245 1220 271 ἐστὶν
1236 243 1410 279 ήδοξολογία.
1425 252 1437 269 «ι
1452 243 1698 279 Ἣγανόικτησανιοί
1707 244 1787 278 Mys»

996 292 1075 322 σαῖοι,
1086 291 1132 317 καὶ
1139 290 1171 326 δὴ
1183 289 1231 317 καὶ
1241 289 1405 325 προσῄεσαν,
1413 289 1547 323 λέγοντεςο
1564 289 1700 321 Ἀκούεις,
1709 289 1736 314 τί
1747 286 1786 315 οὗ-

994 346 1035 364 τοι
1049 337 1189 370 λέγουσιν;
1208 336 1236 363 '0
1246 335 1273 362 δὲ
1292 335 1394 371 Ἰησοῦς
1405 332 1481 362 εἶπεν
1494 335 1585 367 αὐτοῖς
1596 344 1605 351 ο
1625 335 1691 362 Ναί.
1711 335 1779 361 Οὐδέ

995 390 1060 410 ποτε
1071 382 1261 416 ἁνέ·(νωτε,ὄτι
1281 380 1327 408 Ἐκ
1336 381 1467 415 στόματος
1481 381 1586 417 νηπίων
1593 382 1642 408 καὶ
1654 382 1776 417 θηλαζὸν

994 437 1047 455 των
1059 428 1214 463 κατηρτίσω
1230 425 1318 460 αἷνον;
1338 436 1350 453 ι
1373 427 1533 462 Ἀναγκαῖον
1552 428 1582 454 ὲν
1596 428 1705 459 τούτοις
1728 427 1784 453 δια-

997 474 1179 510 μνημονεῦσαι
1199 473 1246 500 τοῠ
1260 473 1393 509 μακαρίου
1401 473 1482 500 Δαυῒδ
1492 473 1618 508 λέγοντος
1629 482 1639 489 ι
1653 483 1663 499 ι
1684 474 1783 509 Κύριε,

995 520 1009 546 ὁ
1021 519 1121 555 Κύριος
1136 519 1224 554 ἡμῶν,
1238 519 1275 550 ὡς
1294 517 1449 553 θαυμαστὸν
1465 518 1494 545 τὸ
1511 519 1597 554 ὄνομά
1609 528 1656 546 σου
1671 520 1700 545 ὲν
1711 520 1785 555 πάσῃ

994 566 1027 600 τῇ
1042 566 1077 600 γῇ
1091 565 1097 591 ε
1113 564 1175 590 Ὅτι
1196 563 1300 599 ἐπήρθη
1313 565 1330 598 ἡ
1349 564 1572 599 μεγαλοπρέπειά
1591 573 1638 591 σου
1655 565 1779 600 ὑπεράνυ

993 610 1048 636 τῶν
1067 609 1198 644 οὐρανῶν.
1221 609 1268 636 Ἐκ
1284 610 1416 644 στόματος
1430 610 1534 644 νηπίων
1551 611 1596 637 καὶ
1612 610 1780 645 θηλαζόντωι

994 656 1150 691 κατηρτίσω
1165 653 1249 682 αἶνον.
1269 665 1278 680 ι
1297 656 1328 681 0i
1354 655 1403 690 μὲν
1415 655 1470 691 γὰρ
1489 656 1582 688 παῖδες
1595 656 1783 692 εὐφημοῦντες

994 702 1097 736 ἔλεγον·
1116 710 1125 727 t
1157 701 1271 728 Ὡσαννὰ
1283 701 1324 736 τῷ
1336 701 1387 736 υίῷ
1402 702 1494 728 Δαυῖδ.
1520 712 1529 727 ι
1547 703 1732 737 Καταδέχετειι
1754 703 1783 729 δὲ

993 748 1042 782 τὴν
1063 747 1217 781 δοξολογίαν
1240 747 1455 782 εὐφημούμενος.
1484 748 1514 774 '0
1536 748 1565 774 δέ
1589 757 1621 782 γε
1646 748 1784 783 μακάριος

993 793 1074 820 Δαντδ
1087 793 1137 819 οὐκ
1148 791 1282 828 ἀνθρώπῳ
1292 792 1394 828 ταύτην
1406 793 1562 820 ἀνατέθεικε
1578 794 1673 829 κοινῷ,
1686 795 1781 830 Κυρίῳ

993 838 1021 865 δὲ
1037 837 1149 874 μᾶλλον,
1167 835 1198 864 οὗ
1213 837 1260 864 καὶ
1274 838 1429 872 θαυμαστὸν
1443 838 1474 864 τὸ
1495 838 1582 873 ὄνομα
1604 840 1634 865 ἐν
1658 839 1735 874 πάσῃ
1750 841 1781 875 τῇ

160 888 218 908 eam
245 881 469 909 acclamationem
499 890 553 909 non
576 883 710 910 communi
731 883 812 911 alicui
838 884 939 911 homini

1024 892 1039 916 "
1053 883 1158 919 ἐπήρθη
1175 883 1230 918 γὰρ
1250 884 1267 918 ἡ
1289 883 1510 918 μεγαλοπρέπεια
1526 883 1634 919 [αὑτοῦ]
1649 884 1782 919 ὑπεράνω

160 927 306 960 tribuebat,
325 929 372 956 sed
385 928 505 955 omnium
526 929 658 956 Domino:
677 929 748 957 illius
763 930 834 957 enim
857 930 941 958 solius

160 981 256 1000 nomen
275 974 402 1001 universa
421 979 492 1001 terra
518 975 677 1008 dentiratur,
694 975 869 1011 ejusdemque
885 983 941 1003 ma-

993 929 1046 956 τῶν
1058 929 1189 964 οὐρανῶν.
1202 927 1277 961 Εἶτα,
1288 929 1346 960 πῶς
1358 929 1387 955 οὐ
1397 929 1462 961 Θεὸς
1473 931 1488 956 ο
1501 929 1564 961 Υίῠς
1574 930 1655 956 Δαυῖδ
1666 930 1698 956 τί,
1711 930 1783 956 κατὰ

995 975 1084 1010 σάρκα
1099 974 1212 1011 Χριστός
1222 983 1229 1007 ;

158 1020 311 1056 gniﬁcentia
337 1029 417 1057 super
441 1030 535 1050 omnes
559 1023 642 1050 caelos
666 1024 777 1051 tollitur.
792 1024 938 1058 ,Quomodo
956 1030 1021 1058 ergo
1037 1022 1160 1050 Christus
1197 1021 1305 1049 Davidis
1335 1021 1610 1056 secundumfcaruem
1634 1023 1706 1050 titius
1726 1031 1784 1049 non

159 1073 201 1096 est
219 1069 308 1098 Deus?

200 1138 209 1154 ι
223 1127 290 1155 Cum
304 1133 393 1156 autem
407 1130 512 1157 venerit
528 1130 612 1158 Filius
625 1130 741 1158 hominis
756 1131 783 1158 in
796 1130 937 1165 majestate

159 1182 217 1206 sua,
237 1179 265 1202 et
280 1182 373 1203 omnes
395 1176 482 1211 angeli
500 1184 560 1203 cum
582 1184 628 1208 eo,
658 1183 720 1204 tunc
736 1176 840 1204 sedebit
856 1184 938 1211 super

157 1220 248 1247 sedem
264 1219 414 1254 majestatis
425 1221 507 1248 snm'.
524 1231 533 1247 ι
548 1221 673 1256 Nunquid
683 1221 808 1249 Christus
819 1226 848 1248 ut
858 1221 938 1248 homo

156 1265 289 1300 quispiam
306 1267 392 1294 nostri
408 1267 504 1294 similis
516 1275 564 1302 pro
577 1267 703 1295 tribunali
717 1267 832 1300 sedebit,
845 1272 938 1295 astan-

157 1311 282 1346 tibusque
305 1312 431 1340 omnibus
451 1313 624 1348 undiquaque
640 1313 688 1348 ipsi
709 1313 823 1349 angelis,
844 1313 938 1341 orbem

152 1356 303 1390 iudicabit!
319 1357 369 1390 Qui
393 1358 473 1390 istud.
490 1359 615 1391 obsecro,
640 1359 739 1387 rationi
758 1364 801 1387 est
824 1367 938 1388 consen-

156 1402 284 1429 taneum?
310 1403 407 1430 Annon
424 1404 554 1438 scriptum
576 1409 637 1432 est:
654 1413 664 1430 ‹
679 1405 754 1432 Unus
770 1410 811 1432 est
826 1405 935 1439 legisla-

154 1451 207 1479 tor,
221 1452 248 1475 et
257 1447 338 1482 iudex
350 1449 380 1475 '1'
396 1458 405 1474 ι
427 1449 496 1476 Deus
513 1449 594 1485 igitur
605 1455 647 1477 est
660 1450 796 1484 Christus,
815 1451 861 1485 qui
875 1450 933 1484 pari

153 1501 214 1521 cum
239 1494 294 1520 Deo
320 1493 405 1530 gloria
428 1494 544 1528 pollens,
568 1495 932 1530 throuumquejudiciarium
948 1511 971 1543 ο

152 1540 294 1572 obtinens,
320 1548 352 1567 ac
376 1540 486 1576 angelos
508 1541 720 1576 circumquaque
744 1545 864 1568 astantes
886 1541 935 1568 ha-

152 1586 230 1618 bens,
246 1585 272 1613 in
284 1586 390 1620 justitia
403 1591 537 1614 terrarum
549 1587 643 1614 orbem
657 1586 797 1620 iudicabit.

190 1651 201 1668 ι
217 1642 248 1669 Et
273 1642 398 1677 princeps
410 1643 581 1670 sacerdotum
608 1643 644 1670 ait
658 1643 694 1670 illi
710 1652 718 1671 :
733 1644 833 1678 Adjnro
848 1648 874 1671 te
887 1651 936 1676 per

151 1688 238 1716 Deum
253 1689 358 1722 vivum,
372 1693 401 1716 ut
417 1689 491 1716 dicas
503 1689 592 1721 nobis,
607 1690 628 1717 si
656 1695 683 1716 tu
704 1697 735 1717 es
751 1689 875 1717 Christus
889 1689 935 1716 Fi-

152 1735 205 1761 lius
221 1734 268 1762 Dei
288 1735 352 1762 vivi.
375 1734 445 1762 Dicit
471 1735 508 1762 illi
529 1735 608 1763 Jesus
623 1735 683 1763 :Tu
704 1735 813 1769 dixisti;
827 1743 937 1764 verum-

153 1785 242 1809 tamen
256 1781 318 1808 dico
342 1781 428 1811 vobis.
443 1781 540 1808 amodo
553 1781 680 1809 videbitis
695 1780 792 1808 Filium
818 1781 935 1808 hominis

151 1826 288 1854 sedentem
306 1834 320 1854 ι
338 1826 441 1854 dextris
466 1827 575 1854 virtutis
596 1827 654 1859 Dei,
682 1832 710 1854 et
737 1827 890 1855 venientem
906 1827 933 1854 in

152 1871 267 1899 nubibus
282 1872 343 1899 creli
357 1873 379 1899 ’.
394 1881 405 1898 ι
425 1871 563 1905 Quomodo
578 1871 661 1900 Filius
681 1872 799 1900 hominis
809 1873 935 1900 adextris

150 1917 259 1944 vlrtntis
285 1917 331 1945 Dei
357 1917 452 1945 sedet?
471 1917 584 1945 Planum
616 1923 658 1946 est
679 1917 726 1946 Dei
751 1919 867 1959 Verbum
897 1919 934 1947 ita

150 1962 251 1990 iactum
266 1970 326 1991 esse
349 1963 467 1991 hominis
495 1963 605 1996 Filium,
621 1968 650 1990 ut
672 1968 762 1991 tamen
782 1964 852 1992 Deus
874 1972 934 1992 esse

154 2015 206 2035 non
235 2008 346 2036 desierit
362 2018 369 2036 :
386 2009 485 2036 mansit
506 2009 580 2036 enim
596 2009 668 2042 quod
686 2014 756 2036 erat.
770 2008 826 2037 Hac
853 2010 934 2044 igitur

155 2055 257 2082 ratione
267 2055 405 2089 generanti
423 2054 532 2087 assidet,
546 2059 574 2081 et
590 2054 616 2081 in
638 2054 789 2082 divinitatis
804 2055 891 2090 gloria
906 2060 934 2083 et

148 2097 295 2133 majestate
306 2099 488 2134 conspicuum
502 2099 634 2131 cernitur,
649 2099 733 2126 etiam
746 2099 768 2127 si
783 2099 883 2128 factum
898 2101 934 2128 sit

147 2151 222 2171 caro.

185 2208 194 2225 ι
213 2199 294 2227 Jesus
302 2204 390 2227 autem
405 2199 525 2227 clamans
542 2207 608 2228 voce
634 2207 741 2236 magna,
757 2201 848 2229 emisit
869 2201 927 2236 spi-

147 2246 239 2272 ritum.
257 2245 289 2272 Et
302 2253 365 2273 ecce
382 2246 470 2273 velum
499 2247 589 2282 templi
613 2247 728 2275 scissum
751 2253 792 2275 est
818 2248 844 2276 in
862 2249 929 2276 duas

146 2296 247 2326 partes,
259 2298 274 2317 a
285 2298 392 2318 summo
406 2299 494 2326 usque
505 2292 647 2326 deorsum;
658 2298 686 2320 et
702 2298 774 2321 terra
787 2298 858 2322 mota
874 2299 927 2325 est.

145 2340 172 2362 et
187 2340 270 2369 petrae
285 2335 378 2363 scissae
394 2340 475 2368 sunt;
489 2341 516 2363 et
531 2343 702 2365 monumenta
732 2343 825 2374 aperta
852 2343 927 2370 sunt,

144 2384 173 2407 et
190 2380 271 2406 multa
291 2388 405 2415 corpora
431 2386 586 2409 sanctorum
603 2383 648 2418 qui
673 2383 850 2416 dormierant,
864 2392 927 2411 sur-

145 2429 273 2451 rexerunt
287 2425 320 2452 ".
338 2435 348 2451 ι
362 2425 419 2462 84
428 2426 456 2453 Si
468 2425 594 2455 Christus
605 2429 755 2455 communis
766 2433 824 2456 erat
837 2429 926 2461 homo,

143 2477 193 2497 cur
217 2470 267 2498 illo
292 2471 411 2498 animam
439 2473 606 2506 esspirante,
632 2473 660 2500 in
689 2473 755 2507 ipsis
784 2474 928 2502 elementis

143 2520 217 2543 tanta
232 2516 332 2544 accidit
342 2517 532 2545 conturbatio?
543 2517 588 2546 Sol
598 2519 681 2551 enim,
694 2520 820 2547 retractis
832 2521 926 2553 radiis,

141 2561 194 2588 diei
210 2562 336 2589 tenebras
349 2561 444 2590 olfudit
462 2571 468 2589 :
488 2568 558 2591 terra
570 2564 603 2591 ad
620 2564 677 2592 hare
693 2564 835 2593 Dominum
846 2574 923 2593 suum

139 2607 294 2635 Judaeorum
309 2608 480 2636 contumeliis
503 2609 689 2645 indignissime
711 2610 837 2638 allectum
859 2619 924 2639 con-

139 2652 255 2686 spicata,
271 2652 392 2688 disrupta
408 2659 466 2687 est;
481 2659 509 2682 et
524 2655 583 2689 ipse
599 2656 708 2683 tandem
725 2655 846 2690 internus
857 2664 924 2684 sau-

138 2702 243 2724 ctorutn
270 2698 377 2726 animas
401 2699 513 2728 dimisit.
529 2699 562 2727 Et
578 2699 720 2729 cuiusnam
745 2706 811 2729 nutu
829 2702 920 2729 omnia

175 2796 365 2835 fMa_ttlt.A_xx_t_,
380 2799 409 2835 9ἶ
444 2800 455 2815 ⁸
469 2799 533 2826 ibid.
553 2800 596 2829 iii.
614 2801 658 2828 16.
697 2802 707 2818 ⁸
724 2801 794 2830 Psal.
813 2810 873 2835 vm,
886 2802 905 2828 9-
921 2802 938 2830 ι

1024 2801 1109 2830 latth.
1127 2808 1188 2834 xxv,
1205 2801 1249 2828 5i.

152 2831 197 2862 65.
214 2831 258 2858 64.
298 2833 320 2848 ¹⁶
336 2833 429 2860 Matth.
447 2842 533 2864 xxvii.
548 2835 643 2863 50-52.

1027 1139 1037 1156 ‹
1050 1129 1135 1156 Ὅταν
1148 1128 1304 1164 ἑλθῃόΐίὺς
1315 1127 1361 1154 τοῦ
1375 1127 1518 1163 ἀνθρώπου
1531 1128 1559 1154 ἐν
1567 1129 1599 1163 τῇ
1608 1128 1671 1163 δόξῃ
1684 1129 1778 1162 αὑτοῦ,

990 1175 1037 1202 καὶ
1057 1175 1157 1206 πάντες
1177 1175 1201 1201 οἱ
1217 1173 1327 1208 ἄγγελοι
1350 1173 1408 1209 μετ’
1423 1173 1515 1206 αὑτοῦ,
1531 1175 1591 1200 τότε
1609 1175 1718 1201 καθίσει
1732 1177 1778 1202 in!

991 1220 1083 1257 θρόνον
1097 1220 1176 1256 δόξης
1200 1219 1294 1246 αὑτοῦ.
1314 1229 1323 1246 ι
1345 1217 1419 1256 Ἀρα
1438 1220 1474 1252 ὡς
1497 1219 1639 1254 ἄνθρωπος
1662 1217 1704 1252 εἷς
1725 1221 1779 1246 τῶν

991 1266 1052 1293 καθ’
1065 1267 1139 1302 ἡμᾶς
1162 1266 1315 1293 καθεδεῖται
1330 1265 1455 1300 Χριστὸς,
1474 1266 1687 1301 παρεστηκότων
1704 1266 1779 1301 αὐτῷ

990 1312 1099 1339 πάντων
1122 1312 1178 1339 τῶν
1192 1311 1325 1346 ἀγγέλων,
1341 1311 1413 1338 οὕτω
1433 1320 1462 1338 τε
1477 1313 1566 1346 κρινεῖ
1589 1312 1636 1338 τὸν
1657 1313 1778 1346 κόσμον;

988 1357 1065 1390 Εἶτα,
1090 1359 1166 1384 ποῖον
1180 1357 1236 1393 ἔχει
1260 1357 1339 1384 τοῦτο
1361 1357 1456 1391 λόγον;
1480 1357 1636 1393 Γέγραπται
1654 1357 1721 1393 γὰρ,
1736 1358 1778 1384 ὅτι

991 1411 1000 1428 ι
1015 1401 1062 1435 Εἷς
1079 1404 1152 1430 ἐστιν
1163 1403 1178 1429 ὁ
1188 1402 1336 1438 νομοθέτης
1349 1402 1397 1429 καὶ
1410 1402 1516 1438 κριτής.
1537 1412 1546 1428 ι
1563 1402 1631 1434 Θεὸς
1644 1401 1692 1429 οὖν
1723 1404 1777 1438 ἄρα

986 1448 1112 1482 Χριστὸς,
1119 1449 1133 1474 ὸ
1144 1448 1173 1474 ὲν
1180 1447 1242 1483 δόξῃ
1251 1447 1328 1480 Θεοῦ,
1337 1447 1383 1474 καὶ
1391 1447 1484 1482 θρόνον
1496 1447 1575 1482 ἔχων.
1585 1448 1632 1474 καὶ
1639 1448 1778 1483 παρεστῶ-

985 1502 1035 1525 τας
1050 1493 1193 1528 ἀγγέλους,
1208 1493 1256 1520 καὶ
1275 1493 1375 1529 κρίνων
1387 1493 1436 1529 τὴν
1452 1493 1615 1529 οἰκουμένην
1628 1494 1658 1521 ὲν
1671 1495 1775 1521 δικαιο-

986 1547 1064 1574 συνῃ.

1024 1648 1034 1664 ι
1049 1639 1104 1665 Καὶ
1113 1639 1127 1665 ό
1137 1639 1292 1676 ἀρχιερεὺς,
1305 1639 1398 1675 φησιν,
1411 1636 1488 1666 εἶπεν
1500 1640 1574 1674 αὐτῷ
1583 1649 1591 1656 ·
1608 1640 1731 1676 ὀρκίζω
1743 1650 1773 1667 σε

986 1685 1056 1713 κατὰ
1070 1685 1117 1712 τοῦ
1134 1685 1201 1712 Θεοῦ
1214 1685 1261 1713 τοῦ
1282 1685 1393 1718 ζῶντος,
1409 1685 1452 1713 ἵνα
1467 1686 1533 1720 ἡμῖν
1550 1685 1642 1721 εἴπῃς,
1660 1687 1684 1712 εί
1701 1687 1733 1712 σὺ
1747 1684 1773 1712 εἴ

985 1731 1000 1756 ό
1014 1730 1153 1766 Χριστὸςὸ
1169 1731 1232 1762 Υῑὸς
1250 1731 1297 1757 τοῦ
1308 1730 1376 1757 Θεοῦ
1394 1731 1441 1758 τοῦ
1456 1731 1569 1762 ζῶντος.
1581 1731 1665 1765 Λέγει
1680 1731 1754 1766 αὑτῷ
1766 1741 1774 1747 ·

985 1777 1021 1803 Σὺ
1040 1774 1131 1808 εἶπας·
1147 1775 1222 1812 Πλὴν
1235 1776 1307 1811 λέγω
1326 1778 1401 1812 ὑμῖν,
1415 1777 1518 1812 ἀπάρτι
1536 1777 1635 1812 δψεσθε
1651 1777 1698 1804 τὸν
1712 1779 1775 1804 Υἱὸν

984 1821 1031 1848 τοῦ
1048 1821 1192 1856 ἀνθρώπου
1208 1822 1360 1858 καθήμενον
1383 1823 1416 1849 ἐκ
1430 1822 1525 1855 δεξιῶν
1548 1824 1598 1857 τῆς
1618 1823 1774 1858 δυνάμεως,

985 1867 1032 1894 καὶ
1045 1867 1192 1902 ἐρχόμενον
1213 1868 1260 1894 ἰπὶ
1275 1868 1331 1895 τῶν
1343 1868 1461 1902 νεφελῶν
1475 1868 1522 1895 τοῦ
1536 1868 1666 1904 οὐρανοῦ.
1685 1879 1694 1894 ι
1713 1869 1774 1900 Πῶς

984 1915 998 1940 ὁ
1010 1914 1073 1946 Υίδς
1086 1913 1133 1940 τοῦ
1149 1914 1294 1950 ἀνθρώπου
1309 1914 1426 1949 κάθηται
1453 1915 1485 1942 ἐκ
1505 1915 1601 1948 δεξιῶν
1623 1916 1675 1950 τῆς
1695 1916 1774 1942 δυνά-

987 1969 1073 1996 μεως;
1098 1960 1167 1986 ¹Α).λ’
1183 1960 1241 1987 ἔστι
1255 1960 1346 1994 δῆλον.
1360 1961 1401 1987 ὃτι
1417 1960 1468 1988 κᾶν
1482 1962 1506 1987 εί
1521 1961 1634 1995 γέγονεν
1649 1961 1714 1993 Υἱὸς
1726 1961 1774 1987 τοῦ

984 2005 1127 2042 ἀνθρώπου
1153 2007 1167 2032 ὸ
1191 2007 1223 2033 ὲκ
1243 2006 1311 2033 Θεοῦ
1330 2006 1427 2040 Λόγος,
1440 2007 1470 2034 οὗ
1487 2007 1626 2033 πέπαυται
1640 2007 1690 2033 τοῦ
1705 2005 1772 2034 εἶναι

984 2053 1059 2084 Θεὸς,
1082 2053 1139 2079 ἀλλ’
1155 2053 1229 2079 ἐστιν
1250 2053 1264 2080 ὃ
1286 2051 1336 2089 ἦν·
1350 2053 1478 2089 ταύτῃτοι
1492 2053 1539 2080 καὶ
1561 2053 1720 2088 ωνεδρεὺει
1735 2054 1772 2088 τῷ

983 2097 1108 2132 φύσαντι,
1122 2098 1170 2124 καὶ
1181 2098 1210 2124 ὲν
1223 2099 1280 2130 τοῖς
1294 2098 1344 2134 τῆς
1357 2097 1483 2133 θεότητος
1497 2098 1651 2133 ἀξιώμασιν
1668 2099 1770 2134 ἐμπρέ-

984 2152 1042 2170 πων
1056 2144 1163 2179 ὁρᾶται,
1177 2143 1228 2170 κᾶν
1241 2144 1266 2170 εί
1277 2144 1372 2178 γέγονε
1389 2143 1468 2179 σάρξ.

1022 2209 1031 2225 ι
1043 2199 1072 2226 Ὁ
1091 2199 1120 2225 δὲ
1137 2199 1241 2234 Ἰησοῦς
1266 2200 1371 2235 κράξας
1394 2201 1469 2235 φωνῇ
1494 2204 1611 2235 μεγαλῃ,
1628 2200 1721 2234 ἀφῆκε
1741 2200 1772 2226 τὸ

983 2245 1104 2281 πνεῦμα.
1119 2245 1175 2272 Kal.
1195 2245 1250 2271 ἰδοὺ
1274 2246 1305 2272 τὸ
1330 2245 1530 2280 καταπέτασμα
1553 2245 1683 2287 τοῦ-ναοῦ
1697 2246 1766 2280 ἐσχί-

983 2291 1032 2328 σθη
1051 2292 1091 2323 είς
1113 2291 1170 2323 δύο,
1186 2291 1291 2319 ἄνωθεν
1313 2292 1366 2323 ἕως
1389 2292 1478 2318 κάτω·
1492 2291 1538 2318 καὶ
1558 2293 1574 2325 ἡ
1595 2292 1630 2326 γῆ
1645 2292 1767 2326 ἐσείσθη,

983 2337 1029 2364 καὶ
1043 2338 1070 2364 αἱ
1085 2337 1183 2373 πέτραι
1201 2337 1373 2372 ἐσχίσθησαν.
1392 2337 1439 2363 καὶ
1451 2337 1486 2363 τὰ
1501 2339 1623 2372 μνημεῖα
1634 2337 1767 2372 ἀνεῴχθη-

983 2391 1042 2414 σαν,
1066 2384 1114 2410 xu).
1137 2383 1221 2410 πολλὰ
1243 2383 1357 2418 σώματα
1381 2382 1437 2409 τῶν
1450 2383 1661 2417 κεκοιμημένων
1683 2383 1767 2416 ἁγίων

978 2429 1140 2463 ἀνέστησαν.
1154 2438 1164 2454 ›
1181 2429 1212 2455 Εἰ
1224 2428 1312 2459 κοινὸς
1326 2427 1468 2462 ἄνθρωπος
1481 2426 1516 2463 ἦν
1529 2429 1542 2454 ό
1557 2428 1686 2462 Χριστὸς,
1698 2428 1764 2458 πῶς,

977 2473 1124 2505 τεθνεῶτος
1140 2473 1233 2504 αὐτοῦ,
1246 2473 1374 2504 τοσοῦτος
1397 2471 1431 2508 ἧν
1456 2473 1489 2499 ἐν.
1512 2474 1568 2504 τοῖς
1594 2473 1769 2508 στοιχείοιςᾴ

977 2519 1105 2555 θόρυϐος
1126 2520 1156 2546 '0
1169 2519 1218 2554 μὲν
1234 2519 1290 2554 γὰρ
1311 2519 1386 2553 ἥλιος
1405 2519 1455 2554 τὴν
1475 2520 1573 2546 ἀκτῖνα
1598 2519 1763 2549 συνέστειλε,

976 2566 1023 2593 καὶ
1037 2567 1066 2591 ὲν
1083 2566 1174 2601 ἡμέρᾳ.
1189 2565 1283 2596 σκότος
1300 2565 1464 2600 εἰργάσατο·
1483 2565 1499 2599 ἡ
1514 2565 1542 2591 δὲ
1559 2565 1591 2599 γῆ
1607 2565 1653 2591 τὸν
1666 2565 1763 2599 ἑαυτῆς

979 2611 1117 2646 Δεσπότην
1129 2611 1221 2646 ὁρῶσα
1232 2610 1284 2637 ὑπὸ
1294 2610 1347 2637 τῶν
1361 2610 1493 2637 Ἰουδαίων
1501 2611 1762 2646 ἐμπαροινοὺμενον,

978 2657 1117 2692 ἐσχίζετο·
1141 2657 1230 2692 ἀφῆκε
1244 2657 1272 2683 δὲ
1292 2658 1306 2683 ὀ
1325 2657 1393 2693 ᾅδης
1415 2657 1464 2687 τὰς
1487 2657 1543 2682 τῶν
1563 2657 1650 2690 ἁγίων
1665 2657 1761 2692 ψυχὰς.

977 2703 1058 2734 Τίνος
1067 2702 1153 2729 ταῦτα
1171 2702 1328 2735 ποιοῦντος;
1342 2701 1396 2738 ἄρα
1409 2703 1471 2738 οὐχὶ
1481 2703 1567 2736 Θεοῦ;
1586 2703 1652 2735 Θεὸς
1668 2704 1721 2740 γὰρ
1735 2703 1762 2740 ἦν

1289 2802 1299 2817 ⁸
1319 2801 1376 2829 Jac.
1395 2809 1430 2835 tv,
1457 2801 1500 2829 Η.
1546 2803 1557 2818 ⁹
1574 2802 1670 2830 Matth.
1693 2811 1760 2835 sx't.
