1883 3056
92 145 176 173 1269

653 147 697 175 DE
718 147 833 175 llECTA
853 147 932 175 FIDE
953 147 997 175 AD
1017 146 1178 175 IlEGINAS.

1657 147 1724 174 i270

88 201 128 230 ὲν
147 203 242 238 σαρκὶ,
257 199 279 236 ᾧ
296 203 342 230 καὶ
362 204 378 240 ἡ
399 204 485 237 κτίσις
511 205 683 242 ὐὸριζομὲνῳ
705 206 805 242 τρόπον
830 206 884 233 τινὰ

961 213 1004 233 :ec-
1015 205 1136 232 ﬁebant?
1147 212 1235 232 nonne
1251 204 1319 232 Dei?
1337 204 1406 232 Deus
1423 205 1494 232 enim
1510 210 1567 232 crat
1583 205 1608 233 in
1631 213 1724 238 carne,

92 249 299 284 συνωργίζετο.

210 391 259 418 Ἐκ
279 391 332 418 τοῦ
351 392 425 419 κατὰ
445 392 584 428 Ἰωάννην
602 395 795 430 Εὐαγγελίου.

141 455 152 471 ε
168 446 254 478 Αὐτὸς
267 446 296 474 δὲ
311 449 325 475 6
342 448 445 483 Ἰησοῦς
459 449 510 476 οὐκ
526 449 668 478 ἐπίστευεν
689 450 770 478 αὑτὸν
786 451 888 484 αὐτοῖς,

96 491 148 519 διὰ
170 493 203 518 τὸ
224 493 305 520 αὑτὸν
321 495 465 529 γινώσκειν
488 496 592 522 πάντα·
609 496 657 523 καὶ
681 496 722 523 ὅτι
747 497 776 523 οὐ
796 497 890 532 χρείαν

97 535 190 574 εἶχεν,
206 539 248 566 ἴνα
261 548 304 571 τις
317 541 479 577 μαρτυρήσῃ
495 543 559 576 περὶ
573 542 620 569 τοῦ
635 541 781 578 ἀνθρώπου
790 551 796 558 ·
809 543 889 575 αὐτὸς

96 584 159 618 γὰρ
180 585 322 618 ἐγίνωσκε,
335 585 367 612 τί
377 583 411 622 ἦν
427 587 456 613 ὲν
476 586 516 622 τῷ
535 587 681 623 ἀνθρώπῳ.
700 598 709 614 ι
732 589 799 623 Περὶ
822 589 888 616 Θεοῦ

96 629 271 665 γέγραπται,
284 632 325 658 ὅτι
348 641 358 657 ι
369 631 397 658 'U
412 632 516 664 πλάσας
530 633 686 668 καταμόνας
700 635 755 667 έτὰς
778 634 890 670 καρδίας

97 675 229 703 αὑτῶνμ»
256 677 311 703 Καὶ
336 677 416 710 αὐτὸς
440 678 470 705 δέ
488 678 539 705 πού
565 687 642 714 φησι·
673 690 682 705 ι
697 680 742 716 Μή
761 680 889 716 ἀπ’ὲμοῦ

97 721 273 755 κρυῦήσεταί
295 730 339 754 τι;
358 731 368 749 ι
392 723 425 750 Et
449 723 479 750 δὲ
500 724 589 751 πάντα
604 725 720 760 Χριστὸς
735 726 887 758 ἐπίσταται,

96 766 150 792 καὶ
165 765 223 793 οἶδε.
234 766 268 794 τὰ
278 768 332 795 ,τοῦ
350 768 505 804 ἀνθρώπου,
520 770 579 802 πῶς
592 771 643 797 οὐκ
657 771 690 798 ἂν
706 771 748 806 εἴη
762 771 838 804 Θεὸς¹
850 772 888 804 ὡς

97 811 229 846 καρδίας
242 812 350 843 ὲτάζων
365 814 415 841 καὶ
428 815 576 849 νεφρούς

138 907 148 924 ι
160 898 255 933 Ὑμεῖς
275 901 454 935 προσκυνεῖτε
477 900 491 928 ὅ
515 901 566 928 οὐκ
587 901 687 934 οίδατε,
702 903 783 938 ἡμεῖς
801 912 886 935 προσ-

95 944 238 979 κυνοῦμεν
252 945 266 971 ὂ
280 945 392 981 οἴδαμεν
401 954 408 962 ·
423 946 464 973 ὃτι
476 947 494 981 ὴ
508 947 629 982 σωτηρία
643 949 674 974 ὲκ
687 948 740 974 τῶν
752 948 887 975 Ἰουδαίων

96 990 186 1016 ἐστίν.
201 1000 211 1016 ι
221 990 352 1024 Ἀκούεις,
368 992 409 1018 ὅτι
424 992 473 1027 τὴν
488 993 622 1028 σωτηρίαν
638 994 669 1019 ἐκ
684 993 738 1020 τῶν
755 994 887 1021 Ἰουδαίων

96 1032 171 1062 εἷναί
193 1045 279 1072 φησι;
307 1037 402 1063 Καίτοι
429 1037 541 1073 Σωτῆρα
566 1038 632 1065 Θεὸν
654 1039 884 1076 ἐπεγραψάμεθα’

97 1080 205 1107 σέσωκε
226 1082 281 1117 γὰρ
305 1082 380 1116 ἡμᾶς
402 1082 432 1108 οὗ
456 1083 586 1118 πρέσϐυς,
607 1083 657 1110 οὐκ
677 1084 801 1118 ἄγγελος,
823 1084 887 1112 ἀλλ’

96 1126 181 1158 αὐτὸς
199 1126 214 1152 δ
229 1127 339 1162 Κύριος,
357 1128 427 1155 κατὰ
449 1128 498 1160 τὰς
522 1129 811 1166 Γραφάς.Ὠνόμασται
832 1130 886 1167 γὰρ

96 1171 217 1206 Χριστὸς
241 1171 361 1208 Ἰησοῦς,
387 1173 505 1208 γεγονὼς
529 1175 558 1207 ἐξ
583 1175 716 1202 Ἰουδαίων
737 1176 808 1203 κατὰ
837 1177 886 1212 τὴν

97 1217 199 1251 σάρκα.
208 1217 311 1252 Ἰησοῦς
329 1226 361 1252 γε
377 1219 430 1254 μὴν
452 1218 629 1254 ἑρμηνεύεται
645 1220 787 1254 σωτηρία.
801 1220 886 1252 Αὐτὸς

97 1260 146 1289 οὖν
158 1263 213 1298 ἄρα
226 1263 300 1290 ἐστὶν
315 1264 332 1300 ὴ
343 1264 375 1291 ὲκ
387 1264 442 1291 τῶν
459 1265 592 1292 Ἰουδαίων
607 1265 824 1301 σωτηρία.Ὣττε
835 1265 886 1292 κᾶν

98 1308 125 1334 ει
149 1308 245 1342 γέγονε
269 1309 336 1345 σὰρξ
358 1310 373 1336 ὁ
394 1310 488 1344 Λόγος,
504 1310 551 1337 καὶ
566 1309 712 1337 ἐπελάϐετο
729 1311 886 1346 σπέρματος

105 1353 241 1390 Ἀϐραὰμ,
259 1354 326 1387 Θεός
339 1356 396 1382 ἐστι
411 1355 459 1383 καὶ
475 1355 544 1391 μετὰ
559 1355 669 1392 σαρκός.

139 1498 148 1515 ι
159 1488 256 1525 Ἀμὴν,
273 1488 346 1525 ἀμὴν
358 1489 429 1524 λέγω
444 1489 518 1526 ὑμῖν,
542 1491 556 1518 6
574 1490 708 1518 πιστεύων
721 1492 762 1523 εἰς
776 1491 835 1527 ἐμὲ,
851 1491 887 1518 τὰ

100 1534 169 1570 ἔργα
194 1535 212 1562 ἃ
237 1534 292 1569 ἐγὼ
321 1535 402 1568 ποιῶ,
416 1536 541 1568 κάκεῖνος
564 1536 683 1572 ποιήσει,
701 1536 750 1564 καὶ
774 1537 889 1572 μείζονα

100 1580 204 1608 τούτων
230 1581 355 1617 ποιήσει·
384 1582 425 1609 ὅτι
450 1581 505 1616 ἐγὼ
529 1582 598 1618 πρὸς
628 1583 674 1610 τὸν
696 1583 804 1618 Πατέρα
834 1572 923 1618 μου0

100 1626 261 1664 πορεύομαιζ
274 1628 330 1654 Καὶ
339 1628 353 1655 ὃ
366 1637 392 1655 τι
410 1628 443 1655 ἂν
460 1629 590 1664 αἰτήσητε
606 1629 635 1656 ὲν
647 1628 686 1664 τῷ
699 1629 809 1665 ὀνόματί
822 1639 884 1665 μου,

99 1673 177 1700 τοῦτο
190 1674 304 1709 ποιήσω.
321 1683 330 1700 ι
344 1674 504 1710 Πορεύεται,
516 1675 591 1710 φησὶ,
607 1675 674 1710 πρὸς
684 1675 729 1702 τὸν
742 1675 851 1711 Πατέρα
861 1677 884 1709 ε,

100 1719 188 1746 καίτοι
212 1719 292 1754 φύσει
317 1720 384 1752 Θεὸς
400 1720 530 1757 ὑπάρχων
542 1721 557 1747 6
574 1721 647 1753 Υἱὸς,
659 1721 706 1748 καὶ
723 1722 803 1754 αὐτὸς
818 1721 854 1749 ὢν
871 1724 885 1749 6

100 1766 188 1792 πάντα
205 1766 326 1802 πληρῶν.
344 1766 491 1801 Πορεύεται
507 1767 561 1802 γὰρ
578 1767 773 1803 ἀνθρωπίνως·
789 1769 884 1804 ἀνελή-

99 1812 154 1847 φθη
170 1812 226 1847 γὰρ
239 1814 279 1845 εἰς
291 1812 337 1840 τὸν
349 1813 471 1848 οὐρανόν.
481 1813 598 1845 ante;
611 1813 677 1845 Θεὸς
689 1814 884 1850 ἐπαγγέλλεται

100 1858 219 1894 πληροῦν
235 1858 270 1885 τὰ
284 1859 423 1894 αἰτήματα
445 1859 499 1886 τῶν
515 1860 750 1895 προσευχομένων,
765 1861 788 1888 εί
803 1861 832 1888 ὲν
846 1861 885 1896 τῷ

98 1905 212 1940 ὀνόματι
228 1905 311 1932 αὑτοῦ
325 1907 443 1933 ποιοῖντο
458 1907 507 1938 τὰς
520 1906 605 1938 λιτάς.
623 1905 690 1933 Εἶτα
708 1907 762 1935 τίνι
775 1907 808 1934 ἂν
818 1908 885 1943 πρε-

100 1957 145 1976 ποι
163 1949 261 1985 μᾶλλον
276 1951 306 1977 τὴ
322 1951 443 1987 πληροῦν
461 1952 544 1987 εὐχὰς
563 1952 659 1987 ἁγίων,
670 1953 717 1981 καὶ
727 1952 885 1989 χαρίζεσθαι

99 1995 133 2022 τὰ
155 1997 304 2033 αἰτήματα,
322 1996 391 2032 πλὴν
416 1997 457 2024 ὅτι
482 1998 555 2033 μόνῳ
577 1997 618 2033 τῷ
640 1999 710 2026 κατὰ
735 1999 816 2033 φύσιν
837 1999 885 2026 καὶ

100 2042 209 2078 ἀληθῶς
221 2043 277 2070 δντι
296 2043 356 2078 Θεῷ
367 2052 374 2077 ;

138 2099 147 2114 ι
163 2089 218 2124 Οὐχ
233 2089 311 2124 ὑμεῖς
329 2098 363 2124 με
384 2089 550 2123 ἐξελέξασθε,
571 2091 628 2118 ἀλλ’
642 2090 697 2125 ἐγὼ
719 2089 885 2127 ἐξελεξάμην

100 2135 172 2169 ὑμᾶς
185 2135 231 2161 καὶ
247 2135 334 2170 ἔθηκα
349 2135 431 2170 ὑμᾶς,
446 2136 488 2163 ἵνα
503 2136 581 2172 ὑμεῖς
596 2137 733 2171 ὑπάγητε,
745 2137 793 2163 καὶ⁸
816 2145 886 2172 καρ-

103 2180 151 2206 πὸν
168 2180 278 2216 φέρητε,
298 2181 344 2208 καὶ
358 2181 372 2207 ὁ
387 2182 492 2217 καρπὸς
510 2182 587 2217 ὑμῶν
607 2183 701 2220 μείνῃς
719 2182 762 2208 ἵνα
778 2183 792 2209 ὅ
810 2190 836 2208 τι
851 2182 885 2211 ἂν

100 2225 230 2260 αἰτήσητε
253 2225 299 2251 τὸν
320 2225 429 2260 Πατέρα
448 2227 478 2252 ὲν
497 2225 536 2261 τῷ
556 2226 668 2262 ὀνόματί
689 2235 755 2261 μου,
772 2226 878 2262 aﬂuat]
900 2244 922 2271 Ι)

101 2271 172 2305 ὑμῖν.
188 2280 197 2296 I
208 2271 274 2297 Ἰδοὺ
289 2271 426 2307 πανταχοῦ
445 2271 582 2299 δείκνυσιν
598 2273 639 2300 ὅτι
653 2272 687 2299 τὰ
701 2273 746 2299 ἴσα
768 2273 826 2308 μετ’
839 2273 883 2305 ἐξ·

100 2317 190 2350 ουσίας
205 2318 310 2353 ὲνεργεῖ
326 2318 364 2354 τῷ
377 2318 623 2354 Πατρίῖι.”Εφασκε
638 2318 702 2354 γὰρ,
717 2319 757 2345 ὄτι
774 2319 824 2345 ι”Ο
835 2319 883 2345 ἐὰν

101 2365 226 2400 αἰτήσητε
239 2365 268 2391 ὲν
286 2364 325 2400 τῷ
336 2365 448 2400 ὀνόματί
463 2373 526 2400 μου,
539 2365 643 2400 ποιήσω
654 2373 660 2380 ·
676 2374 685 2390 ι
706 2364 764 2391 νυνὶ
783 2364 812 2390 δέ
829 2373 882 2399 φη-

102 2418 157 2437 σιν·
177 2411 227 2438 ι”ο
239 2419 265 2437 τι
281 2410 329 2437 ἐὰν
342 2411 471 2447 αἰτήσητε
486 2411 532 2437 τὸν
547 2411 658 2446 Πατέρα
677 2411 706 2438 ἐν
719 2410 758 2446 τῷ
771 2411 883 2446 ὀνόματί

103 2465 166 2492 μου,
177 2455 281 2492 Studet]
296 2457 369 2491 ὑμῖν.
388 2466 396 2481 ι
406 2455 480 2492 Ἃρα
490 2454 537 2483 οὖν
554 2457 607 2492 ἰδίᾳ
618 2457 668 2492 μὲν
682 2456 788 2483 δίδωσιν
800 2457 814 2483 ὀ
827 2458 883 2483 Πα-

102 2504 151 2538 τὴρ
162 2502 221 2538 δίχα
233 2503 280 2530 τοῦ
296 2503 372 2535 Υἱοῦ,
385 2503 437 2539 ἰδίᾳ
452 2504 481 2530 δὲ
493 2504 540 2530 καὶ
556 2503 608 2530 ἀνὰ
620 2503 703 2538 μέρος
715 2504 729 2529 ὀ
742 2502 807 2534 Υἱὸς
821 2502 883 2538 δίχα

103 2549 146 2576 τοῦ
159 2548 397 2586 Πατρόςςῆοὺκοῦν
409 2549 486 2585 παρὰ
499 2548 546 2576 δύο
557 2549 626 2576 θεῶν
637 2550 693 2580 τοῖς
703 2549 790 2582 ἁγίοις
804 2548 838 2574 τὰ
852 2548 881 2574 ἐν

103 2595 189 2631 εὐχαῖς
205 2595 362 2630 αὶτήματα;
383 2595 453 2622 Ἀλλ’
469 2596 519 2631 οὐχ
540 2595 626 2627 οὕτως
643 2594 701 2630 ἔχει
721 2593 826 2621 ταῦτα’
844 2593 882 2628 μὴ

138 2675 154 2690 ¹¹
169 2674 246 2702 Joan.
266 2682 296 2703 ιι,
311 2674 356 2706 26,
371 2673 418 2702 25.
458 2673 478 2689 “
490 2672 562 2700 Psal.
578 2680 671 2703 xxnv,
687 2672 730 2698 lii.

106 2711 146 2743 Η,
165 2711 205 2738 15.
245 2710 265 2726 ¹⁷
283 2709 362 2737 Joant
376 2717 422 2741 xv,
439 2708 482 2736 l6.
523 2709 544 2724 ιθ
557 2707 640 2736 lCor.
663 2715 721 2738 vm,
737 2707 764 2733 6.

942 259 995 286 quo
1011 256 1064 279 tam
1089 251 1287 279 contumeliose
1311 256 1438 283 tractato,
1454 251 1510 286 ipsa
1529 260 1636 287 quoque
1649 260 1722 279 crea-

942 301 1002 323 tura
1029 297 1227 332 quodaminodo
1259 297 1304 323 ira
1327 301 1354 323 et
1381 296 1566 331 indignamne
1592 298 1724 325 eﬂ‘éreba-

942 347 1001 369 tur..

1078 395 1118 421 Ea:
1135 395 1275 429 Evangelia
1289 397 1430 423 secundum
1443 397 1581 424 Joannem.

978 460 988 477 ι
1002 451 1080 480 Jesus
1103 456 1192 480 autem
1207 461 1258 480 non
1279 453 1408 480 credebat
1429 455 1604 489 semetipsum
1627 455 1677 487 eis,
1693 463 1726 482 eo

940 498 1011 532 quod
1035 498 1092 533 ipse
1109 504 1202 525 nosset
1216 506 1321 530 omnes,
1340 503 1367 526 ct
1392 499 1454 534 quia
1470 507 1537 534 opus
1559 500 1583 527 ei
1600 509 1652 528 non
1667 506 1725 528 erat

941 547 969 570 ut
991 543 1053 578 quis
1082 544 1266 571 testimonium
1294 544 1451 579 perhiberet
1476 545 1508 573 de
1532 546 1650 573 homine.
1665 547 1725 581 Ipse

939 589 1012 616 enim
1029 589 1143 622 sciebat,
1164 590 1228 624 quid
1254 597 1327 618 esset
1349 591 1375 618 in
1404 591 1512 618 homine
1528 592 1561 619 “.
1582 601 1591 617 ι
1613 593 1649 620 De
1671 593 1725 620 Dco

939 633 1068 667 scriptum
1097 639 1214 662 exstat:
1242 645 1251 661 ι
1282 635 1332 668 Qui
1367 636 1445 663 ﬁnxit
1468 637 1606 672 sigillatim
1642 639 1723 665 corda

939 685 1032 706 eorum
1050 679 1081 706 ";
1101 689 1110 705 ι
1129 680 1162 707 Ει
1177 681 1234 715 ipse
1250 681 1314 708 alibi
1325 681 1363 708 ait
1378 689 1385 708 :
1406 690 1416 707 ι
1431 681 1490 708 Non
1510 682 1642 709 celabitur
1655 690 1669 709 a
1682 691 1724 711 me

939 725 1049 752 omnino
1076 726 1221 760 quidquam
1237 726 1269 753 ".
1305 736 1315 752 ι
1346 726 1372 754 Si
1401 734 1465 761 ergo
1483 727 1607 754 Christus
1634 729 1724 756 omnia

939 770 1076 806 intelligit,
1084 775 1112 798 et
1121 772 1209 799 omnia
1226 779 1285 806 quae
1293 772 1393 800 suntin
1407 772 1517 800 homine
1531 778 1626 800 exacte
1640 775 1724 806 novit,

939 821 1031 851 utpote
1040 823 1163 845 seminus
1173 826 1263 845 eorum
1275 819 1357 845 corda
1376 824 1400 845 et
1424 826 1508 852 renes,
1522 819 1656 854 quomodo
1671 827 1724 846 non

938 868 981 890 est
992 862 1082 891 Deus?

979 917 989 934 ι
1006 908 1058 936 Vos
1076 907 1195 936 adoratis
1209 908 1280 943 quod
1299 908 1419 941 nescitis,
1433 916 1482 936 nos
1497 909 1641 936 adoramus
1653 909 1723 943 quod

940 954 1042 981 scimus
1060 960 1068 980 :
1087 954 1215 989 quoniam
1239 954 1313 981 salus
1331 962 1363 981 ex
1380 953 1480 981 ludatis
1508 958 1549 980 est
1564 954 1596 980 ’⁵.
1612 964 1620 979 ι
1639 954 1724 980 Audis

939 999 1052 1027 salutem
1081 1007 1112 1026 ex
1136 998 1236 1025 ludatis
1262 1006 1323 1026 esse
1351 998 1621 1033 asserentem.Atqni
1640 998 1723 1025 Deum

940 1044 1107 1072 Salvatorem
1125 1045 1204 1071 nobis
1227 1044 1413 1078 ascripsimus,
1426 1045 1506 1078 eique
1521 1044 1628 1070 nomina
1647 1044 1724 1077 dedi-

940 1097 1010 1117 mus.
1030 1089 1150 1117 Salvavit
1166 1090 1237 1116 enim
1252 1097 1301 1117 nos
1323 1097 1374 1116 non
1391 1089 1507 1124 legatus,
1522 1098 1576 1116 non
1600 1091 1730 1124 angelus,

939 1134 986 1162 sed
1018 1134 1148 1162 Dominus
1173 1135 1251 1169 ipse,
1285 1134 1432 1162 secundum
1458 1134 1613 1169 Scripturas
1633 1134 1664 1160 "‘.
1691 1136 1724 1161 At

939 1180 1062 1208 Christus
1086 1181 1131 1215 qui
1155 1180 1302 1207 secundum
1328 1187 1436 1207 carnem
1453 1187 1486 1207 ex
1514 1179 1614 1209 Iudaeis
1644 1184 1725 1207 natus

938 1232 990 1261 est,
1007 1227 1069 1256 Jesu
1099 1235 1194 1255 nomen
1213 1227 1326 1255 sortitus
1348 1233 1398 1255 est.
1416 1226 1480 1255 Iesu
1501 1232 1590 1254 autem
1618 1234 1716 1254 nomen

939 1270 1145 1305 interpretatum
1166 1270 1277 1297 salutem
1304 1275 1393 1298 sonat.
1406 1271 1464 1306 Ipse
1481 1271 1572 1305 itaque
1599 1271 1723 1298 Christus

939 1319 980 1342 est
994 1315 1068 1342 salus
1085 1315 1140 1348 illa,
1161 1323 1221 1350 quze
1239 1323 1274 1342 ex
1294 1315 1392 1343 Jndmis
1424 1316 1545 1351 profecta
1559 1321 1609 1344 est.
1623 1317 1723 1350 Quam-

937 1361 1033 1388 obrem
1060 1359 1123 1388 licet
1152 1360 1270 1388 Verbum
1296 1369 1360 1389 caro
1392 1361 1492 1388 factum
1521 1362 1602 1394 sit,et
1630 1370 1722 1390 semen

938 1406 1055 1434 Abraha:
1088 1407 1314 1441 apprehenderit;
1345 1406 1416 1435 Deus
1452 1407 1626 1435 nihilominus
1661 1416 1722 1436 cum

939 1457 1076 1487 assumpta
1092 1459 1174 1480 carne
1188 1452 1348 1487 permansit.

981 1507 991 1524 ι
1002 1498 1098 1531 Amen,
1110 1506 1187 1525 amen
1200 1498 1260 1526 dico
1275 1498 1360 1531 vobis,
1371 1498 1417 1533 qui
1432 1498 1518 1526 credit
1536 1499 1561 1526 in
1575 1507 1627 1531 me,
1640 1506 1727 1532 opera.

939 1551 1009 1579 qum-
1033 1551 1083 1580 ego
1111 1543 1233 1576 facio,et
1254 1544 1312 1579 ipse
1336 1543 1430 1577 faciet,
1446 1549 1474 1572 et
1497 1543 1598 1578 majOra
1625 1545 1727 1572 horum

937 1589 1105 1624 faciet:qnia
1118 1596 1168 1624 ego
1189 1589 1257 1616 vado
1280 1588 1314 1616 ad
1339 1588 1445 1616 Patrem
1464 1598 1471 1616 :
1489 1593 1516 1616 et
1544 1589 1727 1623 quodcunque

938 1635 1070 1670 petieritis
1088 1635 1113 1662 in
1127 1635 1236 1662 nomine
1259 1643 1330 1669 meo,
1347 1635 1400 1662 hoc
1430 1635 1527 1662 faciam
1543 1635 1576 1660 ¹⁶.
1593 1636 1654 1662 ›.Αι1
1667 1634 1720 1662 Pa-

939 1687 1006 1709 trem
1021 1689 1049 1710 se
1066 1682 1143 1709 abire
1161 1681 1313 1713 denuntiat,
1331 1689 1393 1708 cum
1418 1686 1517 1708 tamen.
1535 1681 1603 1708 Deus
1625 1686 1720 1708 natura

937 1727 1022 1755 Filius
1041 1728 1086 1759 sit,
1101 1727 1212 1762 ipseque
1234 1726 1324 1753 omnia
1346 1726 1466 1762 impleat.
1495 1726 1623 1753 Abscedit
1648 1727 1720 1754 enim

938 1771 1086 1800 secundum
1119 1773 1265 1799 humanam
1293 1775 1431 1798 naturam.
1453 1770 1490 1797 At
1516 1777 1582 1797 vero
1605 1770 1668 1798 licet
1693 1777 1722 1797 ut

937 1818 1018 1845 homo
1046 1817 1072 1844 in
1099 1817 1198 1844 emtum
1221 1821 1375 1851 assumptus
1391 1817 1448 1849 sit,
1468 1819 1497 1842 ut
1527 1815 1598 1843 Deus
1631 1820 1720 1842 tamen

937 1863 1085 1898 supplicum
1097 1867 1158 1890 vota
1167 1870 1196 1890 se
1206 1862 1361 1889 auditurum
1375 1861 1522 1897 promittit,
1536 1862 1558 1888 si
1571 1862 1597 1888 in
1611 1862 1718 1888 nomine

936 1908 1009 1935 illius
1023 1908 1244 1943 snpplicaverint.
1257 1906 1317 1934 Jam
1331 1907 1385 1938 cui,
1403 1914 1505 1942 quaeso,
1520 1907 1609 1934 verius
1621 1915 1720 1934 convc-

937 1953 1144 1981 nitsanctorum
1162 1952 1305 1987 postulatis
1322 1951 1557 1987 satisfacerc,85
1572 1959 1721 1986 eorumque

936 1999 1006 2026 votis
1021 2006 1053 2026 ac
1063 1998 1207 2026 desideriis
1222 1998 1397 2033 respondere,
1415 2005 1496 2033 quam
1511 1997 1561 2025 soli
1582 2005 1614 2025 ac
1630 1998 1721 2025 nativo

937 2045 991 2072 Deo
997 2044 1010 2071 ?

976 2099 987 2116 ι
1007 2089 1064 2118 Non
1079 2097 1128 2118 vos
1139 2097 1181 2117 me
1195 2089 1382 2125 elegistis,sed
1393 2097 1443 2124 ego
1461 2089 1527 2125 elegi
1538 2094 1633 2122 vos,et
1645 2091 1726 2124 posui

936 2144 984 2164 vos
997 2141 1027 2163 ut
1039 2136 1119 2168 eatis,
1143 2141 1170 2163 et
1195 2136 1313 2163 fructum
1326 2135 1456 2167 aﬂeratis,
1469 2140 1497 2162 et
1510 2135 1614 2163 fructus
1630 2143 1720 2163 Vester

939 2186 1105 2214 maneat;ut
1131 2182 1311 2216 quodcunque
1337 2181 1469 2216 petieritis
1493 2180 1600 2208 Patrem
1623 2182 1649 2208 in
1671 2189 1720 2208 n0<

939 2229 1011 2255 mine
1030 2235 1099 2260 meo,
1118 2227 1164 2254 det
1176 2227 1251 2254 vobis
1266 2227 1299 2254 ".
1317 2236 1327 2252 ι
1344 2227 1383 2253 En
1410 2226 1468 2261 pari
1493 2233 1522 2253 se
1546 2234 1606 2253 cum
1624 2226 1678 2253 Deo
1694 2232 1722 2253 ct

937 2274 1018 2301 Patre
1041 2277 1175 2308 potestate
1190 2272 1300 2307 pollere,
1322 2272 1452 2306 pariaque
1476 2272 1564 2298 eidem
1590 2276 1723 2305 przestare

937 2327 1015 2355 posse
1023 2326 1156 2353 nusquam
1175 2326 1227 2345 non
1241 2317 1371 2345 inculcat.
1383 2318 1493 2345 Dixerat
1505 2317 1576 2344 enim
1589 2326 1595 2344 :
1610 2325 1618 2342 ι
1630 2317 1720 2350 Quod-

936 2372 1042 2401 cunque
1061 2364 1194 2400 petieritis
1208 2363 1236 2390 in
1262 2364 1372 2391 nomine
1399 2371 1470 2395 meo,
1485 2363 1601 2390 faciam:
1618 2371 1628 2389 ›
1649 2371 1722 2389 nunc

937 2416 1026 2439 autem
1044 2411 1101 2438 ait:
1120 2420 1129 2436 ι
1147 2410 1331 2444 Quodcunque
1344 2409 1477 2444 petieritis
1496 2409 1604 2436 Patrem
1625 2409 1652 2436 in
1671 2417 1720 2435 nu-

936 2457 1010 2484 mine
1023 2464 1093 2488 meo,
1108 2456 1182 2483 dabit
1198 2456 1274 2483 vobis
1287 2455 1319 2482 ⁸⁸.
1338 2463 1347 2480 ι
1366 2454 1491 2489 Nunquid
1516 2462 1581 2489 ergo
1595 2462 1719 2481 seorsum

934 2503 1023 2538 aliqua
1034 2502 1179 2537 dilargitur
1195 2502 1273 2529 Pater
1294 2501 1397 2535 absque
1414 2499 1492 2532 Filio,
1506 2504 1552 2526 aut
1568 2499 1652 2527 Filius
1662 2508 1722 2526 rur~

934 2556 994 2576 sum
1028 2556 1149 2576 seorsum
1169 2547 1361 2582 sigillatimque
1392 2545 1548 2580 impertitur
1587 2546 1714 2572 nonnulla

935 2593 1037 2628 absque
1052 2591 1143 2625 Patre,
1160 2591 1195 2618 ita
1213 2591 1384 2619 utaduohus
1403 2591 1454 2618 diis
1470 2595 1642 2625 praestentur,
1656 2598 1716 2625 ιιιιω

770 2671 792 2687 ¹³
804 2670 883 2697 Jercn

961 2678 995 2703 ιι,
1012 2670 1056 2697 ll).
1093 2669 1113 2685 ¹³
1127 2668 1205 2703 Joan,
1219 2677 1255 2704 tv,
1273 2668 1318 2697 92.
1340 2668 1360 2685 ¹⁸
1376 2667 1428 2696 lsa.
1444 2675 1523 2699 anl,
1539 2667 1566 2696 9.
1605 2666 1715 2695 '“Joau.

626 2785 715 2813 Variae
729 2784 857 2812 lectiones
871 2783 973 2811 codicis
988 2781 1170 2818 Segnia-iani.

141 2863 152 2882 ⁵
168 2862 209 2890 in".
225 2859 390 2897 Πορεύεσθαί
408 2867 473 2894 eum.
488 2866 516 2884 π.
530 2866 554 2885 τ.
570 2858 604 2885 [1.
642 2857 656 2878 h
672 2857 710 2892 τῷ
723 2856 782 2892 Θεῷ
799 2855 843 2883 καὶ
859 2855 954 2891 Πατρί.
