1872 3057
81 153 159 182 m1

84 255 250 292 ἀποκριθεὶς
275 254 336 282 εἷπε
361 258 428 292 πρὸς
458 258 557 289 αὐτούς
567 266 576 272 ”
591 258 624 284 Τί
640 259 827 293 Sub-713d:
839 262 874 287 ἐν

84 303 150 333 ταῖς
167 301 291 337 καρδίαις
307 302 401 337 ὑμῶν;
417 303 450 329 Τί
472 304 547 330 ἐστιν
562 304 749 340 εὐκοπώτερον
768 306 855 332 εἰπεῖν
867 314 873 321 ·

94 348 246 382 Ἀφέωνταί
261 357 302 375 σοι
317 349 344 375 αἱ
359 349 490 384 ἁμαρτίαι
508 359 554 376 σου
565 357 572 364 ·
594 350 611 385 ἦ
629 351 715 377 εἰπεῖν
726 360 732 367 ·
749 352 874 387 Ἔγειραι

86 393 138 418 καὶ
155 392 316 427 περιπάτει;
333 394 392 420 Ἶνα
403 394 431 420 δὲ
445 395 533 430 εἰδῆτε
548 395 615 421 ὃτιὸ
630 395 693 427 Υἱὸς
707 396 754 422 τοῦ
770 397 875 432 ἀνθρώ-

85 447 142 465 που
167 438 289 472 ἐξουσίαν
311 439 367 474 ἔχει
388 440 435 466 ἐπὶ
458 441 507 474 τῆς
532 440 584 475 γῆς
608 441 716 476 ἀφιέναι
740 443 875 478 ἁμαρτίας

87 480 163 517 (εἶπε
175 483 214 519 τῷ
230 484 436 519 παραλυτικῷ)-
451 484 496 511 Σοὶ
514 484 600 519 λέγω,
614 485 728 521 ἑγειραι,
745 487 792 512 καὶ
806 487 875 522 άρας

86 529 120 556 τὸ
138 528 273 564 κλινάριόν
293 539 351 562 σου,
370 530 486 566 πορεύου
508 532 549 563 εἰς
574 532 620 558 τὸν
643 530 717 559 οἷκόν
738 541 795 561 σου.
814 543 823 559 ι
845 534 876 560 Et

90 575 171 609 μόνος
184 576 259 610 ἡμᾶς
272 576 437 610 ἀπαλλάττει
452 578 467 603 ὁ
484 577 538 604 τῶν
556 577 625 604 ὅλων
637 578 703 610 Θεὸς
715 579 876 615 πλημμελη-

90 620 198 654 μάτων,
215 621 301 656 ἑτέρῳ
317 621 466 656 πρέποντος
489 621 584 648 τούτου
607 622 700 657 μηδενί
712 631 719 638 ·
736 623 876 658 χαρίζεται

88 666 123 692 δὲ
138 666 186 693 καὶ
198 666 277 693 τοῦτο
287 666 403 702 Χριστὸς
417 668 475 701 μετ’
486 667 609 700 ἐξουσίας
625 668 805 704 Θεοπρεποῦς·
817 670 876 702 πῶς

87 712 141 738 οὐκ
163 711 196 738 ἂν
221 712 264 748 είη
286 712 367 746 Θεός;
392 712 530 748 Κέκληται
554 714 608 749 γὰρ
630 714 694 746 Υἱὸς
720 715 875 750 ἀνθρώπου,

88 757 232 792 γεννηθεὶς
249 757 282 784 ὲκ
294 757 422 792 γυναικὸς
434 757 505 784 κατὰ
520 757 620 793 σάρκα,
631 759 720 785 καίτοι
735 759 800 791 Θεὸς
813 759 850 785 ὢν
863 761 877 786 ὁ

88 802 187 837 Λόγος.

130 858 139 873 ι
155 847 201 874 ‘Ev
225 849 317 884 ἐκείνῃ
336 850 368 884 τῇ
392 849 452 885 ὥρᾳ
472 849 643 884 ἐθεράπευσε
687 850 800 882 πολλοὺς
823 850 876 877 ἀπὸ

638 157 682 184 DE
702 158 813 186 RECTA
834 160 912 188 FIDE
930 161 975 189 AD
995 159 1154 188 REGINAS.

127 220 137 235 ι
149 209 290 244 Ἐπιγνοῖδς
303 208 332 237 δὲ
347 210 363 236 ὗ
379 211 484 246 Ἰησοῦς
499 212 562 243 τοὺς
571 211 762 249 διαλογισμοὺς
773 215 872 248 αὐτῶν,
887 226 910 253 Α

1639 161 1706 188 1278

960 226 970 243 ι
993 217 1027 245 Ut
1040 215 1168 251 cognovit
1194 218 1284 241 autem
1296 212 1374 240 Iesus
1399 213 1578 247 cogitationes
1603 221 1707 247 eorum,

923 262 1091 297 respondens
1101 261 1171 288 dixit
1185 260 1219 286 ad
1235 259 1311 286 illos:
1323 258 1393 291 Quid
1404 258 1529 291 cogitatis
1542 259 1568 286 in
1582 260 1709 286 cordibus

924 307 1042 336 vestris?
1052 307 1120 340 Quid
1138 311 1180 333 est
1192 305 1299 333 faet‘l‘nts
1320 305 1411 332 dicere
1429 313 1436 331 :
1451 304 1508 339 89
1524 304 1703 331 Dimittuntur

925 354 971 380 tibi
992 357 1102 388 peccata
1118 357 1181 383 tua;
1201 360 1234 378 an
1247 352 1356 377 dicere:
1375 350 1462 384 Surge
1483 356 1510 377 et
1524 350 1630 376 ambula
1643 350 1656 377 τ
1677 350 1710 377 Ut

924 404 1013 426 autem
1024 398 1127 430 sciatis,
1144 398 1206 432 quia
1221 397 1307 425 Filius
1323 398 1439 425 hominis
1455 401 1614 432 potestatem
1631 397 1710 423 habet

925 445 952 472 in
969 449 1039 471 terra
1060 443 1211 470 dimittendi
1233 448 1351 476 peccata,
1366 443 1421 478 (ait
1447 442 1611 478 paralytico)
1629 449 1635 468 :
1651 441 1709 468 Tibi

926 490 996 519 dico.
1012 496 1102 523 surge,
1114 488 1176 515 tolle
1203 488 1302 514 lectum
1317 493 1402 520 tuum,
1416 492 1444 515 et
1468 488 1535 514 vade
1550 488 1574 513 in
1602 488 1710 514 domum

927 540 999 563 tuam
1016 535 1049 562 ³².
1066 544 1076 561 ι
1090 534 1119 562 Si
1132 534 1205 561 solus
1223 534 1410 560 universorum
1431 532 1561 560 Dominus
1576 539 1590 558 a
1607 532 1711 559 delictis

926 589 975 608 nos
987 581 1088 615 expiat,
1103 588 1152 607 nec
1176 580 1201 606 itt
1224 579 1306 605 ullum
1331 579 1412 606 alium
1441 578 1510 605 istud
1531 578 1668 609 convenit,
1685 582 1712 604 et

925 627 1049 654 Christus
1076 633 1136 652 cum
1166 625 1256 652 divina
1283 624 1447 651 auctoritate
1470 624 1520 650 hoc
1537 625 1623 657 ipsuut
1641 631 1710 657 pra:-

926 676 978 699 stat
1001 679 1009 698 :
1027 671 1072 705 qui
1086 671 1142 698 fieri
1158 674 1255 704 potest,
1271 675 1299 696 ut
1320 670 1393 696 Deus
1415 677 1466 696 non
1496 669 1629 695 exsistat?
1644 667 1710 694 Nam

927 716 977 743 clsi
994 715 1123 747 Verbum,
1139 715 1210 750 quod
1235 715 1382 742 secundum
1407 722 1517 741 carnem
1540 721 1573 740 ex
1600 714 1712 740 muliere

928 767 1020 789 natttm
1046 765 1099 793 est,
1113 761 1173 788 Filii
1192 761 1310 788 hominis
1331 760 1514 795 appellatioac
1543 760 1709 795 designetur,

931 807 1101 835 nihilominus
1117 811 1205 833 tamen
1216 805 1286 832 Deus
1297 812 1348 833 est.

965 863 974 879 ι
990 854 1017 881 In
1028 854 1083 888 ipsa
1095 853 1161 880 hora
1174 857 1263 879 autem
1280 853 1377 879 multos
1387 852 1489 879 curavit
1500 860 1513 878 a
1526 851 1709 884 languoribus,

89 893 190 926 νόσων,
205 895 252 920 καὶ
267 895 421 929 μαστίγων,
437 895 485 921 καὶ
500 895 665 930 πνευμάτων
680 896 820 931 πονηρῶν·
833 897 879 923 καὶ

969 899 1064 934 plagis,
1082 904 1110 926 et
1125 898 1267 933 spiritibus
1286 897 1412 928 malis,et
1428 898 1505 923 cmcis
1520 897 1610 922 multis
1627 897 1710 922 dona-

89 939 204 975 τυφλοῖς
225 940 332 973 πολλοῖς
354 942 501 976 ἐχαρίσατο
521 942 552 968 τὸ
576 942 695 977 βλέπειν.
727 943 781 970 Καὶ
807 944 877 970 ἀπο-

91 985 199 1021 κριθεὶς
225 983 302 1013 εἶπεν
327 987 438 1018 αὐτοῖς·
477 987 658 1022 Πορευθέντες
692 988 878 1023 ἀπαγγείλατε

98 1030 210 1068 Ἰωάννῃ
223 1031 242 1059 ἃ
257 1033 341 1059 εἴδετε
362 1033 410 1059 καὶ
423 1032 577 1067 ἠκούσατε·
594 1034 636 1060 ὄτι
651 1034 746 1068 τυφλοὶ
761 1035 877 1061 ἀναόλέ-

93 1086 189 1110 πουσι,
205 1078 285 1113 χωλοὶ
299 1078 489 1115 περιπατοῦσι,
500 1079 596 1114 λεπροὶ
609 1080 813 1115 καθαρίζονται,
824 1089 879 1106 κω-

93 1123 141 1157 φοὶ
163 1123 307 1156 ἀκούουσι,
320 1125 411 1159 νεκροὶ
434 1123 597 1160 ἐγείρονται,
616 1125 720 1160 πτωχοὶ
733 1125 877 1160 εὐαγγελί-

93 1169 196 1200 ζονται.
214 1169 268 1195 Καὶ
285 1169 419 1205 μακάριός
434 1170 517 1201 ἐστιν,
539 1170 569 1201 ὃς
587 1170 620 1197 ἂν
639 1171 675 1206 μὴ
697 1170 876 1206 σκανδαλισθῇ

96 1214 127 1239 ὲν
140 1214 212 1249 ἐμοί.
227 1224 236 1240 ι
246 1214 357 1250 Ἔργοις
373 1215 464 1246 αὺτοῖς
480 1215 615 1248 ἐπιδείξας
632 1216 727 1243 ἑαυτὸν
738 1217 752 1243 ὁ
763 1216 877 1252 Χριστὸς

94 1259 151 1286 τῶν
165 1260 325 1297 θεοπρεπῶν
341 1260 611 1296 μεγαλουργημάτων
630 1262 822 1298 ἀποτελεστὴν,
839 1263 880 1294 είς

95 1305 249 1342 ἀνάμνησιν
263 1307 394 1342 ἀναφέρει
407 1307 461 1334 τῶν
482 1309 634 1344 εἰρημένων
648 1309 691 1335 διὰ
708 1309 798 1343 φωνῆς
814 1317 880 1343 προ-

97 1351 192 1387 φητῶν
208 1353 272 1388 περὶ
285 1352 456 1388 αὑτοῦ.¹Ἐφη
469 1353 560 1380 τοίνυν
577 1355 590 1380 ὀ
608 1354 742 1389 μακάριος
755 1354 878 1384 Ἡσαΐας·

101 1408 111 1424 ι
122 1399 272 1434 Ὶσχύσατε,
287 1401 376 1434 χεῖρες
393 1400 600 1435 ἀνειμέντιι,καὶ
615 1401 716 1434 γόνατα
729 1400 881 1435 παραλελυ-

100 1444 178 1480 μένα.
195 1454 205 1471 ι
223 1443 291 1472 Εἶτα
306 1446 446 1480 μονονουχὶ
467 1447 515 1472 καὶ
538 1448 618 1482 χεῖρα
631 1447 781 1482 προτείνων
796 1455 882 1473 κατα-

97 1490 218 1517 δείκνυσι
237 1490 283 1517 τὸν
309 1491 500 1526 Ἐμμανουὴλ,
523 1491 594 1518 οὕτω
618 1491 722 1526 λέγων’
742 1500 751 1517 ‹
777 1491 842 1518 Ἰδοὺ
867 1491 882 1517 ὁ

98 1535 165 1567 Θεὸς
177 1536 267 1571 ἡμῶν,
284 1535 338 1563 ἰδοὺ
359 1536 461 1572 Κύριος
476 1536 544 1572 μετὰ
560 1536 651 1572 ἰσχύος
668 1536 788 1572 ἔρχεται,
804 1537 851 1563 καὶ
867 1537 881 1563 ὀ

100 1581 220 1618 βραχίων
240 1583 309 1618 μετὰ
332 1583 452 1618 κυρείας.
468 1593 477 1609 ι
494 1584 566 1618 Ἔφη
585 1584 613 1610 δὲ
638 1584 686 1611 καὶ
704 1585 733 1610 ὲν
757 1583 878 1618 ἑτέροις,
894 1574 914 1602 C

97 1629 140 1655 ὅτι
155 1639 165 1655 ι
183 1629 250 1656 Τότε
263 1629 468 1665 ἀνοιχοήσονται
480 1629 616 1665 ὀφθαλμοὶ
629 1630 748 1664 τυφλῶν,
766 1631 812 1656 καὶ
826 1627 883 1656 ὥτα

98 1673 200 1708 κωφῶν
219 1674 398 1701 ἀκούσονται·
415 1675 475 1701 τότε
500 1675 603 1701 άλεῖται
617 1674 702 1709 χωλὸς
717 1675 754 1706 ὡς
772 1674 881 1709 ἔλαφος,

97 1717 146 1745 καὶ
175 1719 262 1754 τρανὴ
287 1718 363 1745 ἔσται
386 1718 497 1753 γλῶσσα
520 1719 682 1755 μογιλάλων.
699 1728 708 1745 ›
737 1719 792 1745 Καὶ
817 1718 882 1753 πρὸς

97 1763 204 1796 τούτοις
217 1764 257 1790 ἔτι
268 1773 275 1780 ·
294 1774 303 1790 ι
325 1765 534 1800 ’Δναστήσονται
549 1766 572 1793 οἱ
594 1766 697 1801 νεκροὶ,
711 1765 758 1791 καὶ
772 1764 883 1800 ἐγερθή-

99 1820 191 1838 σονται
206 1812 230 1838 ut
247 1812 276 1838 ὲν
289 1813 346 1843 τοῖς
363 1812 506 1847 μνημείοις
517 1820 523 1826 ·
546 1812 563 1846 ἡ
578 1811 632 1846 γὰρ
651 1811 747 1846 δρόσος
767 1811 784 1845 ὴ
808 1810 883 1845 παρὰ

98 1857 158 1890 σοῦ,
183 1857 253 1894 ἴαμα
275 1858 367 1889 αὐτοῖς
388 1860 473 1885 ἐστιν.
495 1868 504 1884 ι
527 1858 599 1892 Ἔφη
626 1857 654 1883 δὲ
677 1857 758 1883 πάλιν
781 1856 827 1883 καὶ
851 1857 883 1883 ὲκ

98 1904 248 1940 προσώπου
271 1903 390 1939 Χριστοῦ
401 1913 408 1919 -
425 1914 434 1929 ε
453 1903 565 1938 Πνεῦμα
580 1903 683 1939 Κυρίου
707 1902 750 1928 ἐπ’
767 1902 816 1937 ἐμὲ
828 1921 835 1933 ,
852 1898 883 1928 οὗ

97 1951 203 1977 εῐνεκεν
212 1950 303 1985 ἔχρισέ
314 1957 357 1986 με’
366 1949 593 1984 εὐαγγελίσασθαι
602 1949 719 1983 πτωχοῖς
727 1946 883 1974 άπέσταλκέ

99 2004 146 2032 με,
162 1995 281 2032 κηρύξαι
296 1994 478 2031 αἰχμαλώτοις
499 1995 606 2029 ἄφεσιν,
628 1994 676 2021 καὶ
695 1994 805 2028 τυφλοῖς
821 1993 885 2020 ἀνά-

99 2041 203 2077 βλεψιν.
222 2051 231 2068 ι
252 2041 314 2068 Ὅτε
338 2041 428 2068 τοίνυν
447 2043 497 2076 τῆς
517 2041 559 2075 ἐφ’
582 2039 670 2075 ἐαυτῷ
693 2040 810 2070 πίστεως
834 2038 884 2070 τὰς

98 2087 154 2115 τῶν
169 2088 317 2124 προφητῶν
334 2088 424 2122 φωνάς
439 2088 554 2113 ποιεῖται
568 2088 691 2122 σημεῖον,
713 2086 796 2120 ἡγουν
817 2085 886 2111 ἀπό-

99 2133 196 2167 δειξιν,
213 2133 279 2160 Θεὸν
290 2133 319 2160 δὲ
334 2133 415 2160 αὑτὸν
430 2133 455 2160 οἱ
467 2133 604 2168 προφῆται
619 2132 798 2168 κηρύττουσι·
815 2131 856 2163 τίς
870 2131 886 2157 ὁ

100 2178 206 2210 τούτοις
220 2178 253 2204 τὰ
268 2178 375 2205 ἐναντία
388 2178 471 2212 φάναι
485 2177 606 2213 τολμῶνς

143 2223 344 2259 Ἐχειμάζοντο,
359 2224 436 2259 φησὶ,
450 2224 520 2250 κατὰ
537 2223 586 2259 τὴν
602 2223 698 2258 λίμνην
713 2223 736 2249 οἱ
753 2221 883 2257 μαθηταίθ

100 2268 161 2297 εἶτα
186 2279 195 2296 ‹
211 2270 420 2304 προσελθόντες,
451 2270 592 2305 διήγειραν
619 2269 712 2301 αὐτὸν,
740 2269 883 2302 λέγοντες·

107 2315 265 2347 Ἐπιστάτα,
276 2315 459 2350 ἀπολλύμεοα.
468 2315 497 2341 Ὀ
508 2315 536 2341 δὲ
552 2315 715 2350 διεγερθεὶς,
733 2314 884 2349 ἐπετίμησε

101 2361 141 2397 τῷ
152 2361 255 2397 ἀνέμῳ,
268 2361 315 2388 καὶ
328 2360 367 2396 τῷ
381 2361 494 2386 κλύδωνι
507 2360 555 2386 τοῦ
570 2360 665 2391 ὕδατος
675 2368 681 2375 ·
701 2360 748 2386 καὶ
766 2360 886 2386 ἐπαύσα-

101 2416 149 2440 το,
163 2408 210 2434 καὶ
224 2407 330 2442 ἐγένετο
342 2407 456 2442 γαλήνη.
474 2416 482 2431 ι
499 2407 612 2442 Εἴρηται
627 2406 690 2441 περὶ
709 2405 826 2439 Χριστοῦ
842 2404 887 2431 διὰ

104 2453 196 2488 φωνῆς
217 2452 264 2478 τοῦ
291 2452 424 2487 μακαρίου
451 2452 551 2478 Δαυῖδ·
581 2461 590 2477 ‹
611 2452 646 2478 Σὺ
669 2450 808 2482 δεσπόζεις
838 2449 885 2476 τοῦ

99 2497 222 2530 ,κράτους
234 2497 283 2532 τῆς
296 2496 443 2531 θαλάσσης,
463 2497 510 2522 καὶ
525 2495 570 2522 τδν
588 2496 667 2522 σάλον
683 2495 737 2521 τῶν
756 2494 886 2530 κυμάτων

104 2543 190 2576 αὐτῆς
207 2542 239 2568 σὺ
255 2541 464 2576 καταπραΰνεις.
478 2540 522 2567 Σοί
536 2541 604 2567 εἰσιν
618 2542 642 2567 ot
654 2540 775 2575 οὐρανοὶ,
790 2539 837 2566 καὶ
852 2543 885 2574 σή

105 2591 178 2616 ἐστιν
191 2589 207 2623 ὴ
222 2576 279 2623 γ·Ῐίἱ
294 2587 343 2622 τὴν
358 2587 531 2621 οἰκουμένην,
547 2587 594 2613 καὶ
607 2586 637 2612 τὸ
651 2586 788 2621 πλήρωμα
804 2585 888 2619 αὐτῆς

105 2636 137 2662 σὺ
150 2633 344 2669 ἐθεμελίωσας.
359 2633 438 2659 »Ὅτε
453 2634 544 2659 τοίνυν
556 2632 595 2668 τῷ
607 2632 827 2667 καταπραΰνοντι
839 2631 888 2666 τὴν

105 2681 244 2707 Θάλασσαν
263 2678 364 2714 πρέποι
390 2677 423 2704 ἂν
447 2678 494 2705 καὶ
516 2678 546 2704 τὸ
566 2677 707 2710 δεσπόζειν
729 2677 786 2703 τῶν
807 2677 886 2708 ὅλων,

105 2727 178 2763 ἔχειν
192 2725 221 2752 δὲ
243 2724 324 2756 ἰδίους
339 2724 402 2755 τοὺς
416 2724 558 2760 οὐρανοὺς,
581 2724 628 2750 καὶ
648 2723 789 2759 θεμελιοῦν
810 2723 889 2750 δύνα-

139 2818 162 2832 ³³
178 2817 243 2844 Luc.
257 2825 283 2850 v,
297 2817 391 2843 εε-ει.
431 2815 454 2831 ³⁸
470 2814 535 2841 Luc.
554 2822 601 2850 vn,
612 2813 711 2850 2L2;

111 2853 142 2879 i9
190 2853 212 2868 ⁸⁸
230 2853 281 2880 lsa.
296 2860 351 2885 ut,
371 2852 381 2879 f
397 2859 404 2884 ς
422 2850 488 2877 Luc.
505 2849 605 2882 ιν,18.,

751 2813 846 2840 a"15a.
863 2820 941 2847 Ltt,t,
958 2813 986 2839 5.
1024 2813 1046 2828 ³³
1065 2811 1115 2839 lsa.
1132 2820 1176 2843 ιιι,
1194 2812 1234 2840 In.

649 2849 670 2864 ³⁸³
685 2847 750 2876 Luc.
762 2856 820 2887 vni,
833 2848 878 2877 2-}.
918 2848 940 2864 ⁵ο
955 2847 1027 2875 l’sal.
1044 2855 1179 2880 Lxxxvnt,
1193 2848 1236 2881 10.
1252 2848 1294 2875 ιι.

927 946 965 972 vit
985 945 1082 972 visum.
1100 945 1130 971 Et
1143 944 1310 978 respondens
1324 943 1392 970 dixit
1406 943 1458 969 illis
1473 952 1479 969 :
1500 943 1599 969 Euntes
1612 949 1712 968 renun-

929 991 995 1018 tiate
1020 989 1119 1017 Joanui
1146 996 1206 1024 quae
1233 988 1347 1015 audistis
1375 992 1402 1015 et
1417 988 1522 1014 vidistis
1541 994 1548 1013 :
1567 987 1628 1022 quia
1646 986 1711 1013 αεοί

927 1037 1030 1068 vident,
1044 1035 1131 1063 claudi
1161 1034 1310 1065 ambulant,
1321 1033 1419 1068 leprosi
1447 1033 1622 1064 ntttudantur,
1637 1032 1712 1058 surdi

929 1082 1052 1113 audiunt,
1065 1081 1164 1108 mortui
1193 1084 1349 1114 resurgunt,
1367 1086 1498 1113 pauperes
1525 1078 1714 1112 evangelizan-

929 1133 973 1155 tur
988 1137 995 1155 :
1014 1132 1041 1154 et
1058 1127 1153 1154 beattts
1167 1129 1209 1153 est
1222 1125 1376 1159 quicunque
1395 1132 1447 1151 non
1478 1124 1560 1151 fuerit
1577 1123 1712 1150 scandati-

929 1178 1005 1200 zatus
1019 1173 1045 1199 in
1058 1179 1101 1199 tne
1115 1171 1147 1198 ".
1163 1181 1172 1197 ι
1187 1171 1277 1199 Factis
1295 1170 1448 1198 divinorum
1467 1169 1600 1204 planeque
1625 1169 1711 1196 admi-

930 1218 1052 1245 rabiliutn
1087 1224 1198 1252 operutn
1230 1220 1397 1250 patratoretn
1434 1215 1560 1243 Christus
1591 1222 1620 1242 se
1655 1222 1714 1241 esse

930 1265 1136 1295 demonstrans,
1156 1271 1216 1297 quae
1236 1270 1284 1297 per
1306 1262 1443 1297 prophetae
1468 1268 1561 1288 vocem
1578 1261 1715 1295 quondam

929 1310 963 1337 de
990 1317 1019 1336 se
1044 1309 1172 1344 praedicta
1199 1307 1317 1340 fuerant,
1345 1307 1371 1333 in
1402 1307 1562 1333 memoriam
1596 1306 1712 1333 reducit.

930 1356 1039 1383 Dixerat
1048 1354 1120 1382 enim
1133 1353 1236 1381 Isaias:
1251 1362 1260 1378 ι
1270 1351 1466 1380 Confortamini
1480 1359 1574 1378 manus
1585 1351 1715 1381 remisse,

930 1406 956 1429 et
975 1409 1062 1436 genua
1088 1401 1174 1427 soluta
1191 1401 1236 1428 ³⁸⁸.
1258 1409 1266 1425 ι
1284 1399 1342 1426 Mox
1369 1406 1435 1425 vero
1453 1398 1529 1432 quasi
1552 1398 1634 1433 digito
1655 1405 1716 1431 pro-

933 1451 1045 1474 tensave
1072 1453 1152 1472 manu
1183 1445 1385 1472 Emmanuelem
1411 1445 1568 1476 ostendens,
1596 1444 1631 1469 ita
1659 1443 1716 1468 ait:

935 1502 944 1517 ε
962 1491 1032 1519 Ecce
1056 1491 1127 1518 Deus
1143 1496 1243 1522 noster,
1256 1498 1320 1517 ecce
1335 1490 1464 1517 Dominus
1478 1497 1538 1516 ctnn
1562 1488 1718 1515 fortitudine

933 1538 1018 1570 venit,
1044 1542 1072 1564 et
1104 1537 1245 1564 brachium
1273 1543 1333 1563 cum
1366 1536 1549 1562 dominatione
1561 1535 1594 1561 ³⁵.
1619 1543 1628 1560 t
1649 1533 1719 1561 Dicit

932 1584 1001 1610 idetn
1015 1587 1042 1610 et
1057 1582 1110 1610 alio
1130 1589 1238 1617 quoque
1252 1581 1312 1608 loco
1324 1590 1330 1608 :
1344 1590 1353 1606 ι
1376 1581 1453 1608 Tunc
1470 1581 1628 1615 aperientur
1646 1579 1717 1607 oculi

933 1636 1076 1660 cumarum,
1093 1633 1119 1655 et
1147 1635 1228 1654 aures
1243 1627 1385 1654 surdorum
1408 1627 1529 1658 audient,
1549 1631 1612 1652 tunc
1642 1625 1719 1652 saliet

933 1675 1002 1702 sicut
1018 1682 1114 1701 cervus
1141 1673 1261 1704 claudus.
1279 1678 1306 1701 et
1326 1674 1449 1708 expedita
1464 1673 1517 1700 erit
1542 1674 1633 1707 lingua
1663 1672 1719 1699 bal-

935 1721 1095 1748 butientimu
1110 1721 1142 1748 ³⁸.
1157 1730 1166 1747 ι
1184 1721 1265 1747 Addit
1281 1725 1411 1755 praeterea
1431 1729 1437 1747 :
1456 1729 1464 1746 ι
1478 1720 1596 1753 Surgent
1609 1720 1718 1750 mortui.

934 1771 961 1793 et
983 1770 1125 1800 resurgent
1144 1766 1188 1800 qui
1221 1765 1247 1792 in
1275 1765 1457 1792 motmmentis
1485 1771 1570 1792 sunt:
1590 1773 1651 1791 nam
1676 1773 1720 1792 ros

933 1811 979 1846 qui
1008 1820 1022 1838 a
1039 1817 1073 1844 te,
1097 1811 1163 1846 ipsis
1180 1811 1284 1838 sanitas
1301 1816 1343 1838 cst
1357 1811 1388 1838 ".
1411 1821 1420 1836 ›
1449 1811 1564 1838 Rursum
1583 1812 1652 1839 idem
1692 1812 1718 1838 in

935 1865 1047 1892 persona
1065 1857 1164 1885 Christi
1191 1857 1226 1884 ita
1255 1857 1316 1884 ait:
1333 1866 1342 1882 ι
1359 1856 1475 1891 Spiritus
1499 1857 1606 1884 Domini
1637 1865 1719 1892 super

934 1912 988 1938 me,
1005 1905 1083 1939 cujus
1098 1913 1178 1932 causa
1195 1905 1271 1931 unxit.
1287 1913 1338 1937 me,
1356 1904 1543 1939 evangelizare
1556 1905 1719 1938 pauperibus

935 1949 1008 1976 misit
1023 1957 1075 1980 me,
1092 1950 1238 1983 praedicare
1248 1948 1364 1982 captivis
1381 1949 1581 1980 remissionem,
1593 1953 1620 1975 et
1639 1949 1718 1975 caecis

935 1994 1007 2020 visus
1019 1994 1185 2027 apertionetn
1200 1993 1234 2019 ³³.
1250 2003 1259 2018 ι
1273 1993 1340 2020 Cum
1358 2001 1423 2027 ergo
1441 1993 1632 2027 prophetarum
1653 2000 1718 2019 ora-

935 2040 995 2067 cula
1015 2040 1074 2067 fidei
1105 2048 1165 2074 quzr
1194 2040 1242 2074 ipsi
1259 2040 1383 2070 debetur,
1402 2043 1588 2074 argumentum
1621 2039 1719 2073 proba-

937 2086 1092 2120 tionemque
1112 2087 1237 2118 adducat,
1254 2086 1358 2120 ipsique
1378 2085 1516 2119 prophetre
1534 2085 1616 2112 Deum
1644 2086 1718 2112 illum

935 2139 996 2158 esse
1026 2131 1184 2166 prmtliccnt,
1205 2132 1266 2166 quis
1297 2131 1339 2158 ltis
1366 2131 1500 2158 contraria
1523 2138 1647 2158 asserere
1671 2139 1720 2158 au-

936 2177 1018 2206 deat?

974 2223 1042 2250 Dum
1057 2222 1178 2257 discipuli
1193 2227 1351 2256 tempestate
1373 2225 1399 2249 in
1415 2227 1511 2258 stagno
1535 2222 1717 2257 iactarentur,

940 2278 949 2294 ‹
962 2269 1121 2296 accedentes
1135 2268 1299 2294 suscitarent
1311 2275 1383 2300 eum,
1395 2269 1515 2296 dicentes
1531 2276 1537 2294 :
1554 2267 1718 2302 Praeceptor,

937 2315 1064 2349 perimus.
1081 2314 1236 2349 At90ille
1260 2321 1373 2349 surgens
1399 2315 1548 2349 increpavit
1562 2319 1669 2341 ventum
1693 2318 1721 2340 et

937 2364 1126 2394 tempestatem
1152 2367 1228 2394 aqua
1243 2369 1249 2386 :
1266 2364 1293 2386 et
1314 2360 1441 2391 cessavit,
1456 2365 1483 2387 et
1497 2359 1567 2387 facta
1584 2365 1625 2386 est
1649 2365 1723 2386 tran-

937 2405 1059 2440 quiliitas
1080 2405 1114 2431 ³³.
1134 2415 1143 2430 ι
1159 2405 1284 2432 Davidica
1297 2413 1364 2432 voce
1384 2405 1514 2438 ejusmodi
1536 2406 1675 2432 oraculum
1691 2406 1724 2432 de

937 2451 1050 2477 Christo
1075 2451 1176 2477 editum
1209 2455 1269 2477 erat
1291 2459 1298 2477 :
1321 2459 1330 2476 ι
1351 2450 1391 2477 'l‘u
1417 2451 1565 2478 dntninaris
1596 2452 1721 2485 putestali

940 2496 1033 2528 maris,
1053 2500 1081 2522 ct
1105 2499 1208 2522 motum
1235 2496 1364 2523 fluctuum
1386 2496 1445 2530 ejus
1475 2502 1501 2522 tu
1531 2497 1650 2531 mitigas.
1674 2497 1724 2524 Tui

939 2546 1003 2568 sunt
1018 2542 1093 2576 εαξη,
1106 2546 1133 2569 et
1143 2545 1187 2568 tua
1199 2547 1243 2568 est
1259 2547 1341 2574 terra,
1357 2542 1449 2570 orbem
1466 2547 1599 2569 terrarum
1616 2547 1644 2570 et
1669 2543 1726 2577 plc-

939 2587 1087 2614 nitttdineut
1106 2587 1164 2622 cjtts
1175 2592 1201 2613 ttt
1220 2588 1339 2614 fundasti
1351 2588 1384 2615 δ’.
1395 2597 1405 2614 ι
1424 2588 1490 2615 Ctttn
1505 2589 1531 2615 in
1547 2588 1620 2615 illum
1632 2589 1725 2623 igitur,

939 2633 984 2667 qui
1012 2633 1097 2659 maria
1113 2634 1199 2665 sedat,
1216 2634 1337 2660 omnium
1362 2641 1453 2660 rerttm
1479 2633 1623 2661 Dominum
1651 2641 1724 2666 esse,

939 2678 1063 2713 proprios
1083 2679 1166 2706 cmlos
1193 2678 1342 2712 possidere,
1364 2679 1459 2706 orbem
1483 2683 1629 2711 terrarum,
1653 2679 1726 2714 ejus-

939 2723 1054 2758 demque
1071 2723 1262 2758 plenitudinem
1293 2731 1372 2758 posse
1388 2724 1511 2757 fundare,
1528 2726 1635 2760 proprie
1660 2733 1727 2753 con-

1276 2813 1298 2829 ³⁶
1313 2814 1363 2842 isa.
1384 2820 1466 2844 xxxv,
1479 2813 1506 2840 ὃ.
1545 2812 1567 2828 ³⁷
1581 2811 1634 2840 lsa.
1650 2821 1726 2843 uvt.
