  <div class='ocr_page' id='page_1' title='image "/cluster/home/n/w/nwhite01/storage/ocr_20150623/76/njp.32101007590019/712.png"; bbox 0 0 1872 3057; ppageno 0'>
   <div class='ocr_carea' id='block_1_1' title="bbox 91 155 164 183">
    <p class='ocr_par' dir='ltr' id='par_1_1' title="bbox 91 155 164 183">
     <span class='ocr_line' id='line_1_1' title="bbox 91 155 164 183; baseline 0 -1"><span class='ocrx_word' id='word_1_1' title='bbox 91 155 164 183; x_wconf 72' lang='grc'><strong>4285</strong></span> 
     </span>
    </p>
   </div>
   <div class='ocr_carea' id='block_1_2' title="bbox 639 151 1154 182">
    <p class='ocr_par' dir='ltr' id='par_1_2' title="bbox 639 151 1154 182">
     <span class='ocr_line' id='line_1_2' title="bbox 639 151 1154 182; baseline -0.002 -1"><span class='ocrx_word' id='word_1_2' title='bbox 639 154 682 182; x_wconf 86' lang='lat' dir='ltr'><strong>DE</strong></span> <span class='ocrx_word' id='word_1_3' title='bbox 700 153 813 181; x_wconf 77' lang='lat' dir='ltr'><strong>RECTA</strong></span> <span class='ocrx_word' id='word_1_4' title='bbox 834 151 912 180; x_wconf 82' lang='lat' dir='ltr'><strong>FIDE</strong></span> <span class='ocrx_word' id='word_1_5' title='bbox 930 151 976 179; x_wconf 81' lang='lat' dir='ltr'><strong>AD</strong></span> <span class='ocrx_word' id='word_1_6' title='bbox 996 151 1154 180; x_wconf 77' lang='lat' dir='ltr'><strong>REGINAS.</strong></span> 
     </span>
    </p>
   </div>
   <div class='ocr_carea' id='block_1_3' title="bbox 1647 151 1715 179">
    <p class='ocr_par' dir='ltr' id='par_1_3' title="bbox 1647 151 1715 179">
     <span class='ocr_line' id='line_1_3' title="bbox 1647 151 1715 179; baseline -0.015 0"><span class='ocrx_word' id='word_1_7' title='bbox 1647 151 1715 179; x_wconf 67' lang='grc'><strong>1236</strong></span> 
     </span>
    </p>
   </div>
   <div class='ocr_carea' id='block_1_4' title="bbox 93 207 890 246">
    <p class='ocr_par' dir='ltr' id='par_1_4' title="bbox 93 208 878 246">
     <span class='ocr_line' id='line_1_4' title="bbox 93 208 878 246; baseline -0.003 -10"><span class='ocrx_word' id='word_1_8' title='bbox 93 209 250 238; x_wconf 70' lang='grc' dir='ltr'><strong>ἀποστόλων</strong></span> <span class='ocrx_word' id='word_1_9' title='bbox 260 218 267 226; x_wconf 91' lang='grc'><strong>·</strong></span> <span class='ocrx_word' id='word_1_10' title='bbox 284 210 331 238; x_wconf 72' lang='grc' dir='ltr'><strong>καὶ</strong></span> <span class='ocrx_word' id='word_1_11' title='bbox 341 211 421 242; x_wconf 77' lang='grc' dir='ltr'>αὐτὸς</span> <span class='ocrx_word' id='word_1_12' title='bbox 433 210 460 237; x_wconf 69' lang='grc' dir='ltr'><em>δέ</em></span> <span class='ocrx_word' id='word_1_13' title='bbox 482 209 532 237; x_wconf 80' lang='grc' dir='ltr'>πού</span> <span class='ocrx_word' id='word_1_14' title='bbox 547 218 628 246; x_wconf 74' lang='grc' dir='ltr'>φησιν</span> <span class='ocrx_word' id='word_1_15' title='bbox 638 219 645 227; x_wconf 86' lang='grc'>·</span> <span class='ocrx_word' id='word_1_16' title='bbox 663 219 673 236; x_wconf 75' lang='grc' dir='ltr'><strong>ι</strong></span> <span class='ocrx_word' id='word_1_17' title='bbox 695 209 792 245; x_wconf 80' lang='grc' dir='ltr'>Ἀμὴν,</span> <span class='ocrx_word' id='word_1_18' title='bbox 804 208 878 243; x_wconf 81' lang='grc' dir='ltr'>ἀμὴν</span> 
     </span>
    </p>
   </div>
   <div class='ocr_carea' id='block_1_5' title="bbox 981 207 1714 246">
    <p class='ocr_par' dir='ltr' id='par_1_5' title="bbox 981 207 1714 241">
     <span class='ocr_line' id='line_1_5' title="bbox 981 207 1714 241; baseline -0.001 -7"><span class='ocrx_word' id='word_1_19' title='bbox 981 215 988 234; x_wconf 90' lang='grc'><strong>›</strong></span> <span class='ocrx_word' id='word_1_20' title='bbox 1004 207 1116 241; x_wconf 85' lang='lat' dir='ltr'><strong>ipsemet</strong></span> <span class='ocrx_word' id='word_1_21' title='bbox 1130 208 1165 234; x_wconf 87' lang='lat' dir='ltr'><strong>ita</strong></span> <span class='ocrx_word' id='word_1_22' title='bbox 1181 207 1219 234; x_wconf 90' lang='lat' dir='ltr'><strong>ait</strong></span> <span class='ocrx_word' id='word_1_23' title='bbox 1236 216 1244 234; x_wconf 87' lang='lat'>:</span> <span class='ocrx_word' id='word_1_24' title='bbox 1266 217 1275 234; x_wconf 84' lang='grc'><strong><em>‹</em></strong></span> <span class='ocrx_word' id='word_1_25' title='bbox 1294 208 1390 241; x_wconf 85' lang='lat' dir='ltr'><strong>Amen,</strong></span> <span class='ocrx_word' id='word_1_26' title='bbox 1407 215 1484 234; x_wconf 82' lang='lat' dir='ltr'><strong>amen</strong></span> <span class='ocrx_word' id='word_1_27' title='bbox 1500 208 1561 234; x_wconf 84' lang='lat' dir='ltr'><strong>dico</strong></span> <span class='ocrx_word' id='word_1_28' title='bbox 1577 207 1654 235; x_wconf 85' lang='lat' dir='ltr'><strong>vobis</strong></span> <span class='ocrx_word' id='word_1_29' title='bbox 1670 208 1714 241; x_wconf 84' lang='lat' dir='ltr'><strong>qui</strong></span> 
     </span>
    </p>
   </div>
   <div class='ocr_carea' id='block_1_6' title="bbox 93 254 875 292">
    <p class='ocr_par' dir='ltr' id='par_1_6' title="bbox 93 254 875 292">
     <span class='ocr_line' id='line_1_6' title="bbox 93 254 875 292; baseline -0.005 -9"><span class='ocrx_word' id='word_1_30' title='bbox 93 258 166 291; x_wconf 80' lang='grc' dir='ltr'>λέγω</span> <span class='ocrx_word' id='word_1_31' title='bbox 182 257 254 291; x_wconf 79' lang='grc' dir='ltr'>ὑμῖν,</span> <span class='ocrx_word' id='word_1_32' title='bbox 272 257 286 283; x_wconf 87' lang='grc' dir='ltr'>ὁ</span> <span class='ocrx_word' id='word_1_33' title='bbox 301 257 435 283; x_wconf 85' lang='grc' dir='ltr'><strong>πιστεύων</strong></span> <span class='ocrx_word' id='word_1_34' title='bbox 451 257 491 288; x_wconf 80' lang='grc' dir='ltr'>είς</span> <span class='ocrx_word' id='word_1_35' title='bbox 504 257 565 292; x_wconf 77' lang='grc' dir='ltr'>ἐμὲ,</span> <span class='ocrx_word' id='word_1_36' title='bbox 578 256 633 291; x_wconf 76' lang='grc' dir='ltr'>ἔχει</span> <span class='ocrx_word' id='word_1_37' title='bbox 646 255 719 290; x_wconf 79' lang='grc' dir='ltr'><strong>ζωὴν</strong></span> <span class='ocrx_word' id='word_1_38' title='bbox 733 254 853 281; x_wconf 82' lang='grc' dir='ltr'>αἰώνιον.</span> <span class='ocrx_word' id='word_1_39' title='bbox 866 263 875 278; x_wconf 76' lang='grc' dir='ltr'><strong>ι</strong></span> 
     </span>
    </p>
   </div>
   <div class='ocr_carea' id='block_1_7' title="bbox 94 301 878 337">
    <p class='ocr_par' dir='ltr' id='par_1_7' title="bbox 94 301 878 337">
     <span class='ocr_line' id='line_1_7' title="bbox 94 301 878 337; baseline -0.003 -9"><span class='ocrx_word' id='word_1_40' title='bbox 94 302 161 328; x_wconf 86' lang='grc' dir='ltr'>Ὅτε</span> <span class='ocrx_word' id='word_1_41' title='bbox 187 302 276 328; x_wconf 83' lang='grc' dir='ltr'><strong>τοίνυν</strong></span> <span class='ocrx_word' id='word_1_42' title='bbox 299 303 340 333; x_wconf 87' lang='grc' dir='ltr'><strong>εἰς</strong></span> <span class='ocrx_word' id='word_1_43' title='bbox 356 302 423 328; x_wconf 86' lang='grc' dir='ltr'>Θεὸν</span> <span class='ocrx_word' id='word_1_44' title='bbox 438 303 454 337; x_wconf 89' lang='grc' dir='ltr'><strong>ἠ</strong></span> <span class='ocrx_word' id='word_1_45' title='bbox 470 302 578 334; x_wconf 88' lang='grc' dir='ltr'>πίστις,</span> <span class='ocrx_word' id='word_1_46' title='bbox 601 301 720 337; x_wconf 77' lang='grc' dir='ltr'><strong>Χριστοῦ</strong></span> <span class='ocrx_word' id='word_1_47' title='bbox 742 301 878 334; x_wconf 82' lang='grc' dir='ltr'>λέγοντος,</span> 
     </span>
    </p>
   </div>
   <div class='ocr_carea' id='block_1_8' title="bbox 96 344 878 381">
    <p class='ocr_par' dir='ltr' id='par_1_8' title="bbox 96 344 878 381">
     <span class='ocr_line' id='line_1_8' title="bbox 96 344 878 381; baseline -0.004 -9"><span class='ocrx_word' id='word_1_48' title='bbox 96 357 105 372; x_wconf 73' lang='grc' dir='ltr'><strong>ε</strong></span> <span class='ocrx_word' id='word_1_49' title='bbox 120 347 165 378; x_wconf 72' lang='grc' dir='ltr'><strong>Εἰς</strong></span> <span class='ocrx_word' id='word_1_50' title='bbox 182 346 232 381; x_wconf 78' lang='grc' dir='ltr'><strong>ἐμὲ</strong></span> <span class='ocrx_word' id='word_1_51' title='bbox 249 346 407 373; x_wconf 88' lang='grc' dir='ltr'>πιστεύετε·</span> <span class='ocrx_word' id='word_1_52' title='bbox 426 356 434 371; x_wconf 78' lang='grc' dir='ltr'><strong>ι</strong></span> <span class='ocrx_word' id='word_1_53' title='bbox 453 346 511 377; x_wconf 85' lang='grc' dir='ltr'><strong>πῶς</strong></span> <span class='ocrx_word' id='word_1_54' title='bbox 526 346 576 372; x_wconf 74' lang='grc' dir='ltr'><strong>οὐκ</strong></span> <span class='ocrx_word' id='word_1_55' title='bbox 596 345 629 372; x_wconf 81' lang='grc' dir='ltr'><strong>ἂν</strong></span> <span class='ocrx_word' id='word_1_56' title='bbox 650 344 693 379; x_wconf 78' lang='grc' dir='ltr'><strong>εἴη</strong></span> <span class='ocrx_word' id='word_1_57' title='bbox 716 344 781 376; x_wconf 83' lang='grc' dir='ltr'>Θεὸς</span> <span class='ocrx_word' id='word_1_58' title='bbox 799 344 878 378; x_wconf 81' lang='grc' dir='ltr'>ἐναρ-</span> 
     </span>
    </p>
   </div>
   <div class='ocr_carea' id='block_1_9' title="bbox 92 392 164 426">
    <p class='ocr_par' dir='ltr' id='par_1_9' title="bbox 92 392 164 426">
     <span class='ocr_line' id='line_1_9' title="bbox 92 392 164 426; baseline -0.028 0"><span class='ocrx_word' id='word_1_59' title='bbox 92 392 164 426; x_wconf 77' lang='grc' dir='ltr'>γῶςς</span> 
     </span>
    </p>
   </div>
   <div class='ocr_carea' id='block_1_10' title="bbox 183 444 809 482">
    <p class='ocr_par' dir='ltr' id='par_1_10' title="bbox 183 444 809 482">
     <span class='ocr_line' id='line_1_10' title="bbox 183 444 809 482; baseline -0.005 -7"><span class='ocrx_word' id='word_1_60' title='bbox 183 447 233 475; x_wconf 82' lang='grc' dir='ltr'><strong>Ἐκ</strong></span> <span class='ocrx_word' id='word_1_61' title='bbox 252 446 307 482; x_wconf 81' lang='grc' dir='ltr'><strong>τῆς</strong></span> <span class='ocrx_word' id='word_1_62' title='bbox 322 447 440 481; x_wconf 82' lang='grc' dir='ltr'><strong>πρώτης</strong></span> <span class='ocrx_word' id='word_1_63' title='bbox 457 446 597 474; x_wconf 80' lang='grc' dir='ltr'><strong>Ἰωάννου</strong></span> <span class='ocrx_word' id='word_1_64' title='bbox 619 444 809 479; x_wconf 76' lang='grc' dir='ltr'><em>Ἐπιστολῆς.</em></span> 
     </span>
    </p>
   </div>
   <div class='ocr_carea' id='block_1_11' title="bbox 134 501 879 539">
    <p class='ocr_par' dir='ltr' id='par_1_11' title="bbox 134 501 879 539">
     <span class='ocr_line' id='line_1_11' title="bbox 134 501 879 539; baseline -0.005 -9"><span class='ocrx_word' id='word_1_65' title='bbox 134 513 143 529; x_wconf 76' lang='grc' dir='ltr'><strong>ι</strong></span> <span class='ocrx_word' id='word_1_66' title='bbox 162 504 216 530; x_wconf 69' lang='grc' dir='ltr'>Καὶ</span> <span class='ocrx_word' id='word_1_67' title='bbox 233 503 301 539; x_wconf 80' lang='grc' dir='ltr'>αὕτη</span> <span class='ocrx_word' id='word_1_68' title='bbox 315 503 389 530; x_wconf 72' lang='grc' dir='ltr'>ἐστὶν</span> <span class='ocrx_word' id='word_1_69' title='bbox 405 505 421 539; x_wconf 84' lang='grc' dir='ltr'>ἡ</span> <span class='ocrx_word' id='word_1_70' title='bbox 438 503 532 538; x_wconf 76' lang='grc' dir='ltr'>ἐντολὴ</span> <span class='ocrx_word' id='word_1_71' title='bbox 545 502 640 534; x_wconf 79' lang='grc' dir='ltr'>αὐτοῦ,</span> <span class='ocrx_word' id='word_1_72' title='bbox 653 503 696 529; x_wconf 87' lang='grc' dir='ltr'>ἵνα</span> <span class='ocrx_word' id='word_1_73' title='bbox 706 501 879 536; x_wconf 76' lang='grc' dir='ltr'><strong>πιστεύωμεν</strong></span> 
     </span>
    </p>
   </div>
   <div class='ocr_carea' id='block_1_12' title="bbox 93 545 879 584">
    <p class='ocr_par' dir='ltr' id='par_1_12' title="bbox 93 545 879 584">
     <span class='ocr_line' id='line_1_12' title="bbox 93 545 879 584; baseline -0.005 -9"><span class='ocrx_word' id='word_1_74' title='bbox 93 549 134 584; x_wconf 81' lang='grc' dir='ltr'>τῷ</span> <span class='ocrx_word' id='word_1_75' title='bbox 146 549 256 584; x_wconf 78' lang='grc' dir='ltr'>ὀνόματι</span> <span class='ocrx_word' id='word_1_76' title='bbox 271 548 318 575; x_wconf 80' lang='grc' dir='ltr'><strong>τοῦ</strong></span> <span class='ocrx_word' id='word_1_77' title='bbox 332 547 396 574; x_wconf 80' lang='grc' dir='ltr'><strong>Υἱοῦ</strong></span> <span class='ocrx_word' id='word_1_78' title='bbox 413 547 495 574; x_wconf 75' lang='grc' dir='ltr'>αὐτοῦ</span> <span class='ocrx_word' id='word_1_79' title='bbox 515 547 602 583; x_wconf 85' lang='grc' dir='ltr'>Ἰησοῦ</span> <span class='ocrx_word' id='word_1_80' title='bbox 617 546 744 582; x_wconf 77' lang='grc' dir='ltr'><strong>Χριστοῦ.</strong></span> <span class='ocrx_word' id='word_1_81' title='bbox 765 555 773 571; x_wconf 75' lang='grc' dir='ltr'><strong>ι</strong></span> <span class='ocrx_word' id='word_1_82' title='bbox 791 546 822 571; x_wconf 81' lang='grc' dir='ltr'><strong>Εἰ</strong></span> <span class='ocrx_word' id='word_1_83' title='bbox 842 545 879 580; x_wconf 80' lang='grc' dir='ltr'>μὴ</span> 
     </span>
    </p>
   </div>
   <div class='ocr_carea' id='block_1_13' title="bbox 95 584 880 629">
    <p class='ocr_par' dir='ltr' id='par_1_13' title="bbox 95 584 880 629">
     <span class='ocr_line' id='line_1_13' title="bbox 95 584 880 629; baseline -0.006 -8"><span class='ocrx_word' id='word_1_84' title='bbox 95 594 257 629; x_wconf 79' lang='grc' dir='ltr'>ἁνεθὲλητόν</span> <span class='ocrx_word' id='word_1_85' title='bbox 279 595 337 620; x_wconf 79' lang='grc' dir='ltr'>ἐστι</span> <span class='ocrx_word' id='word_1_86' title='bbox 356 593 394 629; x_wconf 82' lang='grc' dir='ltr'>τῷ</span> <span class='ocrx_word' id='word_1_87' title='bbox 420 593 480 628; x_wconf 82' lang='grc' dir='ltr'>Θεῷ</span> <span class='ocrx_word' id='word_1_88' title='bbox 506 594 552 620; x_wconf 68' lang='grc' dir='ltr'>καὶ</span> <span class='ocrx_word' id='word_1_89' title='bbox 578 592 664 628; x_wconf 62' lang='lat' dir='ltr'><strong>Haupt</strong></span> <span class='ocrx_word' id='word_1_90' title='bbox 688 592 718 618; x_wconf 86' lang='grc' dir='ltr'><strong>τὸ</strong></span> <span class='ocrx_word' id='word_1_91' title='bbox 743 584 880 618; x_wconf 52' lang='lat' dir='ltr'><strong>mutatio;</strong></span> 
     </span>
    </p>
   </div>
   <div class='ocr_carea' id='block_1_14' title="bbox 92 637 878 676">
    <p class='ocr_par' dir='ltr' id='par_1_14' title="bbox 92 637 878 676">
     <span class='ocr_line' id='line_1_14' title="bbox 92 637 878 676; baseline -0.005 -9"><span class='ocrx_word' id='word_1_92' title='bbox 92 641 170 676; x_wconf 72' lang='grc' dir='ltr'><strong>ἡμᾶς</strong></span> <span class='ocrx_word' id='word_1_93' title='bbox 189 641 227 672; x_wconf 79' lang='grc' dir='ltr'><strong>εἰς</strong></span> <span class='ocrx_word' id='word_1_94' title='bbox 241 640 271 667; x_wconf 85' lang='grc' dir='ltr'><strong>τὸ</strong></span> <span class='ocrx_word' id='word_1_95' title='bbox 290 640 374 675; x_wconf 78' lang='grc' dir='ltr'>ὃνομα</span> <span class='ocrx_word' id='word_1_96' title='bbox 390 640 436 666; x_wconf 83' lang='grc' dir='ltr'><strong>τοῦ</strong></span> <span class='ocrx_word' id='word_1_97' title='bbox 455 639 520 666; x_wconf 81' lang='grc' dir='ltr'>Υἱοῦ</span> <span class='ocrx_word' id='word_1_98' title='bbox 536 639 618 666; x_wconf 67' lang='grc' dir='ltr'>αὑτοῦ</span> <span class='ocrx_word' id='word_1_99' title='bbox 639 638 726 674; x_wconf 81' lang='grc' dir='ltr'>Ἰησοῦ</span> <span class='ocrx_word' id='word_1_100' title='bbox 742 637 860 672; x_wconf 77' lang='grc' dir='ltr'>Χριστοῦ</span> <span class='ocrx_word' id='word_1_101' title='bbox 872 646 878 652; x_wconf 93' lang='grc'><strong>·</strong></span> 
     </span>
    </p>
   </div>
   <div class='ocr_carea' id='block_1_15' title="bbox 96 684 881 724">
    <p class='ocr_par' dir='ltr' id='par_1_15' title="bbox 96 684 881 724">
     <span class='ocr_line' id='line_1_15' title="bbox 96 684 881 724; baseline -0.006 -10"><span class='ocrx_word' id='word_1_102' title='bbox 96 688 245 724; x_wconf 79' lang='grc' dir='ltr'>πράττεται</span> <span class='ocrx_word' id='word_1_103' title='bbox 268 687 295 714; x_wconf 81' lang='grc' dir='ltr'><strong>δὲ</strong></span> <span class='ocrx_word' id='word_1_104' title='bbox 317 687 364 714; x_wconf 80' lang='grc' dir='ltr'>καὶ</span> <span class='ocrx_word' id='word_1_105' title='bbox 381 687 445 722; x_wconf 79' lang='grc' dir='ltr'>παρ’</span> <span class='ocrx_word' id='word_1_106' title='bbox 461 686 571 722; x_wconf 81' lang='grc' dir='ltr'><strong>ὴμῶνὴ</strong></span> <span class='ocrx_word' id='word_1_107' title='bbox 591 685 696 717; x_wconf 78' lang='grc' dir='ltr'>πίστις,</span> <span class='ocrx_word' id='word_1_108' title='bbox 710 685 758 719; x_wconf 80' lang='grc' dir='ltr'><strong>οὺχ</strong></span> <span class='ocrx_word' id='word_1_109' title='bbox 779 684 817 715; x_wconf 82' lang='grc' dir='ltr'><strong>ὡς</strong></span> <span class='ocrx_word' id='word_1_110' title='bbox 841 684 881 715; x_wconf 80' lang='grc' dir='ltr'><strong>εἰς</strong></span> 
     </span>
    </p>
   </div>
   <div class='ocr_carea' id='block_1_16' title="bbox 95 729 880 769">
    <p class='ocr_par' dir='ltr' id='par_1_16' title="bbox 95 729 880 769">
     <span class='ocr_line' id='line_1_16' title="bbox 95 729 880 769; baseline -0.006 -9"><span class='ocrx_word' id='word_1_111' title='bbox 95 733 240 769; x_wconf 82' lang='grc' dir='ltr'>ἄνθρωπον</span> <span class='ocrx_word' id='word_1_112' title='bbox 256 732 365 764; x_wconf 81' lang='grc' dir='ltr'>ἁπλῶς,</span> <span class='ocrx_word' id='word_1_113' title='bbox 382 732 438 759; x_wconf 86' lang='grc' dir='ltr'>ἀλλ’</span> <span class='ocrx_word' id='word_1_114' title='bbox 455 732 493 763; x_wconf 77' lang='grc' dir='ltr'><strong>ὡς</strong></span> <span class='ocrx_word' id='word_1_115' title='bbox 505 732 545 763; x_wconf 74' lang='grc' dir='ltr'><strong>εἰς</strong></span> <span class='ocrx_word' id='word_1_116' title='bbox 560 731 626 757; x_wconf 86' lang='grc' dir='ltr'>Θεὸν</span> <span class='ocrx_word' id='word_1_117' title='bbox 645 730 734 762; x_wconf 73' lang='grc' dir='ltr'>ζῶντα</span> <span class='ocrx_word' id='word_1_118' title='bbox 750 731 796 756; x_wconf 64' lang='grc' dir='ltr'>καὶ</span> <span class='ocrx_word' id='word_1_119' title='bbox 814 729 880 765; x_wconf 75' lang='grc' dir='ltr'><strong>ἀλη-</strong></span> 
     </span>
    </p>
   </div>
   <div class='ocr_carea' id='block_1_17' title="bbox 97 778 476 814">
    <p class='ocr_par' dir='ltr' id='par_1_17' title="bbox 97 778 476 814">
     <span class='ocr_line' id='line_1_17' title="bbox 97 778 476 814; baseline -0.003 -8"><span class='ocrx_word' id='word_1_120' title='bbox 97 779 184 806; x_wconf 77' lang='grc' dir='ltr'>Θινόν·</span> <span class='ocrx_word' id='word_1_121' title='bbox 203 779 268 810; x_wconf 74' lang='grc' dir='ltr'>Θεὸς</span> <span class='ocrx_word' id='word_1_122' title='bbox 280 779 332 814; x_wconf 76' lang='grc' dir='ltr'>ἄρα</span> <span class='ocrx_word' id='word_1_123' title='bbox 350 778 476 814; x_wconf 84' lang='grc' dir='ltr'>Χριστός.</span> 
     </span>
    </p>
   </div>
   <div class='ocr_carea' id='block_1_18' title="bbox 137 821 880 861">
    <p class='ocr_par' dir='ltr' id='par_1_18' title="bbox 137 821 880 861">
     <span class='ocr_line' id='line_1_18' title="bbox 137 821 880 861; baseline -0.005 -10"><span class='ocrx_word' id='word_1_124' title='bbox 137 836 145 851; x_wconf 83' lang='grc' dir='ltr'><strong>ι</strong></span> <span class='ocrx_word' id='word_1_125' title='bbox 157 825 201 851; x_wconf 84' lang='grc' dir='ltr'>Ἐν</span> <span class='ocrx_word' id='word_1_126' title='bbox 214 826 301 861; x_wconf 80' lang='grc' dir='ltr'>τούτῳ</span> <span class='ocrx_word' id='word_1_127' title='bbox 315 824 478 858; x_wconf 75' lang='grc' dir='ltr'><strong>γινώσκεται</strong></span> <span class='ocrx_word' id='word_1_128' title='bbox 493 823 523 850; x_wconf 83' lang='grc' dir='ltr'><strong>τὸ</strong></span> <span class='ocrx_word' id='word_1_129' title='bbox 541 823 652 858; x_wconf 80' lang='grc' dir='ltr'>Πνεῦμα</span> <span class='ocrx_word' id='word_1_130' title='bbox 666 823 712 849; x_wconf 84' lang='grc' dir='ltr'><strong>τοῦ</strong></span> <span class='ocrx_word' id='word_1_131' title='bbox 728 821 795 848; x_wconf 69' lang='grc' dir='ltr'>Θεοῦ</span> <span class='ocrx_word' id='word_1_132' title='bbox 805 830 811 835; x_wconf 88' lang='grc'>·</span> <span class='ocrx_word' id='word_1_133' title='bbox 824 821 880 847; x_wconf 78' lang='grc' dir='ltr'>πᾶν</span> 
     </span>
    </p>
   </div>
   <div class='ocr_carea' id='block_1_19' title="bbox 97 865 879 906">
    <p class='ocr_par' dir='ltr' id='par_1_19' title="bbox 97 865 879 906">
     <span class='ocr_line' id='line_1_19' title="bbox 97 865 879 906; baseline -0.008 -9"><span class='ocrx_word' id='word_1_134' title='bbox 97 870 216 906; x_wconf 82' lang='grc' dir='ltr'>πνεῦμα,</span> <span class='ocrx_word' id='word_1_135' title='bbox 227 871 241 896; x_wconf 86' lang='grc' dir='ltr'>ὃ</span> <span class='ocrx_word' id='word_1_136' title='bbox 251 870 376 905; x_wconf 75' lang='grc' dir='ltr'>ὁμολογεῖ</span> <span class='ocrx_word' id='word_1_137' title='bbox 389 868 494 904; x_wconf 84' lang='grc' dir='ltr'>Ἰησοῦν</span> <span class='ocrx_word' id='word_1_138' title='bbox 512 868 628 904; x_wconf 75' lang='grc' dir='ltr'>Χριστὸν</span> <span class='ocrx_word' id='word_1_139' title='bbox 646 868 674 893; x_wconf 83' lang='grc' dir='ltr'><strong>ἐν</strong></span> <span class='ocrx_word' id='word_1_140' title='bbox 689 867 770 902; x_wconf 80' lang='grc' dir='ltr'>σαρκὶ</span> <span class='ocrx_word' id='word_1_141' title='bbox 785 865 879 900; x_wconf 75' lang='grc' dir='ltr'>ἐληλυ-</span> 
     </span>
    </p>
   </div>
   <div class='ocr_carea' id='block_1_20' title="bbox 92 912 882 949">
    <p class='ocr_par' dir='ltr' id='par_1_20' title="bbox 92 912 882 949">
     <span class='ocr_line' id='line_1_20' title="bbox 92 912 882 949; baseline -0.008 -6"><span class='ocrx_word' id='word_1_142' title='bbox 92 916 174 949; x_wconf 61' lang='grc' dir='ltr'>θότα,</span> <span class='ocrx_word' id='word_1_143' title='bbox 187 917 219 942; x_wconf 81' lang='grc' dir='ltr'><strong>ὲκ</strong></span> <span class='ocrx_word' id='word_1_144' title='bbox 233 916 279 942; x_wconf 84' lang='grc' dir='ltr'><strong>τοῦ</strong></span> <span class='ocrx_word' id='word_1_145' title='bbox 295 915 361 942; x_wconf 83' lang='grc' dir='ltr'>Θεοῦ</span> <span class='ocrx_word' id='word_1_146' title='bbox 379 916 452 941; x_wconf 81' lang='grc' dir='ltr'>ἐστι·</span> <span class='ocrx_word' id='word_1_147' title='bbox 469 915 516 941; x_wconf 74' lang='grc' dir='ltr'><strong>καὶ</strong></span> <span class='ocrx_word' id='word_1_148' title='bbox 533 915 586 940; x_wconf 81' lang='grc' dir='ltr'><strong>πᾶν</strong></span> <span class='ocrx_word' id='word_1_149' title='bbox 602 913 719 948; x_wconf 78' lang='grc' dir='ltr'>πνεῦμα,</span> <span class='ocrx_word' id='word_1_150' title='bbox 740 912 754 938; x_wconf 79' lang='grc' dir='ltr'><strong>ὃ</strong></span> <span class='ocrx_word' id='word_1_151' title='bbox 769 912 806 948; x_wconf 82' lang='grc' dir='ltr'><strong>μὴ</strong></span> <span class='ocrx_word' id='word_1_152' title='bbox 821 913 882 945; x_wconf 83' lang='grc' dir='ltr'>ὁμο-</span> 
     </span>
    </p>
   </div>
   <div class='ocr_carea' id='block_1_21' title="bbox 96 957 883 998">
    <p class='ocr_par' dir='ltr' id='par_1_21' title="bbox 96 957 883 998">
     <span class='ocr_line' id='line_1_21' title="bbox 96 957 883 998; baseline -0.008 -9"><span class='ocrx_word' id='word_1_153' title='bbox 96 962 173 996; x_wconf 69' lang='grc' dir='ltr'>λογεῖ</span> <span class='ocrx_word' id='word_1_154' title='bbox 192 962 238 989; x_wconf 84' lang='grc' dir='ltr'><strong>τὸν</strong></span> <span class='ocrx_word' id='word_1_155' title='bbox 258 962 369 998; x_wconf 72' lang='grc' dir='ltr'>Ἰησοῦν,</span> <span class='ocrx_word' id='word_1_156' title='bbox 385 962 416 988; x_wconf 81' lang='grc' dir='ltr'><strong>ὲκ</strong></span> <span class='ocrx_word' id='word_1_157' title='bbox 432 961 478 987; x_wconf 82' lang='grc' dir='ltr'><strong>τοῦ</strong></span> <span class='ocrx_word' id='word_1_158' title='bbox 497 959 564 986; x_wconf 81' lang='grc' dir='ltr'>Θεοῦ</span> <span class='ocrx_word' id='word_1_159' title='bbox 584 960 633 986; x_wconf 70' lang='grc' dir='ltr'>οὐκ</span> <span class='ocrx_word' id='word_1_160' title='bbox 649 959 724 985; x_wconf 74' lang='grc' dir='ltr'>ἔστι·</span> <span class='ocrx_word' id='word_1_161' title='bbox 741 958 788 985; x_wconf 72' lang='grc' dir='ltr'><strong>καὶ</strong></span> <span class='ocrx_word' id='word_1_162' title='bbox 804 957 883 984; x_wconf 77' lang='grc' dir='ltr'>τοῦτῆ</span> 
     </span>
    </p>
   </div>
   <div class='ocr_carea' id='block_1_22' title="bbox 98 1003 884 1043">
    <p class='ocr_par' dir='ltr' id='par_1_22' title="bbox 98 1003 884 1043">
     <span class='ocr_line' id='line_1_22' title="bbox 98 1003 884 1043; baseline -0.008 -8"><span class='ocrx_word' id='word_1_163' title='bbox 98 1009 157 1035; x_wconf 82' lang='grc' dir='ltr'>ἐστι</span> <span class='ocrx_word' id='word_1_164' title='bbox 168 1009 198 1034; x_wconf 80' lang='grc' dir='ltr'><strong>τὸ</strong></span> <span class='ocrx_word' id='word_1_165' title='bbox 211 1008 258 1034; x_wconf 79' lang='grc' dir='ltr'><strong>τοῦ</strong></span> <span class='ocrx_word' id='word_1_166' title='bbox 274 1007 490 1043; x_wconf 72' lang='grc' dir='ltr'>Ἀντιχρίστου,ὃ</span> <span class='ocrx_word' id='word_1_167' title='bbox 504 1006 641 1041; x_wconf 80' lang='grc' dir='ltr'><strong>ἀκηκόατε</strong></span> <span class='ocrx_word' id='word_1_168' title='bbox 652 1006 692 1032; x_wconf 87' lang='grc' dir='ltr'>ὃτι</span> <span class='ocrx_word' id='word_1_169' title='bbox 706 1004 824 1040; x_wconf 79' lang='grc' dir='ltr'>ἔρχεται,</span> <span class='ocrx_word' id='word_1_170' title='bbox 837 1003 884 1029; x_wconf 80' lang='grc' dir='ltr'><strong>καὶ</strong></span> 
     </span>
    </p>
   </div>
   <div class='ocr_carea' id='block_1_23' title="bbox 99 1050 884 1089">
    <p class='ocr_par' dir='ltr' id='par_1_23' title="bbox 99 1050 884 1089">
     <span class='ocr_line' id='line_1_23' title="bbox 99 1050 884 1089; baseline -0.008 -8"><span class='ocrx_word' id='word_1_171' title='bbox 99 1055 147 1081; x_wconf 84' lang='grc' dir='ltr'><strong>νῦν</strong></span> <span class='ocrx_word' id='word_1_172' title='bbox 163 1056 191 1081; x_wconf 77' lang='grc' dir='ltr'>ὲν</span> <span class='ocrx_word' id='word_1_173' title='bbox 206 1054 245 1089; x_wconf 80' lang='grc' dir='ltr'>τῷ</span> <span class='ocrx_word' id='word_1_174' title='bbox 260 1054 354 1089; x_wconf 80' lang='grc' dir='ltr'>κόσμῳ</span> <span class='ocrx_word' id='word_1_175' title='bbox 372 1054 445 1080; x_wconf 73' lang='grc' dir='ltr'>ἐστὶν</span> <span class='ocrx_word' id='word_1_176' title='bbox 459 1053 519 1089; x_wconf 72' lang='grc' dir='ltr'><strong>ἤδη.</strong></span> <span class='ocrx_word' id='word_1_177' title='bbox 534 1061 543 1077; x_wconf 76' lang='grc' dir='ltr'><strong>ι</strong></span> <span class='ocrx_word' id='word_1_178' title='bbox 563 1050 762 1087; x_wconf 81' lang='grc' dir='ltr'>Ὀμολογοῦμεν</span> <span class='ocrx_word' id='word_1_179' title='bbox 774 1050 818 1076; x_wconf 81' lang='grc' dir='ltr'><strong>τὸν</strong></span> <span class='ocrx_word' id='word_1_180' title='bbox 832 1050 884 1083; x_wconf 82' lang='grc' dir='ltr'><strong>Ἰη-</strong></span> 
     </span>
    </p>
   </div>
   <div class='ocr_carea' id='block_1_24' title="bbox 100 1096 883 1137">
    <p class='ocr_par' dir='ltr' id='par_1_24' title="bbox 100 1096 883 1137">
     <span class='ocr_line' id='line_1_24' title="bbox 100 1096 883 1137; baseline -0.006 -10"><span class='ocrx_word' id='word_1_181' title='bbox 100 1100 165 1127; x_wconf 82' lang='grc' dir='ltr'>σοῦν</span> <span class='ocrx_word' id='word_1_182' title='bbox 179 1100 233 1137; x_wconf 79' lang='grc' dir='ltr'>ἄρα</span> <span class='ocrx_word' id='word_1_183' title='bbox 251 1099 288 1131; x_wconf 79' lang='grc' dir='ltr'><strong>ὡς</strong></span> <span class='ocrx_word' id='word_1_184' title='bbox 308 1099 461 1135; x_wconf 78' lang='grc' dir='ltr'>ἄνθρωπον,</span> <span class='ocrx_word' id='word_1_185' title='bbox 477 1098 524 1124; x_wconf 76' lang='grc' dir='ltr'>καὶ</span> <span class='ocrx_word' id='word_1_186' title='bbox 537 1097 592 1124; x_wconf 85' lang='grc' dir='ltr'>τῶν</span> <span class='ocrx_word' id='word_1_187' title='bbox 612 1097 675 1124; x_wconf 76' lang='grc' dir='ltr'>καθ’</span> <span class='ocrx_word' id='word_1_188' title='bbox 690 1097 764 1132; x_wconf 76' lang='grc' dir='ltr'><strong>ἡμᾶς</strong></span> <span class='ocrx_word' id='word_1_189' title='bbox 777 1096 846 1128; x_wconf 64' lang='lat' dir='ltr'><strong>Eva;</strong></span> <span class='ocrx_word' id='word_1_190' title='bbox 867 1096 883 1131; x_wconf 85' lang='grc' dir='ltr'><strong>ἢ</strong></span> 
     </span>
    </p>
   </div>
   <div class='ocr_carea' id='block_1_25' title="bbox 102 1141 885 1180">
    <p class='ocr_par' dir='ltr' id='par_1_25' title="bbox 102 1141 885 1180">
     <span class='ocr_line' id='line_1_25' title="bbox 102 1141 885 1180; baseline -0.008 -7"><span class='ocrx_word' id='word_1_191' title='bbox 102 1146 203 1180; x_wconf 80' lang='grc' dir='ltr'>μᾶλλον</span> <span class='ocrx_word' id='word_1_192' title='bbox 217 1146 257 1173; x_wconf 81' lang='grc' dir='ltr'>ὅτι</span> <span class='ocrx_word' id='word_1_193' title='bbox 270 1145 335 1177; x_wconf 86' lang='grc' dir='ltr'>Θεὸς</span> <span class='ocrx_word' id='word_1_194' title='bbox 349 1145 386 1171; x_wconf 81' lang='grc' dir='ltr'><strong>ὢν</strong></span> <span class='ocrx_word' id='word_1_195' title='bbox 405 1145 419 1171; x_wconf 88' lang='grc' dir='ltr'><strong>ό</strong></span> <span class='ocrx_word' id='word_1_196' title='bbox 440 1144 536 1179; x_wconf 86' lang='grc' dir='ltr'><strong>Λόγος,</strong></span> <span class='ocrx_word' id='word_1_197' title='bbox 556 1143 651 1178; x_wconf 87' lang='grc' dir='ltr'>γέγονε</span> <span class='ocrx_word' id='word_1_198' title='bbox 666 1142 735 1178; x_wconf 76' lang='grc' dir='ltr'>σὰρξ</span> <span class='ocrx_word' id='word_1_199' title='bbox 744 1163 750 1174; x_wconf 92' lang='grc'><strong>,</strong></span> <span class='ocrx_word' id='word_1_200' title='bbox 766 1142 816 1168; x_wconf 79' lang='grc' dir='ltr'><strong>οὐκ</strong></span> <span class='ocrx_word' id='word_1_201' title='bbox 830 1141 885 1167; x_wconf 77' lang='grc' dir='ltr'>ὀλι-</span> 
     </span>
    </p>
   </div>
   <div class='ocr_carea' id='block_1_26' title="bbox 100 1187 885 1227">
    <p class='ocr_par' dir='ltr' id='par_1_26' title="bbox 100 1187 885 1227">
     <span class='ocr_line' id='line_1_26' title="bbox 100 1187 885 1227; baseline -0.008 -9"><span class='ocrx_word' id='word_1_202' title='bbox 100 1192 230 1227; x_wconf 81' lang='grc' dir='ltr'>γωρήσας</span> <span class='ocrx_word' id='word_1_203' title='bbox 247 1190 292 1217; x_wconf 82' lang='grc' dir='ltr'><strong>τοῦ</strong></span> <span class='ocrx_word' id='word_1_204' title='bbox 312 1188 380 1217; x_wconf 82' lang='grc' dir='ltr'>εἶναι</span> <span class='ocrx_word' id='word_1_205' title='bbox 391 1190 467 1222; x_wconf 86' lang='grc' dir='ltr'>Θεὸς,</span> <span class='ocrx_word' id='word_1_206' title='bbox 484 1188 646 1225; x_wconf 85' lang='grc' dir='ltr'>μεμενηκὼς</span> <span class='ocrx_word' id='word_1_207' title='bbox 661 1188 689 1214; x_wconf 73' lang='grc' dir='ltr'><strong>δὲ</strong></span> <span class='ocrx_word' id='word_1_208' title='bbox 706 1188 805 1223; x_wconf 80' lang='grc' dir='ltr'>μᾶλλον</span> <span class='ocrx_word' id='word_1_209' title='bbox 817 1187 885 1222; x_wconf 81' lang='grc' dir='ltr'>ὅπερ</span> 
     </span>
    </p>
   </div>
   <div class='ocr_carea' id='block_1_27' title="bbox 101 1233 886 1272">
    <p class='ocr_par' dir='ltr' id='par_1_27' title="bbox 101 1233 886 1272">
     <span class='ocr_line' id='line_1_27' title="bbox 101 1233 886 1272; baseline -0.006 -9"><span class='ocrx_word' id='word_1_210' title='bbox 101 1235 147 1272; x_wconf 75' lang='grc' dir='ltr'>ἦν,</span> <span class='ocrx_word' id='word_1_211' title='bbox 167 1236 214 1263; x_wconf 83' lang='grc' dir='ltr'><strong>καὶ</strong></span> <span class='ocrx_word' id='word_1_212' title='bbox 226 1237 250 1262; x_wconf 84' lang='grc' dir='ltr'><strong>εί</strong></span> <span class='ocrx_word' id='word_1_213' title='bbox 266 1236 376 1270; x_wconf 84' lang='grc' dir='ltr'>γέγονεν</span> <span class='ocrx_word' id='word_1_214' title='bbox 387 1235 549 1270; x_wconf 71' lang='grc' dir='ltr'>ἄνθρωποςς</span> <span class='ocrx_word' id='word_1_215' title='bbox 569 1234 649 1260; x_wconf 83' lang='grc' dir='ltr'>Ἀλλὰ</span> <span class='ocrx_word' id='word_1_216' title='bbox 663 1233 733 1260; x_wconf 81' lang='grc' dir='ltr'>τοῦτ’</span> <span class='ocrx_word' id='word_1_217' title='bbox 749 1233 822 1259; x_wconf 84' lang='grc' dir='ltr'>ἔστιν</span> <span class='ocrx_word' id='word_1_218' title='bbox 837 1233 886 1259; x_wconf 74' lang='grc' dir='ltr'><strong>οὐκ</strong></span> 
     </span>
    </p>
   </div>
   <div class='ocr_carea' id='block_1_28' title="bbox 102 1277 887 1317">
    <p class='ocr_par' dir='ltr' id='par_1_28' title="bbox 102 1277 887 1317">
     <span class='ocr_line' id='line_1_28' title="bbox 102 1277 887 1317; baseline -0.006 -8"><span class='ocrx_word' id='word_1_219' title='bbox 102 1282 261 1317; x_wconf 72' lang='grc' dir='ltr'>ἀμφίϐολον.</span> <span class='ocrx_word' id='word_1_220' title='bbox 281 1282 309 1309; x_wconf 92' lang='lat'><strong>&#39;0</strong></span> <span class='ocrx_word' id='word_1_221' title='bbox 332 1281 422 1308; x_wconf 79' lang='grc' dir='ltr'>τοίνυν</span> <span class='ocrx_word' id='word_1_222' title='bbox 446 1281 477 1307; x_wconf 80' lang='grc' dir='ltr'>οὐ</span> <span class='ocrx_word' id='word_1_223' title='bbox 501 1280 588 1315; x_wconf 88' lang='grc' dir='ltr'>λέγων</span> <span class='ocrx_word' id='word_1_224' title='bbox 602 1280 668 1306; x_wconf 83' lang='grc' dir='ltr'>Θεὸν</span> <span class='ocrx_word' id='word_1_225' title='bbox 688 1277 758 1306; x_wconf 78' lang='grc' dir='ltr'>εἶναι</span> <span class='ocrx_word' id='word_1_226' title='bbox 779 1279 887 1314; x_wconf 80' lang='grc' dir='ltr'><strong>ἀληθῶς</strong></span> 
     </span>
    </p>
   </div>
   <div class='ocr_carea' id='block_1_29' title="bbox 101 1324 887 1362">
    <p class='ocr_par' dir='ltr' id='par_1_29' title="bbox 101 1324 887 1362">
     <span class='ocr_line' id='line_1_29' title="bbox 101 1324 887 1362; baseline -0.005 -8"><span class='ocrx_word' id='word_1_227' title='bbox 101 1328 148 1354; x_wconf 70' lang='grc' dir='ltr'><strong>τὸν</strong></span> <span class='ocrx_word' id='word_1_228' title='bbox 173 1327 299 1362; x_wconf 79' lang='grc' dir='ltr'>Χριστὸν,</span> <span class='ocrx_word' id='word_1_229' title='bbox 323 1326 435 1361; x_wconf 86' lang='grc' dir='ltr'>διαιρῶν</span> <span class='ocrx_word' id='word_1_230' title='bbox 460 1326 488 1352; x_wconf 75' lang='grc' dir='ltr'><strong>δὲ</strong></span> <span class='ocrx_word' id='word_1_231' title='bbox 514 1326 560 1352; x_wconf 78' lang='grc' dir='ltr'>καὶ</span> <span class='ocrx_word' id='word_1_232' title='bbox 582 1324 812 1360; x_wconf 68' lang='grc' dir='ltr'>κατασμικρύνων</span> <span class='ocrx_word' id='word_1_233' title='bbox 839 1324 887 1359; x_wconf 76' lang='grc' dir='ltr'>τὴν</span> 
     </span>
    </p>
   </div>
   <div class='ocr_carea' id='block_1_30' title="bbox 103 1370 888 1407">
    <p class='ocr_par' dir='ltr' id='par_1_30' title="bbox 103 1370 888 1407">
     <span class='ocr_line' id='line_1_30' title="bbox 103 1370 888 1407; baseline -0.005 -7"><span class='ocrx_word' id='word_1_234' title='bbox 103 1373 182 1406; x_wconf 67' lang='grc' dir='ltr'>δόξαν</span> <span class='ocrx_word' id='word_1_235' title='bbox 213 1373 310 1407; x_wconf 75' lang='grc' dir='ltr'>αὐτοῦ,</span> <span class='ocrx_word' id='word_1_236' title='bbox 334 1373 365 1399; x_wconf 85' lang='grc' dir='ltr'><strong>τὸ</strong></span> <span class='ocrx_word' id='word_1_237' title='bbox 394 1372 442 1399; x_wconf 88' lang='grc' dir='ltr'><strong>τοῦ</strong></span> <span class='ocrx_word' id='word_1_238' title='bbox 471 1371 655 1407; x_wconf 75' lang='grc' dir='ltr'>Ἀντιχρίστου</span> <span class='ocrx_word' id='word_1_239' title='bbox 680 1371 790 1406; x_wconf 79' lang='grc' dir='ltr'>πνεῦμα</span> <span class='ocrx_word' id='word_1_240' title='bbox 819 1370 888 1406; x_wconf 78' lang='grc' dir='ltr'>ἔχων</span> 
     </span>
    </p>
   </div>
   <div class='ocr_carea' id='block_1_31' title="bbox 107 1419 254 1446">
    <p class='ocr_par' dir='ltr' id='par_1_31' title="bbox 107 1419 254 1446">
     <span class='ocr_line' id='line_1_31' title="bbox 107 1419 254 1446; baseline -0.007 0"><span class='ocrx_word' id='word_1_241' title='bbox 107 1419 254 1446; x_wconf 72' lang='grc' dir='ltr'>ἁλώσεται.</span> 
     </span>
    </p>
   </div>
   <div class='ocr_carea' id='block_1_32' title="bbox 143 1460 890 1500">
    <p class='ocr_par' dir='ltr' id='par_1_32' title="bbox 143 1460 890 1500">
     <span class='ocr_line' id='line_1_32' title="bbox 143 1460 890 1500; baseline -0.005 -10"><span class='ocrx_word' id='word_1_242' title='bbox 143 1475 153 1490; x_wconf 72' lang='grc' dir='ltr'><strong>ι</strong></span> <span class='ocrx_word' id='word_1_243' title='bbox 169 1466 224 1492; x_wconf 73' lang='grc' dir='ltr'><strong>Καὶ</strong></span> <span class='ocrx_word' id='word_1_244' title='bbox 236 1466 316 1500; x_wconf 80' lang='grc' dir='ltr'>ἡμεῖς</span> <span class='ocrx_word' id='word_1_245' title='bbox 334 1463 516 1499; x_wconf 70' lang='grc' dir='ltr'>ἐθεασάμεθα,</span> <span class='ocrx_word' id='word_1_246' title='bbox 542 1462 590 1490; x_wconf 71' lang='grc' dir='ltr'><strong>καὶ</strong></span> <span class='ocrx_word' id='word_1_247' title='bbox 609 1461 800 1498; x_wconf 74' lang='grc' dir='ltr'>μαρτυροῦμεν</span> <span class='ocrx_word' id='word_1_248' title='bbox 821 1460 861 1487; x_wconf 82' lang='grc' dir='ltr'>ὅτι</span> <span class='ocrx_word' id='word_1_249' title='bbox 876 1460 890 1486; x_wconf 83' lang='grc' dir='ltr'>ὁ</span> 
     </span>
    </p>
   </div>
   <div class='ocr_carea' id='block_1_33' title="bbox 106 1507 890 1546">
    <p class='ocr_par' dir='ltr' id='par_1_33' title="bbox 106 1507 890 1546">
     <span class='ocr_line' id='line_1_33' title="bbox 106 1507 890 1546; baseline -0.008 -8"><span class='ocrx_word' id='word_1_250' title='bbox 106 1511 202 1546; x_wconf 72' lang='grc' dir='ltr'>Πατὴρ</span> <span class='ocrx_word' id='word_1_251' title='bbox 217 1510 371 1537; x_wconf 78' lang='grc' dir='ltr'>ἀπέσταλκε</span> <span class='ocrx_word' id='word_1_252' title='bbox 385 1509 430 1536; x_wconf 88' lang='grc' dir='ltr'><strong>τὸν</strong></span> <span class='ocrx_word' id='word_1_253' title='bbox 442 1509 506 1535; x_wconf 87' lang='grc' dir='ltr'>Υἱὸν</span> <span class='ocrx_word' id='word_1_254' title='bbox 520 1509 633 1543; x_wconf 80' lang='grc' dir='ltr'>Σωτῆρα</span> <span class='ocrx_word' id='word_1_255' title='bbox 646 1507 694 1534; x_wconf 68' lang='grc' dir='ltr'><strong>τοῦ</strong></span> <span class='ocrx_word' id='word_1_256' title='bbox 712 1508 826 1542; x_wconf 69' lang='grc' dir='ltr'>κόσμου.</span> <span class='ocrx_word' id='word_1_257' title='bbox 842 1507 890 1538; x_wconf 84' lang='grc' dir='ltr'><strong>Ὃς</strong></span> 
     </span>
    </p>
   </div>
   <div class='ocr_carea' id='block_1_34' title="bbox 930 253 1716 286">
    <p class='ocr_par' dir='ltr' id='par_1_34' title="bbox 930 253 1716 286">
     <span class='ocr_line' id='line_1_34' title="bbox 930 253 1716 286; baseline -0.003 -6"><span class='ocrx_word' id='word_1_258' title='bbox 930 254 1014 281; x_wconf 82' lang='lat' dir='ltr'><strong>credit</strong></span> <span class='ocrx_word' id='word_1_259' title='bbox 1030 254 1056 281; x_wconf 91' lang='lat' dir='ltr'><strong>in</strong></span> <span class='ocrx_word' id='word_1_260' title='bbox 1073 262 1125 286; x_wconf 89' lang='lat' dir='ltr'><strong>mc,</strong></span> <span class='ocrx_word' id='word_1_261' title='bbox 1141 254 1220 281; x_wconf 81' lang='lat' dir='ltr'><strong>habet</strong></span> <span class='ocrx_word' id='word_1_262' title='bbox 1244 254 1326 280; x_wconf 90' lang='lat' dir='ltr'><strong>vitam</strong></span> <span class='ocrx_word' id='word_1_263' title='bbox 1349 253 1521 280; x_wconf 70' lang='lat' dir='ltr'><strong>mter-nam&quot;.</strong></span> <span class='ocrx_word' id='word_1_264' title='bbox 1540 263 1548 278; x_wconf 78' lang='grc' dir='ltr'><strong>ι</strong></span> <span class='ocrx_word' id='word_1_265' title='bbox 1565 253 1630 280; x_wconf 77' lang='lat' dir='ltr'><strong>Cum</strong></span> <span class='ocrx_word' id='word_1_266' title='bbox 1652 261 1716 286; x_wconf 75' lang='lat' dir='ltr'><strong>ergo</strong></span> 
     </span>
    </p>
   </div>
   <div class='ocr_carea' id='block_1_35' title="bbox 931 298 1715 332">
    <p class='ocr_par' dir='ltr' id='par_1_35' title="bbox 931 298 1715 332">
     <span class='ocr_line' id='line_1_35' title="bbox 931 298 1715 332; baseline -0.005 -5"><span class='ocrx_word' id='word_1_267' title='bbox 931 300 996 327; x_wconf 89' lang='lat' dir='ltr'><strong>ﬁdes</strong></span> <span class='ocrx_word' id='word_1_268' title='bbox 1016 299 1041 326; x_wconf 92' lang='lat' dir='ltr'><strong>in</strong></span> <span class='ocrx_word' id='word_1_269' title='bbox 1066 298 1150 326; x_wconf 87' lang='lat' dir='ltr'><strong>Deum</strong></span> <span class='ocrx_word' id='word_1_270' title='bbox 1173 300 1286 332; x_wconf 79' lang='lat' dir='ltr'><strong>feratur,</strong></span> <span class='ocrx_word' id='word_1_271' title='bbox 1308 305 1333 326; x_wconf 92' lang='lat' dir='ltr'><strong>ct</strong></span> <span class='ocrx_word' id='word_1_272' title='bbox 1356 300 1491 331; x_wconf 74' lang='lat' dir='ltr'><strong>Christus,</strong></span> <span class='ocrx_word' id='word_1_273' title='bbox 1509 309 1518 324; x_wconf 75' lang='grc' dir='ltr'><strong>ι</strong></span> <span class='ocrx_word' id='word_1_274' title='bbox 1540 299 1568 326; x_wconf 92' lang='lat' dir='ltr'><strong>In</strong></span> <span class='ocrx_word' id='word_1_275' title='bbox 1595 307 1636 325; x_wconf 85' lang='lat' dir='ltr'><strong>me</strong></span> <span class='ocrx_word' id='word_1_276' title='bbox 1652 307 1715 325; x_wconf 78' lang='lat' dir='ltr'><strong>cre-</strong></span> 
     </span>
    </p>
   </div>
   <div class='ocr_carea' id='block_1_36' title="bbox 929 344 1714 379">
    <p class='ocr_par' dir='ltr' id='par_1_36' title="bbox 929 344 1714 379">
     <span class='ocr_line' id='line_1_36' title="bbox 929 344 1714 379; baseline -0.001 -8"><span class='ocrx_word' id='word_1_277' title='bbox 929 345 994 376; x_wconf 84' lang='lat' dir='ltr'><strong>dite,</strong></span> <span class='ocrx_word' id='word_1_278' title='bbox 1014 355 1022 370; x_wconf 82' lang='grc' dir='ltr'><strong>ι</strong></span> <span class='ocrx_word' id='word_1_279' title='bbox 1036 344 1108 371; x_wconf 80' lang='lat' dir='ltr'><strong>dicat</strong></span> <span class='ocrx_word' id='word_1_280' title='bbox 1120 355 1126 372; x_wconf 90' lang='lat'>:</span> <span class='ocrx_word' id='word_1_281' title='bbox 1138 345 1273 379; x_wconf 85' lang='lat' dir='ltr'><strong>quomodo</strong></span> <span class='ocrx_word' id='word_1_282' title='bbox 1290 345 1397 379; x_wconf 76' lang='lat' dir='ltr'><strong>planum</strong></span> <span class='ocrx_word' id='word_1_283' title='bbox 1416 354 1467 371; x_wconf 90' lang='lat' dir='ltr'><strong>non</strong></span> <span class='ocrx_word' id='word_1_284' title='bbox 1482 350 1533 377; x_wconf 75' lang='lat' dir='ltr'><strong>est,</strong></span> <span class='ocrx_word' id='word_1_285' title='bbox 1553 345 1638 379; x_wconf 82' lang='lat' dir='ltr'><strong>ipsum</strong></span> <span class='ocrx_word' id='word_1_286' title='bbox 1653 351 1714 371; x_wconf 75' lang='lat' dir='ltr'><strong>esse</strong></span> 
     </span>
    </p>
   </div>
   <div class='ocr_carea' id='block_1_37' title="bbox 931 390 1460 425">
    <p class='ocr_par' dir='ltr' id='par_1_37' title="bbox 931 390 1460 425">
     <span class='ocr_line' id='line_1_37' title="bbox 931 390 1460 425; baseline -0.004 -8"><span class='ocrx_word' id='word_1_287' title='bbox 931 390 1034 417; x_wconf 80' lang='lat' dir='ltr'><strong>Deum?</strong></span> <span class='ocrx_word' id='word_1_288' title='bbox 1455 420 1460 425; x_wconf 38' lang='grc' dir='ltr'><strong><em>η</em></strong></span> 
     </span>
    </p>
   </div>
   <div class='ocr_carea' id='block_1_38' title="bbox 1113 443 1540 479">
    <p class='ocr_par' dir='ltr' id='par_1_38' title="bbox 1113 443 1540 479">
     <span class='ocr_line' id='line_1_38' title="bbox 1113 443 1540 479; baseline 0.005 -9"><span class='ocrx_word' id='word_1_289' title='bbox 1113 443 1153 470; x_wconf 75' lang='lat' dir='ltr'><strong>Ex</strong></span> <span class='ocrx_word' id='word_1_290' title='bbox 1171 443 1291 479; x_wconf 74' lang='lat' dir='ltr'><strong>Epistula</strong></span> <span class='ocrx_word' id='word_1_291' title='bbox 1314 445 1398 479; x_wconf 78' lang='lat' dir='ltr'><strong>prima</strong></span> <span class='ocrx_word' id='word_1_292' title='bbox 1418 443 1540 472; x_wconf 77' lang='lat' dir='ltr'><strong>Joannis.</strong></span> 
     </span>
    </p>
   </div>
   <div class='ocr_carea' id='block_1_39' title="bbox 970 501 1714 536">
    <p class='ocr_par' dir='ltr' id='par_1_39' title="bbox 970 501 1714 536">
     <span class='ocr_line' id='line_1_39' title="bbox 970 501 1714 536; baseline -0.004 -7"><span class='ocrx_word' id='word_1_293' title='bbox 970 513 979 528; x_wconf 75' lang='grc' dir='ltr'><strong>ι</strong></span> <span class='ocrx_word' id='word_1_294' title='bbox 1002 503 1033 529; x_wconf 81' lang='lat' dir='ltr'><strong>Et</strong></span> <span class='ocrx_word' id='word_1_295' title='bbox 1056 502 1107 528; x_wconf 92' lang='lat' dir='ltr'><strong>hoc</strong></span> <span class='ocrx_word' id='word_1_296' title='bbox 1132 507 1175 529; x_wconf 87' lang='lat' dir='ltr'><strong>est</strong></span> <span class='ocrx_word' id='word_1_297' title='bbox 1196 502 1351 529; x_wconf 81' lang='lat' dir='ltr'><strong>mandatum</strong></span> <span class='ocrx_word' id='word_1_298' title='bbox 1372 502 1440 536; x_wconf 60' lang='lat' dir='ltr'><strong>ejus.</strong></span> <span class='ocrx_word' id='word_1_299' title='bbox 1463 507 1491 528; x_wconf 88' lang='grc' dir='ltr'><strong>ιιι</strong></span> <span class='ocrx_word' id='word_1_300' title='bbox 1523 502 1665 529; x_wconf 78' lang='lat' dir='ltr'><strong>credamus</strong></span> <span class='ocrx_word' id='word_1_301' title='bbox 1689 501 1714 529; x_wconf 88' lang='lat' dir='ltr'><strong>in</strong></span> 
     </span>
    </p>
   </div>
   <div class='ocr_carea' id='block_1_40' title="bbox 931 547 1717 582">
    <p class='ocr_par' dir='ltr' id='par_1_40' title="bbox 931 547 1717 582">
     <span class='ocr_line' id='line_1_40' title="bbox 931 547 1717 582; baseline 0 -8"><span class='ocrx_word' id='word_1_302' title='bbox 931 549 1041 576; x_wconf 84' lang='lat' dir='ltr'><strong>nomine</strong></span> <span class='ocrx_word' id='word_1_303' title='bbox 1059 547 1119 575; x_wconf 82' lang='lat' dir='ltr'><strong>Filii</strong></span> <span class='ocrx_word' id='word_1_304' title='bbox 1147 547 1205 582; x_wconf 86' lang='lat' dir='ltr'><strong>ejus</strong></span> <span class='ocrx_word' id='word_1_305' title='bbox 1227 547 1290 575; x_wconf 80' lang='lat' dir='ltr'><strong>Jesu</strong></span> <span class='ocrx_word' id='word_1_306' title='bbox 1307 548 1407 575; x_wconf 88' lang='lat' dir='ltr'><strong>Christi</strong></span> <span class='ocrx_word' id='word_1_307' title='bbox 1423 548 1457 574; x_wconf 79' lang='lat'><strong>&quot;.</strong></span> <span class='ocrx_word' id='word_1_308' title='bbox 1475 557 1484 573; x_wconf 82' lang='grc'><strong>›</strong></span> <span class='ocrx_word' id='word_1_309' title='bbox 1498 548 1525 575; x_wconf 87' lang='lat' dir='ltr'><strong>Si</strong></span> <span class='ocrx_word' id='word_1_310' title='bbox 1537 556 1551 574; x_wconf 90' lang='lat' dir='ltr'><strong>a</strong></span> <span class='ocrx_word' id='word_1_311' title='bbox 1568 547 1612 575; x_wconf 87' lang='lat' dir='ltr'><strong>Dei</strong></span> <span class='ocrx_word' id='word_1_312' title='bbox 1628 547 1717 574; x_wconf 81' lang='lat' dir='ltr'><strong>Patris</strong></span> 
     </span>
    </p>
   </div>
   <div class='ocr_carea' id='block_1_41' title="bbox 932 593 1717 628">
    <p class='ocr_par' dir='ltr' id='par_1_41' title="bbox 932 593 1717 628">
     <span class='ocr_line' id='line_1_41' title="bbox 932 593 1717 628; baseline 0.001 -9"><span class='ocrx_word' id='word_1_313' title='bbox 932 595 1070 622; x_wconf 82' lang='lat' dir='ltr'><strong>voluntate</strong></span> <span class='ocrx_word' id='word_1_314' title='bbox 1084 596 1200 622; x_wconf 81' lang='lat' dir='ltr'><strong>aliemun</strong></span> <span class='ocrx_word' id='word_1_315' title='bbox 1217 602 1270 621; x_wconf 89' lang='lat' dir='ltr'><strong>non</strong></span> <span class='ocrx_word' id='word_1_316' title='bbox 1288 599 1340 625; x_wconf 79' lang='lat' dir='ltr'><strong>est,</strong></span> <span class='ocrx_word' id='word_1_317' title='bbox 1357 600 1385 620; x_wconf 89' lang='lat' dir='ltr'><strong>ut</strong></span> <span class='ocrx_word' id='word_1_318' title='bbox 1404 595 1429 620; x_wconf 85' lang='lat' dir='ltr'><strong>in</strong></span> <span class='ocrx_word' id='word_1_319' title='bbox 1456 595 1563 620; x_wconf 84' lang='lat' dir='ltr'><strong>nomine</strong></span> <span class='ocrx_word' id='word_1_320' title='bbox 1586 593 1645 620; x_wconf 84' lang='lat' dir='ltr'><strong>Filii</strong></span> <span class='ocrx_word' id='word_1_321' title='bbox 1659 593 1717 628; x_wconf 82' lang='lat' dir='ltr'><strong>ejus</strong></span> 
     </span>
    </p>
   </div>
   <div class='ocr_carea' id='block_1_42' title="bbox 930 639 1716 672">
    <p class='ocr_par' dir='ltr' id='par_1_42' title="bbox 930 639 1716 672">
     <span class='ocr_line' id='line_1_42' title="bbox 930 639 1716 672; baseline -0.003 -5"><span class='ocrx_word' id='word_1_322' title='bbox 930 639 992 667; x_wconf 74' lang='lat' dir='ltr'><strong>Jr-sn</strong></span> <span class='ocrx_word' id='word_1_323' title='bbox 1009 640 1110 667; x_wconf 89' lang='lat' dir='ltr'><strong>Christi</strong></span> <span class='ocrx_word' id='word_1_324' title='bbox 1144 640 1303 672; x_wconf 85' lang='lat' dir='ltr'><strong>credamus;</strong></span> <span class='ocrx_word' id='word_1_325' title='bbox 1319 640 1340 666; x_wconf 89' lang='lat' dir='ltr'><strong>si</strong></span> <span class='ocrx_word' id='word_1_326' title='bbox 1368 640 1434 666; x_wconf 85' lang='lat' dir='ltr'><strong>ﬁdes</strong></span> <span class='ocrx_word' id='word_1_327' title='bbox 1459 644 1549 666; x_wconf 87' lang='lat' dir='ltr'><strong>nostra</strong></span> <span class='ocrx_word' id='word_1_328' title='bbox 1584 639 1668 666; x_wconf 86' lang='lat' dir='ltr'><strong>tendit</strong></span> <span class='ocrx_word' id='word_1_329' title='bbox 1690 639 1716 665; x_wconf 90' lang='lat' dir='ltr'><strong>in</strong></span> 
     </span>
    </p>
   </div>
   <div class='ocr_carea' id='block_1_43' title="bbox 931 684 1716 720">
    <p class='ocr_par' dir='ltr' id='par_1_43' title="bbox 931 684 1716 720">
     <span class='ocr_line' id='line_1_43' title="bbox 931 684 1716 720; baseline -0.003 -9"><span class='ocrx_word' id='word_1_330' title='bbox 931 693 1003 718; x_wconf 80' lang='lat' dir='ltr'><strong>enin,</strong></span> <span class='ocrx_word' id='word_1_331' title='bbox 1021 693 1071 713; x_wconf 90' lang='lat' dir='ltr'><strong>non</strong></span> <span class='ocrx_word' id='word_1_332' title='bbox 1082 686 1242 720; x_wconf 83' lang='lat' dir='ltr'><strong>tanquamin</strong></span> <span class='ocrx_word' id='word_1_333' title='bbox 1257 684 1389 711; x_wconf 80' lang='lat' dir='ltr'><strong>imminent</strong></span> <span class='ocrx_word' id='word_1_334' title='bbox 1403 684 1512 717; x_wconf 80' lang='lat' dir='ltr'><strong>nmium,</strong></span> <span class='ocrx_word' id='word_1_335' title='bbox 1528 684 1575 711; x_wconf 85' lang='lat' dir='ltr'><strong>sed</strong></span> <span class='ocrx_word' id='word_1_336' title='bbox 1592 689 1716 718; x_wconf 78' lang='lat' dir='ltr'><strong>umquam</strong></span> 
     </span>
    </p>
   </div>
   <div class='ocr_carea' id='block_1_44' title="bbox 932 729 1720 764">
    <p class='ocr_par' dir='ltr' id='par_1_44' title="bbox 932 729 1720 764">
     <span class='ocr_line' id='line_1_44' title="bbox 932 729 1720 764; baseline -0.003 -6"><span class='ocrx_word' id='word_1_337' title='bbox 932 731 958 758; x_wconf 86' lang='lat' dir='ltr'><strong>in</strong></span> <span class='ocrx_word' id='word_1_338' title='bbox 980 731 1063 758; x_wconf 84' lang='lat' dir='ltr'><strong>Deum</strong></span> <span class='ocrx_word' id='word_1_339' title='bbox 1084 733 1172 759; x_wconf 91' lang='lat' dir='ltr'><strong>vivum</strong></span> <span class='ocrx_word' id='word_1_340' title='bbox 1189 736 1216 758; x_wconf 86' lang='lat' dir='ltr'><strong>et</strong></span> <span class='ocrx_word' id='word_1_341' title='bbox 1235 739 1338 762; x_wconf 76' lang='lat' dir='ltr'><strong>verum,</strong></span> <span class='ocrx_word' id='word_1_342' title='bbox 1352 730 1464 758; x_wconf 76' lang='lat' dir='ltr'><strong>evidens</strong></span> <span class='ocrx_word' id='word_1_343' title='bbox 1486 729 1607 764; x_wconf 81' lang='lat' dir='ltr'><strong>profecto</strong></span> <span class='ocrx_word' id='word_1_344' title='bbox 1628 730 1720 756; x_wconf 84' lang='lat' dir='ltr'><strong>evadit</strong></span> 
     </span>
    </p>
   </div>
   <div class='ocr_carea' id='block_1_45' title="bbox 932 777 1245 805">
    <p class='ocr_par' dir='ltr' id='par_1_45' title="bbox 932 777 1245 805">
     <span class='ocr_line' id='line_1_45' title="bbox 932 777 1245 805; baseline -0.006 -1"><span class='ocrx_word' id='word_1_345' title='bbox 932 777 1068 804; x_wconf 74' lang='lat' dir='ltr'><strong>Christum</strong></span> <span class='ocrx_word' id='word_1_346' title='bbox 1081 786 1139 805; x_wconf 83' lang='lat' dir='ltr'><strong>esse</strong></span> <span class='ocrx_word' id='word_1_347' title='bbox 1152 779 1245 805; x_wconf 87' lang='lat' dir='ltr'><strong>Demn.</strong></span> 
     </span>
    </p>
   </div>
   <div class='ocr_carea' id='block_1_46' title="bbox 969 821 1718 859">
    <p class='ocr_par' dir='ltr' id='par_1_46' title="bbox 969 821 1718 859">
     <span class='ocr_line' id='line_1_46' title="bbox 969 821 1718 859; baseline -0.003 -9"><span class='ocrx_word' id='word_1_348' title='bbox 969 833 978 849; x_wconf 85' lang='grc'><em>‹</em></span> <span class='ocrx_word' id='word_1_349' title='bbox 996 823 1023 850; x_wconf 88' lang='lat' dir='ltr'><strong>In</strong></span> <span class='ocrx_word' id='word_1_350' title='bbox 1041 824 1090 850; x_wconf 89' lang='lat' dir='ltr'><strong>hoc</strong></span> <span class='ocrx_word' id='word_1_351' title='bbox 1101 824 1271 859; x_wconf 77' lang='lat' dir='ltr'><strong>cognoscitur</strong></span> <span class='ocrx_word' id='word_1_352' title='bbox 1284 823 1402 856; x_wconf 73' lang='lat' dir='ltr'><strong>Spiritus</strong></span> <span class='ocrx_word' id='word_1_353' title='bbox 1415 822 1459 849; x_wconf 87' lang='lat' dir='ltr'><strong>Dei</strong></span> <span class='ocrx_word' id='word_1_354' title='bbox 1472 831 1478 848; x_wconf 90' lang='lat'>:</span> <span class='ocrx_word' id='word_1_355' title='bbox 1493 821 1582 848; x_wconf 90' lang='lat' dir='ltr'><strong>omnis</strong></span> <span class='ocrx_word' id='word_1_356' title='bbox 1598 821 1718 856; x_wconf 81' lang='lat' dir='ltr'><strong>spiritus.</strong></span> 
     </span>
    </p>
   </div>
   <div class='ocr_carea' id='block_1_47' title="bbox 899 867 1718 910">
    <p class='ocr_par' dir='ltr' id='par_1_47' title="bbox 899 867 1718 910">
     <span class='ocr_line' id='line_1_47' title="bbox 899 867 1718 910; baseline -0.001 -16"><span class='ocrx_word' id='word_1_357' title='bbox 899 882 918 910; x_wconf 67' lang='grc' dir='ltr'><strong><em>Β</em></strong></span> <span class='ocrx_word' id='word_1_358' title='bbox 933 869 978 902; x_wconf 88' lang='lat' dir='ltr'><strong>qui</strong></span> <span class='ocrx_word' id='word_1_359' title='bbox 994 870 1137 896; x_wconf 89' lang='lat' dir='ltr'><strong>conﬁtetur</strong></span> <span class='ocrx_word' id='word_1_360' title='bbox 1148 869 1240 896; x_wconf 81' lang='lat' dir='ltr'><strong>Jesttm</strong></span> <span class='ocrx_word' id='word_1_361' title='bbox 1252 868 1389 895; x_wconf 81' lang='lat' dir='ltr'><strong>Christum</strong></span> <span class='ocrx_word' id='word_1_362' title='bbox 1407 867 1433 894; x_wconf 92' lang='lat' dir='ltr'><strong>in</strong></span> <span class='ocrx_word' id='word_1_363' title='bbox 1448 875 1529 894; x_wconf 88' lang='lat' dir='ltr'><strong>carne</strong></span> <span class='ocrx_word' id='word_1_364' title='bbox 1553 867 1671 898; x_wconf 83' lang='lat' dir='ltr'><strong>venisse.</strong></span> <span class='ocrx_word' id='word_1_365' title='bbox 1683 874 1718 893; x_wconf 76' lang='lat' dir='ltr'><strong>ex</strong></span> 
     </span>
    </p>
   </div>
   <div class='ocr_carea' id='block_1_48' title="bbox 934 914 1718 949">
    <p class='ocr_par' dir='ltr' id='par_1_48' title="bbox 934 914 1718 949">
     <span class='ocr_line' id='line_1_48' title="bbox 934 914 1718 949; baseline -0.001 -8"><span class='ocrx_word' id='word_1_366' title='bbox 934 915 987 942; x_wconf 91' lang='lat' dir='ltr'><strong>Dco</strong></span> <span class='ocrx_word' id='word_1_367' title='bbox 996 920 1035 942; x_wconf 85' lang='lat' dir='ltr'><strong>est</strong></span> <span class='ocrx_word' id='word_1_368' title='bbox 1050 924 1057 943; x_wconf 88' lang='lat'><strong>:</strong></span> <span class='ocrx_word' id='word_1_369' title='bbox 1074 915 1197 942; x_wconf 77' lang='lat' dir='ltr'><strong>etotnnis</strong></span> <span class='ocrx_word' id='word_1_370' title='bbox 1219 915 1331 949; x_wconf 87' lang='lat' dir='ltr'><strong>spiritus</strong></span> <span class='ocrx_word' id='word_1_371' title='bbox 1351 915 1397 948; x_wconf 85' lang='lat' dir='ltr'><strong>qui</strong></span> <span class='ocrx_word' id='word_1_372' title='bbox 1411 914 1490 941; x_wconf 87' lang='lat' dir='ltr'><strong>solvit</strong></span> <span class='ocrx_word' id='word_1_373' title='bbox 1502 914 1604 945; x_wconf 80' lang='lat' dir='ltr'><strong>Jesum,</strong></span> <span class='ocrx_word' id='word_1_374' title='bbox 1618 922 1650 940; x_wconf 81' lang='lat' dir='ltr'><strong>ex</strong></span> <span class='ocrx_word' id='word_1_375' title='bbox 1665 915 1718 940; x_wconf 87' lang='lat' dir='ltr'><strong>Deo</strong></span> 
     </span>
    </p>
   </div>
   <div class='ocr_carea' id='block_1_49' title="bbox 934 959 1720 994">
    <p class='ocr_par' dir='ltr' id='par_1_49' title="bbox 934 959 1720 994">
     <span class='ocr_line' id='line_1_49' title="bbox 934 959 1720 994; baseline -0.004 -6"><span class='ocrx_word' id='word_1_376' title='bbox 934 966 1056 994; x_wconf 86' lang='lat' dir='ltr'><strong>nonest;</strong></span> <span class='ocrx_word' id='word_1_377' title='bbox 1078 966 1105 988; x_wconf 88' lang='lat' dir='ltr'><strong>et</strong></span> <span class='ocrx_word' id='word_1_378' title='bbox 1118 961 1161 988; x_wconf 85' lang='lat' dir='ltr'><strong>hic</strong></span> <span class='ocrx_word' id='word_1_379' title='bbox 1175 965 1217 988; x_wconf 85' lang='lat' dir='ltr'><strong>est</strong></span> <span class='ocrx_word' id='word_1_380' title='bbox 1231 961 1427 994; x_wconf 85' lang='lat' dir='ltr'><strong>Antichristus,</strong></span> <span class='ocrx_word' id='word_1_381' title='bbox 1445 961 1479 987; x_wconf 89' lang='lat' dir='ltr'><strong>de</strong></span> <span class='ocrx_word' id='word_1_382' title='bbox 1502 967 1556 994; x_wconf 91' lang='lat' dir='ltr'><strong>quo</strong></span> <span class='ocrx_word' id='word_1_383' title='bbox 1578 959 1720 986; x_wconf 69' lang='lat' dir='ltr'><strong>audivistis</strong></span> 
     </span>
    </p>
   </div>
   <div class='ocr_carea' id='block_1_50' title="bbox 934 1005 1718 1042">
    <p class='ocr_par' dir='ltr' id='par_1_50' title="bbox 934 1005 1718 1042">
     <span class='ocr_line' id='line_1_50' title="bbox 934 1005 1718 1042; baseline -0.003 -9"><span class='ocrx_word' id='word_1_384' title='bbox 934 1007 1059 1041; x_wconf 80' lang='lat' dir='ltr'><strong>quoniam</strong></span> <span class='ocrx_word' id='word_1_385' title='bbox 1073 1007 1156 1040; x_wconf 84' lang='lat' dir='ltr'><strong>venit,</strong></span> <span class='ocrx_word' id='word_1_386' title='bbox 1170 1013 1195 1034; x_wconf 84' lang='lat' dir='ltr'><strong>et</strong></span> <span class='ocrx_word' id='word_1_387' title='bbox 1206 1014 1276 1034; x_wconf 89' lang='lat' dir='ltr'><strong>nunc</strong></span> <span class='ocrx_word' id='word_1_388' title='bbox 1294 1007 1350 1042; x_wconf 78' lang='lat' dir='ltr'><strong>jam</strong></span> <span class='ocrx_word' id='word_1_389' title='bbox 1362 1008 1387 1033; x_wconf 93' lang='lat' dir='ltr'><strong>in</strong></span> <span class='ocrx_word' id='word_1_390' title='bbox 1404 1006 1503 1034; x_wconf 87' lang='lat' dir='ltr'><strong>mtntdo</strong></span> <span class='ocrx_word' id='word_1_391' title='bbox 1513 1011 1555 1033; x_wconf 84' lang='lat' dir='ltr'><strong>est</strong></span> <span class='ocrx_word' id='word_1_392' title='bbox 1571 1006 1604 1031; x_wconf 59' lang='lat'><strong>5&quot;.</strong></span> <span class='ocrx_word' id='word_1_393' title='bbox 1621 1015 1630 1031; x_wconf 70' lang='grc' dir='ltr'><strong><em>ι</em></strong></span> <span class='ocrx_word' id='word_1_394' title='bbox 1647 1005 1718 1032; x_wconf 92' lang='lat' dir='ltr'><strong>Con-</strong></span> 
     </span>
    </p>
   </div>
   <div class='ocr_carea' id='block_1_51' title="bbox 936 1051 1720 1088">
    <p class='ocr_par' dir='ltr' id='par_1_51' title="bbox 936 1051 1720 1088">
     <span class='ocr_line' id='line_1_51' title="bbox 936 1051 1720 1088; baseline -0.004 -10"><span class='ocrx_word' id='word_1_395' title='bbox 936 1053 1076 1080; x_wconf 78' lang='lat' dir='ltr'><strong>ﬁtctnurne</strong></span> <span class='ocrx_word' id='word_1_396' title='bbox 1098 1059 1163 1088; x_wconf 82' lang='lat' dir='ltr'><strong>ergo</strong></span> <span class='ocrx_word' id='word_1_397' title='bbox 1190 1052 1327 1080; x_wconf 79' lang='lat' dir='ltr'><strong>Christum</strong></span> <span class='ocrx_word' id='word_1_398' title='bbox 1353 1052 1445 1080; x_wconf 80' lang='lat' dir='ltr'><strong>Jesum</strong></span> <span class='ocrx_word' id='word_1_399' title='bbox 1477 1051 1557 1078; x_wconf 78' lang='lat' dir='ltr'><strong>veluti</strong></span> <span class='ocrx_word' id='word_1_400' title='bbox 1586 1052 1720 1078; x_wconf 78' lang='lat' dir='ltr'><strong>hominem</strong></span> 
     </span>
    </p>
   </div>
   <div class='ocr_carea' id='block_1_52' title="bbox 935 1096 1720 1132">
    <p class='ocr_par' dir='ltr' id='par_1_52' title="bbox 935 1096 1720 1132">
     <span class='ocr_line' id='line_1_52' title="bbox 935 1096 1720 1132; baseline 0 -9"><span class='ocrx_word' id='word_1_401' title='bbox 935 1098 1087 1132; x_wconf 82' lang='lat' dir='ltr'><strong>quempiam</strong></span> <span class='ocrx_word' id='word_1_402' title='bbox 1107 1097 1191 1125; x_wconf 87' lang='lat' dir='ltr'><strong>nostri</strong></span> <span class='ocrx_word' id='word_1_403' title='bbox 1211 1097 1348 1125; x_wconf 83' lang='lat' dir='ltr'><strong>similem?</strong></span> <span class='ocrx_word' id='word_1_404' title='bbox 1366 1106 1398 1125; x_wconf 87' lang='lat' dir='ltr'><strong>an</strong></span> <span class='ocrx_word' id='word_1_405' title='bbox 1423 1097 1514 1132; x_wconf 86' lang='lat' dir='ltr'><strong>potius</strong></span> <span class='ocrx_word' id='word_1_406' title='bbox 1538 1097 1583 1124; x_wconf 86' lang='lat' dir='ltr'><strong>Dei</strong></span> <span class='ocrx_word' id='word_1_407' title='bbox 1601 1096 1720 1124; x_wconf 79' lang='lat' dir='ltr'><strong>Verbum</strong></span> 
     </span>
    </p>
   </div>
   <div class='ocr_carea' id='block_1_53' title="bbox 937 1142 1720 1178">
    <p class='ocr_par' dir='ltr' id='par_1_53' title="bbox 937 1142 1720 1178">
     <span class='ocr_line' id='line_1_53' title="bbox 937 1142 1720 1178; baseline 0 -10"><span class='ocrx_word' id='word_1_408' title='bbox 937 1142 1035 1169; x_wconf 78' lang='lat' dir='ltr'><strong>factum</strong></span> <span class='ocrx_word' id='word_1_409' title='bbox 1047 1150 1106 1170; x_wconf 86' lang='lat' dir='ltr'><strong>esse</strong></span> <span class='ocrx_word' id='word_1_410' title='bbox 1120 1151 1240 1176; x_wconf 83' lang='lat' dir='ltr'><strong>carnem,</strong></span> <span class='ocrx_word' id='word_1_411' title='bbox 1257 1152 1308 1170; x_wconf 85' lang='lat' dir='ltr'><strong>non</strong></span> <span class='ocrx_word' id='word_1_412' title='bbox 1329 1144 1399 1178; x_wconf 75' lang='lat' dir='ltr'><strong>quod</strong></span> <span class='ocrx_word' id='word_1_413' title='bbox 1419 1143 1585 1170; x_wconf 77' lang='lat' dir='ltr'><strong>divinitatem</strong></span> <span class='ocrx_word' id='word_1_414' title='bbox 1601 1142 1720 1172; x_wconf 81' lang='lat' dir='ltr'><strong>exuerit.</strong></span> 
     </span>
    </p>
   </div>
   <div class='ocr_carea' id='block_1_54' title="bbox 937 1188 1720 1223">
    <p class='ocr_par' dir='ltr' id='par_1_54' title="bbox 937 1188 1720 1223">
     <span class='ocr_line' id='line_1_54' title="bbox 937 1188 1720 1223; baseline 0.001 -10"><span class='ocrx_word' id='word_1_415' title='bbox 937 1193 981 1215; x_wconf 89' lang='lat' dir='ltr'><strong>aut</strong></span> <span class='ocrx_word' id='word_1_416' title='bbox 997 1189 1143 1222; x_wconf 82' lang='lat' dir='ltr'><strong>repudiarit</strong></span> <span class='ocrx_word' id='word_1_417' title='bbox 1156 1188 1332 1223; x_wconf 75' lang='lat' dir='ltr'><strong>(constanter</strong></span> <span class='ocrx_word' id='word_1_418' title='bbox 1343 1189 1416 1215; x_wconf 84' lang='lat' dir='ltr'><strong>enim</strong></span> <span class='ocrx_word' id='word_1_419' title='bbox 1429 1189 1528 1215; x_wconf 81' lang='lat' dir='ltr'><strong>mansit</strong></span> <span class='ocrx_word' id='word_1_420' title='bbox 1542 1188 1612 1223; x_wconf 87' lang='lat' dir='ltr'><strong>quod</strong></span> <span class='ocrx_word' id='word_1_421' title='bbox 1628 1189 1720 1223; x_wconf 87' lang='lat' dir='ltr'><strong>erat):</strong></span> 
     </span>
    </p>
   </div>
   <div class='ocr_carea' id='block_1_55' title="bbox 937 1233 1725 1268">
    <p class='ocr_par' dir='ltr' id='par_1_55' title="bbox 937 1233 1725 1268">
     <span class='ocr_line' id='line_1_55' title="bbox 937 1233 1725 1268; baseline -0.001 -7"><span class='ocrx_word' id='word_1_422' title='bbox 937 1233 1064 1268; x_wconf 86' lang='lat' dir='ltr'><strong>sedquod</strong></span> <span class='ocrx_word' id='word_1_423' title='bbox 1085 1234 1231 1261; x_wconf 74' lang='lat' dir='ltr'><strong>humanam</strong></span> <span class='ocrx_word' id='word_1_424' title='bbox 1248 1240 1371 1261; x_wconf 85' lang='lat' dir='ltr'><strong>naturam</strong></span> <span class='ocrx_word' id='word_1_425' title='bbox 1391 1233 1587 1268; x_wconf 79' lang='lat' dir='ltr'><strong>assumpserit?</strong></span> <span class='ocrx_word' id='word_1_426' title='bbox 1600 1234 1634 1260; x_wconf 83' lang='lat' dir='ltr'><strong>At</strong></span> <span class='ocrx_word' id='word_1_427' title='bbox 1651 1234 1725 1260; x_wconf 87' lang='lat' dir='ltr'><strong>istud</strong></span> 
     </span>
    </p>
   </div>
   <div class='ocr_carea' id='block_1_56' title="bbox 938 1279 1724 1315">
    <p class='ocr_par' dir='ltr' id='par_1_56' title="bbox 938 1279 1724 1315">
     <span class='ocr_line' id='line_1_56' title="bbox 938 1279 1724 1315; baseline 0 -9"><span class='ocrx_word' id='word_1_428' title='bbox 938 1284 1012 1306; x_wconf 77' lang='lat' dir='ltr'><strong>extra</strong></span> <span class='ocrx_word' id='word_1_429' title='bbox 1023 1281 1235 1307; x_wconf 82' lang='lat' dir='ltr'><strong>controversiam</strong></span> <span class='ocrx_word' id='word_1_430' title='bbox 1250 1285 1303 1308; x_wconf 83' lang='lat' dir='ltr'><strong>est.</strong></span> <span class='ocrx_word' id='word_1_431' title='bbox 1319 1280 1446 1314; x_wconf 83' lang='lat' dir='ltr'><strong>Quisquis</strong></span> <span class='ocrx_word' id='word_1_432' title='bbox 1466 1280 1549 1315; x_wconf 77' lang='lat' dir='ltr'><strong>igitur</strong></span> <span class='ocrx_word' id='word_1_433' title='bbox 1574 1279 1724 1310; x_wconf 85' lang='lat' dir='ltr'><strong>Christum,</strong></span> 
     </span>
    </p>
   </div>
   <div class='ocr_carea' id='block_1_57' title="bbox 938 1327 1725 1362">
    <p class='ocr_par' dir='ltr' id='par_1_57' title="bbox 938 1327 1725 1362">
     <span class='ocr_line' id='line_1_57' title="bbox 938 1327 1725 1362; baseline 0.001 -9"><span class='ocrx_word' id='word_1_434' title='bbox 938 1327 1105 1354; x_wconf 76' lang='lat' dir='ltr'><strong>divinitatem</strong></span> <span class='ocrx_word' id='word_1_435' title='bbox 1134 1327 1205 1354; x_wconf 86' lang='lat' dir='ltr'><strong>illius</strong></span> <span class='ocrx_word' id='word_1_436' title='bbox 1237 1328 1384 1359; x_wconf 83' lang='lat' dir='ltr'><strong>inﬁcialus,</strong></span> <span class='ocrx_word' id='word_1_437' title='bbox 1416 1328 1521 1360; x_wconf 87' lang='lat' dir='ltr'><strong>dividit,</strong></span> <span class='ocrx_word' id='word_1_438' title='bbox 1548 1327 1725 1362; x_wconf 85' lang='lat' dir='ltr'><strong>ejusdemque</strong></span> 
     </span>
    </p>
   </div>
   <div class='ocr_carea' id='block_1_58' title="bbox 939 1372 1725 1408">
    <p class='ocr_par' dir='ltr' id='par_1_58' title="bbox 939 1372 1725 1408">
     <span class='ocr_line' id='line_1_58' title="bbox 939 1372 1725 1408; baseline 0.004 -11"><span class='ocrx_word' id='word_1_439' title='bbox 939 1372 1051 1407; x_wconf 63' lang='lat' dir='ltr'><strong>gloriam</strong></span> <span class='ocrx_word' id='word_1_440' title='bbox 1064 1378 1090 1400; x_wconf 90' lang='lat' dir='ltr'><strong>et</strong></span> <span class='ocrx_word' id='word_1_441' title='bbox 1102 1372 1269 1407; x_wconf 76' lang='lat' dir='ltr'><strong>maiestatem</strong></span> <span class='ocrx_word' id='word_1_442' title='bbox 1286 1373 1421 1404; x_wconf 84' lang='lat' dir='ltr'><strong>dimiuuit,</strong></span> <span class='ocrx_word' id='word_1_443' title='bbox 1438 1374 1482 1401; x_wconf 91' lang='lat' dir='ltr'><strong>hic</strong></span> <span class='ocrx_word' id='word_1_444' title='bbox 1495 1373 1655 1401; x_wconf 77' lang='lat' dir='ltr'><strong>Antichristi</strong></span> <span class='ocrx_word' id='word_1_445' title='bbox 1668 1374 1725 1408; x_wconf 84' lang='lat' dir='ltr'><strong>spi—</strong></span> 
     </span>
    </p>
   </div>
   <div class='ocr_carea' id='block_1_59' title="bbox 940 1418 1466 1452">
    <p class='ocr_par' dir='ltr' id='par_1_59' title="bbox 940 1418 1466 1452">
     <span class='ocr_line' id='line_1_59' title="bbox 940 1418 1466 1452; baseline 0.004 -8"><span class='ocrx_word' id='word_1_446' title='bbox 940 1418 1021 1445; x_wconf 89' lang='lat' dir='ltr'><strong>ritum</strong></span> <span class='ocrx_word' id='word_1_447' title='bbox 1042 1418 1165 1446; x_wconf 82' lang='lat' dir='ltr'><strong>hausisse</strong></span> <span class='ocrx_word' id='word_1_448' title='bbox 1177 1425 1271 1452; x_wconf 69' lang='lat' dir='ltr'><strong>aperte</strong></span> <span class='ocrx_word' id='word_1_449' title='bbox 1285 1419 1438 1446; x_wconf 82' lang='lat' dir='ltr'><strong>convincitu</strong></span> <span class='ocrx_word' id='word_1_450' title='bbox 1445 1428 1466 1446; x_wconf 90' lang='lat' dir='ltr'><strong>r.</strong></span> 
     </span>
    </p>
   </div>
   <div class='ocr_carea' id='block_1_60' title="bbox 978 1463 1727 1500">
    <p class='ocr_par' dir='ltr' id='par_1_60' title="bbox 978 1463 1727 1500">
     <span class='ocr_line' id='line_1_60' title="bbox 978 1463 1727 1500; baseline 0.005 -12"><span class='ocrx_word' id='word_1_451' title='bbox 978 1472 987 1488; x_wconf 76' lang='grc' dir='ltr'><strong>ι</strong></span> <span class='ocrx_word' id='word_1_452' title='bbox 1007 1463 1034 1490; x_wconf 68' lang='lat' dir='ltr'><strong>lit</strong></span> <span class='ocrx_word' id='word_1_453' title='bbox 1051 1470 1099 1490; x_wconf 89' lang='lat' dir='ltr'><strong>nos</strong></span> <span class='ocrx_word' id='word_1_454' title='bbox 1113 1463 1240 1496; x_wconf 84' lang='lat' dir='ltr'><strong>vidimus,</strong></span> <span class='ocrx_word' id='word_1_455' title='bbox 1252 1469 1279 1490; x_wconf 74' lang='lat' dir='ltr'><strong>et</strong></span> <span class='ocrx_word' id='word_1_456' title='bbox 1293 1464 1471 1491; x_wconf 77' lang='lat' dir='ltr'><strong>testiﬁcantur</strong></span> <span class='ocrx_word' id='word_1_457' title='bbox 1494 1465 1620 1500; x_wconf 87' lang='lat' dir='ltr'><strong>quoniam</strong></span> <span class='ocrx_word' id='word_1_458' title='bbox 1646 1465 1727 1492; x_wconf 84' lang='lat' dir='ltr'><strong>Pater</strong></span> 
     </span>
    </p>
   </div>
   <div class='ocr_carea' id='block_1_61' title="bbox 941 1509 1738 1545">
    <p class='ocr_par' dir='ltr' id='par_1_61' title="bbox 941 1509 1738 1545">
     <span class='ocr_line' id='line_1_61' title="bbox 941 1509 1738 1545; baseline 0.004 -10"><span class='ocrx_word' id='word_1_459' title='bbox 941 1509 1016 1535; x_wconf 86' lang='lat' dir='ltr'><strong>misit</strong></span> <span class='ocrx_word' id='word_1_460' title='bbox 1044 1509 1141 1536; x_wconf 84' lang='lat' dir='ltr'><strong>Filium</strong></span> <span class='ocrx_word' id='word_1_461' title='bbox 1167 1517 1245 1537; x_wconf 88' lang='lat' dir='ltr'><strong>suum</strong></span> <span class='ocrx_word' id='word_1_462' title='bbox 1275 1509 1440 1537; x_wconf 80' lang='lat' dir='ltr'><strong>Salvatorem</strong></span> <span class='ocrx_word' id='word_1_463' title='bbox 1467 1511 1570 1538; x_wconf 90' lang='lat' dir='ltr'><strong>mundi.</strong></span> <span class='ocrx_word' id='word_1_464' title='bbox 1600 1511 1738 1545; x_wconf 74' lang='lat' dir='ltr'><strong>Quisquis</strong></span> 
     </span>
    </p>
   </div>
   <div class='ocr_carea' id='block_1_62' title="bbox 107 1550 890 1591">
    <p class='ocr_par' dir='ltr' id='par_1_62' title="bbox 107 1551 890 1591">
     <span class='ocr_line' id='line_1_62' title="bbox 107 1551 890 1591; baseline -0.006 -9"><span class='ocrx_word' id='word_1_465' title='bbox 107 1556 141 1582; x_wconf 76' lang='grc' dir='ltr'>ἂν</span> <span class='ocrx_word' id='word_1_466' title='bbox 154 1555 309 1591; x_wconf 76' lang='grc' dir='ltr'>ὁμολογήσῃ</span> <span class='ocrx_word' id='word_1_467' title='bbox 328 1555 369 1581; x_wconf 85' lang='grc' dir='ltr'>ὅτι</span> <span class='ocrx_word' id='word_1_468' title='bbox 388 1554 491 1590; x_wconf 82' lang='grc' dir='ltr'>Ἰησοῦς</span> <span class='ocrx_word' id='word_1_469' title='bbox 506 1555 578 1580; x_wconf 75' lang='grc' dir='ltr'>ἐστιν</span> <span class='ocrx_word' id='word_1_470' title='bbox 599 1554 613 1579; x_wconf 86' lang='grc' dir='ltr'><strong><em>ὁ</em></strong></span> <span class='ocrx_word' id='word_1_471' title='bbox 637 1553 701 1583; x_wconf 71' lang='grc' dir='ltr'>Υἱὸς</span> <span class='ocrx_word' id='word_1_472' title='bbox 716 1552 762 1579; x_wconf 77' lang='grc' dir='ltr'><strong>τοῦ</strong></span> <span class='ocrx_word' id='word_1_473' title='bbox 778 1551 856 1582; x_wconf 78' lang='grc' dir='ltr'>Θεοῦ,</span> <span class='ocrx_word' id='word_1_474' title='bbox 878 1551 890 1576; x_wconf 66' lang='grc' dir='ltr'>ὁ</span> 
     </span>
    </p>
   </div>
   <div class='ocr_carea' id='block_1_63' title="bbox 981 1550 1728 1591">
    <p class='ocr_par' dir='ltr' id='par_1_63' title="bbox 981 1554 1728 1590">
     <span class='ocr_line' id='line_1_63' title="bbox 981 1554 1728 1590; baseline 0.001 -9"><span class='ocrx_word' id='word_1_475' title='bbox 981 1554 1083 1582; x_wconf 74' lang='lat' dir='ltr'><strong>ufessus</strong></span> <span class='ocrx_word' id='word_1_476' title='bbox 1096 1555 1177 1582; x_wconf 81' lang='lat' dir='ltr'><strong>fuerit</strong></span> <span class='ocrx_word' id='word_1_477' title='bbox 1192 1555 1408 1590; x_wconf 82' lang='lat' dir='ltr'><strong>quouiamJesus</strong></span> <span class='ocrx_word' id='word_1_478' title='bbox 1428 1561 1470 1583; x_wconf 87' lang='lat' dir='ltr'><strong>est</strong></span> <span class='ocrx_word' id='word_1_479' title='bbox 1481 1557 1566 1584; x_wconf 85' lang='lat' dir='ltr'><strong>Filius</strong></span> <span class='ocrx_word' id='word_1_480' title='bbox 1588 1557 1646 1589; x_wconf 83' lang='lat' dir='ltr'><strong>Dei,</strong></span> <span class='ocrx_word' id='word_1_481' title='bbox 1659 1558 1728 1584; x_wconf 84' lang='lat' dir='ltr'><strong>Deus</strong></span> 
     </span>
    </p>
   </div>
   <div class='ocr_carea' id='block_1_64' title="bbox 109 1597 893 1636">
    <p class='ocr_par' dir='ltr' id='par_1_64' title="bbox 109 1597 893 1636">
     <span class='ocr_line' id='line_1_64' title="bbox 109 1597 893 1636; baseline -0.008 -8"><span class='ocrx_word' id='word_1_482' title='bbox 109 1602 174 1633; x_wconf 71' lang='grc' dir='ltr'>θεὸς</span> <span class='ocrx_word' id='word_1_483' title='bbox 190 1602 219 1628; x_wconf 82' lang='grc' dir='ltr'>ὲν</span> <span class='ocrx_word' id='word_1_484' title='bbox 236 1601 310 1636; x_wconf 82' lang='grc' dir='ltr'>αὐτῷ</span> <span class='ocrx_word' id='word_1_485' title='bbox 336 1600 429 1636; x_wconf 84' lang='grc' dir='ltr'>μένει,</span> <span class='ocrx_word' id='word_1_486' title='bbox 444 1599 491 1626; x_wconf 73' lang='grc' dir='ltr'><strong>καὶ</strong></span> <span class='ocrx_word' id='word_1_487' title='bbox 508 1599 588 1630; x_wconf 71' lang='grc' dir='ltr'>αὐτὸς</span> <span class='ocrx_word' id='word_1_488' title='bbox 607 1600 636 1625; x_wconf 79' lang='grc' dir='ltr'><strong>ὲν</strong></span> <span class='ocrx_word' id='word_1_489' title='bbox 654 1598 693 1634; x_wconf 76' lang='grc' dir='ltr'>τῷ</span> <span class='ocrx_word' id='word_1_490' title='bbox 708 1598 777 1633; x_wconf 84' lang='grc' dir='ltr'>Θεῷ.</span> <span class='ocrx_word' id='word_1_491' title='bbox 795 1607 804 1622; x_wconf 73' lang='grc' dir='ltr'><strong>ι</strong></span> <span class='ocrx_word' id='word_1_492' title='bbox 828 1597 893 1622; x_wconf 75' lang='grc' dir='ltr'><strong>Ἀπ-</strong></span> 
     </span>
    </p>
   </div>
   <div class='ocr_carea' id='block_1_65' title="bbox 110 1643 891 1681">
    <p class='ocr_par' dir='ltr' id='par_1_65' title="bbox 110 1643 891 1681">
     <span class='ocr_line' id='line_1_65' title="bbox 110 1643 891 1681; baseline -0.008 -7"><span class='ocrx_word' id='word_1_493' title='bbox 110 1648 237 1674; x_wconf 78' lang='grc' dir='ltr'>εστάλθαι</span> <span class='ocrx_word' id='word_1_494' title='bbox 252 1646 340 1681; x_wconf 74' lang='grc' dir='ltr'>φαμὲν</span> <span class='ocrx_word' id='word_1_495' title='bbox 351 1645 426 1680; x_wconf 79' lang='grc' dir='ltr'>παρὰ</span> <span class='ocrx_word' id='word_1_496' title='bbox 440 1645 486 1671; x_wconf 83' lang='grc' dir='ltr'><strong>τοῦ</strong></span> <span class='ocrx_word' id='word_1_497' title='bbox 500 1644 567 1671; x_wconf 85' lang='grc' dir='ltr'>Θεοῦ</span> <span class='ocrx_word' id='word_1_498' title='bbox 582 1645 628 1671; x_wconf 73' lang='grc' dir='ltr'><strong>καὶ</strong></span> <span class='ocrx_word' id='word_1_499' title='bbox 642 1644 748 1679; x_wconf 75' lang='grc' dir='ltr'>Πατρὸς</span> <span class='ocrx_word' id='word_1_500' title='bbox 759 1644 804 1670; x_wconf 87' lang='grc' dir='ltr'><strong>τὸν</strong></span> <span class='ocrx_word' id='word_1_501' title='bbox 818 1643 891 1675; x_wconf 83' lang='grc' dir='ltr'>Υἰὸν,</span> 
     </span>
    </p>
   </div>
   <div class='ocr_carea' id='block_1_66' title="bbox 113 1689 892 1725">
    <p class='ocr_par' dir='ltr' id='par_1_66' title="bbox 113 1689 892 1725">
     <span class='ocr_line' id='line_1_66' title="bbox 113 1689 892 1725; baseline -0.008 -5"><span class='ocrx_word' id='word_1_502' title='bbox 113 1694 238 1720; x_wconf 78' lang='grc' dir='ltr'>τουτέστι</span> <span class='ocrx_word' id='word_1_503' title='bbox 254 1693 298 1719; x_wconf 87' lang='grc' dir='ltr'><strong>τὸν</strong></span> <span class='ocrx_word' id='word_1_504' title='bbox 321 1692 351 1724; x_wconf 79' lang='grc' dir='ltr'>ἐξ</span> <span class='ocrx_word' id='word_1_505' title='bbox 363 1691 444 1718; x_wconf 83' lang='grc' dir='ltr'>αὐτοῦ</span> <span class='ocrx_word' id='word_1_506' title='bbox 461 1690 531 1717; x_wconf 78' lang='grc' dir='ltr'>κατὰ</span> <span class='ocrx_word' id='word_1_507' title='bbox 545 1690 624 1725; x_wconf 72' lang='grc' dir='ltr'>φύσιν</span> <span class='ocrx_word' id='word_1_508' title='bbox 641 1689 772 1725; x_wconf 78' lang='grc' dir='ltr'>μονογενῆ</span> <span class='ocrx_word' id='word_1_509' title='bbox 789 1689 892 1722; x_wconf 79' lang='grc' dir='ltr'>Λόγον·</span> 
     </span>
    </p>
   </div>
   <div class='ocr_carea' id='block_1_67' title="bbox 109 1736 894 1776">
    <p class='ocr_par' dir='ltr' id='par_1_67' title="bbox 109 1736 894 1776">
     <span class='ocr_line' id='line_1_67' title="bbox 109 1736 894 1776; baseline -0.006 -9"><span class='ocrx_word' id='word_1_510' title='bbox 109 1740 270 1776; x_wconf 78' lang='grc' dir='ltr'>ὠνομάσθαι</span> <span class='ocrx_word' id='word_1_511' title='bbox 293 1739 322 1765; x_wconf 77' lang='grc' dir='ltr'>δὲ</span> <span class='ocrx_word' id='word_1_512' title='bbox 345 1738 425 1766; x_wconf 82' lang='grc' dir='ltr'>αὐτὸν</span> <span class='ocrx_word' id='word_1_513' title='bbox 452 1737 574 1773; x_wconf 80' lang='grc' dir='ltr'>Ἰησοῦν,</span> <span class='ocrx_word' id='word_1_514' title='bbox 603 1737 648 1764; x_wconf 73' lang='grc' dir='ltr'>ὅτε</span> <span class='ocrx_word' id='word_1_515' title='bbox 674 1739 722 1764; x_wconf 68' lang='grc' dir='ltr'><strong>καὶ</strong></span> <span class='ocrx_word' id='word_1_516' title='bbox 747 1736 796 1772; x_wconf 80' lang='grc' dir='ltr'>τὴν</span> <span class='ocrx_word' id='word_1_517' title='bbox 824 1737 894 1764; x_wconf 79' lang='grc' dir='ltr'>κατὰ</span> 
     </span>
    </p>
   </div>
   <div class='ocr_carea' id='block_1_68' title="bbox 113 1780 893 1820">
    <p class='ocr_par' dir='ltr' id='par_1_68' title="bbox 113 1780 893 1820">
     <span class='ocr_line' id='line_1_68' title="bbox 113 1780 893 1820; baseline -0.006 -9"><span class='ocrx_word' id='word_1_518' title='bbox 113 1786 202 1820; x_wconf 80' lang='grc' dir='ltr'>σάρκα</span> <span class='ocrx_word' id='word_1_519' title='bbox 214 1785 340 1819; x_wconf 78' lang='grc' dir='ltr'>γέννησιν</span> <span class='ocrx_word' id='word_1_520' title='bbox 355 1785 388 1810; x_wconf 78' lang='grc' dir='ltr'><strong>ἐκ</strong></span> <span class='ocrx_word' id='word_1_521' title='bbox 402 1782 530 1817; x_wconf 83' lang='grc' dir='ltr'>γυναικὸς</span> <span class='ocrx_word' id='word_1_522' title='bbox 542 1781 689 1816; x_wconf 79' lang='grc' dir='ltr'>ὑπέμεινεν</span> <span class='ocrx_word' id='word_1_523' title='bbox 703 1780 893 1816; x_wconf 80' lang='grc' dir='ltr'>οἰκονομικῶς.</span> 
     </span>
    </p>
   </div>
   <div class='ocr_carea' id='block_1_69' title="bbox 111 1827 895 1863">
    <p class='ocr_par' dir='ltr' id='par_1_69' title="bbox 111 1827 895 1863">
     <span class='ocr_line' id='line_1_69' title="bbox 111 1827 895 1863; baseline -0.005 -6"><span class='ocrx_word' id='word_1_524' title='bbox 111 1830 216 1858; x_wconf 78' lang='grc' dir='ltr'>Οὐκοῦν</span> <span class='ocrx_word' id='word_1_525' title='bbox 237 1831 251 1856; x_wconf 85' lang='grc' dir='ltr'>ὁ</span> <span class='ocrx_word' id='word_1_526' title='bbox 270 1831 302 1857; x_wconf 82' lang='grc' dir='ltr'>ἐκ</span> <span class='ocrx_word' id='word_1_527' title='bbox 325 1828 393 1856; x_wconf 79' lang='grc' dir='ltr'>Θεοῦ</span> <span class='ocrx_word' id='word_1_528' title='bbox 418 1829 503 1863; x_wconf 80' lang='grc' dir='ltr'>Λόγος</span> <span class='ocrx_word' id='word_1_529' title='bbox 527 1828 637 1862; x_wconf 81' lang='grc' dir='ltr'>γέγονεν</span> <span class='ocrx_word' id='word_1_530' title='bbox 661 1827 814 1861; x_wconf 74' lang='grc' dir='ltr'>ἄνθρωπος.</span> <span class='ocrx_word' id='word_1_531' title='bbox 836 1827 895 1854; x_wconf 82' lang='grc' dir='ltr'>ΚΞιν</span> 
     </span>
    </p>
   </div>
   <div class='ocr_carea' id='block_1_70' title="bbox 111 1872 896 1910">
    <p class='ocr_par' dir='ltr' id='par_1_70' title="bbox 111 1872 896 1910">
     <span class='ocr_line' id='line_1_70' title="bbox 111 1872 896 1910; baseline -0.006 -8"><span class='ocrx_word' id='word_1_532' title='bbox 111 1877 180 1907; x_wconf 72' lang='grc' dir='ltr'>εἴτις</span> <span class='ocrx_word' id='word_1_533' title='bbox 202 1874 288 1906; x_wconf 76' lang='grc' dir='ltr'>οὕτως</span> <span class='ocrx_word' id='word_1_534' title='bbox 312 1874 503 1910; x_wconf 79' lang='grc' dir='ltr'>ὁμολογήσειεν</span> <span class='ocrx_word' id='word_1_535' title='bbox 528 1874 618 1905; x_wconf 75' lang='grc' dir='ltr'>αὐτὸν,</span> <span class='ocrx_word' id='word_1_536' title='bbox 642 1872 697 1906; x_wconf 82' lang='grc' dir='ltr'>ἔχει</span> <span class='ocrx_word' id='word_1_537' title='bbox 726 1872 839 1908; x_wconf 83' lang='grc' dir='ltr'>μένοντα</span> <span class='ocrx_word' id='word_1_538' title='bbox 867 1873 896 1898; x_wconf 79' lang='grc' dir='ltr'>ἐν</span> 
     </span>
    </p>
   </div>
   <div class='ocr_carea' id='block_1_71' title="bbox 111 1918 893 1955">
    <p class='ocr_par' dir='ltr' id='par_1_71' title="bbox 111 1918 893 1955">
     <span class='ocr_line' id='line_1_71' title="bbox 111 1918 893 1955; baseline -0.005 -7"><span class='ocrx_word' id='word_1_539' title='bbox 111 1921 202 1955; x_wconf 77' lang='grc' dir='ltr'>ἑαυτῷ</span> <span class='ocrx_word' id='word_1_540' title='bbox 226 1921 272 1947; x_wconf 84' lang='grc' dir='ltr'><strong>τὸν</strong></span> <span class='ocrx_word' id='word_1_541' title='bbox 294 1920 369 1952; x_wconf 78' lang='grc' dir='ltr'>Θεὸν,</span> <span class='ocrx_word' id='word_1_542' title='bbox 395 1921 472 1947; x_wconf 75' lang='grc' dir='ltr'>ἔσται</span> <span class='ocrx_word' id='word_1_543' title='bbox 489 1919 517 1946; x_wconf 85' lang='grc' dir='ltr'><strong>δὲ</strong></span> <span class='ocrx_word' id='word_1_544' title='bbox 535 1919 581 1946; x_wconf 76' lang='grc' dir='ltr'>καὶ</span> <span class='ocrx_word' id='word_1_545' title='bbox 603 1919 685 1950; x_wconf 71' lang='grc' dir='ltr'>αὐτὸς</span> <span class='ocrx_word' id='word_1_546' title='bbox 707 1919 736 1945; x_wconf 82' lang='grc' dir='ltr'>ὲν</span> <span class='ocrx_word' id='word_1_547' title='bbox 758 1918 797 1953; x_wconf 83' lang='grc' dir='ltr'><strong>τῷ</strong></span> <span class='ocrx_word' id='word_1_548' title='bbox 817 1918 893 1953; x_wconf 81' lang='grc' dir='ltr'>Θεῷ·</span> 
     </span>
    </p>
   </div>
   <div class='ocr_carea' id='block_1_72' title="bbox 114 1964 897 2003">
    <p class='ocr_par' dir='ltr' id='par_1_72' title="bbox 114 1964 897 2003">
     <span class='ocr_line' id='line_1_72' title="bbox 114 1964 897 2003; baseline -0.006 -9"><span class='ocrx_word' id='word_1_549' title='bbox 114 1966 298 2003; x_wconf 79' lang='grc' dir='ltr'>μνησθήσεται</span> <span class='ocrx_word' id='word_1_550' title='bbox 311 1966 364 2002; x_wconf 85' lang='grc' dir='ltr'>γὰρ</span> <span class='ocrx_word' id='word_1_551' title='bbox 378 1966 470 1997; x_wconf 79' lang='grc' dir='ltr'>αὑτοῦ,</span> <span class='ocrx_word' id='word_1_552' title='bbox 485 1966 619 1999; x_wconf 75' lang='grc' dir='ltr'>λογιεῖται</span> <span class='ocrx_word' id='word_1_553' title='bbox 644 1964 673 1990; x_wconf 80' lang='grc' dir='ltr'><strong>δὲ</strong></span> <span class='ocrx_word' id='word_1_554' title='bbox 695 1964 775 1990; x_wconf 79' lang='grc' dir='ltr'>αὑτὸν</span> <span class='ocrx_word' id='word_1_555' title='bbox 794 1965 897 1990; x_wconf 80' lang='grc' dir='ltr'>οἰκεῖον</span> 
     </span>
    </p>
   </div>
   <div class='ocr_carea' id='block_1_73' title="bbox 111 2011 897 2048">
    <p class='ocr_par' dir='ltr' id='par_1_73' title="bbox 111 2011 897 2048">
     <span class='ocr_line' id='line_1_73' title="bbox 111 2011 897 2048; baseline -0.003 -9"><span class='ocrx_word' id='word_1_556' title='bbox 111 2014 150 2044; x_wconf 80' lang='grc' dir='ltr'><strong>ὡς</strong></span> <span class='ocrx_word' id='word_1_557' title='bbox 163 2013 274 2048; x_wconf 80' lang='grc' dir='ltr'>μέτοχον</span> <span class='ocrx_word' id='word_1_558' title='bbox 288 2012 380 2038; x_wconf 83' lang='grc' dir='ltr'>αὑτοῦ.</span> <span class='ocrx_word' id='word_1_559' title='bbox 397 2012 426 2038; x_wconf 85' lang='grc'><strong>’0</strong></span> <span class='ocrx_word' id='word_1_560' title='bbox 438 2012 466 2038; x_wconf 83' lang='grc' dir='ltr'><strong>δὲ</strong></span> <span class='ocrx_word' id='word_1_561' title='bbox 481 2011 517 2047; x_wconf 85' lang='grc' dir='ltr'>μὴ</span> <span class='ocrx_word' id='word_1_562' title='bbox 531 2011 682 2046; x_wconf 84' lang='grc' dir='ltr'>ὁμολογῶν,</span> <span class='ocrx_word' id='word_1_563' title='bbox 694 2011 734 2038; x_wconf 81' lang='grc' dir='ltr'>ὅτι</span> <span class='ocrx_word' id='word_1_564' title='bbox 746 2011 826 2042; x_wconf 77' lang='grc' dir='ltr'>αὐτὸς</span> <span class='ocrx_word' id='word_1_565' title='bbox 841 2011 856 2037; x_wconf 81' lang='grc' dir='ltr'><strong><em>ὁ</em></strong></span> <span class='ocrx_word' id='word_1_566' title='bbox 866 2011 897 2037; x_wconf 80' lang='grc' dir='ltr'>ἐκ</span> 
     </span>
    </p>
   </div>
   <div class='ocr_carea' id='block_1_74' title="bbox 112 2057 897 2093">
    <p class='ocr_par' dir='ltr' id='par_1_74' title="bbox 112 2057 897 2093">
     <span class='ocr_line' id='line_1_74' title="bbox 112 2057 897 2093; baseline -0.004 -8"><span class='ocrx_word' id='word_1_567' title='bbox 112 2059 182 2085; x_wconf 82' lang='grc' dir='ltr'>Θεοῦ</span> <span class='ocrx_word' id='word_1_568' title='bbox 194 2058 300 2093; x_wconf 78' lang='grc' dir='ltr'>[ἰατρὸς</span> <span class='ocrx_word' id='word_1_569' title='bbox 316 2059 401 2092; x_wconf 83' lang='grc' dir='ltr'>Λόγος</span> <span class='ocrx_word' id='word_1_570' title='bbox 422 2057 525 2092; x_wconf 79' lang='grc' dir='ltr'>Ἰησοῦς</span> <span class='ocrx_word' id='word_1_571' title='bbox 546 2059 618 2090; x_wconf 61' lang='grc' dir='ltr'>ἐστι,</span> <span class='ocrx_word' id='word_1_572' title='bbox 635 2057 729 2088; x_wconf 65' lang='grc' dir='ltr'>καθεὶς</span> <span class='ocrx_word' id='word_1_573' title='bbox 743 2057 838 2083; x_wconf 84' lang='grc' dir='ltr'>ἑαυτὸν</span> <span class='ocrx_word' id='word_1_574' title='bbox 857 2057 897 2088; x_wconf 78' lang='grc' dir='ltr'><strong>εἰς</strong></span> 
     </span>
    </p>
   </div>
   <div class='ocr_carea' id='block_1_75' title="bbox 112 2102 896 2139">
    <p class='ocr_par' dir='ltr' id='par_1_75' title="bbox 112 2102 896 2139">
     <span class='ocr_line' id='line_1_75' title="bbox 112 2102 896 2139; baseline -0.003 -9"><span class='ocrx_word' id='word_1_575' title='bbox 112 2104 321 2139; x_wconf 77' lang='grc' dir='ltr'>ἀνθρωπότητα,</span> <span class='ocrx_word' id='word_1_576' title='bbox 336 2102 398 2129; x_wconf 72' lang='grc' dir='ltr'>οὔτε</span> <span class='ocrx_word' id='word_1_577' title='bbox 411 2103 479 2129; x_wconf 84' lang='grc' dir='ltr'>Θεὸν</span> <span class='ocrx_word' id='word_1_578' title='bbox 495 2103 525 2129; x_wconf 63' lang='grc' dir='ltr'>ἐν</span> <span class='ocrx_word' id='word_1_579' title='bbox 547 2102 636 2137; x_wconf 73' lang='grc' dir='ltr'>ἑαυτῷ</span> <span class='ocrx_word' id='word_1_580' title='bbox 657 2103 834 2137; x_wconf 76' lang='grc' dir='ltr'>πλουτήσειεν</span> <span class='ocrx_word' id='word_1_581' title='bbox 852 2102 896 2134; x_wconf 83' lang='grc' dir='ltr'><strong>ἂν,</strong></span> 
     </span>
    </p>
   </div>
   <div class='ocr_carea' id='block_1_76' title="bbox 112 2148 897 2184">
    <p class='ocr_par' dir='ltr' id='par_1_76' title="bbox 112 2148 897 2184">
     <span class='ocr_line' id='line_1_76' title="bbox 112 2148 897 2184; baseline -0.003 -8"><span class='ocrx_word' id='word_1_582' title='bbox 112 2150 176 2176; x_wconf 73' lang='grc' dir='ltr'>οὗτε</span> <span class='ocrx_word' id='word_1_583' title='bbox 203 2150 257 2184; x_wconf 82' lang='grc' dir='ltr'>μὴν</span> <span class='ocrx_word' id='word_1_584' title='bbox 285 2149 364 2180; x_wconf 75' lang='grc' dir='ltr'>αὐτὸς</span> <span class='ocrx_word' id='word_1_585' title='bbox 387 2150 416 2175; x_wconf 84' lang='grc' dir='ltr'>ὲν</span> <span class='ocrx_word' id='word_1_586' title='bbox 448 2148 507 2183; x_wconf 85' lang='grc' dir='ltr'><strong>Θεῷ</strong></span> <span class='ocrx_word' id='word_1_587' title='bbox 528 2149 613 2181; x_wconf 75' lang='grc' dir='ltr'>ἔσται,</span> <span class='ocrx_word' id='word_1_588' title='bbox 640 2149 710 2175; x_wconf 83' lang='grc' dir='ltr'>κατά</span> <span class='ocrx_word' id='word_1_589' title='bbox 733 2157 765 2182; x_wconf 86' lang='grc' dir='ltr'><strong>γε</strong></span> <span class='ocrx_word' id='word_1_590' title='bbox 789 2148 833 2174; x_wconf 85' lang='grc' dir='ltr'><strong>τὸν</strong></span> <span class='ocrx_word' id='word_1_591' title='bbox 847 2148 897 2183; x_wconf 77' lang='grc' dir='ltr'><strong>τῆς</strong></span> 
     </span>
    </p>
   </div>
   <div class='ocr_carea' id='block_1_77' title="bbox 114 2193 605 2230">
    <p class='ocr_par' dir='ltr' id='par_1_77' title="bbox 114 2193 605 2230">
     <span class='ocr_line' id='line_1_77' title="bbox 114 2193 605 2230; baseline -0.004 -9"><span class='ocrx_word' id='word_1_592' title='bbox 114 2194 304 2230; x_wconf 75' lang='grc' dir='ltr'>πνευματικῆς</span> <span class='ocrx_word' id='word_1_593' title='bbox 318 2193 481 2228; x_wconf 76' lang='grc' dir='ltr'>οἰκειότητος</span> <span class='ocrx_word' id='word_1_594' title='bbox 495 2193 605 2229; x_wconf 82' lang='grc' dir='ltr'>τρόπον.</span> 
     </span>
    </p>
   </div>
   <div class='ocr_carea' id='block_1_78' title="bbox 154 2283 900 2319">
    <p class='ocr_par' dir='ltr' id='par_1_78' title="bbox 154 2283 900 2319">
     <span class='ocr_line' id='line_1_78' title="bbox 154 2283 900 2319; baseline -0.001 -8"><span class='ocrx_word' id='word_1_595' title='bbox 154 2295 164 2310; x_wconf 83' lang='grc'><em>‹</em></span> <span class='ocrx_word' id='word_1_596' title='bbox 179 2285 237 2316; x_wconf 74' lang='grc' dir='ltr'><strong>Πᾶς</strong></span> <span class='ocrx_word' id='word_1_597' title='bbox 250 2285 263 2311; x_wconf 83' lang='grc' dir='ltr'>ὁ</span> <span class='ocrx_word' id='word_1_598' title='bbox 273 2283 409 2311; x_wconf 80' lang='grc' dir='ltr'>πιστεύων</span> <span class='ocrx_word' id='word_1_599' title='bbox 422 2284 463 2311; x_wconf 80' lang='grc' dir='ltr'>ὅτι</span> <span class='ocrx_word' id='word_1_600' title='bbox 485 2283 588 2319; x_wconf 76' lang='grc' dir='ltr'>Ἰησοῦς</span> <span class='ocrx_word' id='word_1_601' title='bbox 608 2284 683 2310; x_wconf 74' lang='grc' dir='ltr'>ἐστιν</span> <span class='ocrx_word' id='word_1_602' title='bbox 700 2284 714 2310; x_wconf 81' lang='grc' dir='ltr'>ὁ</span> <span class='ocrx_word' id='word_1_603' title='bbox 728 2284 856 2319; x_wconf 76' lang='grc' dir='ltr'>Χριστὸς,</span> <span class='ocrx_word' id='word_1_604' title='bbox 868 2285 900 2310; x_wconf 82' lang='grc' dir='ltr'>ὲκ</span> 
     </span>
    </p>
   </div>
   <div class='ocr_carea' id='block_1_79' title="bbox 115 2329 900 2365">
    <p class='ocr_par' dir='ltr' id='par_1_79' title="bbox 115 2329 900 2365">
     <span class='ocr_line' id='line_1_79' title="bbox 115 2329 900 2365; baseline 0 -9"><span class='ocrx_word' id='word_1_605' title='bbox 115 2330 162 2356; x_wconf 88' lang='grc' dir='ltr'><strong>τοῦ</strong></span> <span class='ocrx_word' id='word_1_606' title='bbox 180 2329 247 2356; x_wconf 86' lang='grc' dir='ltr'>Θεοῦ</span> <span class='ocrx_word' id='word_1_607' title='bbox 265 2330 436 2365; x_wconf 83' lang='grc' dir='ltr'>γεγέννηται.</span> <span class='ocrx_word' id='word_1_608' title='bbox 455 2339 465 2355; x_wconf 81' lang='grc'>›</span> <span class='ocrx_word' id='word_1_609' title='bbox 482 2329 585 2356; x_wconf 78' lang='grc' dir='ltr'>Οὐκοῦν</span> <span class='ocrx_word' id='word_1_610' title='bbox 601 2330 616 2355; x_wconf 84' lang='grc' dir='ltr'><strong>ὸ</strong></span> <span class='ocrx_word' id='word_1_611' title='bbox 630 2329 667 2364; x_wconf 81' lang='grc' dir='ltr'>μὴ</span> <span class='ocrx_word' id='word_1_612' title='bbox 685 2329 828 2362; x_wconf 80' lang='grc' dir='ltr'>πιστεύων,</span> <span class='ocrx_word' id='word_1_613' title='bbox 840 2330 900 2357; x_wconf 79' lang='grc' dir='ltr'>οὐδὲ</span> 
     </span>
    </p>
   </div>
   <div class='ocr_carea' id='block_1_80' title="bbox 116 2375 902 2411">
    <p class='ocr_par' dir='ltr' id='par_1_80' title="bbox 116 2375 902 2411">
     <span class='ocr_line' id='line_1_80' title="bbox 116 2375 902 2411; baseline -0.001 -8"><span class='ocrx_word' id='word_1_614' title='bbox 116 2378 146 2403; x_wconf 83' lang='grc' dir='ltr'>ὲν</span> <span class='ocrx_word' id='word_1_615' title='bbox 166 2377 271 2408; x_wconf 82' lang='grc' dir='ltr'>τέκνοις</span> <span class='ocrx_word' id='word_1_616' title='bbox 286 2375 354 2403; x_wconf 86' lang='grc' dir='ltr'>Θεοῦ</span> <span class='ocrx_word' id='word_1_617' title='bbox 371 2375 578 2410; x_wconf 81' lang='grc' dir='ltr'>καταλογισϐεἰη</span> <span class='ocrx_word' id='word_1_618' title='bbox 599 2375 641 2403; x_wconf 81' lang='grc' dir='ltr'><strong>ἄν.</strong></span> <span class='ocrx_word' id='word_1_619' title='bbox 671 2376 702 2402; x_wconf 82' lang='grc' dir='ltr'>Εἰ</span> <span class='ocrx_word' id='word_1_620' title='bbox 714 2375 769 2411; x_wconf 84' lang='grc' dir='ltr'>γὰρ</span> <span class='ocrx_word' id='word_1_621' title='bbox 783 2377 839 2403; x_wconf 77' lang='grc' dir='ltr'>ὅσοι</span> <span class='ocrx_word' id='word_1_622' title='bbox 856 2376 902 2403; x_wconf 80' lang='grc' dir='ltr'><strong>τὸν</strong></span> 
     </span>
    </p>
   </div>
   <div class='ocr_carea' id='block_1_81' title="bbox 117 2421 902 2456">
    <p class='ocr_par' dir='ltr' id='par_1_81' title="bbox 117 2421 902 2456">
     <span class='ocr_line' id='line_1_81' title="bbox 117 2421 902 2456; baseline -0.001 -7"><span class='ocrx_word' id='word_1_623' title='bbox 117 2423 182 2449; x_wconf 77' lang='grc' dir='ltr'>Υἱὸν</span> <span class='ocrx_word' id='word_1_624' title='bbox 198 2422 303 2454; x_wconf 71' lang='grc' dir='ltr'>έλαῆον,</span> <span class='ocrx_word' id='word_1_625' title='bbox 322 2422 422 2448; x_wconf 69' lang='grc' dir='ltr'>ἔδωκεν</span> <span class='ocrx_word' id='word_1_626' title='bbox 434 2422 526 2453; x_wconf 79' lang='grc' dir='ltr'>αὐτοῖς</span> <span class='ocrx_word' id='word_1_627' title='bbox 538 2421 661 2453; x_wconf 75' lang='grc' dir='ltr'>ἐξουσίαν</span> <span class='ocrx_word' id='word_1_628' title='bbox 679 2422 761 2448; x_wconf 77' lang='grc' dir='ltr'>τέκνα</span> <span class='ocrx_word' id='word_1_629' title='bbox 772 2422 839 2448; x_wconf 86' lang='grc' dir='ltr'>Θεοῦ</span> <span class='ocrx_word' id='word_1_630' title='bbox 854 2431 902 2456; x_wconf 92' lang='grc' dir='ltr'>γε-</span> 
     </span>
    </p>
   </div>
   <div class='ocr_carea' id='block_1_82' title="bbox 118 2467 903 2502">
    <p class='ocr_par' dir='ltr' id='par_1_82' title="bbox 118 2467 903 2502">
     <span class='ocr_line' id='line_1_82' title="bbox 118 2467 903 2502; baseline 0 -8"><span class='ocrx_word' id='word_1_631' title='bbox 118 2468 222 2499; x_wconf 80' lang='grc' dir='ltr'>νέσθαι,</span> <span class='ocrx_word' id='word_1_632' title='bbox 237 2468 309 2494; x_wconf 84' lang='grc' dir='ltr'>καθά</span> <span class='ocrx_word' id='word_1_633' title='bbox 322 2469 404 2502; x_wconf 73' lang='grc' dir='ltr'>φησὶν</span> <span class='ocrx_word' id='word_1_634' title='bbox 420 2469 434 2494; x_wconf 82' lang='grc' dir='ltr'>ὁ</span> <span class='ocrx_word' id='word_1_635' title='bbox 455 2467 649 2502; x_wconf 83' lang='grc' dir='ltr'>εὐαγγελιστὴς</span> <span class='ocrx_word' id='word_1_636' title='bbox 660 2475 666 2482; x_wconf 91' lang='lat'>&#39;</span> <span class='ocrx_word' id='word_1_637' title='bbox 683 2468 706 2493; x_wconf 80' lang='grc' dir='ltr'><strong>οἱ</strong></span> <span class='ocrx_word' id='word_1_638' title='bbox 727 2469 763 2502; x_wconf 85' lang='grc' dir='ltr'>μὴ</span> <span class='ocrx_word' id='word_1_639' title='bbox 776 2467 903 2499; x_wconf 76' lang='grc' dir='ltr'>λαϐόντες</span> 
     </span>
    </p>
   </div>
   <div class='ocr_carea' id='block_1_83' title="bbox 118 2513 902 2547">
    <p class='ocr_par' dir='ltr' id='par_1_83' title="bbox 118 2513 902 2547">
     <span class='ocr_line' id='line_1_83' title="bbox 118 2513 902 2547; baseline -0.001 -6"><span class='ocrx_word' id='word_1_640' title='bbox 118 2514 211 2544; x_wconf 84' lang='grc' dir='ltr'>αὐτὸν,</span> <span class='ocrx_word' id='word_1_641' title='bbox 225 2514 279 2540; x_wconf 71' lang='grc' dir='ltr'><strong>οὐδ’</strong></span> <span class='ocrx_word' id='word_1_642' title='bbox 294 2514 327 2541; x_wconf 87' lang='grc' dir='ltr'><strong>ἂν</strong></span> <span class='ocrx_word' id='word_1_643' title='bbox 341 2515 369 2540; x_wconf 80' lang='grc' dir='ltr'><strong>ὲν</strong></span> <span class='ocrx_word' id='word_1_644' title='bbox 397 2513 502 2544; x_wconf 75' lang='grc' dir='ltr'>τέκνοις</span> <span class='ocrx_word' id='word_1_645' title='bbox 526 2513 593 2539; x_wconf 85' lang='grc' dir='ltr'>Θεοῦ</span> <span class='ocrx_word' id='word_1_646' title='bbox 616 2514 837 2547; x_wconf 81' lang='grc' dir='ltr'>καταλογισοεῖεν</span> <span class='ocrx_word' id='word_1_647' title='bbox 858 2515 902 2547; x_wconf 85' lang='grc' dir='ltr'><strong>ἂν,</strong></span> 
     </span>
    </p>
   </div>
   <div class='ocr_carea' id='block_1_84' title="bbox 118 2555 725 2592">
    <p class='ocr_par' dir='ltr' id='par_1_84' title="bbox 118 2555 725 2592">
     <span class='ocr_line' id='line_1_84' title="bbox 118 2555 725 2592; baseline -0.002 -8"><span class='ocrx_word' id='word_1_648' title='bbox 118 2559 177 2588; x_wconf 78' lang='grc' dir='ltr'>τὸν,</span> <span class='ocrx_word' id='word_1_649' title='bbox 193 2558 226 2584; x_wconf 73' lang='grc' dir='ltr'><strong>δι’</strong></span> <span class='ocrx_word' id='word_1_650' title='bbox 239 2555 269 2585; x_wconf 75' lang='grc' dir='ltr'>οὗ</span> <span class='ocrx_word' id='word_1_651' title='bbox 284 2558 362 2584; x_wconf 80' lang='grc' dir='ltr'>τοῦτο</span> <span class='ocrx_word' id='word_1_652' title='bbox 373 2558 500 2592; x_wconf 82' lang='grc' dir='ltr'>ὑπάρχει,</span> <span class='ocrx_word' id='word_1_653' title='bbox 514 2556 551 2592; x_wconf 77' lang='grc' dir='ltr'>μὴ</span> <span class='ocrx_word' id='word_1_654' title='bbox 567 2557 725 2591; x_wconf 74' lang='grc' dir='ltr'>ἐγνωκότες.</span> 
     </span>
    </p>
   </div>
   <div class='ocr_carea' id='block_1_85' title="bbox 159 2643 905 2682">
    <p class='ocr_par' dir='ltr' id='par_1_85' title="bbox 159 2643 905 2682">
     <span class='ocr_line' id='line_1_85' title="bbox 159 2643 905 2682; baseline 0.005 -12"><span class='ocrx_word' id='word_1_655' title='bbox 159 2655 167 2670; x_wconf 78' lang='grc' dir='ltr'><strong>ι</strong></span> <span class='ocrx_word' id='word_1_656' title='bbox 190 2645 237 2676; x_wconf 80' lang='grc' dir='ltr'><strong>Τίς</strong></span> <span class='ocrx_word' id='word_1_657' title='bbox 254 2645 281 2671; x_wconf 72' lang='grc' dir='ltr'>δέ</span> <span class='ocrx_word' id='word_1_658' title='bbox 295 2646 368 2671; x_wconf 76' lang='grc' dir='ltr'>ἔστιν</span> <span class='ocrx_word' id='word_1_659' title='bbox 392 2644 406 2670; x_wconf 87' lang='grc' dir='ltr'>ὁ</span> <span class='ocrx_word' id='word_1_660' title='bbox 429 2643 511 2670; x_wconf 86' lang='grc' dir='ltr'>νικῶν</span> <span class='ocrx_word' id='word_1_661' title='bbox 528 2643 574 2670; x_wconf 85' lang='grc' dir='ltr'><strong>τὸν</strong></span> <span class='ocrx_word' id='word_1_662' title='bbox 590 2644 708 2679; x_wconf 79' lang='grc' dir='ltr'>κόσμον,</span> <span class='ocrx_word' id='word_1_663' title='bbox 725 2646 749 2672; x_wconf 74' lang='grc' dir='ltr'><strong>εἰ</strong></span> <span class='ocrx_word' id='word_1_664' title='bbox 769 2645 806 2682; x_wconf 84' lang='grc' dir='ltr'>μὴ</span> <span class='ocrx_word' id='word_1_665' title='bbox 824 2647 839 2673; x_wconf 85' lang='grc' dir='ltr'><strong>ὁ</strong></span> <span class='ocrx_word' id='word_1_666' title='bbox 859 2655 905 2673; x_wconf 83' lang='grc' dir='ltr'>πι-</span> 
     </span>
    </p>
   </div>
   <div class='ocr_carea' id='block_1_86' title="bbox 122 2687 905 2726">
    <p class='ocr_par' dir='ltr' id='par_1_86' title="bbox 122 2687 905 2726">
     <span class='ocr_line' id='line_1_86' title="bbox 122 2687 905 2726; baseline 0.004 -10"><span class='ocrx_word' id='word_1_667' title='bbox 122 2691 224 2717; x_wconf 69' lang='grc' dir='ltr'>στεύων</span> <span class='ocrx_word' id='word_1_668' title='bbox 245 2691 286 2717; x_wconf 77' lang='grc' dir='ltr'>ὅτι</span> <span class='ocrx_word' id='word_1_669' title='bbox 304 2689 407 2726; x_wconf 77' lang='grc' dir='ltr'>Ἰησοῦς</span> <span class='ocrx_word' id='word_1_670' title='bbox 428 2690 501 2716; x_wconf 77' lang='grc' dir='ltr'>ἐστιν</span> <span class='ocrx_word' id='word_1_671' title='bbox 523 2690 537 2716; x_wconf 83' lang='grc' dir='ltr'><strong>ὁ</strong></span> <span class='ocrx_word' id='word_1_672' title='bbox 558 2687 621 2721; x_wconf 84' lang='grc' dir='ltr'>Υἱὸς</span> <span class='ocrx_word' id='word_1_673' title='bbox 647 2689 689 2716; x_wconf 79' lang='grc' dir='ltr'><strong>τοῦ</strong></span> <span class='ocrx_word' id='word_1_674' title='bbox 714 2690 797 2723; x_wconf 78' lang='grc' dir='ltr'>Θεοῢ;</span> <span class='ocrx_word' id='word_1_675' title='bbox 820 2689 905 2724; x_wconf 82' lang='grc' dir='ltr'>Οὗτός</span> 
     </span>
    </p>
   </div>
   <div class='ocr_carea' id='block_1_87' title="bbox 121 2734 904 2773">
    <p class='ocr_par' dir='ltr' id='par_1_87' title="bbox 121 2734 904 2773">
     <span class='ocr_line' id='line_1_87' title="bbox 121 2734 904 2773; baseline 0.004 -12"><span class='ocrx_word' id='word_1_676' title='bbox 121 2736 195 2762; x_wconf 79' lang='grc' dir='ltr'>ἐστιν</span> <span class='ocrx_word' id='word_1_677' title='bbox 219 2736 233 2761; x_wconf 85' lang='grc' dir='ltr'>ὁ</span> <span class='ocrx_word' id='word_1_678' title='bbox 257 2735 342 2762; x_wconf 75' lang='grc' dir='ltr'>ἐλθὼν</span> <span class='ocrx_word' id='word_1_679' title='bbox 356 2735 390 2761; x_wconf 72' lang='grc' dir='ltr'><strong>δι’</strong></span> <span class='ocrx_word' id='word_1_680' title='bbox 405 2734 501 2766; x_wconf 80' lang='grc' dir='ltr'>ὓδατος</span> <span class='ocrx_word' id='word_1_681' title='bbox 522 2735 569 2761; x_wconf 73' lang='grc' dir='ltr'>καὶ</span> <span class='ocrx_word' id='word_1_682' title='bbox 582 2734 697 2770; x_wconf 75' lang='grc' dir='ltr'>αἵματος</span> <span class='ocrx_word' id='word_1_683' title='bbox 714 2735 817 2770; x_wconf 79' lang='grc' dir='ltr'>Ἰησοῦς</span> <span class='ocrx_word' id='word_1_684' title='bbox 834 2737 904 2773; x_wconf 81' lang='grc' dir='ltr'>Χρι-</span> 
     </span>
    </p>
   </div>
   <div class='ocr_carea' id='block_1_88' title="bbox 158 2822 403 2857">
    <p class='ocr_par' dir='ltr' id='par_1_88' title="bbox 158 2822 403 2857">
     <span class='ocr_line' id='line_1_88' title="bbox 158 2822 403 2857; baseline -0.004 -7"><span class='ocrx_word' id='word_1_685' title='bbox 158 2824 181 2839; x_wconf 72' lang='grc'><strong>³⁸</strong></span> <span class='ocrx_word' id='word_1_686' title='bbox 199 2822 278 2852; x_wconf 78' lang='lat' dir='ltr'><strong>Joan.</strong></span> <span class='ocrx_word' id='word_1_687' title='bbox 297 2831 333 2857; x_wconf 79' lang='lat' dir='ltr'><strong>vr,</strong></span> <span class='ocrx_word' id='word_1_688' title='bbox 357 2822 403 2850; x_wconf 76' lang='grc'><strong>47.</strong></span> 
     </span>
    </p>
   </div>
   <div class='ocr_carea' id='block_1_89' title="bbox 441 2821 695 2855">
    <p class='ocr_par' dir='ltr' id='par_1_89' title="bbox 441 2821 695 2855">
     <span class='ocr_line' id='line_1_89' title="bbox 441 2821 695 2855; baseline 0 -6"><span class='ocrx_word' id='word_1_689' title='bbox 441 2822 464 2838; x_wconf 80' lang='grc'><strong><em>⁵³</em></strong></span> <span class='ocrx_word' id='word_1_690' title='bbox 478 2821 486 2849; x_wconf 88' lang='grc' dir='ltr'><strong>ι</strong></span> <span class='ocrx_word' id='word_1_691' title='bbox 503 2821 580 2850; x_wconf 82' lang='lat' dir='ltr'><strong>Joau.</strong></span> <span class='ocrx_word' id='word_1_692' title='bbox 595 2829 636 2855; x_wconf 88' lang='grc' dir='ltr'>ιιι,</span> <span class='ocrx_word' id='word_1_693' title='bbox 649 2822 695 2849; x_wconf 74' lang='grc'><strong>25.</strong></span> 
     </span>
    </p>
   </div>
   <div class='ocr_carea' id='block_1_90' title="bbox 124 2859 204 2893">
    <p class='ocr_par' dir='ltr' id='par_1_90' title="bbox 124 2859 204 2893">
     <span class='ocr_line' id='line_1_90' title="bbox 124 2859 204 2893; baseline -0.038 -5"><span class='ocrx_word' id='word_1_694' title='bbox 124 2869 144 2893; x_wconf 82' lang='grc' dir='ltr'><strong>ι,</strong></span> <span class='ocrx_word' id='word_1_695' title='bbox 162 2859 204 2886; x_wconf 73' lang='grc' dir='ltr'><strong>Η.</strong></span> 
     </span>
    </p>
   </div>
   <div class='ocr_carea' id='block_1_91' title="bbox 734 2822 1014 2859">
    <p class='ocr_par' dir='ltr' id='par_1_91' title="bbox 734 2822 1014 2859">
     <span class='ocr_line' id='line_1_91' title="bbox 734 2822 1014 2859; baseline 0.011 -9"><span class='ocrx_word' id='word_1_696' title='bbox 734 2822 780 2850; x_wconf 76' lang='grc'><strong>⁵⁸1</strong></span> <span class='ocrx_word' id='word_1_697' title='bbox 797 2823 872 2852; x_wconf 84' lang='lat' dir='ltr'><strong>Joan.</strong></span> <span class='ocrx_word' id='word_1_698' title='bbox 891 2833 926 2859; x_wconf 85' lang='lat' dir='ltr'><strong>tv,</strong></span> <span class='ocrx_word' id='word_1_699' title='bbox 945 2827 972 2859; x_wconf 71' lang='lat' dir='ltr'><strong>tl,</strong></span> <span class='ocrx_word' id='word_1_700' title='bbox 987 2827 1014 2854; x_wconf 82' lang='grc'><strong>5.</strong></span> 
     </span>
    </p>
   </div>
   <div class='ocr_carea' id='block_1_92' title="bbox 946 1601 1728 1637">
    <p class='ocr_par' dir='ltr' id='par_1_92' title="bbox 946 1601 1728 1637">
     <span class='ocr_line' id='line_1_92' title="bbox 946 1601 1728 1637; baseline 0.001 -9"><span class='ocrx_word' id='word_1_701' title='bbox 946 1601 972 1628; x_wconf 91' lang='lat' dir='ltr'><strong>in</strong></span> <span class='ocrx_word' id='word_1_702' title='bbox 990 1608 1022 1628; x_wconf 88' lang='lat' dir='ltr'><strong>eo</strong></span> <span class='ocrx_word' id='word_1_703' title='bbox 1046 1607 1146 1634; x_wconf 84' lang='lat' dir='ltr'><strong>manet,</strong></span> <span class='ocrx_word' id='word_1_704' title='bbox 1163 1607 1190 1628; x_wconf 90' lang='lat' dir='ltr'><strong>et</strong></span> <span class='ocrx_word' id='word_1_705' title='bbox 1208 1602 1265 1635; x_wconf 84' lang='lat' dir='ltr'><strong>ipse</strong></span> <span class='ocrx_word' id='word_1_706' title='bbox 1292 1602 1319 1629; x_wconf 93' lang='lat' dir='ltr'><strong>in</strong></span> <span class='ocrx_word' id='word_1_707' title='bbox 1345 1602 1398 1629; x_wconf 85' lang='lat' dir='ltr'><strong>Deo</strong></span> <span class='ocrx_word' id='word_1_708' title='bbox 1414 1602 1448 1629; x_wconf 80' lang='grc'><strong>⁸⁷.</strong></span> <span class='ocrx_word' id='word_1_709' title='bbox 1467 1611 1475 1627; x_wconf 82' lang='grc' dir='ltr'><strong>ι</strong></span> <span class='ocrx_word' id='word_1_710' title='bbox 1497 1601 1667 1637; x_wconf 76' lang='lat' dir='ltr'><strong>Unigcuitum</strong></span> <span class='ocrx_word' id='word_1_711' title='bbox 1683 1602 1728 1629; x_wconf 76' lang='lat' dir='ltr'><strong>Dei</strong></span> 
     </span>
    </p>
   </div>
   <div class='ocr_carea' id='block_1_93' title="bbox 947 1645 1728 1683">
    <p class='ocr_par' dir='ltr' id='par_1_93' title="bbox 947 1645 1728 1683">
     <span class='ocr_line' id='line_1_93' title="bbox 947 1645 1728 1683; baseline 0.005 -12"><span class='ocrx_word' id='word_1_712' title='bbox 947 1645 1053 1676; x_wconf 83' lang='lat' dir='ltr'><strong>Filium,</strong></span> <span class='ocrx_word' id='word_1_713' title='bbox 1069 1646 1119 1673; x_wconf 85' lang='lat' dir='ltr'><strong>hoc</strong></span> <span class='ocrx_word' id='word_1_714' title='bbox 1126 1651 1168 1674; x_wconf 89' lang='lat' dir='ltr'><strong>est</strong></span> <span class='ocrx_word' id='word_1_715' title='bbox 1178 1647 1294 1674; x_wconf 83' lang='lat' dir='ltr'><strong>Verbum</strong></span> <span class='ocrx_word' id='word_1_716' title='bbox 1305 1647 1377 1682; x_wconf 86' lang='lat' dir='ltr'><strong>quod</strong></span> <span class='ocrx_word' id='word_1_717' title='bbox 1387 1648 1545 1675; x_wconf 83' lang='lat' dir='ltr'><strong>naturaliter</strong></span> <span class='ocrx_word' id='word_1_718' title='bbox 1555 1656 1588 1675; x_wconf 84' lang='lat' dir='ltr'><strong>ex</strong></span> <span class='ocrx_word' id='word_1_719' title='bbox 1602 1649 1655 1675; x_wconf 67' lang='lat' dir='ltr'><strong>Deo</strong></span> <span class='ocrx_word' id='word_1_720' title='bbox 1665 1656 1728 1683; x_wconf 86' lang='lat' dir='ltr'><strong>pro-</strong></span> 
     </span>
    </p>
   </div>
   <div class='ocr_carea' id='block_1_94' title="bbox 950 1691 1731 1729">
    <p class='ocr_par' dir='ltr' id='par_1_94' title="bbox 950 1691 1731 1729">
     <span class='ocr_line' id='line_1_94' title="bbox 950 1691 1731 1729; baseline 0.001 -11"><span class='ocrx_word' id='word_1_721' title='bbox 950 1691 1063 1729; x_wconf 80' lang='lat' dir='ltr'><strong>cedit,_a</strong></span> <span class='ocrx_word' id='word_1_722' title='bbox 1087 1691 1143 1719; x_wconf 85' lang='lat' dir='ltr'><strong>Deo</strong></span> <span class='ocrx_word' id='word_1_723' title='bbox 1163 1697 1190 1719; x_wconf 90' lang='lat' dir='ltr'><strong>et</strong></span> <span class='ocrx_word' id='word_1_724' title='bbox 1206 1691 1287 1719; x_wconf 83' lang='lat' dir='ltr'><strong>Patre</strong></span> <span class='ocrx_word' id='word_1_725' title='bbox 1302 1693 1414 1720; x_wconf 87' lang='lat' dir='ltr'><strong>missum</strong></span> <span class='ocrx_word' id='word_1_726' title='bbox 1431 1694 1611 1728; x_wconf 80' lang='lat' dir='ltr'><strong>agnoscimus.</strong></span> <span class='ocrx_word' id='word_1_727' title='bbox 1624 1694 1677 1729; x_wconf 85' lang='lat'><strong>95</strong></span> <span class='ocrx_word' id='word_1_728' title='bbox 1691 1695 1731 1720; x_wconf 79' lang='lat' dir='ltr'><strong>ld-</strong></span> 
     </span>
    </p>
   </div>
   <div class='ocr_carea' id='block_1_95' title="bbox 948 1726 1732 1774">
    <p class='ocr_par' dir='ltr' id='par_1_95' title="bbox 948 1726 1732 1774">
     <span class='ocr_line' id='line_1_95' title="bbox 948 1726 1732 1774; baseline 0.003 -10"><span class='ocrx_word' id='word_1_729' title='bbox 948 1726 1135 1772; x_wconf 46' lang='lat' dir='ltr'><strong>ipsum‘autem</strong></span> <span class='ocrx_word' id='word_1_730' title='bbox 1154 1742 1209 1765; x_wconf 89' lang='lat' dir='ltr'><strong>tum</strong></span> <span class='ocrx_word' id='word_1_731' title='bbox 1230 1739 1338 1766; x_wconf 83' lang='lat' dir='ltr'><strong>demum</strong></span> <span class='ocrx_word' id='word_1_732' title='bbox 1353 1738 1445 1766; x_wconf 71' lang='lat' dir='ltr'><strong>losum</strong></span> <span class='ocrx_word' id='word_1_733' title='bbox 1470 1739 1631 1774; x_wconf 83' lang='lat' dir='ltr'><strong>appellatum</strong></span> <span class='ocrx_word' id='word_1_734' title='bbox 1650 1741 1732 1767; x_wconf 75' lang='lat' dir='ltr'><strong>luisse</strong></span> 
     </span>
    </p>
   </div>
   <div class='ocr_carea' id='block_1_96' title="bbox 948 1785 1731 1819">
    <p class='ocr_par' dir='ltr' id='par_1_96' title="bbox 948 1785 1731 1819">
     <span class='ocr_line' id='line_1_96' title="bbox 948 1785 1731 1819; baseline 0.001 -7"><span class='ocrx_word' id='word_1_735' title='bbox 948 1791 1146 1817; x_wconf 79' lang='lat' dir='ltr'><strong>asseveramus,</strong></span> <span class='ocrx_word' id='word_1_736' title='bbox 1161 1792 1221 1812; x_wconf 90' lang='lat' dir='ltr'><strong>cum</strong></span> <span class='ocrx_word' id='word_1_737' title='bbox 1237 1785 1435 1819; x_wconf 81' lang='lat' dir='ltr'><strong>dispensatorie</strong></span> <span class='ocrx_word' id='word_1_738' title='bbox 1450 1787 1597 1813; x_wconf 87' lang='lat' dir='ltr'><strong>secumlmu</strong></span> <span class='ocrx_word' id='word_1_739' title='bbox 1622 1794 1731 1813; x_wconf 79' lang='lat' dir='ltr'><strong>carnem</strong></span> 
     </span>
    </p>
   </div>
   <div class='ocr_carea' id='block_1_97' title="bbox 947 1830 1731 1866">
    <p class='ocr_par' dir='ltr' id='par_1_97' title="bbox 947 1830 1731 1866">
     <span class='ocr_line' id='line_1_97' title="bbox 947 1830 1731 1866; baseline 0 -8"><span class='ocrx_word' id='word_1_740' title='bbox 947 1838 981 1858; x_wconf 84' lang='lat' dir='ltr'><strong>ex</strong></span> <span class='ocrx_word' id='word_1_741' title='bbox 1009 1830 1122 1857; x_wconf 87' lang='lat' dir='ltr'><strong>muliere</strong></span> <span class='ocrx_word' id='word_1_742' title='bbox 1146 1831 1220 1857; x_wconf 84' lang='lat' dir='ltr'><strong>nasci</strong></span> <span class='ocrx_word' id='word_1_743' title='bbox 1245 1831 1416 1865; x_wconf 74' lang='lat' dir='ltr'><strong>dedignatum</strong></span> <span class='ocrx_word' id='word_1_744' title='bbox 1433 1840 1484 1858; x_wconf 88' lang='lat' dir='ltr'><strong>non</strong></span> <span class='ocrx_word' id='word_1_745' title='bbox 1509 1836 1560 1858; x_wconf 85' lang='lat' dir='ltr'><strong>est.</strong></span> <span class='ocrx_word' id='word_1_746' title='bbox 1576 1831 1622 1858; x_wconf 79' lang='lat' dir='ltr'><strong>Dei</strong></span> <span class='ocrx_word' id='word_1_747' title='bbox 1639 1832 1731 1866; x_wconf 81' lang='lat' dir='ltr'><strong>itaque</strong></span> 
     </span>
    </p>
   </div>
   <div class='ocr_carea' id='block_1_98' title="bbox 949 1875 1733 1911">
    <p class='ocr_par' dir='ltr' id='par_1_98' title="bbox 949 1875 1733 1911">
     <span class='ocr_line' id='line_1_98' title="bbox 949 1875 1733 1911; baseline 0.001 -9"><span class='ocrx_word' id='word_1_748' title='bbox 949 1875 1066 1903; x_wconf 82' lang='lat' dir='ltr'><strong>Verbum</strong></span> <span class='ocrx_word' id='word_1_749' title='bbox 1090 1875 1169 1902; x_wconf 88' lang='lat' dir='ltr'><strong>homo</strong></span> <span class='ocrx_word' id='word_1_750' title='bbox 1189 1875 1287 1902; x_wconf 77' lang='lat' dir='ltr'><strong>factum</strong></span> <span class='ocrx_word' id='word_1_751' title='bbox 1302 1881 1354 1903; x_wconf 88' lang='lat' dir='ltr'><strong>est.</strong></span> <span class='ocrx_word' id='word_1_752' title='bbox 1370 1877 1401 1903; x_wconf 81' lang='lat' dir='ltr'><strong>Et</strong></span> <span class='ocrx_word' id='word_1_753' title='bbox 1418 1877 1440 1904; x_wconf 90' lang='lat' dir='ltr'><strong>si</strong></span> <span class='ocrx_word' id='word_1_754' title='bbox 1453 1877 1559 1911; x_wconf 86' lang='lat' dir='ltr'><strong>quisita</strong></span> <span class='ocrx_word' id='word_1_755' title='bbox 1580 1877 1733 1911; x_wconf 81' lang='lat' dir='ltr'><strong>proﬁtetur.</strong></span> 
     </span>
    </p>
   </div>
   <div class='ocr_carea' id='block_1_99' title="bbox 950 1921 1732 1957">
    <p class='ocr_par' dir='ltr' id='par_1_99' title="bbox 950 1921 1732 1957">
     <span class='ocr_line' id='line_1_99' title="bbox 950 1921 1732 1957; baseline 0 -8"><span class='ocrx_word' id='word_1_756' title='bbox 950 1922 972 1949; x_wconf 90' lang='lat' dir='ltr'><strong>is</strong></span> <span class='ocrx_word' id='word_1_757' title='bbox 988 1921 1070 1949; x_wconf 84' lang='lat' dir='ltr'><strong>Deum</strong></span> <span class='ocrx_word' id='word_1_758' title='bbox 1088 1921 1115 1948; x_wconf 90' lang='lat' dir='ltr'><strong>iu</strong></span> <span class='ocrx_word' id='word_1_759' title='bbox 1143 1929 1172 1948; x_wconf 90' lang='lat' dir='ltr'><strong>se</strong></span> <span class='ocrx_word' id='word_1_760' title='bbox 1198 1926 1352 1948; x_wconf 87' lang='lat' dir='ltr'><strong>manentem</strong></span> <span class='ocrx_word' id='word_1_761' title='bbox 1383 1923 1474 1954; x_wconf 83' lang='lat' dir='ltr'><strong>habcl,</strong></span> <span class='ocrx_word' id='word_1_762' title='bbox 1493 1928 1521 1949; x_wconf 83' lang='lat' dir='ltr'><strong>et</strong></span> <span class='ocrx_word' id='word_1_763' title='bbox 1537 1923 1594 1957; x_wconf 85' lang='lat' dir='ltr'><strong>ipse</strong></span> <span class='ocrx_word' id='word_1_764' title='bbox 1613 1923 1732 1950; x_wconf 86' lang='lat' dir='ltr'><strong>vicissim</strong></span> 
     </span>
    </p>
   </div>
   <div class='ocr_carea' id='block_1_100' title="bbox 950 1966 1734 2000">
    <p class='ocr_par' dir='ltr' id='par_1_100' title="bbox 950 1966 1734 2000">
     <span class='ocr_line' id='line_1_100' title="bbox 950 1966 1734 2000; baseline 0 -5"><span class='ocrx_word' id='word_1_765' title='bbox 950 1969 977 1995; x_wconf 93' lang='lat' dir='ltr'><strong>in</strong></span> <span class='ocrx_word' id='word_1_766' title='bbox 993 1968 1046 1995; x_wconf 88' lang='lat' dir='ltr'><strong>Deo</strong></span> <span class='ocrx_word' id='word_1_767' title='bbox 1058 1967 1186 1995; x_wconf 86' lang='lat' dir='ltr'><strong>manebit.</strong></span> <span class='ocrx_word' id='word_1_768' title='bbox 1202 1966 1400 1995; x_wconf 77' lang='lat' dir='ltr'><strong>Recordabitur</strong></span> <span class='ocrx_word' id='word_1_769' title='bbox 1415 1969 1486 1995; x_wconf 88' lang='lat' dir='ltr'><strong>enim</strong></span> <span class='ocrx_word' id='word_1_770' title='bbox 1506 1969 1588 2000; x_wconf 87' lang='lat' dir='ltr'><strong>illius,</strong></span> <span class='ocrx_word' id='word_1_771' title='bbox 1606 1976 1637 1996; x_wconf 88' lang='lat' dir='ltr'><strong>ac</strong></span> <span class='ocrx_word' id='word_1_772' title='bbox 1653 1969 1734 1995; x_wconf 85' lang='lat' dir='ltr'><strong>veluti</strong></span> 
     </span>
    </p>
   </div>
   <div class='ocr_carea' id='block_1_101' title="bbox 950 2013 1736 2047">
    <p class='ocr_par' dir='ltr' id='par_1_101' title="bbox 950 2013 1736 2047">
     <span class='ocr_line' id='line_1_101' title="bbox 950 2013 1736 2047; baseline -0.001 -6"><span class='ocrx_word' id='word_1_773' title='bbox 950 2014 1078 2042; x_wconf 87' lang='lat' dir='ltr'><strong>societate</strong></span> <span class='ocrx_word' id='word_1_774' title='bbox 1088 2013 1204 2047; x_wconf 81' lang='lat' dir='ltr'><strong>quadam</strong></span> <span class='ocrx_word' id='word_1_775' title='bbox 1219 2013 1390 2046; x_wconf 77' lang='lat' dir='ltr'><strong>coniunctum</strong></span> <span class='ocrx_word' id='word_1_776' title='bbox 1407 2014 1478 2041; x_wconf 90' lang='lat' dir='ltr'><strong>inter</strong></span> <span class='ocrx_word' id='word_1_777' title='bbox 1488 2014 1633 2042; x_wconf 74' lang='lat' dir='ltr'><strong>fatiiiliares</strong></span> <span class='ocrx_word' id='word_1_778' title='bbox 1643 2021 1736 2041; x_wconf 76' lang='lat' dir='ltr'><strong>nume-</strong></span> 
     </span>
    </p>
   </div>
   <div class='ocr_carea' id='block_1_102' title="bbox 951 2058 1734 2093">
    <p class='ocr_par' dir='ltr' id='par_1_102' title="bbox 951 2058 1734 2093">
     <span class='ocr_line' id='line_1_102' title="bbox 951 2058 1734 2093; baseline -0.001 -6"><span class='ocrx_word' id='word_1_779' title='bbox 951 2059 1031 2087; x_wconf 81' lang='lat' dir='ltr'><strong>rabit.</strong></span> <span class='ocrx_word' id='word_1_780' title='bbox 1050 2059 1141 2093; x_wconf 79' lang='lat' dir='ltr'><strong>Atqui</strong></span> <span class='ocrx_word' id='word_1_781' title='bbox 1155 2059 1243 2093; x_wconf 86' lang='lat' dir='ltr'><strong>ipsum</strong></span> <span class='ocrx_word' id='word_1_782' title='bbox 1264 2058 1310 2086; x_wconf 86' lang='lat' dir='ltr'><strong>Dei</strong></span> <span class='ocrx_word' id='word_1_783' title='bbox 1323 2059 1409 2086; x_wconf 81' lang='lat' dir='ltr'><strong>Patris</strong></span> <span class='ocrx_word' id='word_1_784' title='bbox 1425 2058 1542 2087; x_wconf 86' lang='lat' dir='ltr'><strong>Verbum</strong></span> <span class='ocrx_word' id='word_1_785' title='bbox 1559 2067 1620 2088; x_wconf 86' lang='lat' dir='ltr'><strong>esse</strong></span> <span class='ocrx_word' id='word_1_786' title='bbox 1630 2059 1734 2092; x_wconf 79' lang='lat' dir='ltr'><strong>Jesmu,</strong></span> 
     </span>
    </p>
   </div>
   <div class='ocr_carea' id='block_1_103' title="bbox 951 2105 1735 2133">
    <p class='ocr_par' dir='ltr' id='par_1_103' title="bbox 951 2105 1735 2133">
     <span class='ocr_line' id='line_1_103' title="bbox 951 2105 1735 2133; baseline 0 -1"><span class='ocrx_word' id='word_1_787' title='bbox 951 2110 978 2132; x_wconf 91' lang='lat' dir='ltr'><strong>et</strong></span> <span class='ocrx_word' id='word_1_788' title='bbox 994 2105 1019 2132; x_wconf 93' lang='lat' dir='ltr'><strong>in</strong></span> <span class='ocrx_word' id='word_1_789' title='bbox 1040 2105 1184 2131; x_wconf 83' lang='lat' dir='ltr'><strong>humanam</strong></span> <span class='ocrx_word' id='word_1_790' title='bbox 1210 2110 1334 2131; x_wconf 82' lang='lat' dir='ltr'><strong>naturam</strong></span> <span class='ocrx_word' id='word_1_791' title='bbox 1349 2112 1378 2132; x_wconf 87' lang='lat' dir='ltr'><strong>se</strong></span> <span class='ocrx_word' id='word_1_792' title='bbox 1394 2105 1536 2133; x_wconf 87' lang='lat' dir='ltr'><strong>demisisse</strong></span> <span class='ocrx_word' id='word_1_793' title='bbox 1556 2113 1607 2132; x_wconf 89' lang='lat' dir='ltr'><strong>non</strong></span> <span class='ocrx_word' id='word_1_794' title='bbox 1624 2106 1735 2132; x_wconf 85' lang='lat' dir='ltr'><strong>conﬁte-</strong></span> 
     </span>
    </p>
   </div>
   <div class='ocr_carea' id='block_1_104' title="bbox 952 2150 1735 2186">
    <p class='ocr_par' dir='ltr' id='par_1_104' title="bbox 952 2150 1735 2186">
     <span class='ocr_line' id='line_1_104' title="bbox 952 2150 1735 2186; baseline 0.003 -9"><span class='ocrx_word' id='word_1_795' title='bbox 952 2157 1006 2182; x_wconf 91' lang='lat' dir='ltr'><strong>tur,</strong></span> <span class='ocrx_word' id='word_1_796' title='bbox 1023 2151 1067 2177; x_wconf 89' lang='lat' dir='ltr'><strong>ille</strong></span> <span class='ocrx_word' id='word_1_797' title='bbox 1085 2158 1170 2185; x_wconf 85' lang='lat' dir='ltr'><strong>neque</strong></span> <span class='ocrx_word' id='word_1_798' title='bbox 1188 2150 1272 2177; x_wconf 84' lang='lat' dir='ltr'><strong>Deum</strong></span> <span class='ocrx_word' id='word_1_799' title='bbox 1288 2150 1423 2182; x_wconf 85' lang='lat' dir='ltr'><strong>obtinere,</strong></span> <span class='ocrx_word' id='word_1_800' title='bbox 1441 2158 1527 2185; x_wconf 84' lang='lat' dir='ltr'><strong>neque</strong></span> <span class='ocrx_word' id='word_1_801' title='bbox 1538 2159 1585 2186; x_wconf 70' lang='lat' dir='ltr'><strong>per</strong></span> <span class='ocrx_word' id='word_1_802' title='bbox 1606 2152 1735 2185; x_wconf 79' lang='lat' dir='ltr'><strong>spiritalis</strong></span> 
     </span>
    </p>
   </div>
   <div class='ocr_carea' id='block_1_105' title="bbox 954 2196 1734 2232">
    <p class='ocr_par' dir='ltr' id='par_1_105' title="bbox 954 2196 1734 2232">
     <span class='ocr_line' id='line_1_105' title="bbox 954 2196 1734 2232; baseline 0.003 -9"><span class='ocrx_word' id='word_1_803' title='bbox 954 2196 1144 2224; x_wconf 79' lang='lat' dir='ltr'><strong>iarniliaritatis</strong></span> <span class='ocrx_word' id='word_1_804' title='bbox 1158 2196 1265 2223; x_wconf 91' lang='lat' dir='ltr'><strong>modum</strong></span> <span class='ocrx_word' id='word_1_805' title='bbox 1282 2196 1334 2223; x_wconf 77' lang='lat' dir='ltr'><strong>ulla</strong></span> <span class='ocrx_word' id='word_1_806' title='bbox 1358 2196 1463 2224; x_wconf 83' lang='lat' dir='ltr'><strong>ratione</strong></span> <span class='ocrx_word' id='word_1_807' title='bbox 1474 2197 1500 2223; x_wconf 93' lang='lat' dir='ltr'><strong>in</strong></span> <span class='ocrx_word' id='word_1_808' title='bbox 1513 2198 1571 2232; x_wconf 87' lang='lat' dir='ltr'><strong>ipso</strong></span> <span class='ocrx_word' id='word_1_809' title='bbox 1584 2198 1734 2225; x_wconf 80' lang='lat' dir='ltr'><strong>consistere</strong></span> 
     </span>
    </p>
   </div>
   <div class='ocr_carea' id='block_1_106' title="bbox 951 2241 1060 2277">
    <p class='ocr_par' dir='ltr' id='par_1_106' title="bbox 951 2241 1060 2277">
     <span class='ocr_line' id='line_1_106' title="bbox 951 2241 1060 2277; baseline -0.009 -8"><span class='ocrx_word' id='word_1_810' title='bbox 951 2241 1060 2277; x_wconf 83' lang='lat' dir='ltr'><strong>poterit.</strong></span> 
     </span>
    </p>
   </div>
   <div class='ocr_carea' id='block_1_107' title="bbox 988 2286 1734 2322">
    <p class='ocr_par' dir='ltr' id='par_1_107' title="bbox 988 2286 1734 2322">
     <span class='ocr_line' id='line_1_107' title="bbox 988 2286 1734 2322; baseline 0.003 -9"><span class='ocrx_word' id='word_1_811' title='bbox 988 2297 998 2313; x_wconf 73' lang='grc' dir='ltr'>ί</span> <span class='ocrx_word' id='word_1_812' title='bbox 1018 2287 1113 2315; x_wconf 90' lang='lat' dir='ltr'><strong>Omnis</strong></span> <span class='ocrx_word' id='word_1_813' title='bbox 1128 2287 1172 2322; x_wconf 90' lang='lat' dir='ltr'><strong>qui</strong></span> <span class='ocrx_word' id='word_1_814' title='bbox 1183 2287 1268 2314; x_wconf 86' lang='lat' dir='ltr'><strong>credit</strong></span> <span class='ocrx_word' id='word_1_815' title='bbox 1283 2287 1412 2322; x_wconf 89' lang='lat' dir='ltr'><strong>quoniam</strong></span> <span class='ocrx_word' id='word_1_816' title='bbox 1437 2286 1517 2315; x_wconf 80' lang='lat' dir='ltr'><strong>Jcsus</strong></span> <span class='ocrx_word' id='word_1_817' title='bbox 1538 2292 1580 2315; x_wconf 82' lang='lat' dir='ltr'><strong>est</strong></span> <span class='ocrx_word' id='word_1_818' title='bbox 1597 2288 1734 2321; x_wconf 82' lang='lat' dir='ltr'><strong>Christus,</strong></span> 
     </span>
    </p>
   </div>
   <div class='ocr_carea' id='block_1_108' title="bbox 951 2333 1736 2367">
    <p class='ocr_par' dir='ltr' id='par_1_108' title="bbox 951 2333 1736 2367">
     <span class='ocr_line' id='line_1_108' title="bbox 951 2333 1736 2367; baseline 0.003 -7"><span class='ocrx_word' id='word_1_819' title='bbox 951 2341 983 2360; x_wconf 81' lang='lat' dir='ltr'><strong>ex</strong></span> <span class='ocrx_word' id='word_1_820' title='bbox 999 2333 1053 2360; x_wconf 84' lang='lat' dir='ltr'><strong>Deo</strong></span> <span class='ocrx_word' id='word_1_821' title='bbox 1067 2339 1147 2360; x_wconf 89' lang='lat' dir='ltr'><strong>natus</strong></span> <span class='ocrx_word' id='word_1_822' title='bbox 1164 2338 1208 2360; x_wconf 86' lang='lat' dir='ltr'><strong>est</strong></span> <span class='ocrx_word' id='word_1_823' title='bbox 1221 2333 1254 2359; x_wconf 82' lang='grc'><strong>⁸⁸.</strong></span> <span class='ocrx_word' id='word_1_824' title='bbox 1266 2342 1275 2359; x_wconf 69' lang='grc' dir='ltr'><strong>ι</strong></span> <span class='ocrx_word' id='word_1_825' title='bbox 1294 2333 1345 2365; x_wconf 86' lang='lat' dir='ltr'><strong>Qui</strong></span> <span class='ocrx_word' id='word_1_826' title='bbox 1365 2333 1449 2367; x_wconf 80' lang='lat' dir='ltr'><strong>igitur</strong></span> <span class='ocrx_word' id='word_1_827' title='bbox 1477 2333 1503 2360; x_wconf 88' lang='lat' dir='ltr'><strong>id</strong></span> <span class='ocrx_word' id='word_1_828' title='bbox 1520 2341 1575 2360; x_wconf 90' lang='lat' dir='ltr'><strong>non</strong></span> <span class='ocrx_word' id='word_1_829' title='bbox 1590 2335 1687 2367; x_wconf 85' lang='lat' dir='ltr'><strong>credit,</strong></span> <span class='ocrx_word' id='word_1_830' title='bbox 1713 2335 1736 2362; x_wconf 86' lang='lat' dir='ltr'><strong>is</strong></span> 
     </span>
    </p>
   </div>
   <div class='ocr_carea' id='block_1_109' title="bbox 952 2379 1734 2413">
    <p class='ocr_par' dir='ltr' id='par_1_109' title="bbox 952 2379 1734 2413">
     <span class='ocr_line' id='line_1_109' title="bbox 952 2379 1734 2413; baseline 0.001 -7"><span class='ocrx_word' id='word_1_831' title='bbox 952 2379 1023 2406; x_wconf 86' lang='lat' dir='ltr'><strong>inter</strong></span> <span class='ocrx_word' id='word_1_832' title='bbox 1040 2379 1085 2406; x_wconf 88' lang='lat' dir='ltr'><strong>Dei</strong></span> <span class='ocrx_word' id='word_1_833' title='bbox 1098 2379 1167 2406; x_wconf 86' lang='lat' dir='ltr'><strong>ﬁlios</strong></span> <span class='ocrx_word' id='word_1_834' title='bbox 1180 2379 1272 2406; x_wconf 83' lang='lat' dir='ltr'><strong>haberi</strong></span> <span class='ocrx_word' id='word_1_835' title='bbox 1291 2379 1395 2413; x_wconf 83' lang='lat' dir='ltr'><strong>nequit.</strong></span> <span class='ocrx_word' id='word_1_836' title='bbox 1424 2379 1491 2406; x_wconf 71' lang='lat' dir='ltr'><strong>Nam</strong></span> <span class='ocrx_word' id='word_1_837' title='bbox 1508 2380 1531 2406; x_wconf 91' lang='lat' dir='ltr'><strong>si</strong></span> <span class='ocrx_word' id='word_1_838' title='bbox 1549 2380 1583 2407; x_wconf 92' lang='lat' dir='ltr'><strong>iis</strong></span> <span class='ocrx_word' id='word_1_839' title='bbox 1596 2380 1734 2413; x_wconf 87' lang='lat' dir='ltr'><strong>omnibus,</strong></span> 
     </span>
    </p>
   </div>
   <div class='ocr_carea' id='block_1_110' title="bbox 953 2424 1736 2459">
    <p class='ocr_par' dir='ltr' id='par_1_110' title="bbox 953 2424 1736 2459">
     <span class='ocr_line' id='line_1_110' title="bbox 953 2424 1736 2459; baseline 0.001 -8"><span class='ocrx_word' id='word_1_840' title='bbox 953 2425 999 2459; x_wconf 87' lang='lat' dir='ltr'><strong>qui</strong></span> <span class='ocrx_word' id='word_1_841' title='bbox 1015 2424 1112 2452; x_wconf 83' lang='lat' dir='ltr'><strong>Filium</strong></span> <span class='ocrx_word' id='word_1_842' title='bbox 1138 2429 1308 2459; x_wconf 83' lang='lat' dir='ltr'><strong>receperunt,</strong></span> <span class='ocrx_word' id='word_1_843' title='bbox 1330 2429 1491 2459; x_wconf 83' lang='lat' dir='ltr'><strong>potestatem</strong></span> <span class='ocrx_word' id='word_1_844' title='bbox 1513 2425 1586 2452; x_wconf 86' lang='lat' dir='ltr'><strong>dedit</strong></span> <span class='ocrx_word' id='word_1_845' title='bbox 1602 2426 1671 2452; x_wconf 87' lang='lat' dir='ltr'><strong>ﬁlios</strong></span> <span class='ocrx_word' id='word_1_846' title='bbox 1691 2426 1736 2452; x_wconf 75' lang='lat' dir='ltr'><strong>Dei</strong></span> 
     </span>
    </p>
   </div>
   <div class='ocr_carea' id='block_1_111' title="bbox 955 2471 1736 2506">
    <p class='ocr_par' dir='ltr' id='par_1_111' title="bbox 955 2471 1736 2506">
     <span class='ocr_line' id='line_1_111' title="bbox 955 2471 1736 2506; baseline 0.003 -10"><span class='ocrx_word' id='word_1_847' title='bbox 955 2471 1024 2501; x_wconf 85' lang='lat' dir='ltr'><strong>ﬁeri,</strong></span> <span class='ocrx_word' id='word_1_848' title='bbox 1041 2477 1068 2497; x_wconf 88' lang='grc' dir='ltr'><strong>ιιι</strong></span> <span class='ocrx_word' id='word_1_849' title='bbox 1091 2471 1255 2506; x_wconf 79' lang='lat' dir='ltr'><strong>evangelista</strong></span> <span class='ocrx_word' id='word_1_850' title='bbox 1281 2475 1395 2498; x_wconf 87' lang='lat' dir='ltr'><strong>testatur</strong></span> <span class='ocrx_word' id='word_1_851' title='bbox 1410 2471 1449 2501; x_wconf 80' lang='lat'><strong>&quot;;</strong></span> <span class='ocrx_word' id='word_1_852' title='bbox 1464 2478 1632 2505; x_wconf 79' lang='lat' dir='ltr'><strong>consequens</strong></span> <span class='ocrx_word' id='word_1_853' title='bbox 1652 2471 1697 2504; x_wconf 86' lang='lat' dir='ltr'><strong>sit,</strong></span> <span class='ocrx_word' id='word_1_854' title='bbox 1715 2474 1736 2499; x_wconf 76' lang='lat' dir='ltr'><strong>si</strong></span> 
     </span>
    </p>
   </div>
   <div class='ocr_carea' id='block_1_112' title="bbox 955 2516 1738 2551">
    <p class='ocr_par' dir='ltr' id='par_1_112' title="bbox 955 2516 1738 2551">
     <span class='ocr_line' id='line_1_112' title="bbox 955 2516 1738 2551; baseline 0.003 -9"><span class='ocrx_word' id='word_1_855' title='bbox 955 2517 1000 2550; x_wconf 92' lang='lat' dir='ltr'><strong>qui</strong></span> <span class='ocrx_word' id='word_1_856' title='bbox 1015 2516 1089 2543; x_wconf 90' lang='lat' dir='ltr'><strong>illum</strong></span> <span class='ocrx_word' id='word_1_857' title='bbox 1106 2524 1158 2544; x_wconf 89' lang='lat' dir='ltr'><strong>non</strong></span> <span class='ocrx_word' id='word_1_858' title='bbox 1169 2517 1314 2551; x_wconf 87' lang='lat' dir='ltr'><strong>recipiunt,</strong></span> <span class='ocrx_word' id='word_1_859' title='bbox 1332 2524 1379 2544; x_wconf 84' lang='lat' dir='ltr'><strong>eos</strong></span> <span class='ocrx_word' id='word_1_860' title='bbox 1391 2517 1463 2543; x_wconf 87' lang='lat' dir='ltr'><strong>inter</strong></span> <span class='ocrx_word' id='word_1_861' title='bbox 1480 2516 1526 2542; x_wconf 85' lang='lat' dir='ltr'><strong>Dei</strong></span> <span class='ocrx_word' id='word_1_862' title='bbox 1538 2516 1607 2543; x_wconf 82' lang='lat' dir='ltr'><strong>ﬁlius</strong></span> <span class='ocrx_word' id='word_1_863' title='bbox 1634 2519 1738 2544; x_wconf 73' lang='lat' dir='ltr'><strong>censeri</strong></span> 
     </span>
    </p>
   </div>
   <div class='ocr_carea' id='block_1_113' title="bbox 956 2562 1739 2597">
    <p class='ocr_par' dir='ltr' id='par_1_113' title="bbox 956 2562 1739 2597">
     <span class='ocr_line' id='line_1_113' title="bbox 956 2562 1739 2597; baseline 0.003 -9"><span class='ocrx_word' id='word_1_864' title='bbox 956 2570 1007 2588; x_wconf 90' lang='lat' dir='ltr'><strong>non</strong></span> <span class='ocrx_word' id='word_1_865' title='bbox 1021 2570 1123 2597; x_wconf 67' lang='lat' dir='ltr'><strong>posse:</strong></span> <span class='ocrx_word' id='word_1_866' title='bbox 1141 2564 1228 2597; x_wconf 88' lang='lat' dir='ltr'><strong>utqui</strong></span> <span class='ocrx_word' id='word_1_867' title='bbox 1247 2571 1319 2596; x_wconf 84' lang='lat' dir='ltr'><strong>cum,</strong></span> <span class='ocrx_word' id='word_1_868' title='bbox 1336 2570 1384 2597; x_wconf 90' lang='lat' dir='ltr'><strong>per</strong></span> <span class='ocrx_word' id='word_1_869' title='bbox 1393 2569 1472 2597; x_wconf 90' lang='lat' dir='ltr'><strong>quem</strong></span> <span class='ocrx_word' id='word_1_870' title='bbox 1489 2562 1539 2589; x_wconf 89' lang='lat' dir='ltr'><strong>hoc</strong></span> <span class='ocrx_word' id='word_1_871' title='bbox 1561 2562 1649 2596; x_wconf 82' lang='lat' dir='ltr'><strong>ipsum</strong></span> <span class='ocrx_word' id='word_1_872' title='bbox 1668 2563 1739 2590; x_wconf 86' lang='lat' dir='ltr'><strong>lice-</strong></span> 
     </span>
    </p>
   </div>
   <div class='ocr_carea' id='block_1_114' title="bbox 957 2607 1264 2642">
    <p class='ocr_par' dir='ltr' id='par_1_114' title="bbox 957 2607 1264 2642">
     <span class='ocr_line' id='line_1_114' title="bbox 957 2607 1264 2642; baseline 0.007 -9"><span class='ocrx_word' id='word_1_873' title='bbox 957 2607 1014 2637; x_wconf 82' lang='lat' dir='ltr'><strong>bat.</strong></span> <span class='ocrx_word' id='word_1_874' title='bbox 1028 2615 1080 2634; x_wconf 92' lang='lat' dir='ltr'><strong>non</strong></span> <span class='ocrx_word' id='word_1_875' title='bbox 1094 2608 1264 2642; x_wconf 77' lang='lat' dir='ltr'><strong>agnoverint.</strong></span> 
     </span>
    </p>
   </div>
   <div class='ocr_carea' id='block_1_115' title="bbox 1001 2650 1741 2686">
    <p class='ocr_par' dir='ltr' id='par_1_115' title="bbox 1001 2650 1741 2686">
     <span class='ocr_line' id='line_1_115' title="bbox 1001 2650 1741 2686; baseline 0.001 -9"><span class='ocrx_word' id='word_1_876' title='bbox 1001 2660 1010 2676; x_wconf 76' lang='grc' dir='ltr'><strong>ι</strong></span> <span class='ocrx_word' id='word_1_877' title='bbox 1030 2651 1095 2684; x_wconf 84' lang='lat' dir='ltr'><strong>Quis</strong></span> <span class='ocrx_word' id='word_1_878' title='bbox 1110 2656 1152 2679; x_wconf 82' lang='lat' dir='ltr'><strong>est</strong></span> <span class='ocrx_word' id='word_1_879' title='bbox 1170 2652 1217 2686; x_wconf 90' lang='lat' dir='ltr'><strong>qui</strong></span> <span class='ocrx_word' id='word_1_880' title='bbox 1240 2652 1325 2679; x_wconf 83' lang='lat' dir='ltr'><strong>vincit</strong></span> <span class='ocrx_word' id='word_1_881' title='bbox 1351 2651 1492 2683; x_wconf 86' lang='lat' dir='ltr'><strong>mundum,</strong></span> <span class='ocrx_word' id='word_1_882' title='bbox 1515 2650 1565 2677; x_wconf 87' lang='lat' dir='ltr'><strong>nisi</strong></span> <span class='ocrx_word' id='word_1_883' title='bbox 1584 2650 1629 2685; x_wconf 89' lang='lat' dir='ltr'><strong>qui</strong></span> <span class='ocrx_word' id='word_1_884' title='bbox 1655 2651 1741 2678; x_wconf 80' lang='lat' dir='ltr'><strong>credit</strong></span> 
     </span>
    </p>
   </div>
   <div class='ocr_carea' id='block_1_116' title="bbox 957 2696 1740 2731">
    <p class='ocr_par' dir='ltr' id='par_1_116' title="bbox 957 2696 1740 2731">
     <span class='ocr_line' id='line_1_116' title="bbox 957 2696 1740 2731; baseline 0.003 -10"><span class='ocrx_word' id='word_1_885' title='bbox 957 2697 1085 2731; x_wconf 80' lang='lat' dir='ltr'><strong>quoniam</strong></span> <span class='ocrx_word' id='word_1_886' title='bbox 1097 2697 1178 2725; x_wconf 82' lang='lat' dir='ltr'><strong>Jesus</strong></span> <span class='ocrx_word' id='word_1_887' title='bbox 1191 2703 1232 2725; x_wconf 87' lang='lat' dir='ltr'><strong>est</strong></span> <span class='ocrx_word' id='word_1_888' title='bbox 1244 2698 1329 2725; x_wconf 81' lang='lat' dir='ltr'><strong>Filius</strong></span> <span class='ocrx_word' id='word_1_889' title='bbox 1341 2697 1404 2724; x_wconf 88' lang='lat' dir='ltr'><strong>Dei?</strong></span> <span class='ocrx_word' id='word_1_890' title='bbox 1422 2696 1470 2723; x_wconf 87' lang='lat' dir='ltr'><strong>Hic</strong></span> <span class='ocrx_word' id='word_1_891' title='bbox 1482 2701 1523 2724; x_wconf 84' lang='lat' dir='ltr'><strong>est</strong></span> <span class='ocrx_word' id='word_1_892' title='bbox 1535 2697 1580 2731; x_wconf 89' lang='lat' dir='ltr'><strong>qui</strong></span> <span class='ocrx_word' id='word_1_893' title='bbox 1597 2697 1670 2723; x_wconf 85' lang='lat' dir='ltr'><strong>venit</strong></span> <span class='ocrx_word' id='word_1_894' title='bbox 1694 2705 1740 2730; x_wconf 81' lang='lat' dir='ltr'><strong>per</strong></span> 
     </span>
    </p>
   </div>
   <div class='ocr_carea' id='block_1_117' title="bbox 959 2743 1740 2782">
    <p class='ocr_par' dir='ltr' id='par_1_117' title="bbox 959 2743 1740 2782">
     <span class='ocr_line' id='line_1_117' title="bbox 959 2743 1740 2782; baseline 0.004 -14"><span class='ocrx_word' id='word_1_895' title='bbox 959 2750 1057 2777; x_wconf 81' lang='lat' dir='ltr'><strong>aquam</strong></span> <span class='ocrx_word' id='word_1_896' title='bbox 1073 2748 1101 2770; x_wconf 88' lang='lat' dir='ltr'><strong>et</strong></span> <span class='ocrx_word' id='word_1_897' title='bbox 1124 2744 1282 2779; x_wconf 79' lang='lat' dir='ltr'><strong>sanguinem</strong></span> <span class='ocrx_word' id='word_1_898' title='bbox 1298 2744 1376 2772; x_wconf 84' lang='lat' dir='ltr'><strong>Jcsus</strong></span> <span class='ocrx_word' id='word_1_899' title='bbox 1389 2743 1512 2782; x_wconf 55' lang='lat' dir='ltr'><strong>()hristus</strong></span> <span class='ocrx_word' id='word_1_900' title='bbox 1529 2751 1536 2770; x_wconf 88' lang='lat'><strong>:</strong></span> <span class='ocrx_word' id='word_1_901' title='bbox 1554 2749 1606 2770; x_wconf 91' lang='lat' dir='ltr'><strong>non</strong></span> <span class='ocrx_word' id='word_1_902' title='bbox 1625 2744 1650 2770; x_wconf 94' lang='lat' dir='ltr'><strong>in</strong></span> <span class='ocrx_word' id='word_1_903' title='bbox 1671 2752 1740 2778; x_wconf 83' lang='lat' dir='ltr'><strong>aqua</strong></span> 
     </span>
    </p>
   </div>
   <div class='ocr_carea' id='block_1_118' title="bbox 1053 2827 1742 2862">
    <p class='ocr_par' dir='ltr' id='par_1_118' title="bbox 1053 2827 1742 2862">
     <span class='ocr_line' id='line_1_118' title="bbox 1053 2827 1742 2862; baseline 0 -7"><span class='ocrx_word' id='word_1_904' title='bbox 1053 2828 1074 2844; x_wconf 75' lang='grc'><strong>⁸⁷</strong></span> <span class='ocrx_word' id='word_1_905' title='bbox 1091 2827 1171 2856; x_wconf 86' lang='lat' dir='ltr'><strong>Joan.</strong></span> <span class='ocrx_word' id='word_1_906' title='bbox 1187 2836 1224 2862; x_wconf 88' lang='lat' dir='ltr'><strong>tv,</strong></span> <span class='ocrx_word' id='word_1_907' title='bbox 1241 2829 1333 2857; x_wconf 68' lang='grc' dir='ltr'><strong>Μιίϐ.</strong></span> <span class='ocrx_word' id='word_1_908' title='bbox 1357 2831 1380 2846; x_wconf 81' lang='grc'><strong>⁸⁵</strong></span> <span class='ocrx_word' id='word_1_909' title='bbox 1403 2830 1411 2857; x_wconf 96' lang='grc' dir='ltr'><strong>Ι</strong></span> <span class='ocrx_word' id='word_1_910' title='bbox 1429 2829 1506 2857; x_wconf 87' lang='lat' dir='ltr'><strong>Joan.</strong></span> <span class='ocrx_word' id='word_1_911' title='bbox 1519 2837 1545 2862; x_wconf 94' lang='lat' dir='ltr'><strong>v,</strong></span> <span class='ocrx_word' id='word_1_912' title='bbox 1562 2829 1587 2856; x_wconf 79' lang='grc'><strong>1.</strong></span> <span class='ocrx_word' id='word_1_913' title='bbox 1626 2829 1648 2845; x_wconf 85' lang='grc'><strong><em>⁸⁸</em></strong></span> <span class='ocrx_word' id='word_1_914' title='bbox 1664 2827 1742 2858; x_wconf 79' lang='lat' dir='ltr'><strong>Joao.</strong></span> 
     </span>
    </p>
   </div>
  </div>
