1872 3057
108 170 184 200 1289

661 170 706 198 DE
725 170 838 198 RECTA
861 170 937 198 FIDE
957 169 1003 197 AD
1023 167 1179 196 llEGiNAS.

1675 166 1746 194 1290

109 227 209 263 μένην,
233 220 301 253 ἀλλὰ
324 226 391 268 τὴν.
403 227 504 263 βρῶσιν
532 227 581 263 τὴν
609 228 743 263 μένουσαν
765 228 806 259 εἰς
828 227 901 263 ζωὴν

997 226 1079 254 vitam
1090 230 1231 257 aeternam,
1246 231 1326 259 quem
1348 221 1432 251 Filius
1448 223 1569 251 hominis
1595 222 1670 251 dabit
1697 230 1746 250 νυ-

107 272 232 305 αῑώνιον,
246 272 278 307 ἣν
291 273 305 298 6
317 271 380 304 Υἱὸς
395 272 442 298 τοῦ
457 272 602 309 ἀνθρώπου
618 273 684 308 ὑμῖν
698 273 796 300 δώσει·
807 272 904 300 τοῦτον

107 317 168 354 γὰρ
179 319 196 344 ’ὁ
209 318 304 352 Πατὴρ
320 318 486 353 ἐσφράγισεν
500 319 515 344 ὀ
527 318 604 350 Θεός.
622 328 630 344 ι
649 318 756 353 Βρῶσιν
774 318 843 352 ἡμῖν
861 316 905 343 δὲ-

108 362 200 390 δωκεν
219 364 233 389 6
256 363 319 395 Υἱὸς
334 364 381 390 τοῦ
397 363 542 399 ἀνθρώπου
555 364 605 400 τὴν
621 364 759 399 μένουσαν
777 365 816 396 είς
833 363 905 399 ζωὴν

110 408 244 440 αἰώνιον,
261 408 382 444 δηλονότι
403 409 454 446 τὴν
474 410 564 446 σάρκα
585 409 680 441 αὐτοῦ,
703 409 750 436 καὶ
770 409 825 444 γάρ
848 410 905 435 ἐστι

111 453 257 490 ζωοποιός.
273 452 340 481 Εἶτα
356 455 416 487 πῶς
436 455 467 482 οὐ
490 455 557 486 Θεὸς
572 456 586 481 6
601 454 743 487 ζωοποιεῖν
757 454 906 490 δυνάμενος

111 501 162 527 καὶ
178 500 222 527 διὰ
237 501 288 535 τῆς
302 501 370 533 ἰδίας
383 501 500 536 σαρκὸς,
516 501 613 533 ἐοικώς
627 511 656 528 τε
670 501 740 528 κατὰ
761 501 852 528 πάντα
866 500 906 536 τῷ

111 545 175 582 Θεῷ
186 547 234 573 καὶ
246 547 334 582 Πατρί
346 555 353 580 ;
376 547 462 574 Τοῦτο
477 547 532 583 γὰρ
547 545 606 574 οἶδα
618 547 715 583 δηλοῦν
729 547 760 574 τὸ
774 548 907 582 ἐσφραγῖ-

114 592 179 619 σθαι
192 592 281 627 λέγειν
302 593 383 619 αὐτὸν
397 593 473 628 παρὰ
490 592 537 619 τοῦ
550 593 628 619 Θεοῦ’
644 593 691 620 τοῦ
705 593 907 628 ἐσφραγῖσθαι

113 637 295 672 σημαίνοντος
305 638 339 672 ⁴τὸ
350 638 474 674 ἀκριῦὦς
487 638 617 674 ἐμφερές.
632 639 740 675 Ὥσπερ
755 639 809 675 γὰρ
820 640 844 666 εἰ
855 648 907 674 κη·-

115 682 158 718 ρῷ
174 691 215 714 τις
231 682 348 718 ἑμπήξει
370 684 506 720 σφραγῖδα
521 684 637 720 χρυσῆν,
655 685 749 720 ἣγοῦν
762 685 792 717 ἐξ
809 685 907 721 ἐτέρας

115 728 188 763 ὗλης
206 729 408 764 πεποιημένην,
422 730 487 765 ὅλην
511 730 541 762 ἐξ
555 730 616 757 ὅλου
639 732 688 765 τὴν
708 731 807 766 ἑαυτῆς
821 731 909 766 ἐμφέ-

116 782 195 809 ρειαν
219 775 429 810 ἐνσημαίνεται·
452 775 523 803 οὕτω
547 777 595 803 καὶ
618 778 631 803 ὁ
655 777 722 809 Θεὸς
746 778 794 804 καὶ
813 777 908 813 Πατὴρ

115 820 181 851 τοὺς
197 820 246 855 τῆς
263 820 360 847 ἑαυτοῦ
374 820 482 855 φύσεως
506 822 684 858 χαρακτῆρας
699 822 838 854 οὐσιωόὧς
862 823 910 857 ὲμ-

115 865 275 902 πρέποντας
287 867 343 902 ἔχει
355 867 394 903 τῷ
410 867 477 903 Υὶῷ.
495 867 549 895 Καὶ
563 868 642 895 τοῦτό
659 870 716 895 ἐστι
732 871 762 896 τὸ
775 871 907 905 ἐσφραγῑ-

118 911 182 938 σθαι
196 913 286 947 λέγειν
301 913 383 940 αὑτὸν
395 914 470 950 παρὰ
485 915 532 941 τοῦ
548 915 665 950 Πατρός.

231 972 281 997 Ἐκ
296 971 350 998 τοῦ
366 971 442 998 κατὰ
457 971 578 999 Λουκᾶν
595 973 792 1007 Edono/Nov.

157 1027 270 1062 Ἥγειρε
292 1028 338 1054 τὶν
355 1028 481 1065 Λάζαρον
497 1030 511 1056 ὀ
526 1030 659 1065 Χριστὸς,
675 1030 706 1056 τὸ
720 1030 767 1056 τοῦ
782 1031 911 1066 ἀρχισυνλ

118 1074 230 1109 αγώγου
241 1075 398 1111 θυγάτριον,
414 1076 460 1102 τὸν
471 1077 522 1112 τῆς
536 1077 627 1112 χήρας
639 1077 707 1104 υἱόν.
720 1075 798 1110 Εἶτα,
811 1077 870 1109 πῶς
879 1077 910 1104 οὐ

118 1122 177 1156 ζωὴ
191 1121 263 1148 κατὰ
276 1122 357 1155 φύσιν
372 1122 446 1149 ἐστὶν
472 1123 486 1149 6
506 1123 543 1158 μὴ
562 1123 635 1158 μόνῳ
655 1123 726 1159 λόγῳ
748 1124 912 1150 καταπεσεῖν

118 1168 166 1195 τὸν
179 1169 295 1195 Θάνατον
309 1169 470 1204 δυνάμενος,
485 1169 552 1195 ἀλλὰ
567 1169 620 1205 γὰρ
636 1171 682 1196 καὶ
696 1171 729 1205 τῇ
753 1170 803 1205 τῆς
821 1170 910 1205 χειρὸς

118 1215 194 1249 tigni};
209 1215 263 1241 Καὶ
281 1215 336 1250 γὰρ
357 1213 393 1250 ἦν
406 1215 554 1242 ἀκόλουθόν
570 1224 600 1242 τε
615 1216 662 1242 καὶ
673 1216 831 1250 ἀναγκαῖον,
848 1216 912 1248 ζωοί

118 1260 198 1287 ποιὸν
211 1259 323 1287 εἶναιτὸ
340 1261 422 1296 σῶμα
440 1261 489 1296 τῆς
503 1262 573 1288 κατὰ
590 1261 671 1296 φύσιν
685 1261 769 1297 ζωῆς.

277 1404 336 1431 Ὀτι
355 1405 533 1439 Μαστήριον
551 1404 601 1431 διὰ
618 1405 758 1438 πίστεως.

323 1460 368 1485 Ἐκ
382 1459 437 1492 τῆς
450 1459 525 1493 πρὸς
544 1459 716 1493 Ῥωμαίους.

156 1517 224 1552 Περὶ
239 1516 357 1552 Χριστοῦ
372 1526 454 1551 φησιν
464 1525 471 1531 ·
491 1527 500 1542 ι
522 1518 571 1544 *ον
587 1517 719 1554 προέθετο
733 1518 747 1544 ὀ
759 1517 825 1549 Θεὸς
853 1518 911 1544 ίλα-

121 1564 232 1598 κτήριον
245 1563 291 1589 διὰ
306 1563 423 1594 πίστεως
436 1563 464 1588 ὲν
477 1563 516 1598 τῷ
528 1563 610 1590 αὐτοῦ
621 1563 729 1598 αἵματι,
741 1565 781 1596 εἰς
798 1563 910 1597 ἔνδειξιν

120 1610 170 1643 τῆς
184 1607 356 1643 δικαιοσύνης
372 1608 466 1641 αὑτοῦ,
491 1608 535 1634 διὰ
550 1608 600 1642 τὴν
614 1608 729 1644 πάρεσιν
743 1609 798 1635 τῶν
811 1617 911 1644 προγε-

121 1655 239 1689 γονότων
252 1655 471 1691 ἁμαρτημάτων,
489 1656 517 1681 ἐν
531 1656 563 1690 τῇ
583 1656 666 1690 ἀνοχῇ
682 1655 728 1682 τοῦ
748 1655 827 1689 Θεοῦ,
843 1655 911 1692 πρὸς

121 1702 169 1737 ’τὴν
184 1702 296 1735 ἔνδειξιν
307 1702 355 1737 τῆς
367 1701 540 1737 δικαιοσύνης
553 1700 647 1734 αὑτοῦ,
659 1703 687 1728 ἐν
699 1701 739 1737 τῷ
748 1702 796 1728 νῦν
812 1701 910 1738 καιρῷ,

121 1749 162 1779 εἰς
177 1748 207 1774 τὸ
221 1745 290 1774 εἶναι
308 1747 390 1773 αὐτὸν
414 1746 517 1773 δίκαιον
530 1766 537 1777 ,
564 1746 613 1773 καὶ
627 1746 785 1773 δικαιοῦντα
807 1746 853 1773 τὸν
879 1747 911 1773 ἐκ

121 1793 241 1825 πίστεως
258 1793 371 1829 Ἰησοῦν.
390 1803 400 1818 ι
417 1793 448 1818 Εἰ
461 1793 511 1819 οὐκ
525 1790 559 1828 ἦν
580 1792 680 1828 ἑτέρως
694 1792 851 1827 ἱλαστήριον
866 1801 912 1827 γε-

121 1838 215 1864 νέσθαι
238 1838 354 1873 Χριστὸν
370 1839 425 1870 τοῖς
446 1839 475 1864 ὲν
491 1838 614 1873 ἁμαρτία
631 1837 678 1864 καὶ
694 1837 749 1873 ἀρᾷ
766 1838 814 1864 καὶ
831 1838 912 1864 Θανά-

121 1893 169 1911 του
186 1885 259 1921 δίκῃ,
278 1884 347 1919 πλὴν
360 1885 400 1911 ὅτι
415 1884 447 1910 δι’
466 1885 581 1920 αἵματος
602 1884 646 1910 διὰ
659 1883 708 1918 τὴν
723 1883 837 1919 πάρεσιν
856 1883 911 1910 τῶν

122 1931 331 1967 προγεγονότων
357 1931 563 1966 ἁμαρτημάτων
587 1929 726 1964 ἐκκεῖσθαι
753 1929 911 1964 μέλλοντοςθ

122 1978 181 2009 πῶς
203 1978 253 2004 οὐκ
276 1978 425 2011 ἀναγκαῖον
441 1977 530 2012 σάρκα
547 1975 674 2010 γενέσθαι
689 1975 735 2002 τὸν
749 1975 846 2009 Λόγον,
868 1975 911 2002 ἵνα

122 2025 170 2049 -ταὶ
191 2024 288 2058 αἵματι
305 2023 343 2058 τῷ
362 2022 429 2057 ἰδίῳ,
446 2022 526 2057 δῆλον
549 2022 578 2048 δὲ
606 2022 658 2053 ὅτι,
681 2021 720 2056 τῷ
743 2021 793 2056 τῆς
814 2021 911 2048 ἑαυτοῦ

125 2069 244 2104 σαρκῆς,
279 2069 414 2104 δικαιώσῃ
447 2069 550 2100 πάντας
583 2067 646 2100 τοὺς
679 2068 716 2099 εἰ(1
756 2067 837 2094 αὑτὸν
870 2077 913 2094 πι-

124 2115 282 2149 στεύοντας,

123 2172 188 2198 Ὅτι
212 2171 432 2206 λελυτρώμεθα,
461 2171 510 2198 καὶ
534 2171 592 2204 τὴν
612 2170 810 2205 καταλλαγὴν
835 2170 911 2204 πρὸς

185 2207 260 2233 Θεὸν
277 2207 453 2242 ἐσχήκαμεν
466 2206 515 2233 διὰ
530 2207 583 2233 τοῦ
598 2207 724 2240 αἵματος
739 2205 844 2233 αὑτοῦ.

251 2263 302 2290 Ἐκ
315 2263 371 2297 τῆς
387 2263 463 2296 πρὸς
478 2263 652 2296 Κορινθίους
668 2262 797 2296 πρώτης.

160 2330 170 2346 ι
195 2320 240 2352 Ἐξ
258 2319 340 2348 αὐτοῦ
365 2319 393 2346 δὲ
409 2320 488 2354 ὑμεῖς
506 2320 565 2345 ἐστε
583 2320 612 2345 ἐν
633 2319 743 2355 Χριστῷ
761 2319 866 2355 Ἰησοῦ,
883 2319 911 2351 ὃς

123 2366 273 2402 ἐγεννήθηι
292 2367 374 2400 σοφία
388 2367 454 2401 ἡμῖν
469 2365 524 2392 ἀπὸ
536 2365 615 2398 Θεοῦ,
632 2365 790 2401 δικαιοσύνη
807 2374 848 2398 τε,
864 2367 911 2393 καὶ

122 2412 268 2448 ἁγιασμὸς,
281 2413 328 2439 καὶ
341 2412 531 2447 ἀποόιύτρωσις
542 2419 548 2425 ·
566 2412 620 2445 ἴνα,
635 2411 727 2443 καθὼς
743 2412 909 2446 γέγραπται,

127 2461 156 2486 '0
170 2459 359 2494 καυχώμενος,
374 2458 403 2484 ὲν
411 2457 506 2493 Κυρίῳ
520 2457 677 2493 καυχάσθω.
691 2467 700 2483 ι
712 2457 913 2494 Λελυτρώμεθα

121 2507 210 2533 τοίνυν
229 2506 257 2532 ὲν
272 2504 393 2541 Χριστῷ,
410 2504 457 2531 καὶ
480 2503 647 2539 ὴγιάσμεθα,
665 2505 713 2531 καὶ
736 2504 815 2538 σοφοὶ
831 2504 912 2538 γεγό-

121 2561 216 2588 ναμεν.
233 2560 243 2577 t
258 2552 338 2578 Πᾶσα
354 2551 382 2577 δὲ
394 2551 467 2583 δόσις
479 2550 585 2586 ἀγαθὴ,
600 2552 647 2577 καὶ
666 2551 721 2577 πᾶν
736 2550 852 2586 δώρημα
869 2549 913 2576 τέ-

120 2599 191 2624 λειον
206 2597 309 2624 ἄνωθέν
325 2598 395 2629 ἐστι,
406 2597 571 2624 καταϐαῖνον
587 2597 664 2632 παρὰ
678 2597 724 2624 τοῦ
736 2596 843 2632 Πατρδς
856 2595 912 2623 τῶν

121 2645 234 2679 φώτων,
252 2643 376 2670 τουτέστι
388 2642 467 2671 Θεοῦ,
485 2652 495 2668 ›
513 2641 582 2670 Εἶτα
608 2643 667 2675 πῶς
683 2643 714 2670 οὐ
731 2643 798 2674 Θεὸς
812 2643 827 2669 6
843 2643 912 2678 Χρι-

157 2722 180 2737 ⁴¹⁵
192 2720 272 2748 Jnan.
288 2729 325 2751 Vl.
338 2721 383 2748 27.

423 2721 446 2736 ⁶⁶
462 2721 540 2748 Joan.
557 2729 595 2754 ιι,
608 2721 654 2748 45.

122 2764 143 2788 ι.
162 2757 209 2789 50,
221 2756 268 2785 5t.

305 2757 327 2772 τι
340 2756 398 2786 Jac.
416 2764 435 2789 I,
458 2757 499 2784 Π.

710 2721 731 2738 ⁸⁷
748 2721 813 2748 Luc.
834 2729 894 2754 vm,
912 2721 956 2748 54.

956 272 1012 299 bis:
1026 272 1098 299 hunc
1111 271 1184 298 enim
1197 269 1278 297 Pater
1291 269 1408 304 signavit
1421 268 1491 296 Deus
1506 268 1540 294 θ’.
1553 277 1563 294 ›
1581 267 1678 296 Cibum
1697 276 1745 296 no-

957 318 999 345 bis
1013 318 1167 353 impertitns
1181 321 1226 344 est
1236 316 1320 343 Filius
1328 316 1446 343 hominis
1454 319 1610 343 manentem
1622 314 1649 342 in
1662 315 1746 342 vitam

957 369 1098 396 aeternam,
1113 364 1242 391 nimirum
1259 371 1335 390 suam
1351 370 1479 394 carnem;
1505 366 1547 390 est
1569 362 1641 389 enim
1657 369 1688 389 ea
1703 361 1746 388 vi—

958 411 1048 438 viﬁca.
1068 410 1128 438 Jam
1143 412 1280 445 quomodo
1295 410 1317 437 is
1332 410 1401 437 Deus
1414 417 1468 437 non
1483 413 1536 442 est,
1551 409 1596 444 qui
1616 416 1665 444 per
1684 416 1746 443 pro-

958 456 1044 491 prium
1060 464 1169 492 quoque
1181 464 1292 484 carnem
1305 456 1446 484 viviﬁeare
1463 460 1562 491 potest,
1573 456 1674 491 quique
1691 455 1748 481 Deo

961 509 989 528 et
1000 501 1074 529 Patri
1090 509 1140 536 per
1155 503 1246 529 omnia
1262 502 1374 537 aequalis
1389 502 1450 530 est?
1464 501 1520 528 Hoc
1531 501 1602 528 enim
1617 500 1747 530 insinuat,

958 548 1021 575 dum
1042 556 1056 575 a
1074 548 1128 575 Deo
1142 549 1314 584 obsignatum
1329 547 1384 584 97
1395 556 1426 576 se
1441 547 1611 583 pronuntiat.
1637 546 1747 574 Etenim

959 593 1328 628 obsignationis'vocabulum
1343 602 1501 630 expressam
1536 592 1746 622 similitudinem

959 639 1071 667 indicat.
1093 640 1328 673 Quemadmodum
1344 641 1417 668 enim
1434 641 1456 668 si
1473 640 1535 676 quis
1550 646 1676 672 aureum.
1697 643 1746 665 aut

960 684 1072 712 alterius
1088 686 1210 720 cujusvis
1235 687 1358 713 materiae
1378 687 1499 722 sigillum
1516 693 1587 714 certe
1602 686 1751 718 impresse-

960 731 1006 764 rit,
1023 736 1106 758 totam
1122 732 1235 760 omnino
1248 733 1331 767 sigilli
1347 732 1418 760 illius
1434 731 1550 767 eﬂigiem
1565 731 1690 759 inducit:
1709 730 1746 757 ita

961 776 1033 804 Deus
1055 777 1136 805 Pater
1146 785 1255 813 quoque
1272 786 1443 813 expressam,
1461 778 1634 811 conspicuam
1661 783 1750 804 essen-

961 822 1106 858 tialemque
1134 828 1238 851 naturae
1261 832 1316 851 sua:
1333 824 1446 859 ﬁguram
1462 824 1488 850 in
1505 822 1574 850 Filio
1592 823 1685 850 habet.
1699 822 1748 848 Διο

960 874 1013 901 que
1029 867 1100 895 istud
1114 873 1156 896 est
1171 869 1241 904 quod
1254 877 1283 896 se
1299 876 1313 895 a
1327 864 1406 896 Patre
1422 869 1593 904 obsignatum
1604 867 1729 895 aﬂirmet.

1104 965 1148 993 Ea:
1166 966 1313 1002 Evangelia
1340 967 1483 994 secundum
1499 966 1608 993 Lucam.

999 1022 1181 1050 Exsuscitavit
1203 1023 1327 1051 Christus
1356 1023 1488 1050 Lazarum
1512 1023 1546 1055 “,
1579 1029 1634 1049 tum
1662 1023 1752 1050 archi-

964 1070 1095 1106 synaxogi
1117 1077 1226 1105 quoque
1243 1070 1326 1097 tiliam
1342 1070 1376 1102 “7,
1388 1075 1415 1097 et
1426 1070 1514 1097 vidua!
1532 1070 1617 1097 tilium
1632 1069 1666 1098 “.
1685 1069 1752 1103 Quis

962 1123 1028 1151 ergo
1043 1121 1132 1151 neget,
1146 1116 1193 1151 qui
1207 1115 1260 1142 vita
1276 1116 1427 1143 secundum
1441 1119 1565 1142 naturam
1580 1115 1707 1148 exsistat,
1723 1120 1753 1142 ut

961 1162 1008 1196 qui
1020 1169 1072 1188 non
1088 1166 1192 1188 tantum
1215 1162 1308 1195 verbo,
1320 1161 1368 1189 sed
1385 1169 1441 1189 sum
1450 1168 1562 1196 quoque
1577 1168 1676 1188 manus
1687 1168 1754 1188 con«

964 1212 1037 1234 tactu
1051 1213 1167 1235 mortem
1187 1207 1417 1242 perterrefaciat?
1431 1208 1496 1235 Erat
1515 1207 1588 1235 enim
1607 1212 1753 1235 consenta-

963 1261 1055 1286 neum,
1082 1255 1138 1281 imo
1163 1261 1228 1282 vero
1259 1254 1370 1281 omnino
1400 1255 1597 1286 necessarium,
1615 1259 1643 1281 ut
1655 1261 1754 1289 corpus

966 1300 1037 1327 illius
1048 1305 1120 1327 esset
1134 1300 1282 1333 viviticum,
1297 1302 1343 1335 qni
1363 1301 1416 1327 vita
1432 1305 1493 1328 erat
1507 1300 1655 1328 secundum
1670 1305 1753 1327 natu-

963 1353 1032 1373 ram.

1057 1403 1133 1435 Quod
1145 1402 1269 1431 Christus
1286 1410 1332 1437 per
1347 1402 1426 1436 ﬁdem
1444 1403 1476 1429 sil
1497 1403 1661 1436 propitiatio.

1176 1457 1217 1485 Ex
1229 1457 1348 1492 Epistula
1365 1458 1400 1484 ad
1414 1457 1558 1492 Romanos.

1001 1525 1010 1541 ι
1033 1515 1119 1548 Quem
1136 1515 1181 1551 (de
1199 1515 1310 1542 Christo
1334 1522 1425 1541 sermo
1440 1515 1492 1550 est)
1522 1516 1664 1550 proposuit
1681 1515 1754 1544 Deus

965 1561 1185 1597 propitiationem
1216 1569 1264 1595 per
1282 1561 1362 1588 (idem
1395 1561 1421 1587 in
1447 1562 1579 1596 sanguine
1602 1562 1697 1597 ipsius,
1723 1565 1756 1590 ad

966 1609 1148 1636 ostensionem
1162 1608 1276 1643 iustitia:
1286 1615 1351 1640 sine,
1368 1614 1478 1642 propter
1489 1609 1674 1637 remissionem
1689 1618 1757 1645 ρηο-

966 1655 1120 1683 cedentium
1147 1654 1321 1686 delictorum,
1353 1653 1380 1680 in
1408 1655 1608 1681 sustentatione
1634 1656 1692 1688 Dei,
1724 1658 1757 1682 ad

965 1701 1148 1729 ostensionem
1167 1700 1279 1734 iustitiae
1292 1700 1350 1735 ejus
1365 1699 1392 1726 in
1407 1700 1459 1727 hoc
1468 1705 1600 1735 tempore,
1609 1707 1638 1728 ut
1648 1702 1683 1728 sit
1699 1703 1757 1737 ipse

964 1748 1065 1783 justus,
1081 1747 1273 1782 etjustiﬁcans
1285 1754 1347 1774 eum
1362 1746 1409 1780 qui
1429 1751 1471 1773 est
1484 1753 1518 1773 ex
1537 1747 1588 1774 (ide
1601 1747 1664 1775 Jesn
1677 1748 1757 1775 Chri—

967 1796 1001 1822 sti
1017 1795 1050 1820 θ’.
1071 1804 1080 1820 ι
1096 1794 1124 1821 Si
1141 1793 1193 1820 alia
1210 1793 1315 1820 ratione
1344 1792 1406 1819 illos
1429 1792 1541 1826 expiare
1569 1801 1622 1820 non
1651 1799 1757 1828 poterat

966 1840 1155 1876 Christus,qui
1165 1844 1286 1875 peccato,
1297 1843 1324 1866 et
1334 1838 1530 1871 maledictioni,
1545 1844 1572 1866 et
1583 1840 1678 1867 mortis
1689 1848 1755 1875 sup-

968 1889 1047 1922 plicio
1062 1887 1172 1914 obnoxii
1187 1886 1364 1916 tenebantur,
1391 1884 1442 1911 nisi
1459 1885 1618 1918 sanguinem
1638 1894 1715 1913 suum
1730 1887 1755 1914 in

968 1933 1180 1969 praecedentium
1194 1936 1367 1966 peccatorum
1394 1931 1586 1958 remissionem
1611 1933 1756 1966 profunde-

968 1985 1026 2014 ret;
1045 1979 1182 2014 quomodo
1198 1982 1227 2004 ut
1245 1976 1362 2004 Verbum
1377 1984 1441 2004 caro
1458 1977 1544 2009 ﬁeret,
1567 1980 1753 2007 necessarium

969 2034 1021 2054 non
1044 2030 1116 2058 erat,
1139 2031 1236 2058 nempe
1250 2030 1305 2058 quo
1320 2022 1442 2057 proprio,
1467 2023 1518 2049 hoc
1533 2029 1574 2049 est
1596 2031 1652 2051 suae
1674 2025 1758 2059 ipsius

967 2073 1059 2101 carnis
1075 2092 1083 2104 ,
1097 2071 1229 2106 sanguine
1251 2077 1357 2101 omnes,
1388 2069 1435 2104 qui
1462 2069 1487 2096 in
1507 2070 1593 2104 ipsum
1629 2072 1757 2099 credituri

967 2124 1056 2151 erant,
1071 2116 1251 2152 justilicaret?

1015 2175 1090 2208 Quod
1102 2183 1147 2209 per
1162 2173 1262 2201 Christi
1277 2173 1432 2205 sanquinem
1450 2173 1575 2207 redempti
1592 2173 1697 2209 Deoqne

1223 2209 1388 2235 reconciliali
1400 2216 1502 2235 sumus.

1173 2264 1216 2291 Ea:
1229 2263 1315 2298 priori
1335 2262 1371 2289 ad
1382 2262 1546 2290 Corinthios.

1005 2330 1014 2346 ι
1035 2320 1072 2348 Es
1092 2320 1151 2354 ipso
1178 2323 1268 2345 autem
1289 2325 1337 2344 vos
1358 2318 1425 2345 estis
1446 2317 1472 2344 in
1491 2319 1601 2346 Christo
1615 2319 1690 2353 Jesu,
1710 2323 1755 2357 qui

966 2368 1053 2394 factus
1064 2370 1105 2393 est
1117 2364 1197 2392 nobis
1217 2364 1349 2397 sapientia
1369 2363 1426 2399 98
1442 2371 1457 2390 a
1472 2364 1536 2396 Deo,
1554 2365 1710 2399 etjnstitia,
1729 2374 1758 2395 et

966 2412 1192 2444 sanctitieatio,ct
1209 2410 1376 2444 redemptio;
1393 2414 1432 2442 ut,
1446 2411 1675 2444 quemadmodum
1692 2414 1757 2441 scri-

966 2464 1040 2493 ptum
1065 2462 1118 2490 est,
1143 2457 1189 2492 qui
1208 2456 1350 2492 gloriatur,
1377 2457 1404 2484 in
1420 2456 1534 2484 Domino
1549 2457 1680 2493 glorietur
1691 2459 1726 2486 ".
1743 2469 1753 2486 ι

967 2504 995 2532 In
1015 2504 1124 2532 Christo
1141 2504 1233 2537 itaque
1249 2503 1394 2538 redempti,
1409 2507 1435 2531 et
1449 2503 1626 2537 sanctiﬁcati,
1655 2509 1683 2531 et
1709 2513 1756 2532 εκ-

967 2552 1072 2588 pientes
1087 2550 1150 2578 facti
1169 2557 1275 2577 sumus.
1305 2559 1314 2575 ε
1333 2548 1420 2576 Omne
1445 2552 1535 2576 autem
1563 2549 1657 2576 datum
1684 2551 1756 2585 opti-

968 2605 1054 2630 mum,
1087 2602 1114 2624 et
1128 2603 1209 2624 omne
1229 2596 1328 2623 donum
1356 2593 1507 2628 perfectum
1540 2594 1684 2623 desursum
1703 2603 1756 2630 est,

969 2642 1138 2670 descendens
1150 2649 1165 2668 a
1174 2641 1256 2668 Patre
1268 2641 1400 2668 luminum
1411 2640 1462 2673 ⁷¹,›
1476 2641 1528 2668 hoc
1539 2645 1593 2674 est,
1610 2640 1675 2669 Deo.
1687 2641 1756 2670 Cum

1014 2721 1036 2736 εδ
1053 2720 1120 2747 Luc.
1134 2727 1182 2753 vn,
1202 2719 1245 2747 H.
1292 2719 1314 2736 "
1331 2719 1410 2747 Rom.
1425 2728 1467 2753 tu,
1479 2719 1526 2754 25,
1539 2720 1585 2749 26.
1627 2721 1672 2748 ⁷⁸1
1692 2721 1754 2749 Cor.

653 2826 739 2854 Varim
753 2826 882 2854 let-tiones
897 2825 997 2853 codicis
1015 2824 1194 2860 Segnieriani.

165 2894 174 2914 ⁸
187 2895 314 2931 nemon.

223 2943 361 2973 Parnm.
389 2944 448 2973 (in.
470 2942 602 2973 LXXVI.

1499 2938 1534 2968 41
