1872 3057
151 155 217 184 ΕΜ

674 156 701 183 S.
723 154 859 184 CYRILLI
879 156 1109 186 ALEXANDRINI
1129 159 1287 188 ARCIIIEP.

1717 159 1787 189 1292

149 222 216 250 ergo
241 213 367 243 Christus
391 214 560 249 sapientiam,
583 219 610 242 et
631 214 885 248 sanetiiicationem,
908 220 931 243 el

1011 218 1059 250 τὸς,
1078 219 1092 243 ὁ
1115 218 1212 252 σοφίαν
1234 227 1264 245 τε
1290 218 1336 246 καὶ
1359 219 1496 255 ἀγιασμδν
1514 219 1563 246 καὶ
1587 218 1786 253 ἀπολύτρωσιν

150 261 364 295 redemptionem
390 260 468 288 nobis
485 260 624 295 largiatur,
654 261 789 295 quomodo
815 268 869 289 non
893 266 936 289 est

150 307 242 334 Deus?

212 363 290 395 Quod
302 371 349 398 per
360 362 458 390 Christi
472 363 624 398 sanguinem
639 363 762 398 redempti
778 371 879 392 sumus.
892 366 897 399 l

355 417 398 445 Ea;
412 417 531 452 Epistula
544 419 629 454 prima
640 419 724 448 Petri.

196 484 205 500 ‹
219 474 341 502 Scientes
357 475 428 509 quod
445 482 498 502 non
511 475 732 510 corruptibilibus
747 484 813 504 auro
823 476 867 504 vel
889 484 934 503 ar-

150 526 230 555 gento
249 520 380 554 redempti
395 519 462 547 estis
473 520 506 547 de
522 528 589 547 vana
612 526 700 548 vestra
727 522 935 549 conversatione

150 572 268 602 paterna:
284 566 448 599 traditionis,
477 566 524 593 sed
550 566 669 600 pretioso
697 568 828 602 sanguine
856 567 934 602 quasi

149 613 210 648 agni
226 611 390 639 immaculati
408 612 510 639 Christi
531 618 558 640 et
577 613 783 641 incontaminati
796 614 832 641 ⁷⁸.
851 623 861 640 ι
880 613 934 641 Re-

149 659 248 694 tlt‘lllpli
263 658 336 685 enim
355 665 460 691 sumus,
478 655 588 686 Christo
613 659 752 694 proprium
778 667 828 695 pro
857 660 935 687 nobis

150 713 248 741 corpus
266 703 448 740 impendente.
467 705 502 731 At
517 706 539 733 si
558 709 587 732 ut
601 705 682 733 homo
695 706 814 741 vulgaris
832 706 934 734 habea-

150 758 205 784 tur,
227 751 362 786 quomodo
374 751 445 778 illius
462 751 575 785 sanguis
591 751 651 778 vitae
675 751 795 778 omnium
811 751 934 778 aestima-

150 799 251 826 tionem
275 798 308 825 ad
339 797 499 832 dignitatem
525 796 669 832 exzequat?
697 796 724 824 Si
747 803 836 824 autem
865 797 934 824 Deus

149 849 207 871 crat
222 844 248 871 in
260 850 353 877 carne,
369 843 414 878 qui
430 843 601 878 undiquaque
609 842 784 877 dignissimus
796 848 848 875 est,
868 850 935 870 sane

986 265 1053 299 ἡμῖν
1067 263 1260 299 δωρησάμενος
1270 282 1277 291 .

988 365 1051 392 Ὅτι
1069 365 1278 401 λελυτρώμεθα
1289 366 1337 394 διὰ
1350 367 1404 393 τοῦ
1418 367 1543 402 αἵματος
1556 363 1613 394 τοῦ
1636 365 1783 400 Χριστοῦ.

1089 422 1140 450 Ἐκ
1153 419 1208 457 τῆς
1219 422 1333 457 Πέτρου
1351 424 1531 458 Ἐπιστολῆς
1544 424 1678 458 πρώτης.

1025 489 1034 505 ι
1047 479 1156 511 Είδότες
1164 479 1206 506 ὅτι
1220 480 1250 507 οὐ
1263 479 1390 516 φθαρτοῖς
1404 480 1578 517 ἀργυρίῳῙῆ]
1589 480 1713 515 χρυσίῳ,
1725 480 1783 506 ἐλυ-

986 524 1110 561 τρώθητε
1126 527 1159 553 ὲκ
1173 526 1223 561 τῆς
1242 527 1358 562 ματαίας
1381 526 1459 561 ὑμῶν
1481 526 1661 562 ἀναστροφῆς
1679 534 1783 560 πατρο-

986 571 1138 606 παραδότου
1150 593 1158 605 ,
1172 571 1241 598 ἀλλὰ
1261 572 1344 607 τιμίῳ
1364 572 1460 607 αἵματι
1485 572 1524 603 ὼς
1544 571 1636 607 ἁμνοῦ
1659 571 1781 605 ἀμώμου

985 618 1032 645 καὶ
1051 618 1167 645 ἀσπίλου
1182 618 1311 653 Χριστοῦ,
1331 628 1340 644 ι
1358 617 1559 653 Λελυτρώμεθα
1573 617 1642 652 γὰρ,
1665 617 1698 643 τὸ
1716 617 1782 643 ἴδιον

986 663 1067 699 σῶμα
1082 663 1229 696 δεδωκότος
1242 664 1311 699 ὑπὲρ
1327 664 1407 699 ἡμῶν
1429 663 1476 690 τοῦ
1500 663 1635 699 Χριστοῦ.
1662 662 1736 689 Ἀλλ’
1757 664 1782 688 εξ

986 711 1037 745 μὲν
1050 710 1088 742 ὡς
1102 710 1244 745 ἄνθρωπος
1264 711 1364 737 νοεῖται
1378 710 1468 742 κοινὸς
1478 729 1485 742 ,
1501 710 1561 741 πῶς
1581 708 1714 742 ἀντάξιον
1733 709 1782 743 τῆς

985 755 1112 782 ἁπάντων
1137 754 1210 789 ζωῆς
1233 755 1265 781 τὸ
1283 753 1353 790 αἷμα
1375 754 1472 787 aliter);
1493 755 1523 781 Εἰ
1547 754 1576 781 δὲ
1598 754 1669 786 Θεὸς
1692 751 1728 789 ἦν
1753 754 1781 779 ἐν

986 801 1068 836 σαρκὶ
1087 801 1102 827 ὁ
1123 800 1232 827 πάντων
1253 799 1418 834 ἀξιώτερος.
1442 799 1592 834 ἀξιόχρεως
1609 799 1626 833 ἡ
1643 798 1781 833 λύτρωσις

985 846 1032 873 τοῦ
1048 846 1152 881 κόσμου
1165 846 1267 878 παντὸς
1281 846 1326 873 διὰ
1338 842 1387 872 τοῦ
1403 845 1468 872 ἰδίου
1475 845 1598 880 ἀἵματος
1610 844 1656 879 εἴη
1672 840 1720 877 ἂν,
1734 844 1781 870 καὶ

149 889 397 917 cumulatissimutn
409 896 456 924 per
467 888 540 915 illius
558 888 717 923 sanguinem
741 888 857 923 pretium
884 896 931 924 pro

1011 892 1058 920 ίλα
1075 892 1198 924 είκότως.

150 935 233 962 totius
260 934 353 962 mundi
387 933 476 962 salute
490 933 641 967 impensum
662 937 715 966 est,
745 938 773 960 et
793 932 859 960 satis
886 933 932 960 tle-

149 987 252 1008 center.

196 1037 272 1070 Quod
287 1036 385 1065 Christi
401 1045 470 1063 mon
485 1037 582 1063 nmndo
597 1036 724 1063 salutaris
743 1035 882 1062 exstiterit.

345 1092 388 1120 Ea:
408 1092 528 1127 Epistula
544 1093 578 1119 ad
597 1092 740 1119 Romanos.

187 1162 196 1178 ι
216 1151 393 1180 Commendat
408 1155 498 1178 autem
514 1150 676 1177 charitatcm
693 1157 770 1178 suam
803 1149 874 1177 Deus
907 1150 932 1176 in

150 1198 244 1225 nobis:
259 1197 401 1233 quoniam,
419 1203 481 1224 cum
507 1195 596 1222 adhuc
618 1201 776 1230 peceatores
798 1202 934 1227 essetmts,

148 1243 275 1271 Christus
284 1250 333 1277 pro
347 1242 424 1269 nobis
437 1247 560 1268 mortuus
574 1245 626 1268 est.
647 1241 729 1267 Multo
751 1241 834 1275 igitur
849 1241 934 1276 magis

149 1297 221 1316 nunc
232 1287 373 1323 iustiﬁcati
389 1287 417 1314 in
432 1286 563 1321 sanguine
578 1287 675 1321 ipsius,
686 1287 753 1313 salvi
784 1286 888 1314 erimus
899 1286 933 1313 ab

151 1334 190 1361 ira
205 1342 252 1369 per
266 1334 353 1368 ipsuln
369 1332 402 1359 ⁷³.
421 1341 430 1358 ι
443 1331 577 1358 Rursum:
593 1341 602 1357 t
620 1331 647 1358 Si
664 1331 747 1364 enim,
763 1339 824 1358 cum
844 1331 935 1358 inimi-

148 1381 172 1407 ci
185 1387 326 1411 essemus,
353 1377 520 1406 reconciliati
543 1385 636 1404 sumus
663 1376 716 1405 Deo
747 1385 793 1412 per
819 1383 932 1404 mortem

150 1426 209 1453 Filii
221 1425 291 1460 ejus,
314 1424 496 1458 multomagis
513 1423 678 1450 reconciliati
707 1423 773 1450 salvi
790 1423 891 1449 erimus
906 1422 932 1448 in

149 1472 204 1499 vita
219 1472 303 1506 ipsius
315 1470 349 1497 ⁷⁸.
369 1479 378 1496 ›
399 1469 426 1497 Si
442 1469 559 1496 mundus
575 1469 653 1495 aliter
666 1475 746 1503 quam
771 1475 818 1502 per
830 1466 932 1494 Christi

149 1518 306 1552 sanguinem
323 1521 350 1544 et
362 1521 477 1542 mortem
497 1515 586 1542 divina
611 1514 814 1548 dispensatione
833 1512 933 1539 saluta-

1018 1039 1081 1064 Ὅτι
1097 1040 1113 1065 ὀ
1130 1038 1260 1073 Χριστοῦ
1274 1038 1402 1072 θάνατος
1415 1037 1455 1071 τῷ
1468 1038 1572 1072 κόσμῳ
1590 1035 1755 1070 σωτήριος.

1186 1096 1233 1122 Ἐκ
1248 1092 1302 1129 τῆς
1315 1094 1390 1129 πρὸς
1408 1094 1580 1130 Ῥωμαίους.

1022 1161 1031 1177 ι
1048 1151 1193 1186 Συνίστησι
1215 1151 1243 1177 δὲ
1268 1151 1317 1186 τὴν
1341 1150 1438 1178 ἑαυτοῦ
1461 1151 1572 1186 ἀγάπην
1595 1151 1637 1182 εἰς
1664 1150 1741 1185 ἡμᾶς
1760 1151 1779 1176 ὓ

985 1197 1061 1230 Θεὸς,
1076 1198 1118 1224 ὅτι
1134 1198 1174 1223 ἔτι
1188 1197 1359 1232 ἁμαρτωλῶν
1373 1196 1458 1223 ὄντων
1469 1196 1558 1231 ἡμῶν,
1571 1195 1695 1231 Χριστὸς
1708 1196 1779 1230 ὑπὲρ

984 1243 1064 1278 ἡμῶν
1081 1243 1209 1270 ἀπέθανε.
1223 1242 1316 1277 Πολλῷ
1330 1240 1376 1269 οὖν
1398 1242 1497 1278 μᾶλλον
1508 1241 1704 1273 δικαιωθέντες
1730 1240 1778 1266 νῦν

985 1291 1014 1316 ὲν
1039 1289 1078 1324 τῷ
1105 1290 1202 1324 αἵματι
1217 1288 1310 1320 αὐτοῦ,
1325 1287 1504 1323 σωθησόμεθα
1515 1288 1550 1314 δι’
1562 1287 1646 1314 αὑτοῦ
1665 1287 1720 1313 ἀπὸ
1731 1287 1779 1322 τῆς

984 1335 1078 1371 ὀργῆς.
1095 1345 1104 1360 ι
1120 1335 1174 1362 Καὶ
1191 1335 1280 1362 πάλιν·
1291 1344 1300 1360 ε
1311 1335 1342 1361 Εἰ
1359 1335 1413 1370 γὰρ
1427 1334 1519 1369 ἐχθροὶ
1537 1333 1626 1367 ὅντες,
1643 1333 1778 1368 κατηλλά-

985 1391 1073 1417 γημεν
1095 1381 1133 1417 τῷ
1157 1381 1215 1417 Θεῷ
1236 1381 1280 1408 διὰ
1302 1381 1350 1408 τοῦ
1375 1381 1490 1407 θανάτου
1515 1380 1564 1407 τοῦ
1590 1380 1660 1407 Υἱοῦ
1683 1379 1777 1411 αὑτοῦ,

985 1427 1074 1462 πολλῷ
1090 1427 1190 1463 μᾶλλον
1206 1427 1422 1461 καταλλαγέντες
1434 1426 1617 1462 σωθησόμεθα
1625 1427 1655 1452 ὲν
1671 1427 1706 1460 τῇ
1721 1425 1776 1460 ζωῇ

985 1473 1078 1501 αὑτοῦ,
1095 1483 1104 1499 r
1123 1472 1226 1500 Οὐκοῦν
1240 1473 1264 1499 εἰ
1281 1472 1318 1508 μὴ
1333 1472 1434 1508 ἑτέρως
1453 1470 1486 1508 ἦν
1512 1471 1651 1504 σώζεσθαι
1667 1472 1715 1498 τὸν
1732 1472 1777 1498 κό-

987 1528 1064 1555 σμον,
1079 1521 1103 1546 εἰ
1119 1519 1158 1555 μὴ
1176 1519 1205 1545 ἐν
1227 1520 1323 1553 αῖματι
1340 1519 1387 1545 καὶ
1401 1517 1509 1553 Θανάτῳ
1525 1518 1672 1553 χρησίμως
1687 1525 1776 1552 παρα-

152 1565 218 1590 riter
235 1567 387 1597 susceptam
405 1566 515 1596 propter
534 1559 746 1595 prmcedentium
772 1559 931 1585 delictorum

1011 1566 1112 1601 ιφθέντι
1125 1585 1132 1597 ,
1156 1566 1204 1592 καὶ
1226 1564 1425 1600 οἰκονομικῶς,
1449 1564 1494 1590 διὰ
1513 1563 1563 1598 τὴν
1581 1564 1701 1598 πάρεσιν
1723 1563 1776 1589 τῶν

150 1609 390 1640 condonationem,
418 1615 478 1642 qua:
492 1607 562 1634 Deus
579 1606 750 1637 toleraverat,
769 1603 868 1631 salvari
885 1611 935 1630 ne~

150 1656 254 1690 quibat,
268 1662 315 1688 per
326 1654 465 1680 Christum
488 1657 578 1679 autem
596 1651 710 1678 salutem
725 1658 819 1678 sumus
839 1657 934 1677 conse-

153 1702 231 1729 cuti:
252 1700 387 1735 quomodo
415 1698 613 1726 incarnaIiOnis
643 1697 740 1724 modus
774 1696 820 1723 Dei
842 1696 934 1724 Patris

150 1746 238 1774 Verbo
256 1744 428 1772 necessarius
455 1751 507 1770 non
535 1747 604 1775 erat,
629 1749 682 1776 quo
707 1741 778 1773 illos,
805 1739 933 1767 nimirum

149 1793 195 1827 qui
215 1792 242 1818 in
260 1791 346 1826 ipsum
362 1790 517 1822 crederent,
536 1795 585 1823 per
611 1787 772 1822 sanguinem
790 1794 869 1814 suum
887 1785 933 1821 ju-

148 1838 293 1868 stilicaret,
309 1835 366 1871 99
377 1834 506 1869 Patrique
513 1841 560 1868 per
574 1833 697 1866 corporis
708 1832 748 1858 sui
762 1836 876 1858 mortem
892 1838 934 1858 re.

147 1882 307 1910 conciliaret
323 1901 330 1914 ,
347 1886 427 1915 atque
453 1880 488 1906 ita
511 1878 592 1906 simul
617 1885 678 1904 cum
700 1877 763 1912 ipso
774 1877 857 1904 vitam
871 1876 932 1905 adi-

148 1927 335 1964 pisceremur?
490 1924 492 1927 ’

186 1984 195 2000 ε
217 1975 257 2001 An
277 1973 489 2008 ignoratis.qula
503 1972 658 2006 quicunque
688 1971 815 2005 baptizati
834 1978 931 1997 sumus

148 2022 175 2049 in
187 2021 298 2048 Christo
311 2018 383 2050 Jesu.
398 2019 424 2046 in
439 2024 552 2045 mortem
570 2019 654 2053 ipsius
673 2017 801 2052 haptizati
813 2024 906 2044 sumus
921 2016 932 2043 ?

147 2067 303 2103 Conscpulti
319 2067 390 2093 enim
404 2073 496 2092 sumus
511 2073 571 2092 cum
591 2064 638 2091 illo
652 2071 698 2098 per
713 2063 878 2098 baptismum
904 2063 930 2089 in

151 2117 276 2145 mortem,
299 2116 328 2138 ut
343 2111 478 2146 quomodo
492 2110 616 2137 Christus
632 2108 753 2136 surrexit
772 2116 787 2135 a
816 2108 931 2135 mortuis

148 2159 316 2194 pergloriam
332 2157 432 2189 Patris,
452 2157 487 2183 ita
505 2159 532 2183 et
559 2163 607 2182 nos
627 2156 652 2182 in
669 2154 790 2182 novitate
801 2154 862 2180 vita:
874 2161 931 2179 am-

147 2203 269 2230 bulenms
284 2203 336 2228 ⁷⁵.»
356 2202 384 2228 Si
400 2209 447 2228 eos
463 2201 508 2234 qui
524 2201 549 2227 in
573 2200 652 2228 terris
677 2200 788 2234 degunt,
820 2198 931 2226 Christo

147 2255 196 2283 per
209 2247 371 2282 baptismum
387 2246 413 2273 in
427 2251 542 2273 mortem
558 2245 643 2279 ipsius
655 2243 818 2278 conscpeliri
837 2243 924 2270 omni-

148 2301 183 2321 no
199 2300 339 2320 necessum
354 2297 414 2325 est;
432 2297 460 2318 ut
472 2290 700 2327 quemadmodum
731 2291 775 2318 ille
801 2298 834 2318 ex
856 2298 928 2317 mor-

149 2339 200 2366 tuis
211 2338 371 2370 resurrexit,
389 2338 426 2365 ita
442 2344 470 2365 et
487 2346 535 2364 nos
547 2345 655 2372 quoque
682 2337 708 2363 in
733 2336 850 2364 novitate
866 2337 928 2364 vita:

147 2384 324 2415 ambulemus,
348 2388 476 2417 tauquam
501 2381 582 2409 simul
611 2389 672 2408 cum
697 2388 740 2414 eo,
770 2382 815 2416 qui
843 2382 930 2409 nostri

147 2436 230 2457 causa
244 2433 366 2456 mortuus
386 2432 428 2455 est
450 2432 477 2454 οι
490 2435 505 2454 3
522 2428 638 2454 mortuis
665 2434 772 2454 rursum
795 2427 931 2455 excitatus

146 2481 198 2508 est,
213 2475 311 2502 mortui
326 2479 354 2502 et
368 2474 496 2501 excitati:
514 2473 637 2508 profecto
657 2481 710 2501 non
733 2473 836 2509 absque
853 2482 928 2501 sum-

146 2529 190 2548 ma
206 2520 323 2547 utilitate
334 2527 365 2548 ac
376 2519 538 2546 necessitate
550 2519 750 2548 incarnationis
766 2520 930 2555 mysterium

146 2571 280 2602 patratum
295 2571 346 2599 est,
376 2565 504 2599 carnique
517 2569 544 2592 et
559 2566 703 2600 sanguinil
716 2566 931 2593 communicavit

145 2613 281 2646 Verbum;
298 2620 363 2647 quo,
381 2611 509 2639 videlicet
522 2611 602 2639 simul
615 2619 676 2640 cum
703 2612 751 2639 illo
767 2612 814 2648 qui
828 2619 930 2640 secun-

145 2662 207 2686 dum
224 2667 334 2686 carnem
356 2663 479 2686 mortuus
505 2663 533 2685 et
561 2659 736 2687 resuscitatus
749 2663 800 2692 est,
831 2663 859 2686 et
881 2665 930 2686 nos

145 2711 251 2737 quoque
265 2703 413 2730 moriamur
426 2709 454 2731 et
464 2711 653 2739 resurgamus.

182 2758 191 2774 ι
211 2749 239 2776 Si
253 2749 326 2776 enim
356 2750 529 2784 complantati
555 2750 618 2777 facti
649 2757 741 2778 sumus
757 2749 930 2778 similitudini

146 2795 240 2822 mortis
254 2794 324 2828 ejus,
351 2796 431 2823 simul
458 2801 486 2823 et
511 2796 718 2824 resurrectionis
744 2796 848 2824 erimus
859 2796 893 2822 ⁷⁸.
916 2806 925 2822 ι

193 2869 236 2895 “l
256 2869 325 2896 l‘utr.
342 2879 360 2899 I.
376 2871 420 2904 18,
439 2872 478 2897 ll).
518 2872 541 2886 “
555 2873 631 2898 limit.
649 2880 674 2904 ν,
689 2872 715 2904 8,
731 2873 757 2899 9.

798 2872 899 2907 enim
921 2871 962 2899 ιο.

985 1610 1190 1646 προγεγονότων
1202 1611 1421 1646 ἁμαρτημάτων,
1435 1611 1464 1636 ὲν
1480 1611 1514 1645 τῇ
1534 1610 1620 1645 ἀνοχῇ
1633 1609 1682 1635 τοῦ
1696 1609 1774 1635 Θεοῦ·

985 1656 1147 1692 σεσώσμεθα
1169 1657 1198 1683 δὲ
1212 1656 1256 1683 διὰ
1274 1655 1409 1692 Χριστοῦ·
1426 1655 1484 1686 πῶς
1505 1655 1556 1682 οὐκ
1572 1655 1724 1688 ἀναγκαῖος
1738 1655 1776 1689 τῷ

985 1704 1017 1730 ἐκ
1031 1702 1099 1729 Θεοῦ
1112 1703 1191 1738 φύντι
1214 1703 1294 1737 Λόγῳ
1315 1703 1330 1729 ὁ
1349 1701 1400 1736 τῆς
1415 1701 1582 1737 σαρκώσεως
1594 1702 1696 1737 τρόπος
1706 1722 1715 1734 ,
1733 1702 1775 1727 ἶνα

983 1749 1116 1785 δικαιώσῃ
1143 1749 1192 1784 μὲν
1209 1749 1238 1775 ὲν
1259 1748 1299 1783 τῷ
1321 1748 1417 1783 αἵματι
1441 1747 1525 1775 αὑτοῦ
1545 1748 1611 1779 τοὺς
1635 1747 1676 1778 είς
1694 1748 1775 1774 αὑτὸν

984 1795 1172 1828 πιστεύοντας,
1191 1794 1348 1830 καταλλάξῃ
1363 1794 1392 1821 δὲ
1410 1794 1450 1830 τῷ
1465 1794 1554 1829 lla-:91
1565 1793 1610 1820 διὰ
1627 1793 1674 1820 τοῦ
1690 1793 1773 1820 θανά-

985 1850 1030 1868 του
1044 1841 1091 1868 τοῦ
1108 1841 1172 1868 ἰδίου
1187 1842 1323 1876 σώματος,
1341 1841 1385 1868 ἵνα
1403 1841 1451 1868 καὶ
1465 1839 1630 1876 συζὴσωμεν
1643 1840 1736 1875 αὐτῷ;

1022 1983 1031 1998 ι
1052 1974 1085 1999 "H
1100 1973 1234 2008 ἀγνοεῖτε,
1249 1973 1290 2000 ὅτι
1304 1973 1361 1999 ὅσοι
1375 1971 1584 2007 ἐϐαπτίσθημεν
1599 1972 1639 2003 εἰς
1653 1971 1771 2006 Χριστὸν

990 2020 1103 2055 Ἰησοῦν,
1117 2020 1156 2052 είς
1171 2019 1217 2046 τὸν
1233 2019 1347 2046 θάνατον
1361 2018 1444 2045 αὑτοῦ
1459 2017 1684 2054 ὲὸαπτίσθημεν;
1707 2018 1774 2044 Συν-

982 2066 1124 2101 ετάφημεν
1150 2064 1197 2093 οὖν
1220 2065 1294 2100 αὐτῷ
1316 2065 1360 2092 διὰ
1376 2065 1423 2092 τοῦ
1451 2065 1642 2100 βαπτίσματος
1664 2064 1705 2096 εις
1727 2064 1772 2090 τὸν

984 2112 1098 2139 θάνατον
1108 2121 1114 2127 ’
1128 2113 1182 2143 ἵνα,
1197 2112 1291 2147 ὥσπερ
1303 2111 1408 2147 ἠγέρθη
1429 2111 1548 2146 Χριστὸς
1565 2111 1598 2137 ὲκ
1610 2110 1716 2145 νεκρῶν
1729 2109 1771 2135 διὰ

983 2158 1031 2193 τῆς
1053 2158 1133 2193 δόξης
1146 2157 1192 2184 τοῦ
1206 2158 1330 2193 Πατρδς,
1345 2157 1417 2183 οὕτω
1433 2157 1479 2182 καὶ
1494 2157 1574 2191 ἡμεῖς
1589 2156 1619 2182 ὲν
1631 2156 1771 2190 καινότητι

983 2204 1056 2239 ζωῆς
1072 2205 1315 2239 περιπατήσωμεν.
1334 2212 1343 2229 I
1363 2202 1395 2228 Εἰ
1415 2201 1491 2228 πᾶ.σά
1507 2209 1566 2233 πως
1586 2201 1694 2236 ἀνάγκη
1710 2201 1771 2231 rei);

985 2250 1033 2277 ἐπὶ
1044 2249 1092 2284 τῆς
1105 2250 1154 2284 γῆς
1167 2248 1367 2276 συνθάπτεσθαι
1380 2247 1490 2282 Χριστῷ
1501 2247 1545 2273 διὰ
1559 2246 1606 2273 τοῦ
1617 2246 1772 2281 βαπτὶσμα-

984 2305 1029 2328 τος
1044 2296 1084 2328 εἰς
1099 2296 1144 2322 τὸν
1161 2295 1275 2322 θάνατον
1290 2293 1383 2325 αὑτοῦ,
1400 2293 1444 2319 ἵνα
1465 2292 1560 2327 ὥσπερ
1582 2291 1665 2322 αὐτὸς
1680 2291 1712 2317 ἐκ
1727 2299 1770 2316 νε-

985 2341 1060 2376 κρῶν
1073 2342 1233 2376 ἐγήγερται,
1245 2339 1292 2366 καὶ
1310 2340 1391 2374 ἡμεῖς
1405 2339 1433 2364 ὲν
1450 2337 1590 2372 καινότητι
1605 2336 1680 2371 ζωῆς
1697 2344 1770 2370 περί-

986 2387 1167 2423 πατήσωμεν,
1184 2386 1222 2417 ὡς
1238 2384 1455 2420 συντεθαμμένοι
1477 2383 1524 2410 καὶ
1540 2382 1769 2417 συνεγηγερμὲνοι

985 2433 1023 2468 τῷ
1047 2433 1080 2460 δι’
1097 2433 1170 2468 ἡμᾶς
1183 2431 1346 2458 ἀποθανόντι
1367 2430 1415 2456 καὶ
1427 2428 1624 2464 ὲγηγερμὲνῳ·
1646 2427 1768 2462 χρειωόέ-

989 2479 1075 2506 στατά
1087 2488 1117 2505 τε
1133 2479 1179 2505 καὶ
1194 2477 1350 2511 ἀναγκαίως
1364 2475 1395 2502 τὸ
1409 2476 1459 2509 τῆς
1474 2474 1709 2509 ἐνανθρωπησεως
1724 2473 1767 2498 πέ-

988 2535 1107 2563 πρακται
1120 2526 1278 2561 μυστήριον,
1295 2523 1395 2558 σαρκός
1410 2530 1439 2548 τε
1453 2521 1500 2548 καὶ
1513 2521 1630 2555 αἵματος
1643 2520 1768 2554 μετέσχεν

986 2573 1000 2598 ὁ
1012 2571 1108 2606 Λόγος*
1124 2571 1168 2597 ἵνα
1182 2570 1228 2596 καὶ
1240 2568 1385 2596 ἀποθανεῖν
1405 2565 1546 2601 λεγομένῳ
1559 2564 1711 2600 σαρκιχῶς.
1724 2563 1767 2589 καὶ

986 2616 1040 2652 μὴν
1054 2616 1101 2643 καὶ
1116 2615 1306 2652 ἐγηγερμένῳ,
1324 2611 1554 2646 συναποοάνωμεν
1575 2611 1622 2637 καὶ
1644 2618 1766 2644 συνεγερ-

986 2663 1087 2697 θῶμεν.

1023 2760 1032 2777 t
1049 2751 1080 2778 El
1093 2751 1147 2786 γὰρ
1164 2750 1300 2785 σύμφυτοι
1323 2749 1476 2782 γεγόναμεν
1489 2746 1530 2782 τῷ
1551 2745 1706 2781 ὁμοιώματι
1722 2741 1764 2768 τοῖ’

985 2796 1101 2822 θανάτου
1113 2795 1206 2828 αὐτοῦ,
1219 2794 1288 2821 ἀλλὰ
1303 2794 1350 2820 καὶ
1363 2793 1412 2828 τῆς
1427 2791 1604 2823 ἀναστάσεως
1615 2788 1739 2825 ἐσόμεθα.
1753 2795 1761 2812 ι

1003 2872 1023 2887 ’³
1038 2871 1114 2898 lium.
1132 2879 1168 2903 vi,
1185 2871 1211 2903 5,
1226 2871 1252 2897 4.
1292 2870 1314 2885 ⁷⁸
1329 2869 1394 2896 ibid.
1411 2869 1437 2896 5.
