1872 3057
107 169 180 198 ΙΞΘΞ

647 163 691 191 DE
709 161 825 190 RECTA
845 160 921 188 FIDE
941 161 985 188 AD
1004 159 1163 187 REGINAS.

1660 159 1735 187 ιεθιλ

106 225 189 253 Κατὰ
204 224 250 252 τδν
262 224 318 250 ἴσον
331 223 370 258 τῷ
386 222 485 259 πρώτῳ
495 221 596 258 τρόπον
610 221 717 256 νοήσεις
736 220 784 247 καὶ
799 219 891 246 τοῦτο·

997 218 1233 246 :umdemsensum
1247 221 1275 245 et
1288 217 1359 245 istud
1367 223 1474 252 quoque
1484 223 1620 252 exponas:
1640 217 1728 251 «Quo-
1755 203 1765 226 ’ί

110 282 121 298 ι
147 271 255 305 Ἐπειδὴ
273 269 326 305 γὰρ
341 266 374 295 δι’
388 268 532 304 ἀνθρώπου
546 269 560 294 6
575 267 690 298 Θάνατος
700 287 707 298 ,
722 267 769 293 καὶ
791 265 824 292 δι’
848 265 894 291 ἁν-

106 316 219 352 θρὼπου
232 315 379 346 ἀνάστασις
394 313 514 349 νεκρῶν·
531 313 626 348 ὥσπερ
638 312 692 348 γὰρ
707 313 737 339 ὲν
751 311 790 347 τῷ
808 309 895 345 ’Ἀδὰμ

107 363 210 393 πάντες
233 361 462 396 ἀποθνήσκουσιν,
496 358 567 386 οὕτω
590 358 645 386 καὶ⁵
661 359 690 385 ὲν
718 357 758 393 τῷ
783 356 895 392 Χριστῷ

109 409 212 440 πάντες
233 407 494 442 ζωοποιηθήσονται.
513 416 521 431 ι
538 406 668 440 Δεύτερος
684 402 770 438 Ἀδὰμ
794 411 895 438 κεχρη-

112 456 228 490 μάτικεν
240 455 254 481 ὁ
267 453 383 489 Χριστός
393 462 399 467 ·
412 453 460 479 καὶ
474 452 567 487 ὥσπερ
581 452 594 478 ὁ
607 451 715 486 πρῶτος
722 445 808 483 Ἀδὰμ
821 449 895 484 ἡμᾶς

111 497 292 525 κατεϐίϐασεν
306 498 346 529 είς
360 497 473 532 φθορὰν,
498 496 584 527 οὕτως
599 497 614 522 6
626 495 751 530 δεύτερος
769 494 895 528 ἀνεκόμι-

112 552 160 570 σεν
185 544 224 575 εἰς
248 543 330 578 ζωήν.
359 541 414 577 Οὖχ
438 543 476 574 ὼς
499 542 640 576 ἄνθρωπος
657 536 734 575 ψιλὸς
752 540 896 567 ἀποθανὼν

112 590 183 625 ὑπὲρ
198 590 289 625 ήμῶν,
305 589 348 616 ἵνα
365 588 410 624 μὴΔ
421 589 468 615 καὶ
490 589 518 614 ὲν
535 587 610 622 αὑτῷ
636 587 771 622 μείνωμεν
785 586 876 621 νεκροί
887 594 893 600 ⁸

112 635 171 661 ἀλλ’
186 635 224 666 ὡς
240 634 306 666 Θεὸς
325 635 354 660 ἐν
369 634 451 669 σαρκὶ
471 633 518 660 καὶ
534 633 603 667 αὐτῇ
628 631 770 663 πεπονθὼς
789 631 896 666 ἀνθρω-

113 681 211 712 πίνως,
236 680 279 707 ἵνα
296 679 395 711 θεῖκῶς
415 679 597 714 ἀναστήσαντι
611 678 657 705 τὸν
678 678 742 704 ἴδιον
759 676 822 705 ναὸν
837 683 898 704 συν-

113 726 272 761 εγερθῶμεν
287 726 376 761 ἡμεῖς.

326 814 374 840 Ἐκ
391 810 446 847 τῆς
460 813 534 848 πρὸς
545 812 694 846 Γαλάτας.

154 869 164 886 ‹
180 859 296 895 Χριστὸς
310 860 384 895 ἡμᾶς
400 859 565 894 ἐξηγόρασεν
587 860 619 885 ὲκ
641 859 691 894 τῆς
713 856 836 893 κατάρας
852 854 899 884 τοῦ

117 905 210 941 νόμου,
233 905 378 940 γενόμενος
402 905 472 940 ὑπὲρ
493 904 570 939 ἡμῶν
596 904 719 939 κατάραο
745 904 900 939 γέγραπται
917 895 937 921 Β

117 953 188 987 γάρ·
212 951 430 987 Ἐπικατάρατος
443 952 496 983 πᾶς
509 951 526 977 ὁ
550 950 723 986 κρεμάμενος
746 950 792 976 ἐπὶ
808 949 900 981 ξύλουο

119 997 162 1024 ἳνα
177 998 216 1028 είς
238 997 271 1023 τὰ
282 997 346 1031 ἔθνη
367 997 384 1030 ἡ
409 996 517 1030 εὐλογία
536 996 582 1022 τοῦ
603 995 729 1031 Ἀϐραὰμ
743 993 855 1029 γένηται
874 994 903 1020 ἐν

118 1042 230 1079 Χριστῷ
250 1042 348 1077 Ἰησοῦ,
365 1041 409 1069 ῐνα
422 1043 472 1078 τὴν
485 1041 652 1076 ἐπαγγελίαν
675 1036 722 1068 eo?)
747 1037 904 1076 Πνεῦματος

119 1089 247 1124 λάὸωμεν
262 1089 305 1115 διὰ
320 1088 369 1124 τῆς
392 1088 520 1119 πίστεως.
543 1097 552 1114 ι
572 1087 667 1123 ’Ἃϐρει
684 1087 715 1122 δή
732 1096 777 1122 μοι
791 1082 905 1113 κάντεῦ-

121 1135 178 1167 θεν,
193 1135 234 1161 ὅτι
247 1134 343 1169 γέγονε
356 1133 395 1169 τῷ
410 1134 504 1169 κόσμῳ
523 1133 656 1168 σωτήριος
679 1132 694 1158 ὁ
715 1129 834 1168 Χριστοῦ
857 1131 905 1158 θά-

121 1189 202 1213 νατος
213 1189 220 1196 ·
233 1181 328 1216 γέγονε
343 1180 397 1215 γὰρ
412 1180 482 1214 ὑπὲρ
495 1179 574 1214 ἡμῶν
586 1178 703 1214 κατάρα,
713 1178 827 1214 σταυρδν
840 1177 906 1203 ὑπο-

123 1226 229 1262 μείνας,
251 1225 300 1252 καὶ
318 1224 484 1260 κρεμασθεὶς
507 1223 555 1250 ἐπὶ
581 1222 671 1255 ξύλου,
696 1223 740 1249 ἴνα
766 1222 836 1258 λύσῃ
858 1221 905 1247 τοῦ

122 1272 226 1306 κόσμου
237 1271 288 1306 τὴν
297 1270 445 1306 ἁμαρτίαν,
463 1269 507 1296 ἵνα
524 1270 563 1301 εἰς
578 1269 612 1295 τὰ
625 1268 688 1304 ἔθνη
706 1267 843 1303 ήεὺλογία
859 1266 906 1293 τοῦ

129 1316 256 1353 Ἀὕραὰμ
280 1316 392 1351 γένηται
416 1316 446 1342 ἒν
478 1314 589 1350 Χριστῷ
618 1314 723 1348 Ἰησοῦι
758 1312 906 1344 τουτέστιν,

124 1362 168 1387 ἵνα
183 1360 316 1396 δικαιωθῇ
334 1360 369 1387 τὰ
381 1359 444 1396 ἔθνη
468 1359 511 1386 διὰ
532 1359 660 1390 πίστεως,
677 1358 748 1385 κατὰ
761 1358 810 1393 τὴν
824 1357 908 1383 δοθεῖ-

124 1416 175 1435 σαν
200 1406 365 1440 ἐπαγγελίαν
386 1405 425 1441 τῷ
443 1405 581 1441 Ἀϐραὰμ,
604 1404 648 1430 ἵνα
672 1404 721 1439 τὴν
743 1402 910 1437 ἐπαγγελίαν

123 1453 173 1480 τοῦ
187 1452 346 1487 Πνεύματος
359 1451 486 1486 λάϐωμεν
503 1451 547 1478 διὰ
563 1451 612 1484 τῆς
629 1450 754 1481 πίστεως.
772 1449 839 1486 Ὅτε
856 1449 911 1475 τοίω

124 1507 175 1524 νυν
190 1498 238 1524 καὶ
252 1498 301 1532 τὴν
316 1498 345 1523 ὲν
359 1496 434 1531 νόμῳ
446 1495 556 1522 λέλυκεν
575 1495 644 1530 ἀρὰν
665 1495 679 1520 6
695 1493 813 1529 Χριστοῦ
829 1492 911 1519 θάνα-

125 1552 182 1575 τος,
206 1543 254 1570 καὶ
276 1542 444 1577 προὺξὲνησε
461 1543 516 1573 τοῖς
541 1540 629 1567 ἔθνεσι
646 1540 695 1575 τὴν
719 1538 844 1572 εὐλογίαν
862 1536 909 1563 τοῦ

133 1589 270 1625 Ἀϐραὰμ.
289 1588 413 1615 τουτέστι
426 1588 476 1623 τὴν
490 1587 534 1614 διὰ
549 1586 666 1617 πίστεως
678 1585 770 1621 χάριν,
779 1584 910 1620 μετόχους

125 1634 155 1661 δὲ
170 1635 242 1669 ἡμᾶς
261 1633 385 1668 ἁπέψηνε
401 1633 448 1659 καὶ
461 1631 507 1658 τοῦ
522 1631 600 1665 ἁγίου
615 1630 783 1666 Πνεύματος·
798 1629 848 1655 οὐκ
861 1629 910 1654 ἁν-

127 1678 238 1714 θρώπου
250 1677 341 1704 κοινοῦ
354 1678 433 1704 νοοῖτ⁹
450 1676 483 1703 ἂν
501 1677 514 1703 6
527 1676 643 1707 θάνατος
661 1674 758 1702 αὐτοῦ·
776 1673 911 1708 περινοεῖν

126 1725 156 1750 δὲ
181 1725 313 1760 προσήκει
337 1723 449 1759 μᾶλλον,
471 1723 512 1749 ὅτι
537 1720 605 1757 σὰρξ
635 1719 752 1755 γεγονὼς
776 1720 790 1746 ὁ
814 1719 911 1753 Λόγος,

129 1771 211 1806 σαρκὶ
226 1770 359 1798 πέπονθεν
381 1770 451 1805 ὑπὲρ
463 1769 510 1795 τοῦ
526 1769 641 1802 κόσμου,
664 1767 712 1794 καὶ
726 1767 837 1800 γέγονεν
853 1765 912 1791 ικα-

128 1817 174 1843 νὺν
191 1815 220 1842 τὸ
233 1814 316 1842 αὐτοῦ
332 1814 418 1846 πάθος
432 1815 471 1845 εἰς
486 1813 536 1848 τὴν
552 1812 602 1840 τοῦ
614 1812 717 1847 κόσμου
731 1811 875 1847 λύτρωσιν.

323 1861 373 1888 Ἐκ
392 1859 447 1894 τῆς
461 1859 536 1893 πρὸς
554 1858 723 1893 Ἐφεσίους.

170 1917 179 1933 ι
197 1908 266 1934 Νυνὶ
280 1907 308 1934 δὲ
323 1908 351 1933 ὲν
366 1906 477 1942 Χριστῷ
497 1905 596 1941 Ἰησοῦ,
615 1906 695 1941 ὑμεῖς
708 1904 733 1931 οἱ
749 1903 814 1930 ποτὲ
838 1903 914 1934 ὄντες

132 1954 253 1989 μακρὰν,
275 1954 424 1988 ἐγενήθητε
448 1952 531 1986 ἐγγὺς
558 1952 587 1978 ὲν
601 1951 640 1986 τῷ
662 1951 758 1986 αἵματι
777 1950 824 1977 τοῦ
849 1950 916 1985 Χρι-

132 1998 207 2025 στοῦ.
222 1997 306 2029 Λὺτδς
324 1997 379 2032 γάρ
396 1998 469 2024 ἐστιν
482 1999 498 2032 ἡ
512 1997 607 2032 εἰρήνη
620 1996 710 2031 ἡμῶν,
724 1997 738 2023 6
751 1996 867 2031 ποιήσας
881 1994 915 2021 τὰ

131 2044 276 2080 ἀμφότερα
294 2044 332 2076 ἓν,
357 2043 404 2070 καὶ
420 2044 450 2070 τὺ
469 2043 626 2078 μεσότοιχον
649 2043 696 2069 τοῦ
725 2041 852 2078 φραγμοῦ
868 2041 916 2067 λύ-

132 2098 194 2121 σας,
208 2089 257 2125 τὴν
272 2089 371 2125 ἔχθραν
385 2090 414 2116 ὲν
426 2091 459 2125 τῇ
474 2090 555 2125 σαρκὶ
570 2088 664 2121 αὑτοῦ,
674 2088 728 2115 τῶν
743 2088 859 2115 ἐντολῶν
870 2088 916 2114 τὸν

131 2137 215 2171 νόμον
231 2137 261 2162 ὲν
275 2136 391 2170 δόγμασι
408 2136 593 2171 καταργήσας.
612 2145 622 2161 ι
641 2135 671 2162 Εἰ
690 2134 738 2162 καὶ
759 2134 823 2166 τοὺς
837 2134 918 2166 ὄντας

134 2182 245 2217 μακρὰν
257 2181 300 2208 διὰ
316 2182 346 2208 τὸ
363 2181 516 2208 πλανᾶσθαι
537 2181 608 2208 κατὰ
629 2181 675 2207 τὸν
696 2181 808 2215 κόσμον,
827 2179 873 2206 καὶ
888 2180 918 2206 ὲν

134 2229 262 2263 ἀθεότητι
286 2228 428 2260 διατελεῖν,
453 2228 535 2261 ὲγγὺς
552 2227 684 2261 πεποίηκε
705 2226 737 2252 τὸ
758 2223 828 2261 αἷμα
853 2225 920 2259 Χρι-

135 2274 211 2300 στοῦ-
228 2274 286 2306 πῶς
301 2275 350 2300 οὐκ
367 2274 504 2308 ἀναγκαία
513 2274 568 2304 τοῖς
583 2273 628 2299 ἐπὶ
642 2273 692 2308 τῆς
706 2273 757 2306 γῆς
770 2273 786 2306 ἡ
806 2271 853 2298 τοῦ
870 2271 921 2298 Λό-

134 2330 186 2355 γου
203 2321 350 2356 σάρκωσις,
371 2320 538 2354 συλλέγουσα
551 2320 585 2346 τὰ
598 2319 762 2356 διῃρημένα,
776 2319 823 2345 καὶ
836 2326 921 2354 προσ-

135 2366 277 2393 οικειοῦσα
303 2366 352 2401 μὲν
375 2366 413 2401 τῷ
432 2366 491 2401 Θεῷ
513 2367 575 2397 τοὺς
600 2365 719 2401 μακρὰν,
745 2364 874 2396 κτίζουσα
894 2363 922 2390 δὲ

135 2412 200 2443 τοὺς
223 2412 269 2438 δύο
288 2412 369 2443 λαοὺς
392 2412 431 2442 είς
454 2412 502 2438 ἓνα
527 2411 620 2437 καινὸν
644 2411 786 2446 ἄνθρωπον
809 2409 852 2437 διὰ
873 2411 923 2444 τῆς

135 2457 220 2484 αὐτοῦ
245 2457 362 2493 σαρκός;
387 2457 495 2483 Δέὂοται
518 2455 573 2491 γὰρ
601 2457 640 2487 εἰς
662 2456 796 2491 λύτρωσιν
819 2455 873 2481 τῶν
894 2455 923 2481 ὲν

135 2504 298 2539 ἁμαρτίαις,
311 2504 357 2530 καὶ
370 2503 402 2529 δι’
418 2503 502 2538 αὐτῆς
527 2502 561 2529 τὰ
574 2502 663 2529 πάντα
684 2502 872 2539 κατεκτήσατο
885 2499 924 2535 τῷ

135 2536 259 2583 Θεῷ-καὶ
275 2549 373 2583 Πατρί.
397 2548 453 2574 Καὶ
470 2536 538 2582 πρὸς
551 2547 656 2578 τούτοις
678 2547 717 2573 ἔτι
740 2536 787 2572 καὶ
802 2547 816 2573 ὁ
840 2545 923 2573 πάλαι

137 2594 312 2629 κατήργηται
334 2593 415 2629 νόμος
428 2614 436 2626 ,
459 2593 496 2625 ὼς
518 2593 588 2629 ὑπὲρ
604 2593 685 2620 αὑτὸν
706 2592 789 2627 οὔσης
809 2593 857 2628 τῆς
879 2592 923 2618 πί-

138 2648 235 2674 στεως,
251 2640 331 2675 δῆλον
343 2640 372 2666 δὲ
391 2641 432 2666 ὅτι
453 2641 502 2675 τῆς
524 2641 553 2666 ἐν
574 2639 695 2675 Χριστῷ.
719 2639 775 2667 Καὶ
796 2641 820 2666 εἰ
844 2639 925 2666 τοῦτό

138 2686 214 2712 ἐστιν
234 2686 344 2721 ἀληθὲς,
369 2686 429 2718 πῶς
443 2687 513 2722 ὑπὲρ
527 2686 610 2721 νόμον
633 2687 650 2721 ἡ
664 2686 765 2720 πίστις,
787 2686 812 2712 εἰ
832 2685 870 2721 μὴ
888 2685 926 2717 ὡς

140 2731 202 2766 Θεῷ
214 2732 437 2767 πεπιστεύκαμεν
448 2732 487 2767 τῷ
503 2731 613 2767 Χριστῷ
625 2740 633 2765 ;

177 2864 199 2881 ⁷⁷
214 2863 236 2892 ll
251 2864 315 2893 Cor.
333 2872 378 2898 xv,
393 2864 437 2892 2|.
477 2865 500 2881 τ³
516 2863 602 2892 Galat.
624 2871 666 2897 ιιι,
683 2863 725 2896 15,
745 2863 788 2891 14.

948 265 1020 291 niam
1034 263 1142 298 quidem
1157 270 1206 298 per
1223 262 1361 290 hominem
1376 270 1462 295 mors,
1478 267 1505 290 et
1519 270 1569 297 per
1590 262 1726 290 hominem

947 309 1111 337 resurrectio
1124 305 1309 341 mortuorum;
1336 312 1364 335 et
1391 306 1462 335 sicut
1478 308 1503 335 in
1531 307 1616 335 Adam
1634 316 1729 336 omnes

947 354 1109 387 moriuntur,
1136 353 1174 380 ita
1200 357 1227 380 et
1249 352 1275 380 in
1308 350 1418 381 Christo
1443 361 1537 380 omnes
1552 353 1732 381 viviﬁcabun~

948 404 991 426 tur
1004 399 1038 425 ".
1060 408 1070 425 ι
1084 398 1209 427 Christus
1233 398 1370 425 secundus
1395 398 1480 425 Adam
1501 399 1652 434 appellatus
1677 405 1731 427 est.

951 443 984 471 Ut
995 447 1086 471 autem
1112 442 1219 478 primus
1242 442 1329 470 Adam
1342 450 1393 470 nos
1409 441 1506 477 dejccit
1535 444 1561 471 in
1580 446 1733 480 corruptio-

949 497 1022 522 nem,
1039 489 1076 516 ita
1089 489 1225 516 secundus
1252 489 1337 515 Adam
1352 496 1402 516 nos
1429 489 1556 525 provexit
1578 490 1610 517 ad
1630 491 1730 524 vitam;

949 543 1001 562 non
1014 540 1044 562 ut
1056 535 1136 562 homo
1148 535 1301 562 communis
1328 535 1413 562 nostri
1442 542 1522 563 causa
1542 541 1656 564 mortem
1669 545 1733 572 per-

949 587 1054 614 pessus,
1065 585 1101 607 ne
1118 580 1143 607 in
1158 579 1205 608 illo
1220 580 1319 608 mortui
1338 588 1506 613 maneamus,
1538 582 1584 609 sed
1611 587 1641 608 ut
1663 582 1733 609 Deus

951 627 1120 654 incarnatus.
1139 624 1192 654 Per
1207 634 1317 654 carnem
1339 634 1458 661 namque
1474 634 1570 661 passus
1582 632 1622 654 cst
1641 632 1668 654 ut
1685 628 1734 654 ho-

951 680 1011 706 mo,
1028 676 1068 705 ut,
1084 673 1146 700 dum
1162 673 1300 707 proprium
1316 672 1445 707 templum
1465 672 1555 700 divina
1567 673 1668 700 virtute
1687 681 1735 700 ex-

951 719 1076 751 suscitat,
1096 723 1124 746 et
1145 725 1195 746 nos
1218 716 1297 746 simul
1311 723 1419 753 queque
1441 725 1501 746 cum
1516 718 1563 746 illo
1583 719 1734 747 exsuscite-

952 772 996 792 mu
1001 773 1022 792 Γ.

1158 807 1202 837 Ea:
1212 810 1331 844 Epistula
1350 811 1384 837 ad
1411 807 1531 838 Galatas.

990 867 1000 884 ι
1015 855 1140 886 Christus
1158 864 1207 884 nos
1220 857 1335 884 redemit
1351 859 1384 884 de
1398 857 1542 884 maledicto
1557 857 1634 892 legis,
1649 857 1736 885 factus

952 911 1001 939 pro
1031 903 1110 930 nobis
1139 902 1326 935 maledictum;
1342 903 1404 937 quia
1422 903 1550 937 scriptum
1574 907 1615 930 est
1632 901 1736 931 :Malc-

954 950 1041 977 dictus
1059 949 1147 976 omnis
1170 950 1215 984 qui
1228 949 1326 983 pendet
1340 947 1463 983 inligno:
1479 952 1508 974 ut
1521 950 1546 975 in
1556 948 1679 983 gentibus
1693 949 1737 976 bc-

954 995 1071 1023 nedictio
1088 995 1164 1022 ﬁeret
1177 994 1294 1022 Abrahm
1309 994 1337 1021 in
1354 994 1464 1021 Christo
1479 992 1554 1024 Jesu,
1583 998 1612 1020 ut
1627 993 1734 1028 pollici-

954 1044 1082 1070 tationem
1109 1040 1227 1076 Spiritus
1241 1037 1406 1076 accipiamus
1423 1048 1472 1075 pcr
1486 1040 1564 1067 [idem
1578 1038 1613 1065 ⁷⁸.
1635 1050 1644 1066 ι
1672 1039 1739 1067 llinc

954 1089 1035 1116 etiam
1053 1087 1200 1122 perspicias
1221 1087 1294 1120 licet,
1316 1086 1416 1114 Christi
1438 1091 1551 1114 monem
1574 1086 1674 1113 mundo
1695 1094 1732 1113 sa-

956 1135 1070 1161 lutarem
1085 1133 1232 1160 exstitisse.
1259 1128 1325 1159 Nam
1351 1132 1522 1159 maledictum
1548 1132 1633 1158 nostri
1651 1139 1735 1159 causa

957 1181 1044 1207 factus
1060 1185 1112 1210 est.
1132 1179 1194 1206 dum
1208 1186 1317 1210 crucem
1331 1179 1472 1212 sustinuit,
1493 1176 1572 1213 100
1587 1185 1690 1205 necnon
1707 1187 1741 1206 ex

956 1227 1030 1262 ligno
1054 1226 1191 1261 pependit,
1219 1233 1282 1260 quo,
1303 1225 1401 1252 tumulo
1426 1233 1441 1252 a
1468 1226 1589 1260 peccatis
1621 1227 1740 1259 expiato.

957 1272 1074 1300 Abrahae
1090 1271 1243 1300 benedictio
1262 1272 1287 1298 iu
1303 1271 1412 1298 Christo
1431 1270 1494 1298 Jesu
1512 1272 1590 1299 lieret
1604 1272 1631 1298 in
1649 1273 1736 1306 genti-

957 1319 1019 1351 bus,
1035 1318 1085 1346 hoc
1096 1322 1148 1350 est,
1160 1322 1190 1344 ut
1199 1322 1304 1353 gentes,
1318 1317 1395 1352 juxta
1410 1317 1616 1352 promissionem
1624 1317 1741 1344 Abraha:

960 1363 1070 1395 factam,
1083 1371 1131 1398 per
1144 1363 1222 1390 [idem
1232 1362 1459 1397 justiﬂcarentur,
1476 1370 1580 1397 nosque
1600 1370 1648 1397 per
1661 1363 1741 1390 ﬁdem

960 1408 1089 1442 Spiritum
1100 1407 1263 1442 promissum
1278 1408 1474 1435 obtineremus.
1489 1408 1556 1435 Cum
1567 1408 1649 1443 igitur
1661 1408 1741 1436 Chri-

961 1454 994 1481 sti
1010 1453 1159 1488 morslcgis
1171 1453 1389 1481 malcdictionem
1404 1460 1420 1480 e
1435 1454 1524 1480 medio
1545 1453 1698 1486 sustulerit,
1717 1460 1744 1481 ct

962 1499 1086 1534 gentibus
1100 1506 1208 1526 rursum
1235 1498 1347 1526 Abrahae
1374 1498 1604 1531 benedictionem,
1625 1499 1675 1526 hoc
1703 1506 1745 1526 est

924 1563 945 1591 C
962 1544 1075 1578 gratiam
1085 1551 1132 1578 per
1145 1543 1223 1570 [idem
1236 1543 1380 1577 pepererit,
1389 1547 1417 1570 et
1431 1543 1537 1570 tandem
1552 1542 1668 1578 Spiritus
1680 1551 1746 1570 sar.-

962 1591 997 1617 cti
1012 1589 1155 1624 participes
1167 1596 1216 1616 nos
1232 1589 1396 1621 reddiderit;
1415 1589 1568 1623 neutiquam
1589 1589 1746 1616 existimare

962 1636 1090 1664 debemus
1123 1639 1237 1662 mortem
1267 1634 1337 1662 illius
1365 1635 1485 1669 vulgaris
1516 1634 1665 1670 cujuspiam
1695 1636 1743 1662 ho-

963 1681 1167 1709 minismortem
1179 1681 1338 1708 exstitisse:
1357 1681 1423 1713 quin
1450 1680 1477 1707 id
1507 1681 1597 1715 potius
1625 1686 1746 1708 statuere

964 1734 1013 1754 nus
1031 1726 1120 1758 decet,
1139 1733 1235 1761 nempe
1247 1725 1365 1753 Verbum
1383 1726 1555 1753 incarnatum
1584 1731 1698 1753 mortem
1718 1728 1744 1753 in

964 1779 1045 1799 carne
1058 1778 1108 1807 pro
1122 1771 1221 1798 mundo
1234 1770 1387 1806 pertulisse.
1407 1770 1520 1805 ejusque
1544 1772 1698 1806 passionem
1713 1774 1747 1799 ad

963 1825 1070 1845 omnem
1084 1817 1223 1845 hominum
1242 1817 1453 1851 redemptionem
1468 1817 1574 1845 abunde
1594 1823 1636 1845 sat
1650 1818 1744 1845 fuisse.

1172 1863 1213 1890 EI
1224 1863 1343 1898 Epistula
1358 1864 1392 1890 ad
1407 1863 1542 1897 Ephesios.

1004 1920 1014 1936 ι
1033 1910 1109 1937 Nunc
1126 1914 1215 1936 autem
1232 1910 1258 1936 in
1273 1909 1381 1936 Christo
1393 1909 1469 1941 Jesu,
1486 1917 1534 1937 vos
1545 1910 1590 1944 qui
1603 1910 1748 1946 aliquando

966 1956 1049 1984 eratis
1067 1955 1156 1990 longe,
1170 1955 1234 1983 iacti
1246 1955 1312 1982 estis
1330 1962 1413 1989 prope
1429 1956 1457 1982 in
1488 1956 1618 1989 sanguine
1634 1957 1746 1984 Christi.

967 2001 1025 2036 Ipse
1036 2001 1109 2028 enim
1122 2005 1163 2028 est
1175 2008 1228 2035 pax
1243 2005 1351 2032 nostra,
1369 2001 1414 2035 qui
1431 1999 1495 2027 fecit
1511 2005 1625 2036 utraque
1650 2009 1746 2034 unum,

967 2054 995 2075 et
1012 2048 1128 2075 medium
1145 2047 1276 2081 parietem
1304 2047 1429 2074 maceria:
1451 2047 1568 2080 solvens,
1598 2048 1753 2075 inimicitias

969 2094 996 2121 in
1010 2100 1092 2121 carne
1109 2100 1169 2124 sua.
1184 2093 1269 2128 legem
1292 2092 1481 2120 mandatorum
1499 2094 1525 2120 in
1549 2094 1666 2121 decretis
1684 2100 1748 2120 eva-

969 2147 1054 2168 cuans
1070 2140 1104 2166 "’.
1120 2148 1129 2165 ι
1149 2139 1226 2171 Quod
1242 2138 1265 2166 si
1281 2145 1328 2166 eos
1342 2138 1386 2172 qui
1402 2138 1495 2173 procul
1522 2138 1647 2171 aberant,
1672 2139 1707 2166 ob
1724 2140 1750 2166 id

971 2186 1098 2212 nimirum
1115 2185 1187 2219 quod
1201 2191 1248 2218 per
1277 2184 1407 2211 mundum
1432 2184 1577 2211 errabundi
1594 2184 1755 2220 divagarcn-

939 2234 958 2260 D
976 2236 1020 2258 tur
1031 2235 1196 2264 natalemque
1222 2229 1249 2256 in
1264 2230 1403 2264 impietate
1415 2234 1537 2264 agerent,
1555 2231 1663 2265 sanguis
1676 2231 1755 2258 Chri-

974 2277 1008 2304 sti
1045 2283 1128 2311 prope
1156 2275 1284 2309 adduxit;
1311 2276 1444 2310 quomodo
1483 2275 1563 2303 Verbi
1594 2276 1755 2309 iucaruatio,

974 2331 1034 2357 qua:
1050 2327 1077 2349 et
1089 2323 1210 2356 dispersa
1240 2322 1266 2359 in
1290 2329 1373 2348 unum
1401 2321 1520 2357 collegit,
1537 2326 1564 2349 et
1583 2322 1662 2357 longe
1679 2324 1758 2349 alier-

976 2372 1069 2395 rantes
1085 2367 1138 2394 Deo
1150 2366 1347 2398 reconciliavit,
1363 2371 1390 2393 et
1405 2366 1472 2393 duos
1494 2367 1607 2401 populos
1630 2368 1657 2395 in
1674 2376 1755 2394 unum

975 2420 1072 2439 novum
1083 2411 1220 2438 hominem
1246 2418 1294 2446 per
1308 2419 1416 2438 carnem
1435 2411 1506 2438 illius
1529 2412 1642 2447 redegit,
1660 2414 1756 2447 generi

978 2458 1097 2485 humano
1111 2465 1163 2484 non
1181 2461 1243 2484 erat
1273 2456 1447 2484 necessaria?
1475 2457 1599 2484 Exhibita
1622 2463 1664 2484 est
1685 2459 1757 2486 enim

979 2504 1036 2530 hinc
1049 2509 1114 2530 caro
1146 2502 1171 2529 in
1185 2509 1278 2529 eorum
1302 2501 1487 2528 liberationem
1516 2501 1561 2536 qui
1575 2503 1693 2537 peccatis
1708 2505 1758 2531 oh-

977 2548 1065 2576 stricti
1098 2549 1270 2579 tenebantur,
1305 2547 1450 2582 omniaque
1478 2555 1526 2582 per
1547 2548 1630 2582 ipsam
1650 2548 1710 2579 ,Deo
1731 2555 1759 2577 et

977 2595 1049 2621 Patri
1077 2593 1216 2621 lucrifacta
1242 2598 1314 2621 sunt.
1328 2593 1383 2621 Lex
1394 2599 1524 2628 praetcrea
1536 2599 1624 2625 vetns,
1635 2595 1706 2628 quod
1726 2596 1758 2621 ﬁ-

978 2640 1026 2667 des
1046 2639 1073 2666 in
1094 2639 1233 2667 Christum
1260 2639 1344 2666 multo
1372 2639 1417 2666 illa
1440 2640 1475 2666 sit
1498 2639 1684 2674 excellentior,
1712 2648 1759 2675 per

980 2684 1104 2711 eamdem
1118 2691 1226 2718 quoque
1242 2684 1341 2712 abolita
1354 2689 1405 2711 est.
1435 2685 1470 2712 At
1485 2684 1620 2719 quomodo
1639 2686 1680 2712 lex
1697 2687 1759 2714 lidei

978 2729 1060 2761 cedit,
1075 2729 1097 2756 si
1114 2729 1141 2756 in
1155 2729 1292 2757 Clu-istum
1307 2735 1434 2764 tanquam
1451 2730 1477 2756 in
1489 2737 1582 2757 verum
1605 2730 1687 2758 Deum
1707 2739 1760 2758 non

981 2775 1132 2802 credimus?

841 2864 864 2880 ⁷⁹
877 2863 975 2899 Ephes.
994 2870 1023 2896 ιι,
1043 2862 1133 2890 liv-lii.
