1872 3057
153 166 222 196 1295

359 224 402 252 Εε
416 223 538 258 Epistula
553 223 589 250 ad
607 223 745 252 Πρίηπος.

189 289 199 306 ‹
219 279 280 308 Ideo
298 279 457 318 ingrediens
479 279 610 306 mundum
638 280 704 307 dicit
727 289 734 307 :
765 279 888 308 Hostiam
911 287 939 308 ct

151 325 314 353 oblationem
342 325 464 357 noluisti,
491 332 592 360 corpus
618 331 708 353 autem
731 327 830 361 aptasti
850 327 936 355 mihi:

151 371 371 398 holocautomata
390 375 418 398 et
441 378 490 405 pro
509 376 620 406 peccato
643 378 695 398 non
708 371 755 398 libi
768 371 938 406 placuerunt.

150 417 228 444 Tunc
242 417 318 452 101
336 417 392 444 dixi
407 426 413 444 :
431 417 503 445 Ecce
519 418 620 451 venio;
640 419 666 445 in
681 418 773 454 capite
791 419 854 446 libri
868 419 938 446 scri-

150 468 225 497 ptum
253 467 296 490 cst
320 463 353 490 de
379 471 446 490 nte:
476 462 510 490 Ut
540 463 647 496 faciam,
673 463 754 496 Deus,
771 465 937 491 voluntatem

151 516 225 535 tuam
236 508 270 535 ⁸⁵.
291 518 301 534 ι
318 509 420 536 Christi
438 509 532 544 passio
558 510 662 537 mundo
681 511 798 538 salutetur
821 511 937 545 peperit.

153 555 250 582 Verum
267 563 358 590 operae
373 556 490 591 pretium
515 560 559 582 est
583 563 749 590 cognoscere
780 556 938 591 ecquisnam

151 601 196 628 ille
220 601 257 629 sit
282 600 328 636 qui
343 601 369 627 ln
383 601 511 628 mundum
528 600 693 635 ingreditur.
716 602 938 637 quandoquidem

151 647 239 674 modis
264 647 390 674 omnibus
416 646 440 673 is
462 652 539 673 extra
559 647 689 674 mundum
704 653 774 674 erat.
798 647 939 680 Quomodo

150 700 227 728 ergo,
257 692 305 727 qui
317 697 394 719 extra
423 692 552 719 muudmn
579 697 648 725 erat,
680 693 821 726 ingressus
847 698 889 720 est
910 693 937 721 in

150 738 258 773 ipsum?
272 737 344 765 Sane
359 737 537 771 Unigenitus,
557 743 654 773 suapte
670 744 767 765 natura
782 739 937 766 universum

150 785 279 812 mundum
301 784 438 811 excedens
453 790 482 811 ut
498 783 580 814 Deus.
596 784 622 811 in
646 785 774 811 mundmn
797 785 937 820 ingressus

147 835 200 864 est,
217 837 278 866 pars
297 829 370 857 illius
385 828 484 862 factus,
500 830 577 857 idest
593 831 683 856 homo.
694 829 730 856 lta
747 830 832 864 enim,
850 830 937 858 sacri-

148 877 210 904 licio
226 883 274 911 pro
294 875 373 903 nobis
395 875 486 903 oblato
511 879 660 910 sponteque
675 876 822 910 semetipso
831 881 936 904 cantra-

147 923 215 954 dito,
228 921 263 949 ab
283 921 393 948 interitu
416 926 551 948 terrarum
569 921 664 948 orbem
681 921 842 948 vindicavit.

184 976 194 993 ι
217 966 332 1001 Propter
355 965 429 1000 quod
454 970 483 992 et
502 964 592 998 Jesus,
613 970 642 992 ut
669 966 854 993 sanctilicaret
886 974 935 1001 per

146 1019 225 1039 suum
244 1010 405 1046 sanguinem
427 1010 577 1045 populum,
600 1015 677 1038 extra
704 1017 810 1046 portam
836 1019 935 1046 passus

145 1061 188 1084 est
203 1057 236 1084 ¹¹.
250 1065 261 1082 ι
277 1057 335 1090 Quo
350 1061 442 1091 pacto.
458 1063 562 1090 quaeso.
578 1057 726 1091 promiscui
739 1057 857 1085 hominis
870 1065 934 1084 sau~

145 1102 208 1137 guis
221 1107 332 1130 sanctos
345 1108 395 1129 nos
411 1100 550 1128 ediceret?
565 1102 600 1128 At
615 1102 717 1130 Christi
739 1102 852 1137 sanguis
868 1110 932 1130 san-

150 1148 355 1176 ctiﬁcavitnos.
373 1147 486 1175 Divinus
512 1153 554 1175 est
579 1148 682 1183 itaque,
696 1156 750 1176 non
773 1149 935 1184 simpliciter

145 1195 300 1222 humanus:
319 1194 390 1222 Deus
405 1194 479 1221 enim
497 1198 558 1221 erat
580 1194 608 1221 in
627 1202 711 1222 carne
723 1215 730 1229 ,
753 1195 862 1230 proprio
883 1203 933 1223 nos

144 1239 275 1276 sanguine
291 1240 454 1268 emundans.

322 1296 364 1324 Ea:
378 1296 498 1330 Epistula
513 1298 547 1323 ad
557 1295 732 1325 Timotheum.

179 1364 190 1379 ι
207 1353 282 1381 Unus
295 1353 366 1380 enim
384 1353 468 1386 Deus,
481 1359 508 1382 et
528 1363 599 1382 unus
621 1355 757 1382 mediator
775 1355 821 1383 Dei
837 1361 864 1383 et
881 1356 932 1383 ho-

143 1401 245 1427 minum
264 1400 345 1426 homo
368 1399 494 1427 Christus
513 1399 612 1433 Jesus,
639 1400 686 1435 qui
714 1400 928 1435 redemptionem

141 1445 215 1472 dedit
237 1445 358 1480 seipsum
388 1451 437 1479 pro
459 1445 587 1474 omnibus
606 1446 641 1473 ".
667 1455 677 1472 ι
703 1445 834 1473 Salutaris
861 1447 930 1473 citra

141 1491 354 1519 rontroversiam
373 1490 474 1518 Christi
493 1500 566 1520 mors
582 1493 711 1520 universo
727 1492 826 1519 mundo
843 1492 929 1519 exsti-

142 1539 184 1565 tit.
205 1539 333 1565 Attamen
355 1538 378 1565 si
395 1537 522 1566 Christus
548 1537 618 1565 Deus
635 1545 688 1565 non
715 1543 768 1570 est,
791 1538 926 1572 quomodo

652 167 682 195 S.
702 167 841 195 CYRILLI
859 168 1097 198 ALEXANDRINI
1116 162 1277 200 ARClllEP.

1726 178 1736 204 l
1741 177 1789 204 9.96

955 229 978 256 Α
1192 230 1237 257 Ἐκ
1256 231 1311 267 τῆς
1330 234 1403 267 πρὸς
1422 235 1591 270 'Ec’puicvc.

1029 296 1036 310 ι
1053 285 1097 312 Διὸ
1115 286 1304 322 εἰσερχόμενος
1321 289 1361 320 εὶς
1374 289 1420 316 τὸν
1435 291 1548 326 κόσμον,
1564 292 1644 326 λέγει
1685 292 1787 319 Θυσίαν

990 329 1036 355 καὶ
1059 331 1217 366 προσφορὰν
1236 332 1285 367 οὐκ
1301 333 1446 370 ἠθέλησας,
1463 336 1546 371 σῶμα
1571 337 1600 364 δὲ
1626 339 1788 374 κατηρτίσω

991 382 1054 409 μοι·
1070 376 1284 412 ὁλοκαυτώματα
1308 379 1355 405 καὶ
1378 381 1442 415 περὶ
1459 382 1601 418 ἁμαρτίας
1618 384 1672 410 οὐκ
1689 385 1788 420 ἐζήτη-

991 429 1039 452 σας
1048 425 1072 448 “.
1090 421 1157 448 Τότε
1183 421 1258 450 εἷπον
1269 432 1276 439 ·
1301 425 1366 451 Ἰδοὺ
1387 426 1448 461 ἥκω
1459 436 1466 442 ·
1482 429 1511 454 ἐν
1528 430 1658 463 κεφαλίδι
1682 430 1786 465 βιϐλίου

989 466 1145 502 γέγραπται
1161 469 1226 504 περὶ
1240 469 1307 504 ἐμοῦ
1320 478 1327 485 '
1351 471 1404 498 Τοῦ
1422 470 1545 508 ποιῆσαι,
1559 476 1574 501 ὁ
1596 475 1676 508 Θεὸς,
1691 477 1724 502 τὸ
1745 477 1787 504 θέ-

989 513 1064 548 λημά
1081 522 1138 540 σου.
1154 524 1164 540 ι
1182 515 1281 549 Γέγονε
1294 518 1429 552 σωτήριον
1443 519 1482 554 τῷ
1499 521 1598 556 κόσμῳ
1609 522 1642 548 τὸ
1655 522 1706 550 τοῦ
1718 524 1786 559 Χρι-

991 559 1053 586 στοῦ
1068 560 1164 592 πάθος.
1182 561 1255 598 Πλὴν
1277 563 1425 597 ἀναγκαῖον
1442 565 1506 592 ἰδεῖν
1529 567 1573 599 τίς
1591 569 1605 593 ὁ
1621 570 1663 600 εἰς
1677 569 1725 595 τὸν
1740 571 1786 596 κὰ-

990 614 1058 640 σμον
1073 607 1278 643 εἰσερχόμενος·
1297 606 1332 645 ἧν
1354 611 1407 646 γὰρ
1428 612 1480 645 ἔξω
1503 613 1551 639 τοῦ
1568 614 1676 649 κόσμου
1697 615 1786 651 πάντη

989 660 1018 678 τε
1034 653 1079 678 καὶ
1094 653 1202 684 πάντως
1212 662 1219 669 ·
1233 655 1294 681 ἐπεὶ
1306 655 1364 687 πῶς
1378 657 1538 693 εἰσϐέϐηκεν
1553 660 1595 691 εἰς
1609 660 1696 686 αὐτὸν
1711 661 1786 693 ἕξων

989 697 1107 732 κόσμουῇ
1118 698 1280 734 Τοιγαροῦν,
1290 701 1360 728 κατὰ
1371 702 1451 736 φύσιν
1463 704 1595 739 ὑπάρχων
1609 706 1685 742 ὑπὲρ
1697 707 1786 734 πάντα

988 743 1033 769 τὸν
1055 744 1168 778 κόσμον,
1183 745 1221 776 ὠς
1234 746 1300 778 Θεὸς
1314 747 1480 783 Μονογενὴς,
1496 750 1662 786 είσὸἐεηκεν
1678 753 1720 784 εἰς
1736 754 1783 779 αὖ·

987 790 1043 820 τὸν,
1055 789 1138 825 μέρος
1155 791 1237 817 αὐτοῦ
1252 792 1381 826 γεγονὼς,
1391 795 1529 821 τουτέστιν
1540 796 1699 831 ἄνθρωπος·
1715 798 1785 824 οὔτω

988 843 1017 861 τε
1039 835 1088 870 τὴν
1113 836 1183 871 ὑπὲρ
1197 837 1276 872 ἡμῶν
1291 840 1479 874 προσκομίσας
1495 841 1601 874 θυσίαν,
1619 843 1670 869 καὶ
1685 844 1783 871 ἑαυτὸν

988 881 1107 915 ἀναθεὶς,
1124 882 1226 909 σέσωκε
1242 883 1291 919 τὴν
1308 885 1353 910 ὑπ’
1368 885 1492 920 οὐρανόν.

1026 979 1034 996 ι
1048 970 1094 996 Διὸ
1102 971 1148 997 καὶ
1156 971 1292 1007 ὁῚησοῦς,
1301 973 1345 1000 ἵνα
1357 974 1458 1010 ἁγιάσῃ
1468 975 1511 1002 διὰ
1520 976 1568 1004 τοῦ
1583 977 1653 1004 ἰδίου
1665 979 1784 1014 αἵματος

986 1015 1030 1042 τὸν
1047 1016 1120 1047 λαὸν,
1137 1017 1190 1050 ἔξω
1212 1017 1262 1053 τῆς
1283 1018 1370 1052 πύλης
1392 1020 1501 1048 ἔπαθεν.
1517 1032 1526 1048 ι
1543 1020 1620 1058 Αἷμα
1633 1023 1782 1059 ἀνθρώπου

987 1062 1076 1088 κοινοῦ
1091 1063 1153 1089 τίνα
1162 1063 1263 1108 τρόπον
1278 1065 1373 1098 ἁγίους
1383 1067 1458 1101 ὴ.“ἇς
1469 1067 1614 1105 ἀποφήνῃς
1633 1071 1717 1098 Ἀλλὰ
1729 1073 1783 1108 μὴν

985 1107 1083 1142 ἡγίασε
1107 1109 1137 1136 τὸ
1163 1106 1234 1145 αἷμα
1258 1110 1388 1146 Χριστοῦ.
1407 1113 1483 1140 Θεῖον
1505 1112 1551 1141 οὖν
1568 1115 1635 1151 ἄρα,
1662 1119 1711 1144 καὶ
1732 1106 1782 1154 οὐχ

985 1153 1080 1186 ἁπλῶς
1094 1155 1264 1190 ἀνθρώπινον
1275 1164 1282 1172 ·
1297 1157 1364 1189 Θεὸς
1378 1159 1433 1194 γὰρ
1451 1157 1485 1195 ἦν
1506 1161 1535 1187 ἐν
1556 1163 1652 1197 σαρκὶ,
1669 1163 1709 1199 τῷ
1725 1153 1780 1200 ἰδίῳ

984 1200 1080 1235 αἵματι
1099 1201 1256 1237 καθαρίζων
1269 1205 1356 1239 ἡμᾶς.

1185 1304 1235 1331 Ἐκ
1255 1303 1310 1339 τῆς
1329 1306 1403 1340 πρὸς
1421 1308 1571 1342 Τιμόθεον.

1020 1369 1030 1385 ι
1047 1357 1163 1406 Εἶςνγὰρ
1179 1361 1255 1393 Θεὸς,
1273 1360 1314 1394 εἷς
1327 1364 1374 1390 καὶ
1391 1364 1505 1400 μεσίτης
1521 1366 1590 1394 Θεοῦ
1609 1368 1658 1395 καὶ
1671 1369 1777 1406 ἀνθρὼ-

981 1405 1204 1452 πωνᾶνθρωπος
1219 1408 1336 1443 Χριστὸς
1352 1410 1466 1445 Ἰησοῦς,
1492 1412 1506 1438 ὸ
1529 1413 1592 1445 δοὺς
1618 1405 1775 1452 ἀντίλυτρον

982 1450 1077 1497 ἑαυτὸν
1094 1453 1164 1488 ὑπὲρ
1188 1453 1308 1481 πάντων.
1326 1465 1335 1481 ι
1361 1456 1500 1493 Σωτήριος
1520 1450 1750 1497 ὁμολογουμένοις
1762 1465 1775 1490 ὸ

981 1495 1028 1523 τοῦ
1054 1498 1171 1545 ξριστοῦ
1195 1499 1309 1532 θάνατος
1323 1502 1362 1537 τῷ
1382 1503 1477 1539 κόσμῳ
1497 1505 1590 1534 παντί.
1609 1495 1687 1544 Πλῆν
1701 1510 1725 1535 εί
1739 1510 1773 1545 μή

981 1543 1039 1569 ἐστι
1053 1543 1130 1576 Θεὸς,
1147 1545 1205 1577 πῶς
1217 1545 1250 1572 ἂν
1265 1547 1407 1582 ἀρκέσειεν
1424 1550 1464 1582 εἰς
1475 1551 1509 1577 τὸ
1522 1553 1656 1585 γενέσθαι
1667 1543 1773 1582 πάντων

140 1584 198 1618 ipse
212 1583 288 1611 solus
307 1584 355 1610 toti
381 1584 481 1611 mundo
501 1583 642 1611 liberando
668 1588 710 1610 sat
735 1590 796 1610 esse
819 1583 922 1617 potuit‘!

1021 1589 1139 1625 τίλυτρον
1154 1591 1234 1623 αὑτός
1247 1600 1276 1618 τε
1295 1593 1342 1619 καὶ
1356 1594 1455 1629 μόνος;
1478 1583 1558 1624 Ἀλλὰ
1573 1599 1682 1634 ἢρκεσε
1698 1601 1773 1635 μόνος

141 1629 176 1656 At
189 1629 251 1664 quia
268 1637 350 1664 super
364 1637 459 1657 onmes
473 1633 515 1656 est
527 1649 535 1662 ,
560 1628 682 1656 omnium
709 1635 791 1657 causa
809 1634 925 1655 mortem

140 1682 297 1709 perpessus,
312 1674 388 1702 solus
401 1683 451 1710 pro
474 1674 602 1703 omnibus
621 1674 769 1701 satisfecit.
785 1673 856 1702 Deus
874 1675 926 1701 ita-

139 1727 191 1755 que
210 1725 262 1753 est,
278 1723 324 1756 qui
342 1721 450 1756 propria
463 1720 554 1748 carnis
565 1726 650 1747 morte
668 1725 783 1748 mortem
798 1729 812 1746 ιι
827 1721 926 1748 mundo

139 1767 300 1804 proﬂigavit.

378 1823 425 1850 ΕΧ
445 1823 677 1851 CATIIOLIC-IS.

383 1880 426 1907 Ex
440 1880 560 1916 Epistula
576 1880 659 1909 Petri.

172 1936 249 1969 Quod
274 1936 373 1964 Christi
393 1946 462 1965 mors
478 1925 576 1966 mundo
591 1938 718 1966 salutaris
741 1939 888 1967 exstiterit.

171 2003 181 2020 ι
203 1993 271 2027 Quia
290 1993 416 2022 Christus
426 1995 510 2022 semel
525 2003 573 2030 pro
589 1996 711 2030 peccatis
725 2001 850 2023 mortuus
867 2001 920 2029 est,

131 2039 223 2074 justus
247 2047 296 2074 pro
315 2039 434 2074 iniustis,
461 2045 490 2068 ut
515 2048 564 2068 nos
581 2040 693 2068 olIerret
717 2041 784 2073 Deo,
806 2042 921 2070 mortitl-

133 2089 211 2112 catus
230 2083 338 2119 quidem
358 2091 452 2117 carne,
472 2085 625 2112 viviﬁcatus
646 2090 737 2113 autent
761 2086 869 2121 spiritu.
891 2087 919 2114 In

133 2138 187 2165 quo
204 2135 232 2158 et
255 2130 299 2158 his
314 2130 360 2165 qui
385 2130 411 2158 in
427 2139 538 2159 carcere
553 2137 632 2159 erant
657 2133 796 2167 spiritibus
809 2133 920 2161 veniens

133 2175 302 2210 pradicavit,
322 2176 367 2210 qui
397 2176 529 2204 increduli
551 2177 660 2206 fuerant
682 2178 830 2212 aliquando
845 2178 879 2205 ⁸³.
900 2187 915 2205 1

132 2221 205 2248 Multi
218 2228 251 2247 ex
262 2222 364 2249 sanctis
378 2221 456 2256 102
469 2223 609 2257 prophetis
622 2223 777 2259 interempti
790 2229 874 2257 sunt;
890 2229 918 2250 at

980 1635 1050 1671 ὑπὲρ
1074 1637 1183 1663 πάντων
1205 1638 1358 1672 ἀποθανὼν,
1375 1641 1416 1668 ὅτι
1433 1642 1480 1668 καὶ
1497 1643 1567 1679 ὑπὲρ
1583 1646 1693 1678 πάντας
1706 1647 1771 1674 ἐστί.

977 1680 1043 1711 Θεὸς
1058 1679 1104 1707 οὖν
1121 1681 1175 1717 ἄρα
1190 1683 1248 1709 ἐστὶ
1261 1683 1299 1719 τῷ
1313 1684 1420 1722 Θανάτῳ
1431 1687 1481 1722 τῆς
1502 1687 1569 1721 ιδίας
1588 1691 1695 1726 σαρκὸς
1707 1693 1772 1719 ἀπιέ-

977 1727 1079 1762 στήσας
1096 1728 1142 1755 τοῦ
1162 1729 1264 1765 κόσμου
1279 1731 1323 1758 τὸν
1341 1731 1466 1760 θάνατον.

1174 1826 1228 1856 ‘EK
1243 1829 1315 1857 ΤΩΝ
1331 1832 1555 1861 ΚᾹΘΟΛΙΚΩΝ-

1138 1884 1185 1911 Ὲκ
1204 1885 1259 1919 τῆς
1278 1886 1391 1921 Πέτρου
1408 1889 1602 1926 Ἐπιστολῆς.

975 1939 1036 1966 Ὅτι
1047 1941 1069 1966 ’ὁ
1089 1940 1142 1968 τοῦ
1152 1941 1281 1975 Χριστοῦ
1294 1943 1422 1978 θάνατος
1436 1945 1476 1978 τῷ
1488 1946 1592 1981 κόσμῳ
1609 1949 1765 1984 σωτήριος.

1010 1996 1087 2023 ι”Οτι
1104 1997 1119 2023 ὁ
1130 1998 1246 2033 Χριστὸς
1254 1999 1328 2032 ἅπαξ
1341 2002 1406 2036 περὶ
1423 2002 1565 2039 ἁμαρτιῶν
1578 2005 1712 2035 ἀπέθανε.
1725 2008 1764 2034 δῖ-

972 2051 1047 2089 καιος
1071 2043 1142 2080 ὑπὲρ
1162 2045 1273 2078 ἀδίκων,
1287 2046 1331 2073 ἵνα
1347 2048 1423 2083 ἡμᾶς
1446 2052 1613 2089 προσαγάγῃ
1635 2053 1675 2088 τῷ
1693 2054 1762 2089 Θεῷ,

971 2087 1137 2133 θανατωθεὶς
1153 2090 1203 2125 μὲν
1219 2092 1311 2127 σαρκὶ,
1328 2093 1506 2130 ζωοποιηθεὶς
1517 2096 1545 2123 δὲ
1559 2087 1708 2133 πνεύματι.

970 2130 991 2167 ᾧ
1009 2134 1057 2160 καὶ
1071 2135 1127 2166 τοῖς
1141 2135 1170 2162 ὲν
1183 2135 1289 2173 φυλακῇ
1305 2137 1442 2174 πνεύμασι
1458 2141 1602 2176 πορευθεὶς
1628 2130 1762 2180 ἐκήρυξεν

969 2180 1134 2216 ἀπειθήσασι
1160 2190 1237 2209 ποτε.
1254 2192 1263 2209 ι
1292 2183 1388 2211 Πολλοὶ
1414 2186 1469 2213 τῶν
1497 2187 1582 2221 ἁγίων
1610 2190 1761 2225 ἀνῄρηνται

969 2227 1132 2273 τιροφητῷν-
1164 2227 1221 2254 ἀλλ’
1245 2229 1332 2262 οὐδεὶς
1363 2231 1475 2259 ἐκείνων
1507 2234 1653 2262 ἀποθανεῖν
1689 2237 1759 2273 ὑπὲρ

132 2275 211 2295 nemo
223 2267 395 2301 illorunr,jaut
407 2273 581 2302 peccatorum
597 2277 678 2296 causa
693 2270 852 2304 oppetiisse,
868 2275 916 2297 aut

1021 2272 1112 2307 ιρι·ιῶν
1132 2273 1249 2310 εἴρηται,
1263 2274 1324 2302 οὔτε
1346 2276 1399 2312 μὴν
1422 2282 1606 2315 προσαγαγεῖν
1629 2283 1704 2317 ἡμᾶς
1719 2284 1759 2318 τῷ

131 2320 179 2339 sua
195 2319 244 2340 nos
260 2318 348 2340 morte
364 2312 419 2341 Deo
432 2314 575 2347 obtulisse,
591 2320 640 2342 aut
651 2315 807 2349 spiritibus,
821 2316 867 2351 qui
887 2316 914 2344 in

129 2365 238 2385 carcere
255 2358 460 2392 detinebantur,
480 2359 645 2394 praedicasse
661 2361 750 2390 dictos
766 2365 828 2389 est:
846 2369 915 2397 pra!»

130 2404 200 2430 stitit
217 2404 268 2431 hoc
292 2409 382 2432 autem
406 2404 540 2432 Christus.
567 2405 618 2433 Per
640 2406 730 2441 ipsum
751 2406 824 2434 enim
843 2411 871 2435 et
886 2407 913 2435 in

129 2449 186 2483 ipso
216 2449 346 2484 redempti
379 2457 494 2482 sumus,
522 2450 661 2486 ipsiusque
688 2459 762 2480 mors
781 2456 913 2480 terrarum

125 2495 186 2521 urbi
198 2494 311 2522 salutem
325 2495 426 2523 attulit.
436 2494 551 2523 Mortem
561 2496 653 2531 itaque
665 2504 715 2530 pro
729 2497 808 2526 nobis
820 2498 913 2530 subiit.

127 2548 180 2566 non
195 2539 316 2568 uthomo
331 2541 465 2576 quispiam
480 2541 568 2569 nostri
586 2541 695 2575 similis,
715 2542 764 2570 sed
788 2548 816 2570 ut
838 2543 912 2571 Deus

125 2587 152 2612 in
172 2594 266 2619 carne,
278 2587 323 2621 qui
339 2595 438 2623 corpus
452 2596 530 2616 suum
546 2596 595 2624 pro
612 2589 768 2618 mortalium
784 2590 908 2618 omnium

115 2631 178 2659 ‘vita
194 2632 302 2660 obtulit.

169 2722 192 2738 "
204 2721 284 2749 llebr.
299 2730 326 2755 ι,
342 2723 408 2754 5-7;
425 2723 496 2751 Psal.
517 2731 610 2757 xxxix,
628 2724 686 2753 7-9.
724 2724 746 2740 “
762 2724 846 2753 llebr.
862 2733 923 2759 ιιιιι,

965 2317 1026 2352 Θεῷ
1044 2318 1088 2345 διὰ
1114 2319 1162 2346 τοῦ
1188 2319 1253 2346 ἰδίου
1268 2320 1400 2348 θανάτου·
1417 2323 1476 2350 ἀλλ’
1489 2325 1548 2351 οὐδὲ
1573 2327 1692 2362 ἐκήρυξέ
1715 2317 1757 2360 τις

965 2364 1021 2395 τοῖς
1035 2364 1065 2390 ὲν
1075 2364 1182 2401 φυλακῇ
1193 2367 1340 2402 πνεύμασι.
1354 2368 1483 2405 Πὲπραχε
1496 2371 1524 2398 δὲ
1537 2372 1615 2399 τοῦτο
1626 2374 1754 2409 Χριστὸς,

965 2410 1012 2436 καὶ
1028 2410 1061 2437 δι’
1074 2411 1157 2438 αὑτοῦ
1173 2419 1204 2439 τε
1220 2413 1266 2439 καὶ
1290 2413 1319 2440 ὲν
1342 2414 1417 2450 αὺτῷ
1437 2415 1641 2452 λελυτρώμεθα,
1657 2421 1704 2446 καὶ
1725 2421 1755 2447 τὸ

966 2456 1047 2483 αὑτοῦ
1061 2457 1146 2489 πάθος
1158 2456 1193 2494 ἦν
1205 2459 1244 2494 τῷ
1258 2459 1354 2496 κόσμῳ
1367 2462 1509 2497 σωτήριον,
1521 2464 1650 2491 ’Λπέθανε
1666 2467 1754 2494 τοίνυν

965 2500 1036 2537 ὑπὲρ
1054 2503 1142 2538 ἡμῶν,
1152 2504 1206 2540 ,οὐχ
1216 2504 1254 2536 ὡς
1267 2504 1409 2541 ἄνθρωπος
1421 2504 1462 2538 εἷς
1475 2508 1605 2543 ὑπάρχων
1618 2509 1674 2536 τῶν
1688 2511 1753 2537 καθ’

965 2547 1049 2582 ἡμᾶς,
1067 2549 1125 2575 ἀλλ’
1138 2548 1176 2580 ὡς
1199 2550 1265 2582 Θεὸς
1291 2551 1320 2578 ἐν
1338 2552 1431 2587 σαρκὶ,
1454 2553 1503 2588 τῆς
1528 2555 1657 2582 ἁπάντων
1680 2555 1751 2592 ζωῆς

963 2593 1140 2630 ἀντάλλαγμα
1155 2595 1186 2622 τὸ
1202 2595 1267 2623 ῖδιον
1281 2596 1361 2632 σῶμα
1375 2597 1471 2630 διδούς.

940 2725 984 2753 12.
1023 2727 1069 2754 ⁸¹Ι
1089 2726 1161 2755 Tim.
1181 2736 1212 2762 ιι,
1232 2729 1260 2757 5.
1303 2729 1326 2745 ⁵³
1338 2728 1348 2756 l
1360 2729 1433 2758 Petr.
1449 2739 1491 2765 In,
1508 2731 1608 2760 ιεοεο·

649 2800 736 2828 Varia:
746 2801 875 2831 lectiones
888 2803 988 2832 codicis
1003 2803 1184 2840 Seguieriani.

157 2866 171 2880 ι
185 2861 347 2898 suum“;
386 2870 398 2885 ν
413 2867 427 2892 ὁ
442 2866 503 2899 ἔξω.
