1872 3057
132 152 202 179 1297

671 158 713 185 DE
734 157 847 186 RECTA
868 158 947 186 FIDE
965 158 1010 185 AD
1031 158 1190 186 REGINAS.

1675 157 1745 187 i298

164 219 174 234 ι
187 208 308 245 Χριστοῦ
321 209 367 240 οὖν
384 213 514 246 παθόντος
538 214 607 252 ὑπὲρ
625 216 702 251 ἡμῶν
725 217 817 253 σαρκί.
833 227 842 244 ι
866 217 910 248 Ὧς

1007 226 1012 243 ι
1031 216 1140 244 Christo
1162 216 1244 251 igitur
1259 223 1338 250 passo
1354 215 1380 242 in
1402 222 1483 242 carne
1495 213 1530 242 “.
1554 224 1562 240 ι
1581 215 1648 244 Cum
1668 217 1746 243 Chri—

124 254 179 290 γὰρ
195 255 362 292 ὑπάρχοντος
384 258 452 286 Θεοῦ
472 259 518 286 τοῦ
543 261 672 296 Χριστοῦ.
689 262 777 296 σοφῶς
793 263 838 289 καὶ
859 262 909 298 ἐμ-

123 302 233 337 ῳρόνως
257 303 271 328 6
296 304 419 340 μαθητὴς
435 306 517 341 σαρκὶ
539 307 702 334 πεπονθέναι
720 308 801 343 φησιν
818 309 910 340 αὐτὸν,

125 346 270 380 ὑπεξάγων
285 348 330 375 τοῦ
345 350 439 377 παθεῖν
454 351 502 387 τὴν
516 352 670 388 ἀπόρῥητον
685 354 774 388 φύσιν,
791 352 825 390 ἧς
835 354 912 380 ἀλλό-

125 400 200 427 τριον
215 393 245 419 τὸ
261 394 438 432 παθεῖν.Ίδίᾳ
454 398 543 424 τοίνυν
565 399 681 425 πέπονθε
704 400 796 435 σαρκὶ,
824 400 913 426 καίτοι

126 437 174 463 τοῦ
199 439 296 466 παθεῖν
320 441 444 476 ἀμοιρεῖν
469 443 621 478 εἰθισμένος
645 445 658 471 ὁ
680 445 712 471 ὲκ
732 444 799 472 Θεοῦ
815 445 910 479 Λόγος.

127 483 193 514 Θεὸς
205 482 251 510 οὖν
265 485 318 520 ἄρα
337 486 464 522 Χριστὸς,
482 489 580 521 θεῖκῶς
597 489 646 524 μὲν
661 490 781 525 ἀπαθὴς,
793 490 912 526 παθητὸς

126 525 156 552 δὲ
169 528 238 554 κατὰ
254 528 303 569 τὴν
318 530 416 565 σάρκα.

129 666 190 695 Ὅτι
206 670 222 696 ό
238 670 290 697 τοῦ
303 672 430 705 Χριστοῦ
444 673 571 708 θάνατος
586 675 625 708 τῷ
640 676 741 710 κόσμῳ
757 677 913 712 σωτήριος.

229 727 276 755 Ἐκ
295 730 347 757 τοῦ
366 731 441 759 κατὰ
461 731 601 767 Ἰωάννην
618 735 815 769 Εὺαττελίου.

173 782 282 812 ’Ταῦτα
294 786 342 813 οὐκ
354 787 476 821 ἔγνωσαν
488 788 512 815 οἱ
526 789 645 825 μαθηταὶ
658 791 742 818 αὑτοῦ
753 791 783 818 τὸ
796 792 913 828 πρῶτον·

128 829 186 856 ἀλλ’
201 830 244 857 ὅτε
270 831 400 868 ἐδοξάσθη
427 835 442 860 ὁ
462 834 575 870 Ἰησοῦς,
592 836 652 862 τότε
675 837 849 874 ἐμνήσθησαν
874 839 915 866 ὅτι

963 268 1021 290 slus
1038 263 1072 289 sit
1090 269 1169 289 rerns
1187 261 1268 291 Deus.
1294 266 1367 288 recte
1388 261 1577 295 sapienterque
1594 261 1747 296 (llSt'ipulIH

963 316 1045 336 carne
1061 308 1133 334 illum
1148 315 1254 342 passum
1267 306 1393 334 afﬁrmat.
1410 306 1465 334 llac
1482 306 1554 334 enim
1574 306 1679 333 ratione
1698 315 1748 333 na-

964 360 1051 380 tnram
1067 354 1139 380 illam
1157 353 1327 384 immensam,
1344 352 1369 378 in
1386 359 1438 386 qua
1459 350 1530 378 nulla
1549 352 1689 385 perpessio
1702 360 1748 378 ca-

963 399 1012 430 dit,
1028 398 1061 425 ab
1075 397 1147 425 omni
1170 398 1344 432 perpessioue
1359 396 1464 424 eximit.
1490 395 1545 423 Sua
1562 397 1643 430 igitur
1663 404 1747 424 carne

964 452 1060 479 passus
1085 448 1136 476 est,
1154 451 1308 478 quanquam
1331 442 1378 470 Dei
1404 441 1521 470 Verbum
1547 443 1696 469 secundum
1720 451 1749 469 se

964 490 1066 517 nullius
1097 489 1279 524 perpessionis
1299 496 1383 523 capax
1410 493 1462 515 est.
1488 487 1616 515 Christus
1637 488 1751 523 prointte

966 536 1036 562 Deus
1063 540 1126 567 est,
1163 534 1337 567 impassibilis
1365 534 1473 567 quidem
1495 533 1644 560 secundum
1677 533 1750 560 diri-

966 589 1029 608 nam
1045 585 1190 612 naturam;
1212 580 1360 607 secundum
1385 580 1530 606 humanam
1554 585 1645 606 autem
1662 580 1751 614 passi-

966 627 1036 653 bilis.

1082 683 1158 715 Quod
1177 682 1274 710 Christi
1293 690 1363 709 mors
1378 681 1474 708 mundo
1495 681 1633 709 salutaris.

1098 739 1139 766 Eo:
1155 738 1298 773 Evangelia
1314 739 1460 765 secundum
1475 738 1619 765 Joannem.

1005 805 1016 821 ι
1034 795 1097 823 llrec
1118 803 1169 822 non
1187 800 1376 830 cognoverunt
1393 794 1518 830 discipuli
1535 793 1595 829 ejus
1612 793 1728 830 primum
1744 803 1750 821 :

967 842 1014 869 sed
1036 841 1145 876 quando
1171 841 1336 876 gloriﬁcatus
1358 845 1400 868 est
1420 840 1509 873 Jesrrs,
1532 845 1596 868 tunc
1620 841 1752 868 recordati

128 876 214 922 ταῦτα
235 874 269 912 ἦν
292 877 337 904 ἐπ’
353 879 427 915 αὐτῷ
448 881 640 916 γεγραμμένα.
656 892 666 908 ›
682 884 737 910 Καὶ
751 884 831 911 πάλιν
841 893 848 900 ·
866 894 875 910 ι
888 885 915 912 '0

1007 874 1123 922 nt,‘quia
1138 874 1195 915 [nec
1207 888 1315 915 fuerant
1328 887 1428 921 scripta
1445 887 1477 914 de
1489 893 1522 913 eo
1536 886 1572 919 ¹¹⁸;
1595 895 1604 911 ι
1623 890 1651 913 et
1666 885 1751 913 infra:

128 920 157 975 se
180 921 282 975 Ἰησοῦς
305 925 480 960 ἀποκρίνεται
495 926 587 959 αὐτοῖς
607 927 713 962 λέγων·
735 929 877 965 Ἐλήλυθεν
901 931 915 967 ή

1007 933 1076 961 Iesus
1085 938 1175 960 autem
1191 932 1337 967 respondet
1349 932 1400 963 eis.
1414 932 1509 960 dieens
1520 941 1527 964 ;
1540 931 1621 959 Venit
1633 932 1710 963 bora.
1722 936 1752 959 ut.

129 969 198 1002 ὦρα,
216 969 259 994 ἵνα
274 969 388 1006 δοξασθῇ
404 971 418 997 ό
430 971 495 1004 Υίδς
507 972 553 998 τοῦ
570 973 830 1010 ἅνθρώπου,Ἀμὴν,
845 976 915 1012 ἀμὴν

1007 978 1132 1006 τίθεθιιιι*
1145 978 1232 1006 Filius
1247 977 1483 1009 bominis.Amen,
1501 984 1579 1004 amen
1592 977 1652 1004 dico
1666 977 1752 1010 vobisI

129 1011 201 1047 λέγω
217 1014 292 1049 ὑμῖν,
307 1015 355 1042 ἐὰν
372 1017 410 1052 μὴ
423 1017 436 1043 ὁ
451 1017 551 1050 κόκκος
565 1018 611 1045 τοῦ
625 1019 699 1046 σίτου
714 1020 805 1048 πεσὼν
816 1022 857 1054 εἰς
869 1011 919 1059 τὴν

129 1059 181 1094 γῆν
196 1060 330 1098 ἀποθάνῃ,
344 1062 425 1095 αὐτὸς
449 1064 530 1098 μόνος
548 1065 641 1100 μένει·
660 1066 707 1093 ἐὰν
729 1067 758 1094 δὲ
783 1067 917 1105 ἀποθάνῃ,

130 1104 236 1139 καρπὸν
251 1107 361 1134 πλείονα
376 1108 467 1143 φέρει.
484 1119 494 1136 ›
509 1110 588 1137 Ἐστι
610 1111 638 1138 δὲ
663 1111 713 1139 οὐκ
733 1113 884 1148 ἀμφίλογον
894 1119 921 1148 x,

129 1148 171 1175 ὅτι
188 1150 320 1178 σέσωσται
336 1153 389 1184 πᾶς
401 1154 415 1180 ό
429 1153 540 1189 κόσμος,
554 1155 736 1189 ἀποθανόντος
747 1158 817 1194 ὑπὲρ
835 1159 919 1186 αὐτοῦ

130 1194 178 1220 τοῦ
199 1196 381 1233 Ἐμμανουήλ.
396 1198 469 1234 Πλὴν
490 1200 577 1227 ἐκεῖνο
596 1201 723 1237 λέγομεν·
738 1204 801 1236 Πῶς
817 1205 920 1232 ἀποθα-

130 1239 185 1287 νῶν
196 1240 324 1277 ἐδοξάσθη
337 1252 344 1276 ;
371 1244 461 1271 καίτοι
478 1246 579 1279 μᾶλλον
594 1247 688 1283 μῶμον
704 1249 846 1283 ἀσθενείας
863 1251 920 1287 ἔχει

72 1315 76 1320 ,
129 1285 161 1312 τό
176 1287 272 1322 χρῆμα
283 1296 290 1303 ·
304 1288 365 1316 ὅθεν
380 1291 427 1316 καὶ
440 1291 571 1327 αἰσχύνης
583 1296 786 1330 καταφρονῆσαι
800 1285 921 1332 λέγεται,

131 1332 252 1379 γεγονὼς
279 1334 399 1370 ὑπήκοος
423 1337 503 1372 μέχρι
529 1338 653 1366 θανάτου.
672 1341 742 1368 Ἀλλ’
760 1342 824 1375 ἴσως
848 1344 922 1379 ἐρεῖς

130 1377 288 1411 δεδοξάσθαι
299 1380 343 1407 διὰ
354 1381 405 1416 τὴν
416 1383 563 1410 ἀνάστασιν
577 1385 669 1413 αὐτόν.
678 1387 780 1422 Ὀρθῶς
794 1377 921 1423 ἔχειξκαὶ

131 1423 236 1472 {tl-qm];
253 1426 273 1472 ’ὁ
298 1425 511 1472 λόγοςῙΑρξοῦν
532 1430 632 1457 ἀνεείω
653 1432 752 1465 θεῖκῶς
776 1435 886 1468 μᾶλλον,
904 1436 921 1472 ἢ

132 1468 328 1504 ἀνθρωπίνως;
347 1472 428 1506 Ἀλλ’,
442 1471 528 1508 οἶμαι,
539 1475 735 1508 θεῖκῶς.”οταν
750 1476 797 1505 οὖν
810 1480 892 1512 αὐτὸς

132 1516 248 1562 iaciat-:05
261 1518 346 1552 Λόγος
359 1520 442 1554 σαρκὶ
463 1520 579 1556 λέγηται
601 1523 707 1555 παθεῖν,
726 1524 763 1560 μὴ
787 1527 921 1562 αίσχυνώ·

969 1024 1021 1051 nisi
1037 1031 1150 1059 granum
1169 1023 1299 1051 frumenti
1321 1022 1421 1050 cadens
1442 1022 1469 1048 in
1491 1026 1594 1049 terram
1613 1026 1752 1048 mortuum

970 1069 1059 1102 fuerit,
1083 1070 1170 1104 ipsum
1197 1068 1283 1096 solum
1306 1071 1397 1095 manet
1417 1076 1424 1094 :
1449 1067 1472 1094 si
1497 1073 1588 1094 autem
1615 1072 1751 1094 mortuum

970 1115 1063 1146 fuerit.
1088 1114 1200 1142 multum
1223 1114 1340 1141 fructum
1370 1112 1450 1140 affert
1460 1111 1494 1137 ⁸⁸.
1516 1121 1525 1138 ι
1546 1112 1617 1139 Nulli
1643 1112 1754 1140 dubium

969 1165 1012 1188 est
1042 1160 1200 1188 universum
1226 1158 1366 1191 mundum,
1389 1157 1565 1185 Emtnanuele
1587 1162 1700 1185 mortem
1722 1157 1754 1183 il-
1788 1164 1794 1181 ,ν

970 1206 1022 1234 lius
1032 1213 1112 1234 causa
1125 1205 1288 1237 sustinente,
1297 1208 1434 1232 servatum
1445 1211 1518 1232 esse.
1530 1204 1564 1231 At
1575 1202 1636 1238 jure
1647 1203 1754 1230 interim

970 1252 1053 1287 quaeri
1072 1255 1161 1286 potest
1184 1253 1320 1286 quomodo
1353 1250 1466 1285 gloriam
1489 1256 1538 1285 per
1555 1254 1668 1276 mortem
1688 1253 1754 1276 con-v

971 1304 1079 1326 secutus
1093 1297 1184 1330 fuerit,
1196 1304 1256 1324 cum
1266 1303 1300 1324 ea
1312 1304 1355 1324 res
1368 1300 1468 1331 aperta;
1482 1296 1620 1329 cujusdam
1637 1294 1752 1322 infirmi-

972 1345 1037 1372 tatis
1056 1351 1118 1371 esse
1141 1343 1289 1371 videatur:
1311 1343 1382 1370 unde
1403 1342 1484 1370 etiam
1506 1345 1659 1376 contempta
1678 1341 1756 1376 igno—

973 1388 1055 1416 minia
1071 1388 1093 1405 ³⁷
1106 1388 1140 1415 ad
1153 1392 1268 1415 mortem
1282 1395 1368 1422 usque
1377 1387 1508 1415 obediens
1521 1387 1605 1414 fuisse
1615 1385 1711 1422 legitur
1720 1385 1755 1414 ".

973 1435 1052 1462 Dices
1068 1435 1161 1462 forsan
1180 1435 1254 1462 illum
1271 1442 1319 1469 per
1334 1433 1562 1461 resurrectionem
1577 1432 1757 1467 gloriﬁcatum

973 1488 1045 1508 csse.
1063 1481 1157 1513 Recte,
1173 1481 1302 1515 inquam;
1317 1486 1380 1507 vera
1401 1479 1476 1506 enim
1487 1483 1530 1506 est
1550 1477 1608 1506 haec
1624 1477 1757 1504 doctrina.

975 1527 1027 1554 Sed
1044 1527 1169 1553 divinane
1184 1527 1285 1553 virtute
1305 1525 1413 1558 revixit,
1436 1532 1469 1552 an
1485 1523 1619 1551 humana?
1632 1523 1759 1550 Arbitror

135 1561 206 1595 μεθα
222 1562 252 1589 τὸ
267 1564 366 1597 πάθος·
380 1565 460 1599 δόξαν
483 1567 540 1603 γὰρ
561 1567 617 1603 ἔχει
638 1568 669 1596 τὸ
683 1569 768 1602 τέλος,
782 1572 829 1599 καὶ
844 1561 915 1600 τοῦτ(

1007 1572 1101 1607 ξιιίῐιθπι
1116 1591 1123 1604 ,
1148 1572 1249 1599 divina.
1271 1572 1339 1599 Cum
1364 1571 1452 1606 ipsum
1481 1577 1546 1605 ergo
1568 1569 1615 1597 Dei
1641 1569 1759 1597 Verbum

133 1607 285 1644 θεοπρεπῆ.

155 1762 218 1789 Ὅτι
238 1761 280 1797 εἷς
306 1765 371 1798 Υἱὸς
390 1766 407 1792 ὁ
424 1766 573 1806 τοξ-Θεοιξ
591 1769 641 1795 καί
661 1770 770 1805 Κύριος
788 1771 907 1806 Ἰησοῦς

461 1802 601 1836 Χριστός.

328 1855 378 1882 Ἐκ
397 1855 452 1890 τῆς
472 1857 546 1890 πρὸς
564 1857 734 1893 Ῥωμαίους.

175 1910 253 1945 (Ἆρ’
271 1908 318 1937 οὖν
341 1911 421 1944 αὐτὸς
446 1912 501 1948 ἐγὼ
517 1913 556 1950 τῷ
574 1914 623 1950 μὲν
646 1915 686 1942 νοτ
710 1917 827 1944 δουλεύω
850 1918 925 1954 νόμῳ

135 1953 216 1988 θεοῦ,
227 1957 262 1991 τῇ
276 1956 304 1983 δὲ
322 1958 403 1993 σαρκὶ
415 1959 491 1995 νόμῳ
504 1960 652 1996 ἁμαρτίας.
667 1962 750 1990 Οὐδὲν
765 1964 819 1998 ἄρα
840 1953 926 1992 ica-tit-

137 2009 225 2036 κριμα
237 2002 293 2032 τοῖς
305 2003 334 2029 ὲν
346 2003 458 2038 Χριστῷ
474 2005 610 2040 ’1ησοῦ.”0
623 2006 677 2042 γὰρ
690 2007 771 2043 νόμος
781 2008 828 2035 τοῦ
841 2010 926 2036 lli/5'5-

139 2054 224 2080 ματος
242 2047 291 2083 τῆς
299 2047 383 2084 ζωῆς,
402 2049 574 2087 ἠλευθέρωσὲ
592 2061 626 2088 με
642 2052 696 2080 ἀπὸ
712 2053 759 2080 τοῦ
777 2054 860 2090 νόμου
876 2055 926 2091 τῆς

138 2093 275 2129 ἁμαρτίας
289 2095 336 2121 καὶ.
351 2094 398 2121 τοῦ
413 2095 538 2123 θανάτου.
552 2098 589 2124 Τὸ
605 2098 660 2135 γὰρ
677 2098 807 2127 ἀδύνατον
824 2100 871 2127 τοῦ
883 2101 927 2128 νό-

140 2147 203 2172 μου,
220 2139 248 2165 ὲν
258 2137 281 2173 ᾦ
296 2139 403 2174 ἠσθένει
419 2140 464 2167 διὰ
478 2142 528 2176 τῆς
541 2142 650 2178 σαρκὸς,
666 2144 680 2169 ό
694 2143 761 2175 Θεὸς
774 2143 820 2170 τὸν
830 2144 927 2171 ἑαυτοῦ

139 2182 204 2209 Υὶὸν
227 2183 338 2219 πέμψας
363 2186 391 2211 ἐν
415 2186 568 2222 ὁμοιώματι
594 2188 694 2223 σαρκὸς
717 2189 864 2225 ἁμαρτίας,
881 2191 927 2217 καὶ

975 1625 1058 1644 rarne
1077 1625 1185 1653 passum
1210 1617 1320 1648 dicitur,
1340 1616 1414 1643 nullo
1436 1616 1538 1650 pudore
1561 1613 1759 1642 sull'undamur.

973 1662 1093 1690 Gloriam
1108 1663 1190 1693 enim.
1204 1669 1319 1697 eamque
1336 1661 1392 1689 Deo
1406 1660 1703 1692 convenientissimam,
1722 1659 1761 1687 rei

973 1709 1062 1736 exitus
1075 1709 1199 1736 sortitur.

977 1765 1054 1800 103
1072 1765 1149 1797 Quod
1167 1772 1234 1791 unm
1261 1763 1466 1825 aitGIDei‘Filim
1486 1768 1511 1791 et
1532 1762 1661 1790 Dominus
1682 1761 1762 1789 Iesu;

1318 1807 1364 1825 ms
1379 1807 1418 1825 us.

1318 1807 1418 1826 ινιδιαε.

1178 1856 1218 1882 Ex
1235 1855 1356 1890 Epistola
1374 1855 1409 1882 ad
1425 1854 1569 1882 Romanos.

1014 1923 1023 1938 ι
1041 1913 1126 1947 Igitur
1147 1920 1197 1947 ego
1217 1912 1274 1947 ipse
1299 1915 1392 1939 mente
1420 1911 1510 1939 servio
1525 1911 1576 1946 legi
1599 1909 1657 1944 Dei,
1680 1917 1765 1937 carne

978 1962 1068 1985 autem
1088 1957 1140 1992 legi
1159 1957 1274 1992 peccati.
1299 1957 1371 1984 Nihil
1394 1964 1460 1992 ergo
1485 1964 1557 1984 nunc
1581 1954 1764 1983 damnationis

976 2009 1018 2031 est
1041 2004 1075 2031 iis
1099 2004 1143 2038 qui
1162 2008 1225 2030 sunt
1241 2003 1267 2030 in
1279 2003 1390 2030 Christo
1408 2003 1482 2036 Jesn,
1496 2003 1541 2037 qui
1553 2009 1605 2029 non
1619 2001 1764 2029 secundum

977 2056 1085 2076 carnem
1103 2048 1249 2076 ambulant.
1265 2048 1320 2075 Lex
1336 2048 1408 2076 enim
1424 2047 1543 2082 Spiritus
1558 2048 1620 2074 vita;
1641 2047 1667 2073 in
1682 2045 1762 2073 Chri—

978 2098 1020 2122 sto
1033 2094 1099 2122 Jesu
1114 2093 1239 2121 liberavit
1252 2101 1294 2121 me
1306 2101 1321 2120 a
1338 2094 1397 2128 lege
1410 2093 1513 2128 peccati
1528 2097 1556 2120 et
1572 2092 1679 2120 mortis.
1695 2090 1763 2118 Nam

978 2141 1050 2175 quod
1067 2140 1234 2174 impossibile
1247 2143 1306 2166 erat
1321 2139 1385 2174 legi,
1403 2139 1429 2165 in
1445 2146 1499 2173 quo
1516 2137 1706 2165 inlirmabatur
1718 2142 1767 2169 per

979 2193 1102 2218 carnem,
1119 2186 1189 2213 Deus
1211 2184 1310 2212 Filium
1332 2191 1412 2212 suum
1434 2184 1546 2211 mittens
1567 2183 1594 2210 in
1613 2181 1765 2210 similitudi-

139 2229 205 2264 ’περὶ
223 2230 368 2265 ἁμαρτίας,
383 2231 528 2266 κατέκρινε
550 2232 600 2269 τὴν
623 2234 761 2269 ἁμαρτίαν
782 2236 812 2262 ἐν
835 2236 915 2272 σαρκὶ

1007 2240 1042 2260 :m
1056 2231 1146 2258 carnis
1164 2231 1279 2266 peccati,
1296 2234 1322 2257 et
1337 2230 1370 2257 de
1383 2233 1498 2264 peccato
1516 2228 1654 2256 damnavit.
1665 2234 1763 2262 pecca-

139 2274 183 2301 tva
201 2275 231 2301 τὺ
246 2275 382 2311 δικαίωμα
406 2276 452 2304 τοῦ
474 2278 556 2313 νόμου
581 2278 712 2316 πληρωθῇ
727 2282 756 2307 ἐν
778 2282 854 2317 ἡμῖν,
871 2283 927 2315 τοῖς

141 2320 180 2355 μὴ
197 2321 269 2347 κατὰ
286 2322 374 2357 σάρκα
389 2323 597 2358 περιπατοῦσιν,
613 2325 682 2352 ἀλλά
697 2327 769 2354 κατὰ
782 2327 901 2363 πνεῦμα.
915 2338 924 2354 ι

139 2367 278 2401 Μάχονται
302 2368 351 2402 μὲν
370 2369 424 2404 γὰρ
444 2369 667 2405 ὁμολογουμένως
687 2371 840 2409 ἁλλήλοιςὴ
859 2373 927 2409 σὰρξ

140 2412 189 2438 καὶ
199 2413 229 2439 τὸ
243 2413 361 2448 πνεῦμα,
374 2415 496 2442 τουτέστι
510 2416 540 2442 τὸ
555 2416 681 2452 φρόνημα
695 2417 725 2443 τδ
739 2419 868 2453 σαρκικὺν
881 2420 928 2446 καὶ

140 2457 196 2484 τῶν
211 2457 338 2493 ἐμφύτων
354 2460 419 2494 ἡμῖν
432 2460 533 2495 ἡδονῶν
546 2460 576 2487 τὸ
593 2461 705 2496 κίνημα,
723 2462 770 2489 καὶ
790 2463 839 2498 τῆς
859 2464 930 2490 κατὰ

140 2502 173 2528 τὸ
195 2502 307 2538 Πνεῦμα
329 2502 402 2538 ζωῆς
417 2505 433 2538 ὴ
447 2504 570 2539 δύναμις.
585 2504 644 2532 Κᾶν
660 2506 674 2531 ὁ
688 2505 758 2546 θεῖος
773 2507 848 2541 ἡμᾶς
863 2507 930 2533 ἀπο-

142 2548 213 2584 φέρῃ
235 2548 316 2584 νόμος
333 2550 371 2581 εἷς
384 2558 416 2583 γε
429 2550 458 2576 τὺ
472 2549 525 2576 δεῖν
540 2550 648 2578 ἑλέσθαι
670 2551 700 2577 τὺ
715 2551 827 2585 ἀγαθὸν,
842 2552 899 2578 ἀλλ’
913 2554 929 2588 ἡ

140 2592 192 2628 τῆς
208 2594 309 2628 σαρκὸς
322 2594 453 2630 ἐπιθυμία
468 2596 661 2629 καταϐιάζεται
671 2597 740 2633 πρὸς
751 2593 783 2624 τὸ
798 2598 928 2625 ὲναντὶον.

141 2670 201 2719 αξξ
215 2670 316 2719 LEM."-
324 2678 367 2719 ll1V.
384 2672 407 2700 Ι.
444 2673 467 2688 ⁸⁵
481 2673 558 2702 Ζοιιιι.
575 2682 623 2706 χιι,
638 2674 681 2702 16.
721 2675 744 2692 ⁸⁶
757 2675 824 2703 ibid.
839 2677 884 2710 24’
901 2677 948 2704 93.

144 2703 198 2738 25;
215 2713 271 2737 VIII,
290 2707 347 2734 1-4.

981 2284 1037 2306 tum
1054 2279 1080 2305 in
1096 2285 1191 2309 carne,
1207 2281 1235 2304 ut
1246 2276 1407 2312 justilicatio
1424 2275 1491 2310 legis
1507 2275 1668 2310 impleretur
1681 2273 1708 2301 in
1723 2281 1768 2301 no-

985 2324 1037 2357 bis,
1064 2324 1110 2359 qui
1136 2331 1189 2350 non
1211 2322 1362 2350 secundum
1381 2329 1492 2349 carnem
1517 2320 1698 2352 ambulamus,
1720 2321 1766 2346 sel

981 2370 1129 2398 secundum
1147 2369 1272 2404 spiritum
1287 2367 1322 2394 '9.
1339 2377 1348 2393 ι
1369 2367 1529 2402 Depugnant
1545 2372 1662 2400 namque
1675 2370 1768 2400 aperto

982 2417 1055 2444 inter
1070 2423 1100 2444 se
1114 2420 1202 2443 marte
1213 2423 1278 2442 caro
1292 2419 1320 2441 et
1334 2414 1456 2448 spiritus.
1473 2415 1522 2440 ltoc
1539 2416 1581 2440 est
1595 2415 1693 2439 sensus
1707 2419 1769 2438 car-

982 2463 1024 2489 nis
1048 2462 1246 2495 insitarumque
1262 2460 1339 2487 nobis
1352 2459 1541 2486 illecebrarum
1557 2461 1657 2490 motus,
1670 2461 1697 2484 et
1713 2457 1770 2490 spi-

983 2508 1072 2536 ritalis
1088 2508 1151 2535 vita:
1172 2507 1296 2534 facultas.
1311 2506 1377 2533 Nam
1393 2505 1446 2533 etsi
1469 2504 1559 2531 divina
1583 2504 1625 2531 lex
1651 2503 1685 2530 ad
1706 2501 1770 2530 boni

983 2554 1157 2588 cupiditatem
1173 2560 1223 2580 nos
1236 2553 1344 2586 invitet,
1357 2553 1448 2580 carnis
1462 2556 1552 2579 tamen
1569 2550 1770 2584 concupiscen-

984 2599 1019 2626 tia
1037 2599 1070 2626 ad
1087 2599 1255 2627 contrarium
1269 2603 1357 2634 urget.
1373 2599 1408 2625 At
1420 2598 1477 2625 bare
1492 2598 1548 2625 rixa
1561 2605 1610 2633 per
1626 2596 1766 2624 Christum

1004 2677 1026 2694 ⁸⁷
1043 2677 1125 2705 llebr.
1140 2685 1189 2711 xu,
1205 2677 1234 2706 2.
1291 2677 1313 2693 ⁸⁵
1328 2676 1443 2712 Philipp.
1458 2683 1487 2710 ιι,
1503 2675 1530 2703 8.
1591 2673 1614 2692 ⁸⁸
1627 2674 1704 2703 Rom.
1719 2680 1769 2707 ur,

677 2787 764 2817 Varia:
777 2789 908 2819 lcctioncs
919 2790 1020 2820 codicis
1035 2791 1214 2826 Seguieriaui.

182 2857 197 2873 ι
213 2851 272 2888 ἀμφ
277 2850 374 2884 ίϐολον,
