1872 3057
133 119 199 147 1301

681 125 727 154 DE
745 125 857 155 RECTA
877 127 956 156 FIDE
973 129 1019 156 AD
1040 129 1198 158 REGiNAS.

1683 131 1752 160 1302

131 179 173 210 εἰς
191 179 273 206 αὑτὸν
292 179 333 211 ὡς.
353 181 393 212 εἰς
417 181 530 218 Κύριον,
544 183 737 218 ὁμολογοῦντες
761 186 790 213 δὲ
812 187 858 214 καὶ
873 187 922 223 τὴν

1003 189 1091 217 ioncm
1104 191 1262 225 prolltentes
1286 190 1417 224 ejusmodi
1430 189 1481 217 dde
1492 189 1690 224 justlﬁcemur?
1705 190 1751 218 Fi-

131 225 165 250 έκ
185 225 291 260 νεκρῶν
313 226 460 254 ἀνάστασιν
483 228 576 260 αὑτοῦ,
592 229 768 265 δικαιούμεθα
782 233 814 267 τῇ
830 231 920 259 πίστει

131 271 166 305 ’τῇ
191 271 231 302 είς
254 271 350 304 αὺτὸν;
369 272 521 308 Πράττεται
544 274 573 301 δὲ
598 276 614 311 ἡ
640 277 730 309 πίστις
744 278 782 310 ὡς
796 279 836 310 είς
854 279 920 306 Θεὸν

132 315 268 351 δηλονότι.
286 318 434 352 Ἀναγκαία
466 321 610 357 τοιγαροῦν
641 323 657 358 ἡ
690 323 751 351 καθ’
770 325 918 352 ὑπόστασιν

132 361 231 393 ἓνωσις
244 362 290 389 τοῦ
305 363 372 390 Θεοῦ
384 364 472 399 Λόγου
483 366 550 401 πρὸς
564 367 595 394 τὸ
605 368 856 404 ἀνθρώπινον.Ἒνα
866 371 920 407 γὰρ

132 407 338 444 οὓτω.Χρισ-τὺν
351 409 389 443 ὡς
405 411 508 447 Κύριον
520 413 590 440 κατὰ
609 414 689 449 φύσιν
705 416 919 452 ὁμολογήσομεν,

134 454 184 481 καὶ
194 454 244 489 τῆς
253 455 339 483 αὐτοῦ
350 457 451 492 σαρκὸς
461 458 511 494 τὴν
523 459 671 488 ἀνάστασιν
680 462 918 498 ἐπιγινώσκοντες,

132 499 172 531 ὡς
184 501 224 532 εἰς
238 501 303 528 Θεὸν
321 502 505 536 πιστεύοντες,
521 504 710 541 δικαιούμεθα.

175 557 184 573 ι
198 547 293 579 Οὐδεὶς
315 548 370 584 γὰρ
392 550 472 585 ἡμῶν
497 552 586 587 ἑαυτῴ
608 552 653 588 ζῇ,
667 553 714 580 καὶ
731 554 817 587 οὐδεὶς
831 556 920 591 ἑαυτῷ

132 592 302 629 ἀποθνήσκει
312 603 319 609 ·
334 595 381 622 ὲάν
402 605 433 623 τε
454 595 499 624 οὗν
523 597 625 634 ζῶμεν,
643 600 681 635 τῷ
697 601 792 636 Κυρίῳ
807 600 899 637 ζῶμεν
909 611 918 618 ·

131 639 184 682 εὰν
206 648 236 666 τε
263 640 494 678 ἀποθνήσκωμεν,
519 643 558 679 τῷ
581 645 676 680 Κυρίῳ
700 646 918 682 ἀποθνήσκομεν»

139 684 205 713 Ἐάν
225 695 268 713 τε.
282 687 383 723 ζῶμεν,
409 689 509 716 ὲάνςτε
532 690 767 727 ἀποθνήσκωμεν,
783 692 829 719 τοῦ
852 693 918 720 Θεοῦ

123 731 236 767 ¹ἑσμεν⁶
251 734 293 765 είς
310 733 389 761 τοῦτο
401 735 456 771 γὰρ
470 735 588 772 Χριστὸς
607 737 727 764 ἀπέθανε
747 739 795 765 καὶ
811 739 917 775 ἔζησεν,

131 776 179 804 ἵνα
202 778 249 806 καὶ
260 780 375 815 -νεκρῶν
389 781 436 808 καὶ
449 782 561 814 ζώντων
572 783 712 819 κυριεύσῃ.
729 793 738 810 ι
755 785 919 820 Προσπεφώ-

131 823 203 858 νηκέ
220 833 271 851 που
290 827 346 858 τοῖς
361 826 390 860 ἐξ
406 826 491 854 ἐθνῶν
504 828 525 854 ὁ*
535 828 669 865 μακάριος
684 829 790 862 Παῦλος
800 839 807 846 ·
827 840 837 856 ‹
851 831 919 858 Νυνὶ

131 869 164 895 δὲ
189 870 297 904 γνόντες
319 872 396 904 Θεὸν,
416 873 516 908 μᾶλλον
531 874 558 901 δὲ
573 875 740 909 γνωσθέντες
764 876 816 903 ὑπὸ
837 876 918 910 Θεοῦ,

133 916 194 947 πῶς
218 917 396 953 ἐπιστρέφετε
409 918 455 945 ἐπὶ
468 919 502 946 τὰ
515 920 614 956 ἀσθενῆ
631 921 678 948 καὶ
692 922 787 958 πτωχὰ
799 924 918 958 στοιχεῖα

131 960 182 987 τοῦ
206 962 319 997 κόσμου,
335 960 377 995 οἷς
398 964 480 992 πάλιν
498 965 601 992 ἄνωθεν
618 966 754 994 δουλεύειν
779 968 885 1002 θέλετε;
905 978 914 995 ι

132 1008 335 1044 Λελυτρώμεθα
346 1009 435 1037 τοίνυν
445 1010 489 1037 διὰ
499 1012 547 1047 τῆς
558 1011 675 1044 πίστεως
688 1013 739 1048 τῆς
752 1014 791 1046 είς
801 1014 918 1050 Χριστὸν

133 1054 169 1080 ἐκ
182 1054 232 1089 τῆς
245 1054 299 1081 τῶν
311 1055 450 1091 στοιχείων
465 1057 596 1091 δουλείας,
606 1058 654 1085 καὶ
667 1059 823 1094 ὴνέχθημεν
833 1061 874 1093 είς
887 1061 918 1089 τὸ

131 1099 269 1127 δουλεύειν
283 1101 343 1136 Θεῷ
361 1101 504 1134 ζῶντικαὶ
518 1103 649 1140 ἀληθινῷ,
665 1105 698 1132 Εἰ
715 1105 742 1132 δὲ
758 1106 918 1134 ἀπέθανενό

132 1146 261 1180 Χριστὸς,
277 1148 381 1179 Eveniat)
395 1149 500 1184 νεκρῶν
514 1150 561 1176 καὶ
579 1150 687 1183 ζώντων
712 1152 853 1190 κυριεύσῃ,
870 1155 918 1181 καὶ

133 1192 217 1227 αὐτῷ.
230 1192 321 1228 ζῶμεν
343 1194 380 1226 ὡς
395 1195 454 1230 Θεῷ
467 1195 547 1227 ζῶντι
567 1198 612 1223 καὶ
627 1197 748 1233 ἀληθινῷ
758 1207 765 1213 ·
786 1200 845 1231 πῶς
868 1201 918 1227 οὐκ

131 1238 270 1272 ἀναγκαία
295 1239 334 1274 τῷ
356 1241 436 1276 Λόγῳ
459 1242 475 1277 ὴ
501 1242 570 1279 πρὸς
587 1243 677 1279 σάρκα
690 1244 800 1278 γέγονεν
821 1246 917 1279 ἒνωσις

132 1282 253 1319 ἀληθής-ς
275 1283 318 1310 Ἐν
341 1285 409 1320 αὐτῇ
437 1286 491 1322 γὰρ
513 1287 666 1320 ἀποθανὼν,
688 1289 848 1324 κεκυρίευκε
871 1292 917 1318 καὶ

132 1327 243 1359 ζώντων
262 1329 308 1356 καὶ
326 1331 441 1366 νεκρῶν.

245 1433 296 1460 Ἕκ
313 1433 369 1469 τῆς
388 1435 463 1469 πρὸς
482 1438 654 1471 Κορινθίους
674 1439 799 1473 πρώτης.

173 1491 300 1518 «Ἔπινον
316 1492 381 1528 γὰρ,
397 1493 488 1528 φησὶν,
505 1494 537 1520 ὲκ
553 1496 743 1531 πνευματικῆς
757 1496 918 1523 ἀκολουθού-

134 1546 183 1572 σης
205 1538 317 1573 πέτρας·
331 1539 347 1574 ἠ
367 1538 395 1564 δὲ
411 1539 499 1574 πέτρα
514 1537 548 1575 ἦν
559 1540 573 1566 ὁ
584 1541 709 1575 Χριστός.
720 1551 729 1567 ι
743 1542 780 1568 Τὸ
791 1543 918 1576 Χριστὸς

132 1583 219 1619 ὖνομα
234 1584 351 1610 τέθειται
370 1584 409 1620 τῷ
425 1585 609 1620 Ἐμμανουὴλ,
629 1586 673 1612 ὅτε
692 1587 851 1623 γεγέννηται
874 1588 919 1615 διὰ

133 1629 183 1663 τῆς
209 1628 289 1663 ἁγίας
306 1629 457 1665 Παρθένου.
473 1631 534 1662 Πῶς
549 1630 596 1658 οὖν
616 1632 696 1662 αὐτὸς
718 1630 752 1668 ἦν
768 1633 784 1668 ἡ
800 1633 886 1669 πέτρα
901 1634 917 1669 ἠ

134 1675 282 1706 παίζουσα
297 1675 342 1702 τὸν
357 1675 480 1712 Ὶσραήλ;
498 1677 567 1703 Ἀλλ’
580 1677 636 1704 ἔστι
649 1679 738 1714 δῆλον,
749 1679 790 1705 ὄτι
802 1679 918 1714 Χριστὸν

134 1721 183 1747 καὶ
196 1720 258 1747 Υἱὺν
270 1718 340 1748 οἶδεν
353 1721 400 1748 ἕνα
417 1722 447 1749 τὸ
459 1723 578 1758 Γράμμα
589 1724 620 1750 τὸ
635 1725 715 1759 ἱερόν.
731 1725 851 1759 Γεγονὼς
864 1725 919 1761 γὰρ

134 1765 149 1791 ὸ
164 1765 250 1800 Λόγος
263 1767 339 1803 σὰρξ,
354 1767 436 1794 πάλιν
450 1768 531 1800 αὑτός
552 1769 626 1796 ἐστιν
646 1771 662 1804 ή
688 1771 858 1806 πνευματικὴ
869 1772 919 1798 πέ-

134 1820 198 1847 τρα,
214 1813 264 1847 τῆς
278 1814 381 1846 οἰκείας
399 1814 507 1848 φύσεως
524 1815 554 1842 τὸ
572 1816 758 1852 πρεσδύτατον
781 1818 830 1844 οὐκ
853 1818 919 1845 ἀπο-

136 1858 224 1886 ϐαλὼν
242 1859 285 1886 διὰ
304 1859 335 1887 τὸ
357 1860 415 1887 νέον
426 1861 476 1895 τῆς
489 1862 653 1898 οἰκονομίας.

241 1996 292 2024 Ἐκ
310 1997 365 2033 τῆς
384 1999 460 2033 πρὸς
478 2001 651 2035 Κορινθίους
669 2002 819 2038 δευτέρας.

181 2060 188 2064 ⁵
201 2051 282 2079 Ὥστε
302 2054 382 2089 ἡμεῖς
402 2055 456 2082 ἀπὺ
477 2055 522 2082 τοῦ
536 2057 583 2084 νῦν
605 2057 699 2085 οὐδένα
714 2059 825 2094 οἴδαμεν
849 2061 920 2088 κατὰ

136 2096 243 2132 σάρκα·
263 2099 287 2125 εἰ
310 2099 338 2125 δὲ
360 2101 407 2127 καὶ
421 2101 581 2137 ἐγνώκαμεν
601 2103 670 2130 κατὰ
685 2103 780 2139 σάρκα,
793 2106 918 2141 Χριστὸν,

136 2143 205 2170 ἀλλὰ
231 2143 277 2171 νῦν
297 2145 389 2172 οὐκέτι
410 2146 591 2182 γινώσκομεν.
607 2156 617 2173 υ
643 2149 676 2175 Τί
692 2148 723 2184 δὴ
741 2150 794 2185 ἄρα
809 2152 891 2187 φησὶν
906 2153 921 2178 ὁ

136 2188 258 2221 Παῦλος;
273 2187 347 2226 ’Λρα
363 2192 478 2226 Χριστὸν
494 2193 614 2229 ἀρνεῖται
637 2194 718 2229 μετὰ,
729 2196 779 2231 τὴν
801 2197 920 2224 ἀνάστα-

137 2242 195 2265 etv;
213 2234 269 2261 Οὐκ
294 2233 364 2262 οἶδεν
387 2237 467 2263 αὐτὸν
490 2239 673 2274 ἐγηγερμένον
704 2240 734 2267 ὲν
763 2243 855 2277 σαρκὶ,
874 2243 920 2270 καὶ

136 2280 326 2315 ἀναληφθέντα
343 2283 401 2317 μετ’
413 2283 498 2318 αὐτῆς
518 2285 558 2316 είς
578 2285 623 2312 τὸν
644 2286 772 2322 οὐρανόν,
787 2288 841 2314 Καὶ
854 2289 895 2321 τίς
907 2290 921 2316 ό

137 2326 220 2359 φάναι
234 2327 312 2354 τοῦτο
321 2328 442 2363 τολμῶν;
456 2330 533 2357 Οὖτω
545 2331 598 2367 γὰρ
610 2331 663 2361 οἶδε
674 2333 721 2359 καὶ
732 2334 921 2370 ἀναληφθέντα

137 2371 185 2398 καὶ
205 2372 304 2407 ⁴ἥξοντα
325 2374 395 2401 κατὰ
411 2376 533 2411 καιροὺς,
546 2377 575 2404 ὃν
589 2378 689 2413 τρόπον
700 2379 869 2415 ἁναόἐόηκεν
882 2382 922 2412 εἰς

138 2417 183 2443 τὸν
196 2419 318 2454 οὐρανόν.
338 2420 399 2452 Πῶς
421 2419 470 2448 οὖν
486 2422 536 2449 οὐκ
549 2423 649 2450 ειδέναι
665 2424 732 2459 φησὶ
748 2426 818 2452 κατὰ
832 2426 921 2462 σάρκα

138 2463 218 2496 Υἱόν;
233 2465 295 2491 Ὅτι
310 2466 379 2500 μετὰ
392 2466 441 2502 τὴν
460 2468 493 2494 ἐκ
511 2469 615 2505 νεκρῶν
637 2470 796 2505 ἀναϐίωσιν,
819 2473 869 2499 οὐκ
891 2474 922 2500 ἐκ

137 2509 191 2535 τῶν
207 2511 257 2545 τῆς
272 2511 372 2546 σαρκὸς
384 2512 424 2539 ἔτι
437 2513 554 2549 μέτρων,
570 2514 628 2541 ἀλλ’
642 2515 680 2546 ὠς
694 2516 727 2542 ἐκ
742 2515 816 2548 θείας
835 2517 921 2552 ὑπερ-

137 2555 204 2590 οχῆς
216 2557 326 2591 ἄμεινον
339 2558 419 2585 αὐτὸν
433 2559 531 2586 εἰδέναι
543 2560 589 2586 καὶ
606 2560 745 2595 ὁμολογεῖν
756 2568 763 2575 ·
783 2560 859 2588 οὔπω
868 2562 923 2597 γὰρ

138 2601 330 2639 πληρωθείσης
344 2604 394 2639 τῆς
407 2604 573 2640 οἰκονομίας,
588 2606 752 2641 ὲκηρύττετο
767 2607 837 2633 κατὰ
858 2607 923 2642 σάρ-

138 2655 187 2678 κα,
198 2648 242 2675 ἵνα
258 2649 419 2684 πιστεύηται
434 2650 555 2684 γεγονὼς
567 2651 708 2686 ἅνθρωπος
721 2652 735 2678 ὀ
748 2652 904 2687 Μονογενής
914 2661 921 2667 ·

139 2693 202 2719 ἐπεὶ
215 2693 244 2720 δὲ
259 2695 414 2722 τετέλεσται
435 2696 466 2722 τὸ
484 2697 642 2732 μυστήριον,
661 2697 706 2731 ἀφ’
722 2694 760 2724 ὧν
780 2698 839 2724 ἐστι
856 2697 923 2729 Θεὸς

139 2738 251 2774 ἄμεινον
275 2740 356 2767 αὐτὸν
373 2741 524 2776 ὁμολογεῖν,
545 2741 561 2777 ἢ
576 2742 630 2768 ἀπό
643 2750 674 2776 γε
691 2741 737 2769 τοῦ
755 2743 921 2769 κεκενῶσθαι

177 2828 198 2843 ’⁵
211 2827 289 2859 Rom.
303 2837 357 2863 xtv,
377 2830 433 2858 7-9.
473 2831 495 2847 9°
508 2831 593 2858 ϐολαί.
610 2839 645 2865 iv,
664 2833 690 2860 9.
729 2831 770 2858 "l
785 2831 847 2860 Cor.
861 2840 888 2865 Χ,
905 2831 932 2859 4.

971 235 1019 262 des
1033 235 1103 262 enim
1118 235 1145 262 in
1162 242 1223 262 eum
1238 239 1364 269 tanquam
1380 234 1406 261 in
1422 234 1506 261 Deum
1531 233 1627 262 fertur.
1649 233 1750 261 Neces-

970 282 1074 310 sarium
1102 286 1146 309 est»
1163 288 1229 317 ergo
1252 285 1281 308 ut
1297 281 1343 309 Dei
1358 280 1476 309 Verbum
1499 281 1647 308 secundum
1666 281 1751 316 hypo-

970 327 1056 354 stasin
1082 326 1206 354 humana:
1232 330 1335 354 natura:
1362 326 1467 353 unitum
1497 325 1682 360 proﬁteamur.
1710 325 1750 352 A-l

970 373 1124 401 lmncenim
1137 373 1246 400 modum
1266 380 1346 400 unum
1365 372 1502 400 Christum
1519 377 1647 406 tanquam
1674 377 1751 398 mttu-

971 419 1055 447 ralem
1068 419 1209 446 Dominum
1223 419 1393 452 confitentes,
1415 423 1443 446 et
1465 419 1557 446 carnis
1573 418 1633 452 ejus
1660 425 1752 445 resur-

971 465 1116 492 rectionem
1132 470 1320 500 agnoscentes,
1339 472 1371 492 ac
1386 464 1467 492 veluti
1483 464 1510 491 in
1531 464 1615 491 Deum
1637 465 1751 492 creden-

970 513 1020 541 tes.
1036 509 1237 544 justiticatiouis
1253 509 1419 537 bcneﬂcinm-
1437 509 1642 543 consequimur.

1008 565 1017 581 ε
1036 555 1120 583 Nemo
1140 555 1212 582 enim
1236 559 1357 583 nostrum
1379 554 1431 582 sibi
1452 555 1532 586 vivit.
1553 559 1580 582 et
1605 561 1684 581 nemo
1699 554 1750 580 silui

970 601 1108 628 moritur:
1129 601 1188 629 sive
1210 601 1282 629 enim
1305 601 1431 634 vivimus,
1447 601 1526 636 105
1552 600 1666 628 Domino
1679 600 1749 626 vivi-

970 655 1049 680 mus;
1071 648 1129 676 sive
1143 647 1284 680 morimur,
1310 647 1425 675 Domino
1443 647 1585 674 morimur.
1604 646 1668 673 Sive
1685 654 1750 680 ergo

970 693 1096 725 vivimus,
1107 693 1164 720 sive
1180 693 1319 723 morimur,
1331 692 1435 720 Domini
1451 699 1554 720 sumus.
1570 691 1599 719 In
1615 692 1667 718 hoc
1677 692 1749 718 enim

969 737 1094 766 Christus
1107 743 1230 766 mortuus
1241 743 1283 766 est
1298 742 1325 766 et
1337 739 1496 771 resurrexit,
1521 741 1550 764 ut
1565 737 1687 764 vivorum
1712 738 1752 764 si-

970 784 1029 811 mui
1039 789 1067 812 et
1082 788 1248 812 mortuorum
1267 783 1464 812 dominetur“.
1485 792 1495 810 ι
1515 783 1586 811 Idem
1606 782 1752 818 Apostolus

969 830 1032 857 alibi
1048 829 1164 864 illos‘qui
1182 837 1214 857 ex
1232 830 1358 864 gentibus
1372 829 1496 857 conversi
1514 829 1633 863 fuerant,
1653 829 1690 856 ita
1709 829 1749 855 al-

973 875 1107 910 loquitur:
1126 885 1135 901 ι
1153 875 1230 903 Nunc
1258 881 1356 903 autem
1374 884 1434 903 cum
1458 875 1638 911 cognoveritis
1655 874 1749 909 Deum,

972 920 1026 947 imo
1041 920 1140 955 cogniti
1155 921 1214 948 sitis
1233 928 1246 946 ιι
1264 920 1339 955 Deo;
1355 922 1488 955 quomodo
1512 920 1610 947 iterum
1635 927 1751 947 conver-

972 966 1059 993 timini
1075 967 1107 994 ad
1123 966 1228 993 inﬁrma
1242 971 1270 994 et
1286 974 1370 1002 egena
1389 967 1522 994 elementa
1535 965 1640 998 mundi,
1652 965 1750 1000 quibus

970 1011 1059 1039 denuo
1079 1011 1182 1039 servire
1198 1011 1278 1039 vultis
1288 1011 1328 1038 ‘5?
1348 1020 1358 1037 ι
1374 1011 1426 1039 Per
1443 1011 1522 1039 (idem
1538 1018 1602 1046 ergo
1627 1010 1654 1037 in
1677 1009 1752 1037 Chri-

971 1062 1042 1085 stum
1057 1058 1090 1085 ab
1106 1058 1300 1086 elementorum
1317 1057 1448 1085 servitute
1464 1057 1581 1090 liberati,
1595 1057 1623 1084 in
1638 1055 1684 1083 Dei
1697 1055 1749 1082 vivi

971 1108 999 1132 et
1009 1104 1066 1132 veri
1081 1104 1223 1132 servitium
1241 1103 1364 1132 translati
1376 1111 1481 1131 sumus.
1495 1103 1572 1137 Quod
1588 1103 1610 1131 si
1625 1102 1750 1130 Christus

971 1155 1094 1178 mertuus
1114 1155 1167 1184 est,
1191 1155 1222 1178 ut
1243 1149 1366 1178 vivorum
1387 1154 1414 1178 ει
1436 1155 1604 1178 mortuorum
1618 1157 1650 1178 ex
1675 1156 1752 1184 aequo

972 1196 1135 1227 dominetur.
1151 1196 1256 1231 ipsique
1272 1201 1401 1231 tanquam
1415 1195 1477 1223 vivo
1489 1199 1517 1223 et
1528 1202 1592 1222 vero
1606 1194 1662 1222 Deo
1681 1194 1752 1222 vivi-

971 1249 1041 1274 mus,
1057 1242 1190 1276 quomodo
1206 1242 1388 1269 necessarium
1409 1248 1462 1269 non
1488 1244 1548 1268 erat
1578 1245 1609 1268 ut
1632 1240 1750 1267 Verbum

970 1295 1032 1315 cum
1044 1295 1125 1314 carne
1141 1294 1205 1315 vere
1221 1287 1364 1315 unireturi
1379 1286 1409 1314 In
1428 1287 1486 1322 ipsa
1503 1293 1620 1322 namque
1636 1291 1752 1314 mortem

971 1340 1140 1368 perpessum,
1159 1339 1220 1360 cum
1235 1333 1262 1360 in
1277 1333 1364 1365 vivos,
1383 1337 1438 1360 tum
1461 1332 1488 1360 in
1506 1337 1627 1360 mortuos
1644 1338 1751 1367 quoque

972 1379 1116 1414 imperium
1131 1379 1261 1407 obtinuit.

1205 1443 1224 1463 τε
1234 1435 1316 1470 priori
1330 1435 1364 1462 ad
1379 1434 1540 1462 Corinthios.

1009 1501 1018 1518 ι
1034 1492 1165 1520 Bibebant
1189 1492 1260 1520 enim
1286 1493 1319 1520 de
1340 1491 1467 1526 spiritali,
1493 1496 1674 1526 consequente
1703 1497 1752 1519 eos

970 1542 1045 1573 petra
1059 1547 1066 1565 :
1085 1542 1160 1573 petra
1174 1541 1263 1565 autem
1280 1542 1339 1564 erat
1352 1537 1478 1565 Christus
1488 1537 1522 1564 ".
1537 1547 1546 1563 ι
1557 1536 1659 1564 Nomen
1672 1536 1752 1565 Chri-

971 1585 1004 1613 sti
1021 1589 1084 1612 tuuc
1107 1585 1214 1612 dentom
1239 1583 1353 1611 inditum
1378 1587 1420 1611 est
1445 1582 1623 1616 Emmanueli,
1646 1583 1754 1618 quando

971 1637 1004 1658 cx
1024 1622 1100 1658 sacra
1130 1630 1236 1665 Virgine
1261 1630 1395 1665 originem
1417 1630 1504 1657 duxit.
1527 1629 1666 1662 Quomodo
1689 1636 1753 1663 ergo

971 1680 1047 1711 petra
1065 1682 1125 1703 esse
1149 1680 1266 1710 poterat,
1282 1682 1342 1710 quae
1358 1675 1486 1710 populum
1507 1674 1684 1702 lsraeliticum
1704 1675 1753 1702 de-

972 1725 1045 1749 serto
1062 1721 1190 1756 poterat?
1207 1720 1377 1755 Scripturam
1399 1726 1505 1750 sacram
1521 1726 1604 1746 unum
1621 1718 1755 1747 duntaxat

973 1767 1082 1799 Filium,
1093 1773 1231 1800 unumque
1255 1765 1394 1793 Christum
1408 1772 1568 1799 agnoscere,
1583 1769 1662 1792 extra
1678 1772 1754 1800 qure-

971 1813 1086 1840 stionem
1100 1817 1150 1840 est.
1172 1811 1291 1839 Verbum
1319 1810 1420 1844 itaque,
1448 1814 1626 1845 posteaquam
1644 1818 1752 1838 carnem

973 1858 1104 1892 suscepit,
1119 1857 1250 1893 spiritalis
1260 1857 1343 1885 etiam
1361 1861 1436 1891 petra
1451 1860 1506 1888 est,
1523 1859 1635 1890 propter
1644 1856 1756 1891 dispen-

972 1904 1086 1931 sationis
1111 1903 1268 1936 novitatem,
1298 1903 1415 1938 pr0priaa
1443 1907 1547 1930 natura:
1564 1901 1753 1936 antiquitatem

973 1957 1026 1977 non
1040 1949 1179 1985 abjiciens.

1154 2005 1196 2033 Ex
1215 2007 1357 2041 posteriore
1370 2006 1405 2033 ad
1420 2005 1581 2033 Corinthios.

1012 2062 1131 2096 «itaque
1152 2069 1201 2089 nos
1226 2069 1258 2088 cx
1280 2061 1331 2089 hoc
1354 2061 1490 2088 neminem
1514 2060 1638 2088 novimus
1658 2065 1756 2086 secun-

974 2107 1037 2134 dum
1050 2113 1158 2134 carnem
1174 2116 1180 2134 :
1197 2111 1225 2133 et
1240 2107 1262 2133 si
1281 2106 1430 2134 secundum
1450 2113 1559 2133 carnem
1581 2104 1755 2139 cognovimus

973 2152 1124 2184 Christum,
1151 2152 1198 2180 sed
1222 2159 1292 2179 nunc
1310 2151 1366 2189 jam
1389 2159 1441 2178 non
1468 2151 1590 2178 novimus
1603 2151 1636 2177 °".
1657 2159 1666 2176 ι
1686 2149 1754 2183 Quid

937 2207 958 2234 ι)
973 2202 1026 2231 est,
1044 2197 1167 2229 obsecro,
1182 2197 1252 2232 quod
1269 2196 1367 2223 Paulus
1386 2196 1429 2223 hic
1453 2195 1513 2222 ait?
1530 2195 1654 2229 Nunquid
1676 2194 1755 2222 Citri—

972 2248 1044 2271 stum
1065 2247 1126 2278 post
1147 2242 1372 2270 resurrectionem
1399 2241 1552 2269 inticiatur?
1573 2241 1667 2268 Nonne
1681 2241 1754 2268 illum

972 2291 1119 2317 secundum
1144 2296 1253 2317 carnem
1277 2288 1488 2320 resuscitatum,
1510 2294 1627 2322 cumque
1662 2288 1754 2314 eadem

972 2335 1016 2362 illa
1030 2343 1112 2363 carne
1125 2335 1150 2362 in
1165 2335 1262 2362 ccelum
1278 2334 1427 2369 profectum
1452 2334 1553 2361 norat?
1567 2334 1666 2368 Ecquis
1682 2335 1750 2361 istud

973 2380 1065 2408 dicere
1092 2380 1203 2407 audeat?
1231 2379 1323 2407 Talem
1345 2387 1462 2414 namque
1496 2380 1522 2407 in
1546 2380 1644 2407 ctelum
1663 2387 1756 2407 ascen-

975 2425 1058 2457 disse,
1075 2432 1107 2452 ac
1123 2424 1188 2452 olim
1207 2424 1268 2451 imle
1282 2432 1387 2452 rursum
1399 2429 1543 2451 venturum
1558 2423 1670 2455 sciebat,
1687 2431 1754 2458 qua-

976 2471 1027 2497 lem
1056 2470 1180 2498 caalestia
1197 2470 1308 2504 petiisse
1331 2470 1487 2504 neutiquam
1513 2469 1665 2505 ignorabat.
1684 2470 1756 2503 Quo-

976 2518 1056 2544 modo
1072 2517 1152 2551 igitur
1168 2515 1265 2543 Filium
1283 2516 1430 2543 secundum
1446 2523 1556 2543 carnem
1571 2522 1600 2543 se
1614 2522 1695 2543 nosse
1709 2523 1756 2542 ne-

976 2561 1185 2597 gat?Quoniam
1205 2561 1285 2588 simul
1300 2567 1380 2595 atque
1402 2569 1434 2588 ex
1451 2560 1565 2588 mortuis
1585 2561 1694 2594 revixit,
1710 2568 1756 2588 sa—

977 2607 1030 2635 tius
1046 2615 1080 2635 ex
1104 2607 1194 2634 divina
1217 2607 1296 2642 106
1318 2607 1465 2634 eminentia
1481 2606 1557 2633 illum
1577 2611 1604 2634 et
1627 2613 1707 2634 nosse
1730 2612 1756 2633 ct

975 2652 1192 2688 proﬁteri,quam
1203 2659 1236 2679 ex
1249 2652 1340 2679 carnis
1354 2659 1492 2680 mensura.
1510 2651 1634 2685 Etenim,
1649 2651 1756 2686 dispen-

975 2698 1087 2725 sationis
1113 2698 1241 2733 mysterio
1256 2698 1371 2725 necdum
1387 2697 1505 2732 expleto,
1522 2697 1671 2725 secundum
1693 2704 1757 2725 car-

974 2750 1036 2770 nem
1058 2744 1262 2778 prmdicabatur,
1283 2751 1337 2780 quo
1356 2743 1482 2771 nimirum
1506 2741 1667 2778 Unigenilus
1692 2748 1755 2772 «ιη

973 2831 1016 2859 πτι
1034 2831 1096 2860 Cor.
1113 2839 1139 2865 v,
1156 2831 1194 2858 ιθ.
