  <div class='ocr_page' id='page_1' title='image "/cluster/home/n/w/nwhite01/storage/ocr_20150623/76/njp.32101007590019/723.png"; bbox 0 0 1872 3057; ppageno 0'>
   <div class='ocr_carea' id='block_1_1' title="bbox 130 100 199 136">
    <p class='ocr_par' dir='ltr' id='par_1_1' title="bbox 130 100 199 136">
     <span class='ocr_line' id='line_1_1' title="bbox 130 100 199 136; baseline -0.014 0"><span class='ocrx_word' id='word_1_1' title='bbox 130 100 199 136; x_wconf 71' lang='grc' dir='ltr'><strong>ιδοτ</strong></span> 
     </span>
    </p>
   </div>
   <div class='ocr_carea' id='block_1_2' title="bbox 619 103 1759 135">
    <p class='ocr_par' dir='ltr' id='par_1_2' title="bbox 619 103 1759 135">
     <span class='ocr_line' id='line_1_2' title="bbox 619 103 1759 135; baseline -0.003 -2"><span class='ocrx_word' id='word_1_2' title='bbox 619 106 648 133; x_wconf 84' lang='lat' dir='ltr'><strong>S.</strong></span> <span class='ocrx_word' id='word_1_3' title='bbox 669 106 808 134; x_wconf 72' lang='lat' dir='ltr'><strong>CYltlLLl</strong></span> <span class='ocrx_word' id='word_1_4' title='bbox 828 105 1064 134; x_wconf 77' lang='lat' dir='ltr'><strong>ALEXANDRINI</strong></span> <span class='ocrx_word' id='word_1_5' title='bbox 1083 106 1244 135; x_wconf 77' lang='lat' dir='ltr'><strong>ARCHIEP.</strong></span> <span class='ocrx_word' id='word_1_6' title='bbox 1699 103 1759 131; x_wconf 70' lang='grc'><strong>1508</strong></span> 
     </span>
    </p>
   </div>
   <div class='ocr_carea' id='block_1_3' title="bbox 130 163 926 203">
    <p class='ocr_par' dir='ltr' id='par_1_3' title="bbox 130 165 910 203">
     <span class='ocr_line' id='line_1_3' title="bbox 130 165 910 203; baseline 0 -9"><span class='ocrx_word' id='word_1_7' title='bbox 130 175 200 203; x_wconf 73' lang='lat' dir='ltr'><strong>genu</strong></span> <span class='ocrx_word' id='word_1_8' title='bbox 215 166 338 194; x_wconf 77' lang='lat' dir='ltr'><strong>ﬂectatur</strong></span> <span class='ocrx_word' id='word_1_9' title='bbox 350 165 510 199; x_wconf 79' lang='lat' dir='ltr'><strong>ccelestium,</strong></span> <span class='ocrx_word' id='word_1_10' title='bbox 525 169 552 193; x_wconf 87' lang='lat' dir='ltr'><strong>et</strong></span> <span class='ocrx_word' id='word_1_11' title='bbox 572 167 754 199; x_wconf 86' lang='lat' dir='ltr'><strong>terrestrium,</strong></span> <span class='ocrx_word' id='word_1_12' title='bbox 768 172 796 194; x_wconf 89' lang='lat' dir='ltr'><strong>et</strong></span> <span class='ocrx_word' id='word_1_13' title='bbox 823 166 910 194; x_wconf 80' lang='lat' dir='ltr'><strong>infer-</strong></span> 
     </span>
    </p>
   </div>
   <div class='ocr_carea' id='block_1_4' title="bbox 1025 163 1760 203">
    <p class='ocr_par' dir='ltr' id='par_1_4' title="bbox 1025 163 1760 201">
     <span class='ocr_line' id='line_1_4' title="bbox 1025 163 1760 201; baseline -0.004 -7"><span class='ocrx_word' id='word_1_14' title='bbox 1025 175 1041 200; x_wconf 60' lang='lat' dir='ltr'><strong>i,</strong></span> <span class='ocrx_word' id='word_1_15' title='bbox 1067 167 1116 194; x_wconf 79' lang='grc' dir='ltr'><strong>καὶ</strong></span> <span class='ocrx_word' id='word_1_16' title='bbox 1139 167 1278 201; x_wconf 80' lang='grc' dir='ltr'><strong>ἐπιγείων,</strong></span> <span class='ocrx_word' id='word_1_17' title='bbox 1305 166 1352 193; x_wconf 77' lang='grc' dir='ltr'><strong>καὶ</strong></span> <span class='ocrx_word' id='word_1_18' title='bbox 1374 165 1588 201; x_wconf 67' lang='grc' dir='ltr'><strong>καταχθονίων·</strong></span> <span class='ocrx_word' id='word_1_19' title='bbox 1615 163 1668 190; x_wconf 77' lang='grc' dir='ltr'><strong>καὶ</strong></span> <span class='ocrx_word' id='word_1_20' title='bbox 1692 164 1760 191; x_wconf 65' lang='grc' dir='ltr'><strong>πᾶσα</strong></span> 
     </span>
    </p>
   </div>
   <div class='ocr_carea' id='block_1_5' title="bbox 132 209 916 246">
    <p class='ocr_par' dir='ltr' id='par_1_5' title="bbox 132 209 916 246">
     <span class='ocr_line' id='line_1_5' title="bbox 132 209 916 246; baseline 0 -8"><span class='ocrx_word' id='word_1_21' title='bbox 132 219 246 244; x_wconf 88' lang='lat' dir='ltr'><strong>norum;</strong></span> <span class='ocrx_word' id='word_1_22' title='bbox 263 215 291 238; x_wconf 86' lang='lat' dir='ltr'><strong>et</strong></span> <span class='ocrx_word' id='word_1_23' title='bbox 305 210 394 237; x_wconf 87' lang='lat' dir='ltr'><strong>omnis</strong></span> <span class='ocrx_word' id='word_1_24' title='bbox 421 209 510 244; x_wconf 78' lang='lat' dir='ltr'><strong>lingua</strong></span> <span class='ocrx_word' id='word_1_25' title='bbox 525 210 690 238; x_wconf 79' lang='lat' dir='ltr'><strong>conﬁteatur</strong></span> <span class='ocrx_word' id='word_1_26' title='bbox 704 211 767 246; x_wconf 84' lang='lat' dir='ltr'><strong>quia</strong></span> <span class='ocrx_word' id='word_1_27' title='bbox 787 211 916 238; x_wconf 79' lang='lat' dir='ltr'><strong>Dominus</strong></span> 
     </span>
    </p>
   </div>
   <div class='ocr_carea' id='block_1_6' title="bbox 132 255 916 291">
    <p class='ocr_par' dir='ltr' id='par_1_6' title="bbox 132 255 916 291">
     <span class='ocr_line' id='line_1_6' title="bbox 132 255 916 291; baseline 0.003 -8"><span class='ocrx_word' id='word_1_28' title='bbox 132 257 211 285; x_wconf 83' lang='lat' dir='ltr'><strong>Jcsus</strong></span> <span class='ocrx_word' id='word_1_29' title='bbox 237 257 361 284; x_wconf 80' lang='lat' dir='ltr'><strong>Christus</strong></span> <span class='ocrx_word' id='word_1_30' title='bbox 382 256 410 283; x_wconf 92' lang='lat' dir='ltr'><strong>in</strong></span> <span class='ocrx_word' id='word_1_31' title='bbox 435 255 520 291; x_wconf 80' lang='lat' dir='ltr'><strong>gloria</strong></span> <span class='ocrx_word' id='word_1_32' title='bbox 535 260 577 284; x_wconf 86' lang='lat' dir='ltr'><strong>est</strong></span> <span class='ocrx_word' id='word_1_33' title='bbox 593 257 640 284; x_wconf 95' lang='lat' dir='ltr'><strong>Dei</strong></span> <span class='ocrx_word' id='word_1_34' title='bbox 656 256 746 285; x_wconf 81' lang='lat' dir='ltr'><strong>Patris</strong></span> <span class='ocrx_word' id='word_1_35' title='bbox 764 257 786 285; x_wconf 85' lang='lat'><strong>&#39;.</strong></span> <span class='ocrx_word' id='word_1_36' title='bbox 803 267 812 284; x_wconf 83' lang='lat' dir='ltr'><strong>I</strong></span> <span class='ocrx_word' id='word_1_37' title='bbox 832 257 916 286; x_wconf 80' lang='lat' dir='ltr'><strong>Audis</strong></span> 
     </span>
    </p>
   </div>
   <div class='ocr_carea' id='block_1_7' title="bbox 135 301 918 337">
    <p class='ocr_par' dir='ltr' id='par_1_7' title="bbox 135 301 918 337">
     <span class='ocr_line' id='line_1_7' title="bbox 135 301 918 337; baseline 0 -6"><span class='ocrx_word' id='word_1_38' title='bbox 135 305 185 331; x_wconf 88' lang='lat' dir='ltr'><strong>hoc</strong></span> <span class='ocrx_word' id='word_1_39' title='bbox 201 302 336 337; x_wconf 91' lang='lat' dir='ltr'><strong>quomodo</strong></span> <span class='ocrx_word' id='word_1_40' title='bbox 360 301 488 334; x_wconf 84' lang='lat' dir='ltr'><strong>Verbum,</strong></span> <span class='ocrx_word' id='word_1_41' title='bbox 504 301 575 337; x_wconf 88' lang='lat' dir='ltr'><strong>quod</strong></span> <span class='ocrx_word' id='word_1_42' title='bbox 591 303 617 330; x_wconf 89' lang='lat' dir='ltr'><strong>&#39;m</strong></span> <span class='ocrx_word' id='word_1_43' title='bbox 632 303 678 330; x_wconf 89' lang='lat' dir='ltr'><strong>Dei</strong></span> <span class='ocrx_word' id='word_1_44' title='bbox 699 303 785 331; x_wconf 80' lang='lat' dir='ltr'><strong>forma</strong></span> <span class='ocrx_word' id='word_1_45' title='bbox 802 304 918 332; x_wconf 81' lang='lat' dir='ltr'><strong>exsiste-</strong></span> 
     </span>
    </p>
   </div>
   <div class='ocr_carea' id='block_1_8' title="bbox 86 345 917 384">
    <p class='ocr_par' dir='ltr' id='par_1_8' title="bbox 86 345 917 384">
     <span class='ocr_line' id='line_1_8' title="bbox 86 345 917 384; baseline 0.001 -9"><span class='ocrx_word' id='word_1_46' title='bbox 86 345 93 353; x_wconf 83' lang='lat'>&#39;</span> <span class='ocrx_word' id='word_1_47' title='bbox 134 351 189 382; x_wconf 82' lang='lat' dir='ltr'><strong>bat,</strong></span> <span class='ocrx_word' id='word_1_48' title='bbox 203 353 230 376; x_wconf 83' lang='lat' dir='ltr'><strong>et</strong></span> <span class='ocrx_word' id='word_1_49' title='bbox 256 347 326 376; x_wconf 86' lang='lat' dir='ltr'><strong>Deus</strong></span> <span class='ocrx_word' id='word_1_50' title='bbox 344 353 413 380; x_wconf 83' lang='lat' dir='ltr'><strong>erat.</strong></span> <span class='ocrx_word' id='word_1_51' title='bbox 440 349 594 383; x_wconf 84' lang='lat' dir='ltr'><strong>neutiquam</strong></span> <span class='ocrx_word' id='word_1_52' title='bbox 617 349 738 384; x_wconf 82' lang='lat' dir='ltr'><strong>rapinam</strong></span> <span class='ocrx_word' id='word_1_53' title='bbox 755 350 917 378; x_wconf 81' lang='lat' dir='ltr'><strong>arbitratum</strong></span> 
     </span>
    </p>
   </div>
   <div class='ocr_carea' id='block_1_9' title="bbox 133 393 918 430">
    <p class='ocr_par' dir='ltr' id='par_1_9' title="bbox 133 393 918 430">
     <span class='ocr_line' id='line_1_9' title="bbox 133 393 918 430; baseline 0.003 -10"><span class='ocrx_word' id='word_1_54' title='bbox 133 395 206 421; x_wconf 81' lang='lat' dir='ltr'><strong>dicat</strong></span> <span class='ocrx_word' id='word_1_55' title='bbox 221 400 282 421; x_wconf 85' lang='lat' dir='ltr'><strong>esse</strong></span> <span class='ocrx_word' id='word_1_56' title='bbox 301 400 332 420; x_wconf 83' lang='lat' dir='ltr'><strong>se</strong></span> <span class='ocrx_word' id='word_1_57' title='bbox 352 393 482 429; x_wconf 75' lang='lat' dir='ltr'><strong>aequalem</strong></span> <span class='ocrx_word' id='word_1_58' title='bbox 513 394 587 422; x_wconf 84' lang='lat' dir='ltr'><strong>Deo?</strong></span> <span class='ocrx_word' id='word_1_59' title='bbox 600 393 739 430; x_wconf 85' lang='lat' dir='ltr'><strong>Siquidem</strong></span> <span class='ocrx_word' id='word_1_60' title='bbox 763 395 918 422; x_wconf 83' lang='lat' dir='ltr'><strong>naturalem</strong></span> 
     </span>
    </p>
   </div>
   <div class='ocr_carea' id='block_1_10' title="bbox 134 443 916 478">
    <p class='ocr_par' dir='ltr' id='par_1_10' title="bbox 134 443 916 478">
     <span class='ocr_line' id='line_1_10' title="bbox 134 443 916 478; baseline -0.001 -7"><span class='ocrx_word' id='word_1_61' title='bbox 134 451 194 471; x_wconf 90' lang='lat' dir='ltr'><strong>cum</strong></span> <span class='ocrx_word' id='word_1_62' title='bbox 207 443 262 471; x_wconf 87' lang='lat' dir='ltr'><strong>Deo</strong></span> <span class='ocrx_word' id='word_1_63' title='bbox 284 443 363 471; x_wconf 83' lang='lat' dir='ltr'><strong>Patre</strong></span> <span class='ocrx_word' id='word_1_64' title='bbox 378 443 559 478; x_wconf 66' lang='lat' dir='ltr'><strong>aequalitatem</strong></span> <span class='ocrx_word' id='word_1_65' title='bbox 576 443 712 476; x_wconf 85' lang='lat' dir='ltr'><strong>obtinens,</strong></span> <span class='ocrx_word' id='word_1_66' title='bbox 727 443 799 471; x_wconf 80' lang='lat' dir='ltr'><strong>servi</strong></span> <span class='ocrx_word' id='word_1_67' title='bbox 815 443 916 477; x_wconf 79' lang='lat' dir='ltr'><strong>forma,</strong></span> 
     </span>
    </p>
   </div>
   <div class='ocr_carea' id='block_1_11' title="bbox 134 489 919 524">
    <p class='ocr_par' dir='ltr' id='par_1_11' title="bbox 134 489 919 524">
     <span class='ocr_line' id='line_1_11' title="bbox 134 489 919 524; baseline 0 -7"><span class='ocrx_word' id='word_1_68' title='bbox 134 491 185 517; x_wconf 88' lang='lat' dir='ltr'><strong>hoc</strong></span> <span class='ocrx_word' id='word_1_69' title='bbox 198 494 251 521; x_wconf 85' lang='lat' dir='ltr'><strong>est,</strong></span> <span class='ocrx_word' id='word_1_70' title='bbox 261 489 378 516; x_wconf 84' lang='lat' dir='ltr'><strong>hominis</strong></span> <span class='ocrx_word' id='word_1_71' title='bbox 389 495 484 516; x_wconf 89' lang='lat' dir='ltr'><strong>natura</strong></span> <span class='ocrx_word' id='word_1_72' title='bbox 497 494 630 524; x_wconf 88' lang='lat' dir='ltr'><strong>suscepta,</strong></span> <span class='ocrx_word' id='word_1_73' title='bbox 641 490 814 524; x_wconf 81' lang='lat' dir='ltr'><strong>semetipsum</strong></span> <span class='ocrx_word' id='word_1_74' title='bbox 824 490 919 517; x_wconf 73' lang='lat' dir='ltr'><strong>exina-</strong></span> 
     </span>
    </p>
   </div>
   <div class='ocr_carea' id='block_1_12' title="bbox 135 533 917 568">
    <p class='ocr_par' dir='ltr' id='par_1_12' title="bbox 135 533 917 568">
     <span class='ocr_line' id='line_1_12' title="bbox 135 533 917 568; baseline -0.001 -7"><span class='ocrx_word' id='word_1_75' title='bbox 135 534 212 567; x_wconf 87' lang='lat' dir='ltr'><strong>nivit,</strong></span> <span class='ocrx_word' id='word_1_76' title='bbox 238 534 383 568; x_wconf 88' lang='lat' dir='ltr'><strong>specieque</strong></span> <span class='ocrx_word' id='word_1_77' title='bbox 409 539 503 561; x_wconf 87' lang='lat' dir='ltr'><strong>nostra</strong></span> <span class='ocrx_word' id='word_1_78' title='bbox 526 541 559 561; x_wconf 85' lang='lat' dir='ltr'><strong>ae</strong></span> <span class='ocrx_word' id='word_1_79' title='bbox 586 533 765 561; x_wconf 90' lang='lat' dir='ltr'><strong>similitudine</strong></span> <span class='ocrx_word' id='word_1_80' title='bbox 794 539 917 568; x_wconf 84' lang='lat' dir='ltr'><strong>accepta,</strong></span> 
     </span>
    </p>
   </div>
   <div class='ocr_carea' id='block_1_13' title="bbox 134 578 920 614">
    <p class='ocr_par' dir='ltr' id='par_1_13' title="bbox 134 578 920 614">
     <span class='ocr_line' id='line_1_13' title="bbox 134 578 920 614; baseline 0.001 -9"><span class='ocrx_word' id='word_1_81' title='bbox 134 578 252 613; x_wconf 84' lang='lat' dir='ltr'><strong>seipsum</strong></span> <span class='ocrx_word' id='word_1_82' title='bbox 264 580 425 606; x_wconf 86' lang='lat' dir='ltr'><strong>bumiliavit.</strong></span> <span class='ocrx_word' id='word_1_83' title='bbox 441 579 620 614; x_wconf 83' lang='lat' dir='ltr'><strong>Posteaquam</strong></span> <span class='ocrx_word' id='word_1_84' title='bbox 644 585 830 606; x_wconf 87' lang='lat' dir='ltr'><strong>vero.crueem</strong></span> <span class='ocrx_word' id='word_1_85' title='bbox 838 580 920 606; x_wconf 88' lang='lat' dir='ltr'><strong>susti-</strong></span> 
     </span>
    </p>
   </div>
   <div class='ocr_carea' id='block_1_14' title="bbox 137 624 919 659">
    <p class='ocr_par' dir='ltr' id='par_1_14' title="bbox 137 624 919 659">
     <span class='ocr_line' id='line_1_14' title="bbox 137 624 919 659; baseline 0.001 -8"><span class='ocrx_word' id='word_1_86' title='bbox 137 626 205 657; x_wconf 87' lang='lat' dir='ltr'><strong>nuit,</strong></span> <span class='ocrx_word' id='word_1_87' title='bbox 220 625 368 652; x_wconf 81' lang='lat' dir='ltr'><strong>exaltatum</strong></span> <span class='ocrx_word' id='word_1_88' title='bbox 386 625 460 658; x_wconf 86' lang='lat' dir='ltr'><strong>dicit.</strong></span> <span class='ocrx_word' id='word_1_89' title='bbox 479 625 627 659; x_wconf 88' lang='lat' dir='ltr'><strong>datumque</strong></span> <span class='ocrx_word' id='word_1_90' title='bbox 654 624 692 652; x_wconf 89' lang='lat' dir='ltr'><strong>illi</strong></span> <span class='ocrx_word' id='word_1_91' title='bbox 721 632 818 652; x_wconf 88' lang='lat' dir='ltr'><strong>nomen</strong></span> <span class='ocrx_word' id='word_1_92' title='bbox 847 625 919 659; x_wconf 93' lang='lat' dir='ltr'><strong>quod</strong></span> 
     </span>
    </p>
   </div>
   <div class='ocr_carea' id='block_1_15' title="bbox 135 671 919 706">
    <p class='ocr_par' dir='ltr' id='par_1_15' title="bbox 135 671 919 706">
     <span class='ocr_line' id='line_1_15' title="bbox 135 671 919 706; baseline 0 -8"><span class='ocrx_word' id='word_1_93' title='bbox 135 675 178 698; x_wconf 85' lang='lat' dir='ltr'><strong>est</strong></span> <span class='ocrx_word' id='word_1_94' title='bbox 193 677 275 705; x_wconf 85' lang='lat' dir='ltr'><strong>super</strong></span> <span class='ocrx_word' id='word_1_95' title='bbox 288 678 368 698; x_wconf 87' lang='lat' dir='ltr'><strong>omne</strong></span> <span class='ocrx_word' id='word_1_96' title='bbox 383 678 480 698; x_wconf 89' lang='lat' dir='ltr'><strong>nomen</strong></span> <span class='ocrx_word' id='word_1_97' title='bbox 494 680 501 704; x_wconf 91' lang='lat'><strong>;</strong></span> <span class='ocrx_word' id='word_1_98' title='bbox 523 671 559 698; x_wconf 89' lang='lat' dir='ltr'><strong>ita</strong></span> <span class='ocrx_word' id='word_1_99' title='bbox 580 677 610 698; x_wconf 85' lang='lat' dir='ltr'><strong>ut</strong></span> <span class='ocrx_word' id='word_1_100' title='bbox 623 678 704 698; x_wconf 87' lang='lat' dir='ltr'><strong>omne</strong></span> <span class='ocrx_word' id='word_1_101' title='bbox 719 679 787 706; x_wconf 80' lang='lat' dir='ltr'><strong>genu</strong></span> <span class='ocrx_word' id='word_1_102' title='bbox 799 671 849 705; x_wconf 88' lang='lat' dir='ltr'><strong>ipsi</strong></span> <span class='ocrx_word' id='word_1_103' title='bbox 863 671 919 705; x_wconf 85' lang='lat' dir='ltr'><strong>jam</strong></span> 
     </span>
    </p>
   </div>
   <div class='ocr_carea' id='block_1_16' title="bbox 138 717 918 751">
    <p class='ocr_par' dir='ltr' id='par_1_16' title="bbox 138 717 918 751">
     <span class='ocr_line' id='line_1_16' title="bbox 138 717 918 751; baseline 0.003 -8"><span class='ocrx_word' id='word_1_104' title='bbox 138 717 305 750; x_wconf 85' lang='lat' dir='ltr'><strong>incurvetur,</strong></span> <span class='ocrx_word' id='word_1_105' title='bbox 322 717 464 751; x_wconf 88' lang='lat' dir='ltr'><strong>omnisque</strong></span> <span class='ocrx_word' id='word_1_106' title='bbox 486 717 577 751; x_wconf 75' lang='lat' dir='ltr'><strong>lingua</strong></span> <span class='ocrx_word' id='word_1_107' title='bbox 600 718 726 744; x_wconf 87' lang='lat' dir='ltr'><strong>eumdem</strong></span> <span class='ocrx_word' id='word_1_108' title='bbox 749 717 918 745; x_wconf 83' lang='lat' dir='ltr'><strong>conﬁteatur.</strong></span> 
     </span>
    </p>
   </div>
   <div class='ocr_carea' id='block_1_17' title="bbox 138 762 922 798">
    <p class='ocr_par' dir='ltr' id='par_1_17' title="bbox 138 762 922 798">
     <span class='ocr_line' id='line_1_17' title="bbox 138 762 922 798; baseline 0 -8"><span class='ocrx_word' id='word_1_109' title='bbox 138 762 191 790; x_wconf 90' lang='lat' dir='ltr'><strong>Sed</strong></span> <span class='ocrx_word' id='word_1_110' title='bbox 207 770 270 797; x_wconf 88' lang='lat' dir='ltr'><strong>qua,</strong></span> <span class='ocrx_word' id='word_1_111' title='bbox 287 770 390 797; x_wconf 78' lang='lat' dir='ltr'><strong>qmeso,</strong></span> <span class='ocrx_word' id='word_1_112' title='bbox 403 763 517 795; x_wconf 79' lang='lat' dir='ltr'><strong>ratione,</strong></span> <span class='ocrx_word' id='word_1_113' title='bbox 532 763 576 798; x_wconf 85' lang='lat' dir='ltr'><strong>qui</strong></span> <span class='ocrx_word' id='word_1_114' title='bbox 590 763 616 790; x_wconf 94' lang='lat' dir='ltr'><strong>in</strong></span> <span class='ocrx_word' id='word_1_115' title='bbox 626 762 712 790; x_wconf 79' lang='lat' dir='ltr'><strong>forma</strong></span> <span class='ocrx_word' id='word_1_116' title='bbox 727 768 756 791; x_wconf 89' lang='lat' dir='ltr'><strong>et</strong></span> <span class='ocrx_word' id='word_1_117' title='bbox 768 763 922 798; x_wconf 80' lang='lat' dir='ltr'><strong>:equalitate</strong></span> 
     </span>
    </p>
   </div>
   <div class='ocr_carea' id='block_1_18' title="bbox 139 809 923 843">
    <p class='ocr_par' dir='ltr' id='par_1_18' title="bbox 139 809 923 843">
     <span class='ocr_line' id='line_1_18' title="bbox 139 809 923 843; baseline 0.004 -8"><span class='ocrx_word' id='word_1_118' title='bbox 139 809 186 836; x_wconf 85' lang='lat' dir='ltr'><strong>Dei</strong></span> <span class='ocrx_word' id='word_1_119' title='bbox 200 809 360 842; x_wconf 76' lang='lat' dir='ltr'><strong>exsistebat,</strong></span> <span class='ocrx_word' id='word_1_120' title='bbox 374 811 408 837; x_wconf 91' lang='lat' dir='ltr'><strong>ad</strong></span> <span class='ocrx_word' id='word_1_121' title='bbox 434 810 646 837; x_wconf 83' lang='lat' dir='ltr'><strong>exinanitiOnem</strong></span> <span class='ocrx_word' id='word_1_122' title='bbox 670 817 700 838; x_wconf 83' lang='lat' dir='ltr'><strong>se</strong></span> <span class='ocrx_word' id='word_1_123' title='bbox 726 810 878 843; x_wconf 85' lang='lat' dir='ltr'><strong>demisisse,</strong></span> <span class='ocrx_word' id='word_1_124' title='bbox 894 815 923 838; x_wconf 84' lang='lat' dir='ltr'><strong>et</strong></span> 
     </span>
    </p>
   </div>
   <div class='ocr_carea' id='block_1_19' title="bbox 138 845 957 890">
    <p class='ocr_par' dir='ltr' id='par_1_19' title="bbox 138 845 957 890">
     <span class='ocr_line' id='line_1_19' title="bbox 138 845 957 890; baseline 0.002 -9"><span class='ocrx_word' id='word_1_125' title='bbox 138 860 231 890; x_wconf 79' lang='lat' dir='ltr'><strong>postea</strong></span> <span class='ocrx_word' id='word_1_126' title='bbox 241 855 375 882; x_wconf 79' lang='lat' dir='ltr'><strong>exaltatus</strong></span> <span class='ocrx_word' id='word_1_127' title='bbox 387 855 560 890; x_wconf 80' lang='lat' dir='ltr'><strong>perhibetur?</strong></span> <span class='ocrx_word' id='word_1_128' title='bbox 582 855 678 883; x_wconf 84' lang='lat' dir='ltr'><strong>Annon</strong></span> <span class='ocrx_word' id='word_1_129' title='bbox 691 855 921 884; x_wconf 83' lang='lat' dir='ltr'><strong>evidentissimum</strong></span> <span class='ocrx_word' id='word_1_130' title='bbox 938 845 957 873; x_wconf 77' lang='grc' dir='ltr'><strong><em>Β</em></strong></span> 
     </span>
    </p>
   </div>
   <div class='ocr_carea' id='block_1_20' title="bbox 139 899 924 929">
    <p class='ocr_par' dir='ltr' id='par_1_20' title="bbox 139 899 924 929">
     <span class='ocr_line' id='line_1_20' title="bbox 139 899 924 929; baseline 0.004 -3"><span class='ocrx_word' id='word_1_131' title='bbox 139 900 191 927; x_wconf 91' lang='lat' dir='ltr'><strong>hoc</strong></span> <span class='ocrx_word' id='word_1_132' title='bbox 213 899 314 928; x_wconf 86' lang='lat' dir='ltr'><strong>Christi</strong></span> <span class='ocrx_word' id='word_1_133' title='bbox 337 905 536 928; x_wconf 82' lang='lat' dir='ltr'><strong>sacramentum</strong></span> <span class='ocrx_word' id='word_1_134' title='bbox 548 899 767 928; x_wconf 81' lang='lat' dir='ltr'><strong>est?Enimvero</strong></span> <span class='ocrx_word' id='word_1_135' title='bbox 793 908 852 929; x_wconf 86' lang='lat' dir='ltr'><strong>eum</strong></span> <span class='ocrx_word' id='word_1_136' title='bbox 880 908 924 929; x_wconf 84' lang='lat' dir='ltr'><strong>sc-</strong></span> 
     </span>
    </p>
   </div>
   <div class='ocr_carea' id='block_1_21' title="bbox 139 946 924 980">
    <p class='ocr_par' dir='ltr' id='par_1_21' title="bbox 139 946 924 980">
     <span class='ocr_line' id='line_1_21' title="bbox 139 946 924 980; baseline 0.005 -8"><span class='ocrx_word' id='word_1_137' title='bbox 139 946 258 973; x_wconf 87' lang='lat' dir='ltr'><strong>cundum</strong></span> <span class='ocrx_word' id='word_1_138' title='bbox 282 950 408 973; x_wconf 87' lang='lat' dir='ltr'><strong>naturam</strong></span> <span class='ocrx_word' id='word_1_139' title='bbox 426 946 497 974; x_wconf 84' lang='lat' dir='ltr'><strong>Deus</strong></span> <span class='ocrx_word' id='word_1_140' title='bbox 521 952 607 979; x_wconf 84' lang='lat' dir='ltr'><strong>esset,</strong></span> <span class='ocrx_word' id='word_1_141' title='bbox 623 947 711 975; x_wconf 82' lang='lat' dir='ltr'><strong>factus</strong></span> <span class='ocrx_word' id='word_1_142' title='bbox 723 947 813 980; x_wconf 88' lang='lat' dir='ltr'><strong>homo,</strong></span> <span class='ocrx_word' id='word_1_143' title='bbox 831 947 858 975; x_wconf 94' lang='lat' dir='ltr'><strong>in</strong></span> <span class='ocrx_word' id='word_1_144' title='bbox 872 948 924 976; x_wconf 84' lang='lat' dir='ltr'><strong>hu—</strong></span> 
     </span>
    </p>
   </div>
   <div class='ocr_carea' id='block_1_22' title="bbox 139 991 923 1028">
    <p class='ocr_par' dir='ltr' id='par_1_22' title="bbox 139 991 923 1028">
     <span class='ocr_line' id='line_1_22' title="bbox 139 991 923 1028; baseline 0.004 -10"><span class='ocrx_word' id='word_1_145' title='bbox 139 991 280 1018; x_wconf 88' lang='lat' dir='ltr'><strong>militatem</strong></span> <span class='ocrx_word' id='word_1_146' title='bbox 298 992 533 1028; x_wconf 88' lang='lat' dir='ltr'><strong>abjcctionemque</strong></span> <span class='ocrx_word' id='word_1_147' title='bbox 550 993 702 1021; x_wconf 86' lang='lat' dir='ltr'><strong>descendit.</strong></span> <span class='ocrx_word' id='word_1_148' title='bbox 716 993 816 1022; x_wconf 83' lang='lat' dir='ltr'><strong>Factus</strong></span> <span class='ocrx_word' id='word_1_149' title='bbox 833 999 923 1022; x_wconf 88' lang='lat' dir='ltr'><strong>autem</strong></span> 
     </span>
    </p>
   </div>
   <div class='ocr_carea' id='block_1_23' title="bbox 139 1038 925 1074">
    <p class='ocr_par' dir='ltr' id='par_1_23' title="bbox 139 1038 925 1074">
     <span class='ocr_line' id='line_1_23' title="bbox 139 1038 925 1074; baseline 0.006 -10"><span class='ocrx_word' id='word_1_150' title='bbox 139 1039 225 1065; x_wconf 89' lang='lat' dir='ltr'><strong>nostri</strong></span> <span class='ocrx_word' id='word_1_151' title='bbox 237 1038 347 1071; x_wconf 88' lang='lat' dir='ltr'><strong>similis,</strong></span> <span class='ocrx_word' id='word_1_152' title='bbox 362 1039 441 1074; x_wconf 80' lang='lat'><strong>109</strong></span> <span class='ocrx_word' id='word_1_153' title='bbox 451 1040 532 1067; x_wconf 91' lang='lat' dir='ltr'><strong>etiam</strong></span> <span class='ocrx_word' id='word_1_154' title='bbox 550 1048 611 1068; x_wconf 91' lang='lat' dir='ltr'><strong>cum</strong></span> <span class='ocrx_word' id='word_1_155' title='bbox 628 1048 709 1068; x_wconf 85' lang='lat' dir='ltr'><strong>carne</strong></span> <span class='ocrx_word' id='word_1_156' title='bbox 729 1049 805 1069; x_wconf 91' lang='lat' dir='ltr'><strong>suam</strong></span> <span class='ocrx_word' id='word_1_157' title='bbox 821 1042 925 1070; x_wconf 83' lang='lat' dir='ltr'><strong>obtinet</strong></span> 
     </span>
    </p>
   </div>
   <div class='ocr_carea' id='block_1_24' title="bbox 140 1082 924 1119">
    <p class='ocr_par' dir='ltr' id='par_1_24' title="bbox 140 1082 924 1119">
     <span class='ocr_line' id='line_1_24' title="bbox 140 1082 924 1119; baseline 0.006 -10"><span class='ocrx_word' id='word_1_158' title='bbox 140 1082 265 1117; x_wconf 75' lang='lat' dir='ltr'><strong>gloriam.</strong></span> <span class='ocrx_word' id='word_1_159' title='bbox 285 1083 317 1110; x_wconf 87' lang='lat' dir='ltr'><strong>Et</strong></span> <span class='ocrx_word' id='word_1_160' title='bbox 340 1084 397 1119; x_wconf 92' lang='lat' dir='ltr'><strong>ipsa</strong></span> <span class='ocrx_word' id='word_1_161' title='bbox 423 1084 553 1112; x_wconf 80' lang='lat' dir='ltr'><strong>exaltatio</strong></span> <span class='ocrx_word' id='word_1_162' title='bbox 578 1093 632 1113; x_wconf 95' lang='lat' dir='ltr'><strong>non</strong></span> <span class='ocrx_word' id='word_1_163' title='bbox 657 1087 785 1114; x_wconf 84' lang='lat' dir='ltr'><strong>convenit</strong></span> <span class='ocrx_word' id='word_1_164' title='bbox 802 1087 827 1114; x_wconf 89' lang='lat' dir='ltr'><strong>in</strong></span> <span class='ocrx_word' id='word_1_165' title='bbox 843 1086 924 1114; x_wconf 88' lang='lat' dir='ltr'><strong>Verbi</strong></span> 
     </span>
    </p>
   </div>
   <div class='ocr_carea' id='block_1_25' title="bbox 143 1130 926 1166">
    <p class='ocr_par' dir='ltr' id='par_1_25' title="bbox 143 1130 926 1166">
     <span class='ocr_line' id='line_1_25' title="bbox 143 1130 926 1166; baseline 0.008 -12"><span class='ocrx_word' id='word_1_166' title='bbox 143 1133 276 1162; x_wconf 86' lang='lat' dir='ltr'><strong>naturam,</strong></span> <span class='ocrx_word' id='word_1_167' title='bbox 293 1130 340 1157; x_wconf 90' lang='lat' dir='ltr'><strong>sed</strong></span> <span class='ocrx_word' id='word_1_168' title='bbox 355 1130 381 1156; x_wconf 92' lang='lat' dir='ltr'><strong>in</strong></span> <span class='ocrx_word' id='word_1_169' title='bbox 392 1130 477 1164; x_wconf 90' lang='lat' dir='ltr'><strong>ipsam</strong></span> <span class='ocrx_word' id='word_1_170' title='bbox 490 1131 580 1159; x_wconf 90' lang='lat' dir='ltr'><strong>carnis</strong></span> <span class='ocrx_word' id='word_1_171' title='bbox 593 1131 835 1166; x_wconf 85' lang='lat' dir='ltr'><strong>dispensationem.</strong></span> <span class='ocrx_word' id='word_1_172' title='bbox 853 1133 926 1161; x_wconf 91' lang='lat' dir='ltr'><strong>Unus</strong></span> 
     </span>
    </p>
   </div>
   <div class='ocr_carea' id='block_1_26' title="bbox 140 1174 923 1212">
    <p class='ocr_par' dir='ltr' id='par_1_26' title="bbox 140 1174 923 1212">
     <span class='ocr_line' id='line_1_26' title="bbox 140 1174 923 1212; baseline 0.008 -12"><span class='ocrx_word' id='word_1_173' title='bbox 140 1178 182 1201; x_wconf 84' lang='lat' dir='ltr'><strong>est</strong></span> <span class='ocrx_word' id='word_1_174' title='bbox 199 1174 289 1209; x_wconf 83' lang='lat' dir='ltr'><strong>itaque</strong></span> <span class='ocrx_word' id='word_1_175' title='bbox 303 1174 427 1202; x_wconf 88' lang='lat' dir='ltr'><strong>Christus</strong></span> <span class='ocrx_word' id='word_1_176' title='bbox 438 1175 509 1204; x_wconf 89' lang='lat' dir='ltr'><strong>Deus</strong></span> <span class='ocrx_word' id='word_1_177' title='bbox 523 1176 549 1204; x_wconf 93' lang='lat' dir='ltr'><strong>in</strong></span> <span class='ocrx_word' id='word_1_178' title='bbox 566 1182 661 1204; x_wconf 89' lang='lat' dir='ltr'><strong>natura</strong></span> <span class='ocrx_word' id='word_1_179' title='bbox 677 1178 804 1212; x_wconf 88' lang='lat' dir='ltr'><strong>humana,</strong></span> <span class='ocrx_word' id='word_1_180' title='bbox 818 1183 846 1206; x_wconf 91' lang='lat' dir='ltr'><strong>et</strong></span> <span class='ocrx_word' id='word_1_181' title='bbox 862 1186 923 1206; x_wconf 91' lang='lat' dir='ltr'><strong>cum</strong></span> 
     </span>
    </p>
   </div>
   <div class='ocr_carea' id='block_1_27' title="bbox 142 1220 927 1260">
    <p class='ocr_par' dir='ltr' id='par_1_27' title="bbox 142 1220 927 1260">
     <span class='ocr_line' id='line_1_27' title="bbox 142 1220 927 1260; baseline 0.008 -14"><span class='ocrx_word' id='word_1_182' title='bbox 142 1225 236 1246; x_wconf 84' lang='lat' dir='ltr'><strong>natura</strong></span> <span class='ocrx_word' id='word_1_183' title='bbox 266 1220 393 1254; x_wconf 88' lang='lat' dir='ltr'><strong>humana,</strong></span> <span class='ocrx_word' id='word_1_184' title='bbox 416 1221 532 1257; x_wconf 82' lang='lat' dir='ltr'><strong>idipsum</strong></span> <span class='ocrx_word' id='word_1_185' title='bbox 563 1223 634 1257; x_wconf 92' lang='lat' dir='ltr'><strong>quod</strong></span> <span class='ocrx_word' id='word_1_186' title='bbox 656 1228 719 1251; x_wconf 86' lang='lat' dir='ltr'><strong>ante</strong></span> <span class='ocrx_word' id='word_1_187' title='bbox 743 1228 812 1257; x_wconf 85' lang='lat' dir='ltr'><strong>erat,</strong></span> <span class='ocrx_word' id='word_1_188' title='bbox 842 1232 927 1260; x_wconf 86' lang='lat' dir='ltr'><strong>usque</strong></span> 
     </span>
    </p>
   </div>
   <div class='ocr_carea' id='block_1_28' title="bbox 143 1273 313 1299">
    <p class='ocr_par' dir='ltr' id='par_1_28' title="bbox 143 1273 313 1299">
     <span class='ocr_line' id='line_1_28' title="bbox 143 1273 313 1299; baseline 0.012 -8"><span class='ocrx_word' id='word_1_189' title='bbox 143 1273 313 1299; x_wconf 79' lang='lat' dir='ltr'><strong>permanens.</strong></span> 
     </span>
    </p>
   </div>
   <div class='ocr_carea' id='block_1_29' title="bbox 328 1311 738 1347">
    <p class='ocr_par' dir='ltr' id='par_1_29' title="bbox 328 1311 738 1347">
     <span class='ocr_line' id='line_1_29' title="bbox 328 1311 738 1347; baseline 0.007 -8"><span class='ocrx_word' id='word_1_190' title='bbox 328 1311 370 1339; x_wconf 74' lang='lat' dir='ltr'><strong>Ex</strong></span> <span class='ocrx_word' id='word_1_191' title='bbox 384 1313 501 1347; x_wconf 77' lang='lat' dir='ltr'><strong>Epistola</strong></span> <span class='ocrx_word' id='word_1_192' title='bbox 516 1314 550 1340; x_wconf 81' lang='lat' dir='ltr'><strong>ad</strong></span> <span class='ocrx_word' id='word_1_193' title='bbox 564 1313 738 1342; x_wconf 66' lang='lat' dir='ltr'><strong>Coloneus“.</strong></span> 
     </span>
    </p>
   </div>
   <div class='ocr_carea' id='block_1_30' title="bbox 179 1357 928 1396">
    <p class='ocr_par' dir='ltr' id='par_1_30' title="bbox 179 1357 928 1396">
     <span class='ocr_line' id='line_1_30' title="bbox 179 1357 928 1396; baseline 0.008 -13"><span class='ocrx_word' id='word_1_194' title='bbox 179 1366 188 1383; x_wconf 74' lang='grc' dir='ltr'><strong>ι</strong></span> <span class='ocrx_word' id='word_1_195' title='bbox 201 1357 307 1385; x_wconf 85' lang='lat' dir='ltr'><strong>Gratias</strong></span> <span class='ocrx_word' id='word_1_196' title='bbox 335 1365 455 1392; x_wconf 77' lang='lat' dir='ltr'><strong>agentes,</strong></span> <span class='ocrx_word' id='word_1_197' title='bbox 475 1359 572 1393; x_wconf 83' lang='lat' dir='ltr'><strong>inquit,</strong></span> <span class='ocrx_word' id='word_1_198' title='bbox 587 1360 642 1387; x_wconf 84' lang='lat' dir='ltr'><strong>Deo</strong></span> <span class='ocrx_word' id='word_1_199' title='bbox 671 1359 816 1396; x_wconf 49' lang='lat' dir='ltr'><strong>Patri,.qui</strong></span> <span class='ocrx_word' id='word_1_200' title='bbox 835 1361 928 1396; x_wconf 82' lang='lat' dir='ltr'><strong>dignos</strong></span> 
     </span>
    </p>
   </div>
   <div class='ocr_carea' id='block_1_31' title="bbox 144 1403 927 1439">
    <p class='ocr_par' dir='ltr' id='par_1_31' title="bbox 144 1403 927 1439">
     <span class='ocr_line' id='line_1_31' title="bbox 144 1403 927 1439; baseline 0.008 -10"><span class='ocrx_word' id='word_1_201' title='bbox 144 1411 192 1430; x_wconf 90' lang='lat' dir='ltr'><strong>nos</strong></span> <span class='ocrx_word' id='word_1_202' title='bbox 214 1403 277 1430; x_wconf 76' lang='lat' dir='ltr'><strong>fecit</strong></span> <span class='ocrx_word' id='word_1_203' title='bbox 304 1403 330 1430; x_wconf 92' lang='lat' dir='ltr'><strong>in</strong></span> <span class='ocrx_word' id='word_1_204' title='bbox 358 1409 462 1439; x_wconf 86' lang='lat' dir='ltr'><strong>partem</strong></span> <span class='ocrx_word' id='word_1_205' title='bbox 490 1406 572 1433; x_wconf 80' lang='lat' dir='ltr'><strong>sortis</strong></span> <span class='ocrx_word' id='word_1_206' title='bbox 593 1411 750 1434; x_wconf 85' lang='lat' dir='ltr'><strong>sanctorum</strong></span> <span class='ocrx_word' id='word_1_207' title='bbox 767 1408 792 1434; x_wconf 95' lang='lat' dir='ltr'><strong>in</strong></span> <span class='ocrx_word' id='word_1_208' title='bbox 807 1408 927 1435; x_wconf 86' lang='lat' dir='ltr'><strong>lumine:</strong></span> 
     </span>
    </p>
   </div>
   <div class='ocr_carea' id='block_1_32' title="bbox 143 1449 925 1486">
    <p class='ocr_par' dir='ltr' id='par_1_32' title="bbox 143 1449 925 1486">
     <span class='ocr_line' id='line_1_32' title="bbox 143 1449 925 1486; baseline 0.008 -11"><span class='ocrx_word' id='word_1_209' title='bbox 143 1449 187 1484; x_wconf 84' lang='lat' dir='ltr'><strong>qui</strong></span> <span class='ocrx_word' id='word_1_210' title='bbox 199 1450 297 1483; x_wconf 86' lang='lat' dir='ltr'><strong>eripuit</strong></span> <span class='ocrx_word' id='word_1_211' title='bbox 315 1458 363 1477; x_wconf 92' lang='lat' dir='ltr'><strong>nos</strong></span> <span class='ocrx_word' id='word_1_212' title='bbox 377 1451 410 1477; x_wconf 92' lang='lat' dir='ltr'><strong>de</strong></span> <span class='ocrx_word' id='word_1_213' title='bbox 427 1456 558 1486; x_wconf 84' lang='lat' dir='ltr'><strong>potestate</strong></span> <span class='ocrx_word' id='word_1_214' title='bbox 570 1453 754 1485; x_wconf 88' lang='lat' dir='ltr'><strong>tenebrarum,</strong></span> <span class='ocrx_word' id='word_1_215' title='bbox 765 1458 792 1480; x_wconf 84' lang='lat' dir='ltr'><strong>et</strong></span> <span class='ocrx_word' id='word_1_216' title='bbox 809 1458 925 1482; x_wconf 83' lang='lat' dir='ltr'><strong>transtu-</strong></span> 
     </span>
    </p>
   </div>
   <div class='ocr_carea' id='block_1_33' title="bbox 144 1495 964 1544">
    <p class='ocr_par' dir='ltr' id='par_1_33' title="bbox 144 1495 964 1544">
     <span class='ocr_line' id='line_1_33' title="bbox 144 1495 964 1544; baseline 0.006 -22"><span class='ocrx_word' id='word_1_217' title='bbox 144 1495 175 1523; x_wconf 90' lang='lat' dir='ltr'><strong>lit</strong></span> <span class='ocrx_word' id='word_1_218' title='bbox 191 1497 216 1523; x_wconf 91' lang='lat' dir='ltr'><strong>in</strong></span> <span class='ocrx_word' id='word_1_219' title='bbox 232 1504 343 1531; x_wconf 76' lang='lat' dir='ltr'><strong>regnum</strong></span> <span class='ocrx_word' id='word_1_220' title='bbox 361 1497 421 1524; x_wconf 83' lang='lat' dir='ltr'><strong>Filii</strong></span> <span class='ocrx_word' id='word_1_221' title='bbox 437 1497 593 1526; x_wconf 86' lang='lat' dir='ltr'><strong>dilectionis</strong></span> <span class='ocrx_word' id='word_1_222' title='bbox 608 1506 674 1530; x_wconf 67' lang='lat' dir='ltr'><strong>sum,</strong></span> <span class='ocrx_word' id='word_1_223' title='bbox 689 1499 716 1526; x_wconf 94' lang='lat' dir='ltr'><strong>in</strong></span> <span class='ocrx_word' id='word_1_224' title='bbox 732 1506 785 1533; x_wconf 89' lang='lat' dir='ltr'><strong>quo</strong></span> <span class='ocrx_word' id='word_1_225' title='bbox 799 1499 928 1527; x_wconf 82' lang='lat' dir='ltr'><strong>habemus</strong></span> <span class='ocrx_word' id='word_1_226' title='bbox 942 1515 964 1544; x_wconf 66' lang='grc' dir='ltr'>ο</span> 
     </span>
    </p>
   </div>
   <div class='ocr_carea' id='block_1_34' title="bbox 146 1541 930 1579">
    <p class='ocr_par' dir='ltr' id='par_1_34' title="bbox 146 1541 930 1579">
     <span class='ocr_line' id='line_1_34' title="bbox 146 1541 930 1579; baseline 0.005 -11"><span class='ocrx_word' id='word_1_227' title='bbox 146 1541 368 1576; x_wconf 73' lang='lat' dir='ltr'><strong>redemptionem,</strong></span> <span class='ocrx_word' id='word_1_228' title='bbox 399 1543 586 1570; x_wconf 85' lang='lat' dir='ltr'><strong>remissionem</strong></span> <span class='ocrx_word' id='word_1_229' title='bbox 614 1549 786 1577; x_wconf 86' lang='lat' dir='ltr'><strong>peccatorum</strong></span> <span class='ocrx_word' id='word_1_230' title='bbox 805 1553 812 1571; x_wconf 89' lang='lat'><strong>:</strong></span> <span class='ocrx_word' id='word_1_231' title='bbox 830 1545 875 1579; x_wconf 89' lang='lat' dir='ltr'><strong>qui</strong></span> <span class='ocrx_word' id='word_1_232' title='bbox 889 1550 930 1572; x_wconf 91' lang='lat' dir='ltr'><strong>est</strong></span> 
     </span>
    </p>
   </div>
   <div class='ocr_carea' id='block_1_35' title="bbox 146 1588 928 1624">
    <p class='ocr_par' dir='ltr' id='par_1_35' title="bbox 146 1588 928 1624">
     <span class='ocr_line' id='line_1_35' title="bbox 146 1588 928 1624; baseline 0.006 -11"><span class='ocrx_word' id='word_1_233' title='bbox 146 1588 234 1622; x_wconf 81' lang='lat' dir='ltr'><strong>imago</strong></span> <span class='ocrx_word' id='word_1_234' title='bbox 250 1588 294 1615; x_wconf 88' lang='lat' dir='ltr'><strong>Dei</strong></span> <span class='ocrx_word' id='word_1_235' title='bbox 308 1588 461 1620; x_wconf 84' lang='lat' dir='ltr'><strong>invisibilis,</strong></span> <span class='ocrx_word' id='word_1_236' title='bbox 471 1589 666 1624; x_wconf 76' lang='lat' dir='ltr'><strong>primogenitus</strong></span> <span class='ocrx_word' id='word_1_237' title='bbox 677 1590 766 1618; x_wconf 90' lang='lat' dir='ltr'><strong>omnis</strong></span> <span class='ocrx_word' id='word_1_238' title='bbox 786 1596 928 1618; x_wconf 66' lang='lat' dir='ltr'><strong>creaturze.</strong></span> 
     </span>
    </p>
   </div>
   <div class='ocr_carea' id='block_1_36' title="bbox 145 1634 931 1668">
    <p class='ocr_par' dir='ltr' id='par_1_36' title="bbox 145 1634 931 1668">
     <span class='ocr_line' id='line_1_36' title="bbox 145 1634 931 1668; baseline 0.006 -9"><span class='ocrx_word' id='word_1_239' title='bbox 145 1634 276 1667; x_wconf 83' lang='lat' dir='ltr'><strong>Quoniam</strong></span> <span class='ocrx_word' id='word_1_240' title='bbox 304 1634 329 1661; x_wconf 92' lang='lat' dir='ltr'><strong>in</strong></span> <span class='ocrx_word' id='word_1_241' title='bbox 348 1635 405 1668; x_wconf 78' lang='lat' dir='ltr'><strong>ipso</strong></span> <span class='ocrx_word' id='word_1_242' title='bbox 434 1635 541 1662; x_wconf 85' lang='lat' dir='ltr'><strong>condita</strong></span> <span class='ocrx_word' id='word_1_243' title='bbox 559 1639 621 1662; x_wconf 82' lang='lat' dir='ltr'><strong>sunt</strong></span> <span class='ocrx_word' id='word_1_244' title='bbox 648 1636 827 1668; x_wconf 81' lang='lat' dir='ltr'><strong>universa,in.</strong></span> <span class='ocrx_word' id='word_1_245' title='bbox 853 1637 931 1664; x_wconf 66' lang='lat' dir='ltr'><strong>caelis</strong></span> 
     </span>
    </p>
   </div>
   <div class='ocr_carea' id='block_1_37' title="bbox 145 1679 930 1713">
    <p class='ocr_par' dir='ltr' id='par_1_37' title="bbox 145 1679 930 1713">
     <span class='ocr_line' id='line_1_37' title="bbox 145 1679 930 1713; baseline 0.008 -9"><span class='ocrx_word' id='word_1_246' title='bbox 145 1683 172 1705; x_wconf 80' lang='lat' dir='ltr'><strong>et</strong></span> <span class='ocrx_word' id='word_1_247' title='bbox 185 1679 210 1709; x_wconf 77' lang='lat' dir='ltr'><strong>in</strong></span> <span class='ocrx_word' id='word_1_248' title='bbox 224 1683 304 1711; x_wconf 84' lang='lat' dir='ltr'><strong>terra,</strong></span> <span class='ocrx_word' id='word_1_249' title='bbox 316 1679 432 1706; x_wconf 74' lang='lat' dir='ltr'><strong>visibilia</strong></span> <span class='ocrx_word' id='word_1_250' title='bbox 452 1685 478 1706; x_wconf 89' lang='lat' dir='ltr'><strong>et</strong></span> <span class='ocrx_word' id='word_1_251' title='bbox 492 1679 649 1712; x_wconf 82' lang='lat' dir='ltr'><strong>invisibilia,</strong></span> <span class='ocrx_word' id='word_1_252' title='bbox 662 1681 719 1708; x_wconf 80' lang='lat' dir='ltr'><strong>sive</strong></span> <span class='ocrx_word' id='word_1_253' title='bbox 745 1681 856 1713; x_wconf 86' lang='lat' dir='ltr'><strong>Throui,</strong></span> <span class='ocrx_word' id='word_1_254' title='bbox 875 1682 930 1710; x_wconf 78' lang='lat' dir='ltr'><strong>sive</strong></span> 
     </span>
    </p>
   </div>
   <div class='ocr_carea' id='block_1_38' title="bbox 148 1725 930 1761">
    <p class='ocr_par' dir='ltr' id='par_1_38' title="bbox 148 1725 930 1761">
     <span class='ocr_line' id='line_1_38' title="bbox 148 1725 930 1761; baseline 0.004 -10"><span class='ocrx_word' id='word_1_255' title='bbox 148 1725 360 1757; x_wconf 75' lang='lat' dir='ltr'><strong>lloininatioues,</strong></span> <span class='ocrx_word' id='word_1_256' title='bbox 385 1726 443 1753; x_wconf 81' lang='lat' dir='ltr'><strong>sive</strong></span> <span class='ocrx_word' id='word_1_257' title='bbox 470 1725 651 1760; x_wconf 87' lang='lat' dir='ltr'><strong>Principatus,</strong></span> <span class='ocrx_word' id='word_1_258' title='bbox 679 1727 737 1754; x_wconf 84' lang='lat' dir='ltr'><strong>sive</strong></span> <span class='ocrx_word' id='word_1_259' title='bbox 769 1727 930 1761; x_wconf 82' lang='lat' dir='ltr'><strong>Poteslates,</strong></span> 
     </span>
    </p>
   </div>
   <div class='ocr_carea' id='block_1_39' title="bbox 147 1772 933 1810">
    <p class='ocr_par' dir='ltr' id='par_1_39' title="bbox 147 1772 933 1810">
     <span class='ocr_line' id='line_1_39' title="bbox 147 1772 933 1810; baseline 0.01 -15"><span class='ocrx_word' id='word_1_260' title='bbox 147 1772 235 1798; x_wconf 68' lang='lat' dir='ltr'><strong>numia</strong></span> <span class='ocrx_word' id='word_1_261' title='bbox 251 1780 298 1807; x_wconf 89' lang='lat' dir='ltr'><strong>per</strong></span> <span class='ocrx_word' id='word_1_262' title='bbox 314 1773 399 1807; x_wconf 88' lang='lat' dir='ltr'><strong>ipsum</strong></span> <span class='ocrx_word' id='word_1_263' title='bbox 412 1779 438 1801; x_wconf 93' lang='lat' dir='ltr'><strong>ct</strong></span> <span class='ocrx_word' id='word_1_264' title='bbox 454 1774 480 1800; x_wconf 95' lang='lat' dir='ltr'><strong>in</strong></span> <span class='ocrx_word' id='word_1_265' title='bbox 498 1774 556 1808; x_wconf 87' lang='lat' dir='ltr'><strong>ipso</strong></span> <span class='ocrx_word' id='word_1_266' title='bbox 569 1780 660 1802; x_wconf 88' lang='lat' dir='ltr'><strong>creata</strong></span> <span class='ocrx_word' id='word_1_267' title='bbox 673 1779 758 1802; x_wconf 84' lang='lat' dir='ltr'><strong>sunt:</strong></span> <span class='ocrx_word' id='word_1_268' title='bbox 774 1780 800 1802; x_wconf 90' lang='lat' dir='ltr'><strong>ct</strong></span> <span class='ocrx_word' id='word_1_269' title='bbox 820 1776 877 1810; x_wconf 83' lang='lat' dir='ltr'><strong>ipse</strong></span> <span class='ocrx_word' id='word_1_270' title='bbox 891 1781 933 1803; x_wconf 87' lang='lat' dir='ltr'><strong>est</strong></span> 
     </span>
    </p>
   </div>
   <div class='ocr_carea' id='block_1_40' title="bbox 148 1819 934 1855">
    <p class='ocr_par' dir='ltr' id='par_1_40' title="bbox 148 1819 934 1855">
     <span class='ocr_line' id='line_1_40' title="bbox 148 1819 934 1855; baseline 0.008 -13"><span class='ocrx_word' id='word_1_271' title='bbox 148 1823 325 1845; x_wconf 79' lang='lat' dir='ltr'><strong>nuleomncs.</strong></span> <span class='ocrx_word' id='word_1_272' title='bbox 341 1823 367 1845; x_wconf 86' lang='lat' dir='ltr'><strong>ct</strong></span> <span class='ocrx_word' id='word_1_273' title='bbox 390 1819 480 1846; x_wconf 85' lang='lat' dir='ltr'><strong>omnia</strong></span> <span class='ocrx_word' id='word_1_274' title='bbox 502 1819 528 1846; x_wconf 92' lang='lat' dir='ltr'><strong>in</strong></span> <span class='ocrx_word' id='word_1_275' title='bbox 547 1820 606 1854; x_wconf 87' lang='lat' dir='ltr'><strong>ipso</strong></span> <span class='ocrx_word' id='word_1_276' title='bbox 626 1825 759 1848; x_wconf 86' lang='lat' dir='ltr'><strong>constant.</strong></span> <span class='ocrx_word' id='word_1_277' title='bbox 771 1821 801 1848; x_wconf 87' lang='lat' dir='ltr'><strong>Et</strong></span> <span class='ocrx_word' id='word_1_278' title='bbox 817 1822 872 1855; x_wconf 89' lang='lat' dir='ltr'><strong>ipse</strong></span> <span class='ocrx_word' id='word_1_279' title='bbox 891 1826 934 1849; x_wconf 76' lang='lat' dir='ltr'><strong>cst</strong></span> 
     </span>
    </p>
   </div>
   <div class='ocr_carea' id='block_1_41' title="bbox 148 1864 934 1903">
    <p class='ocr_par' dir='ltr' id='par_1_41' title="bbox 148 1864 934 1903">
     <span class='ocr_line' id='line_1_41' title="bbox 148 1864 934 1903; baseline 0.008 -15"><span class='ocrx_word' id='word_1_280' title='bbox 148 1868 228 1897; x_wconf 74' lang='lat' dir='ltr'><strong>caput</strong></span> <span class='ocrx_word' id='word_1_281' title='bbox 242 1864 361 1898; x_wconf 81' lang='lat' dir='ltr'><strong>corporis</strong></span> <span class='ocrx_word' id='word_1_282' title='bbox 375 1864 510 1897; x_wconf 68' lang='lat' dir='ltr'><strong>Ecclesiae,</strong></span> <span class='ocrx_word' id='word_1_283' title='bbox 527 1867 572 1900; x_wconf 91' lang='lat' dir='ltr'><strong>qui</strong></span> <span class='ocrx_word' id='word_1_284' title='bbox 585 1870 626 1893; x_wconf 82' lang='lat' dir='ltr'><strong>est</strong></span> <span class='ocrx_word' id='word_1_285' title='bbox 645 1867 818 1902; x_wconf 88' lang='lat' dir='ltr'><strong>principium,</strong></span> <span class='ocrx_word' id='word_1_286' title='bbox 833 1868 934 1903; x_wconf 84' lang='lat' dir='ltr'><strong>primo-</strong></span> 
     </span>
    </p>
   </div>
   <div class='ocr_carea' id='block_1_42' title="bbox 148 1906 931 1948">
    <p class='ocr_par' dir='ltr' id='par_1_42' title="bbox 148 1906 931 1948">
     <span class='ocr_line' id='line_1_42' title="bbox 148 1906 931 1948; baseline 0.006 -13"><span class='ocrx_word' id='word_1_287' title='bbox 148 1910 255 1943; x_wconf 63' lang='lat' dir='ltr'><strong>genitus</strong></span> <span class='ocrx_word' id='word_1_288' title='bbox 269 1917 299 1936; x_wconf 83' lang='lat' dir='ltr'><strong>ex</strong></span> <span class='ocrx_word' id='word_1_289' title='bbox 320 1911 450 1944; x_wconf 90' lang='lat' dir='ltr'><strong>mortuis;</strong></span> <span class='ocrx_word' id='word_1_290' title='bbox 464 1906 494 1938; x_wconf 80' lang='lat' dir='ltr'><strong>ut</strong></span> <span class='ocrx_word' id='word_1_291' title='bbox 507 1913 543 1938; x_wconf 86' lang='lat' dir='ltr'><strong>sit</strong></span> <span class='ocrx_word' id='word_1_292' title='bbox 559 1912 586 1938; x_wconf 92' lang='lat' dir='ltr'><strong>in</strong></span> <span class='ocrx_word' id='word_1_293' title='bbox 600 1912 726 1940; x_wconf 86' lang='lat' dir='ltr'><strong>omnibus</strong></span> <span class='ocrx_word' id='word_1_294' title='bbox 757 1913 814 1948; x_wconf 88' lang='lat' dir='ltr'><strong>ipse</strong></span> <span class='ocrx_word' id='word_1_295' title='bbox 828 1914 931 1947; x_wconf 80' lang='lat' dir='ltr'><strong>prium-</strong></span> 
     </span>
    </p>
   </div>
   <div class='ocr_carea' id='block_1_43' title="bbox 150 1955 933 1994">
    <p class='ocr_par' dir='ltr' id='par_1_43' title="bbox 150 1955 933 1994">
     <span class='ocr_line' id='line_1_43' title="bbox 150 1955 933 1994; baseline 0.008 -14"><span class='ocrx_word' id='word_1_296' title='bbox 150 1960 204 1981; x_wconf 82' lang='lat' dir='ltr'><strong>lunt</strong></span> <span class='ocrx_word' id='word_1_297' title='bbox 224 1960 336 1988; x_wconf 81' lang='lat' dir='ltr'><strong>tenens;</strong></span> <span class='ocrx_word' id='word_1_298' title='bbox 353 1955 415 1989; x_wconf 83' lang='lat' dir='ltr'><strong>quia</strong></span> <span class='ocrx_word' id='word_1_299' title='bbox 437 1955 464 1982; x_wconf 94' lang='lat' dir='ltr'><strong>in</strong></span> <span class='ocrx_word' id='word_1_300' title='bbox 486 1956 544 1990; x_wconf 88' lang='lat' dir='ltr'><strong>ipso</strong></span> <span class='ocrx_word' id='word_1_301' title='bbox 561 1957 726 1990; x_wconf 86' lang='lat' dir='ltr'><strong>complacuit</strong></span> <span class='ocrx_word' id='word_1_302' title='bbox 750 1965 858 1986; x_wconf 85' lang='lat' dir='ltr'><strong>onmem</strong></span> <span class='ocrx_word' id='word_1_303' title='bbox 878 1959 933 1994; x_wconf 86' lang='lat' dir='ltr'><strong>ple-</strong></span> 
     </span>
    </p>
   </div>
   <div class='ocr_carea' id='block_1_44' title="bbox 150 2001 933 2036">
    <p class='ocr_par' dir='ltr' id='par_1_44' title="bbox 150 2001 933 2036">
     <span class='ocr_line' id='line_1_44' title="bbox 150 2001 933 2036; baseline 0.006 -10"><span class='ocrx_word' id='word_1_304' title='bbox 150 2001 298 2027; x_wconf 87' lang='lat' dir='ltr'><strong>nitudinem</strong></span> <span class='ocrx_word' id='word_1_305' title='bbox 309 2001 505 2034; x_wconf 86' lang='lat' dir='ltr'><strong>inhabitare,et</strong></span> <span class='ocrx_word' id='word_1_306' title='bbox 516 2009 564 2036; x_wconf 91' lang='lat' dir='ltr'><strong>per</strong></span> <span class='ocrx_word' id='word_1_307' title='bbox 580 2009 641 2029; x_wconf 92' lang='lat' dir='ltr'><strong>eum</strong></span> <span class='ocrx_word' id='word_1_308' title='bbox 657 2003 833 2031; x_wconf 83' lang='lat' dir='ltr'><strong>reconciliare</strong></span> <span class='ocrx_word' id='word_1_309' title='bbox 843 2005 933 2031; x_wconf 89' lang='lat' dir='ltr'><strong>omnia</strong></span> 
     </span>
    </p>
   </div>
   <div class='ocr_carea' id='block_1_45' title="bbox 151 2047 935 2084">
    <p class='ocr_par' dir='ltr' id='par_1_45' title="bbox 151 2047 935 2084">
     <span class='ocr_line' id='line_1_45' title="bbox 151 2047 935 2084; baseline 0.006 -12"><span class='ocrx_word' id='word_1_310' title='bbox 151 2047 177 2072; x_wconf 92' lang='lat' dir='ltr'><strong>iu</strong></span> <span class='ocrx_word' id='word_1_311' title='bbox 192 2047 277 2080; x_wconf 79' lang='lat' dir='ltr'><strong>ipsum</strong></span> <span class='ocrx_word' id='word_1_312' title='bbox 287 2055 293 2073; x_wconf 80' lang='grc' dir='ltr'><strong>ι</strong></span> <span class='ocrx_word' id='word_1_313' title='bbox 304 2047 450 2081; x_wconf 78' lang='lat' dir='ltr'><strong>pacificans</strong></span> <span class='ocrx_word' id='word_1_314' title='bbox 463 2055 510 2081; x_wconf 88' lang='lat' dir='ltr'><strong>per</strong></span> <span class='ocrx_word' id='word_1_315' title='bbox 526 2049 683 2081; x_wconf 72' lang='lat' dir='ltr'><strong>sanguinem</strong></span> <span class='ocrx_word' id='word_1_316' title='bbox 696 2050 785 2077; x_wconf 90' lang='lat' dir='ltr'><strong>crucis</strong></span> <span class='ocrx_word' id='word_1_317' title='bbox 797 2049 866 2084; x_wconf 84' lang='lat' dir='ltr'><strong>ejus,</strong></span> <span class='ocrx_word' id='word_1_318' title='bbox 878 2051 935 2077; x_wconf 87' lang='lat' dir='ltr'><strong>sive</strong></span> 
     </span>
    </p>
   </div>
   <div class='ocr_carea' id='block_1_46' title="bbox 150 2092 934 2127">
    <p class='ocr_par' dir='ltr' id='par_1_46' title="bbox 150 2092 934 2127">
     <span class='ocr_line' id='line_1_46' title="bbox 150 2092 934 2127; baseline 0.008 -12"><span class='ocrx_word' id='word_1_319' title='bbox 150 2099 210 2124; x_wconf 72' lang='lat' dir='ltr'><strong>qum</strong></span> <span class='ocrx_word' id='word_1_320' title='bbox 234 2092 260 2118; x_wconf 88' lang='lat' dir='ltr'><strong>in</strong></span> <span class='ocrx_word' id='word_1_321' title='bbox 290 2092 379 2124; x_wconf 87' lang='lat' dir='ltr'><strong>terris,</strong></span> <span class='ocrx_word' id='word_1_322' title='bbox 405 2092 462 2119; x_wconf 81' lang='lat' dir='ltr'><strong>sive</strong></span> <span class='ocrx_word' id='word_1_323' title='bbox 487 2100 547 2127; x_wconf 65' lang='lat' dir='ltr'><strong>qua:</strong></span> <span class='ocrx_word' id='word_1_324' title='bbox 575 2093 601 2119; x_wconf 88' lang='lat' dir='ltr'><strong>in</strong></span> <span class='ocrx_word' id='word_1_325' title='bbox 633 2094 709 2121; x_wconf 78' lang='lat' dir='ltr'><strong>cmlis</strong></span> <span class='ocrx_word' id='word_1_326' title='bbox 724 2099 787 2121; x_wconf 86' lang='lat' dir='ltr'><strong>sunt</strong></span> <span class='ocrx_word' id='word_1_327' title='bbox 800 2094 821 2122; x_wconf 84' lang='grc'><strong>⁸.</strong></span> <span class='ocrx_word' id='word_1_328' title='bbox 837 2104 846 2120; x_wconf 78' lang='grc' dir='ltr'><strong>ι</strong></span> <span class='ocrx_word' id='word_1_329' title='bbox 866 2095 934 2122; x_wconf 84' lang='lat' dir='ltr'><strong>Ecce</strong></span> 
     </span>
    </p>
   </div>
   <div class='ocr_carea' id='block_1_47' title="bbox 152 2137 935 2175">
    <p class='ocr_par' dir='ltr' id='par_1_47' title="bbox 152 2137 935 2175">
     <span class='ocr_line' id='line_1_47' title="bbox 152 2137 935 2175; baseline 0.005 -11"><span class='ocrx_word' id='word_1_330' title='bbox 152 2138 196 2164; x_wconf 78' lang='lat' dir='ltr'><strong>hic</strong></span> <span class='ocrx_word' id='word_1_331' title='bbox 210 2137 284 2164; x_wconf 89' lang='lat' dir='ltr'><strong>illum</strong></span> <span class='ocrx_word' id='word_1_332' title='bbox 305 2146 398 2165; x_wconf 83' lang='lat' dir='ltr'><strong>rursus</strong></span> <span class='ocrx_word' id='word_1_333' title='bbox 416 2139 617 2172; x_wconf 84' lang='lat' dir='ltr'><strong>imispectabilis</strong></span> <span class='ocrx_word' id='word_1_334' title='bbox 630 2139 675 2167; x_wconf 87' lang='lat' dir='ltr'><strong>Dei</strong></span> <span class='ocrx_word' id='word_1_335' title='bbox 689 2140 832 2174; x_wconf 74' lang='lat' dir='ltr'><strong>imaginem</strong></span> <span class='ocrx_word' id='word_1_336' title='bbox 844 2141 935 2175; x_wconf 84' lang='lat' dir='ltr'><strong>appel-</strong></span> 
     </span>
    </p>
   </div>
   <div class='ocr_carea' id='block_1_48' title="bbox 966 209 1760 248">
    <p class='ocr_par' dir='ltr' id='par_1_48' title="bbox 966 209 1760 248">
     <span class='ocr_line' id='line_1_48' title="bbox 966 209 1760 248; baseline -0.006 -9"><span class='ocrx_word' id='word_1_337' title='bbox 966 212 1076 246; x_wconf 81' lang='grc' dir='ltr'><strong>γλῶσσα</strong></span> <span class='ocrx_word' id='word_1_338' title='bbox 1085 213 1326 248; x_wconf 77' lang='grc' dir='ltr'><strong>ἐξομολογήσηται,</strong></span> <span class='ocrx_word' id='word_1_339' title='bbox 1338 213 1379 239; x_wconf 82' lang='grc' dir='ltr'><strong>ὅτι</strong></span> <span class='ocrx_word' id='word_1_340' title='bbox 1396 211 1499 247; x_wconf 83' lang='grc' dir='ltr'><strong>Κύριος</strong></span> <span class='ocrx_word' id='word_1_341' title='bbox 1515 209 1628 246; x_wconf 81' lang='grc' dir='ltr'><strong>Ἰησοῦς</strong></span> <span class='ocrx_word' id='word_1_342' title='bbox 1646 209 1760 243; x_wconf 76' lang='grc' dir='ltr'><strong>Χριστὸς</strong></span> 
     </span>
    </p>
   </div>
   <div class='ocr_carea' id='block_1_49' title="bbox 967 256 1761 295">
    <p class='ocr_par' dir='ltr' id='par_1_49' title="bbox 967 256 1761 295">
     <span class='ocr_line' id='line_1_49' title="bbox 967 256 1761 295; baseline -0.005 -9"><span class='ocrx_word' id='word_1_343' title='bbox 967 259 1008 290; x_wconf 75' lang='grc' dir='ltr'><strong>εἰς</strong></span> <span class='ocrx_word' id='word_1_344' title='bbox 1020 259 1098 291; x_wconf 79' lang='grc' dir='ltr'><strong>δόξαν</strong></span> <span class='ocrx_word' id='word_1_345' title='bbox 1119 260 1186 286; x_wconf 82' lang='grc' dir='ltr'><strong>Θεοῦ</strong></span> <span class='ocrx_word' id='word_1_346' title='bbox 1209 260 1326 295; x_wconf 74' lang='grc' dir='ltr'><strong>Πατρός.</strong></span> <span class='ocrx_word' id='word_1_347' title='bbox 1338 269 1347 285; x_wconf 75' lang='grc' dir='ltr'><strong>ι</strong></span> <span class='ocrx_word' id='word_1_348' title='bbox 1367 258 1450 290; x_wconf 79' lang='grc' dir='ltr'><strong>Σύνες</strong></span> <span class='ocrx_word' id='word_1_349' title='bbox 1464 259 1541 289; x_wconf 81' lang='grc' dir='ltr'><strong>ὅπως</strong></span> <span class='ocrx_word' id='word_1_350' title='bbox 1556 257 1608 284; x_wconf 77' lang='grc' dir='ltr'><strong>τὸν</strong></span> <span class='ocrx_word' id='word_1_351' title='bbox 1623 256 1658 282; x_wconf 85' lang='grc' dir='ltr'><strong>ὲν</strong></span> <span class='ocrx_word' id='word_1_352' title='bbox 1675 257 1761 290; x_wconf 70' lang='grc' dir='ltr'><strong>μορςῇ</strong></span> 
     </span>
    </p>
   </div>
   <div class='ocr_carea' id='block_1_50' title="bbox 967 302 1763 341">
    <p class='ocr_par' dir='ltr' id='par_1_50' title="bbox 967 302 1763 341">
     <span class='ocr_line' id='line_1_50' title="bbox 967 302 1763 341; baseline -0.003 -10"><span class='ocrx_word' id='word_1_353' title='bbox 967 304 1014 332; x_wconf 78' lang='grc' dir='ltr'><strong>τοῦ</strong></span> <span class='ocrx_word' id='word_1_354' title='bbox 1036 305 1104 332; x_wconf 90' lang='grc' dir='ltr'><strong>Θεοῦ</strong></span> <span class='ocrx_word' id='word_1_355' title='bbox 1129 306 1177 332; x_wconf 75' lang='grc' dir='ltr'><strong>καὶ</strong></span> <span class='ocrx_word' id='word_1_356' title='bbox 1193 306 1299 341; x_wconf 82' lang='grc' dir='ltr'><strong>Πατρὺς</strong></span> <span class='ocrx_word' id='word_1_357' title='bbox 1323 305 1479 341; x_wconf 80' lang='grc' dir='ltr'><strong>ὑπάρχοντα</strong></span> <span class='ocrx_word' id='word_1_358' title='bbox 1503 304 1572 331; x_wconf 82' lang='grc' dir='ltr'><strong>Θεὸν</strong></span> <span class='ocrx_word' id='word_1_359' title='bbox 1597 303 1703 337; x_wconf 81' lang='grc' dir='ltr'><strong>Λόγον,</strong></span> <span class='ocrx_word' id='word_1_360' title='bbox 1719 302 1763 337; x_wconf 71' lang='grc' dir='ltr'><strong>οὐχ</strong></span> 
     </span>
    </p>
   </div>
   <div class='ocr_carea' id='block_1_51' title="bbox 967 347 1764 387">
    <p class='ocr_par' dir='ltr' id='par_1_51' title="bbox 967 347 1764 387">
     <span class='ocr_line' id='line_1_51' title="bbox 967 347 1764 387; baseline -0.005 -9"><span class='ocrx_word' id='word_1_361' title='bbox 967 350 1114 386; x_wconf 77' lang='grc' dir='ltr'><strong>ἁρπαγμὸν</strong></span> <span class='ocrx_word' id='word_1_362' title='bbox 1127 351 1280 387; x_wconf 80' lang='grc' dir='ltr'><strong>ἡγήσασθαί</strong></span> <span class='ocrx_word' id='word_1_363' title='bbox 1293 359 1360 386; x_wconf 86' lang='grc' dir='ltr'><strong>φησι</strong></span> <span class='ocrx_word' id='word_1_364' title='bbox 1375 350 1406 378; x_wconf 79' lang='grc' dir='ltr'><strong>τὸ</strong></span> <span class='ocrx_word' id='word_1_365' title='bbox 1420 348 1491 377; x_wconf 82' lang='grc' dir='ltr'><strong>εἶναι</strong></span> <span class='ocrx_word' id='word_1_366' title='bbox 1505 351 1553 377; x_wconf 77' lang='grc' dir='ltr'><strong>ἴσα</strong></span> <span class='ocrx_word' id='word_1_367' title='bbox 1571 348 1649 384; x_wconf 83' lang='grc' dir='ltr'><strong>Θεῷ.</strong></span> <span class='ocrx_word' id='word_1_368' title='bbox 1677 347 1764 382; x_wconf 83' lang='grc' dir='ltr'><strong>Ἐχων</strong></span> 
     </span>
    </p>
   </div>
   <div class='ocr_carea' id='block_1_52' title="bbox 967 392 1767 431">
    <p class='ocr_par' dir='ltr' id='par_1_52' title="bbox 967 392 1767 431">
     <span class='ocr_line' id='line_1_52' title="bbox 967 392 1767 431; baseline -0.005 -8"><span class='ocrx_word' id='word_1_369' title='bbox 967 395 1022 431; x_wconf 86' lang='grc' dir='ltr'><strong>γὰρ</strong></span> <span class='ocrx_word' id='word_1_370' title='bbox 1036 396 1066 423; x_wconf 88' lang='grc' dir='ltr'><strong>τὺ</strong></span> <span class='ocrx_word' id='word_1_371' title='bbox 1079 394 1150 423; x_wconf 82' lang='grc' dir='ltr'><strong>εἶναι</strong></span> <span class='ocrx_word' id='word_1_372' title='bbox 1163 396 1235 424; x_wconf 74' lang='grc' dir='ltr'><strong>κατὰ</strong></span> <span class='ocrx_word' id='word_1_373' title='bbox 1250 396 1330 431; x_wconf 83' lang='grc' dir='ltr'><strong>φύσιν</strong></span> <span class='ocrx_word' id='word_1_374' title='bbox 1347 396 1376 422; x_wconf 81' lang='grc' dir='ltr'><strong>ὲν</strong></span> <span class='ocrx_word' id='word_1_375' title='bbox 1392 395 1495 430; x_wconf 70' lang='grc' dir='ltr'><strong>ἰσότητι</strong></span> <span class='ocrx_word' id='word_1_376' title='bbox 1508 394 1557 422; x_wconf 86' lang='grc' dir='ltr'><strong>τοῦ</strong></span> <span class='ocrx_word' id='word_1_377' title='bbox 1582 392 1707 429; x_wconf 81' lang='grc' dir='ltr'><strong>Πατρδς,</strong></span> <span class='ocrx_word' id='word_1_378' title='bbox 1720 401 1767 419; x_wconf 70' lang='grc' dir='ltr'><strong>κε-</strong></span> 
     </span>
    </p>
   </div>
   <div class='ocr_carea' id='block_1_53' title="bbox 969 438 1767 476">
    <p class='ocr_par' dir='ltr' id='par_1_53' title="bbox 969 438 1767 476">
     <span class='ocr_line' id='line_1_53' title="bbox 969 438 1767 476; baseline -0.005 -9"><span class='ocrx_word' id='word_1_379' title='bbox 969 441 1086 468; x_wconf 76' lang='grc' dir='ltr'><strong>κένωκεν</strong></span> <span class='ocrx_word' id='word_1_380' title='bbox 1098 441 1204 474; x_wconf 80' lang='grc' dir='ltr'><strong>ἑαυτὸν,</strong></span> <span class='ocrx_word' id='word_1_381' title='bbox 1216 441 1263 468; x_wconf 71' lang='grc' dir='ltr'><strong>καὶ</strong></span> <span class='ocrx_word' id='word_1_382' title='bbox 1278 441 1385 476; x_wconf 81' lang='grc' dir='ltr'><strong>μορφὴν</strong></span> <span class='ocrx_word' id='word_1_383' title='bbox 1395 440 1489 467; x_wconf 83' lang='grc' dir='ltr'><strong>δούλου</strong></span> <span class='ocrx_word' id='word_1_384' title='bbox 1503 439 1609 471; x_wconf 74' lang='grc' dir='ltr'><strong>λαϐὼν,</strong></span> <span class='ocrx_word' id='word_1_385' title='bbox 1622 438 1767 465; x_wconf 73' lang='grc' dir='ltr'><strong>τουτέστιν</strong></span> 
     </span>
    </p>
   </div>
   <div class='ocr_carea' id='block_1_54' title="bbox 969 483 1767 522">
    <p class='ocr_par' dir='ltr' id='par_1_54' title="bbox 969 483 1767 522">
     <span class='ocr_line' id='line_1_54' title="bbox 969 483 1767 522; baseline -0.004 -9"><span class='ocrx_word' id='word_1_386' title='bbox 969 486 1111 522; x_wconf 78' lang='grc' dir='ltr'><strong>ἄνθρωπος</strong></span> <span class='ocrx_word' id='word_1_387' title='bbox 1133 486 1264 521; x_wconf 83' lang='grc' dir='ltr'><strong>γεγονὼς,</strong></span> <span class='ocrx_word' id='word_1_388' title='bbox 1287 486 1336 513; x_wconf 65' lang='grc' dir='ltr'><strong>καὶ</strong></span> <span class='ocrx_word' id='word_1_389' title='bbox 1349 484 1404 513; x_wconf 79' lang='grc' dir='ltr'><strong>οἷον</strong></span> <span class='ocrx_word' id='word_1_390' title='bbox 1419 486 1448 512; x_wconf 77' lang='grc' dir='ltr'><strong>ὲν</strong></span> <span class='ocrx_word' id='word_1_391' title='bbox 1462 485 1528 512; x_wconf 77' lang='grc' dir='ltr'><strong>ετδει</strong></span> <span class='ocrx_word' id='word_1_392' title='bbox 1550 485 1592 520; x_wconf 89' lang='grc' dir='ltr'>τῷ</span> <span class='ocrx_word' id='word_1_393' title='bbox 1609 483 1676 510; x_wconf 87' lang='grc' dir='ltr'><strong>καθ’</strong></span> <span class='ocrx_word' id='word_1_394' title='bbox 1694 484 1767 518; x_wconf 71' lang='grc' dir='ltr'><strong>ἡμᾶς</strong></span> 
     </span>
    </p>
   </div>
   <div class='ocr_carea' id='block_1_55' title="bbox 970 528 1768 568">
    <p class='ocr_par' dir='ltr' id='par_1_55' title="bbox 970 528 1768 568">
     <span class='ocr_line' id='line_1_55' title="bbox 970 528 1768 568; baseline -0.005 -10"><span class='ocrx_word' id='word_1_395' title='bbox 970 531 1101 568; x_wconf 76' lang='grc' dir='ltr'><strong>εὑρεθεὶς,</strong></span> <span class='ocrx_word' id='word_1_396' title='bbox 1115 532 1313 559; x_wconf 72' lang='grc' dir='ltr'><strong>τεταπείνωκεν</strong></span> <span class='ocrx_word' id='word_1_397' title='bbox 1332 531 1428 558; x_wconf 82' lang='grc' dir='ltr'><strong>ἑαυτὸν</strong></span> <span class='ocrx_word' id='word_1_398' title='bbox 1444 532 1483 563; x_wconf 80' lang='grc' dir='ltr'><strong>εἰς</strong></span> <span class='ocrx_word' id='word_1_399' title='bbox 1499 531 1631 558; x_wconf 77' lang='grc' dir='ltr'><strong>κένωσιν.</strong></span> <span class='ocrx_word' id='word_1_400' title='bbox 1653 528 1768 563; x_wconf 73' lang='grc' dir='ltr'><strong>Ἐπειδὴ</strong></span> 
     </span>
    </p>
   </div>
   <div class='ocr_carea' id='block_1_56' title="bbox 971 575 1768 614">
    <p class='ocr_par' dir='ltr' id='par_1_56' title="bbox 971 575 1768 614">
     <span class='ocr_line' id='line_1_56' title="bbox 971 575 1768 614; baseline -0.004 -9"><span class='ocrx_word' id='word_1_401' title='bbox 971 579 1000 605; x_wconf 74' lang='grc' dir='ltr'><strong>δὲ</strong></span> <span class='ocrx_word' id='word_1_402' title='bbox 1022 578 1069 605; x_wconf 74' lang='grc' dir='ltr'><strong>καὶ</strong></span> <span class='ocrx_word' id='word_1_403' title='bbox 1094 578 1173 605; x_wconf 71' lang='grc' dir='ltr'><strong>αὑτὸν</strong></span> <span class='ocrx_word' id='word_1_404' title='bbox 1197 578 1391 614; x_wconf 81' lang='grc' dir='ltr'><strong>ὑπομεμένηκε</strong></span> <span class='ocrx_word' id='word_1_405' title='bbox 1409 579 1454 606; x_wconf 76' lang='grc' dir='ltr'><strong>τδν</strong></span> <span class='ocrx_word' id='word_1_406' title='bbox 1479 578 1610 610; x_wconf 76' lang='grc' dir='ltr'><strong>σταυρὸν,</strong></span> <span class='ocrx_word' id='word_1_407' title='bbox 1639 575 1768 611; x_wconf 72' lang='grc' dir='ltr'><strong>ὑψῶσθαί</strong></span> 
     </span>
    </p>
   </div>
   <div class='ocr_carea' id='block_1_57' title="bbox 971 622 1769 660">
    <p class='ocr_par' dir='ltr' id='par_1_57' title="bbox 971 622 1769 660">
     <span class='ocr_line' id='line_1_57' title="bbox 971 622 1769 660; baseline -0.003 -10"><span class='ocrx_word' id='word_1_408' title='bbox 971 632 1052 658; x_wconf 85' lang='grc' dir='ltr'><strong>φησιν</strong></span> <span class='ocrx_word' id='word_1_409' title='bbox 1066 625 1157 657; x_wconf 78' lang='grc' dir='ltr'><strong>αὐτὸν,</strong></span> <span class='ocrx_word' id='word_1_410' title='bbox 1170 624 1290 651; x_wconf 79' lang='grc' dir='ltr'><strong>δεδόσθαι</strong></span> <span class='ocrx_word' id='word_1_411' title='bbox 1305 624 1334 651; x_wconf 78' lang='grc' dir='ltr'><strong>δὲ</strong></span> <span class='ocrx_word' id='word_1_412' title='bbox 1349 624 1423 660; x_wconf 77' lang='grc' dir='ltr'><strong>αὐτῷ</strong></span> <span class='ocrx_word' id='word_1_413' title='bbox 1437 625 1486 651; x_wconf 72' lang='grc' dir='ltr'><strong>καὶ</strong></span> <span class='ocrx_word' id='word_1_414' title='bbox 1497 624 1527 650; x_wconf 83' lang='grc' dir='ltr'><strong>τὸ</strong></span> <span class='ocrx_word' id='word_1_415' title='bbox 1542 624 1633 658; x_wconf 72' lang='grc' dir='ltr'><strong>ὄνομα</strong></span> <span class='ocrx_word' id='word_1_416' title='bbox 1649 622 1769 656; x_wconf 42' lang='lat' dir='ltr'><strong>causa</strong></span> 
     </span>
    </p>
   </div>
   <div class='ocr_carea' id='block_1_58' title="bbox 971 669 1770 704">
    <p class='ocr_par' dir='ltr' id='par_1_58' title="bbox 971 669 1770 704">
     <span class='ocr_line' id='line_1_58' title="bbox 971 669 1770 704; baseline -0.001 -9"><span class='ocrx_word' id='word_1_417' title='bbox 971 670 1026 696; x_wconf 80' lang='grc' dir='ltr'><strong>πᾶν</strong></span> <span class='ocrx_word' id='word_1_418' title='bbox 1039 669 1138 704; x_wconf 73' lang='grc' dir='ltr'><strong>ὄνομα·</strong></span> <span class='ocrx_word' id='word_1_419' title='bbox 1156 670 1226 697; x_wconf 76' lang='grc' dir='ltr'><strong>ὥστε</strong></span> <span class='ocrx_word' id='word_1_420' title='bbox 1246 671 1293 697; x_wconf 77' lang='grc' dir='ltr'><strong>καὶ</strong></span> <span class='ocrx_word' id='word_1_421' title='bbox 1307 671 1361 697; x_wconf 79' lang='grc' dir='ltr'><strong>πᾶν</strong></span> <span class='ocrx_word' id='word_1_422' title='bbox 1376 670 1440 704; x_wconf 73' lang='grc' dir='ltr'><strong>γόνυ</strong></span> <span class='ocrx_word' id='word_1_423' title='bbox 1458 669 1582 704; x_wconf 71' lang='grc' dir='ltr'><strong>κάμψαι.</strong></span> <span class='ocrx_word' id='word_1_424' title='bbox 1604 669 1656 695; x_wconf 73' lang='grc' dir='ltr'><strong>καὶ</strong></span> <span class='ocrx_word' id='word_1_425' title='bbox 1676 669 1770 695; x_wconf 75' lang='grc' dir='ltr'><strong>πᾶσαν</strong></span> 
     </span>
    </p>
   </div>
   <div class='ocr_carea' id='block_1_59' title="bbox 971 712 1769 751">
    <p class='ocr_par' dir='ltr' id='par_1_59' title="bbox 971 712 1769 751">
     <span class='ocr_line' id='line_1_59' title="bbox 971 712 1769 751; baseline -0.003 -10"><span class='ocrx_word' id='word_1_426' title='bbox 971 714 1046 750; x_wconf 83' lang='grc' dir='ltr'><strong>αὐτῷ</strong></span> <span class='ocrx_word' id='word_1_427' title='bbox 1057 714 1180 748; x_wconf 85' lang='grc' dir='ltr'><strong>γλῶτταν</strong></span> <span class='ocrx_word' id='word_1_428' title='bbox 1194 715 1456 751; x_wconf 75' lang='grc' dir='ltr'><strong>ἐξομολογήσασθαι.</strong></span> <span class='ocrx_word' id='word_1_429' title='bbox 1469 715 1531 746; x_wconf 79' lang='grc' dir='ltr'><strong>Πῶς</strong></span> <span class='ocrx_word' id='word_1_430' title='bbox 1541 712 1590 741; x_wconf 79' lang='grc' dir='ltr'><strong>οὖν</strong></span> <span class='ocrx_word' id='word_1_431' title='bbox 1601 715 1618 740; x_wconf 83' lang='grc' dir='ltr'><strong><em>ὸ</em></strong></span> <span class='ocrx_word' id='word_1_432' title='bbox 1631 714 1662 740; x_wconf 81' lang='grc' dir='ltr'><strong>ὲν</strong></span> <span class='ocrx_word' id='word_1_433' title='bbox 1678 714 1769 748; x_wconf 68' lang='grc' dir='ltr'><strong>μοριῖῇ</strong></span> 
     </span>
    </p>
   </div>
   <div class='ocr_carea' id='block_1_60' title="bbox 972 758 1769 797">
    <p class='ocr_par' dir='ltr' id='par_1_60' title="bbox 972 758 1769 797">
     <span class='ocr_line' id='line_1_60' title="bbox 972 758 1769 797; baseline -0.005 -9"><span class='ocrx_word' id='word_1_434' title='bbox 972 761 1019 787; x_wconf 74' lang='grc' dir='ltr'><strong>καὶ</strong></span> <span class='ocrx_word' id='word_1_435' title='bbox 1035 760 1137 797; x_wconf 70' lang='grc' dir='ltr'><strong>ἰσότητι</strong></span> <span class='ocrx_word' id='word_1_436' title='bbox 1147 761 1195 788; x_wconf 90' lang='grc' dir='ltr'><strong>τοῦ</strong></span> <span class='ocrx_word' id='word_1_437' title='bbox 1207 761 1275 788; x_wconf 85' lang='grc' dir='ltr'><strong>Θεοῦ</strong></span> <span class='ocrx_word' id='word_1_438' title='bbox 1289 761 1394 796; x_wconf 79' lang='grc' dir='ltr'><strong>καθῆκε</strong></span> <span class='ocrx_word' id='word_1_439' title='bbox 1410 761 1459 796; x_wconf 79' lang='grc' dir='ltr'><strong>μὲν</strong></span> <span class='ocrx_word' id='word_1_440' title='bbox 1470 761 1567 787; x_wconf 79' lang='grc' dir='ltr'><strong>ἑαυτὸν</strong></span> <span class='ocrx_word' id='word_1_441' title='bbox 1578 761 1623 791; x_wconf 84' lang='grc' dir='ltr'><strong>εἰς</strong></span> <span class='ocrx_word' id='word_1_442' title='bbox 1637 758 1769 789; x_wconf 77' lang='grc' dir='ltr'><strong>κένωσιν.</strong></span> 
     </span>
    </p>
   </div>
   <div class='ocr_carea' id='block_1_61' title="bbox 975 804 1769 843">
    <p class='ocr_par' dir='ltr' id='par_1_61' title="bbox 975 804 1769 843">
     <span class='ocr_line' id='line_1_61' title="bbox 975 804 1769 843; baseline -0.004 -9"><span class='ocrx_word' id='word_1_443' title='bbox 975 806 1098 842; x_wconf 80' lang='grc' dir='ltr'><strong>ὑψῶσθαι</strong></span> <span class='ocrx_word' id='word_1_444' title='bbox 1113 807 1142 834; x_wconf 82' lang='grc' dir='ltr'><strong>δὲ</strong></span> <span class='ocrx_word' id='word_1_445' title='bbox 1161 807 1231 843; x_wconf 80' lang='grc' dir='ltr'><strong>μετὰ</strong></span> <span class='ocrx_word' id='word_1_446' title='bbox 1253 807 1335 834; x_wconf 87' lang='grc' dir='ltr'><strong>τοῦτο</strong></span> <span class='ocrx_word' id='word_1_447' title='bbox 1355 807 1463 841; x_wconf 85' lang='grc' dir='ltr'><strong>λέγεται</strong></span> <span class='ocrx_word' id='word_1_448' title='bbox 1475 815 1483 840; x_wconf 86' lang='lat'><strong>;</strong></span> <span class='ocrx_word' id='word_1_449' title='bbox 1496 804 1562 842; x_wconf 67' lang='grc' dir='ltr'><strong>Ἀρ*</strong></span> <span class='ocrx_word' id='word_1_450' title='bbox 1575 805 1643 840; x_wconf 77' lang='grc' dir='ltr'><strong>οὐχὶ</strong></span> <span class='ocrx_word' id='word_1_451' title='bbox 1665 804 1769 840; x_wconf 77' lang='grc' dir='ltr'><strong>προδη-</strong></span> 
     </span>
    </p>
   </div>
   <div class='ocr_carea' id='block_1_62' title="bbox 972 851 1771 890">
    <p class='ocr_par' dir='ltr' id='par_1_62' title="bbox 972 851 1771 890">
     <span class='ocr_line' id='line_1_62' title="bbox 972 851 1771 890; baseline -0.006 -8"><span class='ocrx_word' id='word_1_452' title='bbox 972 854 1083 888; x_wconf 38' lang='grc' dir='ltr'><strong>λόταιτον</strong></span> <span class='ocrx_word' id='word_1_453' title='bbox 1102 855 1133 881; x_wconf 80' lang='grc' dir='ltr'><strong>τὸ</strong></span> <span class='ocrx_word' id='word_1_454' title='bbox 1157 854 1204 881; x_wconf 84' lang='grc' dir='ltr'><strong>τοῦ</strong></span> <span class='ocrx_word' id='word_1_455' title='bbox 1228 854 1536 890; x_wconf 15' lang='grc' dir='ltr'><strong>Χριστοῦμμυστήριονς</strong></span> <span class='ocrx_word' id='word_1_456' title='bbox 1560 852 1631 883; x_wconf 84' lang='grc' dir='ltr'><strong>Θεδς</strong></span> <span class='ocrx_word' id='word_1_457' title='bbox 1648 851 1708 886; x_wconf 77' lang='grc' dir='ltr'><strong>γὰρ</strong></span> <span class='ocrx_word' id='word_1_458' title='bbox 1732 851 1771 877; x_wconf 79' lang='grc' dir='ltr'><strong>ὧν</strong></span> 
     </span>
    </p>
   </div>
   <div class='ocr_carea' id='block_1_63' title="bbox 974 898 1772 936">
    <p class='ocr_par' dir='ltr' id='par_1_63' title="bbox 974 898 1772 936">
     <span class='ocr_line' id='line_1_63' title="bbox 974 898 1772 936; baseline -0.005 -9"><span class='ocrx_word' id='word_1_459' title='bbox 974 900 1066 936; x_wconf 80' lang='grc' dir='ltr'><strong>φύσει,</strong></span> <span class='ocrx_word' id='word_1_460' title='bbox 1082 900 1194 935; x_wconf 79' lang='grc' dir='ltr'><strong>γέγονεν</strong></span> <span class='ocrx_word' id='word_1_461' title='bbox 1208 900 1350 936; x_wconf 80' lang='grc' dir='ltr'><strong>ἅνθρωπος</strong></span> <span class='ocrx_word' id='word_1_462' title='bbox 1363 900 1393 926; x_wconf 65' lang='grc' dir='ltr'><strong>ἐν</strong></span> <span class='ocrx_word' id='word_1_463' title='bbox 1412 899 1576 926; x_wconf 83' lang='grc' dir='ltr'><strong>ταπεινώσει</strong></span> <span class='ocrx_word' id='word_1_464' title='bbox 1584 898 1636 925; x_wconf 80' lang='grc' dir='ltr'><strong>καὶ</strong></span> <span class='ocrx_word' id='word_1_465' title='bbox 1652 905 1772 932; x_wconf 61' lang='grc' dir='ltr'><strong>σμικροί</strong></span> 
     </span>
    </p>
   </div>
   <div class='ocr_carea' id='block_1_64' title="bbox 975 942 1772 982">
    <p class='ocr_par' dir='ltr' id='par_1_64' title="bbox 975 942 1772 982">
     <span class='ocr_line' id='line_1_64' title="bbox 975 942 1772 982; baseline -0.008 -8"><span class='ocrx_word' id='word_1_466' title='bbox 975 947 1106 982; x_wconf 69' lang='grc' dir='ltr'><strong>πρεπεία.</strong></span> <span class='ocrx_word' id='word_1_467' title='bbox 1122 946 1245 981; x_wconf 82' lang='grc' dir='ltr'><strong>Γεγονὼς</strong></span> <span class='ocrx_word' id='word_1_468' title='bbox 1261 947 1289 974; x_wconf 85' lang='grc' dir='ltr'><strong>δὲ</strong></span> <span class='ocrx_word' id='word_1_469' title='bbox 1305 946 1366 973; x_wconf 77' lang='grc' dir='ltr'><strong>καθ’</strong></span> <span class='ocrx_word' id='word_1_470' title='bbox 1380 947 1467 981; x_wconf 77' lang='grc' dir='ltr'><strong>ἡμᾶς,</strong></span> <span class='ocrx_word' id='word_1_471' title='bbox 1483 946 1524 976; x_wconf 86' lang='grc' dir='ltr'><strong>εἰς</strong></span> <span class='ocrx_word' id='word_1_472' title='bbox 1538 945 1589 980; x_wconf 79' lang='grc' dir='ltr'><strong>τὴν</strong></span> <span class='ocrx_word' id='word_1_473' title='bbox 1609 942 1772 975; x_wconf 63' lang='grc' dir='ltr'><strong>ἑαυτοῦ»ρὰ</strong></span> 
     </span>
    </p>
   </div>
   <div class='ocr_carea' id='block_1_65' title="bbox 976 988 1774 1028">
    <p class='ocr_par' dir='ltr' id='par_1_65' title="bbox 976 988 1774 1028">
     <span class='ocr_line' id='line_1_65' title="bbox 976 988 1774 1028; baseline -0.006 -9"><span class='ocrx_word' id='word_1_474' title='bbox 976 991 1023 1025; x_wconf 81' lang='grc' dir='ltr'><strong>ξαν</strong></span> <span class='ocrx_word' id='word_1_475' title='bbox 1044 993 1177 1028; x_wconf 78' lang='grc' dir='ltr'><strong>ἁναφριτᾷ</strong></span> <span class='ocrx_word' id='word_1_476' title='bbox 1199 993 1246 1019; x_wconf 78' lang='grc' dir='ltr'><strong>καὶ</strong></span> <span class='ocrx_word' id='word_1_477' title='bbox 1264 991 1333 1027; x_wconf 82' lang='grc' dir='ltr'><strong>μετὰ</strong></span> <span class='ocrx_word' id='word_1_478' title='bbox 1350 991 1461 1027; x_wconf 81' lang='grc' dir='ltr'><strong>σαρκός.</strong></span> <span class='ocrx_word' id='word_1_479' title='bbox 1483 990 1540 1018; x_wconf 71' lang='grc' dir='ltr'><strong>Καὶ</strong></span> <span class='ocrx_word' id='word_1_480' title='bbox 1560 989 1667 1026; x_wconf 79' lang='grc' dir='ltr'><strong>πρέποι</strong></span> <span class='ocrx_word' id='word_1_481' title='bbox 1684 988 1719 1015; x_wconf 78' lang='grc' dir='ltr'><strong>ἂν</strong></span> <span class='ocrx_word' id='word_1_482' title='bbox 1741 988 1774 1014; x_wconf 72' lang='grc' dir='ltr'><strong>τὸ</strong></span> 
     </span>
    </p>
   </div>
   <div class='ocr_carea' id='block_1_66' title="bbox 975 1035 1774 1074">
    <p class='ocr_par' dir='ltr' id='par_1_66' title="bbox 975 1035 1774 1074">
     <span class='ocr_line' id='line_1_66' title="bbox 975 1035 1774 1074; baseline -0.006 -9"><span class='ocrx_word' id='word_1_483' title='bbox 975 1038 1108 1072; x_wconf 77' lang='grc' dir='ltr'><strong>ὑψοῦσθαι</strong></span> <span class='ocrx_word' id='word_1_484' title='bbox 1124 1039 1156 1074; x_wconf 83' lang='grc' dir='ltr'><strong>τῇ</strong></span> <span class='ocrx_word' id='word_1_485' title='bbox 1174 1037 1325 1073; x_wconf 75' lang='grc' dir='ltr'><strong>οἰκονομίᾳ,</strong></span> <span class='ocrx_word' id='word_1_486' title='bbox 1348 1037 1396 1064; x_wconf 81' lang='grc' dir='ltr'><strong>καὶ</strong></span> <span class='ocrx_word' id='word_1_487' title='bbox 1419 1037 1449 1064; x_wconf 77' lang='grc' dir='ltr'><strong>οὐ</strong></span> <span class='ocrx_word' id='word_1_488' title='bbox 1464 1037 1496 1072; x_wconf 80' lang='grc' dir='ltr'><strong>δὴ</strong></span> <span class='ocrx_word' id='word_1_489' title='bbox 1518 1036 1623 1072; x_wconf 79' lang='grc' dir='ltr'><strong>μᾶλλον</strong></span> <span class='ocrx_word' id='word_1_490' title='bbox 1646 1035 1721 1070; x_wconf 74' lang='grc' dir='ltr'><strong>αὐτῇ</strong></span> <span class='ocrx_word' id='word_1_491' title='bbox 1738 1035 1774 1069; x_wconf 71' lang='grc' dir='ltr'><strong>τῇ</strong></span> 
     </span>
    </p>
   </div>
   <div class='ocr_carea' id='block_1_67' title="bbox 976 1080 1775 1120">
    <p class='ocr_par' dir='ltr' id='par_1_67' title="bbox 976 1080 1775 1120">
     <span class='ocr_line' id='line_1_67' title="bbox 976 1080 1775 1120; baseline -0.006 -10"><span class='ocrx_word' id='word_1_492' title='bbox 976 1083 1056 1120; x_wconf 78' lang='grc' dir='ltr'><strong>φύσει</strong></span> <span class='ocrx_word' id='word_1_493' title='bbox 1070 1084 1117 1110; x_wconf 82' lang='grc' dir='ltr'><strong>τοῦ</strong></span> <span class='ocrx_word' id='word_1_494' title='bbox 1134 1084 1225 1118; x_wconf 84' lang='grc' dir='ltr'><strong>λόγου.</strong></span> <span class='ocrx_word' id='word_1_495' title='bbox 1241 1081 1289 1115; x_wconf 80' lang='grc' dir='ltr'><strong>Εἷς</strong></span> <span class='ocrx_word' id='word_1_496' title='bbox 1306 1080 1352 1111; x_wconf 81' lang='grc' dir='ltr'><strong>οὖν</strong></span> <span class='ocrx_word' id='word_1_497' title='bbox 1372 1082 1427 1118; x_wconf 83' lang='grc' dir='ltr'><strong>ἄρα</strong></span> <span class='ocrx_word' id='word_1_498' title='bbox 1442 1082 1562 1118; x_wconf 76' lang='grc' dir='ltr'><strong>Χριστὸς</strong></span> <span class='ocrx_word' id='word_1_499' title='bbox 1585 1081 1656 1113; x_wconf 76' lang='grc' dir='ltr'><strong>Θεὸς</strong></span> <span class='ocrx_word' id='word_1_500' title='bbox 1678 1081 1710 1106; x_wconf 78' lang='grc' dir='ltr'><strong>ὲν</strong></span> <span class='ocrx_word' id='word_1_501' title='bbox 1724 1080 1775 1106; x_wconf 60' lang='grc' dir='ltr'><strong>ἀντ</strong></span> 
     </span>
    </p>
   </div>
   <div class='ocr_carea' id='block_1_68' title="bbox 977 1127 1775 1166">
    <p class='ocr_par' dir='ltr' id='par_1_68' title="bbox 977 1127 1775 1166">
     <span class='ocr_line' id='line_1_68' title="bbox 977 1127 1775 1166; baseline -0.003 -9"><span class='ocrx_word' id='word_1_502' title='bbox 977 1130 1148 1166; x_wconf 82' lang='grc' dir='ltr'><strong>θρωπότητι,</strong></span> <span class='ocrx_word' id='word_1_503' title='bbox 1170 1130 1218 1156; x_wconf 71' lang='grc' dir='ltr'><strong>καὶ</strong></span> <span class='ocrx_word' id='word_1_504' title='bbox 1243 1129 1312 1165; x_wconf 74' lang='grc' dir='ltr'><strong>μετὰ</strong></span> <span class='ocrx_word' id='word_1_505' title='bbox 1332 1129 1381 1165; x_wconf 81' lang='grc' dir='ltr'><strong>τῆς</strong></span> <span class='ocrx_word' id='word_1_506' title='bbox 1402 1128 1615 1164; x_wconf 82' lang='grc' dir='ltr'><strong>ἀνθρωπότητος</strong></span> <span class='ocrx_word' id='word_1_507' title='bbox 1638 1127 1775 1162; x_wconf 63' lang='grc' dir='ltr'><strong>ὑπάρχεινν</strong></span> 
     </span>
    </p>
   </div>
   <div class='ocr_carea' id='block_1_69' title="bbox 976 1174 1050 1212">
    <p class='ocr_par' dir='ltr' id='par_1_69' title="bbox 976 1174 1050 1212">
     <span class='ocr_line' id='line_1_69' title="bbox 976 1174 1050 1212; baseline 0.027 -10"><span class='ocrx_word' id='word_1_508' title='bbox 976 1176 990 1202; x_wconf 78' lang='grc' dir='ltr'>δ</span> <span class='ocrx_word' id='word_1_509' title='bbox 1006 1174 1050 1212; x_wconf 80' lang='grc' dir='ltr'><strong>ἦν.</strong></span> 
     </span>
    </p>
   </div>
   <div class='ocr_carea' id='block_1_70' title="bbox 1159 1314 1589 1351">
    <p class='ocr_par' dir='ltr' id='par_1_70' title="bbox 1159 1314 1589 1351">
     <span class='ocr_line' id='line_1_70' title="bbox 1159 1314 1589 1351; baseline -0.009 -7"><span class='ocrx_word' id='word_1_510' title='bbox 1159 1317 1207 1344; x_wconf 80' lang='grc' dir='ltr'><strong>Ἐκ</strong></span> <span class='ocrx_word' id='word_1_511' title='bbox 1223 1317 1279 1350; x_wconf 80' lang='grc' dir='ltr'><strong>τῆς</strong></span> <span class='ocrx_word' id='word_1_512' title='bbox 1295 1316 1372 1351; x_wconf 73' lang='grc' dir='ltr'><strong>πρὸς</strong></span> <span class='ocrx_word' id='word_1_513' title='bbox 1388 1314 1589 1348; x_wconf 75' lang='grc' dir='ltr'><strong>Κολασσαεῖς.</strong></span> 
     </span>
    </p>
   </div>
   <div class='ocr_carea' id='block_1_71' title="bbox 1016 1360 1774 1399">
    <p class='ocr_par' dir='ltr' id='par_1_71' title="bbox 1016 1360 1774 1399">
     <span class='ocr_line' id='line_1_71' title="bbox 1016 1360 1774 1399; baseline -0.008 -8"><span class='ocrx_word' id='word_1_514' title='bbox 1016 1373 1025 1390; x_wconf 75' lang='grc' dir='ltr'><strong>ι</strong></span> <span class='ocrx_word' id='word_1_515' title='bbox 1042 1363 1285 1399; x_wconf 79' lang='grc' dir='ltr'><strong>Εὐχαριστοῦντες,</strong></span> <span class='ocrx_word' id='word_1_516' title='bbox 1299 1363 1375 1398; x_wconf 76' lang='grc' dir='ltr'><strong>φησὶ,</strong></span> <span class='ocrx_word' id='word_1_517' title='bbox 1393 1361 1431 1397; x_wconf 83' lang='grc' dir='ltr'><strong>τῷ</strong></span> <span class='ocrx_word' id='word_1_518' title='bbox 1446 1361 1535 1398; x_wconf 79' lang='grc' dir='ltr'><strong>Πατρὶ</strong></span> <span class='ocrx_word' id='word_1_519' title='bbox 1549 1360 1589 1396; x_wconf 88' lang='grc' dir='ltr'><strong>τῷ</strong></span> <span class='ocrx_word' id='word_1_520' title='bbox 1605 1360 1774 1387; x_wconf 70' lang='grc' dir='ltr'><strong>ἱκανώσαντι</strong></span> 
     </span>
    </p>
   </div>
   <div class='ocr_carea' id='block_1_72' title="bbox 978 1406 1773 1447">
    <p class='ocr_par' dir='ltr' id='par_1_72' title="bbox 978 1406 1773 1447">
     <span class='ocr_line' id='line_1_72' title="bbox 978 1406 1773 1447; baseline -0.006 -9"><span class='ocrx_word' id='word_1_521' title='bbox 978 1412 1052 1447; x_wconf 81' lang='grc' dir='ltr'><strong>ἡμᾶς</strong></span> <span class='ocrx_word' id='word_1_522' title='bbox 1075 1412 1114 1442; x_wconf 81' lang='grc' dir='ltr'><strong>εἰς</strong></span> <span class='ocrx_word' id='word_1_523' title='bbox 1136 1411 1186 1445; x_wconf 84' lang='grc' dir='ltr'><strong>τὴν</strong></span> <span class='ocrx_word' id='word_1_524' title='bbox 1204 1410 1300 1445; x_wconf 81' lang='grc' dir='ltr'><strong>μερίδα</strong></span> <span class='ocrx_word' id='word_1_525' title='bbox 1316 1409 1363 1435; x_wconf 84' lang='grc' dir='ltr'><strong>τοῦ</strong></span> <span class='ocrx_word' id='word_1_526' title='bbox 1380 1409 1482 1444; x_wconf 83' lang='grc' dir='ltr'>κλήρου</span> <span class='ocrx_word' id='word_1_527' title='bbox 1504 1407 1559 1434; x_wconf 82' lang='grc' dir='ltr'><strong>τῶν</strong></span> <span class='ocrx_word' id='word_1_528' title='bbox 1575 1407 1668 1441; x_wconf 81' lang='grc' dir='ltr'>ἁγίων</span> <span class='ocrx_word' id='word_1_529' title='bbox 1690 1408 1721 1433; x_wconf 83' lang='grc' dir='ltr'><strong>ὲν</strong></span> <span class='ocrx_word' id='word_1_530' title='bbox 1735 1406 1773 1441; x_wconf 76' lang='grc' dir='ltr'><strong>τῷ</strong></span> 
     </span>
    </p>
   </div>
   <div class='ocr_carea' id='block_1_73' title="bbox 979 1451 1772 1491">
    <p class='ocr_par' dir='ltr' id='par_1_73' title="bbox 979 1451 1772 1491">
     <span class='ocr_line' id='line_1_73' title="bbox 979 1451 1772 1491; baseline -0.005 -9"><span class='ocrx_word' id='word_1_531' title='bbox 979 1455 1066 1490; x_wconf 67' lang='grc' dir='ltr'><strong>φωτί*</strong></span> <span class='ocrx_word' id='word_1_532' title='bbox 1085 1456 1114 1487; x_wconf 84' lang='grc' dir='ltr'><strong>ὃς</strong></span> <span class='ocrx_word' id='word_1_533' title='bbox 1131 1454 1264 1491; x_wconf 71' lang='grc' dir='ltr'><strong>ἐρρύσατο</strong></span> <span class='ocrx_word' id='word_1_534' title='bbox 1278 1455 1351 1489; x_wconf 81' lang='grc' dir='ltr'><strong>ἡμᾶς</strong></span> <span class='ocrx_word' id='word_1_535' title='bbox 1366 1455 1398 1480; x_wconf 82' lang='grc' dir='ltr'><strong>ὲκ</strong></span> <span class='ocrx_word' id='word_1_536' title='bbox 1418 1453 1467 1488; x_wconf 85' lang='grc' dir='ltr'><strong>τῆς</strong></span> <span class='ocrx_word' id='word_1_537' title='bbox 1495 1453 1623 1485; x_wconf 72' lang='grc' dir='ltr'><strong>ἐξουσίας</strong></span> <span class='ocrx_word' id='word_1_538' title='bbox 1642 1452 1692 1479; x_wconf 83' lang='grc' dir='ltr'><strong>τοῦ</strong></span> <span class='ocrx_word' id='word_1_539' title='bbox 1711 1451 1772 1478; x_wconf 78' lang='grc' dir='ltr'><strong>ο·κὸ-</strong></span> 
     </span>
    </p>
   </div>
   <div class='ocr_carea' id='block_1_74' title="bbox 979 1497 1775 1536">
    <p class='ocr_par' dir='ltr' id='par_1_74' title="bbox 979 1497 1775 1536">
     <span class='ocr_line' id='line_1_74' title="bbox 979 1497 1775 1536; baseline -0.009 -7"><span class='ocrx_word' id='word_1_540' title='bbox 979 1501 1106 1535; x_wconf 82' lang='grc' dir='ltr'><strong>τους,καὶ</strong></span> <span class='ocrx_word' id='word_1_541' title='bbox 1124 1500 1289 1536; x_wconf 79' lang='grc' dir='ltr'><strong>μετέστησεν</strong></span> <span class='ocrx_word' id='word_1_542' title='bbox 1303 1501 1342 1531; x_wconf 76' lang='grc' dir='ltr'><strong>εἰς</strong></span> <span class='ocrx_word' id='word_1_543' title='bbox 1355 1499 1406 1535; x_wconf 79' lang='grc' dir='ltr'><strong>τὴν</strong></span> <span class='ocrx_word' id='word_1_544' title='bbox 1423 1498 1562 1534; x_wconf 85' lang='grc' dir='ltr'><strong>βασιλειαν</strong></span> <span class='ocrx_word' id='word_1_545' title='bbox 1577 1497 1625 1524; x_wconf 83' lang='grc' dir='ltr'><strong>τοῦ</strong></span> <span class='ocrx_word' id='word_1_546' title='bbox 1641 1497 1710 1524; x_wconf 83' lang='grc' dir='ltr'><strong>Υἰοῦ</strong></span> <span class='ocrx_word' id='word_1_547' title='bbox 1726 1497 1775 1532; x_wconf 79' lang='grc' dir='ltr'><strong>τῆς</strong></span> 
     </span>
    </p>
   </div>
   <div class='ocr_carea' id='block_1_75' title="bbox 980 1541 1775 1582">
    <p class='ocr_par' dir='ltr' id='par_1_75' title="bbox 980 1541 1775 1582">
     <span class='ocr_line' id='line_1_75' title="bbox 980 1541 1775 1582; baseline -0.008 -8"><span class='ocrx_word' id='word_1_548' title='bbox 980 1547 1092 1582; x_wconf 79' lang='grc' dir='ltr'><strong>ἀγάπης</strong></span> <span class='ocrx_word' id='word_1_549' title='bbox 1114 1546 1210 1578; x_wconf 84' lang='grc' dir='ltr'><strong>αὑτοῦ,</strong></span> <span class='ocrx_word' id='word_1_550' title='bbox 1235 1546 1263 1572; x_wconf 79' lang='grc' dir='ltr'><strong>ὲν</strong></span> <span class='ocrx_word' id='word_1_551' title='bbox 1278 1541 1301 1579; x_wconf 82' lang='grc' dir='ltr'>ᾧ</span> <span class='ocrx_word' id='word_1_552' title='bbox 1322 1545 1420 1580; x_wconf 75' lang='grc' dir='ltr'><strong>ἔχομεν</strong></span> <span class='ocrx_word' id='word_1_553' title='bbox 1440 1545 1490 1580; x_wconf 82' lang='grc' dir='ltr'><strong>τὴν</strong></span> <span class='ocrx_word' id='word_1_554' title='bbox 1505 1543 1712 1578; x_wconf 74' lang='grc' dir='ltr'><strong>ἀπολύτρωσιν,</strong></span> <span class='ocrx_word' id='word_1_555' title='bbox 1727 1542 1775 1577; x_wconf 70' lang='grc' dir='ltr'><strong>τὴν</strong></span> 
     </span>
    </p>
   </div>
   <div class='ocr_carea' id='block_1_76' title="bbox 981 1588 1778 1628">
    <p class='ocr_par' dir='ltr' id='par_1_76' title="bbox 981 1588 1778 1628">
     <span class='ocr_line' id='line_1_76' title="bbox 981 1588 1778 1628; baseline -0.008 -8"><span class='ocrx_word' id='word_1_556' title='bbox 981 1593 1078 1628; x_wconf 78' lang='grc' dir='ltr'><strong>ἄφεσιν</strong></span> <span class='ocrx_word' id='word_1_557' title='bbox 1097 1592 1151 1620; x_wconf 83' lang='grc' dir='ltr'><strong>τῶν</strong></span> <span class='ocrx_word' id='word_1_558' title='bbox 1170 1592 1310 1628; x_wconf 82' lang='grc' dir='ltr'><strong>ἁμαρτιῶν</strong></span> <span class='ocrx_word' id='word_1_559' title='bbox 1320 1600 1327 1607; x_wconf 86' lang='grc'><strong>·</strong></span> <span class='ocrx_word' id='word_1_560' title='bbox 1342 1592 1372 1623; x_wconf 83' lang='grc' dir='ltr'><strong>ὃς</strong></span> <span class='ocrx_word' id='word_1_561' title='bbox 1387 1592 1462 1618; x_wconf 80' lang='grc' dir='ltr'><strong>ἐστιν</strong></span> <span class='ocrx_word' id='word_1_562' title='bbox 1478 1589 1562 1617; x_wconf 76' lang='grc' dir='ltr'><strong>εἰκὼν</strong></span> <span class='ocrx_word' id='word_1_563' title='bbox 1576 1589 1631 1616; x_wconf 70' lang='grc' dir='ltr'><strong>τοῦ</strong></span> <span class='ocrx_word' id='word_1_564' title='bbox 1641 1589 1713 1616; x_wconf 83' lang='grc' dir='ltr'><strong>Θεοῦ</strong></span> <span class='ocrx_word' id='word_1_565' title='bbox 1728 1588 1778 1618; x_wconf 72' lang='grc' dir='ltr'><strong>τοῦ,</strong></span> 
     </span>
    </p>
   </div>
   <div class='ocr_carea' id='block_1_77' title="bbox 981 1635 1775 1675">
    <p class='ocr_par' dir='ltr' id='par_1_77' title="bbox 981 1635 1775 1675">
     <span class='ocr_line' id='line_1_77' title="bbox 981 1635 1775 1675; baseline -0.006 -9"><span class='ocrx_word' id='word_1_566' title='bbox 981 1639 1109 1675; x_wconf 77' lang='grc' dir='ltr'><strong>ἀοράτου,</strong></span> <span class='ocrx_word' id='word_1_567' title='bbox 1130 1638 1302 1674; x_wconf 83' lang='grc' dir='ltr'><strong>πρωτότοκος</strong></span> <span class='ocrx_word' id='word_1_568' title='bbox 1322 1637 1412 1672; x_wconf 77' lang='grc' dir='ltr'><strong>πάσης</strong></span> <span class='ocrx_word' id='word_1_569' title='bbox 1427 1637 1553 1668; x_wconf 73' lang='grc' dir='ltr'><strong>κτίσεως.</strong></span> <span class='ocrx_word' id='word_1_570' title='bbox 1567 1636 1631 1662; x_wconf 81' lang='grc' dir='ltr'><strong>Ὀτι</strong></span> <span class='ocrx_word' id='word_1_571' title='bbox 1647 1636 1678 1662; x_wconf 81' lang='grc' dir='ltr'><strong>ὲν</strong></span> <span class='ocrx_word' id='word_1_572' title='bbox 1701 1635 1775 1670; x_wconf 84' lang='grc' dir='ltr'><strong>αὒτῷ</strong></span> 
     </span>
    </p>
   </div>
   <div class='ocr_carea' id='block_1_78' title="bbox 981 1681 1775 1720">
    <p class='ocr_par' dir='ltr' id='par_1_78' title="bbox 981 1681 1775 1720">
     <span class='ocr_line' id='line_1_78' title="bbox 981 1681 1775 1720; baseline -0.005 -9"><span class='ocrx_word' id='word_1_573' title='bbox 981 1684 1093 1720; x_wconf 76' lang='grc' dir='ltr'><strong>ἐκτίσθη</strong></span> <span class='ocrx_word' id='word_1_574' title='bbox 1108 1685 1144 1711; x_wconf 82' lang='grc' dir='ltr'><strong>τὰ</strong></span> <span class='ocrx_word' id='word_1_575' title='bbox 1157 1683 1246 1711; x_wconf 85' lang='grc' dir='ltr'><strong>πάντα</strong></span> <span class='ocrx_word' id='word_1_576' title='bbox 1260 1684 1290 1710; x_wconf 82' lang='grc' dir='ltr'><strong>ἐν</strong></span> <span class='ocrx_word' id='word_1_577' title='bbox 1303 1683 1342 1719; x_wconf 86' lang='grc' dir='ltr'><strong>τῷ</strong></span> <span class='ocrx_word' id='word_1_578' title='bbox 1358 1682 1465 1719; x_wconf 81' lang='grc' dir='ltr'><strong>οὐρανῷ</strong></span> <span class='ocrx_word' id='word_1_579' title='bbox 1479 1682 1528 1709; x_wconf 73' lang='grc' dir='ltr'><strong>καὶ</strong></span> <span class='ocrx_word' id='word_1_580' title='bbox 1541 1681 1588 1708; x_wconf 76' lang='grc' dir='ltr'><strong>ἐπὶ</strong></span> <span class='ocrx_word' id='word_1_581' title='bbox 1600 1682 1652 1717; x_wconf 84' lang='grc' dir='ltr'><strong>τῆς</strong></span> <span class='ocrx_word' id='word_1_582' title='bbox 1666 1681 1729 1716; x_wconf 78' lang='grc' dir='ltr'><strong>γῆς,</strong></span> <span class='ocrx_word' id='word_1_583' title='bbox 1741 1681 1775 1708; x_wconf 67' lang='grc' dir='ltr'><strong>τὰ</strong></span> 
     </span>
    </p>
   </div>
   <div class='ocr_carea' id='block_1_79' title="bbox 982 1727 1775 1766">
    <p class='ocr_par' dir='ltr' id='par_1_79' title="bbox 982 1727 1775 1766">
     <span class='ocr_line' id='line_1_79' title="bbox 982 1727 1775 1766; baseline -0.006 -8"><span class='ocrx_word' id='word_1_584' title='bbox 982 1731 1068 1766; x_wconf 80' lang='grc' dir='ltr'><strong>ὁρατά</strong></span> <span class='ocrx_word' id='word_1_585' title='bbox 1083 1730 1130 1757; x_wconf 81' lang='grc' dir='ltr'><strong>καὶ</strong></span> <span class='ocrx_word' id='word_1_586' title='bbox 1144 1730 1180 1756; x_wconf 79' lang='grc' dir='ltr'><strong>τὰ</strong></span> <span class='ocrx_word' id='word_1_587' title='bbox 1193 1729 1307 1765; x_wconf 83' lang='grc' dir='ltr'><strong>ἀόρατα,</strong></span> <span class='ocrx_word' id='word_1_588' title='bbox 1321 1729 1376 1756; x_wconf 80' lang='grc' dir='ltr'><strong>εἴτε</strong></span> <span class='ocrx_word' id='word_1_589' title='bbox 1392 1729 1499 1764; x_wconf 80' lang='grc' dir='ltr'><strong>Θρὸνοι,</strong></span> <span class='ocrx_word' id='word_1_590' title='bbox 1521 1729 1576 1755; x_wconf 72' lang='grc' dir='ltr'><strong>εἴτε</strong></span> <span class='ocrx_word' id='word_1_591' title='bbox 1589 1727 1775 1763; x_wconf 74' lang='grc' dir='ltr'><strong>κυριότητες,</strong></span> 
     </span>
    </p>
   </div>
   <div class='ocr_carea' id='block_1_80' title="bbox 982 1772 1774 1811">
    <p class='ocr_par' dir='ltr' id='par_1_80' title="bbox 982 1772 1774 1811">
     <span class='ocr_line' id='line_1_80' title="bbox 982 1772 1774 1811; baseline -0.003 -8"><span class='ocrx_word' id='word_1_592' title='bbox 982 1776 1038 1804; x_wconf 75' lang='grc' dir='ltr'><strong>εἴτε</strong></span> <span class='ocrx_word' id='word_1_593' title='bbox 1055 1776 1160 1811; x_wconf 75' lang='grc' dir='ltr'><strong>Ἀρχαὶ,</strong></span> <span class='ocrx_word' id='word_1_594' title='bbox 1174 1775 1229 1802; x_wconf 77' lang='grc' dir='ltr'><strong>εἴτε</strong></span> <span class='ocrx_word' id='word_1_595' title='bbox 1251 1774 1387 1808; x_wconf 83' lang='grc' dir='ltr'><strong>Ἐξουσίαι</strong></span> <span class='ocrx_word' id='word_1_596' title='bbox 1397 1795 1404 1807; x_wconf 83' lang='grc'><strong>,</strong></span> <span class='ocrx_word' id='word_1_597' title='bbox 1419 1773 1453 1800; x_wconf 84' lang='grc' dir='ltr'><strong>τὰ</strong></span> <span class='ocrx_word' id='word_1_598' title='bbox 1470 1773 1560 1800; x_wconf 79' lang='grc' dir='ltr'><strong>πάντα</strong></span> <span class='ocrx_word' id='word_1_599' title='bbox 1574 1773 1609 1800; x_wconf 81' lang='grc' dir='ltr'><strong>δι’</strong></span> <span class='ocrx_word' id='word_1_600' title='bbox 1625 1772 1712 1800; x_wconf 75' lang='grc' dir='ltr'><strong>αὐτοῦ</strong></span> <span class='ocrx_word' id='word_1_601' title='bbox 1728 1773 1774 1801; x_wconf 72' lang='grc' dir='ltr'><strong>καὶ</strong></span> 
     </span>
    </p>
   </div>
   <div class='ocr_carea' id='block_1_81' title="bbox 983 1818 1774 1855">
    <p class='ocr_par' dir='ltr' id='par_1_81' title="bbox 983 1818 1774 1855">
     <span class='ocr_line' id='line_1_81' title="bbox 983 1818 1774 1855; baseline -0.006 -6"><span class='ocrx_word' id='word_1_602' title='bbox 983 1823 1022 1854; x_wconf 75' lang='grc' dir='ltr'><strong>εἰς</strong></span> <span class='ocrx_word' id='word_1_603' title='bbox 1036 1821 1116 1849; x_wconf 78' lang='grc' dir='ltr'><strong>αὑτὸν</strong></span> <span class='ocrx_word' id='word_1_604' title='bbox 1131 1821 1267 1848; x_wconf 73' lang='grc' dir='ltr'><strong>ἔκτισται·</strong></span> <span class='ocrx_word' id='word_1_605' title='bbox 1283 1821 1331 1847; x_wconf 67' lang='grc' dir='ltr'><strong>κα)⁸</strong></span> <span class='ocrx_word' id='word_1_606' title='bbox 1345 1821 1426 1852; x_wconf 84' lang='grc' dir='ltr'><strong>αὑτός</strong></span> <span class='ocrx_word' id='word_1_607' title='bbox 1441 1821 1499 1847; x_wconf 74' lang='grc' dir='ltr'><strong>ἐστι</strong></span> <span class='ocrx_word' id='word_1_608' title='bbox 1517 1820 1570 1855; x_wconf 83' lang='grc' dir='ltr'><strong>πρὸ</strong></span> <span class='ocrx_word' id='word_1_609' title='bbox 1589 1819 1716 1849; x_wconf 81' lang='grc' dir='ltr'><strong>πάντων,</strong></span> <span class='ocrx_word' id='word_1_610' title='bbox 1729 1818 1774 1844; x_wconf 73' lang='grc' dir='ltr'><strong>καὶ</strong></span> 
     </span>
    </p>
   </div>
   <div class='ocr_carea' id='block_1_82' title="bbox 983 1865 1774 1901">
    <p class='ocr_par' dir='ltr' id='par_1_82' title="bbox 983 1865 1774 1901">
     <span class='ocr_line' id='line_1_82' title="bbox 983 1865 1774 1901; baseline -0.006 -7"><span class='ocrx_word' id='word_1_611' title='bbox 983 1868 1017 1895; x_wconf 74' lang='grc' dir='ltr'><strong>τὰ</strong></span> <span class='ocrx_word' id='word_1_612' title='bbox 1031 1868 1119 1894; x_wconf 86' lang='grc' dir='ltr'><strong>πάντα</strong></span> <span class='ocrx_word' id='word_1_613' title='bbox 1132 1868 1161 1894; x_wconf 77' lang='grc' dir='ltr'><strong>ἐν</strong></span> <span class='ocrx_word' id='word_1_614' title='bbox 1175 1867 1251 1901; x_wconf 80' lang='grc' dir='ltr'><strong>αὐτῷ</strong></span> <span class='ocrx_word' id='word_1_615' title='bbox 1265 1866 1414 1901; x_wconf 81' lang='grc' dir='ltr'><strong>συνέστηκε</strong></span> <span class='ocrx_word' id='word_1_616' title='bbox 1424 1875 1431 1881; x_wconf 69' lang='grc' dir='ltr'><strong>ι</strong></span> <span class='ocrx_word' id='word_1_617' title='bbox 1446 1866 1493 1892; x_wconf 79' lang='grc' dir='ltr'><strong>καὶ</strong></span> <span class='ocrx_word' id='word_1_618' title='bbox 1509 1865 1590 1896; x_wconf 73' lang='grc' dir='ltr'><strong>αὐτός</strong></span> <span class='ocrx_word' id='word_1_619' title='bbox 1607 1866 1684 1891; x_wconf 76' lang='grc' dir='ltr'><strong>ἐστιν</strong></span> <span class='ocrx_word' id='word_1_620' title='bbox 1699 1865 1717 1898; x_wconf 84' lang='grc' dir='ltr'>ἡ</span> <span class='ocrx_word' id='word_1_621' title='bbox 1733 1871 1774 1890; x_wconf 88' lang='grc' dir='ltr'><strong>κε-</strong></span> 
     </span>
    </p>
   </div>
   <div class='ocr_carea' id='block_1_83' title="bbox 984 1909 1773 1949">
    <p class='ocr_par' dir='ltr' id='par_1_83' title="bbox 984 1909 1773 1949">
     <span class='ocr_line' id='line_1_83' title="bbox 984 1909 1773 1949; baseline -0.006 -9"><span class='ocrx_word' id='word_1_622' title='bbox 984 1913 1055 1949; x_wconf 84' lang='grc' dir='ltr'><strong>φαλὴ</strong></span> <span class='ocrx_word' id='word_1_623' title='bbox 1073 1913 1119 1940; x_wconf 80' lang='grc' dir='ltr'><strong>τοῦ</strong></span> <span class='ocrx_word' id='word_1_624' title='bbox 1141 1912 1266 1947; x_wconf 86' lang='grc' dir='ltr'><strong>σώματος</strong></span> <span class='ocrx_word' id='word_1_625' title='bbox 1285 1911 1334 1947; x_wconf 81' lang='grc' dir='ltr'><strong>τῆς</strong></span> <span class='ocrx_word' id='word_1_626' title='bbox 1350 1911 1527 1947; x_wconf 81' lang='grc' dir='ltr'><strong>Ἐκκλησίας,</strong></span> <span class='ocrx_word' id='word_1_627' title='bbox 1545 1912 1575 1943; x_wconf 84' lang='grc' dir='ltr'><strong>ὃς</strong></span> <span class='ocrx_word' id='word_1_628' title='bbox 1593 1911 1670 1938; x_wconf 80' lang='grc' dir='ltr'><strong>ἐστιν</strong></span> <span class='ocrx_word' id='word_1_629' title='bbox 1687 1909 1773 1945; x_wconf 73' lang='grc' dir='ltr'><strong>ἀρχὴ,</strong></span> 
     </span>
    </p>
   </div>
   <div class='ocr_carea' id='block_1_84' title="bbox 985 1956 1774 1993">
    <p class='ocr_par' dir='ltr' id='par_1_84' title="bbox 985 1956 1774 1993">
     <span class='ocr_line' id='line_1_84' title="bbox 985 1956 1774 1993; baseline -0.005 -8"><span class='ocrx_word' id='word_1_630' title='bbox 985 1959 1154 1993; x_wconf 78' lang='grc' dir='ltr'><strong>πρωτότοκος</strong></span> <span class='ocrx_word' id='word_1_631' title='bbox 1171 1959 1203 1984; x_wconf 81' lang='grc' dir='ltr'><strong>ὲκ</strong></span> <span class='ocrx_word' id='word_1_632' title='bbox 1225 1957 1279 1983; x_wconf 84' lang='grc' dir='ltr'><strong>τῶν</strong></span> <span class='ocrx_word' id='word_1_633' title='bbox 1295 1957 1417 1992; x_wconf 83' lang='grc' dir='ltr'><strong>νεκρῶν·</strong></span> <span class='ocrx_word' id='word_1_634' title='bbox 1438 1957 1481 1984; x_wconf 79' lang='grc' dir='ltr'><strong>ἵνα</strong></span> <span class='ocrx_word' id='word_1_635' title='bbox 1502 1957 1618 1992; x_wconf 84' lang='grc' dir='ltr'><strong>γένηται</strong></span> <span class='ocrx_word' id='word_1_636' title='bbox 1639 1956 1670 1982; x_wconf 82' lang='grc' dir='ltr'><strong>ὲν</strong></span> <span class='ocrx_word' id='word_1_637' title='bbox 1693 1956 1774 1982; x_wconf 75' lang='grc' dir='ltr'><strong>πᾶσιν</strong></span> 
     </span>
    </p>
   </div>
   <div class='ocr_carea' id='block_1_85' title="bbox 984 2000 1775 2038">
    <p class='ocr_par' dir='ltr' id='par_1_85' title="bbox 984 2000 1775 2038">
     <span class='ocr_line' id='line_1_85' title="bbox 984 2000 1775 2038; baseline -0.005 -8"><span class='ocrx_word' id='word_1_638' title='bbox 984 2003 1063 2034; x_wconf 69' lang='grc' dir='ltr'><strong>αὐτὸς</strong></span> <span class='ocrx_word' id='word_1_639' title='bbox 1077 2002 1237 2038; x_wconf 83' lang='grc' dir='ltr'><strong>πρωτεύων·</strong></span> <span class='ocrx_word' id='word_1_640' title='bbox 1254 2002 1295 2029; x_wconf 85' lang='grc' dir='ltr'><strong>ὅτι</strong></span> <span class='ocrx_word' id='word_1_641' title='bbox 1309 2002 1338 2028; x_wconf 78' lang='grc' dir='ltr'><strong>ἐν</strong></span> <span class='ocrx_word' id='word_1_642' title='bbox 1354 2001 1427 2036; x_wconf 80' lang='grc' dir='ltr'><strong>αὐτῷ</strong></span> <span class='ocrx_word' id='word_1_643' title='bbox 1442 2001 1574 2037; x_wconf 74' lang='grc' dir='ltr'><strong>ηὑδὸκησε</strong></span> <span class='ocrx_word' id='word_1_644' title='bbox 1591 2002 1647 2027; x_wconf 78' lang='grc' dir='ltr'><strong>πᾶν</strong></span> <span class='ocrx_word' id='word_1_645' title='bbox 1663 2000 1695 2026; x_wconf 76' lang='grc' dir='ltr'><strong>τὸ</strong></span> <span class='ocrx_word' id='word_1_646' title='bbox 1709 2001 1775 2034; x_wconf 74' lang='grc' dir='ltr'><strong>πλή-</strong></span> 
     </span>
    </p>
   </div>
   <div class='ocr_carea' id='block_1_86' title="bbox 987 2046 1775 2084">
    <p class='ocr_par' dir='ltr' id='par_1_86' title="bbox 987 2046 1775 2084">
     <span class='ocr_line' id='line_1_86' title="bbox 987 2046 1775 2084; baseline -0.004 -9"><span class='ocrx_word' id='word_1_647' title='bbox 987 2057 1066 2084; x_wconf 88' lang='grc' dir='ltr'><strong>ρωμα</strong></span> <span class='ocrx_word' id='word_1_648' title='bbox 1085 2047 1262 2082; x_wconf 72' lang='grc' dir='ltr'><strong>κατοικῆσαι,</strong></span> <span class='ocrx_word' id='word_1_649' title='bbox 1283 2048 1330 2074; x_wconf 76' lang='grc' dir='ltr'><strong>καὶ</strong></span> <span class='ocrx_word' id='word_1_650' title='bbox 1345 2047 1377 2073; x_wconf 81' lang='grc' dir='ltr'><strong>δι’</strong></span> <span class='ocrx_word' id='word_1_651' title='bbox 1396 2046 1477 2074; x_wconf 73' lang='grc' dir='ltr'><strong>αὐτοῦ</strong></span> <span class='ocrx_word' id='word_1_652' title='bbox 1495 2046 1721 2078; x_wconf 73' lang='grc' dir='ltr'><strong>ἀποκαταλλάξαι</strong></span> <span class='ocrx_word' id='word_1_653' title='bbox 1742 2046 1775 2072; x_wconf 73' lang='grc' dir='ltr'><strong>τὰ</strong></span> 
     </span>
    </p>
   </div>
   <div class='ocr_carea' id='block_1_87' title="bbox 986 2091 1774 2128">
    <p class='ocr_par' dir='ltr' id='par_1_87' title="bbox 986 2091 1774 2128">
     <span class='ocr_line' id='line_1_87' title="bbox 986 2091 1774 2128; baseline -0.004 -7"><span class='ocrx_word' id='word_1_654' title='bbox 986 2095 1075 2122; x_wconf 75' lang='grc' dir='ltr'><strong>πάντα</strong></span> <span class='ocrx_word' id='word_1_655' title='bbox 1089 2094 1128 2125; x_wconf 81' lang='grc' dir='ltr'><strong>εἰς</strong></span> <span class='ocrx_word' id='word_1_656' title='bbox 1143 2093 1225 2120; x_wconf 79' lang='grc' dir='ltr'><strong>αὐτόν</strong></span> <span class='ocrx_word' id='word_1_657' title='bbox 1234 2101 1242 2108; x_wconf 90' lang='grc'><strong>·</strong></span> <span class='ocrx_word' id='word_1_658' title='bbox 1255 2093 1465 2128; x_wconf 79' lang='grc' dir='ltr'><strong>εἰρηνοποιήσας</strong></span> <span class='ocrx_word' id='word_1_659' title='bbox 1479 2091 1522 2119; x_wconf 76' lang='grc' dir='ltr'><strong>διὰ</strong></span> <span class='ocrx_word' id='word_1_660' title='bbox 1536 2091 1583 2118; x_wconf 85' lang='grc' dir='ltr'><strong>τοῦ</strong></span> <span class='ocrx_word' id='word_1_661' title='bbox 1597 2092 1716 2127; x_wconf 76' lang='grc' dir='ltr'><strong>αἵματος</strong></span> <span class='ocrx_word' id='word_1_662' title='bbox 1729 2092 1774 2118; x_wconf 73' lang='grc' dir='ltr'><strong>τοῦ</strong></span> 
     </span>
    </p>
   </div>
   <div class='ocr_carea' id='block_1_88' title="bbox 987 2137 1774 2176">
    <p class='ocr_par' dir='ltr' id='par_1_88' title="bbox 987 2137 1774 2176">
     <span class='ocr_line' id='line_1_88' title="bbox 987 2137 1774 2176; baseline -0.005 -9"><span class='ocrx_word' id='word_1_663' title='bbox 987 2139 1105 2176; x_wconf 86' lang='grc' dir='ltr'><strong>σταυροῦ</strong></span> <span class='ocrx_word' id='word_1_664' title='bbox 1120 2139 1205 2166; x_wconf 81' lang='grc' dir='ltr'><strong>αὐτοῦ</strong></span> <span class='ocrx_word' id='word_1_665' title='bbox 1225 2139 1279 2165; x_wconf 83' lang='grc' dir='ltr'><strong>εἴτε</strong></span> <span class='ocrx_word' id='word_1_666' title='bbox 1294 2138 1329 2165; x_wconf 80' lang='grc' dir='ltr'><strong>τὰ</strong></span> <span class='ocrx_word' id='word_1_667' title='bbox 1348 2138 1395 2165; x_wconf 75' lang='grc' dir='ltr'><strong>ἐπὶ</strong></span> <span class='ocrx_word' id='word_1_668' title='bbox 1407 2138 1457 2173; x_wconf 83' lang='grc' dir='ltr'><strong>τῆς</strong></span> <span class='ocrx_word' id='word_1_669' title='bbox 1472 2138 1534 2173; x_wconf 77' lang='grc' dir='ltr'><strong>γῆς,</strong></span> <span class='ocrx_word' id='word_1_670' title='bbox 1550 2137 1606 2164; x_wconf 77' lang='grc' dir='ltr'><strong>εἴτε</strong></span> <span class='ocrx_word' id='word_1_671' title='bbox 1620 2137 1655 2164; x_wconf 77' lang='grc' dir='ltr'><strong>τὰ</strong></span> <span class='ocrx_word' id='word_1_672' title='bbox 1671 2138 1701 2163; x_wconf 78' lang='grc' dir='ltr'><strong>ἐν</strong></span> <span class='ocrx_word' id='word_1_673' title='bbox 1721 2139 1774 2168; x_wconf 70' lang='grc' dir='ltr'><strong>τοῖς</strong></span> 
     </span>
    </p>
   </div>
   <div class='ocr_carea' id='block_1_89' title="bbox 153 2183 926 2222">
    <p class='ocr_par' dir='ltr' id='par_1_89' title="bbox 153 2183 926 2219">
     <span class='ocr_line' id='line_1_89' title="bbox 153 2183 926 2219; baseline 0.005 -10"><span class='ocrx_word' id='word_1_674' title='bbox 153 2184 206 2217; x_wconf 71' lang='lat' dir='ltr'><strong>int;</strong></span> <span class='ocrx_word' id='word_1_675' title='bbox 224 2183 410 2219; x_wconf 74' lang='lat' dir='ltr'><strong>Tiu-onosque,</strong></span> <span class='ocrx_word' id='word_1_676' title='bbox 425 2184 596 2218; x_wconf 75' lang='lat' dir='ltr'><strong>Principalus</strong></span> <span class='ocrx_word' id='word_1_677' title='bbox 609 2190 637 2212; x_wconf 93' lang='lat' dir='ltr'><strong>et</strong></span> <span class='ocrx_word' id='word_1_678' title='bbox 653 2186 854 2213; x_wconf 88' lang='lat' dir='ltr'><strong>Dominationes</strong></span> <span class='ocrx_word' id='word_1_679' title='bbox 869 2194 926 2214; x_wconf 86' lang='lat' dir='ltr'><strong>con-</strong></span> 
     </span>
    </p>
   </div>
   <div class='ocr_carea' id='block_1_90' title="bbox 1025 2183 1774 2222">
    <p class='ocr_par' dir='ltr' id='par_1_90' title="bbox 1025 2183 1774 2222">
     <span class='ocr_line' id='line_1_90' title="bbox 1025 2183 1774 2222; baseline -0.005 -9"><span class='ocrx_word' id='word_1_680' title='bbox 1025 2187 1121 2222; x_wconf 66' lang='lat' dir='ltr'><strong>pavok.</strong></span> <span class='ocrx_word' id='word_1_681' title='bbox 1135 2195 1144 2211; x_wconf 74' lang='grc' dir='ltr'><strong>ι</strong></span> <span class='ocrx_word' id='word_1_682' title='bbox 1165 2185 1230 2212; x_wconf 79' lang='grc' dir='ltr'><strong>Ἰδοὺ</strong></span> <span class='ocrx_word' id='word_1_683' title='bbox 1246 2185 1278 2220; x_wconf 85' lang='grc' dir='ltr'><strong>δὴ</strong></span> <span class='ocrx_word' id='word_1_684' title='bbox 1293 2184 1374 2212; x_wconf 84' lang='grc' dir='ltr'><strong>πάλιν</strong></span> <span class='ocrx_word' id='word_1_685' title='bbox 1389 2185 1481 2211; x_wconf 75' lang='grc' dir='ltr'><strong>εἰκόνα</strong></span> <span class='ocrx_word' id='word_1_686' title='bbox 1505 2185 1553 2220; x_wconf 83' lang='grc' dir='ltr'><strong>μὲν</strong></span> <span class='ocrx_word' id='word_1_687' title='bbox 1575 2183 1624 2210; x_wconf 85' lang='grc' dir='ltr'><strong>τοῦ</strong></span> <span class='ocrx_word' id='word_1_688' title='bbox 1641 2183 1710 2210; x_wconf 82' lang='grc' dir='ltr'><strong>Θεοῦ</strong></span> <span class='ocrx_word' id='word_1_689' title='bbox 1729 2183 1774 2209; x_wconf 72' lang='grc' dir='ltr'><strong>τοῦ</strong></span> 
     </span>
    </p>
   </div>
   <div class='ocr_carea' id='block_1_91' title="bbox 153 2226 936 2266">
    <p class='ocr_par' dir='ltr' id='par_1_91' title="bbox 153 2226 936 2266">
     <span class='ocr_line' id='line_1_91' title="bbox 153 2226 936 2266; baseline 0.006 -12"><span class='ocrx_word' id='word_1_690' title='bbox 153 2226 263 2261; x_wconf 64' lang='lat' dir='ltr'><strong>iiidisse,</strong></span> <span class='ocrx_word' id='word_1_691' title='bbox 278 2231 423 2264; x_wconf 86' lang='lat' dir='ltr'><strong>omniaque</strong></span> <span class='ocrx_word' id='word_1_692' title='bbox 441 2231 466 2256; x_wconf 90' lang='lat' dir='ltr'><strong>in</strong></span> <span class='ocrx_word' id='word_1_693' title='bbox 485 2230 545 2265; x_wconf 90' lang='lat' dir='ltr'><strong>ipso</strong></span> <span class='ocrx_word' id='word_1_694' title='bbox 572 2235 597 2258; x_wconf 89' lang='lat' dir='ltr'><strong>et</strong></span> <span class='ocrx_word' id='word_1_695' title='bbox 625 2239 672 2266; x_wconf 90' lang='lat' dir='ltr'><strong>per</strong></span> <span class='ocrx_word' id='word_1_696' title='bbox 699 2232 787 2266; x_wconf 91' lang='lat' dir='ltr'><strong>ipsum</strong></span> <span class='ocrx_word' id='word_1_697' title='bbox 810 2237 936 2260; x_wconf 87' lang='lat' dir='ltr'><strong>constare</strong></span> 
     </span>
    </p>
   </div>
   <div class='ocr_carea' id='block_1_92' title="bbox 153 2275 936 2311">
    <p class='ocr_par' dir='ltr' id='par_1_92' title="bbox 153 2275 936 2311">
     <span class='ocr_line' id='line_1_92' title="bbox 153 2275 936 2311; baseline 0.006 -11"><span class='ocrx_word' id='word_1_698' title='bbox 153 2281 245 2309; x_wconf 74' lang='lat' dir='ltr'><strong>:tpt‘rte</strong></span> <span class='ocrx_word' id='word_1_699' title='bbox 274 2275 413 2302; x_wconf 81' lang='lat' dir='ltr'><strong>aiiirmat:</strong></span> <span class='ocrx_word' id='word_1_700' title='bbox 437 2281 492 2303; x_wconf 88' lang='lat' dir='ltr'><strong>tum</strong></span> <span class='ocrx_word' id='word_1_701' title='bbox 530 2278 650 2311; x_wconf 87' lang='lat' dir='ltr'><strong>corporis</strong></span> <span class='ocrx_word' id='word_1_702' title='bbox 672 2285 778 2311; x_wconf 89' lang='lat' dir='ltr'><strong>quoque</strong></span> <span class='ocrx_word' id='word_1_703' title='bbox 809 2278 936 2305; x_wconf 70' lang='lat' dir='ltr'><strong>Ecclesia:</strong></span> 
     </span>
    </p>
   </div>
   <div class='ocr_carea' id='block_1_93' title="bbox 154 2321 937 2359">
    <p class='ocr_par' dir='ltr' id='par_1_93' title="bbox 154 2321 937 2359">
     <span class='ocr_line' id='line_1_93' title="bbox 154 2321 937 2359; baseline 0.005 -12"><span class='ocrx_word' id='word_1_704' title='bbox 154 2326 245 2355; x_wconf 56' lang='lat' dir='ltr'><strong>caput,</strong></span> <span class='ocrx_word' id='word_1_705' title='bbox 261 2321 521 2356; x_wconf 79' lang='lat' dir='ltr'><strong>primogenitumque</strong></span> <span class='ocrx_word' id='word_1_706' title='bbox 535 2330 568 2349; x_wconf 82' lang='lat' dir='ltr'><strong>ex</strong></span> <span class='ocrx_word' id='word_1_707' title='bbox 592 2324 704 2350; x_wconf 85' lang='lat' dir='ltr'><strong>mortuis</strong></span> <span class='ocrx_word' id='word_1_708' title='bbox 729 2325 853 2351; x_wconf 86' lang='lat' dir='ltr'><strong>eumdem</strong></span> <span class='ocrx_word' id='word_1_709' title='bbox 869 2332 937 2359; x_wconf 71' lang='lat' dir='ltr'><strong>prae-</strong></span> 
     </span>
    </p>
   </div>
   <div class='ocr_carea' id='block_1_94' title="bbox 153 2367 936 2403">
    <p class='ocr_par' dir='ltr' id='par_1_94' title="bbox 153 2367 936 2403">
     <span class='ocr_line' id='line_1_94' title="bbox 153 2367 936 2403; baseline 0.005 -11"><span class='ocrx_word' id='word_1_710' title='bbox 153 2368 235 2394; x_wconf 76' lang='lat' dir='ltr'><strong>dicat.</strong></span> <span class='ocrx_word' id='word_1_711' title='bbox 253 2367 361 2401; x_wconf 80' lang='lat' dir='ltr'><strong>Ecquis,</strong></span> <span class='ocrx_word' id='word_1_712' title='bbox 375 2368 482 2400; x_wconf 84' lang='lat' dir='ltr'><strong>amabo,</strong></span> <span class='ocrx_word' id='word_1_713' title='bbox 504 2368 592 2403; x_wconf 75' lang='lat' dir='ltr'><strong>imago</strong></span> <span class='ocrx_word' id='word_1_714' title='bbox 619 2367 677 2401; x_wconf 91' lang='lat' dir='ltr'><strong>Dei,</strong></span> <span class='ocrx_word' id='word_1_715' title='bbox 693 2368 936 2403; x_wconf 83' lang='lat' dir='ltr'><strong>universorumque</strong></span> 
     </span>
    </p>
   </div>
   <div class='ocr_carea' id='block_1_95' title="bbox 155 2414 937 2449">
    <p class='ocr_par' dir='ltr' id='par_1_95' title="bbox 155 2414 937 2449">
     <span class='ocr_line' id='line_1_95' title="bbox 155 2414 937 2449; baseline 0.006 -11"><span class='ocrx_word' id='word_1_716' title='bbox 155 2414 280 2440; x_wconf 65' lang='lat' dir='ltr'><strong>conditor</strong></span> <span class='ocrx_word' id='word_1_717' title='bbox 306 2417 358 2444; x_wconf 84' lang='lat' dir='ltr'><strong>est,</strong></span> <span class='ocrx_word' id='word_1_718' title='bbox 377 2414 426 2439; x_wconf 82' lang='lat' dir='ltr'><strong>nisi</strong></span> <span class='ocrx_word' id='word_1_719' title='bbox 446 2414 560 2448; x_wconf 83' lang='lat' dir='ltr'><strong>ipsemet</strong></span> <span class='ocrx_word' id='word_1_720' title='bbox 583 2415 738 2449; x_wconf 78' lang='lat' dir='ltr'><strong>nnigenitus</strong></span> <span class='ocrx_word' id='word_1_721' title='bbox 762 2415 808 2442; x_wconf 86' lang='lat' dir='ltr'><strong>Dei</strong></span> <span class='ocrx_word' id='word_1_722' title='bbox 834 2415 937 2443; x_wconf 82' lang='lat' dir='ltr'><strong>Filius?</strong></span> 
     </span>
    </p>
   </div>
   <div class='ocr_carea' id='block_1_96' title="bbox 155 2459 936 2496">
    <p class='ocr_par' dir='ltr' id='par_1_96' title="bbox 155 2459 936 2496">
     <span class='ocr_line' id='line_1_96' title="bbox 155 2459 936 2496; baseline 0.004 -11"><span class='ocrx_word' id='word_1_723' title='bbox 155 2460 200 2493; x_wconf 78' lang='lat' dir='ltr'><strong>qui</strong></span> <span class='ocrx_word' id='word_1_724' title='bbox 228 2460 309 2486; x_wconf 87' lang='lat' dir='ltr'><strong>etiam</strong></span> <span class='ocrx_word' id='word_1_725' title='bbox 344 2459 431 2486; x_wconf 78' lang='lat' dir='ltr'><strong>factus</strong></span> <span class='ocrx_word' id='word_1_726' title='bbox 454 2465 496 2487; x_wconf 81' lang='lat' dir='ltr'><strong>est</strong></span> <span class='ocrx_word' id='word_1_727' title='bbox 524 2465 692 2488; x_wconf 83' lang='lat' dir='ltr'><strong>mortuorum</strong></span> <span class='ocrx_word' id='word_1_728' title='bbox 724 2461 936 2496; x_wconf 80' lang='lat' dir='ltr'><strong>primogenitus;</strong></span> 
     </span>
    </p>
   </div>
   <div class='ocr_carea' id='block_1_97' title="bbox 157 2505 938 2542">
    <p class='ocr_par' dir='ltr' id='par_1_97' title="bbox 157 2505 938 2542">
     <span class='ocr_line' id='line_1_97' title="bbox 157 2505 938 2542; baseline 0.008 -13"><span class='ocrx_word' id='word_1_729' title='bbox 157 2505 254 2539; x_wconf 75' lang='lat' dir='ltr'><strong>quippe</strong></span> <span class='ocrx_word' id='word_1_730' title='bbox 270 2505 314 2539; x_wconf 90' lang='lat' dir='ltr'><strong>qui</strong></span> <span class='ocrx_word' id='word_1_731' title='bbox 334 2505 359 2532; x_wconf 91' lang='lat' dir='ltr'><strong>in</strong></span> <span class='ocrx_word' id='word_1_732' title='bbox 376 2513 423 2532; x_wconf 89' lang='lat' dir='ltr'><strong>sua</strong></span> <span class='ocrx_word' id='word_1_733' title='bbox 433 2506 528 2539; x_wconf 88' lang='lat' dir='ltr'><strong>ipsius,</strong></span> <span class='ocrx_word' id='word_1_734' title='bbox 543 2510 570 2533; x_wconf 89' lang='lat' dir='ltr'><strong>et</strong></span> <span class='ocrx_word' id='word_1_735' title='bbox 587 2514 640 2533; x_wconf 91' lang='lat' dir='ltr'><strong>non</strong></span> <span class='ocrx_word' id='word_1_736' title='bbox 669 2507 696 2534; x_wconf 91' lang='lat' dir='ltr'><strong>in</strong></span> <span class='ocrx_word' id='word_1_737' title='bbox 719 2507 832 2534; x_wconf 85' lang='lat' dir='ltr'><strong>alterius</strong></span> <span class='ocrx_word' id='word_1_738' title='bbox 848 2507 938 2542; x_wconf 85' lang='lat' dir='ltr'><strong>cujus-</strong></span> 
     </span>
    </p>
   </div>
   <div class='ocr_carea' id='block_1_98' title="bbox 158 2551 935 2586">
    <p class='ocr_par' dir='ltr' id='par_1_98' title="bbox 158 2551 935 2586">
     <span class='ocr_line' id='line_1_98' title="bbox 158 2551 935 2586; baseline 0.008 -11"><span class='ocrx_word' id='word_1_739' title='bbox 158 2551 226 2584; x_wconf 76' lang='lat' dir='ltr'><strong>piam</strong></span> <span class='ocrx_word' id='word_1_740' title='bbox 258 2558 339 2578; x_wconf 82' lang='lat' dir='ltr'><strong>carne</strong></span> <span class='ocrx_word' id='word_1_741' title='bbox 368 2557 481 2577; x_wconf 88' lang='lat' dir='ltr'><strong>mortem</strong></span> <span class='ocrx_word' id='word_1_742' title='bbox 510 2553 630 2586; x_wconf 83' lang='lat' dir='ltr'><strong>oppetiit.</strong></span> <span class='ocrx_word' id='word_1_743' title='bbox 668 2552 758 2585; x_wconf 84' lang='lat' dir='ltr'><strong>Quare</strong></span> <span class='ocrx_word' id='word_1_744' title='bbox 791 2561 860 2581; x_wconf 91' lang='lat' dir='ltr'><strong>unus</strong></span> <span class='ocrx_word' id='word_1_745' title='bbox 893 2558 935 2581; x_wconf 86' lang='lat' dir='ltr'><strong>est</strong></span> 
     </span>
    </p>
   </div>
   <div class='ocr_carea' id='block_1_99' title="bbox 157 2597 745 2630">
    <p class='ocr_par' dir='ltr' id='par_1_99' title="bbox 157 2597 745 2630">
     <span class='ocr_line' id='line_1_99' title="bbox 157 2597 745 2630; baseline 0.005 -8"><span class='ocrx_word' id='word_1_746' title='bbox 157 2597 280 2623; x_wconf 72' lang='lat' dir='ltr'><strong>(lliristus</strong></span> <span class='ocrx_word' id='word_1_747' title='bbox 292 2603 317 2624; x_wconf 87' lang='lat' dir='ltr'><strong>et</strong></span> <span class='ocrx_word' id='word_1_748' title='bbox 332 2597 427 2630; x_wconf 78' lang='lat' dir='ltr'><strong>Filius,</strong></span> <span class='ocrx_word' id='word_1_749' title='bbox 438 2598 507 2625; x_wconf 86' lang='lat' dir='ltr'><strong>Deus</strong></span> <span class='ocrx_word' id='word_1_750' title='bbox 519 2599 604 2625; x_wconf 79' lang='lat' dir='ltr'><strong>simul-</strong></span> <span class='ocrx_word' id='word_1_751' title='bbox 613 2603 640 2625; x_wconf 85' lang='lat' dir='ltr'><strong>et</strong></span> <span class='ocrx_word' id='word_1_752' title='bbox 656 2599 745 2626; x_wconf 87' lang='lat' dir='ltr'><strong>homo.</strong></span> 
     </span>
    </p>
   </div>
   <div class='ocr_carea' id='block_1_100' title="bbox 303 2689 767 2724">
    <p class='ocr_par' dir='ltr' id='par_1_100' title="bbox 303 2689 767 2724">
     <span class='ocr_line' id='line_1_100' title="bbox 303 2689 767 2724; baseline 0.009 -10"><span class='ocrx_word' id='word_1_753' title='bbox 303 2689 432 2724; x_wconf 61' lang='lat'><strong>110153:</strong></span> <span class='ocrx_word' id='word_1_754' title='bbox 447 2689 564 2724; x_wconf 76' lang='lat' dir='ltr'><strong>Epistula</strong></span> <span class='ocrx_word' id='word_1_755' title='bbox 581 2692 614 2717; x_wconf 80' lang='lat' dir='ltr'><strong>ad</strong></span> <span class='ocrx_word' id='word_1_756' title='bbox 632 2691 767 2718; x_wconf 77' lang='lat' dir='ltr'><strong>Ilebrwos.</strong></span> 
     </span>
    </p>
   </div>
   <div class='ocr_carea' id='block_1_101' title="bbox 199 2733 925 2770">
    <p class='ocr_par' dir='ltr' id='par_1_101' title="bbox 199 2733 925 2770">
     <span class='ocr_line' id='line_1_101' title="bbox 199 2733 925 2770; baseline 0.011 -12"><span class='ocrx_word' id='word_1_757' title='bbox 199 2742 208 2758; x_wconf 76' lang='grc' dir='ltr'><strong>ι</strong></span> <span class='ocrx_word' id='word_1_758' title='bbox 238 2733 408 2761; x_wconf 75' lang='lat' dir='ltr'><strong>lilultit&#39;ariam</strong></span> <span class='ocrx_word' id='word_1_759' title='bbox 442 2736 585 2770; x_wconf 83' lang='lat' dir='ltr'><strong>multisque</strong></span> <span class='ocrx_word' id='word_1_760' title='bbox 603 2737 689 2764; x_wconf 83' lang='lat' dir='ltr'><strong>modis</strong></span> <span class='ocrx_word' id='word_1_761' title='bbox 719 2738 782 2764; x_wconf 86' lang='lat' dir='ltr'><strong>olim</strong></span> <span class='ocrx_word' id='word_1_762' title='bbox 808 2737 877 2766; x_wconf 89' lang='lat' dir='ltr'><strong>Deus</strong></span> <span class='ocrx_word' id='word_1_763' title='bbox 900 2738 925 2766; x_wconf 84' lang='lat' dir='ltr'><strong>lo</strong></span> 
     </span>
    </p>
   </div>
   <div class='ocr_carea' id='block_1_102' title="bbox 200 2812 744 2848">
    <p class='ocr_par' dir='ltr' id='par_1_102' title="bbox 200 2812 744 2848">
     <span class='ocr_line' id='line_1_102' title="bbox 200 2812 744 2848; baseline 0.006 -9"><span class='ocrx_word' id='word_1_764' title='bbox 200 2812 319 2848; x_wconf 82' lang='lat' dir='ltr'><strong>&#39;l&#39;hilpp.</strong></span> <span class='ocrx_word' id='word_1_765' title='bbox 338 2822 367 2847; x_wconf 80' lang='grc' dir='ltr'><strong>ιι,</strong></span> <span class='ocrx_word' id='word_1_766' title='bbox 380 2815 454 2841; x_wconf 79' lang='grc'><strong>5-11.</strong></span> <span class='ocrx_word' id='word_1_767' title='bbox 494 2815 503 2831; x_wconf 67' lang='grc' dir='ltr'>ε</span> <span class='ocrx_word' id='word_1_768' title='bbox 515 2815 619 2842; x_wconf 71' lang='lat' dir='ltr'><strong>Coloss.</strong></span> <span class='ocrx_word' id='word_1_769' title='bbox 637 2823 685 2848; x_wconf 84' lang='lat' dir='ltr'><strong>xu,</strong></span> <span class='ocrx_word' id='word_1_770' title='bbox 699 2816 744 2842; x_wconf 71' lang='lat'><strong>20.</strong></span> 
     </span>
    </p>
   </div>
   <div class='ocr_carea' id='block_1_103' title="bbox 989 2229 1773 2268">
    <p class='ocr_par' dir='ltr' id='par_1_103' title="bbox 989 2229 1773 2268">
     <span class='ocr_line' id='line_1_103' title="bbox 989 2229 1773 2268; baseline -0.006 -9"><span class='ocrx_word' id='word_1_771' title='bbox 989 2233 1104 2268; x_wconf 81' lang='grc' dir='ltr'><strong>ἀοράτου</strong></span> <span class='ocrx_word' id='word_1_772' title='bbox 1123 2231 1206 2266; x_wconf 81' lang='grc' dir='ltr'><strong>φησὶν</strong></span> <span class='ocrx_word' id='word_1_773' title='bbox 1226 2231 1320 2258; x_wconf 73' lang='grc' dir='ltr'><strong>αὐτόν·</strong></span> <span class='ocrx_word' id='word_1_774' title='bbox 1344 2230 1469 2256; x_wconf 78' lang='grc' dir='ltr'><strong>ἐκτίσθαι</strong></span> <span class='ocrx_word' id='word_1_775' title='bbox 1482 2229 1516 2256; x_wconf 85' lang='grc' dir='ltr'><strong>δι’</strong></span> <span class='ocrx_word' id='word_1_776' title='bbox 1537 2229 1621 2256; x_wconf 85' lang='grc' dir='ltr'><strong>αὐτοῦ</strong></span> <span class='ocrx_word' id='word_1_777' title='bbox 1641 2229 1773 2264; x_wconf 71' lang='grc' dir='ltr'><strong>Θρόνους,</strong></span> 
     </span>
    </p>
   </div>
   <div class='ocr_carea' id='block_1_104' title="bbox 989 2274 1774 2314">
    <p class='ocr_par' dir='ltr' id='par_1_104' title="bbox 989 2274 1774 2314">
     <span class='ocr_line' id='line_1_104' title="bbox 989 2274 1774 2314; baseline -0.006 -9"><span class='ocrx_word' id='word_1_778' title='bbox 989 2288 1035 2306; x_wconf 86' lang='grc' dir='ltr'><strong>και</strong></span> <span class='ocrx_word' id='word_1_779' title='bbox 1052 2278 1152 2314; x_wconf 78' lang='grc' dir='ltr'><strong>Ἀρχὰς</strong></span> <span class='ocrx_word' id='word_1_780' title='bbox 1162 2297 1169 2310; x_wconf 85' lang='grc'><strong>,</strong></span> <span class='ocrx_word' id='word_1_781' title='bbox 1184 2277 1230 2304; x_wconf 73' lang='grc' dir='ltr'><strong>καὶ</strong></span> <span class='ocrx_word' id='word_1_782' title='bbox 1245 2276 1415 2312; x_wconf 81' lang='grc' dir='ltr'><strong>Κυριότητας</strong></span> <span class='ocrx_word' id='word_1_783' title='bbox 1439 2274 1643 2302; x_wconf 78' lang='grc' dir='ltr'><strong>διαῦεδαιοῦται</strong></span> <span class='ocrx_word' id='word_1_784' title='bbox 1660 2274 1754 2308; x_wconf 71' lang='grc' dir='ltr'><strong>σαφῶς</strong></span> <span class='ocrx_word' id='word_1_785' title='bbox 1767 2282 1774 2289; x_wconf 75' lang='grc'><strong><em>⁸</em></strong></span> 
     </span>
    </p>
   </div>
   <div class='ocr_carea' id='block_1_105' title="bbox 991 2320 1775 2356">
    <p class='ocr_par' dir='ltr' id='par_1_105' title="bbox 991 2320 1775 2356">
     <span class='ocr_line' id='line_1_105' title="bbox 991 2320 1775 2356; baseline -0.008 -4"><span class='ocrx_word' id='word_1_786' title='bbox 991 2325 1039 2352; x_wconf 77' lang='grc' dir='ltr'><strong>καὶ</strong></span> <span class='ocrx_word' id='word_1_787' title='bbox 1052 2325 1090 2356; x_wconf 77' lang='grc' dir='ltr'><strong>εις</strong></span> <span class='ocrx_word' id='word_1_788' title='bbox 1104 2324 1184 2351; x_wconf 76' lang='grc' dir='ltr'><strong>αὐτὸν</strong></span> <span class='ocrx_word' id='word_1_789' title='bbox 1203 2324 1238 2350; x_wconf 76' lang='grc' dir='ltr'><strong>τὰ</strong></span> <span class='ocrx_word' id='word_1_790' title='bbox 1262 2323 1350 2350; x_wconf 82' lang='grc' dir='ltr'><strong>πάντα</strong></span> <span class='ocrx_word' id='word_1_791' title='bbox 1362 2323 1409 2349; x_wconf 65' lang='grc' dir='ltr'><strong>καὶ</strong></span> <span class='ocrx_word' id='word_1_792' title='bbox 1424 2323 1453 2348; x_wconf 81' lang='grc' dir='ltr'><strong>ἐν</strong></span> <span class='ocrx_word' id='word_1_793' title='bbox 1468 2321 1544 2356; x_wconf 82' lang='grc' dir='ltr'><strong>αὐτῷ</strong></span> <span class='ocrx_word' id='word_1_794' title='bbox 1559 2321 1722 2348; x_wconf 79' lang='grc' dir='ltr'><strong>συνεστάναι</strong></span> <span class='ocrx_word' id='word_1_795' title='bbox 1736 2320 1775 2346; x_wconf 82' lang='grc' dir='ltr'><strong>λέ-</strong></span> 
     </span>
    </p>
   </div>
   <div class='ocr_carea' id='block_1_106' title="bbox 990 2367 1774 2407">
    <p class='ocr_par' dir='ltr' id='par_1_106' title="bbox 990 2367 1774 2407">
     <span class='ocr_line' id='line_1_106' title="bbox 990 2367 1774 2407; baseline -0.005 -9"><span class='ocrx_word' id='word_1_796' title='bbox 990 2381 1048 2407; x_wconf 87' lang='grc' dir='ltr'><strong>γει·</strong></span> <span class='ocrx_word' id='word_1_797' title='bbox 1066 2371 1113 2398; x_wconf 74' lang='grc' dir='ltr'><strong>καὶ</strong></span> <span class='ocrx_word' id='word_1_798' title='bbox 1132 2371 1213 2398; x_wconf 78' lang='grc' dir='ltr'><strong>αὑτὸν</strong></span> <span class='ocrx_word' id='word_1_799' title='bbox 1234 2367 1303 2397; x_wconf 82' lang='grc' dir='ltr'><strong>εἶναι</strong></span> <span class='ocrx_word' id='word_1_800' title='bbox 1322 2370 1372 2405; x_wconf 82' lang='grc' dir='ltr'><strong>τὴν</strong></span> <span class='ocrx_word' id='word_1_801' title='bbox 1386 2369 1508 2405; x_wconf 78' lang='grc' dir='ltr'><strong>κεφαλὴν</strong></span> <span class='ocrx_word' id='word_1_802' title='bbox 1522 2369 1569 2396; x_wconf 90' lang='grc' dir='ltr'><strong>τοῦ</strong></span> <span class='ocrx_word' id='word_1_803' title='bbox 1586 2368 1713 2403; x_wconf 79' lang='grc' dir='ltr'><strong>σώματος</strong></span> <span class='ocrx_word' id='word_1_804' title='bbox 1728 2368 1774 2402; x_wconf 81' lang='grc' dir='ltr'><strong>τῆς</strong></span> 
     </span>
    </p>
   </div>
   <div class='ocr_carea' id='block_1_107' title="bbox 997 2411 1774 2453">
    <p class='ocr_par' dir='ltr' id='par_1_107' title="bbox 997 2411 1774 2453">
     <span class='ocr_line' id='line_1_107' title="bbox 997 2411 1774 2453; baseline -0.009 -8"><span class='ocrx_word' id='word_1_805' title='bbox 997 2418 1170 2453; x_wconf 79' lang='grc' dir='ltr'><strong>Ἐκκλησίας,</strong></span> <span class='ocrx_word' id='word_1_806' title='bbox 1185 2417 1232 2444; x_wconf 78' lang='grc' dir='ltr'><strong>καὶ</strong></span> <span class='ocrx_word' id='word_1_807' title='bbox 1245 2416 1416 2450; x_wconf 76' lang='grc' dir='ltr'><strong>πρωτότοκον</strong></span> <span class='ocrx_word' id='word_1_808' title='bbox 1430 2416 1462 2442; x_wconf 84' lang='grc' dir='ltr'><strong>ὲκ</strong></span> <span class='ocrx_word' id='word_1_809' title='bbox 1473 2415 1528 2441; x_wconf 80' lang='grc' dir='ltr'><strong>τῶν</strong></span> <span class='ocrx_word' id='word_1_810' title='bbox 1536 2413 1655 2449; x_wconf 61' lang='grc' dir='ltr'><strong>νεκρῶν.</strong></span> <span class='ocrx_word' id='word_1_811' title='bbox 1670 2413 1719 2444; x_wconf 82' lang='grc' dir='ltr'><strong>Τίς</strong></span> <span class='ocrx_word' id='word_1_812' title='bbox 1731 2411 1774 2439; x_wconf 74' lang='grc' dir='ltr'><strong>οὖν</strong></span> 
     </span>
    </p>
   </div>
   <div class='ocr_carea' id='block_1_108' title="bbox 991 2455 1774 2500">
    <p class='ocr_par' dir='ltr' id='par_1_108' title="bbox 991 2455 1774 2500">
     <span class='ocr_line' id='line_1_108' title="bbox 991 2455 1774 2500; baseline -0.009 -9"><span class='ocrx_word' id='word_1_813' title='bbox 991 2465 1045 2500; x_wconf 79' lang='grc' dir='ltr'><strong>ἄρα</strong></span> <span class='ocrx_word' id='word_1_814' title='bbox 1059 2455 1132 2491; x_wconf 59' lang='grc' dir='ltr'><strong>ἐστιν</strong></span> <span class='ocrx_word' id='word_1_815' title='bbox 1145 2465 1161 2499; x_wconf 81' lang='grc' dir='ltr'>ἡ</span> <span class='ocrx_word' id='word_1_816' title='bbox 1178 2463 1258 2490; x_wconf 85' lang='grc' dir='ltr'><strong>εἰκὼν</strong></span> <span class='ocrx_word' id='word_1_817' title='bbox 1277 2463 1323 2489; x_wconf 81' lang='grc' dir='ltr'><strong>τοῦ</strong></span> <span class='ocrx_word' id='word_1_818' title='bbox 1339 2461 1416 2493; x_wconf 82' lang='grc' dir='ltr'><strong>Θεοῦ,</strong></span> <span class='ocrx_word' id='word_1_819' title='bbox 1431 2462 1446 2487; x_wconf 79' lang='grc' dir='ltr'>ὁ</span> <span class='ocrx_word' id='word_1_820' title='bbox 1460 2460 1575 2495; x_wconf 74' lang='grc' dir='ltr'><strong>κτίστης</strong></span> <span class='ocrx_word' id='word_1_821' title='bbox 1591 2459 1644 2486; x_wconf 85' lang='grc' dir='ltr'><strong>τῶν</strong></span> <span class='ocrx_word' id='word_1_822' title='bbox 1659 2459 1738 2488; x_wconf 71' lang='grc' dir='ltr'><strong>ὅλων.</strong></span> <span class='ocrx_word' id='word_1_823' title='bbox 1752 2459 1774 2484; x_wconf 82' lang='grc' dir='ltr'><strong>εἰ</strong></span> 
     </span>
    </p>
   </div>
   <div class='ocr_carea' id='block_1_109' title="bbox 993 2505 1773 2546">
    <p class='ocr_par' dir='ltr' id='par_1_109' title="bbox 993 2505 1773 2546">
     <span class='ocr_line' id='line_1_109' title="bbox 993 2505 1773 2546; baseline -0.008 -10"><span class='ocrx_word' id='word_1_824' title='bbox 993 2511 1030 2546; x_wconf 86' lang='grc' dir='ltr'><strong>μὴ</strong></span> <span class='ocrx_word' id='word_1_825' title='bbox 1047 2510 1126 2541; x_wconf 75' lang='grc' dir='ltr'><strong>αὐτὸς</strong></span> <span class='ocrx_word' id='word_1_826' title='bbox 1139 2511 1153 2536; x_wconf 85' lang='grc' dir='ltr'>ὁ</span> <span class='ocrx_word' id='word_1_827' title='bbox 1171 2510 1317 2544; x_wconf 81' lang='grc' dir='ltr'><strong>μονογενὴς</strong></span> <span class='ocrx_word' id='word_1_828' title='bbox 1329 2507 1376 2534; x_wconf 80' lang='grc' dir='ltr'><strong>τοῦ</strong></span> <span class='ocrx_word' id='word_1_829' title='bbox 1390 2507 1458 2533; x_wconf 84' lang='grc' dir='ltr'><strong>Θεοῦ</strong></span> <span class='ocrx_word' id='word_1_830' title='bbox 1474 2506 1554 2539; x_wconf 55' lang='grc' dir='ltr'><strong>Υἱός</strong></span> <span class='ocrx_word' id='word_1_831' title='bbox 1572 2505 1663 2536; x_wconf 72' lang='grc' dir='ltr'><strong>ὅςκαὶ</strong></span> <span class='ocrx_word' id='word_1_832' title='bbox 1682 2505 1773 2538; x_wconf 73' lang='grc' dir='ltr'><strong>γέγονε</strong></span> 
     </span>
    </p>
   </div>
   <div class='ocr_carea' id='block_1_110' title="bbox 992 2551 1773 2590">
    <p class='ocr_par' dir='ltr' id='par_1_110' title="bbox 992 2551 1773 2590">
     <span class='ocr_line' id='line_1_110' title="bbox 992 2551 1773 2590; baseline -0.008 -8"><span class='ocrx_word' id='word_1_833' title='bbox 992 2555 1162 2590; x_wconf 80' lang='grc' dir='ltr'><strong>πρωτότοκος</strong></span> <span class='ocrx_word' id='word_1_834' title='bbox 1185 2555 1218 2580; x_wconf 81' lang='grc' dir='ltr'><strong>ἐκ</strong></span> <span class='ocrx_word' id='word_1_835' title='bbox 1233 2554 1347 2588; x_wconf 83' lang='grc' dir='ltr'><strong>νεκρῶν,</strong></span> <span class='ocrx_word' id='word_1_836' title='bbox 1366 2553 1403 2584; x_wconf 81' lang='grc' dir='ltr'><strong>ὡς</strong></span> <span class='ocrx_word' id='word_1_837' title='bbox 1424 2551 1568 2578; x_wconf 81' lang='grc' dir='ltr'><strong>ἀποθανὼν</strong></span> <span class='ocrx_word' id='word_1_838' title='bbox 1587 2552 1620 2586; x_wconf 86' lang='grc' dir='ltr'><strong>τῇ</strong></span> <span class='ocrx_word' id='word_1_839' title='bbox 1642 2551 1725 2586; x_wconf 83' lang='grc' dir='ltr'><strong>σαρκὶ</strong></span> <span class='ocrx_word' id='word_1_840' title='bbox 1744 2551 1773 2584; x_wconf 76' lang='grc' dir='ltr'><strong>τῇ</strong></span> 
     </span>
    </p>
   </div>
   <div class='ocr_carea' id='block_1_111' title="bbox 995 2593 1774 2635">
    <p class='ocr_par' dir='ltr' id='par_1_111' title="bbox 995 2593 1774 2635">
     <span class='ocr_line' id='line_1_111' title="bbox 995 2593 1774 2635; baseline -0.008 -8"><span class='ocrx_word' id='word_1_841' title='bbox 995 2600 1057 2635; x_wconf 71' lang='grc' dir='ltr'><strong>ἰδίᾳ,</strong></span> <span class='ocrx_word' id='word_1_842' title='bbox 1074 2600 1121 2626; x_wconf 74' lang='grc' dir='ltr'><strong>καὶ</strong></span> <span class='ocrx_word' id='word_1_843' title='bbox 1143 2599 1202 2635; x_wconf 75' lang='grc' dir='ltr'><strong>οὐχὶ</strong></span> <span class='ocrx_word' id='word_1_844' title='bbox 1227 2600 1259 2635; x_wconf 83' lang='grc' dir='ltr'><strong>δὴ</strong></span> <span class='ocrx_word' id='word_1_845' title='bbox 1277 2600 1376 2634; x_wconf 82' lang='grc' dir='ltr'><strong>μᾶλλον</strong></span> <span class='ocrx_word' id='word_1_846' title='bbox 1395 2599 1428 2633; x_wconf 73' lang='grc' dir='ltr'><strong>τῇ</strong></span> <span class='ocrx_word' id='word_1_847' title='bbox 1450 2606 1521 2629; x_wconf 83' lang='grc' dir='ltr'><strong>τινος</strong></span> <span class='ocrx_word' id='word_1_848' title='bbox 1542 2597 1647 2632; x_wconf 75' lang='grc' dir='ltr'><strong>ἐτέρου.</strong></span> <span class='ocrx_word' id='word_1_849' title='bbox 1669 2594 1716 2628; x_wconf 72' lang='grc' dir='ltr'><strong>Εἷς</strong></span> <span class='ocrx_word' id='word_1_850' title='bbox 1733 2593 1774 2622; x_wconf 68' lang='grc' dir='ltr'><strong>οὖν</strong></span> 
     </span>
    </p>
   </div>
   <div class='ocr_carea' id='block_1_112' title="bbox 993 2637 1691 2682">
    <p class='ocr_par' dir='ltr' id='par_1_112' title="bbox 993 2637 1691 2682">
     <span class='ocr_line' id='line_1_112' title="bbox 993 2637 1691 2682; baseline -0.009 -9"><span class='ocrx_word' id='word_1_851' title='bbox 993 2646 1108 2682; x_wconf 75' lang='grc' dir='ltr'><strong>Χριστὸς</strong></span> <span class='ocrx_word' id='word_1_852' title='bbox 1123 2646 1170 2672; x_wconf 79' lang='grc' dir='ltr'><strong>καὶ</strong></span> <span class='ocrx_word' id='word_1_853' title='bbox 1182 2645 1258 2678; x_wconf 82' lang='grc' dir='ltr'><strong>Υἱὸς,</strong></span> <span class='ocrx_word' id='word_1_854' title='bbox 1271 2645 1337 2676; x_wconf 82' lang='grc' dir='ltr'><strong>Θεός</strong></span> <span class='ocrx_word' id='word_1_855' title='bbox 1350 2653 1379 2670; x_wconf 86' lang='grc' dir='ltr'><strong>τε</strong></span> <span class='ocrx_word' id='word_1_856' title='bbox 1393 2637 1461 2678; x_wconf 82' lang='grc' dir='ltr'><strong>ὁμοῦ</strong></span> <span class='ocrx_word' id='word_1_857' title='bbox 1475 2643 1522 2669; x_wconf 78' lang='grc' dir='ltr'><strong>καὶ</strong></span> <span class='ocrx_word' id='word_1_858' title='bbox 1535 2643 1691 2678; x_wconf 72' lang='grc' dir='ltr'><strong>ἄνθρωπος.</strong></span> 
     </span>
    </p>
   </div>
   <div class='ocr_carea' id='block_1_113' title="bbox 1189 2687 1584 2723">
    <p class='ocr_par' dir='ltr' id='par_1_113' title="bbox 1189 2687 1584 2723">
     <span class='ocr_line' id='line_1_113' title="bbox 1189 2687 1584 2723; baseline -0.01 -7"><span class='ocrx_word' id='word_1_859' title='bbox 1189 2690 1237 2716; x_wconf 84' lang='grc' dir='ltr'><strong>Ἐκ</strong></span> <span class='ocrx_word' id='word_1_860' title='bbox 1253 2689 1308 2723; x_wconf 84' lang='grc' dir='ltr'><strong>τῆς</strong></span> <span class='ocrx_word' id='word_1_861' title='bbox 1326 2688 1400 2722; x_wconf 75' lang='grc' dir='ltr'><strong>πρὸς</strong></span> <span class='ocrx_word' id='word_1_862' title='bbox 1423 2687 1584 2721; x_wconf 70' lang='grc' dir='ltr'><strong>Ἐϐραίους.</strong></span> 
     </span>
    </p>
   </div>
   <div class='ocr_carea' id='block_1_114' title="bbox 1034 2729 1772 2772">
    <p class='ocr_par' dir='ltr' id='par_1_114' title="bbox 1034 2729 1772 2772">
     <span class='ocr_line' id='line_1_114' title="bbox 1034 2729 1772 2772; baseline -0.009 -9"><span class='ocrx_word' id='word_1_863' title='bbox 1034 2746 1043 2763; x_wconf 71' lang='grc' dir='ltr'><strong>ι</strong></span> <span class='ocrx_word' id='word_1_864' title='bbox 1058 2735 1222 2772; x_wconf 79' lang='grc' dir='ltr'><strong>Πολυμερῶς</strong></span> <span class='ocrx_word' id='word_1_865' title='bbox 1242 2735 1288 2762; x_wconf 78' lang='grc' dir='ltr'><strong>καὶ</strong></span> <span class='ocrx_word' id='word_1_866' title='bbox 1313 2734 1490 2769; x_wconf 74' lang='grc' dir='ltr'><strong>πολυτρόπως</strong></span> <span class='ocrx_word' id='word_1_867' title='bbox 1514 2732 1598 2759; x_wconf 79' lang='grc' dir='ltr'><strong>πάλαι</strong></span> <span class='ocrx_word' id='word_1_868' title='bbox 1612 2731 1627 2758; x_wconf 87' lang='grc' dir='ltr'><strong>ὸ</strong></span> <span class='ocrx_word' id='word_1_869' title='bbox 1643 2731 1708 2762; x_wconf 74' lang='grc' dir='ltr'><strong>Θεὸς</strong></span> <span class='ocrx_word' id='word_1_870' title='bbox 1729 2729 1772 2757; x_wconf 73' lang='grc' dir='ltr'><strong>λε.-</strong></span> 
     </span>
    </p>
   </div>
   <div class='ocr_carea' id='block_1_115' title="bbox 1863 234 1870 643">
    <p class='ocr_par' dir='ltr' id='par_1_115' title="bbox 1863 288 1870 643">
     <span class='ocr_line' id='line_1_115' title="bbox 1863 288 1869 409; baseline 0 0"><span class='ocrx_word' id='word_1_871' title='bbox 1863 288 1869 409; x_wconf 71' lang='lat' dir='ltr'><strong>l</strong></span> 
     </span>
     <span class='ocr_line' id='line_1_116' title="bbox 1863 431 1870 643; baseline 0 -89"><span class='ocrx_word' id='word_1_872' title='bbox 1863 431 1870 643; x_wconf 59' lang='grc' dir='ltr'><strong>ξ</strong></span> 
     </span>
    </p>
   </div>
  </div>
