1872 3057
96 135 180 165 1309

665 132 708 158 DE
722 129 835 158 RECTA
856 129 935 157 FIDE
952 129 998 157 AD
1013 128 1174 157 llEGlNAS.

1665 127 1733 156 1510

97 188 194 226 λήσας
209 190 265 220 τοῖς
282 189 417 225 πατράσιν
431 190 461 215 ὲν
476 189 530 219 τοῖς
547 188 711 224 προφήταις,
727 187 770 212 ἐπ’
784 185 899 220 ἐσχάτου
915 201 921 216 λ

994 193 1038 212 ens
1054 185 1178 220 patribus
1198 184 1224 211 in
1238 182 1389 218 prophetis,
1404 181 1552 210 novissime
1566 181 1660 209 diebus
1675 182 1733 209 istis

100 236 165 263 ’τῶν
178 236 289 271 ἡμερῶν
309 235 411 262 τούτων
426 234 556 269 ἐλάλησεν
570 235 635 269 ἡμῖν
647 234 675 259 ὲν
689 232 756 268 Υἱῴ,
770 232 800 259 ὃν
815 232 897 266 ἔθηκε

103 282 279 318 κληρονόμον
298 281 417 312 πάντων,
439 280 472 309 δι’
493 275 524 306 οὗ
541 280 588 305 καὶ
604 279 667 310 τοὺς
686 278 785 309 αἰῶνας
804 277 898 311 ἐποίη-

107 336 169 354 σεν.
183 337 192 352 ι
216 326 297 353 Φύσει
318 325 373 352 τῶν
395 325 468 352 ὀλωνη
481 324 583 360 Κύριος
608 324 676 359 μετὰ
697 322 745 349 τοῦ
768 321 835 348 Θεοῦ
853 321 899 349 καὶ

106 373 220 407 ΙΙατρὺς
232 373 247 398 6
260 371 415 406 Μονογενὴς
428 370 511 397 αὑτοῦ
526 370 611 404 Λόγος
619 367 690 396 εἶναι
703 367 897 395 πεπίστευται·

107 417 217 443 τίθεται
235 416 264 442 δὲ
285 415 470 451 κληρονόμος,
498 415 538 441 ὅτι
564 414 659 448 γέγονε
684 413 768 448 σάρξ·
791 413 898 447 εἴρηται

110 464 169 498 γὰρ
186 463 253 498 πρὸς
268 462 360 494 αὐτὸν,
374 461 412 492 ὡς
425 460 486 487 καθ’
498 460 571 496 ἡμᾶς
586 459 729 494 ἄνθρωπον
742 457 873 492 γεγονότα
885 462 898 476 ι

110 510 148 535 δι’
163 509 250 544 ἡμᾶς·
270 517 279 533 ι
294 508 409 542 Αἴτησαι
426 506 489 541 παρ’
513 506 591 541 ἐμοῦ,
607 506 654 531 καὶ
677 504 754 531 δώσω
771 511 812 529 σοι
836 502 900 537 ἔθνη

111 553 165 589 τὴν
183 552 363 588 κληρονομίαν
381 560 428 578 σου
441 571 448 581 ,
470 552 517 577 καὶ
535 551 584 585 τὴν
608 548 772 584 κατάσχεσίν
798 556 845 573 σου
868 548 901 574 τὰ

113 600 224 634 πέρατα
245 599 294 633 τῆς
316 599 378 633 γῆς.
393 607 401 623 ι
430 596 511 623 ’Δλλὰ
533 597 566 623 δι’
588 595 669 622 αὑτοῦ
685 595 732 621 τοῦ
757 594 836 625 Θεοῦ,
854 592 900 619 τοῦ

114 645 286 680 κληρονόμου
298 644 342 671 διὰ
355 643 386 669 τὺ
403 642 572 678 ἀνθρώπινον
582 663 590 675 ,
606 641 655 668 καὶ
667 640 765 671 αὖτοὺς
787 638 902 672 πεποιῆ-

115 691 182 717 σθαι
197 691 260 720 τοὺς
280 689 380 720 αἱῶνάς
398 697 490 724 φησιν,
513 689 552 720 εὶς
571 688 600 714 τὸ
613 687 659 713 τοῦ
684 686 770 720 Λόγου
783 684 902 721 πρεσϐύ-

114 745 200 764 τατον
212 736 259 762 τοῦ
274 735 436 770 πράγματος
448 734 554 769 ἔχοντος
567 733 616 768 τὴν
632 732 780 767 ἀναφοράν.
797 728 844 762 Εἷς
858 728 903 756 οὖν

115 783 172 817 ἄρα
195 781 313 816 Χριστὸς
337 780 384 806 καὶ
399 779 481 812 Υἱὸς,
504 780 518 806 6
536 779 618 810 αὐτός
636 787 666 805 τε
686 777 754 813 ὁμοῦ
773 776 839 808 Θεὸς
858 776 905 802 καὶ

121 827 173 854 ἄνθ
178 834 279 861 ρωπος.

157 881 167 897 ι
186 873 233 903 ’⁷ος
249 871 286 897 ὢν
309 870 480 904 ἀπαύγασμα
503 869 554 904 τῆς
577 868 671 903 δόξης,
695 867 743 894 καὶ
765 865 904 902 χαρακτὴρ
921 861 944 890 Β

120 916 173 951 τῆς
194 916 369 947 ὑποστάσεως
387 914 481 946 αὐτοῦ,
497 914 587 949 φέρων
601 921 632 940 τε
648 912 682 939 τὰ
699 912 788 939 πάντα
805 911 843 946 τῷ
861 911 907 946 ῥή-

121 970 187 996 ματι
207 962 257 996 τῆς
274 959 417 994 δυνάμεως
439 957 534 990 αὐτοῦ,
561 955 731 991 καθαρισμὸν
746 954 800 981 τῶν
816 954 908 988 ἁμαρ-

117 1007 184 1033 τιῶν
200 1006 397 1042 ποιησάμενος,
413 1003 541 1031 ἐκάθισεν
565 1004 594 1029 ὲν
612 1002 687 1036 δεξιᾷ
709 1000 760 1036 τῆς
783 999 909 1035 μεγαλω-

123 1053 210 1088 σύνης
227 1054 256 1079 ἐν
270 1051 382 1087 ὑψηλοῖς
392 1059 399 1066 ³
416 1050 536 1084 τοσούτῳ
553 1048 686 1083 κρείττων
699 1045 842 1080 γενόμενος
855 1043 909 1070 τῶν

119 1099 254 1133 ἀγγέλων,
275 1099 329 1133 ὅσῳ
364 1096 554 1131 διαφορά-τερον
572 1094 657 1128 ὄνομα
673 1092 739 1127 παρ’
751 1091 849 1121 αὐτοὺς
864 1098 909 1116 κε-

120 1143 320 1179 κληρονόμηκε.
335 1152 345 1168 ι
367 1142 403 1168 Τδ
421 1141 590 1175 ἀπαύγασμα
614 1139 665 1173 τῆς
680 1137 769 1172 δόξης,
785 1137 799 1163 6
822 1143 909 1171 χαρα-

120 1189 193 1225 κτὴρ
207 1189 257 1224 τῆς
276 1188 451 1218 ὑποστάσεως
466 1186 514 1212 τοῦ
531 1185 600 1212 Θεοῦ
623 1184 671 1211 καὶ
687 1182 804 1217 Πατρὸς,
829 1189 910 1207 τουτ-

120 1236 196 1261 έστιν
212 1236 226 1260 6
240 1233 272 1266 ἐξ
292 1232 374 1260 αὐτοῦ
398 1232 468 1259 κατὰ
484 1231 565 1266 φύσιν
582 1230 646 1261 Υἱὸς
670 1228 826 1264 μονογενὴς,
849 1226 911 1252 slva.

120 1281 224 1316 τρόπον
240 1278 412 1315 καθαρισμὸν
429 1277 483 1303 τῶν
497 1275 639 1312 ἁμαρτιῶν
663 1275 740 1310 ἡμῶν
758 1273 910 1308 ποιησάμε-

122 1335 178 1358 νος,
195 1326 273 1361 δῆλον
288 1325 315 1351 δὲ
331 1325 373 1351 ὅτι
389 1324 433 1350 διὰ
449 1323 495 1349 τοῦ
512 1322 628 1357 αἵματος
647 1319 741 1351 αὑτοῦ,
764 1318 912 1346 κεκάθικεν

123 1374 153 1400 ὲν
174 1372 247 1407 δεξιᾷ
262 1371 309 1398 τοῦ
326 1370 444 1405 Πατρὸς,
459 1369 506 1395 καὶ
524 1367 656 1403 κρείττων
669 1365 792 1401 γενέσθαι
804 1364 912 1398 λέγεται

123 1419 179 1446 τῶν
200 1418 340 1452 ἀγγέλων,
368 1415 456 1442 καίτοι
480 1414 549 1441 κατὰ
569 1413 650 1446 φύσιν
667 1413 713 1438 καὶ
731 1413 764 1446 τῇ
787 1411 837 1445 τῆς
854 1409 913 1436 θεό-

122 1474 206 1501 τητος
225 1465 345 1499 ὑπεροχῇ
359 1462 393 1489 τὰ
409 1462 497 1488 πάντα
512 1459 610 1492 νικῶν;
625 1457 729 1486 Οὐκοῦν
743 1457 790 1484 καὶ
807 1455 913 1491 ἄνθρω-

125 1521 177 1543 πος
190 1510 320 1545 γεγονὼς,
334 1508 578 1542 πεπλεονέκτηκεν,
590 1505 628 1536 ὡς
642 1504 718 1535 Θεὸς,
733 1503 784 1537 τὴν
799 1502 913 1536 ἀόρατον

125 1557 232 1588 κτίσιν,
248 1556 262 1582 6
277 1553 357 1585 αὐτὸς
372 1552 409 1579 ὢν
426 1551 596 1585 ἀπαύγασμα
619 1549 666 1576 καὶ
691 1546 842 1583 χαρακτὴρ,
867 1545 915 1572 καὶ

126 1601 316 1637 ἐργασάμενος
339 1597 394 1625 τῶν
419 1597 560 1633 ἁμαρτιῶν
583 1595 662 1630 ἡμῶν
683 1595 730 1620 τὸν
746 1591 917 1627 καθαρισμδν

127 1648 225 1682 αἵματι
242 1646 280 1681 τῷ
301 1645 367 1680 ἰδίῳ.
382 1641 430 1676 Εἷς
453 1641 499 1669 οὖν
526 1643 580 1678 ἄρα
598 1640 734 1676 Χριστὸς,
756 1639 804 1665 καὶ
837 1637 916 1670 Υἱὸς,

129 1694 178 1720 καὶ
198 1692 310 1727 Κύριος.

170 1749 178 1765 ι
194 1739 229 1765 ’⁷0
243 1747 273 1765 τε
291 1738 346 1773 γὰρ
366 1735 487 1771 ἁγιάζων
502 1734 549 1761 καὶ
564 1734 588 1760 οἰ
608 1732 796 1767 ἁγιαζόμενοι,
809 1730 840 1762 ἐξ
859 1730 918 1761 ἐνδς

130 1785 242 1815 πάντες.
257 1784 296 1809 Δι’
309 1784 342 1818 ἣν
355 1782 443 1808 αἰτίαν
457 1781 507 1807 οὐκ
522 1778 715 1813 ἐπαισχύνεται
727 1776 859 1810 ἀδελφοὺς
873 1774 919 1801 αὺ-

130 1832 194 1862 τοὺς
207 1830 308 1861 καλεῖν,
325 1827 427 1861 λέγων·
449 1824 609 1860 Ἀπαγγελῶ
630 1823 660 1850 τὸ
684 1822 769 1856 ὄνομά
793 1830 840 1847 σου
863 1821 920 1851 τοῖς

132 1876 258 1910 ἀδελφοῖς
277 1883 339 1910 μου.
352 1884 361 1899 ι
380 1873 416 1899 Τὺ
431 1872 502 1899 κατὰ
516 1871 597 1906 φύσιν
610 1870 686 1904 ἆγιον
700 1869 749 1904 οὐχ
764 1867 918 1902 ἁγιάζεται,

131 1923 173 1948 ὅτι
188 1922 224 1957 μή
239 1922 296 1947 ἐστι
310 1919 437 1956 προσδεὲς
445 1917 596 1952 ἀγιασμοῦ·
611 1916 641 1942 τό
655 1924 688 1950 γε
709 1915 763 1950 μὴν
790 1914 828 1945 ὡς
852 1912 918 1948 μεθ-

132 1968 187 2000 diu
210 1968 242 2002 τῇ
268 1967 331 2001 παρ’
354 1965 445 2000 ἐτέρου
461 1963 571 1998 γεγονὸς
594 1962 691 1996 ἅγιον,
713 1959 838 1994 ἀγιάξειν
860 1958 919 1984 ἐτέ-

135 2023 198 2049 ρους
211 2014 242 2039 οὺ
257 2011 380 2038 δύναται.
394 2009 455 2041 Πῶς
472 2008 519 2035 οὖν
532 2010 546 2035 6
560 2008 640 2039 αὑτὸς
655 2006 763 2041 ἁγιάζει
780 2005 827 2031 καὶ
841 2004 921 2038 ἁγιά-

134 2060 228 2091 ζεται,
248 2057 388 2093 ζητητέον.
407 2055 527 2089 ’Λγιάζει
546 2054 645 2086 τοίνυν,
667 2053 705 2084 ὡς
726 2051 806 2083 Θεὸς,
825 2050 921 2085 ἰδίωμα

135 2105 242 2140 φύσεως
266 2104 315 2137 τῆς
341 2099 438 2128 ἑαυτοῦ
456 2101 486 2127 τὸ
512 2100 633 2134 ἁγιάζειν
657 2097 789 2125 δύνασθαι
811 2095 919 2131 λαχών·

137 2150 276 2184 ἁγιάζεται
286 2149 314 2175 δὲ
328 2148 386 2184 μεθ’
398 2147 486 2182 ἡμῶν,
498 2145 568 2172 κατὰ
582 2145 612 2171 τὸ
626 2143 803 2179 ἀνθρώπινον.
817 2139 864 2173 Εἷς
875 2139 921 2168 οὖν

952 231 1055 258 locutus
1069 234 1110 258 est
1129 230 1208 265 nobis
1225 230 1251 256 in
1266 229 1345 261 Filio,
1357 235 1437 263 quem
1446 227 1586 255 constituit
1601 227 1733 254 haeredem

953 277 1153 307 universorum,
1165 283 1213 310 per
1224 282 1304 310 quem
1326 274 1391 302 fecit
1412 278 1438 301 et
1453 273 1552 301 saecula
1563 273 1586 299 ⁷.
1607 283 1616 299 ι
1632 272 1734 306 Unigc-

953 323 1040 349 nilum
1059 321 1108 348 Dei
1127 319 1244 348 Verbum
1268 328 1320 347 una
1339 327 1402 347 cum
1417 319 1473 347 Deo
1499 319 1579 347 Patre
1605 318 1737 345 naturalis

955 375 1043 396 rerum
1085 367 1206 394 omnium
1232 366 1361 394 Dominus
1375 372 1435 393 esse
1449 365 1592 392 creditur:
1610 369 1638 391 at
1670 361 1735 397 quia

952 423 1015 444 caro
1050 415 1148 442 factum
1175 418 1227 445 est.
1245 414 1360 442 hzeredis
1388 420 1495 448 quoque
1531 411 1738 447 appellationem

955 461 1078 488 sortitum
1095 463 1148 487 est.
1160 459 1264 486 Dictum
1279 463 1320 486 est
1337 466 1452 492 namque
1469 459 1503 486 ad
1520 458 1598 490 illud,
1612 462 1738 492 tanquam

955 507 987 533 ad
1000 506 1133 533 hominem
1151 505 1235 532 nostri
1257 511 1338 531 causa
1363 503 1449 531 nostri
1463 503 1579 531 similem
1596 502 1738 530 ell'ectum:

958 562 967 578 ι
987 552 1095 579 Pnstula
1116 559 1130 577 a
1145 558 1197 582 me,
1215 555 1244 578 et
1257 550 1328 578 dabo
1354 549 1403 576 tibi
1435 553 1528 583 gentes
1551 548 1739 575 hacreditatem

957 603 1041 630 tuam,
1064 601 1092 624 et
1118 596 1319 631 possessionem
1345 600 1419 621 tuam
1442 594 1575 621 terminos
1604 597 1681 619 terra:
1692 593 1713 618 ⁸.
1728 602 1738 617 ι

956 643 1147 671 Verumtamen
1163 649 1209 676 per
1221 642 1313 676 ipsum
1321 645 1448 675 tanquam
1464 647 1511 675 per
1524 639 1618 670 Deum,
1633 642 1743 672 propter

957 689 1103 716 humanam
1130 692 1254 714 naturam
1278 686 1395 714 hatredis
1421 684 1553 713 vocabulo
1568 683 1742 718 appellatum,

958 735 1013 768 ipsa
1029 741 1137 768 quoque
1154 733 1251 761 secula
1275 733 1381 760 condita
1402 731 1500 758 asserit
1520 738 1528 757 :
1547 729 1644 757 tribuit»
1670 728 1742 755 enim

959 780 984 806 id
1019 786 1131 806 summa:
1162 778 1243 805 Verbi
1275 777 1441 812 antiquitati.
1476 775 1553 804 Unus
1583 775 1676 809 itaque
1703 780 1745 800 est

960 825 1086 852 Christus
1114 828 1138 851 et
1156 823 1250 855 Filius,
1263 824 1332 849 idem
1350 823 1420 850 Deus
1435 821 1516 849 simul
1540 825 1567 848 et
1582 821 1673 848 homo.

996 880 1006 896 ι
1018 870 1067 903 Qui
1085 877 1145 897 cum
1164 869 1202 896 sit
1216 869 1343 903 splendor
1357 868 1460 902 gloriae,
1471 872 1499 894 et
1518 868 1602 902 ﬁgura
1620 866 1745 894 substan-

960 916 1002 943 tia:
1017 916 1085 949 ejus,
1101 920 1267 949 portansque
1291 914 1384 941 omnia
1413 913 1496 940 verbo
1514 912 1622 939 virtutis
1638 918 1703 943 suae,
1719 916 1746 938 et

959 960 1145 996 purgationem
1170 963 1343 994 peccatorum
1372 957 1484 990 faciens,
1507 957 1582 984 sedet
1602 956 1634 983 ad
1655 956 1747 983 deste-

961 1015 1017 1034 ram
1046 1005 1196 1039 maiestatis
1219 1005 1245 1031 in
1270 1003 1495 1031 excelsisztanto
1521 1001 1618 1029 melior
1644 1000 1746 1035 angelis

959 1054 1082 1084 eltectus,
1102 1055 1203 1086 quanto
1216 1049 1384 1076 differentius
1405 1055 1502 1075 nomen
1518 1054 1574 1080 pra:
1590 1046 1642 1073 illis
1660 1047 1746 1073 haere—

960 1098 1056 1126 ditm-it
1068 1098 1090 1125 ο.
1111 1107 1120 1124 ›
1138 1097 1206 1131 Qua,
1223 1103 1325 1130 qiimso,
1346 1095 1453 1122 ratione
1472 1093 1602 1128 splendor
1617 1092 1663 1119 ille
1689 1090 1746 1125 glo-

962 1145 1008 1171 riae
1035 1148 1207 1177 paternasque
1223 1141 1382 1169 substantia:
1392 1140 1546 1171 character,
1560 1139 1611 1166 hoc
1626 1141 1668 1164 est
1684 1136 1746 1163 uni-

961 1189 1066 1224 genitus
1080 1188 1124 1215 Dei
1140 1187 1234 1218 Filius,
1252 1186 1297 1221 qui
1323 1185 1484 1212 naturaliter
1496 1191 1528 1211 ex
1553 1183 1599 1210 illo
1615 1181 1748 1217 procedit,

962 1239 1133 1269 peccatorum
1156 1233 1344 1267 purgationem
1373 1230 1476 1258 iaciens
1499 1229 1628 1264 (dubium
1656 1232 1748 1254 autem

963 1279 1064 1306 nullum
1077 1283 1129 1311 est,
1139 1277 1203 1312 quin
1216 1285 1263 1311 per
1273 1276 1409 1310 proprium
1422 1273 1594 1309 sanguinem)
1610 1273 1641 1299 ad
1662 1271 1750 1299 Patris

963 1326 1102 1351 dexteram
1129 1322 1281 1353 considere,
1302 1321 1421 1354 ipsisque
1442 1317 1544 1353 angelis
1571 1315 1749 1344 excellentior

964 1370 1050 1397 factus
1062 1368 1239 1404 praedicatur?
1271 1367 1368 1393 Annon
1394 1363 1541 1391 secundum
1559 1367 1696 1391 naturam,
1708 1359 1751 1386 di-

964 1414 1138 1448 vinitatisque
1148 1412 1335 1444 eminentiam,
1348 1411 1426 1444 longe
1434 1408 1542 1435 excellit
1555 1405 1666 1433 omnia?
1679 1404 1751 1431 Sane

964 1460 1035 1486 idem
1049 1458 1161 1486 omnino
1177 1461 1205 1483 ut
1220 1456 1300 1485 Deus,
1311 1459 1483 1489 paternumque
1495 1448 1652 1477 substantia:
1665 1448 1749 1482 ﬁgura

965 1510 992 1532 ct
1011 1503 1149 1539 splendor,
1168 1499 1373 1536 inspectabilem
1396 1498 1468 1524 illam
1492 1499 1646 1522 creaturam
1670 1492 1751 1527 longe

967 1549 1077 1578 excellit
1092 1549 1172 1576 etiam
1187 1548 1267 1574 homo
1285 1546 1385 1576 factus,
1399 1541 1567 1575 ctsauguine
1583 1547 1632 1567 suo
1641 1543 1752 1574 peccata

968 1600 1058 1623 nostra
1070 1593 1229 1622 emundaus.
1243 1591 1318 1619 Unus
1334 1590 1427 1625 itaque
1438 1593 1479 1616 est
1490 1586 1617 1615 Christus
1627 1590 1654 1613 et
1667 1583 1754 1612 Filius

963 1635 994 1671 iet
1010 1641 1150 1670 Dominus.

1006 1743 1016 1759 c
1036 1731 1086 1766 Qui
1115 1730 1277 1762 sanctiﬁcat,
1293 1733 1320 1757 et
1339 1728 1384 1763 qui
1412 1726 1627 1754 sancliﬁeanlur,
1642 1730 1674 1750 ex
1698 1729 1754 1748 uno

968 1786 1072 1806 omnes.
1082 1776 1198 1810 Propter
1213 1782 1293 1810 qualn
1305 1780 1415 1800 causam
1430 1779 1483 1798 non
1497 1769 1673 1797 confunditur
1697 1766 1753 1793 l'ra-

970 1831 1024 1852 tres
1038 1831 1084 1850 cos
1113 1829 1220 1852 vocare,
1237 1820 1347 1847 dicens:
1364 1817 1538 1845 Annuntiabo
1562 1822 1658 1841 nomen
1677 1817 1753 1839 tuum

970 1868 1100 1896 fratribus
1133 1866 1200 1893 meis
1217 1865 1250 1891 ¹⁰.
1266 1873 1275 1890 ι
1294 1862 1370 1896 Quod
1394 1866 1489 1895 suapte
1515 1864 1612 1887 natura
1634 1860 1756 1884 sanctum

969 1918 1022 1946 est,
1038 1913 1063 1939 id
1079 1919 1133 1939 non
1153 1910 1356 1940 sanctilieatur;
1372 1905 1590 1941 quandoquidem
1603 1901 1679 1936 ιιι
1692 1908 1757 1927 sau-

970 1958 1137 1987 ctiﬁcatione
1164 1954 1234 1983 nulla
1261 1954 1376 1987 indiget.
1392 1951 1468 1984 Quod
1490 1954 1578 1976 autem
1609 1947 1756 1982 participa—

972 2006 1044 2033 tione
1058 2003 1175 2039 quadam
1194 2001 1227 2028 ab
1255 1999 1309 2027 alio
1323 1996 1566 2026 sanctiﬁcationem
1582 1996 1757 2021 consecutum

971 2056 1022 2084 est,
1041 2051 1068 2078 id
1084 2049 1152 2077 alios
1165 2046 1337 2075 sanctiﬁcare
1356 2051 1410 2071 non
1427 2046 1523 2077 potest.
1538 2039 1674 2073 Quatritur
1694 2044 1759 2071 ergo

972 2096 1106 2132 quomodo
1117 2094 1186 2122 idem
1203 2091 1365 2121 sanetiticet,
1374 2088 1546 2121 vicissimque
1559 2084 1757 2113 sanctiﬁcetur.

973 2127 1048 2170 liaud
1061 2140 1141 2168 dubie
1152 2138 1269 2166 Verbum
1297 2136 1478 2165 incarnatum,
1493 2137 1522 2159 ut
1539 2131 1619 2162 Deus,
1634 2127 1758 2157 sanctiﬁ-

135 2179 189 2232 ἄρα
202 2179 316 2231 Ῐξρισῑδς
328 2179 376 2220 καὶ
390 2179 454 2224 rid;
470 2192 516 2218 mil.
530 2191 632 2226 Κύριος
643 2209 651 2222 ,
668 2189 788 2224 ἁγιάζων
803 2188 852 2223 μὲν
867 2187 921 2214 θεῖ-

994 2192 1026 2219 it,
1041 2191 1070 2212 ut
1091 2185 1162 2219 quod
1188 2180 1375 2209 sanctiﬁcandi
1405 2179 1457 2205 vim
1485 2184 1540 2204 sua:
1566 2180 1669 2202 naturae
1697 2179 1760 2207 prn-

1161 2229 1168 2232 ’
1192 2229 1197 2232 “
1316 2231 1319 2232 ⁷
1478 2231 1483 2232 γ
1516 2231 1519 2232 ν
1535 2223 1586 2232 ’νη-μ
1614 2221 1759 2232 Ι-.-.λ.........,

137 2243 202 2275 κῶς,
217 2240 395 2276 ἁγιαζόμενος
415 2239 444 2265 δὲ
459 2238 517 2274 μεθ’
531 2237 608 2272 ἡμῶν
623 2235 810 2271 ἀνθρωπίνως.

971 2233 1113 2269 prietatem
1144 2229 1324 2256 obtineatzat
1354 2233 1417 2252 vero
1441 2223 1588 2251 secundum
1614 2221 1760 2247 humanam

137 2293 272 2318 naturam,
293 2286 432 2313 nobiscum
458 2284 651 2312 sunctilicalur.
666 2282 743 2310 Unus
773 2281 855 2316 igitur
877 2286 920 2309 est
939 2279 1062 2308 Christus
1082 2280 1110 2304 et
1141 2275 1271 2302 Dominus
1305 2277 1332 2299 et
1352 2271 1446 2304 Filius,
1462 2268 1637 2297 sanctiﬁcans
1653 2266 1760 2301 quidem

138 2339 167 2361 ut
179 2333 260 2364 Deus,
273 2330 514 2358 sanctiﬁcationem
530 2333 619 2355 autem
643 2327 779 2361 accipiens
805 2327 923 2354 humano
942 2332 1016 2353 more
1035 2322 1185 2350 nobiscum.

177 2390 185 2405 ι
202 2379 354 2414 Κεφάλαιον
367 2378 395 2404 δὲ
407 2377 420 2397 b
435 2378 492 2407 τοῖς
506 2375 662 2410 λεγομένοις
675 2380 699 2393 ε·
717 2373 844 2400 Τοιοῦτον
866 2373 924 2408 ἐχο-

141 2433 190 2460 μεν
204 2423 345 2460 ἀρχιερέα,
365 2422 394 2454 ὃς
414 2421 541 2448 ἐκάθισεν
557 2422 586 2446 ὲν
603 2419 678 2454 δεξιᾷ
693 2419 740 2445 τοῦ
763 2418 856 2453 θρόνου
873 2418 924 2452 τῆς

142 2469 334 2505 μεγαλωσύνης
353 2469 381 2494 ἐν
395 2469 451 2499 τοῖς
469 2467 602 2502 οὐρανοῖς,
623 2465 678 2491 τῶν
694 2464 778 2498 ἁγίων
801 2464 924 2498 λειτουρ-

140 2516 197 2549 γὸς,
216 2515 264 2542 καὶ
279 2514 328 2549 τῆς
342 2513 442 2548 σκηνῆς
457 2512 508 2547 τῆς
521 2511 660 2547 ἀληθινῆς,
675 2511 709 2546 ἣν
725 2509 823 2544 ἔπηξεν
838 2509 852 2534 6
868 2507 925 2535 Κύ-

142 2569 209 2596 ριος,
230 2560 275 2586 καὶ
289 2560 338 2585 οὐκ
359 2558 510 2594 ἄνθρωπος.
523 2566 532 2582 ι
550 2557 581 2583 Εἰ
596 2557 650 2587 πᾶς
666 2556 765 2590 ἱερεὺς,
783 2554 855 2581 κειοά
873 2563 926 2589 φη-

141 2613 185 2632 σιν
200 2606 214 2632 ὁ
238 2605 371 2640 μακάριος
385 2603 500 2636 Παῦλος,
514 2603 553 2635 εἰς
568 2602 598 2629 τὸ
620 2601 785 2638 προσφέρειν
800 2600 875 2636 δῶρά
896 2607 926 2625 τε

1015 2380 1024 2397 ι
1043 2367 1194 2404 Capitulum
1212 2370 1301 2393 autem
1319 2372 1400 2399 super
1414 2370 1447 2390 ea
1465 2369 1524 2397 qum
1541 2361 1666 2388 dicuntur
1683 2368 1690 2386 :
1707 2358 1759 2386 Ta-

976 2417 1027 2444 iem
1050 2416 1181 2443 habemus
1206 2411 1373 2447 pontiﬁcem,
1395 2409 1440 2444 qui
1462 2407 1584 2435 consedit
1604 2407 1630 2434 in
1650 2406 1760 2433 dextera

976 2463 1050 2491 sedis
1063 2459 1258 2495 magnitudinis
1271 2458 1299 2484 in
1314 2456 1403 2489 oculis,
1415 2458 1572 2482 sanctorum
1589 2451 1721 2482 minister.
1735 2455 1763 2477 et

977 2505 1143 2534 tabernaculi
1153 2504 1219 2536 veri,
1229 2503 1300 2538 quod
1310 2500 1514 2532 lixitDominus,
1523 2503 1550 2526 et
1559 2505 1609 2525 non
1616 2497 1697 2524 homo
1705 2495 1737 2522 “.
1750 2504 1760 2520 ι

978 2552 1006 2579 Si
1020 2552 1095 2586 juxta
1110 2549 1180 2577 beati
1209 2547 1285 2574 Pauli
1309 2546 1459 2573 doctrinam
1482 2542 1570 2570 omnis
1585 2540 1712 2569 sacerdos
1729 2539 1762 2565 ad

977 2597 1142 2626 ollercndum
1157 2596 1226 2623 dona
1250 2598 1278 2622 et
1304 2591 1438 2622 sacriﬁcia
1458 2589 1624 2622 assumitur,
1639 2595 1692 2615 non
1711 2585 1762 2614 sibi

179 2684 189 2699 ⁷
203 2683 283 2711 llebr.
297 2692 317 2715 l,
332 2683 356 2714 l,
371 2682 399 2709 2.
438 2682 448 2697 ⁸
461 2681 531 2708 Psal.
546 2688 573 2713 ιι,
590 2680 617 2708 8.
655 2680 664 2696 ⁹
677 2679 758 2707 Hebr.
772 2687 792 2712 ι,
810 2678 836 2712 5,
852 2678 879 2705 4.
918 2679 921 2692 ³

994 2676 1033 2703 br.
1047 2682 1077 2707 ιι,
1093 2674 1136 2706 ll,
1153 2673 1197 2701 19..
1239 2672 1259 2689 ἰ
1274 2671 1356 2700 Hebr.
1372 2678 1432 2704 vni,
1451 2669 1478 2703 1,
1493 2668 1522 2697 2.

672 2757 757 2784 Varia:
770 2755 899 2783 lectiones
913 2753 1014 2782 codicis
1033 2750 1215 2787 Segnieriani.

206 2827 353 2863 πεφηνότα..
391 2827 404 2848 1³
422 2826 477 2854 ἐπὶ.
501 2832 509 2845 ε
529 2825 692 2862 εἰρημένοις.
