1872 3057
153 128 220 158 l3“

153 185 231 213 litant
245 186 291 222 qui
307 187 340 214 ad
361 187 507 215 sacerdotii
530 187 696 218 iunctionem
720 189 941 225 seliguntur.sed
955 190 979 219 Δ

153 231 274 265 Deo,cui
294 233 329 260 ab
353 233 479 261 universa
500 240 625 262 creatura
647 235 736 264 cultus
750 236 942 271 veneratioque

153 277 319 304 debeturmt
333 278 378 312 qui
406 278 461 306 Deo
479 279 644 313 ministram.
660 289 712 309 non
737 282 858 317 ejusdem
880 289 941 309 cum

152 323 208 351 Deo
221 324 326 352 ordinis
346 329 437 358 erunt,
454 333 542 361 neque
564 327 677 362 gloriam
693 329 896 363 eamdem,quaa
915 328 941 355 itt

152 370 239 404 ipsum
254 369 484 404 solttmeonvenit,
501 373 668 406 sortientur;
683 381 768 409 ecquo
782 382 847 407 ergo
863 375 942 402 ntodo

151 415 285 449 Christus,
297 421 388 444 noster
395 418 515 452 pontifex
526 418 650 451 eﬂ‘ectus.
661 420 687 447 in
698 421 809 448 dextera
818 421 864 448 Dci
875 421 943 448 assi-

152 459 206 492 det,
221 461 560 499 thronumquemajestatis
574 465 599 492 in
609 465 686 493 cmlis
701 466 816 499 obtinet,
832 470 942 494 saneto-

152 512 267 541 rumque
279 516 311 534 ac
325 510 433 543 superni
444 514 471 536 et
486 510 543 537 veri
553 510 625 538 illius
633 511 803 539 tabernaculi
812 513 941 540 sacerdos

151 553 321 593 constitutus
331 561 393 588 est;
408 561 434 582 et
451 555 524 582 Patri
538 561 566 583 et
585 557 680 592 sibipsi
696 565 805 593 quoque
821 559 942 585 ontnium

151 605 248 633 preces
263 591 396 629 elici-ens?
419 601 494 629 Unus
509 602 592 637 igitur
606 610 648 631 est
665 604 792 631 Christus
806 604 941 637 etFilius,

153 645 199 678 qui
211 645 319 680 quidem
339 652 367 674 ttt
384 648 501 679 Deus,in
514 648 668 676 divinitatis
686 657 741 676 suae
757 650 855 678 throno
877 658 944 677 eon-

153 690 242 724 sialct;
258 697 286 717 ttt
297 700 363 719 vero
378 694 468 720 divina
485 693 687 728 dispensatione
701 694 825 722 humanas
839 700 943 722 natura).

153 737 289 770 particeps
304 737 426 770 cﬂ’cctus,
439 739 555 767 ministri
576 740 764 775 pontiﬁcisque
787 740 874 770 locum
895 749 944 768 no-

154 790 270 816 menque
283 785 395 812 sortitus
414 790 466 812 est.

191 838 201 855 ι
216 827 332 864 Ideoque
343 836 370 858 et
386 839 435 859 nos
451 836 554 859 tantam
571 832 702 861 habentes
729 833 883 867 impositam
896 841 945 860 nu-

152 875 214 901 bem
227 876 347 907 testium.
364 878 528 913 deponentes
549 886 631 906 (nunc
654 879 759 914 pondus
773 884 800 908 et
825 880 942 907 circutn-
960 884 981 911 Β

152 927 227 948 stans
254 930 302 949 nos
321 929 474 957 peccatum,
494 932 542 958 per
564 925 724 960 patientiam
751 933 894 953 curramus
909 926 944 953 ad

152 967 320 1000 propositum
332 969 411 995 nobis
426 974 575 1001 certamen,
586 970 755 1005 aspicientes
769 971 796 999 in
804 975 943 998 auctorem

152 1009 214 1037 ﬁdei
245 1015 272 1038 et
304 1018 550 1040 consummaturem
588 1014 680 1042 Jesutn
708 1015 871 1048 Christum,
897 1017 942 1050 qui

151 1056 290 1089 proposito
306 1057 357 1083 sibi
378 1058 477 1092 gaudio
493 1059 624 1086 sustinuit
647 1067 767 1092 crucem,
783 1060 944 1088 confusione

151 1106 317 1136 contempta,
332 1108 413 1138 atque
435 1105 460 1131 itt
482 1107 592 1133 dextera
623 1106 695 1133 sedis
721 1105 767 1133 Dei
790 1107 867 1134 sedet
883 1107 914 1133 ι’.
931 1117 940 1132 ι

151 1147 179 1174 Si
196 1146 322 1177 Christus
337 1154 378 1176 est
395 1155 497 1177 tantttm
519 1152 611 1185 homo,
626 1156 653 1179 et
677 1160 729 1178 non
757 1152 826 1179 Deus
851 1157 942 1180 nostra

150 1200 233 1221 t'artte
248 1201 311 1221 vere
327 1195 447 1228 indutus,
460 1197 596 1231 quodnam
627 1198 754 1232 gaudium
775 1199 826 1232 ipsi
844 1206 944 1233 propo—

149 1240 231 1267 situm
247 1240 313 1267 dicit
325 1250 333 1273 ;
345 1244 532 1277 autquomotlo
543 1243 576 1270 ad
592 1244 846 1278 divituentajestatis
854 1244 944 1272 dexte-

149 1293 207 1312 ram
224 1287 365 1316 consedit?
376 1288 457 1322 Atqui
473 1290 600 1324 gaudium
612 1294 670 1316 erat
686 1291 723 1316 illi
743 1291 911 1325 propositum
927 1299 935 1318 :

148 1332 282 1367 siquidem
294 1342 422 1368 suprema
441 1335 478 1362 illi
495 1340 591 1362 natura
624 1337 649 1362 in
681 1337 821 1371 perpetuis
839 1337 943 1365 deliciis

150 1385 236 1414 usque
245 1384 384 1407 versatur:
398 1385 423 1407 et
439 1387 564 1414 corpore,
574 1383 645 1415 quod
661 1382 784 1416 cruciﬁgi
799 1382 879 1416 112
891 1390 941 1417 po-

151 1430 231 1459 terat,
244 1432 394 1460 asstuupto.
409 1435 518 1455 crucem
532 1428 671 1461 sustinuit,
683 1428 826 1462 crucisque
837 1428 941 1463 suppli-

149 1472 221 1499 t-iutn
239 1481 393 1508 perpessus,
408 1474 461 1501 Deo
470 1480 496 1501 ct
511 1474 586 1502 Patri
611 1475 720 1502 dextera
740 1475 850 1502 assedit.
868 1475 942 1503 Untts

150 1519 263 1553 proinde
289 1520 420 1547 Dominus
441 1520 522 1548 Iesus
545 1521 682 1552 Christus.
702 1521 850 1549 cruciﬁxus
879 1522 939 1556 qui-

150 1564 210 1590 dem
245 1570 275 1592 ut
313 1566 404 1598 homo,
439 1574 500 1594 cum
539 1565 620 1594 Patre
659 1574 724 1594 vero
758 1575 875 1603 regnans
912 1557 979 1596 ιιιο

150 1609 233 1638 Deus.

311 1667 388 1699 Quod
408 1677 475 1694 tutus
496 1667 585 1695 Filius
604 1674 627 1696 et
650 1669 788 1698 Dentium.

269 1721 311 1751 Ea:
331 1723 473 1759 Evangelia
493 1726 636 1752 secundum
659 1724 826 1753 illati/imum.

187 1788 198 1806 ι
215 1778 312 1809 Omnia
329 1781 393 1808 mihi
410 1781 506 1808 tradita
523 1787 585 1809 sunt
599 1790 613 1809 τι
627 1781 709 1809 Patre
724 1790 805 1810 meo:
821 1787 848 1810 et
863 1790 951 1814 nemo,

150 1827 225 1853 novit
240 1816 351 1857 Filium.
365 1827 414 1854 nisi
430 1827 509 1854 Pater
524 1836 531 1854 :
547 1835 634 1860 tneque
649 1827 757 1855 Patrem
773 1829 835 1863 quis
849 1829 940 1860 novit,

149 1870 201 1897 nisi
215 1869 308 1902 Filius,
321 1875 348 1897 et
361 1871 403 1898 cui
415 1871 531 1899 voluerit
545 1871 629 1901 Filius
645 1873 776 1900 revelare.
792 1882 801 1897 ι
818 1873 847 1902 Si
862 1881 941 1901 nemo

149 1914 247 1943 Filium
266 1916 356 1950 novit,
375 1917 427 1944 nisi
445 1908 519 1944 solus
537 1917 637 1951 Pater;
657 1919 792 1953 quomodo
811 1925 875 1946 sunt
894 1921 940 1955 qui

148 1961 239 1989 Patris
254 1962 438 1990 testimonium
455 1963 535 1991 veluti
553 1964 688 1994 infirmum
706 1965 870 1998 rcpudiattt?
886 1966 939 1993 Os-

149 2008 234 2034 tendit
255 2008 280 2036 is
297 2014 385 2036 autettt
407 2009 505 2036 Filium
526 2018 604 2037 suum
626 2011 652 2037 in
671 2010 790 2038 Iordane
809 2012 859 2039 Itac
875 2020 939 2039 ora-

147 2053 222 2081 tione
241 2062 249 2081 :
272 2063 281 2079 ι
302 2054 366 2087 llic,
385 2055 488 2090 inquit,
506 2061 549 2083 est
567 2056 651 2084 Filius
669 2065 745 2084 meus
764 2058 893 2090 dilectus,
913 2059 938 2085 in

147 2107 201 2133 quo
222 2101 287 2127 mihi
310 2101 379 2128 bene
401 2103 597 2137 complacui“.
622 2111 632 2129 ι
656 2103 737 2138 Atqui
760 2112 812 2130 non
836 2105 937 2131 nudum

149 2146 266 2174 Verbum
287 2147 323 2174 ob
344 2148 438 2176 oculos
460 2148 538 2175 ttobis
560 2150 665 2183 posuit.
688 2149 734 2176 sed
757 2149 937 2177 incarnatum.

146 2191 239 2228 Neque
252 2192 319 2219 dixit
336 2203 342 2220 :
358 2194 385 2220 In
403 2194 454 2222 hoc
469 2199 510 2221 est
527 2194 612 2222 Filius
627 2203 703 2222 tneus
719 2195 848 2228 dilectus;
865 2197 912 2223 sed
929 2206 935 2223 :

145 2237 207 2271 Hic,
220 2247 300 2273 quem
315 2247 406 2267 coram
421 2240 532 2269 cernitis
547 2240 572 2266 itt
586 2248 680 2274 carne,
694 2246 735 2271 est
752 2241 835 2268 Filius
851 2250 936 2274 meus.
955 2227 976 2263 Di

147 2281 221 2312 Unus
237 2285 328 2320 itaque
344 2290 384 2312 est
401 2285 531 2312 Dominus
546 2291 572 2312 et
588 2284 683 2313 Filius.

275 2341 319 2368 E1:
336 2342 479 2377 Evangelia
497 2344 640 2372 secundum
653 2344 797 2378 Joannem.

182 2406 192 2423 ι
211 2397 275 2425 Erat
292 2397 337 2425 lux
352 2405 426 2430 vera,
443 2406 502 2433 qua!
520 2399 654 2427 illuminat
671 2407 778 2427 onmem
797 2400 947 2434 hominem,

141 2443 298 2472 venientem
323 2444 349 2471 itt
377 2445 448 2472 hunc
473 2446 613 2474 mundum.
636 2445 666 2472 ltt
692 2446 793 2473 muntlo
815 2451 884 2479 erat,
907 2451 936 2473 et

143 2492 259 2518 nntndus
277 2499 326 2526 per
342 2491 429 2526 ipsutn
449 2491 535 2519 factus
551 2497 602 2524 est,
620 2497 650 2519 et
666 2493 782 2520 mundtts
799 2499 861 2519 eum
880 2500 934 2520 non

142 2537 277 2569 cognovit.
297 2538 325 2564 ltt
344 2538 451 2572 propria
468 2539 552 2571 venit,
568 2543 595 2565 et
613 2539 655 2565 sui
672 2546 734 2566 eum
751 2546 804 2566 non
822 2546 934 2573 recepe-

143 2589 206 2609 runt
222 2584 229 2598 ¹
245 2603 252 2609 .
265 2591 275 2609 ι
291 2583 360 2612 Ecce
378 2590 506 2613 accurate
517 2586 550 2613 de
562 2585 659 2612 divinis
676 2585 823 2617 disserens.
841 2589 870 2613 et.
886 2592 934 2620 per

142 2627 227 2654 lucent
241 2635 332 2655 veram
346 2629 492 2657 illuminari
506 2638 612 2658 omnem
627 2631 765 2659 hominem
778 2631 930 2658 venientem

141 2673 167 2699 in
181 2673 251 2700 hunc
263 2675 390 2702 tttundum
402 2674 549 2709 aﬂirmans,
562 2677 703 2711 ipsumque
712 2683 782 2708 esse,
794 2683 842 2711 per
851 2683 931 2711 quem

143 2719 258 2746 mundus
273 2725 315 2746 est
329 2721 464 2754 conditus,
489 2722 560 2749 hunc
574 2723 698 2749 eumdem
714 2722 740 2749 in
757 2721 866 2756 propria
881 2729 928 2748 vc-

142 2764 214 2792 nissc
230 2766 367 2799 prmdical.
379 2766 457 2794 Venit
471 2773 562 2795 autem
578 2767 738 2803 Unigcnitus
751 2768 838 2795 lactus
851 2767 932 2794 ltomo

179 2843 201 2858 “
212 2843 294 2870 Hebr.
310 2851 360 2877 xtt,
379 2844 401 2876 Ι,
417 2845 443 2872 2.
484 2845 504 2861 ¹³
517 2846 614 2874 Matth.
631 2853 672 2880 χι,
685 2845 731 2873 27.

664 133 693 160 S.
714 132 854 161 CYRILLI
871 131 1105 161 ALEXANDRINI
1123 130 1283 160 ARCHIEP.

772 2846 792 2861 “
807 2845 902 2873 Matth.
914 2845 941 2877 ὅ,
958 2845 998 2872 l7.

1735 125 1807 154 1312

991 189 1039 216 καὶ
1061 188 1157 220 θυσίας
1181 186 1443 224 παραλαμϐάνεται,
1469 185 1520 222 οὐχ
1546 184 1663 216 ἑαυτοῖς
1688 183 1804 211 τελοῦσι

991 235 1042 268 τὰς
1061 235 1189 271 λατρείας
1203 235 1227 262 οι
1243 233 1404 269 καλούμενοι
1419 232 1488 269 πρὸς
1504 230 1675 268 ἱερωσύνην.
1692 229 1760 264 Θεῷ
1771 230 1802 258 δὲ

993 281 1102 317 μᾶλλον,
1152 281 1182 308 τδ
1198 280 1275 315 παρὰ
1288 279 1379 314 πάσης
1397 278 1514 311 κτίσεως
1532 277 1678 313 ὀφείλεται
1695 275 1801 308 σέϐας·

992 329 1006 355 ό
1019 328 1048 354 δὲ
1069 327 1128 362 Θεῷ
1146 326 1323 363 λειτουργῶν,
1346 327 1397 353 οὐκ
1418 326 1447 352 ὲν
1470 326 1523 360 ῐσῳ
1546 323 1645 360 μέτρῳ
1669 322 1802 349 κείσεται

992 373 1071 407 Θεοῦ,
1092 373 1154 400 οὔτε
1175 373 1228 408 μὴν
1243 372 1292 407 τὴν
1306 372 1381 408 αὐτῷ
1401 372 1448 399 καὶ
1464 371 1539 406 μόνῳ
1559 369 1734 404 πρέπουσαν
1750 376 1801 402 φο-

994 419 1068 454 ρὲσει
1089 418 1180 451 δόξαν.
1202 415 1270 444 Εἶτα
1283 417 1342 449 πῶς
1364 416 1511 452 ἀρχιερεὺς
1535 414 1618 450 ἡμῶν
1639 412 1772 448 γεγονὼς
1789 413 1803 438 ὀ

993 463 1120 500 Χριστὸς,
1136 464 1165 489 ὲν
1180 463 1256 498 δεξιᾷ
1272 463 1391 498 κάθηται
1404 462 1452 498 τοῦ
1469 460 1550 493 Θεοῦ,
1565 461 1615 487 καὶ
1632 459 1680 486 rev
1701 457 1803 493 θρόνον

993 509 1051 545 ἔχει
1071 512 1122 545 τῆς
1146 509 1343 545 μεγαλωσύνης
1367 509 1396 534 ἐν
1416 509 1473 539 τοῖς
1492 507 1641 543 οὺρανοϊς,
1665 504 1720 531 καὶ
1743 503 1802 530 τῶν

994 556 1079 590 ἁγίων
1098 555 1157 582 ἐστὶ
1174 555 1342 590 λειτουργὸς,
1357 554 1405 581 καὶ
1420 554 1469 590 τῆς
1487 553 1592 589 σκηνῆς
1603 553 1659 588 τῆς
1672 551 1736 579 ἄνω
1752 551 1802 578 καί

995 601 1135 638 ἀληθινῆς,
1148 600 1238 637 ἑαυτῷ
1254 610 1284 627 τε
1299 601 1346 628 καὶ
1360 600 1399 636 τῷ
1417 599 1506 635 Πατρὶ
1521 599 1726 635 προσκομίζων
1749 598 1800 628 τὰς

995 648 1070 684 παρὰ
1092 648 1201 675 πάντων
1217 647 1362 685 λατρείαςς
1384 645 1431 678 Εἷς
1450 647 1505 682 ἄρα
1519 645 1579 672 ἐστὶ
1602 644 1732 680 Χριστὸς
1753 644 1802 670 καὶ

997 695 1069 727 Υἱὸς,
1088 693 1243 729 καθήμενος
1257 693 1306 728 μὲν
1320 693 1418 724 Θεῖκῶς
1434 694 1463 719 ὲν
1480 692 1520 727 τῷ
1539 692 1589 727 τῆς
1605 691 1677 720 ίδεας
1699 689 1802 724 Θεότη-

995 750 1041 773 τος
1064 740 1162 776 θρόνῳ,
1186 739 1398 775 κεχρηματικὼς
1411 739 1440 766 δὲ
1459 738 1548 774 ἱερεὺς
1566 738 1615 764 καὶ
1631 736 1801 771 λειτουργὸς

995 786 1175 822 οἰκονομικῶς
1187 785 1231 812 διὰ
1244 786 1275 813 τὸ
1288 784 1469 820 ἀνθρώπινον.

1035 843 1044 860 ι
1060 832 1212 868 Τοιγαροῦν
1229 833 1276 859 καὶ
1292 833 1374 868 ἡμεῖς
1395 830 1523 858 τοσοῦτον
1540 830 1649 865 ἔχοντες
1668 827 1799 863 περικεί-

997 887 1078 915 μενον
1108 879 1175 914 ὴμῖν
1206 878 1288 912 νέφος
1323 877 1485 913 μαρτύρων,
1511 876 1593 910 ὄγκον
1622 874 1798 909 ἀποθέμενοι

995 926 1084 953 πάντα
1109 926 1159 953 καὶ
1179 925 1228 961 τὴν
1243 925 1438 960 εὐπερίστατον
1461 922 1613 958 ἁμαρτίαν,
1634 921 1670 948 δι’
1687 922 1798 955 ὑπομο-

995 972 1043 1006 νῆς
1065 971 1208 1006 τρέχωμεν
1225 970 1269 996 τὸν
1286 969 1466 1004 προκείμενον
1492 969 1558 1003 ἡμῖν
1590 967 1709 1001 ἀγῶνα,
1743 968 1799 999 ἀφ-

994 1016 1111 1051 ορῶντες
1126 1017 1166 1048 εἰς
1182 1016 1228 1042 τὸν
1236 1016 1287 1050 τῆς
1300 1015 1418 1046 πίστεως
1436 1014 1558 1049 ἀρχηγὸν
1574 1014 1622 1039 καὶ
1643 1012 1799 1047 τελειωτὴν

1001 1062 1104 1097 Ἰησοῦν
1130 1062 1263 1098 Χριστόν
1284 1061 1314 1091 ὃς
1340 1061 1401 1087 ἀντὶ
1424 1059 1475 1094 τῆς
1500 1059 1690 1095 προκειμένης
1719 1059 1798 1094 αὐτῷ

994 1111 1082 1145 χαρᾶς
1107 1109 1239 1144 ὑπέμεινε
1259 1108 1386 1143 σταυρὸν,
1405 1106 1538 1142 αἰσχύνης
1561 1107 1794 1140 καταφρονήσας,

995 1157 1042 1183 καὶ
1061 1157 1091 1183 ἐν
1107 1155 1182 1191 δεξιᾷ
1208 1155 1256 1182 τοῦ
1274 1155 1369 1190 θρόνου
1387 1153 1434 1180 τοῦ
1460 1153 1528 1180 Θεοῦ
1552 1153 1716 1180 κεκάθικεν.
1731 1162 1742 1178 ι
1764 1153 1794 1178 ΕΞ

995 1202 1084 1234 κοινὸς
1100 1202 1242 1237 ἄνθρωπος
1255 1202 1269 1228 ό
1285 1200 1413 1236 Χριστὸς,
1431 1200 1479 1226 καὶ
1493 1200 1524 1226 οὐ
1540 1199 1610 1231 Θεὸς
1622 1198 1750 1232 ἀληθῶς,
1767 1199 1795 1224 ἐν

995 1248 1078 1284 σαρκί
1099 1256 1130 1275 τε
1155 1247 1320 1282 καθ’ήμᾶς,
1338 1247 1418 1273 ποίαν
1437 1246 1512 1281 αὐτῷ
1538 1244 1704 1280 προκεῖσθαί
1727 1252 1794 1278 φησι

993 1293 1044 1329 τὴν
1065 1293 1170 1328 χαράν;
1189 1293 1206 1327 ἢ
1228 1293 1287 1324 πῶς
1308 1291 1456 1319 κεκάθικεν
1476 1292 1506 1317 ὲν
1526 1290 1602 1325 δεξιᾷ
1622 1290 1672 1316 τοῦ
1695 1289 1794 1324 θρόνου

993 1339 1040 1366 ’τοῦ
1057 1340 1142 1372 Θεοῦς
1161 1339 1243 1366 ’Λλλὰ
1260 1338 1313 1374 μὴν
1332 1338 1479 1373 προῦκειτό
1496 1346 1525 1364 τε
1542 1336 1617 1372 αὐτῷ
1631 1337 1706 1371 χαρὰ.
1736 1335 1794 1370 (καὶ

993 1387 1048 1422 γάρ
1071 1387 1144 1413 ἐστιν
1175 1385 1205 1412 ἐν
1228 1384 1430 1420 ὰκαταλήκτοις
1451 1382 1598 1419 θυμηδίαις
1617 1383 1634 1417 ἡ
1659 1382 1792 1408 ἀνωτάτω

993 1431 1097 1467 φύσις),
1111 1432 1240 1467 ὑπέμεινε
1255 1431 1283 1458 δὲ
1301 1430 1428 1466 σταυρὸν,
1443 1429 1474 1456 τὺ
1496 1428 1690 1464 σταυρωθῆναι
1711 1427 1789 1454 δυνὰ-

995 1485 1074 1512 μενον
1092 1476 1156 1503 ἴδιον
1175 1475 1359 1511 ποιησάμενος
1382 1474 1476 1510 σῶμα·
1492 1474 1539 1500 καὶ
1554 1472 1640 1504 αὐτδς
1654 1472 1670 1498 ὀ
1693 1473 1789 1498 ἐσταυ-

995 1523 1117 1558 ρωμένος
1137 1522 1284 1550 κεκάθικεν
1298 1523 1328 1548 ἐν
1347 1520 1422 1556 δεξιᾷ
1434 1519 1481 1546 τοῦ
1501 1518 1570 1546 Θεοῦ
1585 1519 1635 1546 καὶ
1658 1518 1767 1554 Πατρός
1778 1538 1786 1546 .

996 1566 1042 1601 Εἷς
1066 1568 1120 1603 ἄρα
1144 1568 1247 1604 Κύριος
1265 1567 1370 1603 Ἰησοῦς
1390 1566 1525 1602 Χριστὸς,
1550 1564 1724 1601 σταυρωθεὶς
1744 1564 1790 1599 μὲν

995 1616 1185 1652 ἀνθρωπίνως,
1199 1614 1366 1650 συνεδρεύων
1379 1613 1408 1639 δὲ
1423 1612 1521 1643 Θεῖκῶς
1535 1612 1576 1647 τῷ
1591 1611 1694 1646 Πατρί.

1183 1672 1245 1698 Ὅτι
1259 1669 1302 1703 εἷς
1320 1670 1387 1702 Υἱὸς
1404 1669 1453 1696 καὶ
1475 1669 1596 1703 Κύριος.

1189 1728 1241 1754 Ἐκ
1262 1727 1315 1754 τοῦ
1334 1725 1411 1753 κατὰ
1428 1725 1591 1752 Μίιτθαῒον.

1032 1794 1047 1813 ι,
1063 1784 1156 1811 Πάντα
1173 1792 1218 1819 μοι
1233 1782 1370 1819 παρεδόθη
1391 1781 1444 1809 ὑπὸ
1457 1780 1505 1808 τοῦ
1522 1781 1632 1816 Πατρός
1652 1789 1705 1815 μου
1718 1788 1726 1796 ·
1745 1781 1788 1806 καὶ

992 1832 1080 1863 οὐδεὶς
1096 1830 1224 1865 γινώσκει
1243 1829 1289 1856 τὸν
1307 1829 1381 1861 Υῐὸν,
1399 1829 1423 1854 εἰ
1439 1827 1476 1863 μὴ
1492 1828 1506 1854 ό
1521 1827 1637 1861 Πατήρ·
1656 1827 1717 1853 οὐδὲ
1740 1827 1782 1852 τὴν

993 1876 1103 1911 Πατέρα
1118 1884 1160 1907 τις
1171 1874 1314 1909 γινώσκει,
1328 1873 1353 1900 εἰ
1369 1873 1407 1909 μὴ
1422 1873 1437 1898 ὀ
1449 1872 1525 1905 Υἱὸς,
1541 1872 1590 1900 καὶ
1602 1869 1626 1905 ᾧ
1647 1872 1681 1899 ἂν
1696 1871 1787 1907 βούλη-

991 1932 1036 1949 ται
1053 1924 1067 1949 ό
1087 1922 1150 1953 Υἱὸς
1172 1920 1358 1955 ἀποκαλύψαι.
1379 1929 1389 1946 ι
1407 1919 1520 1951 Οὐδενὸς
1544 1918 1730 1952 γινώσκοντος
1744 1918 1792 1949 τὸν,

992 1968 1067 2001 Υἱόν,
1082 1968 1106 1994 εὶ
1123 1967 1160 2002 μὴ
1181 1966 1264 2002 μόνου
1281 1965 1336 1996 τοῦ,
1348 1965 1467 2000 Πατρὺς,
1490 1964 1549 1996 πῶς
1565 1964 1695 1990 ἁθετοῦσί
1717 1973 1784 1996 τινες

991 2015 1041 2048 τὴν
1058 2013 1106 2040 τοῦ
1120 2013 1228 2048 Πατρδς
1241 2011 1411 2047 μαρτυρίαν;
1434 2010 1573 2043 ’Υπὲδειξε
1588 2009 1644 2045 γὰρ
1661 2009 1709 2036 τὸν
1724 2009 1783 2036 ἴδιον

991 2059 1056 2085 Υἱὸν
1083 2059 1111 2084 ὲν
1127 2057 1166 2093 τῷ
1189 2057 1322 2092 Ἰορδάνῃ,
1337 2056 1425 2090 λέγων
1436 2064 1443 2072 ·
1460 2065 1469 2081 t
1488 2053 1573 2086 Οὗτός
1590 2055 1667 2081 ἔστιν
1691 2057 1706 2082 ό
1725 2055 1782 2087 Υἱός

991 2114 1042 2139 μου
1059 2105 1073 2131 ὁ
1087 2103 1239 2138 ἀγαπητὸς,
1260 2103 1290 2128 ἐν
1304 2098 1326 2136 ᾧ
1349 2101 1500 2137 ηὺδόκησα.
1517 2111 1526 2127 ι
1553 2101 1626 2127 Ἀλλ’
1637 2102 1668 2127 οὺ
1683 2102 1782 2137 γυμνὸν

990 2151 1058 2184 ἡμῖν
1073 2158 1109 2176 πα
1115 2147 1218 2184 ρέδειξε
1231 2148 1276 2174 τὸν
1289 2148 1355 2174 ἴδιον
1366 2147 1463 2181 Λόγον,
1476 2147 1532 2174 ἀλλ’
1544 2147 1681 2174 ὲνωθέντα
1694 2147 1779 2182 σαρκί.

990 2195 1045 2221 Καὶ
1070 2195 1121 2220 οὐκ
1144 2194 1267 2229 εἴρηκεν,
1281 2193 1323 2219 ὅτι
1339 2193 1384 2219 Ἑν
1402 2192 1490 2228 τούτῳ
1506 2193 1580 2220 ἐστὶν
1593 2193 1616 2226 ῑὸ
1635 2193 1702 2224 Υἱός
1715 2202 1778 2227 μου,

991 2240 1060 2273 ἀλλ’,
1081 2249 1090 2264 ι
1109 2237 1194 2271 Οὗτός
1213 2240 1297 2271 ἐστιν,
1316 2239 1354 2269 »ςό
1369 2238 1439 2273 μετὰ
1463 2238 1576 2273 σαρκός.
1593 2235 1643 2270 Εἷς
1660 2239 1715 2274 ἄρα
1737 2240 1780 2265 καὶ

991 2286 1093 2323 Κύριος
1109 2286 1155 2312 καὶ
1170 2285 1244 2316 Υἱός.

1096 2342 1214 2369 Ὲιιντοῦ
1227 2335 1306 2371 κτιιά
1325 2340 1464 2374 Ἰωάννην
1481 2341 1680 2375 Εὐαγγελίου.

1027 2409 1035 2424 ι
1052 2396 1108 2425 Ἦν
1128 2398 1160 2424 τὸ
1174 2397 1232 2432 φῶς
1248 2397 1278 2424 τὺ
1301 2396 1437 2432 ἀληθινὸν,
1460 2396 1475 2422 ὃ
1489 2396 1604 2431 φωτίζει
1625 2397 1716 2424 πάντα
1734 2399 1774 2424 ἄν-

987 2446 1098 2482 θρωπον
1115 2445 1263 2481 ἐρχόμενον
1276 2445 1316 2475 είς
1327 2444 1373 2470 τὸν
1385 2444 1497 2479 κόσμον.
1518 2444 1564 2470 ‘Ev
1576 2443 1616 2478 τῷ
1630 2444 1727 2479 κόσμῳ
1735 2443 1773 2479 ἦν.

987 2493 1034 2527 καὶ
1048 2493 1062 2518 ό
1075 2491 1176 2526 κόσμος
1187 2491 1223 2519 δι’,
1235 2489 1317 2517 αὑτοῦ
1340 2489 1458 2524 ἐγένετο,
1471 2490 1518 2516 καὶ
1539 2490 1554 2516 ό
1576 2490 1680 2525 κόσμος
1700 2491 1772 2517 αὑτὸν

987 2538 1037 2565 οὑκ
1051 2537 1132 2571 ἔγνω.
1145 2537 1191 2568 Εἰς
1201 2536 1235 2563 τὰ
1247 2536 1300 2563 ἴδια
1311 2534 1388 2571 ἦλθε,
1398 2536 1446 2566 καὶ
1453 2537 1477 2562 οἱ
1490 2536 1551 2562 ἴδιοι
1564 2535 1648 2562 αὐτὸν
1662 2536 1694 2562 οὐ
1707 2545 1771 2571 παρ-

988 2584 1092 2611 έλαϐον.
1112 2593 1121 2610 ι
1151 2583 1323 2618 Θεολογήσας
1335 2582 1504 2618 ἀρκούντως,
1516 2582 1562 2609 καὶ
1573 2581 1619 2608 διὰ
1631 2582 1681 2609 τοῦ
1694 2582 1771 2617 φωτὸς

985 2629 1033 2656 τοῦ
1048 2628 1176 2664 ἀληθινοῦ
1188 2627 1358 2663 πεφωτίσθαι
1373 2628 1463 2654 πάντα
1479 2627 1623 2662 ἄνθρωπον
1633 2628 1770 2663 ἐρχόμενον

986 2677 1026 2707 εἰς
1040 2675 1086 2702 τὸν
1110 2675 1212 2709 κόσμον
1224 2674 1319 2706 εἰπὼν,
1337 2673 1385 2700 καὶ
1399 2673 1432 2700 δι’
1454 2673 1537 2700 αὐτοῦ
1557 2673 1640 2700 αὐτὸν
1665 2673 1768 2709 πεποιῆι

988 2720 1049 2746 σθαι
1075 2719 1121 2746 τὸν
1135 2719 1248 2754 κόσμον,
1266 2720 1306 2750 εἰς
1331 2719 1365 2745 τὰ
1389 2717 1443 2745 ἴδιά
1462 2727 1545 2753 φησιν
1569 2717 1653 2744 αὐτὸν
1681 2717 1764 2744 ἐλθεῖν.

986 2764 1071 2792 Ἦλθε
1090 2765 1119 2791 δὲ
1138 2765 1257 2799 γεγονὼς
1278 2765 1421 2801 ἄνθρωπος
1443 2765 1458 2791 ὀ
1480 2763 1636 2800 Μονογενὴς
1654 2763 1693 2795 ὡς
1711 2763 1767 2799 πρὸς

1040 2845 1059 2861 ¹³
1070 2844 1148 2872 .Ioau.
1159 2853 1186 2882 'l,
1200 2845 1225 2877 9,
1246 2845 1286 2871 l0.
