1872 3057
96 171 174 201 1515
651 175 694 202 DE
713 174 827 202 BECTA
848 174 927 203 FIDE

945 176 990 203 AD
1010 176 1169 204 REGINAS.
1672 181 1742 209 {5M

98 231 197 263 ἰδίους.
225 232 272 259 καὶ
300 234 354 269 πρό
384 243 413 269 γε
443 234 498 261 τῶν
526 233 613 261 ἄλλων
633 233 695 265 τοὺς
722 233 752 267 ἐξ
779 233 896 268 αἵματος

974 241 1078 269 inquam
1095 235 1129 262 ad
1143 242 1219 268 suos,
1233 240 1260 263 et
1275 237 1411 271 prrccipue
1426 237 1460 264 ad
1477 238 1615 266 lsraelitici
1632 242 1741 274 sangui-

104 277 229 313 Ἰσραήλ.
246 279 311 305 Ὀτε
328 280 418 306 τοίνυν
431 280 511 312 αὐτός
524 280 583 306 ὲστι
599 279 629 305 τὺ
641 279 699 313 φῶς
713 280 744 306 τὸ
756 279 895 315 ἀληθινὸν,

98 322 116 348 ὸ
135 322 170 349 δι’
184 320 214 350 οὗ
230 323 264 350 τὰ
288 324 377 351 πάντα
398 325 457 360 (καὶ
473 325 554 356 αὐτός
575 324 649 351 ἐστιν
673 325 686 350 ὁ
705 324 776 360 μετὰ
796 325 898 360 σαρκὸς

95 367 188 395 ἐλθὼν
206 370 246 400 εὶς
265 369 300 396 τὰ
316 369 384 396 ἴδια·
399 371 458 403 πῶς
479 371 530 397 οὐκ
545 370 694 404 ἀναγκαῖον
715 370 763 396 ἕνα
778 369 897 405 Χριστὸν

97 415 149 442 καὶ
166 416 230 442 Υὲὸν
243 415 387 450 ὁμολογεῖν
399 424 405 448 ;
471 416 473 418 ’

141 471 151 486 ι
176 463 232 488 Καὶ
252 463 266 488 ό
279 462 364 497 Λόγος
388 461 457 496 σὰρξ
482 462 603 497 ἐγένετο,
623 461 672 488 καὶ
695 462 850 497 ἐσκήνωσεν
868 463 897 488 ὲν

101 509 183 544 ἡμῖν,
205 509 252 536 καὶ
269 508 442 544 ἐθεασάμεθα
460 509 510 545 τὴν
536 509 616 541 δόξαν
642 507 736 540 αὐτοῦ,
757 507 836 540 δόξαν
856 508 897 540 ὡς

102 552 275 588 Μονόγενοῦς
289 555 364 590 παρὰ
384 554 503 590 Πατρδς)
519 555 627 590 πλήρης
641 554 754 590 χάριτος
766 555 813 581 καὶ
830 554 897 590 ἀλη-

99 599 187 631 Θειας.
208 609 217 625 ι
237 600 268 626 Εἰ
284 600 381 634 γέγονε
396 600 465 636 σὰρξ
476 600 490 626 ό
505 601 601 635 Λόγος,
613 601 736 627 τουτέστι
748 600 895 635 παραπλη-

99 646 168 677 σίως
183 646 249 680 ἡμῖν
271 646 403 681 μετέσχεν
422 647 539 681 αἵματος
553 647 600 673 καὶ
624 647 735 682 σαρκὸς,
749 647 796 673 καὶ
814 648 897 682 σπέρ-

101 700 189 726 ματος
205 692 329 727 Ἀδραὰμ
342 692 504 724 ὲπελάόετο,
516 693 560 719 ἴνα
571 692 643 719 κατὰ
654 692 746 720 πάντα
757 694 813 724 τοῖς
824 693 897 719 ἅδε).-

101 740 163 772 φοῖς
185 738 304 773 όμοιωθῇ
315 745 322 753 ’
340 738 399 770 πῶς
415 738 449 765 ἂν
472 738 619 765 ἐνδοιάσειέ
634 747 677 770 τις
699 738 741 765 ὃτι
757 739 896 774 μεμένηκε

99 785 199 819 Λόγος,
214 784 261 810 καὶ
279 784 347 820 σὰρξ
363 783 500 818 γεγονώς
518 785 670 820 Ἀτρεπτος
680 784 765 821 γὰρὴ
780 785 826 811 τοῦ
844 785 896 811 Λό-

100 839 152 864 γου
166 830 258 864 φύσις.
274 831 329 857 Καὶ
346 831 370 856 εἰ
386 831 592 866 κεχρημάτικεν
608 830 687 866 ἡμῶν
701 830 825 866 ἀδελφὸς,
839 831 898 863 πῶς

100 876 272 910 Μονογενοῦς
287 876 344 912 ἔχει
363 876 459 910 δόξανς
478 877 645 904 Οὑκοῦνκᾶν
663 877 687 903 εἰ
703 877 800 911 γέγονε
818 876 896 911 σὰρξ,

948 280 991 307 nis
1011 280 1144 309 homines.
1163 281 1231 309 Cum
1254 290 1319 317 ergo
1340 283 1396 317 ipse
1416 286 1451 310 sit
1473 283 1518 311 lux
1539 285 1582 312 illa
1601 293 1675 319 vera,
1694 294 1741 320 per

947 333 1027 360 quem
1038 327 1128 353 omnia
1143 333 1204 354 stmt
1216 329 1342 362 conditu;
1355 337 1472 364 cumque
1485 330 1529 357 ille
1541 332 1587 362 sit,
1599 332 1644 366 qui
1660 340 1743 358 came

948 371 1058 398 indutus
1072 372 1146 399 venit
1161 372 1187 399 in
1204 375 1312 408 propria
1329 383 1335 401 :
1352 376 1486 408 quomodo
1500 384 1669 411 consequens
1687 385 1740 404 non

947 421 1004 448 est,
1020 421 1049 443 ut
1063 425 1144 444 unum
1160 418 1297 445 Christum
1313 426 1340 447 et
1360 420 1458 447 Filium
1474 422 1671 449 conliteamur?

986 472 995 488 ι
1016 462 1174 490 Ethrbum
1189 472 1252 491 caro
1268 466 1370 492 factum
1386 471 1442 498 est.
1458 472 1484 494 et
1499 467 1634 494 habitavit
1650 467 1675 494 in
1692 475 1742 494 no—

948 509 1001 542 bi<,
1017 515 1043 536 et.
1056 510 1173 537 vidimus
1182 511 1294 545 gloriam
1304 511 1374 544 eius,
1387 513 1500 546 gloriam
1514 513 1591 547 quasi
1609 512 1742 548 Unigeniti

948 564 963 582 a
981 555 1074 588 Patro,
1097 555 1204 590 plenum
1223 557 1316 590 gratiae
1332 563 1360 584 et
1375 558 1496 585 veritatis
1509 558 1540 584 “.
1551 567 1562 584 τ
1583 559 1610 585 Si
1624 558 1743 585 Verbum

949 603 1048 629 factum
1066 607 1109 629 est
1126 610 1200 635 caro,
1217 604 1351 638 είιιη-ῖὶιιιιο
1367 611 1393 631 et
1411 605 1535 639 sanguini
1552 613 1627 638 teque
1645 612 1676 631 ac
1694 612 1744 631 nos

948 649 1169 679 cuuuuuuiuarit,
1192 649 1270 684 113
1291 656 1323 676 ac
1344 657 1435 677 semcn
1454 651 1571 678 Abrahae
1591 646 1743 686 apprehen-

948 694 998 724 dit,
1015 701 1068 728 ιιιιο
1086 695 1215 721 nimirum
1236 704 1282 729 per
1299 697 1391 724 omnia
1411 697 1541 724 fratribus
1560 697 1616 724 suis
1634 697 1743 724 assimi-

948 734 1103 771 laretur“;
1121 740 1182 774 quis
1199 740 1303 767 dubitet
1326 741 1390 775 quin
1425 741 1450 768 id
1471 742 1550 776 plane
1567 741 1745 776 permanserit

948 785 1019 819 quod
1035 790 1106 815 erat.
1124 786 1230 812 etiamsi
1248 786 1427 814 caro‘factutn
1445 788 1497 815 sit?
1512 788 1650 823 Siquidem
1668 788 1740 814 nulla

950 831 975 857 in
986 831 1065 858 Verbi
1081 837 1207 858 naturam
1223 832 1320 859 cadere
1333 838 1423 866 potest
1437 834 1564 861 mutatio.
1575 833 1618 865 Et,
1630 835 1651 860 si
1662 833 1745 861 frater

949 883 1041 904 uoster
1054 883 1105 909 est,
1122 879 1258 911 quomodo
1273 877 1409 913 Unigcniti
1426 880 1540 914 gloriam
1556 880 1657 907 habet?
1673 879 1746 907 Sane

98 922 178 948 οὐδὲν
193 920 274 958 ἧττόν
291 924 349 949 ἐστι
367 922 433 955 Θεός
443 932 450 939 ·
465 923 514 949 καὶ
525 923 681 959 Μονογενὴς
698 923 748 958 μὲν
769 922 806 955 ὼς
820 923 896 956 Θεὸς,

974 927 1011 949 cet
1033 922 1131 949 factum
1153 924 1189 950 sit
1209 931 1285 954 caro,
1298 922 1374 951 'Deus
1393 930 1481 952 tamen
1500 933 1559 953 esse
1580 933 1632 952 non
1654 925 1743 952 desiit.

100 968 274 1005 πρωτότοκος
288 968 317 995 δὲ
331 968 375 995 διὰ
388 969 433 995 τὸν
449 968 621 1005 ἀνθρώπινον
634 969 762 1004 σταυρόν.

143 1056 270 1093 Ἰωάννης
285 1059 422 1094 μαρτυρεῖ
444 1056 508 1094 ῖιιερὶ
531 1058 625 1090 αὐτοῦ,
647 1059 696 1085 καὶ
718 1059 839 1094 κέκραγε
853 1058 898 1084 λέ-

100 1111 176 1137 γων·
193 1113 207 1129 ἰ
225 1100 310 1136 Οὗτος
329 1102 374 1139 ἦν,
389 1103 419 1130 ὃν
442 1101 520 1131 εἷπον
532 1112 539 1120 ·
562 1104 591 1131 Ὀ
602 1104 690 1131 ὀπίσω
713 1113 765 1139 μου
784 1104 900 1139 ἐρχόμε-

103 1157 161 1181 νος,
172 1149 333 1186 -ἐμπροσθέν
350 1159 400 1186 μου
415 1150 536 1185 γέγονεν,
548 1151 589 1177 ὅτι
604 1150 712 1186 πρῶτός
726 1159 777 1185 μου
793 1148 827 1184 ἦν
837 1158 844 1164 '
858 1150 899 1177 ὅτι

99 1197 134 1223 ἐκ
149 1196 195 1223 τοῦ
213 1196 400 1232 πληρώματος
415 1196 498 1223 αὑτοῦ
511 1197 591 1232 ἡμεῖς
608 1197 710 1228 πάντες
725 1196 870 1232 ἐλάϐομεν.
887 1207 896 1222 ι

105 1243 233 1277 Ἰωάννης
249 1243 317 1277 φησί
334 1243 399 1278 περὶ
423 1242 471 1269 τοῦ
493 1241 628 1277 Χριστοῦ·
647 1252 656 1267 ι
682 1242 711 1268 ’0
736 1242 826 1269 ὀπίσω
846 1245 897 1278 μου

100 1287 251 1322 ἐρχόμενος
275 1297 285 1313 ι
297 1287 467 1322 ⁴(τουτέστιν,
487 1286 516 1313 '0
532 1287 592 1321 μετ’
607 1285 657 1321 ἐμὲ
676 1286 879 1322 φανερούμενος
893 1295 899 1301 ·

99 1331 131 1358 ὃν
140 1331 219 1363 αὐτὸς
230 1331 348 1367 ἐκήρυξε
362 1331 493 1365 δηλονότι,
503 1341 511 1357 ι
526 1330 681 1367 ἔμπροσθέν
691 1339 743 1366 μου
752 1330 873 1366 γέγονε),
886 1341 896 1357 ι

97 1377 225 1404 τουτέστι
240 1378 390 1414 πρωτεύων
406 1378 478 1404 κατὰ
489 1377 539 1413 τὴν
555 1377 650 1410 δόξανθ
667 1377 715 1403 καὶ
729 1377 784 1413 γὰρ
796 1375 830 1413 ἦν
852 1378 899 1404 καὶ

98 1424 129 1450 ἐν
140 1423 255 1459 ὑπάρξει
270 1423 390 1459 πρῶτος,
404 1423 442 1455 ὼς
455 1424 530 1455 Θεός.
546 1424 611 1455 «Πῶς
623 1421 670 1449 οὖν
683 1424 742 1458 μετ’
766 1424 846 1450 αὑτὸν
856 1424 899 1460 [ό]

97 1470 155 1505 πρὸ
168 1469 251 1496 αὑτοῦ
280 1470 353 1496 κατὰ
370 1470 481 1505 χρόνονς
502 1469 563 1496 Ὅτι
577 1469 644 1500 Θεὸς
659 1467 692 1504 ἦν
705 1470 719 1496 ό
738 1470 836 1504 Λόγος,
849 1471 900 1497 καὶ

99 1515 197 1548 γέγονε
223 1513 309 1550 σάρξο
334 1515 404 1550 ἔχων
420 1514 470 1550 μὲν
485 1515 516 1540 τὸ
531 1514 693 1550 πρωτεύειν,
720 1515 789 1543 καθὸ
813 1516 900 1550 Λόγος

99 1560 159 1587 ἐστί
170 1569 177 1576 ·
202 1559 371 1596 δευτερεύων
389 1560 418 1587 δὲ
432 1560 502 1589 κατὰ
526 1561 577 1596 τὴν
592 1561 692 1596 σάρκα.
709 1562 741 1587 Et
759 1561 788 1588 δὲ
803 1562 899 1589 καὶιέκ

98 1605 147 1632 τοῦ
158 1606 341 1642 πληρώματος
353 1606 436 1633 αὑτοῦ
447 1606 549 1638 πάντες
561 1607 764 1642 μετεσχήκασιν
787 1608 812 1634 οἱ
826 1607 897 1641 ἆγιοι
912 1605 934 1634 C

104 1651 221 1687 (πλῆρες
232 1652 261 1679 δὲ
279 1653 360 1688 μόνον
375 1653 433 1678 ἐστὶ
456 1652 487 1678 τὸ
500 1652 587 1685 Θείον,
606 1653 678 1679 καθὰ
692 1662 774 1688 φησιν
787 1653 832 1680 διὰ
849 1653 900 1688 τῆς

107 1698 219 1725 Ἦσαῖου
234 1699 348 1735 φωνῆς),
366 1699 468 1736 πρέποι
484 1698 518 1725 ἂν
530 1699 606 1734 αὐτῴ
616 1708 645 1725 τε
661 1700 707 1727 καὶ
722 1699 796 1735 μόνῳ
806 1700 846 1732 τὸ,
862 1700 900 1731 ὡς

99 1745 131 1778 ἐξ
145 1745 211 1772 ἰδίου
223 1745 418 1780 πληρώματος,
431 1745 528 1772 ἑαυτοῦ
547 1746 680 1781 μετόχους
692 1746 870 1782 ἀποπληροῦν
880 1746 897 1766 d

101 1791 222 1827 ἑτέρους.
239 1791 369 1826 Πέπραχε
383 1792 412 1818 δὲ
424 1791 505 1818 τοῦτο
519 1792 648 1827 Χριστός.
677 1790 724 1823 Εἷς
748 1792 802 1828 ἄρα
824 1792 898 1818 ἐστὶν

101 1837 165 1869 Υῑὺς
185 1838 233 1864 καὶ
248 1837 349 1874 Κύριος
363 1838 378 1864 ὀ
399 1839 431 1865 ὲκ
453 1837 522 1864 Θεοῦ
540 1838 628 1872 Λόγος
650 1839 797 1874 γενόμενος
816 1838 896 1874 σὰρξ,

101 1884 182 1915 αὐτὸς
197 1884 263 1916 Θεὸς
277 1892 307 1910 τε
321 1883 389 1919 ὁμοῦ
411 1884 458 1910 καὶ
480 1884 635 1920 ἄνθρωπος.
656 1885 734 1920 ’Ἑχοι
753 1885 775 1911 δ’
792 1885 825 1911 ἂν
850 1884 898 1920 τὴν

101 1929 222 1956 διάνοιαν
237 1930 268 1956 τὸ
291 1930 391 1965 ἐφεξῆς
414 1930 516 1966 ῥητόν·
546 1941 556 1956 ι
578 1927 664 1962 Οὗτός
689 1931 757 1962 ἐστι,
776 1929 841 1966 περὶ
866 1926 897 1956 οῦ

103 1975 160 2010 ἐγὼ
177 1974 264 2002 εἷπον·
285 1976 390 2003 Ὀπίσω
407 1985 458 2012 μου
475 1976 584 2013 ἔρχεται
605 1977 685 2012 ἀνὴρ,
702 1977 731 2009 ὃς
744 1975 898 2012 ἔμπροσθέν

105 2030 156 2057 μου
171 2022 294 2056 γέγονεν,
307 2022 348 2048 ὃτι
369 2022 477 2058 πρῶτός
498 2031 548 2058 μου
561 2020 606 2058 ἦν.
624 2031 638 2054 ι
658 2022 725 2048 Ἰδοὺ
740 2022 793 2058 γὰρ
814 2022 898 2056 ἄνδρα

103 2065 190 2101 λέγων
205 2067 296 2100 αὑτὸν,
311 2067 358 2093 καὶ
368 2067 515 2103 ἐρχόμενον
529 2067 628 2100 ὀπίσω,
640 2067 747 2102 πρῶτον
762 2065 832 2094 εἷναί
847 2076 897 2101 φη-

105 2120 147 2138 σιν
159 2112 197 2143 ὡς
213 2111 297 2139 Θεόν·
317 2121 327 2138 ι
351 2113 397 2139 Ἐν
411 2113 482 2148 ἀρχῇ
497 2113 552 2148 γὰρ
567 2111 601 2148 ἦν
622 2113 636 2139 ὁ
655 2113 750 2146 Λόγος.
767 2113 814 2139 καὶ
831 2112 898 2144 Θεὸς

103 2156 138 2194 ἦν
151 2158 166 2184 ό
180 2158 275 2192 Λόγος.

143 2213 152 2229 ι
170 2204 225 2230 Καὶ
247 2203 438 2240 ἐμαρτύρησεν
459 2203 586 2238 Ἰωάννης
611 2203 710 2238 λέγων,
735 2204 775 2230 ὅτι
795 2203 895 2230 Τεθέα.

106 2259 155 2285 μαι
168 2249 199 2276 τὸ
213 2249 326 2285 Πνεῦμα
352 2250 519 2276 καταῦαῖνον
536 2250 604 2276 ὡσεὶ
626 2249 791 2285 περιστερὰν
808 2249 838 2281 ἐξ
851 2250 897 2276 οὺ-

104 2295 199 2332 ρανοῦ,
215 2296 261 2322 καὶ
281 2296 361 2331 μένον
378 2296 421 2322 ἐπ’
435 2296 517 2322 αὐτόν
527 2304 534 2311 ·
550 2295 628 2330 κάγὼ
643 2295 671 2321 δὲ
691 2295 742 2321 οὐκ
757 2295 830 2331 ᾔδειν
846 2295 896 2321 αὺ-

103 2342 167 2368 τόν”
193 2341 250 2368 ἀλλ’
267 2342 280 2368 ό
295 2341 408 2376 πέμψας
437 2350 470 2376 με
490 2341 631 2377 βαπτίζειν
646 2341 674 2367 ὲν
692 2340 781 2372 ὕδατι,
794 2341 898 2373 ἐκεῖνός

106 2397 151 2424 μοι
177 2385 268 2414 εἶπεν·
286 2386 344 2422 Ἐφ’
357 2387 387 2414 ὃν
408 2387 441 2414 ἂν
454 2387 512 2423 ῐδῃς
533 2387 564 2413 τὸ
584 2378 697 2422 Πνεῦμα
721 2386 896 2417 καταϐαῖνον,

104 2434 153 2460 καὶ
170 2434 249 2469 μένον
264 2434 308 2460 ἔπ’
322 2433 414 2466 αὑτὸν,
435 2430 512 2463 οὗτός
534 2434 607 2460 ἐστιν
621 2434 635 2460 ό
652 2433 792 2468 βαπτίζων
814 2433 845 2459 ὲν
857 2431 896 2467 τῷ

105 2479 245 2514 Πνεῦματι
269 2479 309 2514 τῷ
332 2479 413 2515 ἁγίῳ.
429 2479 515 2513 Κάγὼ
540 2479 661 2514 ἑώρακα,
683 2478 732 2506 καὶ
757 2478 899 2514 μεμαρτύ-

106 2533 179 2561 ρηκα
195 2525 236 2552 ὅτι
250 2522 326 2556 οὗτός
336 2526 410 2551 ἐστιν
425 2526 439 2552 ό
453 2524 518 2557 Υἱὸς
531 2524 579 2551 τοῦ
592 2524 669 2552 Θεοῦ,
690 2533 700 2550 ›
719 2524 789 2560 Ὅρα
804 2523 899 2558 σαφῶς

104 2580 136 2597 τε
150 2571 198 2598 καὶ
213 2571 336 2607 ἐναργῶς
350 2573 379 2598 ὲν
394 2571 500 2602 τούτοις
514 2571 561 2598 τὸν
575 2570 677 2606 Κύριον
692 2570 771 2606 ἡμῶν
793 2570 898 2606 Ἰησοῦν

105 2616 152 2643 τὸν
166 2616 294 2652 Χριστὸν,
307 2616 451 2652 δεχόμενον
467 2617 517 2652 μὲν
538 2616 719 2652 ἀνθρωπίνως
739 2616 770 2642 τὸ
785 2615 899 2651 Πνεῦμα

105 2662 150 2690 διὰ
163 2663 212 2699 τὴν
229 2663 298 2698 μετὰ
313 2663 414 2699 σαρκὸς
433 2663 590 2698 οἰκονομίαν
611 2662 752 2699 (πλούσιος
776 2662 831 2698 γὰρ
845 2661 895 2694 ὢν,

913 2279 934 2305 D

952 968 1111 1002 Uuigenitus
1128 970 1241 1003 proinde
1257 974 1299 996 est
1313 975 1343 996 ut
1358 969 1449 1004 Densi;
1467 971 1663 1007 primogenitus
1678 979 1744 998 vero

950 1018 1059 1049 propter
1071 1022 1182 1042 crucem
1200 1014 1359 1042 humanitus
1376 1021 1543 1050 susceptam.

981 1060 1104 1087 'Joannes
1123 1060 1308 1087 testimonium
1320 1061 1451 1096 perhibet
1467 1062 1499 1088 de
1516 1062 1585 1097 ipso,
1601 1069 1628 1091 et
1644 1065 1745 1092 clamat

949 1106 1042 1133 dicens
1059 1115 1065 1133 :
1086 1114 1095 1132 ι
1115 1105 1164 1133 llic
1181 1112 1240 1133 crat
1257 1113 1336 1140 quem
1353 1107 1408 1134 dixi
1425 1117 1431 1134 :
1448 1107 1500 1140 Qui
1517 1113 1577 1142 post
1593 1117 1635 1137 me
1648 1115 1745 1138 ventu-

950 1159 997 1179 rus
1009 1154 1071 1183 est,
1089 1157 1151 1178 ante
1167 1160 1210 1178 me
1225 1151 1313 1178 factus
1328 1157 1386 1182 cst.
1402 1153 1463 1187 quin
1480 1154 1554 1188 prior
1568 1162 1611 1182 me
1626 1161 1695 1184 erat.
1710 1156 1744 1183 Et

949 1197 982 1224 de
991 1197 1157 1231 plenitudine
1166 1197 1224 1232 ejus
1235 1205 1283 1224 nos
1291 1202 1387 1225 omnes
1395 1199 1593 1233 accepimus”.
1606 1210 1615 1226 ι
1626 1200 1744 1229 Joannes

948 1241 982 1269 de
995 1241 1103 1268 Christo
1115 1241 1173 1268 ait:
1189 1251 1199 1267 ‹
1217 1242 1267 1274 Qui
1283 1247 1342 1276 post
1356 1250 1398 1269 mc
1410 1243 1501 1274 venit,
1518 1253 1528 1269 ι
1545 1244 1597 1271 hoc
1611 1250 1667 1279 est,
1682 1250 1744 1281 post

949 1293 993 1313 me
1008 1285 1205 1318 manifestatus,
1220 1291 1300 1320 qutun
1314 1286 1419 1314 scilicet
1434 1287 1491 1321 ipse
1506 1288 1674 1322 praedicavit,
1692 1299 1702 1316 ι
1720 1290 1744 1318 is

949 1330 1024 1365 prior
1039 1334 1081 1358 nte
1096 1335 1146 1363 est,
1169 1341 1178 1357 ι
1197 1331 1248 1358 hoc
1262 1336 1315 1364 est,
1331 1331 1463 1366 dignitate
1477 1338 1502 1360 ct
1517 1333 1603 1368 gloria
1619 1343 1662 1361 me
1675 1344 1744 1370 pra--

949 1381 1004 1404 stat
1024 1386 1030 1403 :
1050 1385 1115 1404 nam
1139 1382 1167 1404 et
1190 1377 1248 1411 ipsa
1271 1385 1379 1412 quoque
1403 1378 1552 1405 exsistendi
1576 1380 1693 1412 ratione,
1715 1386 1744 1408 ut

949 1421 1031 1455 Dens,
1046 1424 1120 1457 prior
1132 1426 1201 1449 erat.
1217 1422 1358 1456 Quomodo
1371 1431 1435 1458 ergo
1451 1423 1522 1450 idem
1535 1423 1641 1452 Joanne
1668 1426 1744 1460 prior

943 1474 976 1495 et
994 1468 1130 1502 posterior
1147 1468 1296 1495 secundum
1318 1473 1424 1502 tempus
1444 1469 1567 1496 exstitit?
1583 1470 1652 1503 Quia
1668 1470 1739 1498 Ver-

950 1515 1012 1542 bum
1032 1514 1102 1541 Deus
1120 1519 1189 1546 erat,
1208 1518 1236 1541 ct
1257 1514 1356 1541 factum
1377 1519 1419 1541 est
1440 1523 1514 1542 caro.
1534 1515 1613 1543 Prius
1631 1517 1743 1551 proinde

949 1566 1008 1588 erat
1024 1560 1192 1591 uthrbum,
1208 1560 1343 1594 posterius
1357 1567 1421 1586 vero
1437 1566 1465 1587 ut
1480 1561 1571 1588 homo.
1583 1561 1626 1594 Et,
1644 1562 1665 1589 si
1680 1571 1742 1589 om-

950 1613 998 1633 nes
1010 1606 1096 1633 sancti
1107 1605 1142 1632 de
1152 1605 1224 1632 illius
1237 1606 1403 1639 plenitudine
1415 1607 1580 1640 hauserunt;
1593 1607 1648 1634 sola
1661 1615 1743 1642 porrn

950 1652 1093 1684 divinitas,
1107 1652 1183 1686 juxta
1201 1651 1276 1678 Isaiae
1293 1659 1386 1678 vocem
1402 1652 1435 1684 '9,
1452 1653 1575 1679 absolute
1589 1653 1665 1687 plena
1681 1658 1740 1686 est;

950 1697 1000 1732 ipsi
1016 1697 1064 1724 soli
1080 1698 1216 1729 convertit,
1231 1703 1259 1723 ut
1276 1705 1323 1724 sua
1340 1698 1424 1732 ipsius
1442 1698 1610 1732 plenitudine
1624 1699 1740 1726 aliarqu

950 1744 1047 1779 inopia:
1064 1744 1215 1771 subveniat.
1233 1744 1361 1771 Praestitit
1377 1749 1467 1771 autem
1486 1746 1536 1771 huc
1552 1745 1639 1779 ipsum
1657 1746 1739 1772 Chri-

950 1795 1022 1823 stus;
1042 1790 1212 1817 iucarnatum
1232 1790 1321 1823 itaque
1342 1789 1386 1816 Dci
1405 1789 1522 1817 Verbum
1543 1798 1612 1817 lllllls
1628 1795 1670 1817 est
1688 1790 1742 1817 Do-

949 1837 1038 1863 minus
1062 1841 1086 1863 ct
1112 1835 1216 1868 Filius,
1241 1835 1366 1870 idemque
1393 1834 1462 1862 Deus
1487 1835 1565 1862 simul
1593 1840 1622 1863 et
1646 1837 1739 1863 homo.

949 1881 1077 1916 Ejusdem
1101 1882 1243 1908 sententia:
1268 1886 1324 1910 est,
1350 1881 1420 1914 quod
1447 1889 1508 1907 mox
1534 1881 1709 1916 sulijungitur
1732 1891 1739 1909 :

951 1937 962 1953 ι
982 1927 1030 1954 llic
1044 1932 1103 1958 est.
1121 1927 1224 1961 inquit,
1242 1927 1274 1953 de
1291 1934 1344 1960 quo
1361 1927 1414 1952 dixi
1433 1936 1439 1953 :
1458 1926 1521 1954 Post
1539 1934 1581 1953 me
1598 1928 1670 1954 venit
1687 1928 1738 1960 vir,

948 1974 994 2008 qui
1009 1978 1073 2000 autc
1090 1981 1131 2000 tne
1147 1973 1235 1999 factus
1248 1977 1304 2005 est,
1323 1972 1384 2006 quia
1402 1973 1477 2007 prior
1490 1979 1532 1999 me
1547 1977 1605 1999 erat
1618 1974 1651 2000 ¹⁶.
1666 1983 1675 1999 ι
1688 1973 1741 2008 Εη,

950 2019 1011 2046 licet
1029 2019 1116 2045 virum
1137 2023 1231 2050 vocet,
1250 2022 1276 2044 et.
1296 2022 1355 2052 post
1374 2025 1403 2044 se
1420 2017 1571 2044 venientem
1592 2018 1740 2053 praedicet,

948 2065 1096 2092 secundum
1116 2065 1285 2091 divinitatem
1304 2069 1393 2091 tamen
1412 2071 1441 2091 se
1458 2064 1576 2099 priorem
1594 2063 1711 2091 amrtnat
1729 2073 1737 2091 :

949 2119 960 2136 ι
979 2109 1006 2137 lu
1023 2111 1157 2145 principio
1171 2110 1243 2137 enim
1260 2115 1321 2136 erat
1332 2109 1464 2141 Verbum,
1478 2114 1506 2136 et
1521 2108 1591 2136 Deus
1605 2113 1666 2136 erat
1675 2109 1742 2137 Ver-

949 2157 1010 2184 lntm
1024 2156 1058 2183 “.
1077 2165 1085 2182 ι

985 2211 996 2227 ι
1015 2201 1047 2228 Ει
1063 2201 1247 2229 testimonium
1262 2201 1399 2235 perhibuit
1410 2200 1532 2229 Joannes
1545 2202 1638 2230 dicens
1651 2211 1658 2229 :
1671 2201 1741 2236 Quia

947 2247 1002 2274 vidi
1030 2247 1160 2282 Spiritum
1186 2247 1396 2274 descendentem
1422 2247 1500 2281 quasi
1526 2247 1680 2275 columbam
1706 2249 1740 2274 de

950 2293 1033 2326 cado,
1055 2297 1082 2320 et
1114 2292 1214 2319 mansit
1244 2299 1326 2327 super
1357 2300 1430 2319 eum.
1461 2292 1494 2319 Et
1516 2300 1566 2327 ego
1588 2293 1740 2320 nesciebam

950 2347 1011 2367 eum
1027 2349 1033 2367 :
1047 2340 1095 2367 sed
1110 2339 1157 2374 qui
1174 2339 1251 2366 misit
1267 2347 1309 2366 me
1323 2339 1461 2373 baptizare
1479 2339 1503 2366 in
1519 2347 1601 2374 aqua,
1615 2339 1660 2366 ille
1675 2341 1740 2367 mihi

951 2386 1038 2413 dixit:
1052 2385 1140 2420 Super
1153 2392 1233 2419 quem
1248 2385 1347 2412 videris
1364 2385 1497 2419 Spiritum
1512 2386 1740 2418 descendentem,

950 2437 979 2460 et
992 2436 1144 2459 manentem
1158 2439 1241 2466 super
1251 2438 1324 2464 eum,
1338 2430 1381 2458 hic
1393 2436 1435 2458 est
1447 2432 1492 2466 qui
1508 2431 1628 2466 baptizat
1640 2431 1666 2458 in
1680 2431 1742 2465 Spi-

951 2479 1005 2506 ritu
1024 2482 1129 2505 sancto.
1150 2478 1182 2504 Et
1200 2484 1250 2511 ego
1268 2477 1340 2508 vidi.
1359 2481 1388 2504 et
1409 2477 1595 2504 testimonium
1615 2476 1741 2512 perhibui

951 2523 1017 2559 quia
1032 2528 1073 2550 est
1088 2522 1172 2550 Filius
1189 2523 1234 2549 Dei
1245 2523 1280 2549 ".
1300 2531 1309 2547 ι
1326 2521 1364 2548 Ειι
1381 2526 1526 2556 utrumque
1540 2521 1614 2549 clare
1627 2521 1740 2549 eviden-

951 2574 1045 2604 terque
1059 2573 1192 2596 assertum
1208 2568 1251 2595 hic
1266 2567 1367 2600 habes;
1381 2575 1478 2602 nempe
1493 2568 1634 2595 Dominum
1646 2567 1740 2594 Iesum

949 2615 1087 2643 Christum
1112 2618 1221 2649 propter
1243 2613 1333 2641 carnis
1356 2614 1464 2648 quidem
1489 2613 1684 2646 oeconomiam,
1710 2617 1741 2640 ut

952 2660 1032 2696 114Ι
1047 2660 1186 2687 hominem
1204 2659 1334 2694 Spiritum
1353 2663 1477 2686 sanctum
1495 2659 1634 2694 accipere.
1651 2658 1741 2694 alqui-

145 2741 255 2769 "Joan.
268 2751 274 2769 ι
288 2743 329 2770 ιιι.
360 2743 380 2759 ¹⁷
395 2742 475 2772 Hebr.
487 2741 572 2777 11,“.
597 2741 742 2775 "10mm,
760 2741 802 2773 15,
820 2740 863 2768 l6.
885 2740 892 2756 ¹

985 2747 1022 2773 Vl,
1037 2739 1064 2767 5.
1091 2737 1202 2767 “Joan.
1219 2746 1239 2772 ι,
1254 2737 1299 2766 50.
1317 2737 1426 2767 “Joan.
1441 2746 1461 2772 I,
1476 2738 1503 2767 1.
1532 2739 1555 2755 ¹¹
1567 2738 1632 2767 ibid.
1647 2738 1740 2767 ωδε.

641 2819 731 2848 Variae
745 2819 876 2847 lectiones
890 2818 993 2847 codicis
1010 2817 1192 2854 Seguicriaui.

150 2885 166 2906 ἀ
181 2886 333 2915 ἀποτελεῖν.
