1872 3057
155 139 223 169 1⁵515

153 199 214 226 dein
232 206 243 224 ι
260 205 320 226 cum
335 198 409 226 dives
422 203 504 231 esset,
520 199 605 227 nostri
619 206 701 227 causa
717 200 806 227 factus
819 204 861 227 est
873 207 936 235 θεει-
952 203 974 232 Α

155 252 206 271 nus
215 244 239 260 “
260 253 284 277 ι,
304 249 361 271 tum
381 244 506 272 eumdem
527 253 635 272 rursum
657 251 784 281 tanquam
806 246 889 273 Deum
910 248 938 274 in

154 289 258 324 Spiritu
272 295 367 318 sancto
381 290 516 325 baptisma
531 291 667 319 conferre.
682 292 717 319 At
732 293 758 319 in
773 300 854 327 quem
865 312 874 325 ,
889 293 938 319 oh-

153 343 242 368 secro,
255 335 399 363 convenire
413 341 504 370 queat,
519 337 637 372 Spiritus
652 338 739 366 sancti
755 339 870 372 gratiam
886 339 938 365 im-

154 382 264 416 pertiri,
285 381 337 408 nisi
359 382 386 408 in
404 389 498 409 verum
518 387 546 409 et
568 383 718 410 naturalem
739 383 844 411 Deum?
864 383 940 411 Unus

153 436 218 463 ergo
231 433 272 456 est
287 428 422 460 Christus.
437 436 506 456 unus
522 428 618 462 Filius,
633 433 664 456 ut
677 429 846 464 evangelista
861 430 937 457 testi-

153 473 261 501 ﬁcatur.

192 528 202 544 ι
222 519 255 546 Et
271 526 337 554 ego,
356 519 457 552 inquit.
473 519 543 551 vidi,
561 524 588 547 et
608 520 793 547 testimonium
813 519 938 554 perhihui

153 564 216 598 quia
234 564 277 591 hic
287 569 327 591 est
344 563 428 591 Filius
448 564 494 591 Dei
506 565 539 591 ³⁸.
554 574 564 590 ι
584 565 877 599 Ecquisnamhicerat?
894 565 940 592 Ille

155 611 211 644 ipse
231 610 334 644 utique,
353 617 432 644 quem
454 610 562 644 quidem
585 615 615 637 ut
637 610 785 643 hominem,
807 610 938 645 Spiritum

154 659 276 680 sanctum
292 654 397 681 viderat
410 656 579 688 suscepisse;
596 659 625 682 ut
642 655 724 682 Deum
738 663 819 688 vero,
835 656 861 682 in
877 656 940 691 Spi-

155 697 208 724 ritu
238 704 332 725 sancto
349 699 488 733 baptizare
504 699 645 726 didicerat.

193 752 203 768 ι
221 741 249 770 Si
266 749 372 771 terrena
387 745 441 771 dixi
454 745 542 776 vobis,
557 750 584 772 et
598 752 651 771 non
667 745 788 778 creditis,
802 747 938 780 quomodo

154 789 176 816 si
191 789 286 816 dixero
298 790 375 816 vobis
386 790 519 822 coelestia,
533 790 665 818 credetis?
678 791 711 817 Et
725 798 804 818 nemo
818 792 938 818 ascendit

155 833 182 860 in
195 834 304 866 caelum.
318 835 368 861 nisi
383 835 428 869 qui
445 836 583 862 descendit
595 835 628 863 de
641 836 711 863 coelo
724 836 808 863 Filius
821 837 939 864 hominis

154 880 200 913 qui
220 883 263 907 est
285 880 311 906 in
332 881 443 908 coelo".
467 890 476 906 ι
500 880 640 914 Quomodo
660 882 800 909 descendit
820 883 852 910 de
871 883 940 910 coelo
956 879 976 906 Β

154 924 238 952 Filius
254 925 382 959 hominis,
396 925 531 960 siquidem
547 933 623 954 sacra
642 927 686 954 illa
701 935 766 955 caro
779 935 812 955 ex
828 929 941 956 muliere

155 976 218 998 nata
237 972 293 998 cst?
311 970 376 999 Erat
395 979 460 999 sane
479 980 544 1000 caro
558 973 639 1000 Verbi
659 975 731 1007 quod
753 974 787 1001 de
807 974 875 1002 coelo
893 975 941 1002 de-

155 1017 307 1049 scenderat,
323 1017 430 1050 propria
449 1026 456 1044 :
473 1025 541 1044 unus
557 1023 601 1045 est
617 1018 701 1052 igitur
715 1019 838 1046 Christus
853 1025 881 1046 et
896 1019 941 1047 Fi-

155 1060 215 1088 lius.
227 1061 279 1094 ita,
293 1070 352 1096 qua:
362 1062 443 1090 Verbi
459 1067 532 1095 sunt,
548 1064 655 1098 propria
669 1065 760 1092 carnis
774 1065 843 1092 facta
857 1070 940 1092 sunt:

154 1113 215 1140 qua:
225 1114 289 1134 vero
301 1107 392 1134 carnis
404 1112 477 1141 sunt,
494 1108 602 1143 propria
615 1109 696 1136 Verbi
711 1115 869 1143 evaserunt,
883 1110 940 1137 sala

155 1153 257 1186 peccati
271 1153 331 1180 labe
345 1158 468 1188 excepta.

191 1252 201 1268 α
218 1242 250 1269 Ει
264 1245 332 1270 sicut
346 1242 451 1278 Moyses
464 1243 595 1270 exaltavit
609 1247 764 1277 serpentem
779 1243 805 1270 in
820 1243 940 1275 deserto,

154 1288 191 1315 ita
212 1288 325 1315 exaltari
344 1293 450 1323 oportet
470 1288 569 1315 Filium
589 1289 722 1321 hominis;
742 1293 771 1315 ut
788 1289 877 1316 omnis
895 1288 941 1323 qui

153 1334 242 1360 credit
256 1334 282 1360 in
298 1334 396 1367 ipsum,
410 1342 463 1361 non
479 1339 584 1368 pereat,
598 1334 644 1361 sed
659 1334 757 1362 habeat
769 1334 851 1361 vitam
863 1338 942 1361 aeter-

154 1388 217 1407 nam
226 1381 259 1406 “.
277 1389 287 1405 ι
302 1380 449 1415 Serpentes
462 1381 487 1407 in
503 1381 611 1407 deserto
624 1380 760 1408 morsibus
773 1380 842 1408 ﬁlios
856 1379 941 1407 Israel

155 1426 318 1453 inii-stabant
332 1435 338 1452 :
352 1433 412 1453 mox
426 1426 614 1453 universorum
629 1426 760 1454 Dominus
774 1425 859 1460 Moysi
874 1434 939 1460 pne-

153 1471 220 1505 cipit
236 1476 265 1498 ut
281 1478 383 1498 aeneum
402 1477 554 1506 serpentem
571 1472 686 1500 sublime
703 1474 861 1508 suspendat.
878 1481 888 1498 ί
909 1473 942 1499 Et

154 1518 217 1549 erit,
233 1517 330 1552 inquit,
347 1517 369 1544 si
387 1517 524 1544 hominem
539 1525 651 1552 serpens
667 1519 855 1551 momorderit,
871 1523 898 1546 et
915 1519 940 1545 in

154 1569 306 1598 serpentem
322 1565 458 1598 respiciet,
473 1569 501 1591 et
514 1551 630 1592 vivet".
646 1575 656 1591 ι
673 1565 774 1600 Ecquid
789 1566 860 1593 istud
875 1566 940 1593 acni-
954 1551 976 1581 ο

155 1618 215 1643 gina
230 1611 279 1636 sibi
295 1611 365 1636 vult?
380 1610 434 1636 Cur
446 1611 584 1637 sublatum
599 1616 752 1646 serpentem
769 1612 940 1646 conspicatus

154 1656 209 1682 \ita
224 1657 356 1682 donatur?
371 1655 542 1689 Uuigenitutu
559 1656 605 1684 Dei
618 1656 743 1690 Verbum,
758 1658 829 1692 quod
845 1662 940 1691 suapte

155 1708 251 1728 natura
267 1701 318 1728 vita
336 1706 375 1728 est
386 1721 393 1733 ,
411 1702 491 1728 homo
509 1702 610 1729 factum
626 1707 668 1729 est
683 1702 735 1737 (est
751 1707 841 1730 autem
859 1703 939 1730 horno

155 1755 199 1774 res
210 1747 332 1782 quaedam
346 1750 425 1775 noxia
436 1769 442 1780 ,
457 1750 575 1783 serpenti
591 1756 642 1774 non
658 1748 802 1783 absimilis)
816 1756 822 1774 :
836 1752 864 1775 at
875 1755 939 1775 vero

157 1794 219 1821 licet
238 1798 267 1820 ut
285 1794 366 1821 homo
384 1795 461 1821 nobis
479 1795 645 1821 assitnilatus
662 1795 711 1826 sit,
730 1795 752 1822 si
769 1794 832 1829 quis
850 1799 939 1821 tamen

155 1839 182 1867 in
199 1839 273 1866 illum
288 1841 435 1874 aspexerit,
454 1847 540 1868 morte
555 1841 678 1876 superior
691 1840 790 1868 evadit.
807 1840 860 1867 Sed
875 1841 940 1874 quid

155 1885 227 1912 aliud
243 1889 294 1918 est,
310 1885 435 1919 obsecro,
452 1887 482 1917 in,
498 1887 570 1913 illum
589 1887 700 1918 intueri,
716 1894 796 1920 quatit
815 1886 940 1913 incarna-

156 1931 236 1957 tionis
258 1931 330 1958 illius
353 1932 510 1966 mysterium
533 1937 630 1959 exacto
651 1937 832 1966 accuratoqne
855 1931 938 1958 animi

153 1975 255 2009 judicio
271 1977 438 2010 expendere?
456 1977 511 2004 llac
530 1985 646 2011 namque
663 1976 895 2009 consideratione,
913 1981 940 2003 et

155 2022 302 2055 malorum,
325 2022 376 2049 hoc
400 2027 458 2054 est,
482 2022 619 2049 hominum
644 2022 846 2049 similitudinem
869 2023 940 2049 obti-

155 2074 236 2099 nere,
254 2072 281 2094 ct
296 2067 418 2095 vivilicus
437 2076 559 2099 rursum,
578 2068 848 2103 serpentinorumque
865 2076 938 2095 mor-

154 2120 233 2139 cnmn
252 2117 361 2140 curator
375 2118 401 2140 et
421 2112 579 2147 profligator
595 2120 655 2140 esse
672 2113 893 2147 deprehenditur,
911 2118 940 2140 ut

667 144 697 170 ὃ.
718 141 854 170 CYRILLI
874 140 1110 169 ALEXANDllINI
1131 140 1292 168 ARCIIIEP.

1735 138 1805 165 43H?

989 198 1145 234 ὲπτὼχευσε
1161 198 1195 224 δι’
1217 198 1319 233 ἡμᾶς),
1337 196 1503 232 βαπτίζοντα
1521 197 1552 223 δὲ
1577 194 1688 225 θεῖκῶς
1710 194 1745 220 ἐν
1767 195 1803 229 τῷ

991 244 1060 278 ἁγίῳ
1086 243 1234 278 Πνεῦματι.
1260 243 1320 269 Τίνι
1343 243 1398 278 γὰρ
1421 243 1456 269 ἂν
1479 241 1585 276 πρέποι
1605 240 1639 266 τὸ
1667 240 1802 273 χορηγεῖν

989 289 1120 317 δύνασθαι
1143 289 1192 324 τὴν
1216 288 1264 315 τοῦ
1287 289 1444 326 Πνεῦματος
1469 288 1562 323 χάριν,
1584 286 1662 321 πλὴν
1693 285 1740 311 ὅτι
1765 285 1803 319 τῷ

990 335 1070 370 φύσει
1093 343 1123 361 τε
1148 335 1196 361 καὶ
1209 334 1317 369 ἀληθῶς
1341 334 1398 361 butt
1412 333 1489 369 Θεῷς
1512 330 1562 365 Εἷς
1576 329 1629 359 οὖν
1656 331 1716 366 ἄρα
1735 331 1801 365 Χρι-

990 381 1051 412 στὸς
1065 381 1113 408 καὶ
1129 380 1208 412 Υίός·
1233 380 1281 406 καὶ
1306 380 1474 416 μαρτυρήσει
1497 379 1588 414 λέγων
1613 377 1799 412 ὸεὺαγγελι-

990 427 1066 462 στής.

1027 525 1037 542 t
1055 515 1141 549 Κάγὼ
1173 516 1298 551 ἑώρακα,
1322 515 1370 542 καὶ
1400 515 1618 551 μεμαρτύρηκα,
1638 513 1700 541 ὄπ’
1716 511 1798 544 ὦτός

990 563 1084 589 έστινὸ
1094 562 1157 594 Υἱὸς
1172 562 1218 589 τοῦ
1233 562 1311 590 Θεοῦ.
1331 571 1341 587 ι
1358 558 1442 593 Οὗτος
1456 561 1498 593 δὲ,
1514 563 1610 593 notos;
1629 561 1683 587 ‘09
1697 559 1799 585 τεθέα-

989 617 1035 635 ται
1051 610 1100 643 μὲν
1123 608 1302 644 ἀνθρωπίνως
1326 608 1357 634 τὸ
1379 607 1492 642 Πνεῦμα
1511 607 1676 642 δεχόμενον,
1695 604 1754 632 οἶδε
1769 605 1798 630 δὲ

991 653 1156 689 βαπτίζοντα
1172 654 1272 685 θεῖκῶς
1287 655 1316 680 έν
1330 653 1370 688 τῷ
1385 654 1455 688 ἁγίῳ
1469 654 1622 688 Πνεὺματι.

1028 759 1038 775 t
1056 748 1088 775 Εί
1102 748 1138 775 τὰ
1150 748 1260 782 ἐπίγεια
1268 744 1344 774 εἷπον
1354 747 1428 782 ὑμῖν,
1445 746 1493 773 καὶ
1509 746 1541 772 οὐ
1556 745 1718 776 πιστεύετε,
1734 745 1795 777 πῶς

990 794 1038 821 ἐὰν
1052 795 1120 820 εἴπω
1135 794 1199 828 ὑμῖν
1213 793 1248 819 τὰ
1262 792 1421 827 ἐπουράνια,
1433 791 1593 818 πιστεύσετε
1605 799 1613 823 ;
1629 791 1689 817 Καὶ
1704 791 1795 822 οὐδεὶς

991 839 1163 874 ἀναϐέϐηκεν
1177 839 1218 870 είς
1231 839 1276 865 τὸν
1290 838 1415 874 οὐρανὸν,
1431 839 1456 864 εἰ
1472 838 1510 873 μὴ
1524 839 1538 864 6
1553 838 1586 864 ὲκ
1600 837 1650 863 τοῦ
1670 837 1794 872 οὐρανοῦ

991 885 1129 916 καταϐὰς,
1145 886 1159 910 6
1176 884 1240 916 Υἱὸς
1254 884 1301 911 τοῦ
1315 883 1469 920 ἀνθρώπου.
1490 893 1499 909 ι
1517 883 1580 915 Πῶς
1596 883 1794 917 καταϐεὸιιιεν

992 932 1024 958 ἐκ
1038 931 1084 958 τοῦ
1100 930 1216 966 οὐρανοῦ
1230 931 1244 956 6
1266 930 1329 962 Υίὺς
1346 930 1393 956 τοῦ
1417 929 1578 964 ἀνθρώπου.
1611 929 1708 955 καίτοι
1741 928 1795 962 τῆς

991 978 1072 1012 ἁγίας
1087 977 1190 1012 σαρκὸς
1213 976 1392 1011 γεννηθείσης
1407 976 1440 1002 ὲκ
1462 975 1602 1009 γυναικός.
1621 974 1696 1000 Ἀλλ’
1726 974 1794 1000 [διον

990 1021 1025 1058 ἦν
1039 1023 1070 1049 τὸ
1088 1022 1168 1057 σῶμα
1182 1022 1229 1048 τοῦ
1245 1022 1274 1055 ἐξ
1289 1022 1404 1057 οὐρανοῦ
1420 1021 1676 1056 καταφοιτήσαντος
1689 1021 1792 1054 Λόγου,

990 1069 1020 1100 6;
1035 1069 1082 1095 καὶ
1096 1069 1209 1102 γέγονεν
1224 1068 1287 1099 Υίὸς
1301 1067 1456 1102 ἀνθρώπου.
1473 1064 1521 1098 Εἷς
1535 1064 1584 1093 οὖν
1598 1067 1655 1101 ἄρα
1669 1066 1793 1101 Χριστὸς

991 1115 1039 1142 καὶ
1053 1115 1127 1146 Υἱός.
1144 1113 1238 1145 Οὕτως
1253 1113 1306 1140 ῐδια
1322 1114 1371 1148 μὲν
1391 1113 1441 1148 τῆς
1463 1112 1564 1148 σαριὼς
1576 1112 1614 1139 τὰ
1634 1111 1686 1138 τοῦ
1701 1111 1792 1145 Λόγου

991 1159 1112 1194 γέγονεν,
1129 1159 1182 1186 ῐδια
1195 1159 1225 1185 δὲ
1239 1158 1288 1186 τοῦ
1309 1159 1396 1193 Λόγου
1409 1158 1445 1185 τὰ
1459 1158 1509 1193 τῆς
1523 1157 1640 1193 σαρκὸς,
1653 1157 1722 1192 δίχα
1743 1157 1792 1192 μόο

992 1214 1041 1240 νης
1057 1205 1204 1240 ἁμάρτίας.

1029 1260 1040 1277 t
1058 1251 1114 1278 Καὶ
1125 1249 1216 1282 καθὼς
1229 1250 1333 1283 Μωσῆς
1347 1249 1438 1284 ὖψωσε
1447 1249 1494 1276 τὸν
1509 1249 1572 1283 ὅφιν
1585 1249 1616 1275 ἑν
1627 1250 1662 1284 τῇ
1678 1249 1787 1284 ἐρήμῳ,

991 1297 1078 1329 οὕτως
1089 1296 1231 1332 ὑψωθῆναι
1245 1296 1286 1322 δεῖ
1298 1296 1345 1322 τὸν
1355 1295 1419 1322 Υἱὺν
1433 1297 1480 1322 τοῦ
1495 1294 1642 1330 ἀνθρώπου
1655 1302 1662 1308 ·
1673 1294 1721 1320 ἵνα
1736 1295 1788 1325 πᾶς

991 1342 1150 1369 ὀπιπεύων
1166 1342 1209 1368 ἐπ’
1228 1341 1309 1368 αὑτὸν
1327 1341 1367 1361 ο-ε
1384 1341 1433 1376 ἔχῃ
1449 1341 1522 1376 ζωὴν
1535 1339 1658 1367 αἰώνιον.
1678 1348 1689 1365 ι
1707 1339 1788 1366 1:61—

992 1395 1055 1413 κνον
1074 1387 1138 1418 τοὺς
1162 1386 1192 1418 ἐξ
1212 1387 1321 1422 Ἰσραὴλ
1340 1385 1411 1413 κατὰ
1435 1386 1484 1421 τὴν
1510 1385 1615 1420 ἔρημον
1641 1385 1667 1411 οἱ
1691 1384 1784 1419 opst;-

992 1431 1051 1460 εἶτα
1073 1433 1257 1468 προσ-τέταχεν
1271 1433 1285 1459 6
1305 1432 1360 1459 τῶν
1374 1432 1442 1459 ὅλων
1463 1431 1530 1463 Θεὸς
1551 1431 1592 1466 τῷ
1613 1431 1703 1466 Μωσῇ
1727 1431 1785 1464 ὖφιν

992 1479 1131 1506 ἀναθεῖναι
1145 1479 1272 1514 χαλκοῦν.
1293 1489 1303 1504 ι
1323 1479 1378 1505 Καὶ
1397 1479 1484 1510 ἔσται,
1509 1479 1603 1513 φησὶν,
1619 1478 1670 1504 ἐὰν
1688 1477 1759 1512 δάκῃ
1772 1478 1785 1503 ὁ

993 1525 1056 1560 ὄφις
1070 1525 1223 1560 ἄνθρωπον,
1239 1525 1286 1552 καὶ
1303 1524 1427 1560 ἐμϐλέψῃ
1442 1525 1482 1556 είς
1496 1524 1543 1550 τὸν
1556 1524 1631 1558 ὅφιν,
1648 1523 1698 1550 καὶ
1712 1523 1786 1557 ζήσε-

992 1578 1047 1596 ται.
1068 1579 1077 1596 ι
1097 1570 1129 1596 Τί
1143 1570 1232 1597 τοίνυν
1247 1570 1305 1596 ἐστὶ
1317 1570 1349 1597 τὸ
1362 1570 1492 1604 αίνιγμα;
1509 1569 1559 1596 Διὰ
1568 1569 1595 1595 τί
1609 1569 1640 1595 δὲ
1655 1569 1671 1594 6
1685 1568 1785 1603 ἐνορῶν

992 1616 1037 1642 τὸν
1047 1616 1108 1650 ὅφιν
1125 1617 1137 1636 Β
1146 1615 1276 1649 adiceret;
1290 1616 1350 1651 Ζωὴ
1363 1615 1508 1651 τοιγαροῦν
1516 1615 1588 1642 κατὰ
1599 1614 1683 1649 φύσιν
1699 1615 1785 1649 ὑπάρο

993 1671 1048 1698 χων
1061 1663 1076 1688 6
1090 1662 1245 1697 Μονογενὴς
1259 1661 1306 1688 τοῦ
1321 1662 1389 1688 Θεοῦ
1405 1662 1502 1696 Λόγος,
1517 1661 1632 1696 γέγονεν
1643 1662 1674 1688 έν
1688 1660 1785 1696 ὁμοιώ-

994 1707 1113 1743 ματιτῷ
1127 1707 1188 1734 καθ’
1210 1708 1294 1743 ἡμᾶς,
1316 1707 1456 1734 τουτέστιν
1479 1707 1624 1742 ἄνθρωπος
1657 1707 1784 1742 (πονηρὸν

992 1753 1020 1780 δὲ
1035 1754 1049 1779 6
1063 1753 1216 1788 ἄνθρωπος,
1232 1752 1280 1779 καὶ
1303 1751 1358 1779 οἷον
1378 1753 1393 1779 6
1406 1752 1491 1787 6ot¢)~
1504 1752 1562 1779 ἀλλ’
1582 1752 1608 1778 εί
1628 1752 1678 1778 καὶ
1691 1753 1783 1786 γέγονε

993 1798 1053 1824 καθ’
1068 1799 1152 1833 ἡμᾶς,
1172 1799 1199 1824 εῐ
1210 1806 1251 1830 τις
1265 1798 1306 1829 εἰς
1329 1797 1410 1824 αὑτὸν
1432 1797 1493 1829 ῐδοι,
1509 1798 1573 1832 νικᾷ
1596 1797 1644 1823 τὸν
1659 1797 1782 1824 θάνατον.

993 1843 1025 1869 Τί
1041 1842 1069 1868 δέ
1084 1844 1141 1869 ἐστι
1156 1842 1186 1868 τὸ
1201 1843 1240 1874 είς
1255 1842 1338 1868 αὐτὸν
1354 1842 1429 1873 ίδεῖν,
1445 1842 1463 1877 ἦ
1477 1842 1519 1868 ὅτι
1535 1842 1645 1873 πάντως
1667 1842 1699 1868 τὸ
1713 1842 1783 1876 ἀκρι-

992 1888 1048 1920 ϐῶς
1069 1888 1238 1923 κατανοῆσαι
1259 1888 1289 1914 τὸ
1310 1888 1353 1914 ἐπ’
1368 1887 1442 1922 αὑτῷ
1465 1888 1632 1923 μυστήριονς
1649 1888 1718 1914 Τότε
1733 1887 1782 1922 γὰρ

991 1932 1072 1959 αὑτὸν
1084 1932 1178 1967 ὄψεται
1191 1933 1221 1958 ὲν
1239 1931 1390 1967 ὁμοιώματι
1407 1931 1456 1967 μὲν
1467 1931 1522 1958 τῶν
1547 1931 1689 1967 πονηρῶν,
1710 1940 1782 1958 τουτ-

990 1979 1064 2005 έστιν
1083 1978 1246 2013 ἀνθρώπων,
1270 1978 1402 2010 ζωοποιὺν
1415 1977 1443 2004 δὲ
1466 1977 1504 2009 ὡς
1520 1978 1596 2010 Θεδν,
1615 1978 1663 2004 καὶ
1690 1979 1782 2011 ἀφανί-

990 2024 1070 2056 ζοντα
1088 2024 1123 2052 τὰ
1132 2025 1186 2051 τῶν
1200 2024 1303 2058 νοητῶν
1318 2024 1332 2043 ιλ
1345 2024 1433 2058 ὄφεων
1449 2023 1587 2059 δήγματα.
1606 2021 1654 2055 Εἷς
1673 2021 1721 2050 οὖν
1733 2024 1781 2058 ἄρα

992 2069 1105 2104 Κύριος,
1119 2070 1167 2095 καὶ.
1181 2069 1244 2100 Υἱὸς
1259 2069 1274 2094 ὁ
1284 2067 1375 2100 αὐτὸς,
1389 2068 1436 2094 καὶ
1449 2067 1581 2100 ζωοποιὸς
1593 2068 1631 2100 ὡς
1642 2068 1723 2101 Θεὸς,
1739 2068 1781 2095 καὶ

990 2115 1020 2141 ἐν
1036 2115 1100 2141 εῖδει
1115 2114 1154 2149 τῷ
1169 2114 1223 2140 τῶν
1235 2114 1361 2149 πονηρῶν
1377 2113 1410 2140 δι’
1421 2114 1588 2149 οἰκονομίαν.

155 2157 235 2184 Deus.
249 2157 323 2185 Unus
339 2158 428 2192 itaque
441 2163 483 2184 est
497 2158 637 2190 Dominusl
652 2163 679 2184 et
695 2165 766 2184 unus
783 2158 878 2190 Filius,
892 2159 937 2192 qni
957 2159 1078 2194 quidem,
1100 2164 1130 2187 ut
1145 2158 1216 2187 Deus
1247 2164 1286 2186 est
1300 2179 1308 2192 ,
1323 2159 1446 2186 viviﬁcus
1459 2165 1515 2192 est;
1531 2160 1683 2188 secundum
1698 2161 1780 2188 carnis

154 2211 218 2231 vero
229 2204 405 2230 (nconomiam
414 2222 422 2234 ,
436 2203 461 2229 in
475 2203 607 2229 mulorum
621 2203 712 2237 specie
725 2203 880 2237 spectabilis
892 2209 944 2230 est.

193 2260 202 2276 ι
223 2251 320 2283 l’ueri,
341 2250 447 2284 inquit,
471 2250 645 2277 llebra-orum
668 2251 833 2285 accipientes
853 2259 938 2278 ramos

1035 2261 1042 2277 I
1057 2252 1089 2278 οἱ
1109 2251 1202 2283 παῖδες
1219 2251 1326 2286 ἔχοντες
1340 2250 1373 2277 τὰ
1388 2250 1452 2286 βαΐα
1466 2250 1521 2278 τῶν
1536 2252 1668 2286 φοινίκων
1678 2273 1686 2284 ,
1706 2251 1777 2286 ἐξῆλ-

154 2297 313 2332 paltnarum,
332 2302 520 2331 processerunt
539 2298 646 2324 obviam
664 2298 700 2329 ei,
717 2303 744 2324 ct
761 2298 914 2325 clamabant
931 2307 940 2326 :

156 2344 296 2374 llosnnna.
314 2343 472 2370 benedictus
490 2344 535 2377 qui
554 2344 628 2370 venit
645 2344 671 2370 in
690 2345 798 2371 nomine
817 2345 938 2375 Domini,

156 2399 199 2416 rex
215 2389 336 2416 Israel“.
351 2399 360 2414 ι
379 2388 457 2424 115
471 2389 594 2422 Qualem,
606 2397 708 2423 qna-so,
722 2390 818 2416 divinae
831 2389 940 2416 Litterae

154 2437 181 2463 in
207 2436 314 2462 nomine
337 2435 443 2461 Domini
468 2440 610 2462 venturttm
634 2435 801 2469 prmdixere?
824 2435 891 2462 Nam
917 2435 939 2462 si

153 2489 213 2507 eum
229 2480 273 2514 qui
288 2488 320 2507 ex
337 2488 414 2507 sacra
426 2479 536 2514 Virgine
550 2485 629 2507 orttts
643 2485 695 2513 cst,
711 2480 846 2507 hominem
861 2480 941 2507 abso-

155 2527 219 2560 lute,
239 2527 284 2554 Dei
300 2527 387 2554 Verbo
407 2528 554 2554 secundum
577 2526 736 2561 hypostasin
759 2534 810 2553 non
834 2527 938 2553 unitutn

153 2573 270 2599 dixerint
291 2581 298 2599 :
319 2571 440 2607 profecto
460 2572 656 2599 dominationis
677 2579 774 2598 nomen
797 2578 939 2598 commune

154 2618 203 2651 ipsi
223 2617 363 2645 nobiscum
381 2618 449 2651 erit;
471 2625 558 2652 neque
576 2617 722 2651 quidquam
746 2615 796 2644 liac
816 2617 938 2649 ratione,

187 2696 210 2712 “
221 2697 242 2724 ll
257 2697 319 2724 Cor.
338 2704 396 2729 ιἰιι,
408 2697 436 2724 9.
471 2695 582 2724 “Joan.
598 2704 616 2729 ι,
632 2695 675 2722 54.
715 2694 825 2722 "Joan.
839 2703 885 2727 ιιι,
903 2694 945 2728 12,
961 2695 1005 2722 15.

995 2298 1041 2323 οον
1054 2298 1094 2328 εἰς
1103 2297 1256 2332 ἀπάντησιν
1269 2295 1449 2331 αὑτοῦ,φησὶ,
1462 2297 1509 2324 καὶ
1521 2297 1639 2332 ἔκραζον
1651 2298 1674 2317 ί·
1692 2297 1779 2323 Ὠσαν·

996 2343 1039 2373 νὰ,
1070 2342 1253 2378 εὐλογημένοζ
1277 2344 1292 2369 6
1315 2343 1462 2378 ἐρχόμενος
1484 2343 1515 2368 ὲν
1539 2343 1652 2378 ὀνόματι
1669 2343 1776 2379 Κυρίου,

992 2389 1007 2414 ὁ
1023 2388 1149 2423 βασιλεὺς
1159 2389 1206 2415 τοῦ
1222 2389 1342 2424 Ἰσραήλ.
1357 2398 1367 2414 ι
1386 2388 1448 2421 Πῶς
1464 2387 1511 2416 οὖν
1528 2398 1612 2425 φησιν
1631 2391 1660 2416 έν
1674 2390 1777 2425 ὀνόματι

991 2434 1094 2469 Κυρίου
1112 2434 1335 2470 παραγενέσθαιὶ
1355 2435 1386 2461 τὸ
1400 2435 1520 2471 Γράμμα
1534 2435 1565 2461 τὸ
1580 2435 1669 2470 ίερόν;
1689 2436 1721 2462 Εἰ
1736 2437 1777 2470 μὲν

993 2477 1039 2506 οὖν
1051 2479 1089 2511 ὡς
1103 2479 1245 2515 ἄνθρωπον
1262 2480 1353 2511 ίδικῶς
1365 2479 1410 2506 τὸν
1423 2481 1455 2506 ὲκ
1471 2481 1520 2515 τῆς
1535 2480 1617 2514 ἁγίας
1633 2480 1776 2516 Παρθένου,

993 2525 1031 2561 μὴ
1043 2525 1187 2557 ὲνωοέντος
1201 2525 1276 2560 αὐτῷ
1293 2526 1353 2552 καθ’
1367 2525 1514 2552 ὑπόστασιν
1529 2525 1576 2552 τοῦ
1599 2525 1668 2552 Θεοῦ
1684 2526 1774 2560 Λόγου,

993 2570 1082 2598 κοινὸν
1097 2570 1173 2598 ἔσται
1186 2571 1216 2597 τὺ
1230 2571 1280 2605 τῆς
1291 2571 1451 2606 κυριότητος
1465 2571 1550 2606 ὄνομα
1562 2571 1639 2607 αὐτῷ
1652 2571 1725 2599 καθὰ
1737 2572 1775 2598 ut

991 2617 1067 2652 ἡμῖν,
1083 2617 1130 2643 καὶ
1146 2617 1222 2643 οὐδὲν
1237 2617 1284 2643 ἐπὶ
1303 2617 1422 2652 Χριστοῦ
1437 2617 1467 2643 τὸ
1485 2617 1573 2652 μέγα·
1587 2618 1613 2656 εί
1629 2617 1659 2644 δὲ
1676 2617 1714 2649 ὡς
1729 2617 1775 2644 Κὺ.

1057 2695 1154 2722 “ibid.
1167 2694 1211 2721 14.
1257 2695 1278 2710 ’⁷
1291 2694 1371 2722 Num.
1388 2702 1445 2727 ut,
1460 2695 1487 2723 8.
1547 2695 1570 2711 "
1581 2694 1662 2724 Joan.
1675 2695 1772 2731 Xlt,'_i5.

684 2771 771 2798 Varia:
788 2771 916 2799 lectiones
931 2771 1035 2798 codicis
1055 2771 1237 2806 chuieriani.

191 2840 232 2860 'J
250 2841 287 2867 si:
300 2841 389 2870 αὐτόν.
408 2841 472 2869 [νει]
485 2843 513 2869 ἐν
528 2842 611 2868 αὐτῶ.
651 2843 662 2860 ε
678 2841 715 2875 τῷ
729 2841 800 2875 ὄφει.
840 2842 851 2860 ¹ι
869 2842 1003 2878 πονηρῶν.

1045 2842 1051 2860 ί
1073 2841 1250 2876 ὲκραύγαζον.
1292 2840 1298 2864 ι
1319 2841 1568 2876 ππραγενήςεςθαι.
