1872 3057
112 179 183 207 1317

661 176 706 204 DE
724 175 838 204 RECTA
858 173 938 202 FIDE
957 173 1002 201 AD
1022 171 1182 201 REGINAS.

1670 174 1739 203 1518

115 244 174 270 ριος
187 235 295 271 ἀληθῶς
321 235 396 271 ἥξειν
417 234 667 272 προαπηγγέλλετο,
681 234 749 269 ὅπερ
771 232 831 260 ἐστὶ
857 231 905 259 καὶ

1000 231 1029 258 ad
1043 231 1078 258 sit
1090 230 1357 264 ‘eximium,Christo
1371 230 1544 258 attribuetnr.
1559 230 1588 258 Si
1602 238 1666 258 vero
1680 236 1740 259 tau-

113 279 215 314 ἀληθὲς
240 280 249 311 (
261 280 373 316 ἐλήλυθε
389 280 443 316 γὰρ
458 281 490 306 οὺ
503 280 564 316 δίχα
580 279 679 315 σαρκὸς
704 279 744 310 είς
759 277 834 304 τόνδε
857 277 903 304 τὸν

115 325 219 360 κόσμον
233 327 247 352 ὀ
260 326 426 361 Μονογενής)
439 334 446 341 ·
456 323 497 358 εἷς
511 326 564 361 ἄρα
577 325 635 352 ἐστὶ
648 324 728 359 φύσει
738 324 788 353 καὶ
794 322 904 359 ἀληθῶς

116 370 230 407 ιὶὗριος,
250 372 298 398 καὶ
314 371 442 407 Χριστὸς,
457 372 505 398 καὶ
518 371 593 403 Υιός.

157 514 167 530 ι
182 504 236 531 Kal.
257 503 327 539 ὑπὲρ
344 503 433 530 αὐτῶν
449 502 505 538 ἐγὼ
527 503 634 538 ἁγιάζω
649 504 777 538 ἐμαυτὸν,
791 502 837 529 ἵνα
853 499 905 529 ὧσι

117 550 167 576 καὶ
180 549 257 576 αὐτοὶ
273 549 433 585 ἡγιασμένοι
455 549 484 575 ἐν
504 549 629 585 ἀληθείᾳ.
645 558 655 575 ι
671 548 783 575 Ἑαυτὸν
797 548 905 582 ἁγιάζει

116 592 311 630 Χριστός.Ἀρ”
325 595 362 626 ὡς
376 594 517 629 ἄνθρωπος
527 614 535 627 ,
554 595 570 630 ἢ
587 595 627 621 ὅτι
649 594 748 629 μᾶλλον
762 593 830 625 Θεός
848 593 906 620 ἐστι

118 639 192 666 κατὰ
207 639 298 674 φύσιν,
317 639 381 665 ἴδιον
394 639 463 674 ἔχων
480 639 511 665 τὸ
535 638 647 673 Πνεῦμα
665 639 696 665 τὸ
709 639 800 673 ἆγιον;
818 638 906 674 ’Ὅπερ

117 686 179 711 ἐστὶ
196 685 243 711 καὶ
255 684 363 719 ἀληθές.
388 684 500 716 Οὐδενὸς
517 684 661 720 τοιγαροῦν
674 683 825 719 ἀνθρώπων
841 684 906 709 ἐαυ-

117 732 166 758 τὸν
190 731 359 765 ἁγιάζοντος.
378 731 473 757 ἑαυτὸν
497 731 605 764 ἁγιάζει
627 731 755 766 Χριστός.
779 727 827 761 Εἷς
853 730 906 764 ἄρα

119 777 195 802 ἐστὶν
206 776 268 808 Υἱὸς
279 777 325 803 καὶ
336 776 447 811 Κύριος,
463 776 640 811 ἁγιαζόμενος
653 776 701 811 μὲν
718 775 906 811 ἀνθρωπίνως,

119 821 241 856 ἁγιάζων
268 822 297 848 δὲ
323 821 420 853 θεῖκῶς
446 821 485 856 τῷ
509 822 566 857 ἰδίῳ
590 821 728 857 Πνεύματι
748 821 795 848 τὸν
810 819 907 847 ἑαυτοῦ

120 867 194 893 ναόν.

159 922 168 938 ι
185 912 272 938 Πολλὰ
287 911 336 947 μὲν
351 909 397 938 οὖν
415 912 460 937 καὶ
477 911 544 938 ἄλλα
558 912 659 947 σημεῖα
675 911 803 946 ἐποίησεν
822 911 837 937 ὁ
855 911 907 945 ἰη-
924 909 944 935 Β

119 958 184 990 σοῦς
207 958 321 984 ἐνώπιον
343 957 397 985 τῶν
420 957 549 994 μαθητῶν
564 957 657 989 αὑτοῦ,
671 956 689 984 ἃ
708 957 758 983 οὐκ
778 956 835 982 ἔστι
859 965 906 991 γε-

118 1003 269 1039 γραμμένα
282 1003 312 1029 ἐν
327 1002 366 1038 τῷ
382 1003 475 1038 βιϐλίῳ
487 1002 584 1037 τού-τῳ.
596 1002 688 1028 Ταῦτα
702 1002 730 1028 δὲ
744 1002 906 1037 γέγραπται,

119 1048 165 1074 ἵνα
188 1047 353 1082 πιστεύσητε
377 1047 418 1073 ὅτι
434 1046 538 1082 Ἰησοῦς
553 1047 627 1072 ἐστιν
651 1046 664 1071 ὁ
682 1044 799 1081 Χριστὸς
815 1045 829 1071 ὀ
844 1044 906 1076 Υἱὸς

118 1094 167 1120 τοῦ
190 1093 277 1120 Θεοῦ·
301 1093 348 1119 καὶ
375 1093 418 1119 ἵνα
442 1092 624 1124 πιστεύοντες,
637 1091 709 1126 ζωὴν
733 1091 811 1126 ἔχητε
827 1091 856 1118 ὲν
870 1090 908 1126 τῷ

119 1140 232 1173 ὀνόματι
245 1139 336 1166 αὑτοῦ.
352 1149 361 1165 ι
371 1140 400 1166 '0
413 1140 444 1165 ὲκ
458 1139 508 1174 τῆς
520 1138 600 1172 ἁγίας
616 1137 754 1174 Παρθένου
778 1145 907 1172 γεγεννη-

121 1186 203 1221 μένος
224 1185 406 1221 Ἐμμανουὴλ,
424 1185 468 1212 διὰ
482 1185 532 1220 τῆς
545 1184 592 1211 τοῦ
605 1183 769 1218 Εὑαγγελίου
780 1183 794 1203 πί
817 1183 909 1218 φωνῆς

126 1229 229 1264 Ἰησοῦς
246 1229 481 1265 ὠνόμασται.”οτε
498 1229 587 1255 τοίνυν
603 1229 684 1260 αὑτός
698 1230 767 1260 ἐστι,
792 1228 839 1255 καὶ
860 1227 909 1263 οὐχ

119 1275 225 1310 ἕτερος,
243 1275 306 1306 Υἱὸς
329 1274 375 1301 τοῦ
398 1274 476 1307 Θεοῦ,
491 1275 538 1301 καὶ
561 1275 575 1300 ό
598 1273 733 1300 πιστεύων
754 1273 811 1308 ἔχει
837 1272 908 1308 ζωὴν

120 1319 231 1346 αἰώνιον
252 1320 280 1346 ἐν
296 1319 334 1354 τῷ
357 1319 468 1354 ὀνόματι
486 1318 579 1345 αὑτοῦ·
598 1319 655 1350 πῶς
670 1318 699 1345 οὐ
716 1319 869 1353 μεμήνασιν
884 1318 908 1344 οἱ

119 1365 295 1400 διορίζοντες,
308 1365 356 1392 καὶ
373 1365 532 1399 φάσκοντες,
548 1365 641 1400 ἕτερον
653 1364 716 1390 Υίὸν
727 1361 797 1390 εἶναι
811 1363 856 1390 τὸν
877 1364 909 1389 ὲκ

122 1411 191 1437 θεοῦ
219 1411 315 1445 Λόγον,
330 1411 378 1439 καὶ
398 1411 491 1446 ἓτερον
512 1410 557 1436 τὸν
578 1411 610 1436 ἐκ
637 1409 686 1444 τῆς
706 1410 786 1444 ἁγίας
805 1409 910 1445 Παρθέ-

122 1465 185 1490 νου;
201 1455 325 1484 Φαίνεται
342 1456 396 1491 γὰρ
418 1456 447 1483 ὲν
469 1456 574 1486 τούτοις
600 1455 614 1481 ὁ
641 1453 835 1489 εὐαγγελιστὴς
863 1453 910 1480 καὶ

124 1505 197 1539 μάλα
212 1504 305 1539 σαφῶς
318 1504 366 1531 ξένα
380 1504 428 1531 καὶ
444 1503 524 1538 μόνον
536 1503 581 1528 τὸν
597 1502 626 1535 ἐξ
650 1502 750 1536 ἀμφοῖν
766 1500 844 1532 εἰδὼς
863 1499 910 1526 καὶ

123 1550 266 1586 κηρύττων
286 1549 389 1584 Ἰησοῦν
403 1549 532 1584 Χριστὸν,
544 1548 667 1575 τουτέστι
678 1547 724 1574 τὸν
737 1548 770 1574 ἐκ
781 1546 847 1573 Θεοῦ
858 1546 911 1572 Πα-

953 283 1034 310 quam
1047 283 1129 303 verus
1143 276 1273 304 Dominus
1284 281 1415 304 venturus
1428 277 1626 311 praenuntiatus
1641 281 1695 310 cst,
1711 281 1741 303 ut

955 328 1047 348 revera
1066 322 1262 356 praenuntiatus
1278 325 1320 349 est
1335 322 1427 356 (venit
1442 322 1515 349 enim
1533 321 1696 356 Unigenitus
1711 323 1739 349 in

954 366 1026 394 htmc
1046 367 1174 394 mundum
1195 374 1247 393 ιιοιι
1267 367 1367 401 absque
1386 367 1498 403 carne);
1511 375 1581 394 unus
1599 375 1662 401 ergo
1682 375 1741 394 om-

956 411 1019 438 nino
1036 416 1132 438 natura
1149 415 1176 438 et
1192 411 1306 439 veritate
1324 411 1462 444 Dominus,
1475 417 1501 440 et
1511 411 1645 445 Christus,
1655 417 1682 439 et
1697 411 1742 438 Fi-

955 455 1008 484 lius
1021 456 1083 484 erit.

994 511 1003 528 ι
1025 502 1058 529 Et
1077 510 1126 536 pro
1143 502 1183 529 eis
1200 510 1250 538 ego
1267 503 1408 530 sanctiﬁco
1426 504 1558 538 meipsum
1570 524 1577 536 ,
1593 509 1624 530 ut
1642 504 1697 531 sint
1715 509 1743 530 et

957 548 1006 582 ipsi
1023 548 1184 575 sanctiﬁcati
1201 549 1227 575 in
1243 549 1399 576 veritate".
1418 559 1427 575 ι
1447 549 1571 584 Seipsum
1587 550 1743 577 sanctiﬁcat

956 593 1082 620 Christus
1093 601 1102 619 :
1117 593 1164 620 sed
1181 594 1301 628 nunquid
1316 599 1345 621 ut
1360 595 1457 622 homo?
1471 603 1504 621 au
1519 603 1584 622 vero
1597 600 1628 622 ut
1642 601 1738 622 natura

957 638 1028 665 Deus
1038 637 1168 673 Spiritum
1180 645 1304 666 sanctum
1316 645 1442 674 tanquam
1452 640 1590 675 proprium
1599 641 1743 668 obtinens?

957 683 1038 711 Certe
1049 689 1079 711 ut
1091 683 1170 711 Deus.
1184 683 1262 711 Nullo
1277 686 1366 720 itaque
1380 686 1534 713 mortalium
1547 686 1666 720 seipsum
1680 694 1744 713 san.

958 730 1103 762 ctilicante,
1129 730 1202 757 solus
1225 730 1349 758 Christus
1375 732 1550 766 semetipsum
1581 731 1742 759 sanctiﬁcat.

958 775 1034 803 Unus
1047 781 1089 803 est
1103 783 1167 811 ergo
1182 776 1312 803 Dominus
1328 781 1354 804 ct
1368 776 1467 811 Filius;
1482 777 1668 804 sanctiﬁcatus
1682 777 1743 812 qui-

958 822 1018 848 dem
1039 827 1068 848 ut
1088 821 1180 853 homo,
1199 830 1276 849 suum
1293 830 1358 849 vero
1379 823 1462 856 ipsius
1484 823 1611 857 templum
1633 823 1743 858 proprio

959 873 1007 894 suo
1021 865 1124 901 Spiritu
1139 867 1313 894 sanctilicaus
1329 872 1358 894 ut
1372 867 1453 894 Deus.

997 921 1006 937 ι
1026 911 1110 938 Multa
1127 911 1235 945 quidem
1253 917 1280 938 et
1297 911 1349 938 alia
1367 913 1443 947 signa
1462 911 1526 939 fecit
1541 912 1618 940 Jesus
1636 914 1661 939 in
1679 920 1744 940 con-

959 962 1049 992 spectu
1067 957 1258 992 discipulorum
1276 965 1401 989 suorum,
1421 965 1480 992 quae
1497 966 1548 985 non
1566 963 1628 986 sunt
1644 959 1743 993 scripta

959 1003 985 1030 in
1005 1003 1073 1030 libro
1093 1003 1154 1030 hoc.
1173 1003 1236 1030 llmc
1254 1008 1344 1030 autem
1365 1003 1466 1038 scripta
1486 1009 1563 1037 sunt,
1582 1005 1744 1040 nyeredatis

959 1049 1020 1083 quia
1037 1048 1115 1076 Jesus
1130 1053 1171 1075 est
1187 1048 1310 1075 Christus
1329 1048 1414 1076 Filius
1433 1049 1495 1082 Dei;
1514 1054 1540 1076 et
1557 1055 1585 1076 ut
1602 1051 1745 1077 credentes

959 1094 1040 1120 vitam
1061 1094 1183 1121 habeatis
1204 1093 1230 1121 in
1252 1094 1361 1121 nomine
1380 1093 1438 1128 ejus
1449 1094 1482 1120 ³ο.
1508 1104 1517 1120 ι
1540 1094 1590 1128 Qui
1612 1103 1646 1122 ex
1667 1103 1743 1122 sacra

961 1137 1069 1173 Virgine
1091 1143 1171 1165 natus
1193 1142 1235 1165 est
1258 1138 1434 1169 Emmanuel.
1459 1139 1481 1166 is
1501 1146 1567 1166 voce
1590 1139 1744 1174 evangeliea

959 1183 1109 1217 appellatus
1121 1187 1164 1210 cst
1178 1182 1257 1210 Iesus
1268 1183 1301 1209 ³¹.
1318 1182 1384 1210 Cum
1402 1183 1459 1217 ipse
1473 1191 1548 1217 ergo,
1566 1187 1592 1210 et
1607 1191 1660 1210 ιιοιι
1677 1183 1747 1210 alius

960 1229 1091 1264 quispiam
1108 1229 1143 1256 sit
1159 1229 1206 1256 Dci
1220 1228 1324 1261 Filius;
1339 1235 1366 1256 et
1381 1229 1426 1263 qui
1442 1229 1468 1255 in
1485 1229 1560 1255 illum
1578 1229 1682 1262 credit,
1699 1237 1747 1256 nu-

960 1275 1032 1302 mine
1053 1274 1172 1309 ejusdem
1197 1274 1280 1300 vitam
1303 1277 1432 1301 aeternam
1456 1278 1659 1308 consequatur;
1681 1281 1748 1308 quo-

960 1321 1039 1348 modo
1060 1328 1112 1347 non
1135 1320 1272 1347 insaniunt
1292 1320 1349 1354 qui,
1365 1319 1496 1346 divisione
1517 1320 1642 1352 inducta,
1664 1320 1746 1346 alimu

960 1367 1005 1394 Dei
1018 1367 1105 1394 Patris
1115 1365 1244 1399 Verbum,
1257 1366 1338 1392 alium
1352 1374 1460 1393 rursum
1474 1366 1548 1393 il1um
1562 1366 1607 1401 qui
1622 1374 1656 1394 ex
1669 1373 1746 1394 sacra

962 1412 1070 1448 Virgine
1087 1416 1176 1439 ortum
1194 1412 1284 1444 ducit,
1303 1411 1400 1438 Filium
1414 1420 1478 1439 esse
1496 1412 1641 1439 asserunt?
1659 1412 1686 1439 In
1705 1412 1748 1440 Itis

960 1459 1032 1486 enim
1047 1457 1211 1493 evangelista
1227 1465 1309 1484 unum
1326 1457 1411 1484 solum
1426 1456 1517 1484 Jesnm
1534 1457 1682 1490 Christum,
1698 1457 1748 1484 hoc

960 1508 1012 1535 est,
1025 1503 1070 1530 Dei
1085 1502 1175 1530 Patris
1183 1503 1313 1534 Verbum,
1326 1502 1416 1529 carnis
1430 1507 1456 1530 et
1472 1503 1613 1538 sanguinis
1625 1511 1702 1538 aeque
1715 1511 1748 1530 ac

962 1556 1011 1575 nos
1034 1548 1180 1575 secundum
1205 1546 1361 1582 Scripturas
1388 1547 1524 1581 particeps
1547 1547 1690 1579 elTectum,
1714 1554 1748 1574 ex

122 1579 187 1632 τρίς
201 1596 296 1630 Λόγον,
313 1596 428 1631 αἵματος
443 1596 490 1622 καὶ
507 1595 607 1631 σαρκὸς
626 1594 844 1630 κεκοινωνηκότα
859 1602 910 1620 πα-

1000 1601 1077 1628 roque
1095 1579 1274 1621 constituttun
1295 1579 1465 1627 apertissime
1485 1579 1608 1628 agnoscit
1628 1597 1656 1620 et
1675 1600 1746 1627 pra--

124 1642 283 1679 ραπλησίως
296 1643 373 1678 ἡμῖν,
390 1641 460 1668 καθὰ
474 1642 640 1677 γέγραπται.

238 1698 290 1725 Ἐκ
308 1698 362 1725 τοῦ
380 1698 455 1725 κατὰ
473 1697 594 1725 Λουκᾶν
610 1696 805 1732 Ebur-{c.1101}.

163 1764 174 1782 ι
184 1755 309 1790 Ἐγένετο
323 1755 352 1782 δὲ
366 1756 395 1782 ἐν
411 1755 449 1790 τῷ
462 1753 532 1781 εἶναι
545 1754 643 1786 αὐτοὺς
656 1755 722 1786 ἐκεῖ,
735 1754 911 1789 ἐπλήσθησαν

125 1800 155 1827 al.
167 1800 269 1835 ἡμέραι
282 1800 330 1826 τοῦ
349 1801 439 1826 τεκεῖν
453 1799 538 1835 αὐτήν
547 1807 554 1814 ο
575 1799 622 1826 καὶ
634 1799 711 1826 έτεκε
725 1799 770 1825 τὸν
788 1798 851 1825 Υἱὺν
864 1798 913 1824 αὑ-

124 1844 175 1879 τῆς
198 1844 244 1870 τὸν
260 1843 440 1880 πρωτότοκον,
456 1844 503 1870 καὶ
530 1843 741 1878 ἐσπαργάνωσεν
757 1843 848 1875 αὑτὸν,
865 1843 913 1869 καὶ

125 1884 265 1917 ἆνέκλινεν
288 1890 368 1916 αὑτὸν
392 1891 421 1916 ἐν
443 1890 475 1924 τῇ
502 1890 600 1924 φάτνῃ,
615 1889 681 1915 διότι
695 1889 745 1915 οὐκ
766 1886 800 1924 ἦν
821 1889 912 1920 αὐτοῖς

125 1935 209 1966 τόπος
231 1936 259 1961 ὲν
284 1934 322 1970 τῷ
345 1934 528 1969 καταλύματι.
546 1935 629 1961 »Ἕνα
652 1934 699 1961 καὶ
718 1935 797 1970 μόνον
819 1934 913 1961 ἔτεκεν

126 1979 192 2006 Υῑδν
214 1980 260 2006 τὸν
279 1979 452 2015 Ἐμμανουήλ
477 1980 493 2015 ι]
519 1979 585 2013 ἁγία
609 1979 763 2014 Παρθένος·
787 1979 846 2011 πιίτ
867 1977 913 2006 οὖν

127 2034 221 2060 φησι,ι
235 2026 257 2051 Τ
259 2025 287 2051 δν
299 2025 362 2051 Υἱὺν
372 2025 456 2060 αὐτῆς
470 2024 515 2051 τὸν
530 2024 701 2060 πρωτότοκον
712 2033 720 2056 ;
732 2033 741 2049 ι
759 2024 789 2050 οὐ
799 2024 854 2059 γὰρ
867 2032 913 2058 γε-

127 2071 239 2105 γόνασιν
258 2071 346 2106 ἕτεροι
373 2071 432 2106 μετ’
446 2070 537 2102 αὐτὸν,
556 2070 694 2106 μεμένηκε
708 2070 738 2096 δὲ
769 2070 912 2106 παρθένος.

135 2116 359 2152 Ἐπισημαίνεται
375 2117 465 2143 τοίνυν
480 2117 517 2148 ὼς
535 2117 567 2143 ὲκ
580 2117 629 2152 τῆς
650 2115 829 2142 θεοπνεύστου
844 2117 913 2151 Γρα-

129 2162 197 2197 φῆς·
214 2161 371 2197 ὠνόμασται
396 2162 451 2197 γὰρ
476 2161 647 2198 πρωτότοκος
664 2161 679 2186 ὁ
696 2160 843 2196 μονογενὴς
866 2161 913 2187 τοῦ

127 2208 195 2235 Θεοῦ
210 2209 296 2242 Λόγος
307 2216 313 2223 ·
338 2208 518 2244 κεκοινώνηκε
534 2207 587 2243 γὰρ
612 2207 726 2241 αἵματος
741 2206 787 2232 καὶ
802 2206 912 2241 σαρκὸς,

129 2254 177 2280 καὶ
204 2253 401 2289 παραπλησίως
426 2254 491 2288 ἡμῖν
515 2253 627 2288 μετέσχε
644 2252 697 2278 τῶν
712 2251 810 2278 αὐτῶν.
837 2252 914 2278 Οὕτω
931 2245 952 2273 Ῑ)

128 2300 239 2334 γέγονεν
262 2301 291 2326 ἐν
317 2299 424 2330 πολλοῖς
447 2298 572 2333 ἀδελφοῖς
594 2298 772 2334 πρωτότοκος,
790 2296 863 2332 Πλὴν
877 2298 914 2329 ὼς

128 2345 194 2376 Θεὸς
206 2346 398 2381 προσκυνεῖται
412 2345 488 2379 παρά
502 2353 530 2370 τε
542 2344 621 2380 ἡμῶν
635 2343 724 2383 αίιτῶν
735 2343 846 2372 καὶτῶν
858 2343 914 2371 ἄνω

129 2400 196 2417 πνευ
201 2391 305 2425 μάτων.

168 2437 246 2462 «Kal.
270 2434 342 2468 εἶπε,
368 2436 444 2471 φησὶ,
467 2435 535 2472 πρὸς
556 2435 638 2462 αὑτὸν
663 2437 680 2471 ἡ
707 2437 798 2472 μήτηρ
820 2435 914 2463 αὐτοῦ’

129 2481 241 2515 Τέκνον,
255 2482 281 2509 τι
293 2482 425 2517 ἐποίησας
438 2482 505 2517 ἡμῖν
524 2481 626 2514 οὕτως
648 2481 713 2508 Ἰδοὺ
731 2483 745 2509 ό
761 2482 852 2517 πατήρ
868 2490 914 2508 σου

129 2529 177 2554 καὶ
201 2527 256 2561 ἐγὼ
281 2526 444 2562 ὀδυνώμενοι
467 2526 618 2562 ὲζητοῦμέν
638 2534 678 2552 σε.
693 2526 748 2553 Καὶ
771 2524 831 2553 εἷπε
846 2527 914 2562 πρὸς

129 2573 227 2604 αὐτούς
237 2581 243 2588 ·
258 2573 290 2599 Τί
309 2573 350 2599 ὅτι
364 2572 484 2607 ἐζητεῖτέ
500 2580 533 2607 με
544 2581 551 2605 ;
563 2571 613 2598 οὐκ
629 2572 716 2598 οἴδατε
726 2571 747 2604 ι,
761 2572 801 2598 ὃτι
818 2572 845 2598 ἐν
858 2573 913 2603 τοῖς

127 2618 176 2647 τοῦ
191 2618 297 2653 Πατρός
314 2627 364 2654 μου
379 2618 420 2644 δεῖ
440 2615 511 2645 εἶναί
528 2625 579 2652 με;
600 2626 610 2643 ι
621 2616 715 2653 Ἀθρει
730 2617 763 2653 δὴ
780 2614 825 2644 οὖν
841 2617 914 2649 ὅπως

167 2697 189 2712 ⁸³
201 2696 278 2723 Joan.
293 2695 407 2726 xvu,i9.
464 2695 486 2711 '°
498 2694 575 2721 Joan.
588 2701 635 2728 xx,
647 2693 692 2728 50,
706 2694 753 2722 51.

129 2739 192 2764 VIII,
209 2734 251 2758 19.
289 2732 312 2747 ³⁵
325 2731 392 2759 Luc.
407 2738 438 2762 ιι,
452 2730 497 2764 49,
515 2729 559 2757 50.

807 2694 829 2710 ³¹
840 2694 907 2722 Luc.
924 2702 953 2728 tt,
967 2693 1014 2722 2L

961 1640 1045 1668 dicat.

1105 1696 1147 1722 Ex
1165 1695 1308 1730 Evangelia
1327 1695 1470 1721 secundum
1489 1694 1600 1722 Lucam.

1001 1761 1011 1777 ι
1030 1751 1062 1779 Ει
1072 1751 1175 1779 factum
1189 1756 1241 1784 est,
1254 1759 1315 1779 cum
1330 1755 1422 1778 essent
1434 1750 1483 1781 ibi,
1498 1750 1599 1785 impleti
1614 1754 1677 1777 sunt
1691 1749 1749 1778 dies

963 1801 992 1824 ut
1008 1801 1128 1832 pareret,
1145 1801 1172 1824 et
1189 1798 1293 1832 peperit
1310 1797 1407 1824 Filium
1426 1804 1504 1823 suum
1522 1795 1749 1831 primogenitum,

962 1847 989 1870 et
1006 1843 1101 1877 pannis
1117 1850 1179 1870 eum
1199 1842 1327 1875 involvit,
1345 1847 1373 1869 et
1392 1842 1535 1869 reclinavit
1554 1842 1581 1868 in
1599 1842 1748 1876 przesepio,

963 1889 1025 1923 quia
1042 1896 1094 1915 non
1110 1893 1170 1916 erat
1184 1889 1227 1916 eis
1243 1888 1318 1916 locus
1334 1888 1362 1915 in
1378 1888 1527 1915 diversorio
1538 1888 1571 1914 ³¹.
1592 1897 1601 1914 ι
1619 1887 1707 1915 Unum
1723 1892 1751 1916 et

963 1933 1050 1960 solum
1071 1933 1168 1960 Filium
1193 1934 1298 1968 peperit
1319 1934 1400 1968 116
1419 1933 1629 1968 sanctaVirgo,
1651 1941 1749 1968 nempe

964 1978 1165 2006 Emmanuelem
1185 1988 1192 2006 :
1211 1987 1259 2006 cur
1276 1979 1358 2013 igitur
1374 1979 1470 2006 Filium
1490 1979 1561 2006 illius
1578 1977 1748 2015 primogeni-

965 2029 1020 2051 tum
1042 2024 1175 2058 appellat?
1196 2023 1288 2058 Neque
1309 2024 1381 2051 enim
1403 2024 1449 2051 ulli
1470 2024 1515 2051 alii
1538 2027 1600 2058 post
1621 2024 1696 2051 illttm
1716 2032 1748 2052 ex

965 2070 1021 2105 ipsa
1040 2070 1094 2097 nati
1112 2075 1175 2098 sunt
1192 2079 1201 2097 :
1220 2076 1351 2106 perpetuo
1368 2078 1484 2105 namque
1505 2070 1550 2097 illa
1567 2070 1751 2106 virginitatem

964 2116 1145 2143 conservavit.
1169 2116 1343 2150 Signiﬁcatur
1364 2123 1444 2151 ergo,
1466 2123 1481 2142 a
1505 2123 1582 2143 sacra
1608 2116 1750 2151 Scriptura

965 2162 1128 2196 unigenitum
1144 2162 1190 2189 Dei
1202 2161 1321 2189 Verbum
1338 2161 1373 2188 ob
1388 2161 1415 2188 id
1432 2161 1643 2196 primogenitum
1659 2163 1751 2197 appel-

965 2207 1047 2234 latum
1064 2215 1135 2239 esse,
1153 2208 1216 2242 quia
1233 2207 1307 2234 carni
1325 2211 1351 2234 et
1369 2206 1504 2241 sanguini,
1522 2207 1682 2242 exterisque
1700 2208 1750 2235 hu-

967 2253 1053 2280 manis
1067 2260 1143 2287 aeqne
1156 2260 1187 2280 ac
1201 2260 1251 2280 nos
1266 2253 1486 2286 communicans,
1500 2253 1572 2280 inter
1586 2254 1683 2282 multos
1697 2255 1752 2283 fra-

968 2303 1021 2325 tres
1030 2298 1052 2314 ³²
1063 2299 1206 2333 primatum
1218 2298 1341 2326 sortitutn
1353 2303 1394 2325 est
1404 2298 1436 2325 ".
1449 2298 1514 2326 Cum
1528 2299 1578 2326 hoc
1589 2299 1648 2333 ipso
1661 2304 1750 2327 tamen

967 2350 994 2371 et
1012 2352 1026 2370 a
1046 2345 1169 2379 superuis
1190 2344 1242 2371 illis
1262 2344 1413 2378 spiritibus,
1432 2349 1460 2372 et
1480 2345 1626 2379 nobisipsis
1644 2354 1752 2381 quoque

968 2389 1107 2422 adoratur,
1123 2394 1150 2416 et
1166 2395 1195 2416 ut
1210 2389 1282 2417 Deus
1297 2389 1405 2417 colitur.

1008 2444 1017 2461 ‹
1037 2434 1070 2462 Et
1084 2434 1151 2462 dixit
1167 2440 1252 2462 matcr
1264 2435 1322 2470 ejus
1337 2435 1371 2462 ad
1387 2435 1463 2463 illum
1479 2445 1486 2463 :
1501 2436 1570 2470 Fili,
1585 2436 1648 2470 quid
1664 2435 1752 2464 fecisti

967 2480 1045 2508 nobis
1058 2480 1114 2508 sic?
1127 2480 1195 2508 Ecce
1210 2485 1286 2514 pater
1299 2484 1360 2509 tuus
1372 2485 1400 2508 et
1412 2488 1461 2516 ego
1473 2481 1597 2509 dolentes
1610 2482 1752 2516 quaereba—

967 2533 1027 2553 mus
1046 2530 1082 2552 te.
1099 2525 1132 2552 Et
1150 2526 1187 2552 ait
1204 2526 1237 2553 ad
1255 2526 1315 2553 illos
1332 2534 1340 2554 :
1357 2526 1425 2559 Quid
1442 2531 1482 2554 est
1500 2527 1571 2561 quod
1588 2534 1631 2554 me
1648 2534 1753 2561 qurere-

966 2572 1055 2599 batis?
1068 2570 1246 2603 Nesciebatis,
1259 2572 1322 2606 quia
1337 2572 1363 2599 in
1379 2572 1421 2600 bis
1434 2579 1494 2607 qua:
1507 2571 1597 2599 Patris
1612 2573 1664 2600 mei
1677 2576 1751 2606 sunt,

967 2621 1074 2652 oportet
1085 2623 1128 2644 me
1145 2624 1204 2644 esse
1213 2617 1255 2644 ³⁸2
1268 2627 1276 2643 ι
1289 2618 1328 2645 En
1340 2618 1475 2653 quomodo
1485 2618 1622 2646 caalestem
1634 2617 1753 2653 Patrem,

1070 2694 1092 2710 ³¹
1111 2693 1177 2722 an.
1195 2701 1225 2727 ιι,
1239 2693 1265 2728 6,
1283 2694 1310 2722 7.
1365 2694 1482 2722 "Hebr.
1495 2703 1524 2728 tt,
1542 2695 1585 2722 l4.
1637 2695 1752 2724 "Rom.

665 2809 753 2837 Varia:
771 2807 899 2837 lectiones
914 2807 1015 2836 codicis
1025 2807 1201 2844 chniel‘inui.

169 2879 183 2900 Ιι
199 2879 281 2913 ἴσως,
297 2878 423 2913 ἀγγέλου.
463 2876 473 2896 ι
489 2876 588 2912 ᾔδειτε.
