1872 3057
156 153 226 181 1519

155 216 233 235 suum
249 207 334 242 ipsius
349 207 488 242 proprium
503 205 609 234 Patrem
625 207 755 234 nominat.
768 205 802 232 At
814 205 946 240 siquidem
960 212 984 239 Α

157 254 243 280 nudus
258 255 338 280 hoqu
350 257 419 285 erat,
435 253 583 287 cuiusmodi
598 260 647 279 uos
659 259 762 283 sumus,
776 256 804 277 et
816 251 888 277 aliud
902 251 944 277 ni-

157 299 208 332 hil;
225 306 272 325 cur
286 305 337 324 non
354 298 404 324 hac
421 298 510 332 potius
523 298 650 325 oratione
664 305 730 324 usus
743 301 785 323 est
799 305 806 323 :
825 306 834 321 ι
851 295 944 323 Nesci-

158 345 192 369 tis
207 344 278 378 quod
295 344 319 370 itt
336 343 378 370 his
391 351 450 378 qua:
463 344 616 370 communis
629 343 750 370 omnium
766 342 855 369 Patris
869 347 943 373 sunt,

156 394 263 424 oportet
283 397 324 416 me
345 389 424 416 esse?
445 399 454 414 ι
473 388 573 416 Verum
592 389 667 416 illum
687 394 716 416 ut
734 389 872 422 proprium
893 387 943 415 sibi

157 435 288 467 vindicat;
304 435 366 469 quia
383 435 456 462 solus
471 436 623 462 secundum
639 435 757 461 divinam
773 438 898 461 naturam
910 440 944 461 ex

158 482 216 514 ipso
234 486 314 507 natus
331 486 381 507 est.
400 481 530 508 Eumdetn
549 481 727 508 nihilomituts
745 485 773 507 et
792 481 872 507 homo
888 480 943 514 jam

159 526 243 552 factus
259 526 395 559 proprium
413 525 499 552 adhuc
516 526 721 560 naturalemque
738 525 847 552 retinet.

195 580 204 595 ι
225 571 255 596 lit
272 570 370 597 factum
387 577 446 602 est,
463 571 526 597 dum
545 575 617 597 esset
632 571 658 597 in
675 578 725 597 una
743 571 883 597 civitatum
895 591 902 601 ,
917 575 945 598 et

157 621 219 639 ecce
232 614 272 639 vir
283 614 378 648 plenus
392 614 464 647 lepra
481 624 488 641 :
502 619 527 641 et
539 615 633 642 videns
646 615 749 647 Jesum,
763 621 789 642 et
801 616 945 649 procideus

158 661 183 685 in
196 658 304 691 faciem,
319 660 422 694 rogavit
432 668 504 692 cum,
518 661 628 688 dicens:
640 661 760 694 Domine,
775 662 796 688 si
808 663 856 695 vis,
870 667 945 696 poles

158 712 200 731 Ine
215 705 354 732 mundare.
371 705 402 732 Et
417 707 565 734 extendens
581 715 700 740 manum,
717 707 803 743 tetigit
817 715 889 740 eum,
904 709 945 735 di-

156 758 220 777 cens
238 759 245 776 :
262 749 339 782 Volo,
361 752 492 778 mundare
511 751 544 777 ³⁸.
562 761 571 777 ι
583 751 724 779 Miraberis
744 753 787 780 hic
805 753 944 780 Christum

156 795 245 823 divina
263 796 342 822 simul
359 804 391 823 ac
406 804 536 832 corporea
553 798 652 825 virtute
666 806 822 833 operantem
839 808 846 826 :
862 800 945 834 siqui-

155 842 215 868 dem
231 843 297 869 velle
312 847 371 870 erat.
385 843 516 876 divinum,
531 844 588 879 ipsa
603 851 666 871 vero
682 852 777 871 manus
793 847 943 880 protensio,

157 889 315 917 humanum.
332 889 407 917 Unus
422 890 514 925 itaque
526 898 560 918 ex
574 896 689 926 utroque
703 891 797 919 Filius.
812 892 877 919 Nam
893 893 943 920 etsi
960 881 982 910 Β

157 934 273 961 Verbum
288 934 370 963 fuerit
385 936 565 969 ineat-natum,
578 937 662 964 nihilo
677 942 765 965 tamen
780 939 866 966 secius
881 946 942 966 cum
952 954 962 961 -

157 981 263 1014 propria
279 988 370 1013 carne,
386 982 510 1008 virtutem
525 988 552 1009 et
569 983 624 1018 ipsa
640 989 749 1018 propter
762 984 826 1011 illml
843 986 944 1012 haben-

157 1030 193 1056 te,
209 1031 335 1060 unquam
352 1026 422 1054 Deus
442 1028 617 1061 operabatur.

194 1080 204 1096 ι
221 1069 292 1098 Dixit
307 1076 395 1098 autem
408 1073 440 1098 ad
454 1072 514 1099 illos
528 1079 535 1100 :
548 1073 688 1106 Quomodo
701 1075 794 1102 dicunt
808 1075 943 1102 Christum

156 1123 216 1143 csse
232 1116 313 1142 lilium
332 1117 433 1144 David!
447 1122 474 1144 et
489 1117 546 1152 ipse
560 1118 645 1145 David
661 1119 727 1147 dicit
742 1121 768 1147 in
785 1120 854 1147 libro
867 1120 943 1147 Psal-

157 1171 260 1191 morum
279 1175 284 1191 :
302 1165 373 1190 Dixit
390 1165 519 1193 Dominus
537 1165 652 1193 Domino
669 1174 728 1194 meo
743 1176 749 1193 :
767 1167 835 1193 Sede
851 1177 864 1193 a
877 1169 943 1194 dux-

156 1209 207 1236 tris
222 1209 299 1241 meis,
313 1209 399 1236 donec
413 1218 509 1244 ponam
525 1211 649 1238 inimicos
663 1216 723 1238 tuos
737 1212 882 1239 scabellum
897 1221 944 1247 pe-

156 1255 220 1281 dum
236 1259 354 1281 tuorum.
371 1255 452 1282 David
468 1263 532 1290 ergo
549 1257 691 1283 Dominmn
707 1257 780 1284 illum
797 1262 876 1284 vocat
892 1267 898 1284 :
916 1262 944 1285 et

155 1300 290 1334 quomodo
308 1301 378 1326 lilius
394 1301 453 1335 ejus
469 1301 560 1328 est"?
578 1311 588 1327 ι
605 1302 690 1329 Audis
706 1310 760 1338 quo
777 1308 856 1338 pacto
873 1304 943 1338 ipse-

156 1350 212 1372 met
230 1345 355 1372 Christus
375 1345 494 1380 (tametsi
513 1353 545 1373 ex
568 1347 672 1374 semine
692 1347 777 1374 David
797 1349 942 1375 secundum

156 1399 264 1418 t'nruetn
279 1392 410 1426 originem
427 1392 526 1427 trahat)
542 1393 593 1420 hoc
609 1393 669 1420 loco
685 1393 779 1424 Deum.
792 1399 818 1421 et
834 1393 941 1428 Filiuu,

157 1435 236 1471 117
249 1441 275 1462 et
289 1437 430 1463 Dominum
443 1437 591 1464 secundum
605 1443 728 1465 naturam
741 1446 772 1465 se
783 1446 843 1466 esse
854 1444 943 1466 osten-

155 1482 219 1508 dat?
237 1481 306 1508 Dicit
322 1483 393 1508 enim
411 1491 418 1509 :
439 1493 448 1508 ι
468 1483 495 1510 Si
514 1483 624 1510 Davidis
642 1484 713 1511 lilius
729 1489 782 1516 Bal.
797 1493 846 1511 cur
862 1485 942 1512 David

158 1527 297 1554 Dominum
313 1527 387 1554 illum
400 1529 533 1563 appellat?
549 1539 558 1555 ›
574 1529 626 1556 Sed
644 1537 730 1565 neque
743 1537 832 1557 ortum
847 1539 942 1558 secun-

156 1574 218 1599 dum
236 1581 345 1600 carnem
364 1575 407 1601 hic
423 1582 457 1601 ex
476 1574 585 1602 Davidis
603 1563 706 1603 semine
725 1576 839 1610 refutat;
858 1585 945 1611 neque
958 1563 981 1593 ο

156 1619 274 1654 seipsum
293 1627 400 1646 rursum
419 1620 565 1646 secundum
583 1625 708 1647 naturam
727 1621 868 1648 Dominum
885 1630 946 1652 esse

157 1669 245 1699 negat.
256 1664 353 1691 Verum
368 1665 431 1692 licet
446 1673 527 1692 unum
542 1673 575 1692 ex
591 1670 707 1700 utroque
720 1672 846 1694 constare
861 1667 945 1702 signi-

157 1711 264 1737 ticatum
282 1711 361 1743 velit.
379 1716 525 1745 utrumque
544 1716 633 1738 tamen
652 1713 746 1739 adesse
763 1713 942 1740 demonstrat.

157 1756 230 1784 Unus
246 1757 335 1791 itaque
350 1762 392 1784 est
407 1757 542 1789 Christus,
559 1762 585 1784 et
600 1764 679 1784 verus
693 1757 787 1784 Filius.

197 1825 273 1858 Quod
288 1825 354 1860 [ida
372 1827 399 1853 iu
416 1825 550 1852 Christum
569 1826 603 1853 sit
622 1831 748 1862 tanquam
765 1827 791 1854 in
809 1827 903 1854 Deum.

355 1882 398 1910 Ex
413 1882 533 1917 Epistqla
549 1885 584 1909 ad
602 1882 743 1911 Romanos.

191 1947 201 1964 ι
218 1937 269 1965 Per
281 1945 359 1972 quem
374 1939 530 1973 accepimus
545 1939 660 1973 gratiam
674 1945 702 1966 et
714 1940 895 1974 apostolatum
909 1941 942 1968 ad

152 1983 332 2011 nhediendum
351 1985 411 2011 lidei
434 1986 459 2011 in
483 1985 610 2012 omnibus
628 1986 752 2020 gentibus
770 1993 818 2019 pro
835 1987 944 2013 nomine

153 2031 254 2064 ipsius;
270 2031 294 2057 in
309 2031 406 2065 quilms
418 2031 484 2057 estis
497 2036 524 2057 et
536 2038 582 2058 vos
595 2032 683 2058 vocati
695 2031 758 2058 Jesu
770 2032 871 2059 Christi
881 2033 913 2059 ".
931 2042 940 2058 ›

154 2075 262 2103 Vocula:
278 2082 341 2103 sunt
357 2083 449 2111 gentes
467 2085 514 2110 per
532 2077 622 2104 fidem.
639 2077 690 2110 Qui
708 2082 799 2105 autem
817 2085 865 2113 per
879 2086 943 2105 san-

153 2128 212 2148 (108
226 2122 361 2156 apostolos
377 2122 429 2149 illis
445 2123 667 2155 anuuntiabatnr,
682 2122 808 2150 Christus
820 2128 886 2150 erat.
902 2123 942 2150 Ab

153 2169 186 2194 iis
201 2175 263 2194 vero
276 2168 320 2201 qui
337 2167 399 2194 ﬁdei
417 2168 554 2203 mysteriis
568 2168 757 2200 initiahantur,
773 2168 838 2195 lides
851 2168 942 2203 exige-

154 2215 233 2240 batur
250 2213 275 2240 in
294 2213 446 2246 Christum,
466 2223 517 2240 nun
537 2219 662 2247 tanquam
683 2213 708 2240 iu
728 2214 878 2247 hominem,
894 2215 940 2241 sed
955 2236 977 2263 Β

153 2264 278 2292 tanquam
297 2260 322 2286 in
339 2259 431 2286 Deum.
449 2259 540 2293 Neque
555 2260 627 2285 enim
643 2259 735 2286 dicere
750 2260 790 2286 fas
805 2263 856 2290 est,
873 2268 938 2294 geu~

152 2310 192 2331 tes
208 2313 267 2338 qtne
281 2304 360 2331 Iidem
377 2305 402 2330 in
417 2305 553 2330 Christum
569 2304 828 2338 complectehaulur,
841 2312 873 2332 ex
887 2312 940 2332 uno

150 2359 243 2376 ιιι-νοω
259 2350 286 2376 in
302 2349 415 2377 alterum
431 2350 571 2376 transiisse
587 2358 593 2376 :
608 2357 702 2376 verum
719 2358 732 2375 a
750 2349 808 2377 falsi
825 2350 942 2377 nominis

153 2397 204 2423 diis
218 2396 360 2427 abductas,
377 2397 409 2422 ad
426 2396 507 2421 Deum
523 2396 611 2422 vivum
627 2403 773 2423 conversas
786 2403 857 2422 esse.
872 2395 937 2423 Cutu

151 2443 189 2469 illi
210 2449 275 2476 ergo
295 2443 328 2469 ad
348 2442 528 2469 obedientium
552 2440 613 2468 ﬁdei
637 2448 685 2475 pro
706 2441 807 2469 Christi
830 2442 939 2468 nomine

151 2488 331 2522 apostolatnm
360 2495 390 2515 se
418 2488 557 2522 accepisse
587 2487 774 2522 proﬁteantur,
804 2488 939 2522 quomodo

150 2534 276 2561 tlhristus
292 2541 344 2560 non
358 2537 400 2560 est
417 2534 501 2566 Deus,
517 2541 578 2560 cum
595 2533 660 2560 ﬁdes
676 2533 807 2560 habeatur
821 2534 848 2560 in
863 2533 938 2560 illum

147 2585 279 2614 tauquam
295 2579 322 2606 itt
337 2579 437 2606 Deum?

189 2636 199 2652 ι
218 2626 308 2653 Testis
320 2631 362 2653 est
374 2626 438 2652 mihi
453 2626 531 2657 Deus,
549 2626 590 2652 cui
606 2625 695 2652 servio
711 2625 737 2652 in
757 2625 852 2660 spiritu
867 2632 937 2658 meo,

152 2671 181 2698 iu
203 2670 349 2706 Evangelio
373 2670 432 2697 Filii
457 2670 527 2705 ejus,
555 2670 626 2704 qttod
652 2670 711 2697 sine
738 2670 939 2697 intermissione

152 2717 310 2743 memoriam
343 2717 426 2743 vestri
458 2716 528 2742 fat-io
562 2723 669 2750 semper
703 2716 729 2742 in
769 2715 940 2742 orationibus

155 2761 222 2788 meis
236 2761 270 2789 ³⁵.
290 2770 299 2786 ι
317 2761 367 2794 Qui
387 2762 440 2788 Deo
459 2761 591 2793 serviunt,
613 2769 666 2788 noti
686 2762 811 2789 serviunt
829 2761 938 2789 Christo

189 2847 212 2862 "
228 2847 295 2874 Luc.
312 2855 337 2879 v,
353 2848 396 2879 12,
416 2848 457 2874 15.

651 149 680 176 S.
701 148 838 176 CYRILLI
858 147 1090 175 ALEXANDRINI
1112 145 1273 175 ABCIIIEP.

1731 145 1746 171 1
1751 144 1803 172 320

999 205 1064 232 ῐδιον
1086 205 1184 232 ἑαυτοῦ
1200 204 1309 240 Πατέρα
1324 204 1369 231 τὸν
1391 204 1420 231 ἐν
1433 205 1490 236 τοῖς
1509 203 1640 240 οὐρανοῖς
1655 201 1801 237 ὀνομάζει.

1001 250 1071 277 Ἀλλ’
1086 251 1165 286 εἴπερ
1187 249 1222 286 ἦν
1248 250 1389 286 ἄνθρωπος
1413 251 1585 286 καταμόνας,
1602 250 1653 276 καὶ
1674 248 1747 276 αὐτὸ
1770 247 1800 283 δὴ

994 296 1073 323 τοῦτο
1096 297 1241 332 νοούμενος
1266 296 1326 324 καθ’
1341 297 1426 332 ἡμᾶς,
1444 296 1503 328 πῶς
1531 296 1584 323 οὐκ
1611 295 1670 321 ἔδει
1696 294 1801 329 μᾶλλον

997 343 1084 369 εἰπεῖν
1097 350 1104 357 ·
1119 343 1176 369 Οὐκ
1193 343 1293 378 ᾔδειτε,
1310 343 1351 369 ὅτι
1374 343 1404 368 ὲν
1416 343 1472 374 τοῖς
1488 342 1535 368 τοῦ
1555 341 1672 368 πάντων
1688 339 1800 375 Πατρδς

994 387 1065 416 εἷναί
1087 398 1120 424 με
1133 389 1190 421 δεῖ;
1212 389 1283 415 Ἀλλ’
1297 389 1363 416 ῐδιον
1383 388 1468 415 αὐτοῦ
1483 389 1605 414 ποιεῖται
1616 395 1623 401 ·
1644 387 1731 421 μόνος
1745 385 1800 421 γὰρ

994 434 1024 467 ἐξ
1039 435 1122 462 αὐτοῦ
1135 435 1295 471 γεγέννηται
1307 435 1378 462 κατὰ
1394 434 1476 469 φύσιν
1491 433 1602 465 θεῖκῶς.
1612 434 1642 460 '0
1658 433 1690 460 δὲ
1703 432 1799 464 αὐτος.

993 481 1042 508 καὶ
1058 481 1200 517 ἅνθρωπος
1215 480 1346 516 γεγονὼς,
1360 481 1426 509 ῐδιον
1446 481 1504 516 ἔχει
1518 481 1567 507 καὶ
1584 479 1668 515 φύσει
1685 478 1800 514 Πατέρα

994 527 1040 554 τὸν
1054 527 1121 554 Θεόν
1127 547 1134 555 .

1035 585 1044 601 ι
1058 568 1110 602 Καὶ
1137 575 1246 609 ἐγένετο
1264 575 1293 602 ὲν
1319 574 1358 609 τῷ
1376 571 1446 601 εἶναι
1460 573 1542 600 αὑτὸν
1557 573 1586 599 ὲν
1604 573 1657 607 μιᾷ
1675 571 1733 597 τῶν
1749 570 1800 597 πό-

994 619 1073 652 λεων,
1089 619 1137 646 καὶ
1167 619 1222 646 ἰδοὺ
1244 619 1314 655 ἀνὴρ
1340 619 1447 654 πλήρης
1460 618 1564 653 λέπρας
1574 625 1582 631 ·
1606 617 1656 643 καὶ
1672 616 1737 642 ἰδὼν
1751 615 1799 642 τὸν

1001 665 1115 700 Ἰησοῦν,
1131 664 1222 692 πεσὼν
1239 664 1285 691 ἐπὶ
1300 664 1456 701 πρόσωπον,
1468 663 1566 699 ἐδεήθη
1579 662 1796 695 αὑτοῦ,λέγων·

995 709 1092 745 Κύριε,
1111 709 1159 736 ἐὰν
1175 708 1266 745 θέλῃς,
1279 708 1391 736 δύνασαί
1413 717 1446 743 με
1459 709 1619 743 καθαρίσαι.
1636 707 1695 734 Καὶ
1708 705 1798 731 ἐκτεί-

994 763 1042 788 νας
1058 756 1107 788 τὴν
1121 756 1199 791 χεῖρα
1210 774 1218 786 ,
1232 755 1321 790 ἥψατο
1336 754 1430 786 αὑτοῦ,
1445 754 1544 788 λὲγων·
1567 753 1655 785 Θέλω,
1675 751 1796 786 καθαρί-

996 801 1084 836 σθητι.
1101 810 1110 827 ι
1130 800 1290 836 Θαυμάσεις
1314 801 1343 827 ὲν
1365 799 1471 831 τούτοις
1494 799 1594 831 θεῖκῶς
1612 807 1644 825 τε
1671 798 1733 833 ἅμα
1749 797 1796 824 καὶ

996 846 1160 882 σωματικῶς
1185 845 1349 882 ἐνεργοῦντα
1365 845 1498 881 Χριστόν·
1521 845 1613 871 θεῖκὺν
1631 844 1686 879 μὲν
1702 841 1752 870 οὖν
1767 842 1796 869 τὸ

997 893 1094 925 θέλειν,
1108 892 1278 929 ἀνθρώπινον
1290 892 1318 919 δὲ
1332 892 1362 919 τὺ
1377 893 1493 919 ἐκτεῖναι
1508 891 1558 926 τὴν
1574 892 1666 926 χεῖρα..
1683 887 1734 922 Εἷς
1750 886 1796 917 οὖν

997 940 1027 972 ἐξ
1044 941 1144 975 ἀμφοῖν
1166 940 1238 971 Υἱός.
1253 939 1285 966 Εἰ
1304 938 1358 974 γὰρ
1382 938 1431 965 καὶ
1454 938 1548 972 γέγονε
1565 937 1636 972 σὰρξ
1658 937 1674 963 ὁ
1695 936 1795 970 Λόγος.

996 985 1053 1011 ἀλλ’
1067 985 1105 1017 ὡς
1115 985 1181 1017 θεὸς
1193 985 1300 1019 ἐνεργεῖ
1313 984 1382 1018 μετὰ
1394 985 1445 1019 τῆς
1457 983 1525 1015 ἰδίας
1539 983 1654 1018 σαρκὸς,
1674 981 1796 1017 trem;

997 1030 1081 1066 αὐτῆς
1093 1030 1126 1056 δι’
1140 1029 1221 1056 αὑτὸν
1236 1028 1361 1063 δύναμινι

1036 1085 1045 1101 ι
1059 1073 1126 1102 Eine
1141 1075 1170 1102 δὲ
1185 1074 1254 1110 πρὸς
1272 1074 1370 1106 αὐτούς
1382 1082 1388 1088 ·
1404 1073 1467 1105 Πῶς
1481 1073 1590 1107 λέγουσι
1610 1071 1660 1098 τὸν
1673 1069 1795 1106 Χριστὸν

998 1119 1067 1148 εἶναι
1089 1121 1146 1148 υἱὸν
1160 1120 1257 1153 Δαυῖδ;
1273 1119 1352 1151 αὐτὸς
1368 1119 1422 1154 γὰρ
1435 1119 1450 1145 ὁ
1466 1117 1547 1145 Δαυῖδ
1561 1116 1637 1150 λέγει
1653 1116 1685 1142 ἐν
1698 1115 1795 1150 βιϐλίῳ

997 1166 1118 1202 Ψαλμῶν
1129 1175 1135 1182 ·
1151 1164 1235 1193 Εἶπεν
1248 1167 1263 1192 ὁ
1276 1165 1378 1200 Κύριος
1393 1164 1433 1199 τῷ
1448 1163 1544 1199 Κυρίῳ
1561 1171 1611 1198 μου
1622 1169 1628 1176 ·
1647 1161 1744 1188 Κάθου
1762 1161 1795 1187 ὲκ

996 1213 1092 1245 δεξιῶν
1110 1220 1172 1247 μου,
1191 1212 1244 1244 ἓως
1260 1211 1293 1238 ἂν
1311 1210 1350 1237 θῶ
1367 1211 1430 1242 τοὺς
1445 1209 1558 1245 ἐχθρούς
1580 1217 1628 1234 σου
1645 1207 1793 1234 ὑποπόδιον

996 1259 1051 1285 τῶν
1066 1257 1154 1285 ποδῶν
1173 1265 1232 1284 σου.
1251 1256 1332 1283 Δαυῖδ
1349 1255 1430 1282 αὑτὸν
1444 1253 1546 1290 Κύριον
1559 1253 1649 1284 καλεῖ,
1665 1252 1716 1279 καὶ
1736 1252 1793 1282 πῶς

997 1304 1060 1335 Υἱὸς
1075 1302 1156 1330 αὑτοῦ
1172 1302 1261 1335 tam;
1279 1311 1288 1327 ι
1308 1300 1431 1331 Ἀκούεις
1443 1300 1517 1331 ὅπως
1531 1300 1560 1325 ὲν
1572 1298 1681 1328 τούτοις
1697 1298 1790 1331 πειρὶ-

996 1359 1041 1376 ται
1056 1349 1188 1376 δεικνύειν
1205 1347 1286 1379 αὐτὸς
1299 1348 1313 1374 ὸ
1328 1346 1454 1382 Χριστὸς,
1467 1346 1507 1372 ὃτι
1521 1345 1574 1372 κᾶν
1587 1345 1611 1370 εἰ
1624 1343 1742 1378 γέγονεν
1761 1343 1792 1369 ἐκ

998 1396 1155 1430 σπέρματος
1170 1393 1251 1420 Δαυῖδ
1270 1394 1284 1420 ὁ
1299 1392 1383 1426 Λόγος
1401 1391 1472 1418 κατὰ
1485 1390 1534 1426 τὴν
1551 1390 1654 1425 σάρκα,
1668 1388 1731 1417 ἀλλ’
1746 1385 1791 1415 οὖν

997 1443 1055 1468 ἐστι
1071 1441 1118 1467 καὶ
1131 1439 1201 1466 οὕτω
1218 1438 1288 1466 κατὰ
1303 1438 1385 1473 φύσιν
1396 1437 1509 1473 Κύριος,
1520 1437 1558 1469 ὡς
1571 1436 1638 1467 Υἱὸς
1647 1435 1697 1462 καὶ
1707 1434 1789 1467 026;;

1001 1497 1010 1514 ι
1024 1487 1056 1514 ΕΙ
1075 1487 1129 1521 γὰρ
1144 1486 1187 1522 δὴ,
1204 1486 1296 1520 φησιν.
1315 1484 1372 1516 υἱὸς
1392 1483 1440 1510 τοῦ
1463 1482 1555 1516 Δαυῖδ,
1582 1482 1643 1514 πῶς
1668 1482 1752 1508 αὑτὸν
1776 1482 1789 1507 6

998 1533 1079 1560 Δαυῒδ
1094 1533 1195 1568 Κύριον
1209 1529 1354 1566 ὀνομάξει;
1371 1539 1380 1556 ι
1391 1530 1461 1556 Ἀλλ’
1474 1528 1536 1555 οὗτε
1549 1528 1599 1563 τὴν
1613 1529 1648 1554 ἐκ
1664 1527 1788 1562 σπέρμα-

996 1588 1041 1611 τος
1055 1578 1136 1606 Δαυῗδ
1150 1577 1275 1612 γέννησιν
1293 1576 1363 1603 κατὰ
1381 1576 1472 1611 σάρκα.
1483 1575 1512 1601 ἐν
1526 1574 1635 1605 τούτοις
1654 1574 1788 1609 ἀρνεῖται,

995 1625 1056 1652 οὔτε
1082 1625 1134 1660 μὴν
1162 1623 1322 1658 ἀποπέμπει
1345 1622 1391 1649 τοῦ
1417 1618 1486 1648 εἶναι
1500 1620 1572 1647 κατὰ
1589 1619 1673 1654 φύσιν
1688 1618 1789 1654 Κύριον

995 1671 1089 1698 ἑαυτόν
1098 1679 1105 1687 ·
1125 1672 1267 1706 προσεῖναι
1281 1669 1309 1695 δέ
1325 1676 1407 1703 φησιν
1421 1667 1586 1702 ἀμφότερον,
1600 1667 1625 1692 εἱ
1639 1666 1688 1692 καὶ
1699 1665 1729 1697 ὲξ
1739 1666 1789 1698 ἁμ-

995 1718 1054 1751 φοίν
1070 1715 1194 1750 βούλεται
1218 1714 1263 1740 τὸν
1279 1713 1328 1740 Eva.
1342 1711 1498 1748 δηλοῦσθαι.
1513 1708 1561 1742 Εἷς
1576 1708 1625 1737 οὖν
1644 1710 1702 1745 ἄρα
1725 1709 1788 1744 Χρι-

997 1761 1067 1793 στὸς,
1083 1761 1130 1787 καὶ
1151 1760 1214 1792 Υἱὸς
1230 1758 1349 1794 ἀληθῶς.

1058 1827 1122 1854 Ὂτι
1140 1828 1184 1860 εἰς
1202 1825 1332 1861 Χριστὸν
1351 1826 1369 1859 ἠ
1389 1825 1493 1857 πίστις
1511 1824 1551 1856 ὡς
1569 1824 1616 1856 εὶς
1636 1823 1723 1849 Θεόν.
1766 1854 1773 1862 Ι

1188 1885 1237 1911 Ἐκ
1256 1883 1312 1918 τῆς
1331 1883 1405 1917 πρὸς
1426 1882 1598 1916 Ῥωμαίους.

1032 1952 1041 1968 ι
1055 1941 1093 1969 Δι’
1104 1937 1135 1968 οὗ
1148 1941 1280 1976 ἐλάϐομεν
1291 1939 1371 1975 χάριν
1383 1939 1430 1966 καὶ
1444 1938 1600 1974 ἀποστολὴν
1614 1938 1656 1970 εἰς
1667 1936 1785 1972 ὑπακοὴν

993 1989 1111 2019 πίστεως
1126 1988 1155 2013 ὲν
1172 1987 1239 2014 πᾶσι
1254 1987 1311 2018 τοῖς
1327 1985 1431 2012 ἔθνεσιν
1445 1985 1515 2020 ὑπὲρ
1528 1984 1576 2011 τοῦ
1589 1984 1727 2018 ὀνόματος
1738 1983 1783 2011 αὺ-

992 2034 1039 2061 τοῦ
1050 2043 1057 2049 ·
1074 2035 1102 2060 ἐν
1117 2031 1158 2064 οἷς
1170 2033 1231 2059 ἐστε
1253 2032 1301 2058 καὶ
1315 2032 1394 2066 ὑμεῖς
1412 2031 1507 2066 κλητοὶ
1524 2030 1613 2066 Ἰησοῦ
1629 2029 1760 2065 Χριστοῦ.
1773 2039 1782 2054 ι

993 2080 1149 2115 Κέκληνται
1165 2078 1200 2105 τὰ
1212 2078 1275 2114 ἔθνη
1292 2078 1335 2104 διὰ
1352 2077 1400 2112 τῆς
1416 2076 1543 2108 πίστεως.
1559 2075 1615 2102 Καὶ
1635 2074 1670 2111 ἧν
1686 2076 1702 2102 ὁ
1720 2075 1782 2111 Χρι-

993 2126 1054 2158 στὸς
1065 2126 1109 2152 διὰ
1125 2125 1179 2152 τῶν
1195 2125 1280 2159 ἁγίων
1293 2123 1449 2151 ἀποστόλων
1466 2123 1480 2149 ό
1497 2123 1561 2158 παρ’
1572 2123 1666 2153 αὐτοῖς
1684 2130 1782 2157 κηρυτ⁵

991 2171 1119 2207 τόμενοητ⁸
1137 2171 1287 2206 ἐπράττετο
1299 2169 1327 2195 δὲ
1348 2168 1425 2204 παρὰ
1437 2167 1492 2194 τῶν
1508 2167 1781 2202 μυσταγωγουμένων

992 2218 1008 2252 ἡ
1025 2217 1115 2248 πίστις
1127 2216 1176 2251 οὐχ
1189 2216 1227 2247 ὡς
1245 2216 1285 2246 εἰς
1299 2214 1452 2250 ἄνθρωπον,
1472 2212 1529 2240 ἀλλ’
1547 2213 1585 2244 ὼς
1598 2214 1637 2244 εἰς
1653 2213 1733 2239 Θεόν.
1747 2212 1780 2238 Οὐ

992 2263 1045 2299 γάρ
1062 2262 1113 2289 πού
1133 2270 1223 2296 φαμεν
1237 2261 1269 2287 ὲκ
1285 2260 1388 2295 πλάνης
1407 2260 1447 2291 εἰς
1462 2259 1566 2294 πλάνην
1584 2257 1735 2294 κεκλῆσθαι
1750 2257 1781 2283 τὰ

991 2309 1066 2343 ἔθνη,
1079 2309 1128 2343 τὴν
1147 2308 1186 2339 εἰς
1205 2306 1322 2342 Χριστὸν
1341 2305 1432 2331 πίστιν
1454 2304 1685 2340 παραδεξάμενα·
1701 2311 1780 2330 κατα-

992 2355 1134 2382 λελοιπότσ.
1154 2354 1182 2380 δὲ
1201 2353 1300 2388 μᾶλλον
1322 2352 1386 2382 τοὺς
1407 2351 1602 2386 ψευδωνύμως
1619 2350 1709 2381 Θεοὺς,
1726 2350 1779 2375 ἐπι-

993 2400 1107 2436 στρέψαι
1120 2398 1214 2425 λοιπδν
1231 2398 1277 2425 ἐπὶ
1291 2397 1357 2424 Θεὸν
1372 2397 1540 2429 ζῶντα-Ὅτε
1561 2395 1653 2422 τοίνυν
1667 2395 1778 2422 ἀποστο-

991 2446 1040 2482 λὴν
1056 2444 1194 2480 εἰληφέναι
1213 2443 1295 2479 φασὶν
1311 2443 1336 2470 οἱ
1351 2441 1527 2477 μυσταγωγοὶ
1539 2442 1580 2472 εἰς
1597 2441 1726 2476 ὑπακοὴν
1739 2441 1778 2466 πί-

994 2500 1078 2523 στεως
1094 2491 1165 2526 ὑπὲρ
1178 2490 1224 2516 τοῦ
1239 2489 1368 2524 ὀνόματος
1388 2488 1436 2515 τοῦ
1459 2487 1590 2522 Χριστοῦ,
1607 2487 1667 2519 πῶς
1683 2488 1733 2514 οὐκ
1748 2487 1776 2514 ἂν

991 2537 1034 2573 εἴη
1049 2536 1124 2569 Θεὸς,
1136 2537 1215 2570 εἴπερ
1228 2536 1269 2567 εἰς
1286 2535 1366 2562 αὑτὸν
1380 2535 1397 2570 ἡ
1415 2534 1518 2566 πίστις,
1532 2533 1571 2566 ὡς
1587 2535 1628 2566 είς
1644 2533 1730 2567 Θεόν;

1031 2636 1040 2652 ι
1054 2626 1168 2662 Μάρτυς
1182 2626 1237 2661 γάρ
1255 2635 1305 2661 μου
1318 2626 1392 2653 ἐστὶν
1403 2626 1418 2652 ὀ
1432 2625 1509 2657 Θεὸς,
1521 2622 1544 2659 ᾧ
1559 2626 1686 2661 λατρεῦω
1700 2626 1728 2652 ἒν
1741 2626 1774 2660 τῷ

992 2670 1131 2707 πνεύματί
1145 2681 1207 2707 μου,
1220 2673 1250 2699 ὲν
1267 2671 1306 2707 τῷ
1320 2672 1479 2708 Εὑαγγελίῳ
1494 2671 1541 2698 τοῦ
1557 2672 1622 2698 Υἱοῦ
1636 2672 1730 2704 αὑτοῦ.
1741 2673 1773 2704 ὡς

991 2716 1168 2748 ἀδιαλείπτως
1188 2717 1282 2751 μνείαν
1299 2717 1375 2752 ὑμῶν
1389 2717 1518 2752 ποιοῦμαι
1536 2717 1652 2743 πάντοτε
1668 2718 1714 2743 ἐπὶ
1727 2717 1772 2743 τῶν

991 2762 1150 2798 προσευχῶν
1171 2771 1232 2798 μου.
1251 2773 1260 2788 ι
1282 2764 1313 2789 0!
1327 2763 1387 2798 Θεῷ
1400 2762 1589 2798 λατρεύοντες,
1603 2763 1654 2798 οὐχ
1667 2763 1705 2794 ὡς
1721 2762 1771 2798 Θεῷ

503 2847 598 2874 "an.
615 2855 658 2880 xx,
680 2847 773 2876 Η-Η.
812 2849 834 2864 ³³
847 2849 923 2877 Rom.
941 2858 959 2882 t,
974 2851 1001 2883 5,
1019 2850 1046 2879 6.
1086 2851 1108 2866 ²’
1121 2851 1196 2878 Rom.
1213 2860 1230 2879 ι.
1249 2853 1275 2879 9.
