1872 3057
92 129 165 156 1Τ21

650 136 694 163 DE
715 134 830 164 RECTA
851 134 928 161 FIDE
947 134 993 161 AD
1011 134 1170 162 REGINAS.

1656 143 1724 173 15(ὲῖ

88 186 164 221 παρ’
182 185 264 213 αὑτὸν
278 187 364 223 ἑτέρῳ
380 188 540 225 λατρεύουσι
560 191 598 227 τῷ
616 193 736 229 Χριστῷ.
751 194 837 220 Αὐτοῦ
859 193 884 219 δέ

974 199 1065 226 mquam
1082 192 1159 220 alteri
1177 192 1242 220 Deo.
1258 193 1335 220 Unde
1349 198 1375 220 et
1389 193 1461 222 illius
1476 203 1582 231 quoque
1598 197 1722 233 Evange-

90 239 164 265 φησι
187 233 234 258 καὶ
255 233 285 259 τὸ
301 234 477 269 Εὑαγγέλιον.
496 238 669 273 Κηρύττεται
683 239 737 274 γὰρ
753 239 833 271 αὐτὸς
850 240 888 271 ὡς

88 278 162 309 (θεὸς
177 278 213 313 τῷ
229 279 334 315 κόσμῳ,
347 281 434 308 καίτοι
456 282 525 310 Θεοῦ
549 285 621 311 κατὰ
642 285 722 319 φύσιν
745 285 820 317 ὄντος
839 286 886 312 τοῦ

89 323 215 359 Πατρῆς,
232 325 278 351 καὶ
303 326 486 362 κατάρχοντος
506 329 560 356 τῶν
583 331 661 357 ὅλων.
678 331 744 363 Θεὸς
766 329 812 358 οὖν
833 333 886 367 ἄρα

90 369 223 403 Χριστὸς,
242 371 256 396 ὁ
279 371 313 397 δι’
326 369 355 399 οὗ
373 373 420 399 καὶ
444 374 473 399 ὲν
492 371 514 408 ᾧ
530 375 577 402 καὶ
600 376 682 407 αὐτὸς
704 378 717 403 ὀ
735 377 829 412 Πατὴρ
848 378 886 409 ὡς

90 415 163 446 (θεὸς
180 416 404 451 καταγγέλλεται,
422 419 471 445 καὶ
488 421 522 455 τῇ
543 421 618 455 παρὰ
642 422 750 449 πάντων
771 423 885 458 τιμᾶται

89 460 143 487 lat
149 462 218 498 ρείᾳ.

135 517 144 532 ι
162 508 356 541 Δικαιωθέντες
377 508 423 537 οὖν
442 512 474 538 ἐκ
498 512 627 545 πίστεως,
650 514 762 549 εἰρήνην
787 514 885 550 ἔχομεν

91 552 165 588 πρὸς
179 553 244 580 Θεὸν
260 554 303 581 διὰ
318 555 364 582 τοῦ
379 557 481 592 Κυρίου
499 558 576 593 ἡμῶν
595 559 682 593 ἰησοῦ
697 561 827 595 Χριστοῦ,
847 560 886 588 δι’

90 595 126 624 οὗ
147 598 194 624 νῦν
207 599 254 625 καὶ
267 600 315 634 τὴν
329 603 511 637 προσαγωγὴν
523 603 680 639 ἐσχήκαμεν
693 607 725 640 τῇ
741 606 832 633 πίστει
845 607 885 638 εἰς

89 643 145 678 τὴν
165 644 246 679 χάριν
261 645 373 681 ταύτην,
391 647 421 673 ἐν
469 648 635 684 ἑστήκαμεν,
651 651 698 676 καὶ
720 651 885 686 καυχώμεθα

89 690 140 715 ἐπ’
153 689 240 717 ἐλπίδι
260 692 310 726 τῆς
327 691 406 727 δόξης
430 694 477 719 τοῦ
503 693 582 722 Θεοῦ.
597 705 607 721 ι
628 696 671 727 Ὠς
688 697 728 728 είς
749 697 815 723 Θεὸν
839 707 884 725 πι-

90 735 237 768 στεύοντες
252 737 439 774 δικαιούμεϐα.
454 739 485 766 Et
500 739 530 766 δὲ
549 742 589 773 εἰς
611 742 729 778 Χριστὸν
750 743 853 779 Ἰησοῦν
866 746 883 780 ἡ

90 781 199 815 πίστις,
216 783 263 810 καὶ
282 784 316 810 δι’
345 785 427 812 αὐτοῦ
453 786 502 822 τὴν
524 789 709 825 προσαγωγὴν
726 790 885 826 ἐσχήκαμεν

93 828 288 865 (συνήφθημεν
309 831 364 867 γὰρ
379 832 419 867 τῷ
432 832 491 868 Θεῷ
504 834 550 861 καὶ
564 835 661 870 Πατρὶ,
678 837 884 872 συνεγείραντος

938 238 1003 265 lium
1019 246 1081 265 esse
1096 239 1262 272 perhibemr.
1283 240 1466 268 Annuntiatur
1485 243 1556 269 enim
1576 244 1676 271 mundo
1695 249 1724 273 ut

939 283 1018 317 Deus,
1039 291 1098 310 cum
1113 284 1193 311 Pater
1213 285 1247 312 sit
1269 286 1338 313 Deus
1355 292 1468 320 natura,
1485 289 1724 325 principatumque

938 329 963 355 in
983 336 1077 356 omnes
1097 330 1225 358 obtineat.
1250 331 1321 358 Dens
1341 332 1424 366 igitur
1443 339 1485 360 est
1504 334 1646 366 Christus,
1675 344 1724 370 per

936 383 1017 409 quem
1033 380 1061 402 et
1077 376 1102 402 in
1120 383 1174 410 quo
1190 377 1247 411 ipse
1265 385 1373 412 quoque
1389 378 1470 406 Pater
1484 386 1512 407 ut
1528 381 1599 409 Deus
1616 390 1722 410 annun-

937 423 1030 454 tiatur,
1062 422 1190 458 cultuque
1215 429 1243 450 et
1268 426 1441 453 veneratione
1463 427 1497 454 ab
1519 429 1646 456 omnibus
1665 431 1721 457 alli-

935 468 1017 495 citur.

975 523 985 540 ι
1002 513 1146 541 Justiﬁcati
1174 523 1239 550 ergo
1264 523 1296 543 ex
1323 517 1384 549 ﬁde,
1410 526 1503 552 pacem
1533 520 1663 549 habemus
1689 524 1722 548 ad

937 559 1020 586 Deum
1038 567 1085 594 per
1103 559 1246 588 Dominum
1268 567 1388 589 nostrum
1404 563 1494 590 Iesum
1510 564 1659 597 Christum.
1676 575 1724 601 per

936 612 1015 639 quem
1035 610 1061 632 et
1084 605 1215 634 habemus
1231 615 1368 635 accessum
1389 616 1437 643 per
1455 609 1533 636 ﬁdem
1554 611 1581 637 in
1607 613 1722 645 gratiam

936 651 1030 685 istam,
1051 652 1077 679 in
1096 660 1150 687 qua
1170 657 1292 686 stamus,
1309 660 1336 681 et
1358 655 1506 690 gloriamur
1528 657 1554 684 in
1574 658 1655 694 118
1675 667 1723 693 spe

936 698 1028 732 gloriae
1042 698 1158 725 ﬁliorum
1177 699 1222 726 Dei
1233 700 1268 728 ⁵ο.
1285 710 1294 726 ι
1311 701 1338 728 Si
1354 702 1379 728 in
1395 700 1478 729 Deum
1493 705 1645 737 credentes.
1660 712 1723 732 vere

933 743 1126 778 justiﬁcamur.
1145 745 1251 780 ﬁdeque
1267 747 1292 773 in
1309 747 1446 775 Christum
1461 748 1553 776 Iesum
1574 751 1721 784 tendimus,

936 799 968 819 ac
986 800 1033 827 per
1049 792 1123 820 illum
1140 794 1172 820 ad
1189 793 1296 821 Patrem
1317 796 1426 822 tandem
1441 798 1615 831 pervenimus
1631 798 1721 833 (Chri—

937 843 979 866 sto
998 846 1115 873 namque
1130 847 1179 867 nos
1191 839 1270 867 simul
1283 841 1427 875 excitante,
1448 842 1502 869 Deo
1524 848 1551 870 et
1569 843 1640 871 Patri
1656 851 1721 871 cnn-

89 875 191 910 ὢσπερ
206 876 280 912 ἡμᾶς
298 877 346 903 τοῦ
361 877 504 914 Χριστοῦ)·
521 879 580 912 πῶς
592 881 623 907 ού
632 881 697 913 Θεός
712 883 782 916 ἐστι,
796 883 843 910 καὶ
860 884 884 910 εί

974 883 1092 919 igimur),
1107 886 1243 918 quomodo
1264 885 1334 912 Deus
1355 894 1407 912 non
1430 891 1481 920 est,
1502 888 1582 915 etiam
1601 888 1624 916 si
1643 888 1721 923 juxta

90 922 209 955 γέγονεν
232 923 264 949 ὲκ
288 923 446 960 σπέρματος
460 925 542 953 Δαυῖδ
564 928 593 953 τὸ
611 927 681 954 κατὰ
697 929 796 964 σάρκα,
814 930 886 957 κατὰ

90 968 146 999 τὰς
165 968 275 1004 Γραφάς
285 978 292 1002 ;

134 1023 144 1038 σ
159 1014 257 1047 Καθὼς
271 1016 436 1052 γέγραπται,
454 1018 554 1054 φησίν
578 1020 643 1047 Ἰδοὺ
662 1021 758 1057 τίθημι
772 1023 800 1048 ὲν
815 1023 885 1050 Σιὼν

91 1059 171 1087 λίθον
196 1061 421 1097 προσκόμματος,
446 1064 492 1090 καὶ
518 1064 619 1100 πέτραν
648 1067 814 1094 σκανδάλου·
839 1070 885 1096 καὶ

93 1107 152 1138 πᾶς
178 1108 192 1133 ὁ
209 1108 344 1134 πιστεύων
366 1109 410 1135 ἐπ’
427 1110 512 1145 αὐτῷ,
530 1111 561 1136 ού
576 1113 850 1149 καταισχυνθήσεται.
871 1124 880 1141 ι

93 1153 209 1187 Συμεὼν
231 1154 245 1181 ὁ
256 1153 370 1188 δίκαιος,
386 1155 431 1181 ὅτε
447 1155 478 1182 τὸ
494 1155 565 1183 θεῖον
578 1158 618 1189 εἰς
630 1158 754 1192 ἀγκάλας
776 1159 885 1192 ἐδέξατο

94 1198 207 1234 βρέφος,
223 1199 273 1234 ἔφη
302 1200 370 1236 πρὸς
396 1201 443 1227 τὸν
468 1202 554 1229 Θεόν*
582 1213 590 1229 ι
605 1203 662 1230 Νῦν
686 1204 815 1237 ἀπολύεις
839 1206 885 1232 τὸν

91 1245 189 1271 δοῦλόν
208 1255 265 1278 σου,
281 1247 414 1279 Δέσποτα,
431 1249 501 1275 κατὰ
516 1249 546 1275 τὸ
558 1250 636 1285 ῥῆμά
649 1260 708 1284 σου,
726 1252 754 1278 ἐν
777 1253 883 1289 εἰρήνῃ.

95 1291 159 1317 ’Ὁτι
174 1289 242 1317 εἶδον
255 1292 280 1317 οἱ
292 1292 427 1327 ὀφθαλμοί
436 1302 487 1328 μου
498 1295 527 1320 τὸ
540 1297 672 1331 σωτήριόν
685 1306 742 1330 σου,
753 1298 885 1334 ὂὴτοίμα-

95 1345 146 1367 σας
172 1337 242 1363 κατὰ
269 1337 413 1373 πρόσωπον
437 1342 546 1367 πάντων
570 1341 623 1367 τῶν
647 1342 729 1375 λαῶν,
746 1353 755 1369 ι
784 1344 831 1371 καὶ
850 1345 885 1371 τὰ

94 1382 169 1417 ἑξῆς.
184 1383 336 1419 Προσετίθη
351 1384 380 1411 δὲ
393 1385 499 1417 τούτοις
511 1395 518 1402 -
543 1396 551 1411 ι
565 1386 630 1413 Ἰδοὺ
645 1384 723 1420 οὗτος
736 1390 823 1416 κεῖται
845 1391 885 1420 εἰς

94 1431 200 1458 πτῶσιν
222 1432 269 1458 καὶ
295 1432 443 1460 ἀνάστασιν
460 1433 566 1461 πολλῶν
585 1436 614 1462 ἐν
637 1435 676 1471 τῷ
697 1437 814 1473 Ἰσραὴλ,
837 1438 884 1464 καὶ

93 1477 137 1507 εἰς
152 1478 262 1512 σημεῖον
275 1477 493 1513 ἀντιλεγόμενον.
506 1489 516 1505 ι
526 1480 555 1506 '0
572 1479 653 1512 αὐτὸς
665 1481 708 1516 ἄρ’
720 1482 794 1508 ἐστὶν
809 1484 823 1509 ὁ
837 1483 883 1509 τοῦ

94 1523 311 1558 προσκόμματος
333 1524 418 1558 λίθος,
446 1526 493 1552 καὶ
508 1526 524 1561 ἡ
542 1526 631 1562 πέτρα
654 1527 701 1553 τοῦ
720 1528 880 1556 σκανδάλου.

94 1569 151 1594 Καὶ
176 1569 386 1603 περιπταίοντες
414 1570 463 1606 μὲν
489 1571 563 1606 αὐτῷ
589 1571 632 1598 διὰ
657 1573 707 1607 τῆς
730 1573 880 1606 ἀπειθείας,

94 1614 293 1649 συνετρίϐησάν
314 1624 388 1647 τινες
399 1625 406 1632 ’
422 1616 551 1651 διέφυγον
564 1617 593 1644 δὲ
607 1617 638 1644 τὸ
651 1619 883 1655 καταισχυνθῆναι

92 1660 118 1685 οἱ
135 1660 184 1693 τὴν
198 1660 265 1695 πρὸς
279 1661 361 1688 αὐτὸν
379 1661 470 1689 πίστιν
484 1662 768 1701 προσεφςόιμενοιΪΑρν
783 1662 830 1691 οὖν
846 1666 884 1697 ὡς

94 1705 135 1735 εἰς
151 1705 293 1740 ἄνθρωπον
314 1707 536 1743 πεπιστεύκαμεν
551 1709 567 1743 ἢ
586 1709 623 1740 ὡς
636 1709 676 1740 εἰς
688 1708 770 1741 Θεόν;
787 1710 832 1741 Ὠς
844 1711 883 1741 εἰς

93 1750 161 1776 Θεὸν
176 1750 308 1785 δηλονότι.
330 1752 396 1783 Θεὸς
411 1750 457 1779 οὖν
471 1753 525 1788 ἄρα
536 1753 655 1790 Χριστός
665 1762 672 1768 ·
686 1754 730 1780 ἐπ’
741 1754 816 1790 αὐτῷ
829 1754 883 1791 γὰρ

93 1794 110 1820 ὁ
128 1793 231 1827 δίκαιος
250 1796 362 1830 Συμεὼν
382 1797 431 1828 τὰς
450 1798 551 1833 ἀρτίως
580 1799 645 1834 ἡμῖν
665 1799 812 1836 εἰρημένας
831 1799 882 1836 ἔφη

94 1841 198 1875 φωνάς.

133 1930 201 1965 Περὶ
215 1929 270 1956 τῶν
286 1931 421 1957 Ἰουδαίων
438 1931 520 1967 φησίν
530 1940 536 1947 ·
561 1942 570 1958 ι
582 1933 755 1967 ’Λγνοοῦντες
766 1935 820 1971 γὰρ
833 1936 883 1971 τὴν

94 1974 144 2001 τοῦ
170 1975 236 2002 Θεοῦ
262 1975 377 2012 δύναμιν
399 1978 445 2004 καί
468 1978 651 2015 δικαιοσύνην,
671 1981 717 2007 καὶ
741 1981 790 2017 τὴν
815 1981 884 2009 ἰδίαν

95 2021 242 2057 ζητοῦντες
258 2022 365 2057 στῆσαι,
381 2025 414 2060 τῇ
432 2024 592 2062 δικαιοσύνῃ
613 2026 660 2052 τοῦ
677 2026 745 2053 Θεοῦ
761 2027 810 2062 οὐχ
830 2027 884 2053 ὐπ-

93 2069 242 2104 ιτάγησαν.
258 2068 340 2101 Τέλος
353 2069 408 2105 γὰρ
422 2070 505 2105 νόμου
517 2071 644 2107 Χριστὸς,
657 2073 696 2104 εἰς
711 2072 884 2109 δικαιοσύνην

94 2115 178 2142 παντὶ
194 2115 233 2150 τῷ
247 2116 412 2143 πιστεύοντι.
428 2126 437 2142 ι
455 2117 486 2143 ΕΞ
503 2117 580 2149 τέλος
596 2118 678 2152 νόμου
696 2119 823 2154 Χριστὸς,
837 2119 884 2146 καὶ

95 2163 176 2196 αὑτός
189 2165 261 2190 ἐστιν
278 2165 294 2200 ἡ
308 2164 476 2200 δικαιοσύνη,
489 2165 602 2192 δικαιῶν
623 2165 668 2192 διὰ
692 2166 810 2198 πίστεως
834 2166 883 2202 τῆς

937 928 1090 962 Scripturas
1105 929 1126 944 “
1149 936 1181 957 ex
1204 930 1307 957 semine
1327 930 1411 958 David
1442 933 1588 960 secundum
1612 941 1720 960 carnem

935 974 1022 1001 factus
1037 970 1098 1002 est?

974 1028 983 1045 ι
1001 1019 1076 1047 Sicut
1090 1021 1220 1055 scriptum
1234 1024 1276 1048 est
1290 1029 1297 1047 :
1313 1021 1381 1048 Ecce
1391 1042 1398 1054 ,
1415 1022 1511 1057 inquit,
1529 1031 1599 1058 pono
1613 1025 1640 1052 in
1655 1025 1720 1052 Sion

936 1065 1050 1100 lapidem
1064 1066 1233 1099 oﬂ'ensionis,
1247 1073 1274 1094 et
1291 1073 1396 1102 petram
1422 1069 1562 1096 scandali:
1585 1075 1613 1097 et
1631 1072 1720 1099 omnis

935 1112 980 1145 qui
995 1112 1080 1139 credit
1096 1112 1122 1139 in
1138 1120 1210 1144 eum.
1231 1121 1283 1140 non
1299 1113 1479 1141 confundetur
1489 1114 1522 1141 “.
1542 1124 1551 1141 ι
1569 1113 1661 1143 Justus
1676 1116 1721 1143 Si-

935 1164 1013 1183 mcon
1026 1165 1086 1184 cum
1103 1158 1222 1184 divinum
1240 1159 1313 1185 illum
1329 1166 1441 1193 puerum
1455 1160 1525 1187 inter
1539 1161 1616 1188 ulnas
1630 1168 1720 1189 susce-

935 1203 1075 1236 pissenita
1090 1203 1173 1231 Deum
1198 1203 1294 1231 affatus
1315 1210 1375 1232 est:
1397 1213 1408 1231 ι
1431 1204 1507 1233 Nunc
1529 1206 1643 1234 dimittis
1660 1215 1719 1236 ser-

937 1256 995 1274 \‘utn
1016 1253 1101 1280 tuum,
1129 1249 1251 1282 Domine,
1274 1251 1420 1277 secundum
1445 1251 1557 1278 verbum
1586 1256 1662 1280 tuum
1693 1254 1719 1280 iu

935 1302 1011 1328 pare.
1047 1297 1108 1330 quia
1135 1296 1262 1323 viderunt
1286 1297 1357 1324 oculi
1388 1297 1440 1324 mei
1473 1298 1593 1326 salutare
1620 1304 1719 1328 tuum:

935 1341 1006 1374 quod
1021 1342 1122 1375 parasti
1141 1346 1203 1368 ante
1229 1341 1325 1369 facient
1343 1343 1463 1371 omnium
1481 1344 1638 1379 populorum
1652 1345 1687 1378 ",
1708 1355 1718 1373 ι

935 1391 962 1412 ct
985 1394 1044 1420 qua:
1069 1393 1229 1421 sequuntur.
1255 1387 1398 1423 Subjungit
1420 1390 1538 1417 deinde:
1562 1399 1571 1416 ι
1588 1391 1658 1418 Ecce
1676 1391 1722 1420 hic

935 1432 1039 1465 positus
1052 1438 1094 1460 est
1111 1433 1136 1459 in
1154 1434 1260 1460 ruinam
1276 1439 1304 1462 ct
1328 1435 1553 1463 resurrectionem
1576 1436 1720 1464 multorum

936 1478 961 1504 in
979 1478 1073 1511 Israel,
1086 1483 1113 1506 et
1127 1480 1152 1506 in
1168 1480 1275 1516 signum
1293 1482 1336 1508 cui
1354 1482 1555 1510 contradicetur
1565 1483 1598 1509 “.
1619 1493 1628 1510 ι
1647 1484 1720 1511 idem

936 1532 1000 1558 ergo
1013 1530 1055 1551 est
1067 1525 1136 1560 lapis
1154 1526 1323 1559 offensionis.
1340 1532 1366 1555 et
1381 1533 1455 1562 petra
1471 1528 1602 1557 scandali.
1617 1530 1649 1556 Et
1661 1531 1721 1565 qui-

937 1571 995 1597 dem
1013 1572 1134 1598 nonnulli
1148 1578 1258 1608 propter
1275 1573 1457 1601 inﬁdelitatem
1477 1575 1504 1601 in
1528 1576 1614 1610 ipsum
1634 1577 1720 1611 impe~

935 1623 1042 1650 gerunt,
1054 1622 1080 1644 et
1095 1619 1204 1645 contriti
1221 1623 1301 1652 sunt;
1321 1619 1418 1653 reliqui
1440 1627 1512 1653 vero,
1529 1621 1573 1655 qui
1591 1621 1718 1649 nimirum

935 1663 1013 1689 ﬁdem
1033 1663 1059 1689 in
1076 1663 1151 1690 illum
1168 1665 1300 1699 complexi
1324 1670 1396 1698 sunt,
1419 1665 1606 1694 confusionem
1624 1675 1719 1696 evase-

935 1715 1008 1736 runt.
1023 1709 1148 1745 Nunquid
1162 1718 1227 1746 ergo
1245 1711 1270 1737 in
1293 1710 1368 1737 illum
1387 1716 1514 1746 tanquam
1535 1713 1562 1740 in
1584 1714 1719 1742 hominem

934 1756 1081 1787 credimus,
1097 1765 1130 1783 an
1147 1765 1211 1784 vero
1224 1761 1350 1792 tanquam
1364 1757 1391 1784 in
1414 1757 1518 1785 Deum?
1542 1759 1640 1794 Utique
1661 1764 1721 1787 tan-

934 1810 1014 1837 quam
1030 1803 1058 1830 in
1076 1803 1172 1830 Deum.
1187 1803 1259 1831 Deus
1278 1804 1369 1838 itaque
1390 1809 1431 1832 est
1451 1805 1593 1833 Christus:
1611 1809 1644 1834 de
1661 1807 1720 1842 ipso

934 1850 1006 1876 enim
1020 1849 1109 1885 justus
1122 1850 1232 1877 Simeon
1248 1851 1380 1879 adductas
1394 1852 1474 1886 paulo
1495 1857 1559 1879 ante
1577 1860 1658 1880 voces
1671 1853 1718 1881 dev

936 1896 1086 1930 promebat.

972 1941 1009 1968 De
1038 1941 1137 1968 Judaeis
1160 1941 1246 1969 dicit:
1274 1951 1283 1967 ι
1314 1942 1471 1976 ignorantes
1493 1942 1565 1970 enim
1587 1944 1718 1978 justitiam

934 1986 995 2018 Dei,
1011 1979 1038 2013 et
1053 1994 1128 2014 suam
1144 1992 1264 2013 statuere
1288 1993 1452 2021 qua-rentes,
1471 1988 1584 2022 justitiam
1599 1988 1646 2016 Dei
1665 1996 1719 2015 non

935 2037 998 2060 sunt
1010 2032 1135 2067 subjecti.
1151 2031 1226 2059 Finis
1242 2032 1313 2059 enim
1334 2032 1399 2067 legis
1421 2033 1562 2065 Christus,
1582 2034 1615 2060 ad
1638 2033 1720 2067 justi—

936 2079 1000 2105 tiam
1016 2078 1089 2105 omni
1103 2078 1224 2105 credenti
1239 2078 1271 2103 ".
1292 2088 1301 2104 ι
1318 2078 1345 2105 Si
1359 2077 1483 2105 Christus
1502 2078 1562 2106 ﬁnis
1583 2079 1650 2114 legis
1666 2084 1719 2111 est,

935 2126 1060 2159 idemque
1087 2130 1130 2152 est
1149 2125 1264 2159 iustitia,
1287 2125 1332 2158 qui
1355 2123 1488 2158 justiﬁcat
1514 2132 1561 2159 per
1589 2124 1667 2152 ﬁdem
1693 2126 1720 2152 in

936 2171 1034 2206 ipsum,
1047 2171 1269 2206 justiﬂcandique
1280 2170 1394 2197 facultas
1408 2171 1433 2197 in
1453 2170 1540 2198 solum
1560 2170 1641 2198 Deum
1654 2178 1720 2198 con-

95 2213 134 2242 εὶς
151 2211 230 2237 αὐτόν
241 2219 248 2225 ·
268 2211 341 2247 μόνῳ
353 2211 381 2238 δὲ
397 2212 435 2244 ὡς
452 2212 516 2239 ἴδιον
528 2213 702 2239 ὰνακείσεται
718 2213 748 2240 τὸ
760 2213 881 2241 δικαιοῦν

974 2216 1027 2243 niat
1055 2221 1181 2250 tanquam
1209 2215 1336 2249 quiddam
1359 2215 1409 2249 ipsi
1432 2215 1577 2249 peCnliare,
1601 2222 1718 2250 quonam

94 2256 223 2284 δύνασθαι
241 2257 279 2293 τῷ
298 2257 374 2292 Θεῷ·
395 2257 454 2290 πῶς
472 2258 503 2285 οὐ
522 2258 589 2291 Θεὸς
608 2259 622 2285 ὁ
640 2259 775 2294 Χριστός;

134 2304 187 2330 (Ἡ
212 2304 240 2331 δὲ
263 2304 295 2330 ἐκ
319 2304 438 2336 πίστεως
460 2305 616 2340 δικαιοσύνη
639 2304 710 2332 οὕτω
731 2305 819 2339 λέγει·
837 2304 883 2340 Μὴ

95 2351 174 2385 εἴπῃς
191 2351 219 2377 ἐν
232 2352 265 2386 τῇ
281 2350 380 2386 καρδίᾳ
394 2359 441 2377 σου
452 2360 458 2366 ”
477 2351 525 2382 Τίς
539 2352 706 2386 ἀναϐήσεται
726 2353 766 2383 εἰς
780 2352 824 2378 τὸν
839 2352 884 2378 οὺ-

97 2397 194 2432 ρανόν;
209 2397 333 2423 τουτέστι
356 2397 474 2431 Χριστὸν
490 2399 656 2432 καταγαγεῖν
670 2406 676 2413 ·
692 2398 720 2433 ἦ,
737 2398 786 2430 Τίς
799 2406 882 2424 κατα-

95 2443 209 2478 ϐήσεται
235 2443 274 2474 εἰς
299 2443 347 2478 τὴν
371 2442 507 2475 ἄδυσσον;
526 2444 648 2470 τουτέστι
662 2443 780 2479 Χριστὸν
793 2444 826 2470 ἐκ
839 2451 882 2469 νε-

95 2489 169 2524 κρῶν
197 2491 356 2524 ἀναγαγεῖν.
372 2490 454 2517 Ἀλλὰ
483 2491 509 2517 τί
537 2491 626 2524 λέγει;
656 2490 755 2525 Ἐγγύς
780 2499 826 2517 σου
851 2491 882 2518 τὸ

96 2535 170 2571 ῥῆμά
184 2536 257 2562 ἐστιν
270 2536 299 2562 ἐν
313 2536 351 2571 τῷ
367 2537 481 2572 στόματί
497 2545 542 2563 σου
557 2538 604 2564 καὶ
616 2539 644 2563 ἐν
660 2538 692 2572 τῇ
707 2537 805 2573 καρδίᾳ
821 2545 880 2564 σου.

95 2581 224 2607 Τουτέστι
239 2581 268 2607 τὸ
285 2581 360 2617 ῥῆμα
378 2582 427 2616 τῆς
445 2582 573 2614 πίστεως,
591 2582 605 2608 ὃ
625 2582 809 2618 κηρύσσομεν.
822 2583 882 2610 ’Ότι

94 2626 142 2652 ἐὰν
156 2627 327 2663 ὁμολογήσῃς
342 2628 370 2653 ὲν
391 2627 430 2661 τῷ
450 2628 566 2662 στόματί
582 2637 627 2654 σου
644 2629 748 2663 Κύριον
767 2628 880 2663 Ἰησοῦν,

95 2671 141 2697 καὶ
165 2672 314 2707 πιστεύσῃς
337 2674 365 2699 ὲν
379 2675 410 2708 τῇ
429 2673 527 2709 καρδίᾳ
549 2682 595 2699 σου
612 2674 654 2700 ὅτι
680 2675 693 2700 ὸ
715 2673 781 2706 Θεὸς
802 2673 883 2700 αὐτὸν

96 2717 205 2752 ᾕγειρεν
228 2719 260 2743 ἐκ
283 2718 336 2744 τῶν
354 2713 469 2752 νεκρῶν,
486 2719 606 2755 σωθήσῃ.
625 2719 730 2755 Καρδίᾳ
754 2720 804 2754 μὲν
827 2719 882 2753 γὰρ

98 2762 252 2789 πιστεύεται
270 2764 309 2795 είς
329 2763 510 2799 δικαιοσύνην,
530 2765 644 2800 στόματι
665 2765 694 2791 δὲ
711 2766 882 2800 ὁμολογεῖται

131 2850 153 2865 ⁸⁸
166 2850 244 2878 Rom.
257 2858 283 2883 ν,
303 2851 326 2884 l,
341 2851 368 2877 2.
407 2851 427 2867 ‘”
441 2851 518 2878 Rom.
535 2860 553 2883 ι,
572 2852 598 2878 5.

235 2897 372 2927 Parnoa.
396 2898 452 2927 Gtt.
474 2898 548 2928 LXX
554 2898 600 2928 Π.

937 2262 1019 2290 modo
1036 2261 1160 2289 Christus
1173 2269 1226 2288 non
1243 2266 1285 2288 est
1301 2261 1389 2287 Dens?

975 2318 984 2334 ‹
1003 2308 1066 2341 Qua:
1089 2311 1178 2334 autem
1203 2315 1235 2334 ex
1257 2307 1308 2334 lide
1331 2311 1372 2333 est
1390 2306 1506 2341 justitia,
1521 2307 1561 2333 sic
1576 2307 1662 2334 dicit:
1681 2307 1721 2336 Ne

938 2355 1039 2383 dixeris
1052 2355 1077 2380 in
1092 2354 1174 2381 corde
1190 2358 1235 2380 tuo
1250 2362 1256 2380 :
1276 2352 1341 2387 Quis
1356 2354 1485 2379 ascendet
1511 2354 1535 2379 in
1557 2354 1677 2381 caelum?
1695 2355 1721 2382 id

936 2405 978 2428 est
990 2400 1125 2427 Christmn
1140 2400 1272 2427 deducere
1285 2408 1292 2426 :
1305 2404 1363 2430 aut,
1373 2398 1439 2431 Quis
1447 2399 1627 2427 descendetin
1641 2401 1722 2436 abys-

936 2445 1016 2474 sum?
1040 2446 1090 2472 hoc
1111 2450 1154 2472 est
1172 2440 1310 2471 Christum
1329 2452 1343 2470 a
1367 2444 1481 2471 mortuis
1506 2451 1644 2472 revocare.
1668 2445 1722 2473 Sed

936 2493 999 2528 quid
1015 2492 1080 2519 dicit
1095 2491 1254 2525 Scriptura?
1269 2490 1355 2525 Prope
1371 2495 1412 2517 est
1430 2490 1541 2517 verbum
1555 2491 1581 2517 in
1599 2499 1646 2518 ore
1663 2497 1719 2524 tuo.

937 2543 965 2565 et
982 2539 1008 2565 in
1024 2539 1106 2565 corde
1123 2542 1177 2564 tuo.
1197 2536 1254 2564 Hoc
1265 2541 1308 2564 est
1322 2537 1432 2563 verbum
1452 2536 1513 2563 ﬁdei
1531 2537 1602 2570 quod
1625 2538 1722 2572 praedi.

937 2591 1029 2610 camus
1043 2592 1049 2610 :
1067 2582 1134 2616 Quia
1149 2583 1170 2609 si
1187 2582 1343 2609 conlitearis
1355 2582 1381 2608 in
1399 2589 1447 2609 ore
1462 2586 1507 2609 tuo
1517 2581 1660 2610 Dominum
1673 2583 1720 2611 Je—

937 2636 1008 2659 sum.
1022 2633 1050 2655 et
1065 2629 1091 2655 in
1108 2629 1188 2655 corde
1205 2632 1249 2655 tuo
1265 2627 1415 2655 credideris
1431 2628 1501 2661 quod
1516 2627 1588 2654 Deus
1605 2629 1720 2656 suscita-

936 2675 975 2701 vit
995 2674 1068 2700 illum
1086 2673 1165 2709 119
1181 2681 1196 2700 ιι
1212 2674 1336 2704 mortuis,
1352 2673 1444 2700 salvus
1467 2673 1531 2700 eris.
1546 2673 1634 2702 Corde
1648 2674 1719 2702 enim

936 2720 1056 2747 creditur
1074 2721 1107 2747 ad
1129 2720 1274 2753 justitiam,
1297 2727 1345 2747 ore
1361 2724 1450 2746 autem
1477 2719 1507 2746 ﬁt
1530 2719 1663 2748 confessio
1685 2721 1717 2746 aut

936 2766 1062 2793 salutem.
1084 2765 1155 2793 Dicit
1171 2766 1243 2793 enim
1264 2765 1405 2800 Scriptura
1423 2774 1430 2792 ε
1455 2764 1549 2792 Omnis
1569 2765 1614 2799 qui
1635 2766 1720 2794 credit

637 2853 658 2868 ⁵¹
672 2853 747 2881 Rom.
765 2860 802 2881 ιχ.
817 2853 861 2881 55.

976 2862 999 2882 c.
1016 2861 1046 2886 tt,
1061 2854 1157 2882 29-52.
1197 2854 1218 2870 ⁵⁵
1232 2854 1296 2882 ibid.
1313 2853 1357 2881 5L
1396 2854 1417 2870 "
1433 2854 1511 2881 Rom.
1527 2862 1553 2886 κ,
1568 2854 1602 2881 3-

1504 2899 1540 2932 42
