1872 3057
41 147 54 173 1
76 147 130 173 ,ἐῢ

605 141 647 168 DE
667 141 778 168 ltECTA
800 139 877 168 FIDE
897 140 941 168 AD
960 139 1118 168 REGINAS.

1614 141 1682 168 13%

37 203 74 229 δὲ
94 202 149 228 καὶ
172 201 204 228 τὰ
218 201 280 237 ἔθνη
300 200 468 227 δικαιωθεῖεν
483 199 516 227 ἂν
532 200 560 226 ὲν
576 199 659 234 αὐτῷ,
674 201 729 231 τοῖς
747 201 846 235 ἴχνεσιν

929 203 999 225 lllllll‘
1015 199 1041 226 in
1057 199 1126 233 ipso,
1141 199 1163 226 si
1179 199 1300 234 vestigiis
1316 199 1388 227 illius
1406 197 1514 231 innixae,
1533 198 1560 225 iu
1578 199 1662 226 Deum

39 248 142 275 αὐτοῦ
167 247 450 282 κατακολουθήσαντα,
468 246 516 273 καὶ
543 247 571 272 ἐν
593 246 652 281 Θεῷ
676 246 846 276 πιστεύοντα,

38 294 184 322 τουτέστι
201 293 322 329 Χριστῷ.

178 349 226 376 Ἐκ
244 349 300 383 τῆς
320 349 394 384 πρὸς
413 348 588 383 Κορινθίους
607 348 737 382 πρώτης.

90 416 100 432 ι
119 405 177 432 Καὶ
203 405 290 433 ταῦτά
316 414 388 438 τινες
411 403 461 441 ἦτε
473 414 479 421 ·
508 405 566 432 ἀλλ’
580 403 776 436 ἀπελούσασθε,
792 403 848 430 ἀλλ’

39 452 222 487 ἡγιάσθητε,
237 452 296 479 ἀλλ’
311 452 490 488 ἐδικαιώθητε
511 452 539 479 ὲν
553 451 592 487 τῷ
606 451 717 487 ὀνόματι
733 450 780 477 τοῦ
796 451 850 477 Κυ-

43 498 116 532 ρίου
136 498 225 533 Ἰησοῦ
241 498 370 534 Χριστοῦ,
387 498 434 524 καὶ
456 498 485 524 ὲν
500 497 539 532 τῷ
554 496 691 532 Πνεύματι
714 496 761 522 τοῦ
782 494 849 522 Θεοῦ

41 543 148 579 ἡμῶν.
167 553 176 569 ι
198 544 230 570 El
243 545 272 570 ὲν
285 543 325 579 τῷ
338 543 450 579 ὀνόματι
465 543 513 570 τοῦ
527 542 646 578 Χριστοῦ
660 541 849 577 δικαιούμεθα,

42 591 90 622 ὡς
104 590 176 617 Θεὸν
191 591 225 626 τῇ
240 591 330 617 πίστει
346 591 522 626 τιμήσαντες,
536 589 583 616 καὶ
596 589 627 615 τὸ
642 588 725 616 αὑτοῦ
737 587 850 623 Πνεῦμα

43 637 211 672 δεχόμενοι,
228 637 288 669 πῶς
302 637 332 663 οὐ
347 637 414 668 Θεὸς
427 637 441 662 ὁ
455 636 589 672 Χριστός;

227 704 275 731 Ἐκ
294 703 349 738 τῆς
367 705 441 738 πρὸς
460 703 633 738 Κορινθίους
649 703 690 734 β’.

93 780 104 797 ‹
123 771 156 797 Εἰ
171 774 220 806 μεν
233 771 310 806 γὰρό
324 771 471 806 ἐρχόμενος
480 770 573 804 ἕτερον
588 769 691 805 Ἰησοῦν
706 768 849 804 κηρύσσει,

47 817 85 843 ὃν
109 817 163 843 οὐκ
189 816 379 852 ἐκηρύξαμεν,
404 817 421 851 ἢ
447 816 556 852 πνεῦμα
577 816 672 850 ἕτερον
688 815 850 850 λαμϐάνετε,

50 862 128 897 παρ’
143 861 157 888 ὃ
175 861 284 888 ἐλάϐετε
297 869 304 876 ·
321 861 338 897 ῆ
353 861 522 896 Εὑαγγέλιον
536 861 640 897 ἕτερον,
655 861 720 896 παρ’
733 861 748 887 ὃ
760 860 851 893 ἐδέξα-

54 909 118 935 σθε·
135 908 226 940 καλῶς
251 907 401 943 ἀνείχεσθε.
420 917 429 934 ι
455 907 512 943 Πρὸ
530 907 585 934 τῶν
604 907 655 942 τῆς
677 906 851 942 ὲνανθρωπή-

54 962 134 986 σεως
146 953 251 989 καιρῶν
265 953 352 985 οὐδεὶς
366 953 503 988 ὀνομάσας
517 953 674 989 εὑρίσκεται
683 952 729 980 τὸν
740 953 772 980 ὲκ
783 951 850 979 Θεοῦ

54 998 162 1033 Λόγον,
171 998 274 1034 Ἰησοῦν
284 999 301 1035 ἢ
311 999 428 1034 Χριστόν
439 1007 446 1015 ι
458 1000 484 1026 εἰ
493 999 530 1035 μὴ
544 999 598 1034 ἄρα
613 999 684 1026 κατὰ
697 999 851 1035 πρόγνωσιν

55 1044 317 1080 ὀνομασθησόμενον
331 1044 410 1072 τοῦτο
425 1045 496 1073 κατὰ
509 1047 631 1081 καιροὺς,
644 1046 688 1072 ὅτε
698 1045 747 1073 καὶ
755 1045 852 1079 γέγονε

59 1088 254 1124 σάρξ.“ονομα
271 1089 361 1117 τοίνυν
379 1090 472 1117 καινὸν
488 1089 562 1125 αὑτῷ
576 1089 616 1122 τὸ,
625 1090 738 1126 Ἰησοῦς,
749 1090 794 1117 ὅτε
807 1090 854 1124 γέ‹

59 1143 146 1168 γονεν
171 1135 402 1170 ἄνθρωπος.Ἀλλ¹
418 1137 443 1163 εί
468 1136 518 1172 μὲν
533 1137 571 1169 ὡς
589 1136 656 1168 Θεὸς
674 1135 852 1172 κηρύσσεται,

61 1181 114 1207 καὶ
128 1179 170 1212 εἷς
183 1180 221 1207 ὢν
236 1181 277 1217 (οὺ
294 1182 348 1217 γὰρ
363 1181 456 1217 ἕτερός
470 1191 512 1214 τις
525 1183 590 1218 παρ’
605 1183 696 1214 αὺτὸν,
712 1182 742 1210 ὃν
756 1182 854 1210 δύναν-

62 1236 112 1254 ται
128 1227 247 1263 κηρύξαι
265 1228 358 1263 τινὲς).
370 1226 400 1255 εὖ
413 1229 446 1255 ἂν
463 1229 529 1264 ἔχοι,
542 1230 590 1256 καὶ
604 1228 664 1265 Θεῷ
676 1229 852 1265 λατρεύομεν.

66 1274 100 1299 Εἰ
118 1273 148 1299 δὲ
164 1274 264 1308 μέτρον
278 1273 351 1308 αὑτῷ
363 1274 394 1301 τὸ
404 1275 453 1310 τῆς
467 1274 677 1311 ἀνθρωπότητός
688 1275 747 1301 ἐστι
763 1274 854 1309 μόνον,

65 1318 117 1345 καὶ
139 1318 205 1354 ψιλῇ
228 1319 381 1353 προσώπων
404 1320 500 1347 ἐνώσει
525 1320 686 1356 τετίμηται·
707 1320 856 1348 κεκένωται

66 1364 119 1398 τῆς
133 1363 250 1396 πίστεως
260 1365 339 1400 ἡμῶν
349 1366 364 1392 ὁ
376 1365 603 1401 λόγος,ἁνθρὼπῳ
614 1365 760 1401 προσάγων
770 1365 856 1400 ἡμᾶς,

68 1408 118 1435 καὶ
130 1408 161 1435 οὐ
176 1408 245 1444 Θεῷ.
254 1410 333 1437 Ἀλλὰ
343 1410 422 1438 τοῦτο
437 1411 575 1443 δυσσεϐὲς.
589 1411 655 1444 Θεὸς
665 1411 720 1446 ἄρα
729 1409 858 1446 Χριστὸς,

70 1454 121 1481 καὶ
136 1455 210 1487 Υἱὸς.
226 1457 265 1488 ὡς
278 1457 325 1484 τοῦ
338 1457 405 1484 Θεοῦ
424 1458 512 1492 Λόγου
529 1457 630 1493 σαρκὸς
645 1457 798 1492 γεγονότος.

901 244 951 271 hoc
967 249 1008 271 est
1025 245 1050 271 in
1065 244 1204 271 Christum
1216 245 1390 272 crediderint.

1107 343 1147 371 Ex
1162 345 1245 378 priori
1265 345 1299 372 ad
1317 344 1478 371 Corinthios.

937 406 947 422 ι
962 396 995 423 Et
1021 397 1077 424 haec
1099 398 1207 432 quidam
1237 397 1326 425 fuistis
1342 390 1349 424 ἑ
1365 398 1412 425 sed
1436 398 1519 425 abluti
1543 399 1621 432 estis,
1637 400 1684 427 sed

899 443 1341 486 sanctiﬁcatijestis,sedjustilicati
1349 445 1416 471 estis
1424 444 1450 471 in
1462 444 1571 471 nomine
1581 446 1684 473 Domini

901 490 984 517 nostri
999 488 1061 517 Jesu
1076 489 1188 523 Christi,
1205 494 1232 517 et
1245 490 1271 517 in
1280 489 1381 525 Spiritu
1394 490 1440 517 Dei
1454 493 1537 517 nostri
1552 490 1603 517 “.t
1617 491 1684 518 Cum

901 535 928 562 in
940 536 1049 562 nomine
1059 534 1160 563 Christi
1171 533 1358 570 justiﬁcemur,
1370 542 1485 570 eumque
1499 535 1550 563 ﬁde
1561 541 1590 562 ut
1602 535 1684 563 Deum

900 588 1072 615 veneremur,
1087 582 1263 616 ejusdemque
1280 581 1382 616 Spiritu
1399 581 1606 616 locupletemur,
1622 590 1686 616 quo-

902 628 981 655 modo
998 635 1050 656 non
1066 628 1119 656 erit
1137 626 1208 655 Deus
1219 627 1342 656 Christus
1355 627 1366 654 ?

1081 694 1123 722 Er.
1136 696 1276 730 posteriori
1289 696 1324 722 ad
1344 695 1505 723 Corinthios.

940 770 949 786 ι
969 760 1036 788 Nam
1051 760 1072 788 si
1089 760 1111 788 is
1137 760 1184 795 qui
1207 761 1291 793 venit,
1316 761 1398 788 alium
1426 761 1519 790 Jesum
1545 763 1684 797 praedicat,

902 814 980 841 quem
994 814 1047 834 non
1062 806 1286 842 pmdicavimus,
1302 811 1348 834 aut
1369 807 1453 835 alium
1469 808 1592 843 spiritum
1612 810 1685 836 acci—

902 852 975 887 pitis,
993 859 1073 887 quem
1089 860 1142 880 non
1158 853 1320 888 accepistis:
1338 858 1385 880 aut
1405 853 1477 880 aliud
1500 854 1684 890 Evangelium.

903 900 974 934 quod
999 906 1052 926 non
1077 898 1218 934 recepistis
1235 908 1242 926 :
1257 904 1330 926 recte
1356 900 1559 934 pateremini".
1583 911 1592 927 ι
1617 902 1687 929 Antc

905 945 950 972 Dei
968 943 1083 972 Verbum
1100 944 1270 973 incarnatum
1285 945 1374 972 nullus
1394 951 1548 980 compertus
1563 953 1621 979 est,
1641 949 1687 983 qui

904 996 951 1018 aut
977 989 1080 1023 Iesum,
1106 995 1152 1018 aut
1179 991 1319 1019 Christum
1345 990 1410 1018 illud
1438 992 1609 1026 nominaret;
1636 993 1687 1020 nisi

904 1036 1038 1072 quispiam
1059 1036 1148 1065 forsan
1166 1037 1316 1064 futurorum
1328 1037 1455 1071 praescius
1476 1037 1550 1069 olim,
1565 1045 1626 1066 cum
1647 1040 1673 1073 ni

907 1083 1004 1110 mirum
1019 1090 1083 1111 caro
1098 1083 1199 1110 factum
1217 1087 1299 1115 esset,
1319 1082 1371 1110 hoc
1394 1083 1502 1110 nomine
1526 1084 1687 1119 appellatum

906 1129 940 1157 iri
957 1130 1120 1164 praedixerit.
1136 1129 1240 1157 Nomen
1261 1129 1313 1156 hoc
1332 1128 1425 1164 itaque
1438 1128 1535 1161 Jesus,
1551 1129 1630 1157 simul
1646 1137 1688 1157 at-

908 1183 960 1210 que
973 1175 1070 1203 factum
1085 1179 1127 1203 est
1139 1175 1231 1208 homo,
1243 1182 1341 1202 novum
1357 1175 1512 1210 impositum
1527 1180 1568 1203 est
1585 1175 1632 1203 illi.
1655 1177 1691 1203 At

909 1229 973 1250 vero
991 1221 1014 1250 si
1024 1226 1058 1249 ‘ut
1072 1220 1143 1249 Deus
1157 1221 1215 1249 orbi
1227 1221 1411 1254 annuntiatur,
1426 1226 1454 1249 et
1468 1229 1538 1249 unus
1553 1221 1689 1249 nihilomi-

910 1275 960 1295 nus
972 1272 1015 1294 est
1030 1268 1129 1303 (neque
1143 1267 1214 1294 enim
1232 1272 1273 1294 est
1284 1267 1352 1294 alius
1368 1271 1464 1302 praeter
1475 1267 1561 1299 illum,
1581 1268 1626 1302 qui
1644 1276 1692 1295 au-

909 1313 1026 1341 nuntiari
1045 1313 1151 1349 possit),
1169 1313 1237 1340 bene
1249 1320 1293 1341 res
1311 1313 1401 1341 habet.
1427 1314 1482 1341 Deo
1495 1314 1566 1342 enim
1588 1316 1691 1342 servire

909 1360 1070 1388 invenimur.
1084 1359 1160 1393 Quod
1178 1359 1200 1386 si
1215 1366 1279 1387 vero
1292 1359 1356 1386 solae
1369 1359 1495 1387 humana:
1511 1365 1614 1387 natura:
1628 1367 1694 1388 con-

910 1407 1026 1434 ditiones
1044 1407 1071 1433 in
1086 1406 1160 1433 illum
1172 1405 1346 1439 conveniunt,
1363 1413 1412 1433 nec
1425 1405 1504 1432 aliam
1520 1405 1554 1433 ob
1569 1413 1692 1439 causam,

910 1461 991 1488 quam
1010 1457 1119 1488 propter
1138 1452 1236 1479 nudam
1249 1451 1321 1479 illam
1345 1451 1548 1486 simplicemque
1565 1459 1694 1487 persona-

73 1509 134 1528 rum
154 1503 310 1532 societatem
333 1505 430 1533 colitur
449 1513 456 1532 :
480 1505 568 1533 inanis
589 1506 710 1540 proiecto
728 1509 771 1533 est
797 1503 858 1532 ﬁdei
879 1509 980 1531 nostra:
1002 1501 1081 1534 ratio,
1114 1505 1142 1527 ut
1165 1507 1224 1535 quae
1242 1507 1294 1527 non
1311 1499 1365 1527 Deo
1383 1507 1432 1527 nos
1467 1499 1629 1534 conjungat,
1647 1501 1694 1527 sed

76 1550 189 1578 homini.
207 1552 287 1587 Atqui
307 1553 364 1580 haec
376 1553 495 1581 doctrina
515 1559 558 1581 est
590 1553 670 1588 plane
692 1553 784 1588 impia.
806 1552 877 1580 Deus
913 1551 1005 1585 itaque
1024 1548 1159 1576 Christus.
1180 1552 1207 1575 et
1228 1547 1329 1580 Filius;
1351 1555 1412 1575 cum
1433 1546 1551 1575 Verbum
1573 1548 1609 1574 sit
1632 1555 1696 1575 eam

76 1598 188 1625 iactum.

278 1655 329 1682 Ἐκ
347 1655 401 1690 τῆς
420 1655 494 1690 πρὸς
513 1656 662 1689 Γαλάτας.

118 1711 289 1747 (Θαυμάζω,
313 1712 354 1739 ὅτι
378 1712 449 1739 οὕτω
472 1713 577 1748 ταχέως
607 1712 785 1748 μετατίθεσθε
809 1712 863 1739 ἀπὸ

78 1758 126 1785 τοῦ
145 1758 309 1789 καλέσαντος
323 1758 395 1794 ὑμᾶς
415 1760 444 1786 ὲν
464 1760 554 1794 χάριτι
571 1759 700 1795 Χριστοῦ,
716 1759 756 1791 εἰς
770 1759 862 1794 ἕτερον

80 1804 260 1839 Εὑαγγέλιον·
282 1805 297 1832 ὃ
311 1806 361 1832 οὐκ
377 1805 449 1833 ἔστιν
469 1806 534 1833 ἄλλο
545 1814 552 1822 ·
567 1807 592 1833 εἰ
616 1806 653 1841 μή
668 1805 741 1838 τινές
755 1806 823 1832 εἰσιν
839 1806 863 1831 οἱ

79 1850 260 1886 ταράσσοντες
285 1851 378 1886 ὑμᾶς,
399 1851 447 1878 καὶ
471 1851 594 1883 θέλοντες
623 1851 808 1886 μεταστρέψαι
833 1851 863 1876 τὸ

82 1895 246 1930 Εὐαγγέλιον
260 1896 307 1923 τοῦ
321 1896 450 1932 Χριστοῦ.
464 1896 545 1923 Ἀλλά
556 1896 603 1923 καὶ
618 1896 666 1923 ἐὰν
679 1897 769 1932 ἡμεῖς,
783 1896 799 1931 ἢ
813 1896 863 1930 ἀγ·-

82 1940 159 1974 γελος
171 1941 201 1973 ἐξ
216 1941 330 1976 οὐρανοῦ
344 1941 555 1978 εὐαγγελίσηται
570 1942 634 1977 ὑμῖν
647 1943 711 1977 παρ’
722 1942 736 1968 ὃ
749 1941 864 1976 εὐηγγε-

83 1987 215 2023 λισάμεθα
235 1988 309 2024 ὑμῖν,
325 1988 449 2023 ἀνάθεμα
464 1988 544 2016 ἔστω.
560 1998 569 2014 ι
590 1989 621 2015 El
635 1988 665 2015 ἕν
677 1989 751 2015 ἐστιν
774 1988 864 2022 Εὐαγ-

85 2033 170 2067 γέλιον
190 2034 221 2060 τὸ
241 2033 354 2069 λαληθὲν
376 2034 469 2070 ἁπάσῃ
489 2035 523 2070 τῇ
544 2034 590 2060 ὑπ’
609 2034 724 2070 οὐρανὸν
743 2034 787 2061 διὰ
810 2034 865 2060 τῶν

86 2078 168 2112 ἁγίων
191 2079 389 2114 μυσταγωγῶν,
404 2079 484 2106 τοῦτο
509 2080 538 2106 δέ.
560 2080 634 2107 ἐστιν
648 2081 665 2116 ή
682 2080 774 2111 πίστις
791 2080 807 2115 ἡ
825 2080 865 2111 εἰς

86 2123 209 2159 Χριστόν·
224 2125 283 2156 πῶς
302 2126 334 2151 οὐ
357 2125 423 2157 Θεὸς
444 2126 486 2161 εῐη
510 2125 544 2153 ἂν
559 2125 672 2162 ἀληθὴς,
688 2126 768 2162 εἰπερ
790 2126 865 2152 ἐστὶν

87 2168 228 2202 ἀναγκαῖον
240 2169 390 2204 ὁμολογεῖν,
405 2170 443 2202 ὡς
453 2171 485 2197 ὲκ
500 2170 552 2205 τῆς
565 2171 682 2206 ἀρχαίας
698 2171 802 2206 πλάνης
820 2180 866 2198 κε-

88 2213 207 2249 κλήμεθα
221 2215 288 2250 πρὸς
303 2215 450 2249 ἐπίγνωσιν
462 2215 509 2242 τοῦ
524 2217 594 2243 κατὰ
605 2216 686 2251 φύσιν
696 2216 772 2249 ὄντος
781 2217 864 2250 Θεοῦ;

88 2260 184 2294 Θαρσεῖ
196 2260 224 2286 δὲ
238 2260 364 2287 τοσοῦτον
380 2261 394 2287 ὁ
411 2261 546 2298 μακάριος
562 2261 678 2295 Παῦλος,
695 2262 733 2295 ὡς
747 2263 794 2290 καὶ
816 2263 866 2298 ἀγ-

89 2305 178 2339 γέλους
192 2305 409 2341 ἀναθεματίζειν,
422 2308 446 2334 εἰ
461 2307 493 2342 δὴ
509 2308 724 2344 μεταστρέψειαν
736 2309 767 2336 τὸ
776 2309 865 2344 Εὐαγ-

90 2351 173 2385 γέλιον
190 2351 235 2378 τοῦ
253 2352 381 2387 Χριστοῦ.

127 2396 200 2422 «Ὅτε
218 2395 246 2422 δὲ
263 2396 412 2432 ηὐδόκησεν
426 2398 441 2424 ὸ
456 2398 522 2429 Θεὸς
538 2399 552 2425 ὁ
569 2399 703 2435 ἀφορίσας
718 2409 752 2435 με
765 2400 797 2426 ἐκ
813 2409 866 2427 κοι-

91 2441 147 2472 λίας
162 2442 260 2476 μητρός
272 2451 334 2477 μου,
345 2444 520 2479 ἀποκαλύψαι
529 2445 575 2472 τὸν
586 2446 649 2473 Υίὸν
660 2446 743 2473 αὐτοῦ
756 2447 784 2473 ἐν
795 2446 867 2482 ἐμοὶ,

93 2487 134 2514 ἵνα
152 2487 365 2523 εὐαγγελίζωμαι
380 2490 460 2516 αὑτὸν
475 2491 504 2516 ὲν
518 2491 576 2522 τοῖς
594 2491 707 2524 ἔθνεσιν,
721 2492 822 2524 εὐθέως
838 2492 868 2519 οὐ

96 2532 294 2568 προσανεθέμην
312 2535 393 2569 σαρκὶ
416 2535 463 2561 καὶ
480 2535 586 2570 αἵματι,
603 2537 663 2563 οὐδὲ
689 2537 805 2573 ἀνῆλθον
829 2539 869 2569 είς

103 2578 264 2613 Ἰεροσόλυμα
277 2580 345 2614 πρὸς
360 2580 422 2612 τοὺς
447 2581 500 2616 πρὸ
523 2581 590 2617 ἐμοῦ
606 2583 781 2615 ἀποστόλους.
799 2593 808 2610 ι
825 2583 870 2618 Τῷ

101 2626 148 2658 γὰρ
170 2623 240 2656 ἅπαξ
263 2624 312 2660 τὴν
337 2626 370 2651 ὲκ
395 2626 463 2652 Θεοῦ
487 2627 593 2662 λαχόντι
610 2629 806 2663 μυσταγωγίαν
823 2630 870 2656 καὶ

97 2668 266 2703 ἀποκάλυψιν,
277 2669 326 2695 οὐκ
338 2669 392 2696 ἔδει
404 2671 453 2706 τῆς
462 2671 491 2703 ἐξ
503 2671 655 2707 ἀνθρώπων
669 2674 868 2708 παιδαγωγίας.

99 2714 163 2748 Πλὴν
183 2714 269 2740 ἐκεῖνό
290 2723 390 2749 φαμεν·
404 2716 473 2743 Τίνα
487 2716 662 2752 ἀπεκάλυψεν
685 2719 699 2744 ὁ
714 2719 809 2754 Πατὴρ
831 2718 870 2754 τῷ

101 2759 214 2795 μακαρίῳ
230 2759 338 2795 Παύλῳ,
350 2760 367 2795 ἢ
382 2761 444 2788 τίνα
455 2762 638 2797 προστέταχεν
656 2764 684 2789 ἐν
695 2765 750 2796 τοῖς
765 2764 870 2791 ἔθνεσιν

1078 1650 1154 1685 121
1174 1649 1216 1676 Ex
1234 1648 1352 1684 Epistola
1368 1650 1402 1677 ad
1419 1649 1537 1677 Galatas.

952 1719 961 1734 ε
978 1707 1069 1741 Miror,
1090 1707 1159 1742 quod
1175 1707 1213 1734 sic
1232 1712 1286 1734 tam
1312 1706 1365 1734 cito
1392 1706 1585 1734 transferimini
1613 1707 1647 1735 ab
1664 1715 1698 1736 eo

914 1755 958 1790 qui
973 1762 1020 1782 vos
1033 1754 1137 1782 vocavit
1161 1753 1187 1781 in
1207 1753 1321 1788 gratiam
1339 1752 1451 1785 Christi,
1471 1753 1497 1780 iIt
1519 1753 1590 1780 aliud
1609 1752 1698 1780 Evan-

914 1800 1033 1835 gelium:
1054 1799 1123 1834 quod
1147 1806 1200 1826 non
1223 1803 1264 1826 est
1288 1798 1372 1832 aliud,
1386 1798 1438 1826 nisi
1463 1803 1527 1826 sunt
1541 1798 1637 1834 aliqui,
1651 1800 1697 1834 qui

915 1853 962 1873 vos
984 1845 1158 1879 perturbant,
1183 1849 1211 1871 et
1229 1849 1389 1872 convertere
1411 1844 1504 1871 volunt
1524 1844 1697 1879 Evangelium

914 1890 1025 1918 Christi.
1040 1889 1092 1918 Sed
1107 1890 1171 1917 licet
1189 1896 1249 1922 nos,
1267 1894 1314 1917 aut
1330 1890 1444 1925 angelus
1456 1889 1490 1917 de
1501 1890 1570 1918 ctelo
1583 1897 1700 1925 evange-

915 1936 978 1964 lizet
989 1936 1065 1964 vobis
1079 1940 1256 1971 praeterquam
1270 1937 1341 1971 quod
1356 1935 1599 1971 evangelizavimus
1612 1937 1698 1969 vobis,

915 1982 1058 2009 anathema
1073 1982 1108 2009 sit
1118 1981 1151 2008 ⁸³.
1171 1991 1181 2007 ι
1202 1981 1230 2009 Si
1245 1989 1326 2009 unum
1339 1985 1442 2009 tantum
1458 1987 1499 2010 est
1515 1981 1698 2016 Evangelium.

916 2029 942 2055 in
959 2028 1086 2055 universo
1103 2033 1235 2056 terrarum
1252 2027 1318 2056 orbe
1331 2035 1379 2063 per
1400 2035 1493 2056 sacros
1510 2029 1699 2063 mysteriorum

916 2075 1040 2103 doctores
1063 2075 1271 2110 deprazdicatum
1286 2095 1293 2108 ,
1319 2076 1370 2103 hoc
1392 2080 1482 2102 autem
1509 2080 1550 2102 est
1580 2075 1645 2102 ﬁdes
1675 2075 1700 2102 in

916 2119 1065 2154 Christum,
1088 2122 1223 2156 quomodo
1243 2121 1294 2149 hoc
1311 2128 1363 2148 non
1380 2125 1421 2148 est
1438 2128 1518 2148 verus
1542 2120 1634 2148 Deus?
1650 2120 1703 2147 Nc—

916 2167 973 2202 gari
989 2167 1061 2194 enim
1075 2167 1150 2194 nullo
1166 2168 1245 2194 modo
1264 2172 1362 2202 potest,
1381 2167 1415 2194 ab
1433 2167 1543 2201 antiquo
1562 2174 1655 2194 errore
1669 2168 1702 2192 aut

917 2212 974 2239 veri
999 2213 1186 2248 naturalisque
1214 2214 1259 2241 Dei
1286 2213 1450 2248 agnitionem
1477 2212 1623 2240 translatos
1655 2219 1703 2238 nos

917 2266 987 2286 esse.
1011 2258 1097 2286 Tanta
1115 2265 1205 2286 autem
1221 2264 1263 2286 est
1281 2258 1351 2286 beati
1366 2257 1439 2285 l'auli
1455 2257 1550 2285 ﬁducia
1561 2278 1568 2290 ,
1588 2263 1616 2284 ut
1631 2257 1703 2292 ipsos

917 2306 999 2332 etiam
1014 2306 1123 2341 angelos
1139 2306 1304 2333 anathemati
1318 2305 1452 2339 subjicere
1476 2312 1527 2331 non
1547 2304 1661 2336 dubitet,
1681 2304 1703 2331 si

881 2342 904 2369 1)
918 2350 988 2377 forte
1002 2350 1102 2378 Christi
1120 2351 1292 2385 Evangelium
1305 2355 1460 2384 pervertere
1477 2350 1650 2376 teutaverint.

960 2405 968 2422 ι
988 2397 1056 2424 Cum
1073 2402 1163 2425 autem
1180 2397 1280 2432 placuit
1296 2397 1344 2428 illi,
1366 2396 1411 2432 qui
1435 2403 1477 2423 me
1498 2396 1646 2431 segregavit
1669 2404 1703 2423 ex

921 2448 998 2470 utero
1012 2444 1108 2471 matris
1119 2451 1196 2476 meae,
1214 2448 1240 2470 ut
1259 2443 1392 2470 revelaret
1403 2441 1500 2469 Filium
1512 2450 1589 2469 suum
1606 2442 1633 2468 in
1650 2451 1702 2473 utr,

921 2492 951 2515 ιιι
966 2488 1179 2524 evangelizarem
1204 2489 1278 2516 illum
1301 2488 1326 2515 in
1347 2488 1481 2522 gentibus.
1497 2488 1625 2514 continuo
1652 2495 1704 2514 non

921 2535 1043 2570 acquievi
1061 2535 1135 2562 carni
1152 2540 1178 2562 et
1199 2535 1322 2569 sanguini
1337 2543 1343 2560 :
1368 2541 1454 2569 neque
1473 2534 1532 2561 veni
1550 2532 1705 2568 Hierosoly-

922 2589 993 2608 mam
1019 2581 1051 2608 ad
1077 2586 1263 2608 antecessores
1283 2587 1357 2607 meos
1377 2580 1516 2613 apostolos
1532 2579 1565 2606 ἰ.
1595 2589 1604 2605 ι
1633 2579 1704 2607 Sane

921 2627 967 2661 qui
987 2634 1002 2653 ιι
1030 2626 1084 2653 Deo
1110 2627 1260 2654 divinorum
1291 2626 1480 2661 mysteriorum
1505 2625 1655 2653 doctrinam
1679 2631 1707 2652 et

924 2671 1114 2699 revelationem
1128 2672 1265 2703 haus'erat,
1282 2671 1305 2699 is
1323 2671 1440 2699 humana
1460 2671 1629 2698 institutione
1642 2679 1707 2698 neu-

925 2722 1024 2756 tiquam
1044 2721 1190 2756 indigebat.
1210 2720 1308 2749 Verum
1325 2721 1395 2748 istud
1411 2720 1516 2747 interim
1536 2721 1707 2747 adversarius

923 2767 1165 2802 intcrrngaverim,
1189 2767 1358 2802 qnalclnuam
1379 2765 1496 2793 caelestis
1521 2765 1600 2792 Pater
1630 2767 1709 2792 beato

133 2847 243 2875 “lCor.
262 2856 298 2882 Vl,
318 2849 360 2876 ll.
397 2850 450 2876 “ll
463 2849 527 2876 Cor.
543 2858 580 2882 ιιι,
602 2852 622 2878 i.
662 2852 782 2880 “Galat.
801 2861 820 2886 ι,
839 2852 896 2880 6-8.
935 2854 956 2870 "
971 2854 1035 2881 ibid.
1054 2855 1144 2881 15-17.
