1872 3057
34 166 49 192 1
58 165 130 193 529

618 165 661 192 DE
682 164 792 192 ltECTA
816 163 892 192 FIDE
912 164 956 191 AD
977 164 1136 192 REGINAS.

1629 167 1639 193 l
1646 168 1696 194 530

35 235 149 253 νοιαν·
176 236 187 251 ι
201 227 278 262 Ἐμοὶ
294 226 332 261 τῷ
354 226 553 261 ἐλαχιστοτέρῳ
578 226 686 253 πάντων
706 227 760 252 τῶν
775 225 860 259 ἁγίων

953 225 1071 253 anihi
1081 225 1200 252 omnium
1209 229 1362 252 sanctorum
1373 224 1484 252 minimo
1493 225 1554 252 data
1562 228 1696 260 estgratia

36 272 142 309 ἐδόθη
162 275 180 307 ἡ
196 273 276 308 χᾲρις
291 272 370 307 αὕτη,
389 273 418 298 ὲν
436 273 492 303 τοῖς
514 271 618 298 ἔθνεσιν
632 270 861 306 εὐαγγελίσασθαι

36 319 100 345 τὸν
118 319 333 354 ἀνεξιχνίαστον
349 319 464 344 πλοῦτον
476 317 522 344 τοῦ
535 317 664 352 Χριστοῦ,
678 318 725 344 καὶ
743 317 859 351 φωτίσαι

40 365 190 396 πάντας,
203 365 245 396 τίς
261 366 276 400 ἡ
293 365 434 399 οἰκονομία
456 363 605 398 μυστηρίου
622 363 669 390 τοῦ
685 364 862 398 ἀποκεκρυμ-

44 409 150 443 μένου
166 409 223 436 ἀπὺ
237 409 290 436 τῶν
302 409 407 435 αἰώνων
422 409 451 435 ἐν
463 408 502 444 τῷ
518 408 587 443 Θεῷ,
602 408 641 444 τῷ
654 408 688 435 τὰ
702 408 790 435 πάντα.
804 408 862 435 κτί-

45 462 158 481 σαντι.
175 463 185 479 ι

99 511 111 526 σ
131 501 168 526 ω
182 500 289 535 ἄνδρες,
304 499 397 535 φησὶν,
409 500 535 534 ἀγαπᾶτε
550 499 599 531 τὰς
618 501 758 534 γυναῖκας,
771 499 862 531 καθὼς

48 546 111 572 καὶ
125 547 143 572 ὁ
162 545 281 580 Χριστὸς
296 545 423 580 ἠγάπησε
439 544 488 580 τὴν
508 544 682 579 Ἐκκλησίαν,
700 545 746 571 καὶ
767 545 863 571 ἑαυτὸν

49 590 234 626 παρέδωκεν
258 590 328 625 ὑπὲρ
344 590 442 625 αὐτῆς,
459 590 503 617 ἵνα
521 590 606 625 αὐτὴν
621 590 734 625 ἁγιάσῃ,
749 590 863 625 καθαρί-

52 643 116 666 σας
143 635 188 670 τῷ
210 635 316 670 λουτρῷ
335 635 382 661 τοῦ
401 635 497 667 ὕδατος
509 637 538 662 ὲν
554 636 666 670 ῥήματι.
684 646 692 660 ι
712 636 791 662 Ποῖον
809 636 864 671 ἄρα

52 681 128 707 ἐστὶ
151 681 186 707 τὸ
205 681 281 716 ῥῆμα
296 682 325 707 ἐν
377 681 582 716 κεκαθάρμεθα,
601 681 816 715 ἀπολουσάμενοι
833 681 864 708 τὸ

56 726 156 761 σῶμα
168 726 245 753 ὕδατι
261 726 384 761 καθαρῷ,
402 727 417 761 ἢ
429 727 538 758 πάντως
554 727 650 759 ἐκεῖνο,
662 728 725 762 περὶ
737 725 768 754 οὗ
782 736 864 762 φησιν

55 773 74 798 ὁ
94 773 249 804 Θεσπέσιος
266 772 382 804 Παῦλος,
399 773 440 799 ὃτι
457 782 466 798 t
482 772 567 799 Τοῦτό
589 774 648 800 ἐστι
669 773 700 800 τὸ
724 774 798 808 ῥῆμα
814 775 864 809 τῆς

59 817 196 849 πίστεως
217 817 231 844 ὃ
252 817 440 852 κηρύσσομεν,
459 818 500 844 ὅτι
523 819 571 845 ἐὰν
594 818 765 855 ὁμολογήσῃς
782 820 811 845 ὲν
826 819 864 854 τῷ

63 863 194 898 στόματί
210 871 255 889 σου
269 863 370 898 Κύριον
386 863 489 898 Ἰησοῦν
508 864 636 899 Χριστὸν,
650 865 696 891 καὶ
716 865 864 901 πιστεύσῃς

61 909 97 934 ὲν
110 910 146 944 τῇ
160 910 258 945 καρδίᾳ
271 918 328 941 σου,
342 910 381 936 ὄτι
393 910 480 941 ὁΘεὸς
493 910 574 937 αὑτὸν
586 911 696 946 ἤγειρεν
705 912 736 937 ἐκ
748 911 864 946 νεκρῶν,

63 954 199 991 σωθήσῃ.
224 955 331 990 Καρδίᾳ
357 955 411 990 γὰρ
436 956 594 982 πιστεύεται
618 958 657 988 είς
679 957 864 992 δικαιοσύνην,

66 1001 193 1035 στόματι
209 1001 237 1028 δὲ
259 1001 427 1036 ὁμολογεῖται
452 1003 492 1034 εἰς
517 1002 673 1038 ἁωτηρίανς
691 1013 699 1028 ι
718 1003 822 1029 Οὐκοῦν
841 1004 864 1029 εί

67 1046 195 1082 Χριστὸν
216 1047 408 1081 ὁμολογοῦντες
432 1049 461 1074 ἐν
486 1051 576 1075 πίστει
592 1048 744 1084 σωζόμεῦα,
761 1049 819 1080 πῶς
834 1050 863 1075 οὐ

66 1091 142 1123 Θεὸς
159 1091 262 1126 ἀληθής
276 1093 359 1125 ἐστιν,
377 1093 417 1124 εἰς
433 1093 462 1120 ὃν
479 1094 509 1120 τὸ
523 1094 573 1129 τῆς
590 1094 706 1126 πίστεως
724 1095 747 1121 εἰ
761 1095 865 1129 γένοιτο

70 1137 165 1172 ῥῆμα,
183 1137 378 1174 κεκαοάρμεθᾱ
393 1147 423 1165 τε
441 1140 489 1166 καὶ
505 1140 677 1175 ήγιὰσμεοα;

243 1195 293 1222 Ἐκ
310 1194 363 1229 τῆς
379 1195 455 1229 πρὸς
471 1196 705 1229 Φιλιππησίους.

114 1261 124 1277 ε
149 1252 182 1278 Τί
206 1252 277 1288 γάρ;
309 1253 385 1287 φησί.
412 1253 485 1287 Πλὴν
505 1255 547 1280 ὃτι
578 1255 661 1280 παντὶ
687 1255 789 1290 τρόπῳ,
811 1255 866 1280 εἴτε

72 1297 224 1332 προφάσει,
234 1299 289 1325 εἴτε
297 1299 421 1335 ἀληθείᾳ,
429 1300 546 1336 Χριστὸς
556 1300 778 1335 καταγγέλλεται.
787 1310 795 1325 i
804 1298 866 1335 Ἆρ’

72 1341 124 1370 οὖν
133 1343 171 1375 ὡς
182 1344 325 1379 ἄνθρωπος
340 1346 522 1381 τετιμημένος
538 1346 641 1381 χάριτι,
656 1346 696 1382 τῷ
708 1347 803 1382 κόσμῳ
818 1356 866 1382 κη-

77 1389 226 1423 ρύσσεται;
245 1390 340 1417 Καίτοι
367 1391 431 1417 Θεὸν
454 1391 468 1416 ὁ
485 1391 586 1426 κόσμος
604 1393 711 1426 ἐπέγνω
736 1393 864 1428 Χριστὸν,

74 1436 110 1469 τῇ
135 1435 225 1462 πίστει
241 1436 406 1471 τετιμηκώς.
436 1436 498 1468 Πῶς
525 1435 572 1464 οὖν
591 1438 622 1464 οὐ
637 1438 713 1470 Θεὸς,
735 1438 750 1463 ὀ
763 1439 791 1465 ἐν
803 1438 867 1474 δόξῃ

75 1481 204 1517 οεότητος
212 1482 248 1518 τῷ
263 1483 358 1518 κόσμῳ
369 1483 634 1518 καταγγελλόμενος;

118 1581 128 1598 ι
151 1572 357 1605 Συναθλοῦντες,
375 1573 453 1609 φησὶ,
470 1575 503 1609 τῇ
518 1574 608 1601 πίστει
635 1574 681 1601 τοῦ
696 1574 864 1609 Εὐαγγελίου
877 1568 899 1597 c

81 1618 140 1652 (καὶ
151 1618 188 1653 μὴ
200 1619 362 1654 πτυρόμενοι
371 1620 399 1645 ἐν
411 1619 506 1654 μηδενὶ
514 1620 565 1646 ὑπὸ
577 1621 631 1646 τῶν
641 1621 861 1656 ἀντικειμένων),

79 1665 141 1699 ἥτις
164 1665 256 1696 αὐτοῖς
284 1664 333 1699 μὲν
358 1666 431 1691 ἐστιν
459 1665 569 1697 ἔνδειξις
583 1666 733 1698 ἀπωλείας,
757 1668 822 1702 ὑμῖν
838 1667 866 1694 δὲ

83 1710 228 1745 σωτηρίας,
249 1710 296 1736 καὶ
312 1710 389 1736 τοῦτο
412 1710 467 1737 ἀπὸ
481 1711 548 1737 Θεοῦ
561 1720 568 1727 ⁸
586 1712 625 1738 ὅτι
646 1712 709 1747 ὑμῖν
734 1712 866 1748 ἐχαρίσθη

81 1763 112 1781 το
129 1755 196 1790 ὑπὲρ
212 1755 341 1791 Χριστοῦ,
360 1756 390 1782 οὺ
410 1756 488 1791 μόνον
504 1757 534 1783 τὸ
556 1758 596 1789 είς
621 1758 702 1784 αὐτὸν
717 1758 864 1791 πιστεύειν,

83 1801 149 1827 ἀλλὰ
162 1801 209 1828 καὶ
224 1801 255 1828 τὸ
272 1801 342 1838 ὑπὲρ
364 1801 446 1828 αὑτοῦ
470 1803 594 1838 πάσχειν.
615 1813 623 1829 ι
651 1804 682 1830 Et
703 1805 732 1831 ὲν
756 1805 866 1840 χάριτος

86 1847 161 1884 μέρει
173 1847 305 1883 δεχόμεθα
327 1848 402 1883 παρὰ
418 1847 485 1874 Θεοῦ
503 1849 534 1875 τὸ
549 1849 687 1875 πιστεύειν
701 1851 729 1876 ὲν
744 1850 865 1886 Χριστῷ,

83 1894 115 1920 οὑ
129 1893 322 1930 πεπλανήμεθα
337 1894 366 1920 δὲ
381 1894 425 1920 διὰ
441 1894 521 1921 τοῦτο
543 1894 654 1929 μᾶλλον,
670 1895 727 1922 ἀλλ’
742 1895 866 1930 ὲγνὼκοι-

87 1948 135 1974 μεν
147 1940 191 1966 τὸν
204 1940 284 1973 φύσει
297 1948 326 1966 τε
341 1940 388 1966 καὶ
404 1940 511 1974 άληθῶς
527 1940 594 1968 ὗντα
609 1941 686 1968 Θεόν·
705 1942 762 1974 πῶς
776 1941 808 1968 ἂν
824 1943 866 1969 ὲν-

85 1985 195 2012 δοιάσειέ
207 1994 259 2017 τις,
277 1986 317 2012 ὅτι
333 1985 398 2017 Θεὸς
413 1987 428 2012 ὁ
441 1986 575 2021 Χριστό;;

261 2052 311 2079 Ἐκ
326 2051 380 2086 τῆς
397 2051 472 2086 πρὸς
491 2052 629 2086 Τιμόθεον
652 2055 688 2079 a‘.

123 2118 132 2134 ι
153 2108 248 2140 Πιστὸς
262 2109 276 2135 ὁ
297 2108 386 2142 λόγος,
402 2108 448 2134 καὶ
463 2108 552 2142 πάσης
569 2109 703 2144 ἀποδοχῆς
721 2108 806 2142 ἄξιος,
824 2110 864 2136 ὅτι

87 2154 195 2189 Χριστὸς
216 2155 320 2190 Ἰησοῦς
338 2153 420 2189 ἦλθεν
442 2155 481 2186 είς
504 2154 550 2180 τὸν
565 2154 666 2189 κόσμον
688 2155 866 2190 ἁμαρτωλοὺς

88 2199 178 2231 σῶσαι,
195 2196 232 2225 ὦν
255 2199 363 2234 πρῶτός
384 2199 441 2235 εἰμι
457 2199 527 2232 ἐγὼ·
550 2199 618 2226 ἀλλὰ
633 2199 678 2226 διὰ
693 2199 772 2226 τοῦτο
785 2200 865 2234 ὴλεή-

913 272 978 303 hace,
995 273 1021 298 in
1033 272 1158 306 gentibus
1171 271 1358 306 evangelizare
1373 271 1574 307 investigabiles
1589 273 1698 301 divitias

911 318 1024 349 Christi,
1047 323 1073 345 et
1095 317 1248 344 illuminare
1272 325 1366 345 omnes
1386 325 1447 352 quae
1473 319 1508 344 sit
1532 318 1699 352 dispensatio

912 363 1076 390 sacramenti
1093 363 1245 390 ahsconditi
1258 370 1273 390 a
1291 363 1396 391 saeculis
1412 363 1437 390 in
1455 363 1525 397 Deo,
1541 364 1587 399 qui
1609 365 1698 392 omnia

912 410 1014 437 creavit
1025 409 1059 436 5’.
1080 418 1089 434 ι

951 509 960 525 ‹
981 499 1048 531 Viri,
1071 498 1175 533 inquit,
1196 497 1297 531 diligite
1322 505 1420 525 uxores
1444 501 1557 531 vestras,
1582 499 1652 526 sicut
1672 504 1700 526 et

913 545 1039 572 Christus
1052 544 1146 571 dilexit
1163 543 1323 575 Ecclesium.
1341 548 1369 570 et.
1394 543 1568 578 semetipsum
1589 544 1700 571 tradidit

914 600 963 627 pro
976 600 1020 623 ea,
1036 597 1066 618 ut
1081 591 1153 618 illam
1176 589 1359 617 sanctificaret
1371 610 1378 622 ,
1397 590 1529 617 mundaus
1545 596 1604 617 eam
1626 589 1700 616 lava-

913 645 960 665 cro
982 644 1058 671 aqua:
1077 637 1102 663 in
1125 635 1206 662 verbo
1230 636 1289 662 vitae
1304 636 1338 662 ⁸ο.
1361 645 1371 661 ι
1392 635 1493 670 Ecquid
1513 635 1603 668 aliud,
1621 636 1700 662 obse-

914 691 973 715 cro,
998 682 1108 710 verbum
1131 687 1192 714 est,
1212 689 1260 716 per
1281 682 1352 715 quod
1376 689 1489 716 corpore
1515 689 1583 716 aqua
1601 683 1699 708 munda

914 729 1004 756 aliluto
1022 735 1179 763 purgantur,
1197 735 1276 761 quam
1293 728 1356 754 illud
1376 728 1473 761 ipsum,
1489 727 1523 754 de
1539 735 1593 762 quo
1606 728 1700 754 beatus

914 773 1012 800 Paulus
1024 773 1076 800 alio
1094 773 1152 800 loco
1167 773 1204 799 ita
1220 773 1332 800 scribit:
1348 783 1356 798 ι
1376 772 1430 800 lloc
1447 777 1487 800 est
1504 774 1615 801 verbum
1638 775 1697 800 licini

915 819 983 854 quod
1005 819 1204 853 praedicamus:
1230 819 1291 852 quia
1312 819 1334 846 si
1359 819 1513 846 confitearis
1535 819 1560 845 in
1583 826 1630 846 ore
1655 823 1700 846 tuo

917 865 1058 892 Dominum
1070 863 1172 895 Jesum,
1189 869 1216 890 et
1234 865 1259 890 in
1286 865 1367 891 corde
1391 869 1436 891 tuo
1456 864 1604 892 credideris
1627 865 1699 897 quod

882 899 902 926 Β
918 912 987 939 Deus
1004 910 1077 938 illum
1091 911 1231 938 suscitavit
1247 918 1262 937 ιι
1277 911 1406 942 mortuis.
1426 910 1516 938 salvus
1530 911 1594 938 eris.
1612 910 1700 938 Corde

916 959 986 985 enim
1007 953 1126 984 {reditur
1140 956 1329 990 adjuslitiam.
1344 964 1390 983 ore
1403 961 1493 982 autem
1518 956 1547 982 fit
1567 956 1698 983 confessio

915 1004 947 1030 ad
965 1003 1080 1030 salutem
1098 1003 1131 1030 “.
1151 1012 1159 1028 ι
1176 1002 1203 1029 Si
1221 1002 1311 1036 itaque
1323 1002 1461 1029 Christum
1478 1002 1636 1040 profitentes
1652 1010 1700 1036 per

916 1050 993 1076 fidem
1008 1049 1155 1081 salvantur,
1167 1049 1333 1083 verbumqne
1348 1048 1408 1075 ﬂdei
1422 1049 1454 1074 de
1466 1047 1512 1074 illo
1527 1048 1697 1085 pra'dicatutn

915 1095 1046 1129 complexi
1065 1102 1210 1129 purgamur
1230 1099 1257 1120 et
1278 1093 1497 1126 sanctilicamur,
1524 1092 1658 1128 quomodo
1678 1094 1699 1121 is

915 1149 994 1168 verus
1009 1140 1077 1168 Deus
1091 1148 1142 1167 non
1160 1139 1220 1167 est?

1095 1197 1134 1224 E1.
1149 1197 1266 1232 Epistula
1281 1198 1316 1223 ad
1332 1195 1524 1232 Philippenses.

954 1264 962 1280 ι
981 1253 1051 1286 Quid
1067 1253 1158 1280 enim?
1174 1253 1282 1288 (inquit)
1299 1253 1365 1280 Dum
1382 1252 1455 1278 omni
1477 1252 1565 1284 modo,
1583 1251 1639 1278 sive
1654 1258 1700 1284 per

916 1300 1096 1332 occasionem,
1110 1299 1167 1326 sive
1184 1307 1231 1332 per
1249 1298 1388 1325 veritatem
1412 1297 1537 1325 Christus
1559 1297 1700 1324 annuntie-

918 1351 961 1372 tur
975 1345 1007 1371 ".
1029 1354 1038 1370 ι
1068 1344 1192 1378 Nunquid
1215 1349 1243 1370 ut
1261 1344 1340 1371 homo
1365 1344 1454 1370 divina
1479 1343 1566 1377 gratia
1590 1347 1701 1370 ornatus

917 1391 1018 1418 nuuulo
1032 1390 1228 1417 annuutietur?
1252 1389 1332 1424 Atqui
1357 1389 1472 1424 mundus
1495 1388 1632 1416 Christum
1654 1395 1701 1422 per

917 1437 996 1463 tidem
1012 1436 1114 1469 colens,
1126 1436 1158 1462 ad
1175 1435 1220 1462 Dei
1238 1435 1400 1470 agnitionem
1415 1435 1546 1462 adductus
1557 1438 1608 1461 est.
1627 1433 1700 1467 Quo-

919 1482 996 1508 umdo
1011 1482 1033 1508 is
1049 1489 1114 1515 ergo
1132 1480 1202 1508 Deus
1218 1489 1270 1508 non
1284 1486 1335 1515 est,
1347 1482 1390 1515 qui
1417 1482 1442 1508 in
1464 1481 1561 1508 divina
1577 1480 1701 1515 majesta-

919 1528 953 1554 tis
969 1527 1055 1561 gloria
1070 1528 1168 1554 mundo
1181 1527 1341 1562 praedicatus
1356 1528 1417 1554 est?

954 1582 963 1599 ε
980 1573 1182 1600 Collaborantes
1205 1573 1264 1600 fidei
1284 1572 1419 1608 Evangelii
1443 1573 1492 1610 (et
1515 1573 1542 1601 in
1559 1573 1632 1601 nullo
1648 1578 1702 1601 ter-

917 1619 1029 1646 reamini
1043 1619 1077 1646 ab
1089 1619 1274 1654 adversariis),
1292 1627 1352 1654 quae
1368 1619 1421 1646 illis
1437 1626 1517 1646 causa
1542 1620 1701 1654 perditionis

916 1668 969 1696 est,
985 1664 1062 1691 vobis
1079 1669 1168 1691 autem
1183 1664 1277 1691 salutis
1289 1685 1297 1698 ,
1318 1669 1344 1691 ct
1360 1665 1411 1692 hoc
1424 1671 1438 1690 a
1456 1664 1511 1692 Deo
1525 1673 1532 1692 :
1547 1666 1608 1699 quia
1626 1665 1701 1692 vobis

917 1710 1045 1737 donatum
1060 1713 1101 1736 est
1116 1717 1165 1744 pro
1177 1710 1298 1743 Christo,
1315 1717 1367 1737 non
1380 1710 1466 1737 solum
1481 1715 1509 1737 ut
1523 1710 1548 1737 in
1563 1718 1624 1737 cum
1641 1718 1701 1738 cre-

917 1755 997 1787 datis.
1013 1756 1060 1783 sed
1077 1760 1105 1782 ut
1121 1755 1202 1782 etiam
1223 1763 1272 1790 pro
1294 1755 1338 1783 illo
1363 1755 1502 1790 patiamini
1519 1757 1550 1782 ⁸³.
1572 1766 1581 1783 ι
1605 1757 1634 1784 Si
1651 1757 1702 1784 hoc

917 1808 931 1826 a
952 1800 1006 1827 Deo
1022 1800 1048 1826 in
1062 1801 1155 1835 gratia:
1180 1800 1240 1827 loco
1256 1801 1404 1835 accipimus
1415 1821 1421 1833 ,
1439 1801 1509 1835 quod
1525 1802 1550 1828 in
1565 1801 1700 1829 Christum

916 1845 1063 1875 credimus,
1091 1852 1177 1878 neque
1199 1852 1247 1879 per
1273 1845 1322 1872 hoc
1344 1845 1369 1872 in
1389 1853 1509 1873 errorem
1532 1846 1700 1878 abducimur,

917 1891 963 1917 sed
976 1890 1003 1917 in
1015 1891 1073 1924 ejus
1083 1891 1171 1924 potius
1182 1891 1362 1925 cognitionem
1382 1891 1550 1924 adducimur,
1563 1892 1607 1926 qui
1621 1899 1701 1919 verus

915 1937 1062 1963 secundum
1080 1941 1204 1962 naturam
1228 1936 1297 1964 Deus
1319 1941 1380 1964 est:
1406 1939 1539 1971 quomodo
1563 1938 1700 1966 Christum

916 1982 1000 2009 Deunt
1017 1989 1086 2014 esse,
1106 1983 1242 2018 ambigere
1253 1983 1316 2017 quis
1330 1983 1429 2018 queat?

1076 2049 1155 2085 124
1169 2050 1210 2077 Ea:
1224 2051 1307 2084 priori
1322 2051 1356 2077 ad
1373 2051 1543 2078 Timotheum.

955 2117 964 2133 ‹
984 2107 1082 2135 Fidelis
1094 2115 1194 2140 sermo,
1206 2113 1233 2134 et
1245 2107 1317 2134 omni
1336 2108 1492 2142 acceptione
1507 2108 1614 2142 dignus,
1629 2110 1699 2142 quod

916 2153 1041 2180 Christus
1057 2152 1138 2180 Jesus
1160 2153 1232 2180 venit
1250 2153 1275 2179 in
1304 2153 1375 2180 huttc
1396 2154 1523 2180 mundum
1546 2159 1700 2188 peccatores

917 2199 1008 2226 salvos
1021 2199 1130 2231 facere;
1145 2206 1258 2232 quorum
1274 2200 1376 2232 primus
1396 2206 1445 2233 ego
1462 2207 1520 2225 sum
1537 2207 1544 2226 ι
1573 2199 1618 2226 sed
1642 2199 1700 2225 ideo

88 2245 146 2279 θην,
161 2245 201 2271 ἵνα
214 2246 242 2271 ὲν
258 2245 319 2279 ἐμοὶ
334 2244 434 2280 πρώτῳ
446 2243 550 2279 ἐνδείξῃ
562 2244 678 2278 Χριστὸς
700 2243 802 2279 Ἰησοῦς
817 2244 864 2279 τὴν

955 2245 1131 2272 serieordiam
1152 2249 1313 2280 consecutus
1344 2253 1415 2276 sum,
1446 2250 1474 2271 ut
1501 2245 1527 2271 in
1553 2253 1595 2271 me
1615 2246 1701 2279 primo

89 2290 189 2316 ἃπασαν
212 2289 412 2324 μακροθυμίαν,
438 2289 506 2324 πρὸς
533 2289 706 2315 ὑποτύπωσιν
724 2288 776 2315 τῶν
801 2289 864 2324 μελ-

89 2335 180 2361 λόντων
194 2334 330 2361 πιστεύειν
351 2335 394 2360 ἐπ’
409 2335 483 2369 αὐτῴ
507 2335 547 2366 εἰς
571 2334 643 2370 ζωὴν
663 2335 782 2362 αἰώνιον,
806 2344 814 2360 ι
833 2335 865 2360 Εἰ

91 2379 258 2416 ἁμαρτωλοὺς
281 2379 361 2412 σώζει
384 2379 510 2415 Χριστὸς,
536 2380 584 2406 καὶ
612 2379 784 2414 μακροθυμεῖ
809 2381 865 2411 τοῖς

92 2425 307 2460 πλημμελήμασι,
331 2425 473 2459 δεχόμενος
495 2424 585 2451 αὐτῶν
603 2425 651 2458 τὴν
676 2425 862 2459 μετάγνωσιν·

91 2472 135 2498 καὶ
148 2471 216 2498 πᾶσα
230 2471 308 2506 ἡμῶν
322 2472 339 2505 ἡ
353 2471 443 2501 πίστις
464 2471 506 2497 ἐπ’
527 2470 612 2505 αὐτῷ,
634 2471 681 2497 καὶ
703 2470 746 2497 διὰ
760 2471 810 2505 τῆς
826 2472 865 2502 εἰς

93 2519 165 2545 αὑτὸν
177 2519 292 2550 πίστεως
305 2518 354 2553 τὴν
369 2517 442 2551 ζωὴν
456 2518 505 2553 τὴν
519 2518 626 2544 αἰώνιον
642 2518 847 2553 κεκερδήκαμεν
856 2525 862 2533 ·

94 2564 144 2595 πῶς
159 2564 186 2590 οὐ
199 2563 265 2595 Θεὸς
289 2564 330 2598 εἴη
355 2563 406 2596 ᾶν;
422 2564 463 2590 ὅτι
487 2563 535 2590 καὶ
558 2563 632 2598 μόνῳ
647 2563 706 2597 Θεῷ
722 2563 820 2598 πρέποι
832 2562 866 2589 ἂν

93 2609 191 2640 εἰκότως
215 2609 244 2634 τὸ
269 2609 315 2635 καὶ
340 2608 436 2640 σώζειν
462 2608 591 2635 δύνασθαι
611 2608 656 2634 τὸν
673 2609 786 2643 κόσμον,
805 2609 865 2644 ἦτοι

93 2655 148 2685 τοὺς
166 2655 191 2680 ἐν
212 2654 250 2689 τῷ
267 2655 372 2690 κόσμῳ,
389 2655 435 2681 καὶ
461 2654 646 2689 μακροθυμεῖν
664 2656 719 2686 τοῖς
740 2655 865 2690 ἁμαρτά-

95 2708 174 2732 νουσι,
206 2700 253 2726 καὶ
284 2699 424 2730 ζωοποιεῖν
456 2699 500 2726 διὰ
531 2701 580 2734 τῆς
605 2699 722 2730 πίστεως
749 2699 799 2733 τῆς
826 2700 866 2730 εἰς

96 2746 184 2772 ἑαυτὸν.

99 2880 214 2916 "Ephea.
229 2887 269 2911 ιιι,
287 2880 313 2911 8,
328 2880 354 2906 9.
379 2880 401 2895 ⁴¹⁰
414 2879 510 2914 Ephes.
530 2887 554 2910 ν,
568 2878 613 2909 25,
629 2878 673 2905 26.
693 2878 713 2893 θ’
730 2878 806 2904 liom.
827 2885 853 2909 χ,

969 2877 990 2892 θ’
1008 2877 1122 2912 Philipp.
1137 2886 1154 2909 ι,
1180 2878 1220 2905 IS.

916 2291 1071 2318 ostenderet
1096 2290 1219 2318 Christus
1240 2290 1317 2317 Jesus
1341 2299 1448 2318 omnem
1470 2291 1643 2325 patientiam,
1667 2292 1700 2317 ad

917 2336 1134 2363 informationem
1151 2342 1243 2362 eorum
1265 2337 1310 2369 qui
1332 2337 1459 2363 credituri
1485 2341 1548 2362 sunt
1565 2335 1601 2362 illi
1623 2336 1648 2362 in
1665 2336 1702 2362 vi-

916 2386 971 2407 tam
985 2385 1114 2408 aeternam
1130 2381 1163 2407 “.
1180 2390 1189 2406 ι
1207 2380 1233 2408 Si
1251 2380 1375 2407 Christus
1386 2379 1464 2407 .lesus
1478 2385 1634 2413 peccatores
1647 2380 1701 2406 sal-

916 2433 970 2460 vat,
989 2427 1174 2462 patienterque
1189 2427 1284 2454 delicta
1309 2427 1415 2457 tolerat,
1440 2426 1546 2452 illorum
1567 2425 1703 2459 poeniten-

918 2474 980 2500 tiam
996 2479 1175 2507 exspectans;
1197 2473 1218 2500 si
1236 2479 1290 2500 tota
1309 2473 1374 2499 ﬁdes
1393 2476 1485 2499 nostra
1506 2473 1532 2499 in
1547 2473 1634 2506 ipsum
1648 2472 1702 2498 fer-

917 2525 971 2552 tur,
986 2524 1012 2546 ct
1026 2527 1072 2554 per
1087 2519 1165 2546 fidem
1179 2519 1307 2554 denique,
1321 2526 1380 2552 quae
1395 2523 1436 2545 est
1452 2519 1478 2544 in
1500 2517 1586 2551 ipsum
1597 2538 1604 2549 ,
1617 2518 1700 2544 vitam

916 2569 1043 2591 aeternam
1073 2563 1272 2598 adipiscimur:
1298 2563 1432 2597 quomodo
1464 2570 1515 2589 non
1546 2567 1587 2589 est
1611 2561 1700 2589 Deus?

916 2608 1133 2643 quandoquidem
1147 2609 1286 2640 mundum,
1302 2609 1352 2635 hoc
1365 2613 1416 2640 est,
1432 2616 1478 2636 eos
1495 2609 1539 2643 qui
1559 2609 1584 2635 in
1601 2609 1700 2636 mundo

917 2654 968 2680 hoc
993 2654 1114 2688 degunt,
1139 2660 1219 2686 posse
1243 2654 1367 2687 Salvare,
1389 2653 1578 2688 longanimiter
1609 2654 1700 2680 adt-aee

917 2704 1072 2734 peccatores
1091 2699 1171 2731 ferre,
1196 2699 1278 2726 vitam
1296 2705 1432 2734 antremo
1453 2706 1501 2734 per
1520 2700 1598 2726 fidem
1622 2699 1648 2726 in
1670 2699 1701 2725 il~

919 2747 972 2771 lum
994 2745 1142 2779 impertiri;
1157 2745 1182 2772 id
1199 2746 1295 2773 merito
1311 2746 1337 2772 iu
1354 2746 1439 2773 solum
1458 2745 1539 2772 Deum
1556 2745 1701 2772 convenire

916 2795 1031 2825 oportet.

1261 2879 1282 2893 ”
1298 2879 1361 2906 iliid.
1381 2880 1425 2906 εδ.
1466 2879 1487 2893 ⁸³
1504 2878 1512 2904 Ι
1530 2877 1601 2904 Tim.
1619 2883 1638 2908 Ι,
1658 2876 1699 2903 15.
