1872 3057
176 156 238 184 ΓῖοΙ

672 155 700 183 S.
722 155 860 183 CYRiLLI
880 153 1114 183 ALEXANDIHNI
1133 155 1292 183 ARCHIEI’.

1751 152 1816 179 £3.72

210 223 220 241 ι
242 214 275 242 Et
296 215 439 242 manifeste
460 221 585 249 magnum
605 219 646 242 est
669 216 777 250 pietatis
807 222 961 243 sacramen-
975 217 999 245 Α

1053 225 1061 240 ι
1086 216 1140 243 Καὶ
1155 215 1377 251 ὁμολογουμένως
1398 216 1469 251 μέγα
1482 214 1543 241 ἐστὶ
1558 213 1589 239 τὸ
1603 212 1653 246 τῆς
1670 210 1816 242 εὐσεϐείας

174 268 243 293 ιυιιι,
259 259 331 294 quod
348 259 550 287 manifestatum
563 264 605 288 est
621 260 647 287 in
667 267 767 292 carne,
781 260 958 294 justilieutum

172 310 215 332 est
234 305 261 332 in
283 304 398 340 Spiritu,
422 305 548 340 apparuit
572 305 688 339 angelis,
715 306 888 340 praedicatum
918 310 960 332 est

173 351 308 385 gentibus,
332 351 464 378 creditum
481 356 523 379 est
546 351 572 378 in
599 352 715 384 mundo,
733 357 900 386 assumptum
919 355 961 379 est

175 396 201 422 in
221 396 307 431 gloria
323 396 357 424 ".
376 405 387 422 ι
401 396 468 430 Quis
483 397 516 430 is,
531 404 634 432 quaeso,
645 401 698 428 est,
713 398 758 433 qui
771 398 797 425 in
812 404 894 425 carne
906 405 961 425 ma-

175 441 318 470 nifestatus
331 442 393 470 est?
411 443 506 470 Annon
531 443 617 471 modis
638 443 765 471 omnibus
788 443 958 478 perspicuum

174 492 226 519 est,
245 495 298 515 non
322 487 405 515 alium
424 495 502 521 esse,
526 496 607 524 quam
635 490 779 524 ipsummet
801 489 848 517 Dei
872 489 960 517 Patris

177 529 312 558 Verbum?
327 531 395 560 Hine
409 540 526 567 namque
545 540 670 568 magnum
692 533 755 562 illud
778 533 887 568 pietatis
902 541 960 569 my-

176 577 288 604 sterium
317 578 491 612 perspicitur.
515 578 564 606 llic
586 584 674 606 autem
702 578 736 606 ab
761 579 864 614 angelis
886 579 959 607 visus

175 627 226 655 est,
244 630 304 650 cum
320 623 347 650 in
363 623 462 651 coelum
477 628 620 658 susceptus
633 628 690 658 est;
706 624 864 659 praedicatus
879 631 959 659 porro

175 668 299 701 gentibus
315 673 357 697 est
368 676 416 704 per
431 675 541 699 sanctos
558 670 693 704 apostolos
709 682 716 699 :
736 671 855 699 creditus
868 676 958 698 autem

174 713 255 740 nstin
270 714 380 742 mundo.
398 714 452 743 Sed
473 716 593 750 nunquid
611 716 682 744 istud
697 716 770 743 velut
784 716 864 744 homo
879 716 958 744 abso-

175 760 229 787 luIe
246 765 274 787 ut
288 761 356 788 nos?
367 759 553 796 Nequaquam,
568 769 661 789 verum
677 767 706 789 ut
727 762 798 790 Deus
821 763 846 789 in
866 770 958 795 carne,

175 804 306 839 nobisque
319 805 416 834 similis
428 806 553 834 effectus.
568 806 730 842 Assumptus
747 807 853 835 tandem
874 813 915 835 est
932 808 958 834 in

175 851 279 885 gloria,
303 859 356 888 quo
380 853 465 881 Deum
488 858 515 881 et
543 853 652 882 Patrem
678 855 812 882 dicentem
842 856 957 883 audiat:

177 906 186 922 ι
203 897 272 925 Sede
286 905 303 925 a
316 899 420 927 dextris
439 899 518 932 meis,
532 901 618 928 donec
638 908 735 935 ponam
760 901 884 947 inimicos
899 906 958 930 tuos
974 888 995 916 Β

174 942 320 971 scabellum
333 944 432 979 pedum
449 950 557 974 tuorum
568 947 601 974 ".
620 956 630 973 ι

340 1014 348 1024 ⁸
396 1012 440 1040 Ea:
457 1013 579 1048 Epistula
593 1015 628 1042 ad
643 1014 739 1042 Titum.

210 1077 219 1092 ι
238 1067 339 1096 Fidelis
350 1075 439 1095 sermo
450 1073 511 1096 est:
525 1072 552 1096 et
564 1068 598 1096 de
611 1069 653 1096 his
664 1070 724 1096 volo
738 1075 763 1097 te
773 1070 954 1103 conﬁrmare;

173 1117 200 1139 ul
230 1118 326 1141 curent
353 1114 430 1142 bonis
463 1115 590 1150 operibus
621 1123 739 1150 prmesse
770 1117 816 1150 qul
844 1117 959 1144 credunt

174 1158 228 1186 Deo
240 1158 274 1186 ⁸⁷.
290 1168 299 1185 ι
316 1158 441 1195 Nunquid
462 1161 507 1194 qui
532 1160 558 1188 in
581 1159 665 1188 Deum
681 1161 806 1194 credunt.
825 1162 851 1189 in
878 1161 956 1189 Chri-

172 1210 242 1231 stum
265 1212 317 1232 non
343 1207 476 1233 credunt?
495 1207 574 1241 Atqui
590 1207 685 1235 beatus
706 1207 822 1236 Joannes
845 1209 901 1236 haec
924 1209 957 1236 de

173 1251 217 1276 illo
243 1251 343 1279 diserte
363 1253 494 1286 exponit:
510 1262 520 1279 ι
550 1252 702 1288 Quotquot,
724 1255 826 1289 inquit,
846 1262 957 1290 recepe-

171 1301 230 1323 ruttl
247 1305 320 1330 enim,
336 1298 410 1326 dedit
424 1299 464 1326 eis
486 1304 647 1334 potestatem
675 1300 745 1328 ﬁlios
760 1300 807 1328 Dei
827 1301 897 1334 fieri,
914 1302 956 1329 his

171 1343 215 1376 qui
234 1343 312 1379 125
335 1345 447 1371 credunt
472 1345 498 1372 in
519 1346 627 1373 nomine
647 1345 705 1380 ejus
718 1346 750 1374 ⁸⁸.
771 1357 781 1373 ι
805 1347 957 1375 Subscribit

173 1389 214 1414 his
227 1396 252 1415 et
267 1390 323 1424 ipse
334 1391 428 1417 beatus
437 1390 538 1418 Paulus
547 1399 653 1426 quoque
665 1401 672 1419 :
684 1393 723 1419 ait
735 1393 806 1420 enim
820 1401 827 1420 :
842 1403 851 1418 ι
862 1392 956 1420 Scien-

172 1439 213 1461 tcs
229 1434 300 1468 quod
315 1441 368 1461 non
382 1434 549 1469 justifieatur
567 1436 646 1463 homo
671 1444 703 1463 ex
724 1437 850 1470 operibus
869 1437 935 1471 legis
946 1457 955 1470 ,

172 1479 222 1505 nisi
236 1486 284 1513 per
297 1479 374 1506 ﬁdem
391 1479 453 1506 .lesu
468 1479 588 1512 Christi;
606 1485 632 1508 et
651 1488 700 1508 nos
722 1481 749 1508 in
767 1480 874 1508 Christo
892 1479 955 1508 Iesu

171 1524 346 1557 rredidirnus,
362 1530 390 1552 ut
401 1525 581 1560 justilicemur
597 1526 623 1553 in
639 1527 697 1561 ipso
711 1526 743 1553 “.
770 1535 779 1552 ›
794 1526 861 1553 Cum
875 1526 956 1562 igitur

170 1571 215 1603 qui
234 1570 342 1598 Christo
356 1571 433 1599 ﬁdem
451 1571 577 1604 offerunt,
598 1573 624 1599 in
642 1573 724 1600 Deum
739 1572 860 1605 credant,
883 1580 953 1608 quo-

171 1618 250 1645 modo
263 1617 386 1646 Christus
400 1627 452 1646 non
469 1623 509 1646 est
526 1626 605 1646 verus
622 1619 712 1647 Deus?

357 1718 433 1751 Quod
451 1719 515 1752 ﬁdes
528 1720 562 1746 sit
579 1720 606 1746 in
621 1719 767 1747 Christum.

303 1773 345 1801 Ex
363 1773 504 1810 Evangelia
520 1777 662 1803 secundum
677 1775 819 1804 Joannem.

209 1839 218 1856 ι
237 1829 373 1865 Quotquot
387 1836 476 1858 autem
491 1835 653 1866 receperunt
667 1839 739 1864 eum,
757 1831 830 1859 dedit
851 1832 892 1859 eis
905 1839 955 1866 po-

170 1880 296 1903 testatem
313 1876 382 1904 ﬁlios
398 1875 445 1904 Dei
465 1877 535 1909 lieri,
553 1877 596 1904 his
613 1877 659 1912 qui
674 1876 790 1904 credunt
806 1877 831 1904 iu
848 1877 956 1905 nomine

170 1922 239 1955 ejus.
258 1930 268 1947 ι
287 1920 345 1949 Duo
356 1930 416 1957 quae
430 1922 457 1949 in
473 1919 559 1950 Deum
575 1923 719 1958 quadram.
734 1923 898 1957 conjunelim
913 1923 957 1951 hic

171 1967 245 2000 ponit
260 1975 267 1993 :
285 1975 337 1995 non
353 1968 424 1995 enim
442 1968 494 1995 alia
516 1968 622 1996 ratione
646 1968 783 1997 Christum
799 1969 956 2004 complecti-

171 2021 241 2046 mur,
254 2021 335 2046 quam
350 2015 420 2050 quod
433 2014 485 2042 ﬁde
501 2014 535 2048 Xin
553 2015 628 2042 illum
646 2016 792 2048 tendimus,
819 2016 869 2043 hoc
891 2023 956 2044 vero

170 2059 305 2094 declarat,
323 2060 386 2088 dum
404 2060 465 2088 ait:
494 2069 504 2087 ι
523 2059 572 2089 llis
594 2062 640 2097 qui
663 2062 777 2089 credunt
799 2062 824 2089 in
847 2062 956 2090 nomine

170 2106 227 2139 ejus
242 2114 248 2132 :
265 2116 275 2132 ι
297 2107 432 2134 credimus
443 2111 533 2134 autem
548 2106 574 2133 in
589 2107 698 2134 nomine
709 2108 778 2142 ejus.
796 2115 847 2134 non
861 2107 955 2142 vulga-

169 2159 236 2184 rem,
261 2152 400 2186 nostrique
419 2152 535 2180 similem
561 2153 697 2180 hominem
720 2154 783 2186 rati,
805 2154 851 2181 sed
870 2153 954 2181 Deum

170 2202 350 2225 mcarnatum.
363 2197 482 2225 Rursum
498 2199 568 2233 quod
581 2203 741 2234 potestatem
759 2201 807 2227 dat
824 2200 892 2228 lilios
905 2199 952 2227 Dei

1013 261 1177 296 μυστήριον·
1199 261 1264 292 Θεὸς
1280 260 1436 296 ἐφανερώθη
1455 260 1485 286 ὲν
1500 257 1598 294 σαρκὶ,
1613 255 1772 289 ἐδικαιώθη
1788 258 1815 282 ἐν

1012 306 1246 341 Πνεύματι,ὥφθη
1262 305 1397 340 ἀγγέλοις.
1411 304 1554 341 ἐκηρύχθη
1568 305 1599 330 ὲν
1614 303 1742 333 ἔθνεσιν,
1760 304 1815 328 ἐπι-

1011 351 1109 387 στεύθη
1122 352 1151 378 ὲν
1164 351 1268 386 κόσμῳ,
1283 350 1420 386 ἀνελήφθη
1434 351 1463 376 ἐν
1475 349 1551 385 δόξῃ.
1568 358 1578 374 ι
1593 347 1645 378 Τίς
1658 347 1674 373 ὁ
1687 347 1721 372 ἐν
1733 349 1815 380 σαρκὶ

1011 397 1196 432 φανερωθείς;
1211 397 1227 432 ἢ
1243 396 1321 431 δῆλον
1336 396 1377 422 ὃτι
1395 395 1484 429 πάντη
1501 403 1532 420 τε
1548 393 1598 419 καὶ
1615 393 1736 422 πάντως
1750 391 1766 416 ὁ
1784 392 1814 417 ἐκ

1009 442 1078 469 Θεοῦ
1095 442 1201 478 Πατρδς
1217 442 1318 476 Λόγος;
1334 441 1412 468 Οὕτω
1435 440 1490 475 γὰρ
1511 439 1589 466 ἔσται
1615 437 1692 473 μέγα
1709 436 1744 462 τὺ
1766 437 1813 470 τῆς

1010 488 1150 520 εὐσεϐείας
1176 488 1334 523 μυστήριον.
1359 486 1426 518 Θεὸς
1456 484 1621 520 ἐφανερώθη
1653 484 1684 509 ὲν
1716 483 1812 516 σαρκὶ,

1009 534 1089 570 ὤφθη
1103 534 1132 561 δὲ
1148 533 1275 568 ἀγγέλοις
1290 526 1444 560 ἀναϐαίνων
1459 532 1500 563 εἱς
1520 529 1658 566 οὐρανούς
1668 537 1676 543 ’
1707 527 1812 562 ἐκηρύ-

1009 579 1062 615 χθη
1085 579 1114 606 ὲν
1127 578 1216 606 ἔθνεσι
1231 578 1276 605 διὰ
1292 577 1346 605 τῶν
1362 577 1447 612 ἁγίων
1461 576 1634 606 ἀποστόλων,
1657 573 1811 606 ἐπιστεύθη

1008 627 1037 653 δὲ
1059 627 1088 653 ὲν
1106 626 1217 661 κόσμῳ⁶
1243 625 1291 651 καὶ
1308 624 1366 652 οΰτι
1391 623 1442 650 πού
1464 631 1568 658 φαμεν,
1594 621 1637 648 ὅτι
1655 620 1722 647 καθ’
1738 620 1811 654 ἡμεῖς

1009 671 1151 708 ἄνθρωπος
1175 671 1281 703 ἁπλῶς,
1296 670 1353 697 ἀλλ’
1368 669 1405 702 ὡς
1426 669 1494 700 Θεὸς
1513 668 1543 694 ὲν
1566 667 1656 702 σαρκὶ
1680 665 1733 692 καὶ
1749 665 1809 692 καθ’

1008 717 1083 752 ἡμᾶς
1098 716 1228 752 γεγονώς.
1249 716 1399 751 ’Δνελήφθη
1423 714 1452 742 δὲ
1474 714 1522 741 καὶ
1548 714 1578 740 ὲν
1595 712 1676 749 δόξῃ.
1702 712 1749 737 ἵνα
1765 711 1808 736 λέ-

1008 771 1103 796 γοντος
1124 761 1228 797 ἀκούσῃ
1243 761 1291 788 τοῦ
1312 760 1380 788 Θεοῦ
1404 759 1452 788 καὶ
1469 758 1594 794 Πατρός·
1619 767 1629 784 ‹
1660 756 1756 783 Κάθου
1779 757 1808 782 ὲκ

1008 808 1103 841 δεξιῶν
1127 816 1189 843 μου,
1203 807 1257 839 ἕως
1270 807 1304 833 ἂν
1323 806 1362 833 θῶ
1376 806 1439 837 τοὺς
1459 804 1575 841 ἐχθρούς
1594 811 1645 830 σου
1663 802 1808 829 ὑποπέὀιον

1009 854 1063 881 τῶν
1077 853 1166 880 ποδῶν
1180 861 1237 881 σου.
1262 862 1272 878 ι

1237 1005 1287 1032 Ἐκ
1311 1004 1366 1039 τῆς
1382 1003 1458 1038 πρὸς
1477 1003 1571 1031 Τίτον.

1047 1073 1056 1089 ι
1080 1062 1178 1094 Πιστὸς
1199 1063 1213 1089 ό
1236 1061 1331 1096 λόγος·
1347 1059 1472 1094 καὶπερὶ
1494 1058 1600 1086 τούτων
1618 1057 1756 1092 βούλομαί
1778 1065 1806 1083 σε

1007 1108 1239 1139 διαΰεὸαιοῦσθαι,
1263 1107 1307 1134 ἴνα
1321 1105 1486 1142 φροντίζωσι
1508 1104 1605 1132 καλῶν
1626 1104 1720 1139 ἔργων
1739 1112 1804 1138 προ-

1009 1155 1132 1182 ίστασθαι
1147 1154 1172 1181 oi.
1183 1152 1395 1184 πεπιστευκάιες
1405 1151 1444 1187 τῷ
1458 1150 1527 1186 Θεῷ.
1544 1159 1554 1176 ι
1567 1148 1635 1185 τΔρ*
1647 1148 1696 1177 οὖν
1708 1150 1733 1176 oi.
1748 1149 1805 1184 Θεῷ

1007 1201 1192 1232 πιστεύοντες,
1203 1199 1254 1226 οὐκ
1266 1199 1306 1230 είς
1323 1198 1440 1234 Χριστὸν
1456 1196 1681 1228 πεπιστεύκασι;
1709 1195 1804 1222 Καίτοι

1007 1249 1094 1284 λέγων
1106 1249 1204 1283 ὁρᾶται
1221 1247 1338 1282 σαφῶςὸ
1356 1246 1491 1282 μακάριος
1512 1245 1646 1278 Ἰωάννης
1668 1243 1736 1279 περὶ
1758 1243 1804 1269 αὑ-

1006 1295 1070 1322 τοῦ·
1089 1304 1099 1321 ι
1117 1295 1194 1322 Ὅσοι
1213 1294 1242 1321 δὲ
1264 1293 1360 1320 ἔλασαν
1379 1291 1472 1324 αὑτὸν,
1494 1291 1599 1318 ἔδωκεν
1612 1290 1710 1320 αὐτοῖς
1731 1288 1803 1322 ἐξου-

1007 1341 1068 1368 σίαν
1090 1340 1173 1367 τέκνα
1195 1339 1262 1366 Θεοῠ
1287 1337 1425 1373 γενέσθαι,
1442 1337 1500 1369 τοῖς
1519 1336 1704 1363 πιστεύουσιν
1722 1335 1762 1366 εἰς
1775 1335 1802 1360 τὸ

1006 1388 1092 1422 ὄνομα
1106 1386 1200 1413 αὐτοῦ.
1219 1395 1229 1411 ι
1249 1385 1305 1412 Καὶ
1317 1385 1371 1420 μὴν
1383 1383 1431 1410 καὶ
1446 1383 1528 1415 αὐτὸς
1542 1383 1558 1408 ὁ
1575 1381 1718 1417 μακάριος
1732 1380 1801 1408 Παῦ-

1006 1433 1068 1464 λος⁹
1093 1441 1102 1459 ι
1121 1432 1228 1463 Είόότες
1250 1431 1279 1458 δὲ
1302 1431 1344 1457 ὅτι
1367 1429 1399 1457 οὐ
1423 1428 1579 1456 δικαιοῦται
1603 1427 1752 1462 ἄνθρωπος
1774 1425 1800 1457 ἐξ

1007 1479 1095 1515 ἔργων
1110 1479 1205 1513 νόμου.
1224 1477 1272 1504 ἐὰν
1293 1475 1330 1512 μὴ
1352 1475 1397 1503 διὰ
1414 1475 1532 1506 πίστεως
1553 1473 1645 1509 Ἰησοῦ
1663 1472 1798 1509 Χριστοῦ·

1007 1526 1055 1553 καὶ
1078 1525 1159 1560 ἡμεῖς
1184 1525 1224 1556 εἱς
1251 1523 1369 1559 Χριστὸν
1391 1521 1494 1558 Ἰησοῦν
1517 1520 1737 1556 ἐπιστεύσαμεν,
1760 1519 1798 1546 ἵνα

969 1556 992 1587 c
1007 1570 1197 1606 δικαιωθῶμεν
1210 1571 1239 1597 ὲν
1250 1569 1333 1604 αὐτῷ.
1346 1578 1355 1595 ι
1369 1569 1434 1596 ὀτε
1447 1567 1537 1595 τοίνυν
1548 1567 1609 1601 Θεῷ
1624 1565 1798 1592 πιστεύουσιν

1006 1618 1031 1644 oi
1045 1616 1155 1652 Χριστῷ
1169 1615 1219 1652 τὴν
1234 1615 1324 1642 πίστιν
1346 1614 1542 1650 προσάγοντες,
1561 1612 1622 1644 πῶς
1635 1613 1689 1639 οὐκ
1713 1612 1747 1639 ἂν
1760 1612 1799 1647 εἴη

1006 1662 1071 1694 Θεὸς
1086 1661 1188 1697 ἀληθής
1198 1669 1205 1694 ;

1183 1719 1247 1746 Ὀτι
1262 1719 1304 1752 εἰς
1319 1718 1448 1753 Χριστὸν
1467 1718 1486 1751 ri
1504 1719 1620 1751 πίστις.

1109 1775 1156 1802 Ἐκ
1176 1775 1229 1802 τοῦ
1247 1774 1322 1801 κατὰ
1346 1774 1486 1808 Ἰωάννην
1500 1773 1703 1809 Εὐαγγελιου.

1046 1842 1054 1858 ι
1071 1832 1148 1859 ’Ὅσοι
1173 1831 1202 1858 δὲ
1216 1831 1312 1858 ἑλασον
1326 1830 1418 1863 αὐτὸν,
1435 1830 1537 1858 ἔδωκεν
1559 1831 1655 1862 αὐτοῖς
1676 1831 1798 1863 ἐξουσίαν

1006 1878 1090 1904 τέκνα
1102 1877 1169 1904 Θεοῦ
1185 1877 1322 1911 γενέσθαι,
1337 1878 1394 1909 τοῖς
1416 1877 1591 1904 πιστεύουσιν
1611 1877 1654 1909 εἰς
1670 1877 1702 1904 τὸ
1716 1877 1797 1911 ὄνομα

1006 1923 1099 1950 αὑτοῦ.
1121 1933 1130 1949 ι
1145 1923 1197 1950 Δύο
1213 1922 1284 1950 κατὰ
1307 1922 1405 1949 ταυτὸν
1420 1923 1510 1957 τίθησι
1533 1923 1694 1958 θεοπρεπῆ·
1716 1931 1797 1956 παρα-

1006 1969 1173 2004 λαμϐάνεται
1197 1969 1251 2004 γὰρ
1267 1969 1316 2003 οὐχ
1337 1968 1440 2004 ἑτέρως
1461 1969 1527 2003 παρ’
1545 1967 1626 2003 ἡμῶν
1641 1969 1656 1994 ὁ
1670 1967 1794 2002 Χριστός

1007 2015 1077 2051 πλὴν
1089 2015 1130 2041 ὅτι
1142 2015 1171 2042 δὲ
1185 2015 1225 2046 εἰς
1240 2014 1320 2041 αὑτὸν
1335 2013 1435 2046 πίστις,
1460 2014 1588 2049 σαφηνιεῖ
1601 2013 1633 2040 τὺ
1648 2013 1795 2048 προκείμε-

1006 2070 1066 2088 νον·
1091 2071 1100 2087 ‹
1127 2062 1189 2093 Τοῖς
1207 2060 1261 2096 γὰρ
1284 2060 1452 2092 πιστεύουσι,
1477 2060 1569 2095 φησιν,
1594 2060 1636 2091 εἰς
1662 2060 1694 2086 τὸ
1715 2060 1794 2094 ὄνομα

1006 2107 1100 2135 αὐτοῦ.
1119 2117 1128 2133 ι
1148 2107 1318 2143 Πιστεύομεν
1332 2107 1360 2133 δὲ
1376 2107 1415 2138 είς
1427 2106 1458 2132 τὸ
1480 2106 1565 2141 ὄνομα
1581 2105 1677 2137 αὑτοῦ,
1692 2106 1742 2132 οὐκ
1753 2106 1794 2133 ἁν-

1007 2154 1115 2188 θρωπον
1130 2150 1199 2180 εἷναι
1209 2152 1298 2180 κοινὸν
1311 2152 1358 2179 καὶ
1369 2152 1417 2178 ἕνα
1427 2151 1482 2178 τῶν
1494 2151 1555 2178 καθ’
1567 2152 1644 2186 ἡμᾶς
1658 2151 1793 2177 πιστεύον-

1006 2207 1060 2230 τες,
1074 2198 1141 2225 ἀλλὰ
1162 2198 1229 2225 Θεὸν
1241 2197 1482 2234 ὲνηνθρωπηκότα.
1498 2197 1556 2224 Οὐκ
1573 2196 1746 2232 ἀνθρώπινον
1767 2197 1793 2223 δὲ

170 2242 239 2273 fieri,
255 2250 308 2269 non
325 2243 507 2270 humanarum
524 2243 620 2270 virium
635 2249 686 2275 est,
701 2245 748 2272 sed
763 2245 860 2272 divina:
875 2250 953 2272 natu-
968 2237 1013 2270 D1

1050 2245 1175 2277 ἐξουσίαν
1195 2244 1295 2271 διδόναι
1311 2244 1394 2271 τέκνα
1409 2243 1477 2270 Θεοῦ
1492 2243 1629 2277 γενέσθαι,
1647 2242 1792 2278 θεοπρεπὲς

168 2293 205 2312 rm
219 2293 299 2320 opus,
317 2286 500 2321 quiddamque
513 2288 638 2315 universa
653 2293 777 2316 creatura
796 2289 950 2317 sublimius.

167 2329 234 2356 (lum
251 2328 317 2357 ﬁdes
327 2337 392 2364 ergo
410 2330 436 2357 in
450 2331 538 2365 ipsum
555 2331 693 2360 Christum
712 2334 813 2366 tendat,
829 2334 953 2369 idemque

166 2375 213 2402 det
227 2375 342 2409 gratiam
359 2380 388 2403 ut
404 2376 450 2403 lilii
464 2377 511 2404 Dei
527 2377 685 2411 eliiciamur,
703 2380 836 2413 quomodo
847 2386 953 2408 nonest

167 2421 255 2448 Deus?

204 2475 213 2492 ι
231 2465 286 2494 Hoc
301 2466 363 2494 fecit
377 2467 481 2495 initium
494 2469 630 2503 signorum
644 2470 723 2498 Jesus
744 2471 769 2498 in
787 2471 859 2499 Cana
878 2472 950 2500 Gali-

165 2512 231 2543 lil'aa,
247 2516 274 2539 et
289 2512 473 2540 manifestavit
488 2514 601 2548 gloriam
620 2523 695 2542 suain
709 2524 716 2542 :
734 2521 760 2543 et
776 2517 950 2545 crediderunt

165 2559 190 2584 in
202 2565 263 2584 eum
278 2558 401 2593 discipuli
415 2559 475 2594 ejus
487 2560 521 2586 "°.
539 2570 547 2585 ι
565 2560 648 2595 Signo
661 2568 781 2596 peracto,
795 2564 950 2598 Christique

163 2602 247 2637 gloria
269 2603 453 2637 manifestata,
471 2604 497 2630 in
514 2612 604 2637 quem,
619 2613 721 2639 quaeso,
737 2607 806 2633 beuli
821 2607 858 2634 illi
873 2607 950 2634 disri-

164 2642 218 2681 puli
233 2649 428 2677 crediderunt?
444 2651 566 2684 nunquid
581 2651 608 2677 in
632 2651 768 2686 hominem
791 2653 948 2687 simpliciter

163 2695 309 2722 nanctum?
328 2695 408 2730 Atqui
422 2701 485 2723 ante
503 2697 609 2731 signum
630 2698 730 2724 editum
759 2698 832 2724 ilhun
851 2706 947 2733 seque-

163 2741 261 2767 bantur
277 2746 405 2775 tanquam
422 2743 510 2770 virum
525 2748 648 2770 sanctum
667 2744 801 2772 admirati.
819 2745 856 2772 Ex
873 2745 949 2780 signo

164 2791 253 2819 itaque
281 2792 441 2821 potestatem
472 2789 590 2817 humana
620 2789 748 2824 majorem
782 2791 819 2817 illi
855 2792 948 2819 adesse

182 2863 202 2879 "
219 2863 227 2889 Ι
249 2862 318 2891 Tim.
340 2872 381 2898 ll.,
401 2865 443 2893 lC.

490 2867 509 2881 ”
525 2866 595 2894 Psal.
616 2875 671 2901 uix,
693 2868 714 2894 l.
756 2869 775 2884 θ’
792 2868 843 2895 Tur
862 2876 900 2903 ιιι,
918 2870 942 2896 8.
985 2869 1093 2898 "Joart.
1113 2877 1131 2903 ι,
1154 2869 1196 2898 l2.

1002 2290 1029 2317 δὲ
1048 2290 1148 2326 μᾶλλον
1162 2290 1210 2317 καὶ
1224 2290 1294 2326 ὑπὲρ
1308 2290 1357 2325 τὴν
1371 2289 1471 2316 κτίσιν.
1483 2290 1549 2316 Ὅτε
1561 2281 1654 2316 τοίνυν
1665 2289 1705 2321 είς
1715 2288 1790 2315 αὑτὸν

1003 2337 1020 2371 ἡ
1035 2337 1136 2369 πίστις,
1154 2336 1201 2363 καὶ
1217 2335 1298 2368 αὐτὸς
1312 2336 1404 2363 δίδωσι
1418 2336 1468 2371 τῆς
1485 2335 1622 2367 υἱοθεσίας
1636 2336 1688 2371 τὴν
1704 2335 1786 2370 χάριν·

1003 2384 1061 2415 πῶς
1075 2383 1105 2409 οὐ
1120 2383 1185 2415 Θεὸς
1201 2384 1216 2410 ὁ
1228 2382 1362 2418 Χριστός;

1043 2483 1051 2498 ι
1076 2472 1183 2507 Ταύτην
1202 2473 1329 2507 ἐποίησεν
1343 2472 1431 2508 ἀρχὴν
1444 2471 1497 2498 τῶν
1510 2471 1633 2507 σημείων
1656 2472 1671 2497 ὁ
1692 2471 1786 2506 Ἰησοῦς

1004 2520 1033 2545 ἐν
1049 2519 1126 2554 Κανᾷ
1144 2519 1193 2553 τῆς
1216 2518 1372 2550 Γαλιλαίας,
1397 2517 1445 2544 καὶ
1465 2517 1623 2552 ὲφανέρωσε
1641 2517 1694 2553 τὴν
1717 2518 1787 2549 δόξαν

1003 2564 1085 2590 αὑτοῦ
1095 2573 1103 2580 ·
1119 2564 1164 2590 xai.
1175 2564 1338 2591 ἐπίστευσαν
1348 2565 1389 2595 είς
1404 2563 1485 2591 αὐτὸν
1494 2563 1519 2590 οἱ
1535 2563 1659 2599 μαθηταὶ
1672 2564 1761 2590 αὐτοῦ.
1777 2573 1784 2589 ι

1003 2610 1149 2644 Γεγονὸτος
1172 2609 1226 2645 ἄρα
1241 2610 1288 2636 τοῦ
1304 2610 1429 2645 σημείου,
1453 2609 1501 2636 καὶ
1521 2609 1732 2644 φανερώσαντες
1747 2609 1784 2636 τοῦ

1002 2654 1120 2690 Χριστοῦ
1132 2655 1181 2690 τὴν
1193 2655 1273 2687 δόξαν
1289 2655 1383 2687 αὑτοῦ,
1396 2655 1434 2686 ὡς
1449 2656 1489 2686 εἰς
1503 2654 1563 2681 τίνα
1577 2655 1783 2681 πεπιστεύκασιν

1001 2703 1025 2729 οἰ
1053 2702 1183 2738 μακάριοι
1213 2702 1349 2737 μαθηταί;
1381 2699 1435 2737 ἆρα
1463 2702 1503 2733 εἰς
1536 2700 1684 2735 ἄνθρωπον
1717 2702 1782 2735 ἅγιον

1001 2747 1110 2779 (inii-3;;
1123 2747 1218 2773 Καίτοι
1235 2748 1288 2782 πρὸ
1299 2746 1346 2773 τοῦ
1361 2747 1477 2781 σημείου
1499 2746 1693 2781 ἠκολούθησαν
1707 2746 1780 2779 αὐτῷ,

1001 2792 1200 2827 τεθαυμακότες
1214 2793 1251 2825 ὼς
1278 2794 1366 2827 ἅγιον·
1380 2792 1448 2819 ἀλλὰ
1464 2792 1608 2819 τεθὲανται
1623 2792 1668 2819 διὰ
1681 2793 1724 2819 τοῦ
1741 2801 1779 2827 ση-

1248 2871 1269 2887 ¹⁹
1286 2870 1373 2898 Galat.
1391 2879 1418 2905 Il,
1443 2871 1484 2899 l6.
1524 2871 1547 2887 7°
1562 2869 1642 2898 Joan.
1662 2879 1693 2904 ll,
1714 2871 1749 2898 ll.
