1872 3057
76 156 169 184 1335

643 164 687 191 DE
707 164 819 193 RECTA
840 166 918 195 FIDE
936 168 983 195 AD
1002 168 1161 197 REGINAS.

1653 171 1723 198 1554

79 216 175 264 Ecstor:
191 217 242 253 τὴν
256 218 326 254 ὑπὲρ
341 219 484 256 ἄνθρωπον
506 222 621 259 δύναμίν
639 233 668 251 τε
693 226 740 252 καὶ
760 226 877 260 ἐξουσίαι

966 229 1186 257 nimadverterunt
1199 237 1206 256 ι
1220 236 1304 264 quare
1315 228 1343 256 in
1358 227 1433 256 illum
1450 232 1577 264 tanquam
1596 228 1622 256 in
1637 229 1721 257 Deum

77 261 203 297 ἔχοντα.
222 264 326 292 Οὐκοῦν
339 267 554 295 πεπιστεύκασιν
574 270 612 302 ὼς
631 271 672 303 είς
691 271 768 299 Θεόν.
787 272 884 300 Ἰστὲον

77 307 129 339 δὲ,
146 309 191 335 ὅτι
207 309 299 337 πολλοὶ
309 311 365 338 τῶν
379 312 465 347 ἁγίων
486 314 572 342 πολλὰ
590 317 756 352 πεποιήκασι
772 318 819 344 καὶ
832 327 885 344 πα-

82 353 213 387 ράδοξα·
238 356 286 382 καὶ
308 356 520 394 ἐθαυμάσθησαν
544 361 603 396 μὲν,
627 362 772 389 ἐπίστευσε
793 363 822 390 δὲ
843 365 883 396 εἰς

80 400 197 433 αὐτοὺς
211 401 309 435 οὐδείς.
327 404 404 439 Ἐχοι
417 405 440 432 δ’
461 406 494 433 ἂν
506 407 556 442 τὴν
575 408 636 443 ῑσην
654 408 789 436 διάνοιαν·
806 418 816 435 ι
841 410 884 442 Ὡς

80 446 117 473 δὲ
134 445 171 482 ἦν
184 449 213 475 ὲν
222 450 279 481 τοῖς
296 450 492 487 Ἱεροσολύμοις
506 454 536 480 ὲν
548 453 586 489 τῷ
601 454 696 490 Πάσχα
707 455 736 482 ἐν
747 456 780 490 τῇ
790 456 883 492 ἑορτῇ,

83 492 189 519 πολλοὶ
213 493 376 522 ἐπίστευσαν
390 497 430 529 είς
452 497 483 523 τὸ
501 498 586 534 ὄνομα
610 499 703 531 αὐτοῦ,
719 500 883 536 θεωροῦντες

83 536 178 564 αὐτοῦ
195 538 228 565 τὰ
243 541 354 575 σημεῖα,
369 540 387 568 ἃ
406 542 504 570 ἐποίει.
528 552 538 569 ι

132 602 143 619 ι
158 594 197 621 Οὐ
211 595 266 631 γὰρ
278 596 437 625 ἀπέστειλεν
448 599 463 625 6
474 599 539 632 Θεὸς
552 600 597 627 τὸν
611 601 675 629 Υίὸν
689 603 771 630 αὐτοῦ
786 605 826 636 εἰς
837 603 884 631 τὸν

85 639 210 675 κόσμον,
235 641 279 668 ῖνα
305 642 386 678 κρίνῃ
413 644 458 672 τὸν
482 645 600 681 κόσμον,
625 647 684 674 ἀλλ’
701 648 745 675 ἵνα
770 649 843 685 σωθῇ
869 650 883 676 6

87 684 198 720 κόσμος
212 686 246 713 δι’
255 687 348 716 αὐτοῦ.
358 688 387 715 Ὁ
400 690 536 718 πιστεύων
548 692 588 723 είς
601 693 691 726 αὐτὸν,
705 694 735 720 οὐ
748 684 880 730 κρίνεται·

86 730 104 756 ὁ
118 730 149 757 δὲ
168 731 207 767 μὴ
222 732 368 767 πιστεύων,
384 735 433 771 ἤδη
450 736 585 772 κέκριται’
600 738 641 765 ὅτι
652 739 689 774 μὴ
703 739 883 767 πεπίστευκεν

87 777 135 808 είς
157 776 190 803 τὸ
215 777 300 813 ὃνομα
319 779 367 806 τοῦ
393 783 552 816 μονογενοῦς
575 784 640 811 Υίοῦ
655 784 703 811 τοῦ
728 786 806 813 Θεοῦ.
825 796 834 812 ι
852 786 883 813 Εἰ

90 821 235 857 σωτηρίας
249 823 307 856 ὁδός
318 825 417 861 ἐστινὴ
431 826 522 859 πίστις
534 828 551 863 ἡ
563 829 602 861 είς
616 829 661 856 τὸν
673 830 748 863 Υίὸν,
762 831 821 864 πῶς
829 831 883 868 ἄρα

936 275 1119 302 crediderunt.
1138 274 1250 302 Constat
1266 283 1314 310 per
1329 274 1428 301 multos
1445 279 1554 302 sanctos
1568 275 1651 302 multa
1666 279 1721 302 stu-

935 320 1021 354 penda
1034 320 1163 353 edidisse,
1177 312 1287 356 propter
1301 327 1361 355 qua:
1376 320 1457 347 etiam
1474 321 1500 348 in
1516 328 1612 356 magna
1631 321 1719 348 admi-

934 365 1040 393 ratione
1052 371 1132 394 erant
1146 375 1153 394 :
1168 371 1197 394 at
1219 366 1308 394 nullus
1332 367 1440 394 interim
1465 371 1589 401 repertus
1604 371 1648 394 est
1673 367 1719 402 qui

935 410 963 438 in
980 411 1040 439 illos
1052 411 1186 439 crederet.
1199 412 1326 447 Ejusdem
1347 419 1416 448 pene
1434 414 1574 440 sententia:
1589 417 1672 440 estet
1687 413 1720 440 il-

934 457 979 484 lud
994 464 1122 493 quoque:
1141 467 1150 484 ι
1170 457 1238 486 Cum
1263 462 1354 486 autem
1378 463 1451 486 esset
1473 457 1667 494 Hierosolymis
1692 459 1718 486 in

934 502 1037 530 Pascha
1053 503 1081 531 in
1100 503 1144 532 die
1166 503 1247 537 festo,
1263 504 1339 531 multi
1361 504 1535 532 crediderunt
1560 505 1586 532 in
1612 505 1721 533 nomine

934 547 1004 584 ejus,
1023 549 1146 578 videntes
1159 550 1236 585 signa
1250 550 1309 585 ejus
1320 559 1381 586 qua;
1391 551 1507 580 faciebat
1522 551 1556 580 ⁷³.
1577 561 1587 578 ι

972 615 982 632 ι
998 605 1058 634 Non
1082 606 1155 634 enim
1178 607 1253 635 misit
1273 607 1344 635 Deus
1366 608 1465 636 Filium
1485 616 1562 636 suum
1589 607 1669 644 126
1693 607 1720 635 in

934 653 1064 681 mundum
1079 657 1109 680 ut
1120 652 1223 688 iudicet
1239 654 1386 687 mundum,
1402 656 1448 682 sed
1463 659 1492 682 ut
1506 654 1625 683 salvetur
1639 662 1721 681 mun-

933 699 983 727 dus
996 706 1044 734 per
1055 699 1151 735 ipsum.
1166 699 1218 733 Qui
1238 700 1324 728 credit
1346 701 1374 728 in
1394 707 1466 733 eum,
1489 707 1542 728 non
1561 699 1719 735 iudicatur:

933 745 978 780 qui
994 750 1084 773 autem
1100 753 1153 773 non
1168 746 1264 779 credit,
1278 746 1332 782 jam
1350 746 1486 782 judicatus
1509 751 1565 779 est;
1583 746 1646 781 quia
1667 754 1718 772 non

934 789 1049 817 credidit
1072 789 1099 817 in
1117 790 1226 818 nomine
1243 791 1375 826 unigeniti
1399 790 1460 818 Filii
1480 789 1527 819 Dei
1543 791 1577 818 τ’.
1600 800 1610 816 ι
1629 790 1657 818 Si
1677 791 1719 817 via

934 835 968 861 ad
983 834 1099 863 salutem
1112 839 1154 862 est
1170 835 1237 863 ﬁdes
1255 835 1281 863 in
1304 835 1414 868 Filium.
1436 837 1572 872 quomodo
1587 835 1614 863 in
1630 837 1718 870 ipsum

90 869 260 905 πιστεύομεν
276 871 316 903 είς
337 873 431 905 αὑτόν;
453 873 470 909 ἢ
491 874 550 906 πῶς
568 875 618 912 τὴν
633 877 666 903 ὲκ
682 877 728 904 τοῦ
742 878 877 914 κρίνεσθαι

91 915 181 928 ἓ.-.--.
195 916 293 928 βιημῆκ
312 918 335 928 91
424 918 439 928 τ
513 922 518 928 I
562 921 569 928 ι
616 923 627 928 .-
647 923 658 928 -
841 925 850 928 λ

966 880 1086 910 edimus?
1099 882 1154 916 [aut
1174 883 1310 917 quomodo
1334 884 1360 910 ln
1380 883 1468 918 ipsum
1493 883 1633 910 credentes
1652 890 1719 910 con-

89 915 295 952 διαφευξήμεθα
309 918 403 954 δίκην;
421 918 476 957 ἄρα
489 922 543 956 γὰρ
554 921 592 954 ὡς
611 923 754 959 ἄνθρωπον
767 925 881 952 καταδε-

91 961 218 996 ξάμενοι,
229 963 276 990 καὶ
290 964 384 1000 ἕτερον
398 966 474 1002 παρὰ
486 965 565 994 τοῦτο
572 967 665 1002 οὺδέν;
680 967 747 996 Εἶτα
757 969 816 1002 πῶς
830 971 881 998 οὐκ

89 1007 231 1045 ἀνθρώπῳ
243 1009 436 1047 λατρεύσομεν.
455 1013 524 1040 Ἀλλ’
533 1013 572 1046 ὡς
583 1015 623 1046 είς
634 1014 711 1042 Θεόν·
728 1016 807 1043 τοῦτο
827 1017 880 1052 γὰρ

89 1055 203 1091 ἀληθές.
218 1057 266 1089 Τίς
281 1057 328 1086 οὖν
344 1059 358 1086 6
369 1059 452 1094 φάναι
463 1061 569 1096 τολμῶν
582 1062 633 1089 οὐκ
645 1060 713 1090 εἶναι
729 1063 799 1091 κατὰ
815 1064 881 1100 ἁλή-

89 1100 169 1128 οειαν
182 1101 257 1136 Θεὸν,
271 1100 301 1130 οὗ
314 1103 488 1131 δεδικαίωκεν
500 1106 517 1141 ἡ
530 1105 621 1138 πίστις
633 1106 682 1142 τὴν
690 1106 736 1134 ὑπ’
746 1108 860 1144 οὐρανόν
872 1118 879 1142 ;

934 927 1116 955 demnationis
1126 927 1290 955 sententiam
1313 928 1478 956 evademus?
1500 928 1625 963 Nunquid
1645 927 1718 955 illum

935 971 987 999 ﬁde
1004 976 1033 998 ut
1051 971 1188 1000 hominem
1202 973 1407 1008 complectimur
1417 995 1425 1007 ,
1441 980 1491 1001 nec
1505 974 1651 1009 quidquam
1662 981 1720 1000 om-

933 1017 997 1045 nino
1013 1017 1064 1046 nisi
1090 1019 1237 1046 humanum
1262 1020 1294 1048 de
1319 1019 1365 1047 illo
1392 1020 1579 1055 concipimus?
1607 1022 1642 1048 At
1666 1028 1719 1055 quo

934 1069 1012 1098 pacto
1024 1064 1046 1091 si
1063 1064 1114 1092 hoc
1131 1065 1286 1097 fecerimus,
1299 1066 1419 1094 divinum
1434 1067 1537 1094 cultum
1553 1066 1654 1094 homini
1668 1066 1719 1093 im-

933 1110 1061 1145 pendisse
1075 1118 1128 1138 non
1145 1112 1308 1146 arguemur?
1324 1112 1426 1140 Fidene
1441 1119 1506 1147 ergo
1520 1112 1548 1140 in
1562 1112 1637 1140 illum
1652 1111 1717 1140 feri-

89 1156 154 1176 mur
171 1154 297 1185 tanquam
316 1152 341 1179 in
356 1152 549 1181 Deum?Sane.
570 1154 635 1187 Quis
671 1155 746 1182 illum
776 1163 851 1190 ergo,
865 1156 941 1191 cujus
958 1157 1027 1186 ﬁdes
1051 1163 1186 1187 terrarum
1210 1160 1305 1188 orbem
1343 1159 1490 1195 justiﬁeat,
1516 1166 1610 1188 verum
1634 1159 1718 1187 Deum

88 1203 153 1224 esse
168 1197 282 1225 inﬁciari
295 1200 412 1228 audeat?

130 1252 140 1270 ι
165 1242 256 1278 Ἔγνω
271 1242 318 1272 οὖν
339 1246 353 1273 6
367 1245 459 1282 πατὴρ
471 1246 512 1274 ὅτι
526 1247 556 1273 ὲν
576 1247 667 1283 ἐκείνῃ
682 1248 716 1284 τῇ
731 1248 802 1284 ὥρᾳ,
817 1249 847 1275 ὲν

87 1287 167 1316 εἶπεν
189 1289 282 1325 αὐτῷ·
305 1289 334 1317 '0
356 1291 414 1323 υἱός
440 1300 487 1318 σου
511 1291 563 1327 ζῇ·
585 1292 634 1319 καὶ
655 1293 816 1321 ἐπίστευσεν
840 1295 880 1326 είς

89 1334 173 1362 αὑτὸν
188 1334 279 1368 αὐτὸς,
300 1335 348 1363 καὶ
369 1337 386 1372 ὴ
410 1337 483 1364 οἰκία
499 1337 583 1365 αὐτοῦ
599 1337 658 1374 ὅλη.
680 1347 689 1365 ι
714 1339 877 1374 Ἀνέστησεν

88 1382 124 1407 ὲκ
137 1380 242 1416 νεκρῶν
257 1381 305 1408 τοῦ
317 1381 456 1417 βασιλικοῦ
469 1383 515 1410 τὸν
524 1383 581 1411 υἱὸν
592 1385 606 1411 6
620 1385 746 1420 Χριστὸς,
760 1385 879 1421 εἰρηκὼς

89 1424 182 1461 αὐτῷ·
200 1435 210 1452 ι
227 1426 357 1462 Πορεύου,
372 1428 387 1454 6
401 1427 458 1460 υἱός
471 1436 518 1456 σου
537 1428 582 1464 ζῇ.
602 1438 611 1455 ι
631 1428 698 1456 Εἶτα
713 1430 879 1458 πεπίστευκε

88 1470 210 1499 πανοικί.
227 1469 291 1507 Ἆρ’
307 1470 354 1499 οὖν
377 1473 422 1501 διὰ
444 1473 494 1509 τῆς
514 1474 585 1500 οὕτω
607 1475 728 1511 μεγάλης
745 1475 792 1503 καὶ
818 1476 877 1503 θεο-

968 1260 978 1277 ‹
996 1250 1129 1286 Cognovit
1142 1259 1207 1288 ergo
1221 1258 1299 1289 pater
1309 1252 1371 1288 quia
1387 1253 1432 1281 illa
1448 1253 1515 1280 hora
1532 1257 1593 1280 erat
1603 1273 1610 1286 ,
1626 1252 1654 1280 in
1665 1260 1718 1288 qua

930 1297 998 1326 dixit
1013 1299 1051 1326 illi
1066 1299 1144 1328 Jesus
1157 1309 1164 1328 :
1180 1300 1265 1328 Filius
1283 1305 1346 1329 tuus
1360 1301 1426 1329 vivit
1439 1310 1450 1330 ί
1464 1306 1491 1329 et
1512 1301 1626 1330 credidit
1649 1301 1717 1337 ipse.

930 1349 958 1373 et
978 1345 1074 1373 domus
1095 1346 1154 1380 ejus
1178 1351 1235 1375 tota
1248 1347 1282 1374 ⁷³.
1299 1356 1309 1373 ι
1339 1347 1460 1375 Revocat
1483 1347 1570 1383 reguli
1592 1347 1676 1374 ﬁlium
1703 1356 1716 1373 ει

930 1392 1026 1419 mortis
1037 1392 1170 1420 vestibulo
1177 1393 1311 1426 Christus,
1321 1393 1472 1428 aﬁatusque
1485 1397 1589 1429 patrem
1600 1392 1716 1425 :«Vade,

932 1438 1031 1473 inquit,
1049 1438 1121 1468 ﬁlius
1135 1444 1196 1467 tuus
1212 1440 1288 1468 vivit.
1305 1449 1314 1466 ι
1331 1440 1453 1468 Credidit
1471 1447 1535 1467 mox
1550 1439 1605 1473 ille,
1620 1444 1648 1467 et
1662 1445 1716 1468 tota

932 1485 1034 1512 familia
1049 1492 1112 1512 cum
1135 1485 1191 1513 illo.
1212 1486 1265 1514 Sed
1285 1486 1404 1522 nunquid
1423 1487 1458 1514 ob
1480 1487 1612 1522 insignem
1636 1487 1716 1518 hanc.

90 1518 214 1554 πρεποῦς
238 1519 360 1552 ἐξουσίας
375 1520 414 1552 ὡς
429 1521 469 1552 εἰς
491 1520 635 1556 ἄνθρωπον
659 1521 842 1549 πεπίστευκεν
864 1523 877 1549 6

966 1539 1052 1566 eoque
1067 1531 1186 1559 divinam
1201 1518 1357 1567 potentiain'
1366 1532 1474 1568 regulus
1489 1533 1516 1560 in
1533 1518 1608 1560 illum
1626 1533 1716 1560 credi-

91 1564 246 1598 βασιλικός;
263 1564 280 1600 ἢ
296 1565 363 1592 Θεὸν
377 1565 447 1600 ἔγνω
464 1566 535 1593 κατὰ
550 1566 631 1601 φύσιν
647 1567 711 1594 ὄντα
727 1567 817 1600 αὑτὸν,
832 1569 879 1595 καὶ

90 1610 275 1641 ζωοποιοῦντα
293 1611 353 1647 μετ’
368 1611 491 1644 ἐξουσίας
509 1612 557 1644 οὓς
573 1613 607 1640 ἂν
623 1613 710 1640 ἕλοιτο
733 1614 780 1640 καὶ
806 1615 879 1650 μόνῳ

93 1657 213 1692 (lima-rt;
238 1657 307 1684 Ἀλλ’
323 1657 382 1685 ἐστι
399 1658 478 1694 δῆλον
492 1658 533 1685 ὅτι
556 1659 738 1686 πεπίστευκεν
755 1659 793 1692 ὡς
808 1659 878 1696 Θεῷ.

132 1818 143 1836 ι
169 1809 266 1845 Ἀμὴν,
292 1810 366 1847 ἀμὴν
383 1811 456 1846 λέγω
481 1812 555 1848 ὑμῖν,
572 1812 613 1840 ὅτι
635 1813 650 1840 6
668 1814 714 1841 τὸν
735 1815 813 1849 λόγον
828 1824 879 1851 μου

92 1855 207 1888 ἀκούων,
227 1856 274 1883 καὶ
289 1857 426 1884 πιστεύων
448 1857 488 1894 τῷ
503 1859 643 1894 πέμψαντί
660 1869 706 1896 με,
727 1861 785 1896 ἔχει
806 1862 880 1897 ζωὴν

92 1901 208 1928 αἰώνιον.
227 1912 236 1927 ι
261 1903 408 1940 Πέπομφεν
433 1905 500 1940 ἡμῖν
516 1905 546 1938 ἐξ
564 1906 687 1942 οὐρανῶν
710 1907 726 1934 6
750 1908 817 1941 Θεὸς
832 1910 879 1936 καὶ

92 1948 186 1984 Πατὴρ
199 1948 244 1976 τὸν
259 1950 325 1976 ἴδιον
342 1950 431 1982 Υίὸν,‹
445 1952 489 1979 ἴνα
504 1953 559 1984 πᾶς
572 1954 586 1980 6
601 1954 737 1981 πιστεύων
745 1955 785 1987 είς
797 1955 879 1982 αὐτὸν

94 1994 131 2029 μὴ
146 1994 289 2030 ἀπόληται,
311 1995 369 2022 ἀλλ’
382 1995 430 2032 ἔχῃ
443 1997 516 2033 ζωὴν
530 1997 651 2026 αἰώνιον.
678 2008 687 2024 ι
704 1998 767 2031 Πῶς
783 1997 830 2026 οῦν
850 2000 879 2026 ἐν

92 2040 193 2073 τούτοις
209 2042 286 2077 φησὶ,
301 2042 373 2077 ζωὴν
388 2042 496 2070 αἰώνιον
512 2043 586 2079 ἔχειν
599 2044 646 2071 τὸν
661 2045 823 2072 πιστεύοντα
840 2045 879 2081 τῷ

93 2085 228 2120 πέμψαντι
243 2086 340 2120 αύτόν;
358 2088 404 2128 iii;
420 2088 480 2115 τίνα
496 2088 588 2117 λοιπὸν
601 2090 618 2126 ὴ
633 2089 741 2124 πίστις;
756 2088 812 2127 ἆρα
840 2091 878 2122 ὡς

92 2131 132 2162 εἷς
145 2130 189 2157 δύο
201 2131 289 2166 θεοὺς,
304 2132 350 2159 τὸν
364 2133 474 2169 Πατέρα
495 2135 543 2161 καὶ
553 2134 598 2162 τὸν
609 2134 689 2169 Υίόν;
701 2135 748 2171 Μὴ
761 2135 876 2170 γένοιτο·

95 2177 151 2204 ἀλλ’
164 2177 200 2209 ὡς
224 2178 265 2209 εἰς
291 2177 339 2205 ’ἐνα
351 2178 419 2206 Θεὸν
443 2180 489 2207 καὶ
506 2180 642 2216 ἀληθινόν.
667 2181 772 2208 Οὐκοῦν
786 2183 815 2209 εἴ
834 2191 877 2214 τις

91 2223 258 2250 πιστεύσειεν
272 2224 311 2255 εἰς
325 2224 454 2261 Χριστὸν,
470 2225 653 2252 πεπίστευκεν
669 2227 709 2258 είς
723 2226 790 2253 Θεόν
800 2234 806 2241 ’
823 2227 875 2253 κᾶν
893 2216 915 2244 D

92 2269 116 2296 εί
131 2268 299 2295 πιστεύσειεν
311 2270 350 2300 είς
370 2269 436 2296 Θεὸν
451 2270 572 2306 Πατέρα,
597 2271 787 2303 πεπιστευκὼς
799 2271 874 2300 ἔσται

92 2315 138 2342 καὶ
151 2315 189 2347 είς
205 2315 251 2342 τὸν
267 2316 315 2343 ἕνα
331 2316 433 2352 Κύριον
455 2316 559 2352 Ἰησοῦν
574 2317 620 2344 τὸν
635 2318 764 2353 Χριστόν.

129 2428 139 2446 ι
163 2419 311 2455 ’Δπεκρίθη
333 2420 349 2447 6
369 2420 482 2456 Ἰησοῦς,
503 2420 552 2448 καὶ
570 2418 648 2447 εἶπεν
665 2420 768 2453 αὐτοῖς·
786 2421 873 2448 Τοῦτό

92 2464 148 2493 ἐστι
161 2464 190 2492 τὸ
207 2464 289 2501 ἔργον
304 2464 352 2492 τοῦ
366 2465 445 2498 Θεοῦ,
459 2466 503 2493 ἵνα
532 2465 697 2501 πιστεύσητε
714 2467 754 2498 εἰς
769 2466 799 2493 ὃν
820 2467 873 2494 ἀπ-

94 2510 206 2538 ἔστειλεν
218 2511 334 2543 ἐκεῖνος.
350 2520 360 2536 ι
373 2511 406 2538 Ei
419 2511 451 2538 τὸ
463 2511 503 2547 τῷ
514 2511 574 2547 Θεῷ
586 2511 681 2539 δοκοῦν
694 2512 872 2548 ἐπιτελοῦμεν

94 2556 259 2589 πιστεύοντες
280 2557 321 2589 είς
345 2557 462 2594 Χριστὸν
487 2558 580 2593 (αὑτὸν
609 2559 663 2593 γὰρ
691 2558 799 2594 ἀληθῶς
819 2560 872 2586 ὰπ-

94 2602 204 2629 ἐστειλεν
212 2603 226 2629 6
236 2603 332 2639 Πατὴρ
346 2604 387 2637 είς
397 2604 443 2631 τὸν
457 2605 570 2640 κόσμον,
582 2605 627 2632 ὅτε
641 2606 751 2641 γέγονεν
767 2606 872 2642 ἄνθρω-

95 2657 140 2680 πος
153 2648 212 2675 καθ’
225 2649 323 2684 ἡμᾶς),
339 2649 398 2681 πῶς
413 2651 465 2677 οὐκ
486 2650 520 2678 ἂν
536 2651 579 2686 εῐη
597 2651 664 2683 Θεὸς
675 2651 815 2687 ἀληθινὸς;
833 2653 870 2680 Οὐ

95 2696 145 2731 γὰρ
159 2695 192 2722 ἂν
210 2693 244 2732 ἧν
264 2695 344 2731 ἔργον
356 2696 424 2724 Θεοῦ
439 2697 470 2723 τὸ
486 2697 624 2725 πιστεύειν
645 2699 685 2730 είς
699 2698 790 2726 αὐτόν.

131 2763 139 2779 ι
164 2752 267 2788 Ἰησοῦς
280 2753 309 2779 δὲ
325 2752 435 2788 ἓκραξε,
455 2753 502 2780 καὶ
515 2753 608 2780 εἶπεν·
632 2754 661 2781 Ὁ
676 2754 810 2782 πιστεύων
830 2756 871 2786 είς

97 2799 150 2833 ἐμὲ,
162 2799 190 2825 οὐ
203 2798 325 2825 πιστεύει
338 2799 377 2830 εἰς
390 2799 452 2834 ἐμὲ,
469 2799 537 2826 ἀλλὰ
551 2801 591 2832 είς
604 2800 649 2827 τὸν
666 2800 811 2836 πέμψαντὰ
823 2810 867 2837 με.

128 2888 147 2904 "
161 2888 237 2916 Jaon.
253 2897 282 2923 ιι,
294 2889 338 2916 25.
360 2889 469 2917 "Joan.
484 2897 526 2922 ut,
547 2889 588 2924 l7,
607 2889 648 2917 18.
669 2890 691 2906 ⁷³
706 2889 783 2917 Joan.
797 2897 834 2923 IV,
850 2888 896 2917 53.

932 1577 971 1604 dit
982 1582 1110 1612 tanquam
1133 1578 1160 1605 in
1184 1578 1338 1606 hominem?
1354 1586 1388 1606 an
1409 1586 1474 1607 vero
1495 1587 1588 1607 verum
1606 1583 1716 1607 natura-

929 1623 1036 1659 lemque
1048 1624 1130 1652 Deum
1145 1631 1206 1652 esse
1231 1625 1350 1660 agnovit,
1362 1625 1408 1660 qui
1424 1625 1462 1652 uti
1485 1625 1615 1653 Dominus
1636 1632 1717 1660 quos-

929 1676 1036 1703 cunque
1055 1669 1108 1696 sibi
1128 1669 1214 1697 visum
1226 1673 1308 1703 esset,
1319 1669 1360 1697 vel
1374 1669 1432 1697 seio
1447 1670 1530 1698 verbo
1555 1670 1717 1697 vitae-resti-

930 1720 1006 1743 tuere
1021 1715 1134 1750 posset?
1149 1715 1201 1743 Sed
1216 1715 1361 1743 obscurum
1380 1723 1434 1744 non
1447 1721 1489 1744 est
1507 1717 1576 1744 haud
1592 1715 1672 1742 aliter
1688 1716 1715 1742 in

929 1769 990 1789 eum
1003 1761 1163 1794 credidisse,
1179 1769 1261 1796 quam
1277 1762 1304 1788 in
1317 1769 1411 1789 verum
1430 1762 1525 1790 Deum.

968 1827 978 1843 θ
997 1818 1093 1852 Amen,
1106 1826 1184 1846 amen
1198 1819 1258 1846 dico
1274 1819 1360 1852 vobis,
1369 1819 1433 1854 quia
1443 1819 1488 1853 qui
1500 1819 1611 1847 verbum
1624 1827 1714 1846 meum

929 1865 1015 1897 audit,
1031 1871 1059 1892 et
1071 1865 1161 1892 credit
1176 1865 1200 1892 ei
1213 1865 1258 1899 qui
1276 1865 1350 1892 misit
1362 1872 1415 1899 me,
1429 1865 1510 1893 habet
1529 1865 1612 1893 vitam
1632 1870 1711 1892 teter-

929 1919 990 1938 nam
1004 1910 1077 1938 7U“.
1095 1920 1104 1936 ι
1120 1909 1191 1937 Deus
1200 1910 1280 1938 Pater
1297 1910 1393 1938 Filium
1411 1918 1489 1938 suum
1503 1911 1576 1938 misit
1590 1911 1668 1939 nobis
1681 1912 1714 1939 de

928 1957 1015 1990 coclis,
1034 1966 1044 1982 ι
1064 1962 1094 1984 ιιι
1107 1957 1196 1983 omnis
1210 1956 1256 1991 qui
1269 1956 1355 1983 credit
1372 1957 1398 1983 in
1423 1956 1509 1988 illiilli,
1534 1965 1587 1984 non
1610 1963 1712 1991 pereat.

928 2004 976 2030 sed
989 2003 1087 2030 habeat
1102 2003 1183 2030 vitam
1197 2007 1326 2030 aeternam
1339 2003 1373 2030 ".
1391 2012 1401 2029 ι
1416 2002 1470 2030 Cur
1481 2003 1525 2031 hic
1539 2011 1603 2037 ergo
1613 2008 1713 2031 αξιοι-ιω

927 2050 982 2077 vita
997 2050 1031 2077 iis
1048 2049 1224 2084 promittitur,
1237 2049 1282 2084 qui
1300 2049 1413 2076 credunt
1425 2049 1455 2090 ,εἰ
1478 2049 1524 2084 qui
1546 2049 1659 2078 miserat
1679 2050 1712 2077 il-

927 2095 1005 2122 lum?
1027 2095 1055 2122 lu
1073 2102 1153 2130 quem
1174 2095 1282 2122 tandem
1305 2093 1392 2121 fertur
1418 2093 1503 2121 ﬁdes?
1528 2094 1654 2130 Nunquid
1684 2095 1711 2122 in

926 2140 1034 2168 Patrem
1049 2145 1077 2167 et
1091 2139 1229 2167 Christum
1246 2144 1374 2174 tanquam
1391 2139 1417 2166 in
1433 2139 1500 2166 duos
1522 2140 1608 2168 deos?
1622 2140 1711 2168 Absit.

927 2186 1069 2214 Credimus
1086 2186 1159 2213 enim
1179 2190 1306 2220 tanquam
1334 2185 1360 2212 in
1383 2192 1466 2212 unum
1495 2192 1589 2212 verum
1614 2184 1710 2214 Deum.

928 2230 1108 2265 Quamobrem
1124 2231 1148 2258 si
1162 2231 1222 2265 quis
1237 2230 1324 2258 credit
1337 2230 1363 2256 in
1378 2229 1527 2261 Christum.
1544 2231 1630 2258 credit
1641 2230 1711 2258 idem

927 2279 954 2306 in
971 2278 1055 2306 Deum
1066 2277 1173 2304 Patrem
1189 2284 1296 2312 quoque
1312 2285 1319 2304 :
1335 2281 1361 2303 et
1375 2280 1479 2310 contra,
1491 2277 1513 2304 si
1529 2276 1573 2312 qui
1589 2277 1615 2304 in
1627 2276 1709 2304 Deum

926 2323 1032 2351 Patrem
1051 2323 1182 2355 credunt,
1202 2322 1282 2350 iidem
1302 2326 1329 2349 et
1353 2322 1380 2349 in
1400 2329 1482 2349 unum
1502 2321 1645 2349 Dominum
1661 2329 1710 2349 no-

927 2375 1012 2397 strum
1027 2369 1117 2397 Jesum
1133 2369 1267 2396 Christum
1283 2376 1391 2404 quoque
1406 2368 1533 2396 credunt.

963 2435 973 2453 ι
993 2426 1143 2460 Respondit
1160 2425 1249 2458 Jesus,
1273 2430 1300 2453 et
1316 2426 1384 2453 dixit
1405 2425 1481 2453 illis:
1503 2424 1561 2453 Hoc
1582 2429 1624 2454 est
1641 2433 1709 2461 opus

924 2473 985 2504 Dei,
1004 2478 1033 2499 ut
1045 2471 1163 2500 credatis
1180 2471 1207 2498 in
1219 2479 1280 2499 eum
1293 2478 1373 2506 quem
1387 2471 1461 2497 misit
1483 2470 1527 2498 ille
1540 2470 1574 2500 ".
1593 2480 1603 2497 ι
1619 2470 1648 2498 Si
1662 2471 1708 2498 Dei

923 2518 1091 2546 voluntatem
1103 2517 1258 2552 perﬁcimus
1280 2524 1341 2544 cum
1368 2516 1395 2543 in
1417 2516 1553 2544 Christum
1571 2516 1708 2544 credimus

924 2565 1007 2600 (hunc
1024 2564 1096 2591 enim
1115 2563 1196 2590 Pater
1215 2569 1279 2590 vere
1303 2562 1377 2589 misit
1396 2562 1423 2589 in
1443 2562 1583 2596 mundum,
1601 2562 1709 2596 quando

923 2610 1008 2638 nostri
1017 2609 1114 2637 similis
1125 2609 1212 2637 factus
1220 2613 1261 2636 est
1273 2608 1375 2644 homo),
1385 2607 1520 2643 quomodo
1531 2615 1584 2635 non
1593 2611 1635 2635 est
1644 2615 1708 2635 vere

925 2655 1019 2684 Deus?
1034 2654 1126 2690 Neque
1140 2655 1212 2683 enim
1227 2661 1294 2689 opus
1309 2654 1356 2681 Dei
1373 2658 1446 2682 esset
1459 2653 1570 2681 credere
1589 2653 1617 2681 in
1634 2661 1706 2682 eum.

959 2755 1038 2790 127
1055 2763 1064 2780 ι
1075 2753 1153 2782 Jesus
1162 2759 1250 2781 autem
1264 2754 1400 2787 ciamavit,
1417 2759 1443 2781 ct
1456 2753 1524 2783 dixit
1538 2754 1606 2787 :Qui
1620 2754 1706 2781 credit

920 2809 950 2833 ιιι
961 2809 1016 2834 me,
1029 2809 1083 2828 non
1099 2801 1185 2828 credit
1199 2801 1226 2828 in
1243 2809 1296 2834 me,
1312 2801 1357 2828 sed
1374 2802 1400 2827 in
1418 2808 1479 2827 eum
1502 2801 1548 2835 qui
1563 2800 1636 2827 misit
1652 2806 1702 2826 Ine.

923 2889 986 2910 "-"
1000 2889 1078 2917 Joau.
1092 2898 1117 2922 ν,
1129 2888 1173 2916 94.
1205 2888 1226 2904 "
1240 2888 1315 2916 Joan.
1335 2896 1374 2921 ιιι,
1395 2889 1434 2916 ιθ.
1464 2888 1578 2916 "Joan.
1600 2894 1637 2920 vt,
1657 2884 1702 2912 29.
