1872 3057
80 131 177 161 {537

511 135 556 163 AD
575 135 725 164 REGINAS
745 135 788 164 DE
808 136 923 164 REC'I‘A
944 136 1021 165 FIDE
1041 136 1170 166 ORATIO
1190 138 1340 167 ALTERA.

1670 141 1740 168 1553

80 196 101 221 ὁ
128 194 386 229 εὐαγγελιζόμενος
408 194 603 230 Ἰερουσαλήμ·
625 195 763 229 ὐψώσατε,
787 195 824 231 μὴ
849 205 883 230 φο

987 196 1118 232 tngelizas
1131 197 1195 224 Sion
1210 207 1217 230 ;
1235 198 1322 225 exulta
1337 198 1362 224 in
1379 196 1538 226 fortitudine
1553 207 1645 234 vocem
1663 205 1736 226 tuam

84 240 212 267 δεῖσθε,
237 250 246 266 ι
263 241 370 276 Χρῆναι
383 240 438 276 γὰρ
450 240 538 274 ἔγωγέ
554 250 626 277 φημι
639 242 702 273 τοὺς
715 242 900 276 τεταγμένους

86 286 140 318 εἰς
173 285 345 322 ἱερουργίαν,
361 286 408 312 καὶ
428 286 459 312 τὸ
482 286 529 312 τοῦ
546 287 653 313 πάντων
677 287 756 322 ἡμῶν
774 287 899 322 Σωτῆρος

87 331 230 366 Χριστοῦ
263 331 410 363 λαλοῦντας
434 332 600 367 μυστήριον,
622 333 653 359 οὐ
681 333 899 368 κατερῤιμμένον

88 378 179 414 ἔχειν
198 378 246 405 καὶ
261 378 447 414 χαμαιρῤιφὲς
463 378 493 404 τὸ
510 379 646 413 φρόνημα,
663 379 711 405 καὶ
729 379 801 414 ὄκνῳ
815 378 899 406 νικώ-

93 433 202 459 μενον,
227 425 274 451 καὶ
298 424 412 456 δειλίαις
438 425 670 459 συνεσταλμένον·
686 425 742 451 ἀλλ’
755 424 824 459 ὑψοῦ
849 426 899 460 μὲν

91 467 203 505 ὥσπερ
218 468 247 496 εὖ
262 469 395 505 βεϐηκότα
409 469 456 496 τὸν
475 469 548 503 νοῦν,
566 470 613 496 καὶ
623 470 704 497 οἱονεί
724 479 783 501 πως
794 471 823 496 ὲν
839 471 898 505 opai

93 517 246 552 κείμενον,
267 515 339 543 οὕτω
357 525 387 543 τε
411 516 466 543 τῶν
490 517 538 552 τῆς
561 516 690 552 ἀληθείας
710 516 854 552 δογμάτων
868 517 898 542 τὸ

94 563 246 599 ἐξαίρετον
263 562 360 594 κάλλος
378 562 536 598 περιαθρεῖν
554 562 749 594 σπουδάζοντα·
761 562 898 590 ποιεῖσθαι

95 609 131 635 δὲ
154 610 281 640 καὶτοὺς
302 609 398 643 λόγους
422 609 451 635 ὲν
464 609 614 644 παρρησίᾳ,
630 609 683 635 κᾶν
706 609 732 635 εἴ
754 617 826 640 τινες
843 605 897 635 εἷεν

96 656 126 681 οἱ
157 655 419 691 μυσταγωγούμενοι
445 655 558 690 σκληροὶ
581 655 627 682 καὶ
652 656 824 689 δυσάγωγοι,
849 656 898 682 καὶ

96 698 161 727 οἷον
179 700 258 726 ἵπποι
271 700 345 731 τινες
360 699 496 734 ἀγέρωχοι
519 700 566 726 καὶ
580 700 692 734 ὲξήνιοι,
711 700 775 735 περὶ
788 697 825 727 ὧν
844 710 896 727 που

98 745 153 772 καὶ
178 745 259 777 αὑτός
277 753 359 780 φησιν
383 746 397 771 ὁ
422 745 557 781 μακάριος
583 745 664 772 Δαυῖδ
688 747 756 781 πρὸς
779 747 825 773 τὸν
843 747 897 773 τῶν

97 791 174 817 ὅλων
191 790 257 817 Θεόν
267 798 274 805 ·
294 800 303 816 ι
330 791 374 817 Ἐν
389 791 489 826 χαλινῷ
504 791 552 817 καὶ
564 791 592 817 ἐν
608 792 689 827 κημῷ
705 793 755 824 τὰς
769 793 896 826 σιαγόνας

98 837 198 863 αὐτῶν
210 836 317 870 ἄγξαις,
335 836 390 863 τῶν
410 837 447 872 μὴ
466 837 629 871 ἐγγιζόντων
650 837 718 873 πρὸς
733 838 773 864 σέ.
794 847 804 864 ›
822 838 854 864 Εἰ
866 838 895 864 δὲ

951 242 997 276 qui
1024 243 1194 277 evangelizas
1220 243 1393 270 Jerusalem:
1423 244 1561 277 exaltate,
1592 245 1674 272 nolite
1703 246 1738 272 ti-

951 295 1024 315 mere
1044 288 1078 314 “.
1108 297 1117 313 ι
1146 288 1252 315 Etenim
1282 289 1329 324 qui
1357 289 1383 316 in
1416 291 1586 317 sacerdotum
1615 291 1738 318 ordinem

950 334 1039 366 asciti,
1051 342 1111 361 eam
1128 335 1216 362 sortiti
1234 340 1297 362 sunt
1320 336 1497 371 provinciam,
1512 342 1541 363 ut
1562 336 1660 364 Christi
1678 345 1738 364 om-

949 381 1023 408 nium
1039 385 1162 408 nostrum
1179 381 1329 408 Salvatoris
1358 383 1487 417 mysteria
1512 383 1664 410 edisseram
1689 391 1737 417 po-

947 426 1065 462 puloque
1086 431 1250 461 proponant,
1269 427 1306 454 illi
1332 435 1440 455 sensum
1470 436 1640 463 nequaquam
1662 428 1736 463 alije-

948 476 1032 504 ctum,
1050 472 1161 499 humive
1179 477 1332 507 repentem,
1356 477 1404 499 aut
1427 473 1533 508 ignavia
1550 474 1666 507 vietum,
1691 478 1738 500 aut

947 521 1020 550 metu
1038 517 1154 545 fractum
1172 517 1296 545 obtinere
1310 518 1409 546 debent
1425 527 1432 545 :
1456 519 1503 546 sed
1527 518 1644 546 sublime
1666 519 1738 546 velut

948 564 1128 596 incedentem,
1144 569 1172 592 et
1185 564 1263 599 quasi
1279 565 1304 591 in
1321 569 1413 592 monte
1428 565 1588 592 collocatum
1602 573 1609 597 ;
1631 572 1684 599 quo
1699 565 1739 591 ni-

947 610 1045 636 mirum
1059 610 1092 637 ad
1117 617 1179 637 eum
1198 611 1307 638 modum
1329 611 1493 645 comparati,
1515 611 1641 639 eximiam
1664 612 1736 638 illam

946 663 1072 682 verorum
1090 655 1244 691 dogmatum
1260 660 1432 684 venustatem
1451 657 1544 683 rimari
1563 664 1594 684 ac
1609 657 1737 691 introspi-

947 709 1021 734 cere,
1037 703 1174 737 verbaque
1191 703 1324 738 intrepide
1339 703 1429 731 facere
1448 703 1573 735 valeant;
1590 708 1736 737 quantum-

947 749 988 776 vis
1001 755 1034 776 ex
1050 749 1083 776 iis
1105 749 1149 783 qui
1173 749 1259 777 sacris
1281 749 1478 782 informantur,
1505 749 1625 776 nonnulli
1650 749 1737 775 instar

946 801 1077 828 equorum
1096 793 1287 827 insolentium,
1311 794 1356 826 qui
1375 794 1506 821 infrenari
1528 801 1580 820 non
1605 797 1734 827 possunt,

947 840 1029 867 duros
1043 845 1069 867 et
1085 840 1268 867 intractabilcs
1283 847 1313 867 se
1331 841 1487 875 praebeant:
1504 839 1537 867 de
1553 840 1650 874 quibus
1671 839 1736 865 bea-

99 884 154 910 καὶ
186 885 241 915 τοῖς
268 883 354 915 οὕτως
380 883 473 918 ἔχουσι
499 884 597 919 φρενὸς
626 884 805 919 προσϐάλλειν
829 885 884 911 ἀνα-

987 886 1084 913 θοονὶά
1099 893 1233 913 summum
1252 874 1438 913 illumirerum
1461 886 1581 913 omnium
1604 885 1734 919 Opiﬁcem

100 931 214 963 γκαῖον,
229 929 287 960 πῶς
297 929 348 955 οὐκ
364 929 397 956 ἂν
409 929 513 963 γένοιτο
523 929 577 956 τῶν
592 929 662 964 ἄγαν
678 931 893 966 σφαλερωτάτων

99 977 134 1002 τὸ
149 976 257 1002 ἑλέσθαι
270 975 360 1011 σιγὴν,
374 976 422 1002 καὶ
437 975 474 1011 μὴ
485 977 546 1008 ταῖς
559 976 700 1003 εὐσεϐέσιν
711 977 787 1011 ὑμῶν
798 978 894 1009 ἀκοαῖς

102 1022 206 1048 ἐνιέναι
221 1021 394 1054 πλειστάκις,
409 1022 535 1058 καθάπερ
546 1031 571 1049 τι
583 1023 658 1058 νᾶμα
669 1023 754 1057 γλυκὺ
765 1024 812 1050 καὶ
826 1024 894 1056 ζωο-

104 1068 194 1099 ποιδν,
207 1067 259 1093 τῶν
272 1067 352 1102 ἱερῶν
366 1067 542 1102 Γραμμάτων
554 1067 603 1103 τὴν
619 1068 730 1102 γνῶσιν,
745 1069 813 1105 ὅπερ
827 1070 894 1105 ἡμῖν

102 1114 152 1140 καὶ
187 1113 270 1140 πάλαι
305 1113 372 1146 Θεὸς
410 1114 581 1148 ὑπισχνεῖτο,
608 1114 695 1148 λέγων
725 1114 769 1141 διὰ
803 1115 893 1150 φωνῆς

109 1161 221 1188 Ἡσαΐου
233 1168 240 1175 ·
259 1169 268 1186 ‹
287 1161 342 1187 Καὶ
353 1160 503 1196 ἀντλήσατε
521 1160 591 1196 ὕδωρ
606 1160 665 1195 μετ’
678 1160 848 1197 εὐφροσύνης
861 1162 894 1188 ἐκ

102 1207 158 1233 τῶν
185 1206 281 1241 τπιγῶν
294 1206 341 1232 τοῦ
373 1206 524 1241 Σωτηρίου.
546 1216 555 1231 ι
583 1207 734 1240 Σωτηρίου
751 1207 779 1233 δὲ
794 1207 893 1242 πηγὰς

103 1250 175 1280 εἶναι
191 1261 281 1288 φαμεν
296 1254 358 1285 τοὺς
373 1253 469 1287 ἁγίους
490 1254 643 1288 προφήτας,
656 1253 852 1287 εὐαγγελιστάς
863 1263 893 1280 τε

103 1300 152 1326 καὶ
173 1299 347 1331 ἀποστόλους,
365 1299 389 1325 οἳ
404 1299 448 1325 τὸν
463 1298 568 1325 ἄνωθεν
583 1299 631 1325 καὶ
655 1299 683 1331 ἐξ
704 1298 821 1334 οὐρανοῦ
846 1299 893 1326 καὶ

105 1346 239 1380 σωτήριον
254 1345 294 1380 τῷ
310 1345 405 1380 κόσμῳ
420 1344 533 1380 βρύουσι
548 1344 636 1378 λόγον,
653 1345 834 1380 χορηγοῦντος
845 1345 892 1371 αὐ-

103 1392 161 1423 τοῖς
176 1391 223 1417 τοῦ
245 1391 324 1425 ἁγίου
348 1390 517 1426 Πνεύματος,
535 1389 644 1416 ἅπασάν
660 1398 690 1416 τε
704 1390 775 1416 οὕτω
792 1399 891 1417 κατευ-

105 1437 246 1472 φραίνουσι
261 1436 312 1472 τὴν
322 1436 368 1463 ὑπ’
382 1436 507 1471 οὐρανόν.
524 1436 592 1471 Φέρε
609 1436 709 1468 τοίνυν,
726 1437 765 1468 εὶς
777 1436 811 1463 τὰ
822 1437 892 1472 βάθη

105 1483 159 1510 τῶν
183 1483 248 1518 παρ’
267 1482 351 1509 αὐτοῦ
376 1482 486 1509 ἐννοιῶν
511 1481 651 1514 καθιέντες
674 1482 720 1508 τὸν
745 1482 818 1515 νοῦν⁷
842 1483 892 1518 τῆς

104 1527 230 1576 ἀληθείας
246 1528 296 1563 τὴν
313 1527 422 1564 εὕρεσιν
443 1528 547 1554 ἐκεῖθεν
564 1527 751 1562 ἀντλήσωμεν.
775 1528 891 1563 Γηπόνοι
902 1547 927 1576 C

105 1574 155 1608 μὲν
169 1571 214 1600 οῦν
233 1572 264 1605 ἐξ
278 1572 372 1608 ἀγρῶν
392 1572 427 1599 τὰ
443 1573 613 1608 εὐοσμότατα
630 1572 684 1599 τῶν
699 1573 803 1600 ἀνθέων
819 1574 891 1600 κατὰ
911 1571 934 1587 ’³

104 1620 214 1655 καιροὺς
229 1619 436 1654 άποκείραντες,
453 1616 514 1646 εἶτα
525 1618 612 1651 ταῦτα
623 1618 752 1654 ταλάροις
768 1619 890 1652 ἐνθέντες

104 1664 269 1700 ἀποφέρουσι
281 1666 338 1697 τοῖς
357 1665 501 1696 δεσπόταις
512 1674 519 1680 ·
533 1665 558 1691 οἱ
577 1666 605 1692 δὲ
621 1666 669 1693 καὶ
684 1666 744 1692 λίαν
765 1667 890 1701 ἀσμένως

105 1710 257 1746 προσίενταί
271 1719 311 1743 τε,
324 1710 371 1737 καὶ
381 1711 436 1742 τοῖς
448 1710 478 1744 ἐξ
488 1709 568 1745 ὡρῶν
580 1711 784 1745 ὲπιγάννυνται.
793 1712 888 1747 Ἡμεῖς

104 1757 142 1789 δὲ,
153 1757 206 1784 ὅσοι
217 1757 247 1784 τὸ
260 1757 448 1784 διδασκαλικὸν
458 1758 555 1792 ἔχομεν
567 1758 747 1793 ἐπιτήδευμα,
760 1758 887 1795 καθάπερ

105 1804 135 1836 ἐξ
148 1803 230 1839 ἀγροῦ
244 1804 293 1839 τῆς
315 1803 495 1830 θεοπνεύστου
510 1803 632 1839 Γραφῆς,
654 1805 703 1831 οὐκ
719 1805 888 1840 εὑμάραντον

106 1852 166 1878 θέαν
179 1851 400 1887 προσκομίζομεν
416 1851 530 1883 ἀνθέων,
555 1850 651 1884 λόγους
676 1851 705 1877 δὲ
729 1851 829 1886 μᾶλλον
842 1852 889 1878 καὶ

107 1897 298 1933 μυσταγωγίαν
320 1898 369 1933 τὴν
395 1897 439 1924 διὰ
462 1897 510 1923 τοῦ
536 1897 702 1932 Πνεῦμα-τος,
734 1898 889 1933 ἀμάραντον

107 1945 215 1980 ἔχουσαν
231 1945 280 1979 τῆς
298 1945 337 1976 εἰς
358 1944 477 1980 Χριστὸν
506 1943 648 1976 εὐσεὸεἱας
664 1945 694 1971 τὸ
717 1944 824 1976 κάλλος,
841 1945 887 1971 εὐ-

106 1992 268 2026 ωδιάξουσάν
282 2000 313 2018 τε
331 1992 378 2018 καὶ
393 1990 466 2026 μάλα
479 1990 612 2021 πλουσίως
635 1990 665 2016 τὸ
679 1989 761 2016 αὑτοῦ
783 1989 887 2024 μυστή-

108 2047 172 2074 ριον.
186 2039 342 2072 Γέγραπται
365 2037 431 2072 γὰρ,
441 2037 481 2063 ὅτι
492 2046 502 2062 ι
513 2035 630 2072 Χριστοῦ
644 2035 742 2062 εὐωδία
754 2034 837 2070 ὲσμὲν
848 2034 888 2069 τῷ

85 2110 88 2112 ν
106 2084 173 2113 Θεῶ.
185 2094 193 2110 ι

946 931 1132 966 interpellans,
1148 932 1185 958 ita
1200 931 1296 958 scribit
1310 939 1318 957 :
1336 940 1346 957 ι
1364 931 1392 958 1η
1408 939 1486 958 camo
1499 935 1527 958 et
1543 930 1620 958 freno
1637 931 1734 958 maxil-

945 977 985 1005 las
1011 985 1104 1005 eorum
1131 976 1304 1011 constringe,
1327 977 1374 1011 qui
1403 984 1455 1004 non
1484 977 1674 1011 approximant
1702 978 1733 1004 ait

944 1027 971 1050 te
985 1022 1017 1050 ".
1036 1032 1046 1048 ι
1064 1022 1141 1055 Quod
1157 1022 1179 1049 si
1194 1022 1238 1049 tali
1250 1022 1341 1049 animo
1356 1022 1475 1056 praeditis
1489 1021 1665 1049 nihilominus
1680 1022 1733 1048 vim

945 1069 1047 1096 inferre
1074 1073 1200 1103 oportet,
1230 1069 1365 1102 quomodo
1391 1068 1539 1095 absurdum
1570 1075 1622 1095 non
1652 1067 1734 1094 fuerit

944 1116 1014 1151 apud
1031 1123 1079 1143 vos
1095 1115 1193 1146 silere,
1217 1115 1323 1149 piisqne
1343 1115 1442 1142 vestris
1463 1114 1576 1142 auribus
1593 1121 1733 1141 sacrarum

944 1161 1110 1189 Litterarum
1127 1161 1262 1193 notitiam,
1279 1161 1362 1188 veluti
1379 1161 1485 1188 dulcem
1503 1160 1647 1195 quemdam
1666 1160 1734 1187 vivi-

944 1209 1080 1242 licumqne
1100 1207 1218 1239 laticem,
1235 1207 1305 1234 nolle
1331 1206 1451 1234 subinde
1478 1206 1631 1234 instillare?
1656 1205 1733 1238 Quod

943 1253 1051 1288 quidem
1068 1253 1138 1280 Deus
1152 1260 1200 1286 pcr
1221 1252 1298 1279 Isaiae
1319 1252 1458 1287 propheta:
1477 1259 1570 1278 vocem
1596 1250 1732 1285 quondam

943 1300 1060 1331 locutus,
1077 1298 1207 1334 ejusmodi
1221 1298 1312 1326 verbis
1327 1298 1406 1325 nobis
1421 1297 1556 1332 promittit
1570 1305 1577 1323 :
1595 1307 1604 1322 ι
1623 1296 1733 1323 Haurie—

944 1346 989 1377 tis,
1007 1345 1106 1379 inquit,
1125 1353 1185 1372 cum
1208 1345 1308 1380 gaudio
1330 1347 1416 1379 aquas
1437 1344 1470 1370 de
1495 1343 1614 1370 fontibus
1630 1341 1734 1369 Saluta-

944 1391 981 1418 ris
997 1391 1029 1416 “.
1048 1400 1057 1416 ›
1072 1389 1205 1417 Saluturis
1220 1395 1310 1417 autem
1327 1389 1414 1423 fontes
1435 1388 1602 1423 appellamus
1625 1393 1733 1415 Sanctus

943 1438 1099 1472 prophetas,
1124 1436 1306 1471 evangelistas
1323 1440 1350 1463 et
1365 1435 1503 1469 apostolos
1519 1444 1525 1462 :
1547 1435 1576 1462 hi
1595 1435 1667 1461 enim
1687 1441 1734 1461 sa-

943 1484 1022 1511 lutari
1046 1483 1207 1517 coelitusque
1233 1483 1330 1510 hausta
1361 1481 1484 1509 doctrina
1506 1480 1637 1508 mundum
1661 1480 1732 1507 hunc

944 1531 1070 1566 irrigant,
1097 1529 1201 1564 Spiritu
1230 1535 1324 1557 sancto
1351 1528 1460 1561 imbuti,
1491 1533 1632 1563 totumque
1661 1527 1732 1553 hunc

945 1577 1036 1602 orbem
1052 1575 1199 1602 lietilicant.
1224 1575 1253 1601 ln
1278 1575 1336 1607 ejus
1358 1574 1471 1609 proinde
1495 1573 1627 1608 profunda
1652 1580 1730 1599 sensa

946 1623 1044 1649 mentis
1063 1621 1157 1649 oculos
1181 1621 1377 1655 conjicientcs,
1406 1621 1527 1647 veritatis
1549 1619 1731 1646 inventionem:

944 1668 1006 1695 inde
1023 1668 1191 1695 hauriamus.
1208 1667 1439 1700 Quemadmodum
1455 1674 1520 1701 ergo
1536 1665 1662 1700 agricola:
1678 1665 1732 1691 fra-

943 1713 1130 1748 grantissimos
1147 1720 1270 1747 quosque
1285 1712 1365 1740 ﬂores
1382 1717 1533 1747 opportuno
1555 1716 1675 1746 tempore
1698 1718 1730 1737 ex

942 1760 1015 1794 agris
1037 1759 1204 1793 decerpunt,
1231 1759 1312 1793 129
1336 1759 1533 1793 decerptosquc
1560 1764 1593 1784 ac
1615 1757 1683 1785 scite
1705 1757 1731 1782 in

942 1805 1057 1833 calathis
1070 1806 1235 1840 compositos
1247 1805 1365 1832 dominis
1381 1805 1437 1831 suis
1457 1804 1590 1836 oﬂ'eruut;
1607 1811 1674 1838 quos
1694 1803 1730 1829 illi

944 1859 1005 1878 mox
1043 1850 1173 1878 benevole
1210 1855 1342 1886 gratoque
1378 1850 1470 1876 animo
1498 1849 1730 1884 complectuntur,

943 1897 1156 1932 eorumdemque
1169 1897 1268 1924 decore
1284 1905 1316 1924 ac
1331 1901 1472 1924 venustate
1484 1896 1596 1923 mirifice
1607 1895 1730 1922 alliciun-

944 1950 988 1970 ltll‘
1003 1951 1011 1974 ;
1029 1943 1065 1969 ita
1081 1950 1140 1974 nos.
1168 1943 1213 1976 qui
1236 1942 1349 1969 docendi
1373 1949 1472 1969 munus
1495 1941 1680 1976 suscepimus,
1697 1949 1730 1966 ex

942 1989 1030 2017 divina
1048 1989 1187 2023 Scriptura
1208 1988 1290 2016 veluti
1315 1996 1349 2016 ex
1374 1996 1439 2023 agro
1459 1988 1587 2023 quopiam
1609 1994 1662 2014 non
1685 1986 1732 2012 [lu-

941 2043 1004 2062 rum
1031 2035 1085 2062 cito
1107 2035 1335 2062 marcescentium
1360 2034 1485 2062 decorem
1511 2033 1661 2064 olferimus,
1684 2032 1731 2058 sed

941 2086 1095 2107 sermonum
1112 2079 1305 2113 doctrinaeque,
1323 2086 1383 2113 quae
1397 2086 1446 2113 per
1463 2079 1591 2112 Spiritum
1607 2082 1729 2105 sanctum

107 2131 209 2167 pietatis
231 2130 258 2157 in
282 2129 422 2157 Christum
447 2128 699 2156 immarcescibilem
730 2131 899 2154 venustatem
932 2126 1067 2158 continet,
1098 2133 1250 2160 magnaque
1283 2125 1417 2152 suavitate
1449 2129 1476 2152 et
1505 2125 1627 2152 ubertate
1660 2124 1730 2151 illius

107 2177 259 2213 mysterium
275 2175 379 2203 redolet
394 2174 584 2210 fragrantiam.
597 2173 734 2208 Scriptum
750 2177 790 2200 est
806 2172 878 2199 enim
894 2172 965 2205 quod
981 2180 990 2197 ι
1009 2171 1112 2198 Christi
1128 2173 1215 2197 bonus
1230 2171 1297 2197 odor
1312 2178 1405 2197 sumus
1421 2170 1473 2196 Deo
1486 2169 1519 2196 ⁸⁷.
1533 2179 1542 2194 ι

141 2225 175 2252 B'.
192 2225 326 2261 Πρόσειμι
342 2223 374 2259 δὴ
389 2220 435 2249 οὖν
449 2222 584 2253 ἀνατιθεὶς
598 2222 642 2248 τὸν
657 2221 735 2255 λόγον
752 2221 816 2255 ὑμῖν
829 2221 889 2252 ταῖς
905 2222 926 2248 ι]

108 2269 308 2301 εὐσεϐεστάταις
325 2268 512 2303 βασιλίσσαις’
529 2267 676 2301 πεποίηται
703 2266 731 2292 δέ
756 2274 800 2300 μοι
822 2265 887 2300 περὶ

107 2316 153 2351 τῆς
168 2316 248 2351 ὀρθῆς
266 2315 314 2342 καὶ
329 2315 481 2349 ἀμωμήτου
495 2313 624 2344 πίστεως.
640 2313 711 2347 ἥπερ
725 2312 759 2338 ἂν
780 2311 886 2344 γένοιτο

109 2364 168 2398 παρ’
188 2362 265 2397 ὑμῶν
284 2362 323 2392 εἰς
337 2361 383 2388 τὸν
404 2360 506 2395 Κύριον
531 2359 609 2395 ἡμῶν
631 2357 734 2393 Ἰησοῦν
755 2357 883 2392 Χριστόν.

110 2409 203 2445 Πρέπει
219 2407 273 2443 γὰρ
293 2408 357 2442 ὑμῖν
380 2406 412 2441 δὴ
428 2406 545 2441 μάλιστα
559 2406 619 2437 ταῖς
633 2404 720 2435 οῦτως
740 2403 827 2434 ὁσίαις
839 2403 885 2429 καὶ

109 2453 329 2486 θεοφιλεστάταις,
348 2451 416 2485 ὁμοῦ
433 2452 489 2482 τοῖς
501 2450 550 2485 τῆς
568 2447 706 2484 βασιλείας
722 2448 886 2484 ὑπερτάτοις

108 2498 247 2533 αὐχήμασι,
264 2496 311 2524 καὶ
325 2496 374 2531 τῆς
389 2496 429 2527 εἰς
441 2495 558 2531 Χριστὸν
573 2494 683 2529 ἀγάπης
694 2494 740 2520 τὸν
754 2494 887 2527 στέφανον

108 2543 274 2578 ἀναδήσαθαι.
287 2543 357 2577 Ἤδη
373 2542 421 2577 μὲν
436 2539 482 2568 οὖν
492 2543 553 2573 ταῖς
567 2541 700 2575 ἁοιδίμοις
711 2540 788 2575 ὑμῶν
799 2540 885 2574 ἐφήρ-

110 2596 197 2624 μοσται
210 2589 352 2623 κορυφαῖς,
368 2587 416 2613 καὶ
431 2586 619 2622 ἀτελευτήτοις
635 2586 708 2620 ὑμᾶς
721 2585 856 2617 εὐκλείαις
871 2585 885 2611 ὁ

107 2633 156 2660 τῶν
170 2633 234 2660 ὅλων
251 2632 463 2668 καταφαιδρὺνει
479 2632 555 2663 Θεός.
584 2632 670 2667 Ὑπὲρ
686 2631 751 2665 γοῦν
767 2631 814 2657 τοῦ
837 2631 885 2657 καὶ

109 2679 143 2707 ἔτι
157 2679 282 2714 μειζόνως
306 2678 596 2713 καταλαμπρὺνεσθαι,
615 2677 662 2704 τοῦ
683 2677 753 2704 κατὰ
767 2677 885 2712 Χριστὸν

110 2724 248 2759 μυστηρίου
264 2725 313 2759 τὴν
332 2724 434 2759 ἀκριϐῆ
457 2732 486 2750 τε
509 2724 555 2749 καὶ
569 2723 759 2758 ἀκιϐδήλευτον
784 2722 884 2757 γνῶσιν

109 2769 212 2806 ἐχούσας
226 2771 266 2802 εἰς
286 2769 358 2801 νοῦν,
374 2769 533 2796 συντέθεικα
546 2768 575 2794 τὸ
591 2768 715 2802 λογίδιον,
730 2768 774 2795 διὰ
793 2768 884 2803 πάσης

141 2857 160 2874 ’⁸
174 2857 222 2886 lsa.
240 2865 283 2891 xc,
299 2858 324 2886 9.
365 2858 387 2874 ⁸⁸
403 2856 472 2885 Psal.
488 2864 561 2890 xxxi,
578 2855 604 2883 ί).
644 2856 665 2871 ⁸³
682 2855 730 2883 lsa.
748 2864 795 2888 λιι,
811 2856 837 2883 5.

987 2218 1018 2246 ll.
1058 2219 1097 2245 En
1120 2226 1203 2253 ergo,
1229 2217 1330 2252 regium
1370 2217 1479 2250 pietatis
1518 2217 1729 2249 amantissimae,

940 2266 1041 2294 librum
1057 2273 1136 2299 quem
1157 2266 1191 2292 de
1207 2270 1279 2292 recta
1304 2269 1331 2292 et
1355 2264 1510 2298 inculpabili
1533 2265 1559 2290 in
1588 2263 1729 2290 Dominum

940 2317 1062 2339 nostrum
1083 2310 1175 2338 Jesum
1197 2310 1336 2336 Christum
1361 2309 1426 2340 title,
1449 2308 1536 2343 qualis
1557 2313 1647 2334 vestra
1668 2315 1730 2335 esse

938 2359 1028 2390 debet,
1044 2357 1205 2390 conscripsi,
1219 2356 1294 2383 vobis
1309 2355 1403 2382 olicro.
1420 2355 1501 2382 Decet
1517 2355 1589 2380 enim
1606 2362 1653 2380 vos
1670 2362 1730 2381 san-

939 2404 1075 2431 ctimoniae
1103 2407 1131 2430 et
1159 2402 1250 2436 pietati
1280 2401 1403 2436 apprime
1432 2402 1563 2432 addictas,
1587 2408 1637 2426 una
1667 2408 1727 2427 cum

940 2457 1046 2478 summo
1062 2449 1135 2484 regni
1154 2449 1272 2484 fastigio,
1289 2447 1430 2475 charitatis
1444 2455 1550 2481 quoque
1565 2455 1625 2481 qua:
1640 2451 1682 2473 est
1700 2447 1726 2473 in

939 2497 1088 2528 Christum,
1114 2503 1214 2523 corona
1234 2495 1364 2522 redimiri.
1387 2494 1449 2521 "me
1470 2494 1542 2521 enim
1566 2492 1728 2520 venerandis

939 2543 1037 2570 vestris
1058 2542 1204 2569 verticibus
1218 2541 1272 2575 jam
1297 2545 1387 2575 aptata
1414 2545 1466 2573 est,
1489 2545 1516 2567 et
1539 2540 1727 2566 universorum

938 2589 1068 2616 Dominus
1082 2587 1166 2622 gloria
1184 2594 1322 2622 nunquam
1340 2587 1460 2621 peritura
1487 2593 1534 2614 vos
1550 2585 1726 2612 condecorat.

936 2634 1062 2661 Altamen
1078 2641 1131 2668 quo
1153 2634 1238 2668 magis
1259 2633 1340 2660 etiam
1366 2632 1583 2659 condccoremini
1598 2652 1604 2662 .
1626 2631 1727 2658 Christi

937 2679 1095 2714 mysterium
1111 2684 1205 2706 exacta
1222 2683 1249 2705 et
1265 2685 1434 2712 nequaquam
1456 2677 1606 2704 adulterata
1630 2676 1726 2703 notitia

935 2723 1125 2758 percipientcs,
1142 2724 1340 2750 oratiunculam
1364 2722 1522 2757 composui,
1542 2721 1567 2748 in
1589 2729 1640 2756 qua
1662 2721 1727 2749 illud

937 2777 1132 2804 usquequaque
1149 2769 1258 2804 planum
1283 2769 1367 2807 facio,
1386 2769 1457 2804 quod
1476 2768 1547 2796 sicut
1573 2777 1582 2794 ι
1602 2775 1670 2795 unus
1685 2772 1726 2795 est

879 2857 900 2872 ετ
917 2857 926 2884 l
945 2857 1008 2885 Cor.
1028 2865 1058 2890 ll,
1077 2858 1119 2885 15.
