1872 3057
150 133 215 159 ίξῖῦῐὶ

638 130 667 158 S.
689 130 826 158 CYltlLLl
846 129 1079 158 ALEXANDRINI
1099 127 1260 158 ARClllEP.

1726 126 1795 153 1580

149 194 237 226 Puer,
254 202 285 220 ex
302 201 354 227 quo
368 192 457 219 omnia
474 203 479 218 ι
497 191 532 218 ita
549 199 631 218 unttm
647 199 753 226 quoque
768 199 827 218 esse
844 191 932 218 Domi-

1020 191 1090 222 ψοίας
1113 190 1301 221 καταδεικνὺς,
1317 190 1368 221 ὅτι,
1388 198 1398 214 t
1416 189 1512 224 ὥσπερ
1526 187 1606 214 ἐστὶν
1617 183 1662 217 εἷς
1684 185 1757 217 Θεὸς
1779 189 1794 213 ὁ

149 249 212 266 uuln
229 247 350 266 nostrqu
364 238 455 266 losum
477 237 632 269 Christum,
654 245 701 272 per
723 245 801 271 quem
820 238 932 265 omnia:

149 295 218 312 llllllS
246 285 355 312 omnino
379 288 422 311 est
447 283 565 318 Spiritus
591 289 711 315 sanctus,
738 284 763 310 iu
795 291 849 317 quo
874 291 932 311 om-

149 333 191 358 uia
204 332 237 357 “.
258 341 267 357 ι
285 330 334 364 Qui
350 335 440 357 autem
456 337 538 356 tinum
553 329 691 356 Christqu
707 334 733 356 et
750 329 891 356 Dominum
907 334 934 356 et

150 377 244 403 Filium
268 377 293 402 in
319 376 386 403 duos
411 375 482 402 lilios
501 374 646 408 direlluut,
669 382 718 402 nos
741 380 814 401 recte
839 382 934 410 sapere

147 422 247 454 edocti,
275 421 334 448 illos
361 421 516 456 neutiquam
544 421 746 448 sustinebimus.
776 420 833 447 Non
861 420 932 447 enim

149 469 230 496 alium
243 476 303 496 esse
318 468 436 495 dicimus
450 466 549 494 Filium
566 474 628 494 eum
643 467 688 500 qui
705 473 768 494 ante
781 467 871 494 omnia
888 474 935 493 ste-

148 515 209 542 rula
223 523 256 541 ex
275 514 320 541 Dei
334 514 422 541 Patris
436 513 590 541 substantia
610 513 717 548 genitus
731 517 784 545 est.
803 519 832 540 et
850 513 932 540 alium

150 568 268 592 rursum,
284 560 329 594 qui
346 559 500 587 novissimis
525 559 691 594 temporibus
705 566 739 586 ex
758 559 870 586 muliere
886 567 934 586 na-

150 610 204 637 tus,
218 610 245 633 et
269 605 319 639 legi
341 605 475 632 obnoxius
494 604 581 632 factus
601 608 662 636 est;
686 604 732 632 sed
757 612 837 631 unum
858 612 933 631 eiun-

150 651 264 684 demque
280 656 332 677 tam
349 655 412 677 ante
428 657 519 677 veram
543 649 614 677 illam
630 648 712 677 Verbi
734 656 794 676 cum
816 650 933 677 lntmana

150 705 231 725 carne
252 696 480 731 coniunctionem,
503 704 584 730 quam
605 700 665 730 post
684 697 806 723 eamdem
823 704 831 722 :
847 704 934 731 quau-

150 743 293 778 doquidetn
309 743 403 776 Filius,
419 743 466 777 qui
484 742 644 770 naturaliter
658 750 691 770 ex
707 742 761 769 Deo
777 741 856 769 Patre
868 750 933 777 pro-

150 789 232 820 cedit,
247 796 363 823 corpore
378 789 506 820 animato,
521 792 550 816 et
564 793 655 816 mente
670 787 807 823 perfecto,
823 795 855 815 ex
872 787 934 815 Dei-

151 842 215 869 para
232 834 339 870 Virgine
354 833 438 861 Maria
452 838 602 869 assumpto,
618 838 696 862 natus
720 839 762 862 est
785 834 932 862 secundant

150 888 271 912 carnem,
288 880 360 907 nullo
375 886 464 907 autem
485 880 564 908 modo
584 887 678 907 versus
699 884 740 908 cst
757 880 783 907 in
799 887 908 907 carnem
924 889 932 907 :
949 867 970 895 Β

150 926 231 953 :Ibsil.
248 926 386 960 Siquidem
403 925 473 952 illam
489 926 525 953 ita
541 926 705 961 assumpsit,
721 931 750 953 ut
765 926 932 954 divinitatem

150 980 226 1000 suam
242 973 313 1000 nttlla
328 980 360 1000 et
377 978 454 1007 parte
468 973 587 1005 laeserit;
603 974 705 1001 mansit
715 980 832 1009 namque
845 975 935 1003 ethoc

149 1024 258 1053 quoque
273 1019 354 1046 modo
370 1018 558 1046 universorum
575 1019 714 1047 Dominus.

187 1063 319 1100 130m.
339 1064 373 1092 Et
389 1065 445 1092 haec
466 1065 574 1099 quidem
596 1065 698 1093 sentire
719 1065 806 1094 edocti
825 1074 932 1095 sumus.

149 1111 281 1144 Quoniam
299 1116 453 1139 sanctorum
467 1110 577 1138 Patrum
593 1119 744 1144 sermones,
760 1113 932 1141 earumdem-

149 1166 201 1192 que
216 1158 371 1186 sanctiones
384 1158 520 1194 sapienter
531 1158 687 1191 admonent,
696 1164 724 1185 ut
736 1167 834 1194 magno
844 1161 934 1187 studio

149 1204 347 1238 diligenterque
363 1205 551 1236 observemus,
576 1203 641 1239 quid
666 1204 766 1233 divina:
787 1205 934 1241 Scriptura:

149 1258 230 1284 quam
254 1250 370 1277 maxime
386 1255 598 1278 consentaneum
615 1251 661 1284 sit,
683 1251 828 1285 subtilique
848 1259 932 1279 sensu

150 1297 183 1322 ιιι
198 1303 230 1322 ea
245 1303 307 1330 quae
322 1295 356 1323 dc
370 1295 480 1323 Christo
496 1295 619 1330 exposita
632 1301 694 1323 sunt
709 1296 841 1329 adhibito,
860 1297 933 1325 veri-

151 1347 231 1369 tatem
246 1342 398 1369 divinorum
413 1342 569 1377 dogmatum
588 1342 823 1377 contemplemur:
863 1343 932 1370 Con-

149 1388 207 1415 silia
222 1393 386 1419 evertentes,
404 1392 431 1415 et
445 1395 555 1416 onmem
570 1388 741 1416 altitudinem
758 1389 932 1418 extollentem

149 1443 179 1463 se
195 1435 325 1461 adversus
350 1434 532 1469 cognitionem
549 1434 614 1468 Dei;
639 1439 666 1462 et
690 1436 856 1469 captivantes
875 1443 934 1463 om-

150 1489 210 1507 nem
223 1479 387 1508 intellectum
400 1481 426 1507 in
438 1479 621 1508 obedientiam
635 1481 694 1516 ejus
706 1480 740 1508 ".
755 1491 764 1507 ι
779 1481 847 1508 Cum
860 1483 932 1509 enim

150 1532 333 1560 congruenter
349 1534 404 1554 uno
422 1534 554 1555 consensu
573 1527 711 1555 fateantur
731 1535 836 1560 omnes.
852 1535 933 1556 natu-

149 1572 206 1599 rale
221 1572 267 1600 Dei
283 1571 372 1600 Patris
385 1571 515 1604 Verbum,
529 1573 601 1607 quod
616 1573 642 1599 iu
655 1573 774 1607 ejusdem
789 1573 835 1601 Dei
846 1574 931 1602 forma

148 1618 336 1652 otaequalitate
347 1618 544 1651 exsistit,ttion
560 1619 683 1653 rapinam
697 1620 859 1647 arbitratum
873 1628 933 1648 esse

148 1672 177 1690 se
197 1663 325 1698 a-qualem
343 1663 416 1697 Deo;
435 1664 482 1692 sed
495 1663 580 1692 forma
600 1665 670 1692 servi
694 1672 803 1700 accepta
828 1672 933 1694 semet-

151 1711 237 1745 ipsum
253 1710 448 1744 exinanivisse,
464 1717 497 1737 ac
515 1709 542 1738 in
562 1710 768 1738 similitudinem
793 1712 932 1739 hominum

149 1757 262 1789 laetum,
276 1756 303 1783 in
329 1757 503 1791 humanoque
525 1757 617 1785 habitu
641 1756 781 1785 inventum
799 1765 828 1785 se
843 1759 932 1786 humi-

148 1802 238 1834 liasse,
260 1809 294 1829 ac
311 1802 344 1830 ad
364 1807 480 1830 mortem
502 1802 612 1830 tandem
635 1811 720 1837 usque
741 1804 871 1832 obediens
893 1804 933 1831 fa—

150 1854 223 1875 ctum
233 1848 448 1884 crucistmortem
459 1849 577 1876 subiisse
589 1849 612 1864 ⁷⁸
628 1851 841 1882 ;rncccssarium
855 1849 934 1885 plane

147 1899 189 1922 est
212 1902 274 1923 eum
291 1895 336 1929 qui
359 1902 453 1922 eorttm
475 1895 541 1928 vim,
561 1902 620 1930 quae
643 1896 675 1923 de
699 1895 810 1923 Christo
833 1897 932 1930 scripta

147 1945 264 1973 exstant,
285 1945 360 1968 recte
375 1940 525 1975 diiudicare
541 1941 609 1974 vult,
627 1946 722 1977 pectus
737 1943 849 1976 optimis
869 1950 933 1970 sen-

148 1986 242 2014 tentiis
269 1986 434 2014 instructum
463 1987 582 2020 habere;
610 1993 638 2015 ut
665 1988 804 2024 percipere
831 1989 932 2022 valeat,

147 2032 283 2067 quomodo
302 2033 372 2060 Deus
389 2033 468 2060 simul
491 2038 520 2061 et
541 2033 623 2060 homo
645 2034 714 2061 idem
731 2034 788 2068 ipse
809 2034 933 2062 Christus

146 2079 270 2109 exsistat,
289 2082 317 2105 et
329 2078 400 2105 Deus
413 2085 474 2105 esse
490 2078 550 2106 sine
566 2078 620 2105 ulla
635 2079 794 2106 alteratione
810 2085 857 2106 aut
871 2088 932 2107 nut-

148 2123 248 2150 tatione
275 2128 432 2158 perseveret
461 2124 651 2159 (immutabilis
683 2125 755 2152 enim
782 2130 825 2153 est
851 2126 931 2154 Verbi

148 2169 265 2203 natura),
281 2173 308 2196 et
331 2169 527 2197 exinanitionis
541 2169 720 2198 humilitatem
733 2178 784 2197 non
801 2177 931 2206 respuat:

945 1549 967 1578 C

986 237 1090 272 Πατὴρ,
1106 237 1135 269 ἐξ
1148 234 1179 262 οἶ)
1195 236 1229 262 τὰ
1252 236 1358 262 πάντα’
1384 235 1456 262 οὔτω
1479 235 1528 261 καὶ
1545 232 1590 265 εἷς
1609 232 1722 268 Κύριος
1745 233 1791 268 Ἰη-

986 282 1048 315 σοῦς
1065 283 1192 318 Χριστὸς,
1205 282 1239 309 δι’
1253 279 1283 309 οὗ
1298 282 1333 308 τὰ
1348 281 1452 309 πάντα·
1470 281 1500 308 ἓν
1514 280 1543 307 δὲ
1566 280 1660 315 δήπου
1677 279 1790 311 πάντως

984 328 1030 354 καὶ
1041 327 1071 354 τδ
1084 327 1196 362 Πνεῦμα
1207 327 1238 353 τὸ
1251 327 1337 361 ἆγιον.
1345 327 1414 354 »Καὶ
1425 326 1480 353 τῶν
1492 327 1533 358 εἰς
1547 325 1598 352 δύο
1611 324 1790 360 μεριζόντων

984 373 1059 405 υἱοὺς
1075 373 1120 399 τὸν
1145 373 1192 399 ἕνα
1216 371 1332 408 Χριστὸν
1357 372 1404 398 καὶ
1420 371 1482 398 Υἱὸν
1505 372 1555 398 καὶ
1576 371 1698 405 Κύριον,
1720 370 1790 405 ὀρθὰ

985 420 1092 454 φρονεῖν
1107 418 1256 452 ἐγνωκότες
1274 418 1324 444 οὐκ
1349 417 1510 453 ἀνεξόμεθα.
1541 417 1580 443 Οὐ
1606 416 1666 452 γὰρ
1688 415 1790 451 ἕτερον

984 462 1053 491 εἷναί
1071 473 1160 500 φαμεν
1178 464 1240 490 Υἱὸν
1257 464 1304 490 τὸν
1328 463 1381 498 πρὸ
1398 463 1499 495 παντὸς
1523 463 1624 494 αἰῶνος
1652 470 1790 496 γεγεννη-

985 511 1065 546 μένον
1078 511 1112 537 ἐκ
1123 511 1172 544 τῆς
1186 510 1279 541 οὐσίας
1297 510 1344 536 τοῦ
1357 510 1424 536 θεοῦ
1440 510 1488 536 καὶ
1504 508 1626 545 Πατρδς,
1644 509 1748 544 ἕτερον
1761 508 1789 534 δὲ

983 555 1030 582 τὸν
1043 556 1073 582 ἐν
1087 555 1210 590 ἐσχάτοις
1227 556 1332 590 καιροῖς
1354 555 1500 590 γενόμενον
1516 556 1549 582 ὲκ
1565 554 1715 589 γυναικὸς,
1740 562 1787 587 γε-

984 601 1096 636 νόμενον
1118 601 1170 628 ὑπὸ
1185 601 1284 636 νόμον·
1298 601 1355 628 ἀλλ’
1368 602 1416 628 ἕνα
1431 602 1479 628 καὶ
1498 602 1544 628 τὸν
1565 601 1651 628 αὑτὸν
1667 601 1719 627 καὶ
1734 601 1790 635 πρὸ

983 647 1034 682 τῆς
1056 646 1124 683 πρὸς
1143 647 1233 682 σάρκα
1249 647 1356 674 συνόδου
1373 647 1419 674 καὶ
1438 646 1561 678 ὲνώσεως
1583 645 1720 681 ἀληθοῦς,
1739 646 1787 672 καὶ

986 692 1055 727 μετά
1070 692 1149 719 τοῦτο
1161 692 1212 719 ἔτι.
1232 692 1262 719 '0
1277 692 1331 728 γὰρ
1347 694 1380 719 ὲκ
1392 692 1460 719 Θεοῦ
1484 692 1592 728 Πατρὸς
1609 691 1685 719 κατὰ
1700 691 1787 726 φύσιν

985 737 1058 769 Υἱὸς,
1073 737 1196 773 ἔμψυχόν
1208 746 1238 764 τε
1254 737 1301 764 καὶ
1313 738 1405 764 ἔννουν
1418 737 1506 773 ἑαυτῷ
1520 738 1601 772 σῶμα
1616 735 1727 768 λαϐὼν,
1740 744 1787 769 γε·

984 783 1111 819 γέννηται
1143 783 1281 819 σαρκικῶς
1307 783 1353 811 διὰ
1379 783 1429 818 τῆς
1456 784 1538 818 ἁγίας
1566 783 1713 818 Παρθένου
1740 782 1786 808 καὶ

984 830 1116 857 Θεοτόκου
1136 831 1256 866 Μαρίας,
1274 831 1321 857 καὶ
1335 831 1386 857 οὐκ
1407 831 1447 862 εὶς
1470 831 1560 866 σάρκα
1584 829 1709 865 τραπεὶς
1734 827 1786 862 (μὴ

984 872 1088 907 γένοιτο
1099 875 1130 907 ί),
1150 873 1311 909 προσλαϐὼν
1329 875 1357 901 δὲ
1376 875 1476 910 μᾶλλον
1500 875 1598 910 αὐτὴν,
1614 874 1665 901 καὶ
1685 873 1736 899 τοῦ
1748 871 1786 899 εἷ-

983 924 1027 942 ναι
1039 916 1105 948 Θεὸς
1121 917 1171 943 οὐκ
1185 917 1342 953 ὴμεληκώς·
1358 919 1498 954 μεμένηκε
1512 919 1566 955 γὰρ
1581 919 1630 946 καὶ
1637 918 1716 946 οὕτω
1729 918 1786 945 τῶν

983 961 1051 988 ὅλων
1064 962 1212 998 Δεσπότης.

1020 1064 1056 1092 Γ¹.
1078 1065 1170 1092 Ταῦτα
1184 1067 1291 1102 φρονεῖν
1305 1067 1495 1102 δεδιδάγμεθα.
1518 1067 1616 1102 Σοφοῖς
1632 1067 1691 1102 γὰρ
1705 1068 1783 1102 ἡμᾶς

985 1110 1212 1146 παραγγέλμασιν
1237 1113 1262 1139 οἱ
1289 1113 1344 1139 τῶν
1371 1113 1458 1147 ἁγίων
1477 1113 1681 1148 ἁποκομίζουσι
1706 1113 1783 1146 λόγοι

984 1155 1051 1190 πρός
1066 1165 1097 1191 γε
1112 1157 1142 1184 τὸ
1158 1158 1257 1193 χρῆναι
1274 1159 1429 1193 φιλοτηρεῖν
1444 1159 1474 1185 τὸ
1497 1160 1552 1191 τοῖς
1569 1159 1654 1194 ἱεροῖς
1686 1159 1782 1194 Γρὰμ-

985 1209 1067 1236 μασιν
1085 1202 1122 1229 ὅτι
1150 1203 1268 1237 μάλιστα
1292 1203 1398 1236 δοκοῦν,
1417 1205 1466 1231 καὶ
1488 1204 1536 1240 τὴν
1562 1205 1591 1231 ὲν
1611 1206 1670 1237 τοῖς
1697 1204 1780 1235 θείοις

983 1247 1115 1282 δόγμασιν
1129 1249 1261 1285 ἀλήθειαν
1277 1251 1524 1283 κατασκέπτεσθαι,
1539 1251 1639 1279 λεπτὸν
1655 1252 1780 1283 ἐνιέντας

983 1293 1038 1323 τοῖς
1065 1293 1129 1328 περὶ
1149 1293 1268 1328 Χριστοῦ
1297 1294 1472 1330 λαλουμένοις
1492 1296 1537 1322 τὸν
1564 1296 1645 1322 νοῦν·
1669 1306 1678 1321 t
1703 1296 1779 1323 Καθ-

983 1338 1124 1374 αιροῦντες
1142 1339 1192 1374 μὲν
1203 1340 1360 1376 λογισμοὺς,
1380 1342 1428 1368 καὶ
1441 1343 1495 1368 πᾶν
1513 1341 1613 1377 ὕψωμα
1625 1342 1764 1377 ἐπαιρόμε
1773 1357 1779 1361 -

983 1391 1028 1410 νον
1044 1384 1116 1411 κατὰ
1127 1385 1175 1420 τῆς
1192 1386 1319 1420 γνώσεως
1334 1386 1380 1413 τοῦ
1394 1386 1473 1418 Θεοῦ,
1490 1387 1537 1414 καὶ
1556 1387 1777 1422 αἰχμαλωτίζον-

983 1438 1029 1462 τες
1046 1430 1100 1457 πᾶν
1116 1431 1204 1466 νόημα
1228 1433 1268 1464 είς
1285 1432 1335 1468 τὴν
1352 1433 1477 1468 ὑπακοὴν
1501 1433 1594 1460 αὑτοῦ,
1618 1443 1627 1458 ι
1649 1432 1778 1468 Ἐχοντος

984 1476 1039 1511 γὰρ
1053 1477 1205 1512 ἀραρότως,
1226 1478 1274 1505 καὶ
1295 1478 1514 1514 ὁμολογουμένου
1535 1479 1611 1515 παρὰ
1629 1481 1726 1511 πᾶσιν,
1739 1480 1777 1506 ὅτι

985 1523 1033 1550 καὶ
1055 1525 1084 1550 ὲν
1111 1527 1202 1561 μορφῇ
1230 1526 1278 1552 καὶ
1299 1527 1403 1562 ἰσότητι
1427 1526 1474 1553 τοῦ
1501 1527 1569 1554 Θεοῦ
1598 1527 1649 1554 καὶ
1673 1527 1778 1563 Harpe;

984 1570 1114 1606 ὑπάρχων
1130 1572 1144 1597 ὁ
1159 1571 1189 1603 ἐξ
1203 1571 1285 1598 αὐτοῦ
1302 1572 1374 1599 κατὰ
1385 1572 1466 1607 φύσιν
1485 1573 1580 1607 Λόγος,
1600 1583 1609 1598 ι
1626 1573 1678 1608 οὐχ
1690 1574 1776 1609 ἁρπα-

983 1616 1053 1651 γμὸν
1088 1617 1212 1651 ἡγήσατο
1237 1617 1268 1644 τὸ
1294 1616 1364 1646 εἶναι
1400 1619 1446 1645 ἴσα
1483 1619 1542 1654 Θεῴ
1561 1628 1569 1635 ”
1595 1619 1654 1646 ἀλλ’
1683 1620 1778 1646 tau-9.“

983 1662 1110 1694 ὲκένωσε,
1123 1663 1229 1698 μορφὴν
1239 1663 1333 1690 δούλου
1344 1665 1446 1691 λαϐὼν
1458 1666 1488 1692 ὲν
1498 1666 1655 1701 ὁμοιώματι
1671 1667 1777 1702 ἀνθρώ-

983 1716 1042 1734 πων
1056 1707 1211 1744 γενόμενος,
1226 1710 1272 1736 καὶ
1291 1710 1412 1745 σχήματι
1429 1711 1550 1746 εὑρεθεὶς
1564 1712 1603 1744 ὠς
1622 1712 1775 1748 ἅνθρωπος.

983 1755 1165 1782 ἐταπείνωσεν
1181 1755 1287 1789 ἑαυτὸν,
1306 1757 1452 1791 γενόμενος
1478 1758 1598 1793 ὑπήκοος
1622 1759 1705 1795 μέχρι
1730 1759 1776 1786 θα-

983 1800 1075 1832 νάτου,
1091 1800 1205 1828 Θανάτου
1219 1801 1248 1828 δὲ
1265 1802 1412 1838 σταυροῦ-ι
1432 1803 1508 1830 πᾶσά
1520 1812 1579 1836 πως
1596 1805 1707 1840 ἀνάγκη
1723 1804 1778 1832 θεῖν

984 1845 1078 1879 φιλοῦς
1102 1846 1225 1879 ἐπινοίας
1252 1851 1265 1864 ο
1290 1849 1439 1884 ὲπίμεστον
1466 1849 1539 1884 ἔχειν
1562 1850 1610 1876 τὸν
1637 1850 1713 1883 νοῦν,
1735 1851 1777 1876 τὸν

983 1888 1060 1927 ᾧπερ
1081 1891 1114 1919 ἂν
1139 1893 1244 1926 γένοιτο
1269 1895 1369 1927 σκοπὸς
1390 1895 1541 1931 διακρίνειν
1569 1894 1600 1923 εὖ
1627 1897 1703 1931 μάλα
1726 1897 1777 1922 τῶν

983 1939 1048 1974 περὶ
1060 1939 1144 1965 αὑτοῦ
1168 1940 1370 1976 γεγραμμένων
1382 1941 1431 1977 τήν
1445 1941 1570 1977 δύναμιν’
1588 1942 1633 1969 ἵνα
1648 1943 1676 1968 ἐν
1687 1943 1777 1977 ταυτῷ

983 1984 1049 2016 Θεός
1064 1992 1093 2011 τε
1105 1985 1174 2020 ὁμοῦ
1192 1986 1238 2012 καὶ
1253 1985 1396 2022 ἄνθρωπος
1416 1988 1430 2014 ὁ
1442 1987 1524 2020 αὐτὸς
1541 1988 1675 2024 ὑπάρχων
1690 1990 1777 2022 ἐπιγι-

982 2030 1132 2065 νώσκηται,
1162 2031 1210 2058 καὶ
1230 2031 1261 2058 τὸ
1280 2029 1350 2058 εἶναι
1373 2032 1440 2065 Θεὸς
1467 2033 1688 2070 ἀπαραποιήτως
1711 2034 1777 2069 ἔχων

984 2077 1133 2112 (ἄτρεπτος
1147 2077 1201 2113 γὰρ
1214 2079 1230 2112 ὴ
1243 2077 1290 2104 τοῦ
1306 2078 1394 2112 Λόγου
1409 2078 1513 2114 φύσις),
1523 2080 1571 2106 καὶ
1585 2080 1616 2106 τὸ
1630 2081 1682 2114 τῆς
1696 2080 1776 2106 κενώ-

984 2131 1053 2154 σεως
1080 2123 1179 2159 μέτρον
1202 2124 1232 2150 οὐ
1259 2125 1487 2160 παραιτούμενος.
1523 2125 1692 2162 Ἐπερυθριᾷ
1725 2127 1776 2161 γὰρ

982 2169 1109 2205 οὐδαμῶς
1133 2171 1190 2202 τοῖς
1216 2171 1292 2203 ἰδίοις
1309 2171 1480 2206 σκέμμασιν,
1492 2172 1506 2198 ὁ
1523 2171 1640 2198 κένωσιν
1655 2172 1707 2208 τὴν
1721 2173 1775 2198 ἐθε-

147 2222 234 2249 neque
250 2215 322 2242 enim
341 2216 387 2250 qui
404 2216 602 2250 dispensatoria
626 2216 731 2244 ratione
753 2217 932 2244 voluntariam

1020 2216 1090 2242 Sotov
1106 2217 1286 2250 οἰκονομικῶς
1303 2217 1337 2244 δι’
1352 2218 1426 2253 ἡμᾶς
1441 2218 1602 2253 ὑπομείνας.
1626 2219 1674 2245 Δεῖ
1689 2219 1774 2245 τοίνυν

148 2261 232 2287 nostri
247 2268 330 2287 causa
354 2261 570 2289 humiliationem
587 2261 726 2294 sustinuit,
740 2262 773 2290 de
795 2263 851 2290 suis
865 2270 933 2290 con-

147 2306 215 2333 siliis
229 2306 374 2334 erubescit.
397 2307 512 2342 Oportet
532 2308 624 2342 itaque
643 2308 717 2335 illum
737 2313 764 2336 et
782 2308 932 2336 divinitatis

147 2351 287 2386 majestate
307 2352 483 2386 conspicuum
497 2352 595 2386 videri,
617 2357 644 2380 et
667 2360 682 2379 a
706 2358 807 2381 nostrae
823 2361 930 2381 rursum

147 2397 307 2425 humilitatis
325 2398 492 2430 conditione,
513 2403 624 2433 prupter
647 2403 814 2433 assumptam
834 2399 930 2426 huma-

147 2444 270 2476 nitatem,
290 2451 343 2470 non
365 2451 477 2478 prorsus
491 2444 609 2471 alienum
626 2452 687 2472 esse
715 2444 843 2472 arbitrari
857 2455 864 2471 :
878 2446 928 2473 hoc

146 2489 217 2516 enim
238 2490 447 2524 dispensationis
473 2491 541 2518 ratio
563 2491 689 2525 postulat.
709 2491 737 2518 Si
762 2493 834 2519 enim
859 2492 929 2519 Deus

147 2534 262 2561 Verbum
292 2535 391 2562 factum
417 2541 459 2563 est
479 2544 559 2568 caro.
588 2538 639 2564 hoc
667 2542 708 2565 est
731 2538 828 2569 homo,
851 2538 930 2572 juxta

147 2581 209 2606 illud
222 2590 229 2608 :
246 2590 254 2606 ι
271 2581 411 2608 Etlundam
421 2582 454 2609 de
471 2582 573 2617 Spiritu
591 2591 650 2610 meo
660 2591 740 2618 super
750 2591 858 2611 omnem
868 2592 930 2612 car-

147 2633 206 2651 nem
218 2626 256 2659 ⁷¹;
272 2636 281 2651 ι
299 2627 434 2654 nemiuem
446 2627 506 2662 jure
522 2628 632 2656 turbare
643 2630 732 2662 debet,
749 2630 771 2657 si
785 2638 838 2664 qua
859 2638 927 2657 utm-

986 2263 1067 2289 αὐτὸν
1091 2263 1138 2289 καὶ
1167 2264 1223 2294 τοῖς
1248 2263 1296 2298 τῆς
1323 2263 1450 2298 θεότητος
1479 2263 1633 2299 ἀξιώμασιν
1662 2265 1773 2300 ὁρᾶσθαι

985 2309 1133 2345 διαπρεπῆ.
1160 2309 1270 2344 καὶτῆς
1290 2309 1351 2336 καθ’
1376 2311 1452 2345 ἡμᾶς
1473 2311 1714 2346 σμικροπρεπείσυς
1727 2311 1772 2337 οὐκ

985 2356 1024 2387 εἰς
1048 2355 1123 2382 ἆπαν
1147 2355 1358 2390 ἀπηλλαγμένον
1381 2355 1426 2382 διὰ
1443 2355 1475 2382 τὸ
1493 2355 1678 2391 ἀνθρώπινον,
1696 2357 1772 2383 ἁπαι-

984 2401 1084 2436 τούσης
1107 2401 1187 2428 τοῦτο
1208 2401 1257 2436 τῆς
1278 2402 1445 2437 οἰκονομίας.
1470 2402 1501 2428 Εἰ
1531 2402 1587 2437 γὰρ
1609 2402 1677 2434 Θεὸς
1705 2402 1741 2429 ὣν
1759 2404 1772 2430 ὁ

982 2447 1068 2480 Λόγος
1083 2447 1177 2481 γέγονε
1193 2447 1271 2482 σὰρξ,
1285 2447 1424 2474 τουτέστιν
1435 2447 1587 2483 ἄνθρωπος,
1599 2449 1673 2475 κατά
1684 2457 1715 2482 γε
1727 2448 1766 2480 τὸ,

986 2503 995 2519 ι
1015 2493 1119 2528 Ἐκχεῶ
1130 2493 1184 2520 ἀπὸ
1195 2493 1243 2519 τοῦ
1256 2493 1413 2528 Πνεύματός
1425 2502 1476 2528 μου
1488 2494 1535 2521 ἐπὶ
1550 2495 1640 2520 πᾶσαν
1655 2495 1767 2529 σάρκα·›

984 2539 1132 2574 θορυόείτω
1158 2539 1270 2575 μηδένα,
1297 2539 1349 2566 κᾶν
1373 2540 1398 2566 εἰ
1423 2539 1531 2574 λέγοιτό
1552 2549 1580 2566 τι
1606 2540 1672 2574 περὶ
1695 2539 1768 2566 αὐτοῦ

982 2585 1058 2621 παρὰ
1073 2586 1125 2620 τῆς
1149 2585 1326 2612 θεοπνεύστου
1347 2585 1469 2621 Γραφῆς,
1485 2585 1539 2612 τῶν
1563 2587 1614 2613 ὅσα
1637 2587 1714 2613 ἐστὶν
1729 2587 1768 2612 ἀνα

982 2631 1180 2666 θρωποπρεπῆ.
1192 2631 1376 2667 Περιαθρεὶτω
1386 2631 1413 2658 δὲ
1426 2631 1528 2668 μᾶλλον
1539 2631 1623 2659 αὐτοῦ
1634 2632 1686 2668 τὴν
1697 2633 1768 2667 ὑπερ⁴

182 2703 203 2717 ⁸¹
220 2703 226 2729 Ι
243 2705 304 2731 (lor.
321 2713 357 2738 vt,
376 2706 402 2733 8.
441 2707 463 2722 θ’
481 2706 500 2733 ll
515 2707 577 2734 (iur.
593 2714 618 2740 κ,
638 2707 663 2735 5.
704 2708 726 2723 "
744 2708 858 2742 Philipp.
881 2717 911 2741 ιι,
930 2718 932 2731 ι

1028 2710 1049 2725 ⁷¹
1068 2709 1125 2736 Juel
1145 2718 1174 2741 ιι,
1191 2710 1236 2737 ‘28.

709 2786 793 2812 V.ui.r
812 2786 938 2814 lt'tllOllt‘:
952 2787 1052 2814 ttulit-is
1069 2786 1248 2821 Si‘guicriani.

187 2850 198 2864 ο
215 2849 361 2882 εὐτεχνίας.
