1872 3057
90 138 180 167 τδιξ

526 145 571 172 AD
591 144 740 173 RECINAS
760 147 802 173 DE
824 148 935 176 nec“
958 150 1035 178 FIDE
1056 151 1187 181 ORATIO
1208 153 1358 182 ALTERA.

1687 159 1757 186 13-ίῖ

89 201 232 236 κόσμιον
256 202 333 236 δόξαν
348 204 380 230 ἐκ
396 204 536 239 δυνάμεως
561 207 607 232 καὶ
623 207 759 243 ὑπεροχῆς
780 209 829 244 τῆς
852 209 896 236 Geo

989 221 1102 247 unquam
1129 214 1252 245 humilia,
1273 215 1362 249 qualia
1381 216 1506 244 homines
1526 217 1635 249 decent,
1658 219 1756 246 divinae

91 247 243 281 πρεποῦς
266 256 295 274 τε
313 248 359 275 καὶ
378 249 519 277 ἀνωτάτω.

143 400 186 424 Δ’.
195 398 231 424 "A
238 397 266 424 δὲ
276 395 311 433 ἦν
322 398 438 433 μάλιστα
446 398 595 434 παραλύειν
611 399 681 430 εἰκὸς
689 400 735 426 τὸν
745 400 799 426 τῶν
810 400 910 427 ἁπλου-

97 443 222 478 στέρων
238 443 367 470 δύνασθαι
380 443 453 477 νοῦν,
471 443 556 471 ταῦτα
576 444 618 479 δὴ,
633 445 704 472 κατά
719 454 751 480 γε
777 445 808 472 τὸ
823 447 909 482 ἐγχω-

99 489 190 524 ροῦν,
216 490 263 516 καὶ
289 488 327 521 ὡς
353 489 393 517 ένι
420 489 521 522 καλῶς,
546 490 705 525 διατρανοῦν
730 492 907 528 πειράσομαι,

99 535 278 571 ’παρατιθεὶς
300 535 409 571 ἑκάστῳ
432 535 507 572 ρητῷ
521 536 571 572 τὴν
586 537 751 573 ἀποχρῶσαν
774 538 851 566 λύσιν
868 540 908 572 εἰς

99 581 289 616 διασάφησιν,
303 580 371 608 Θεοῦ
392 581 472 608 πάλιν
493 582 560 617 ἡμῖν
568 583 784 616 κατευθύνοντος
798 584 846 611 καὶ
860 585 908 620 τὴν

101 626 151 657 εἰς
170 625 253 652 τοῦτο
272 626 373 662 τρίϐον.
394 635 403 652 ι
421 626 519 653 Δίδωσι
532 627 587 662 γὰρ
604 628 680 663 ῥῆμα
695 630 752 661 τοῖς
766 630 908 664 εὐαγγελι-

102 671 241 706 ζομένοις
256 672 369 708 δυνάμει
388 672 484 709 πολλῇ,
501 682 511 698 ›
528 673 600 700 καθά
618 683 702 710 φησιν
726 676 741 703 ὁ
763 675 908 708 θεσπέσιος

104 718 254 753 Μελῳδός.
277 719 321 745 Ἐν
335 718 385 754 μὲν
404 716 452 746 οὖν
467 718 506 755 τῷ
528 719 602 756 λόγῳ
617 720 657 756 τῷ
678 721 746 757 πρὸς
768 722 846 757 ἡμῶν
861 730 907 756 γε-

104 764 206 798 γονότι
222 765 289 800 πρὸς
303 764 354 796 τὰς
368 763 449 799 ἁγίας
465 764 630 801 παρθένους,
645 766 700 793 τῶν
727 767 908 803 ἑτοιμοτέρων

107 810 218 846 ῥητῶν,
231 810 278 837 καὶ
291 810 367 837 οὐδὲν
378 810 495 846 ἑχόντων
505 811 536 838 τὸ
546 811 676 849 δυσχερὲς
689 813 729 844 είς
741 813 905 848 κατάληψιν,

105 857 246 894 πλείστην
267 857 333 893 ὅσην
351 858 525 894 πεποιήμεθα
539 858 588 894 τὴν
605 858 772 894 παράθεσιν·
789 860 818 886 ὲν
832 859 861 886 δέ
873 868 905 894 γε

963 257 1072 285 Litterze
1084 259 1117 285 de
1135 259 1181 285 illo
1193 260 1319 294 prodam.
1333 260 1442 294 Spcclet
1459 266 1549 288 autem
1565 262 1654 295 potius
1669 263 1752 290 coele-

963 309 1030 330 stem
1049 304 1120 331 illius
1135 305 1246 338 gloriam
1261 309 1288 332 et
1308 305 1478 340 majestatem
1498 314 1531 334 ex
1547 307 1637 334 divina
1652 315 1748 343 supre-

963 357 1060 382 maque
1072 351 1192 382 ejusdem
1207 351 1306 379 virtute
1324 357 1351 379 et
1365 352 1536 380 excellentia.

997 395 1042 423 IV.
1063 396 1146 431 igitur
1162 404 1222 431 quae
1240 397 1439 431 simpliciorum
1456 398 1562 426 animos
1577 406 1633 434 prae
1645 401 1752 428 caeteris

962 442 1072 469 turbare
1093 449 1172 476 posse
1193 442 1331 476 videntur,
1352 444 1547 478 perspicuitate
1570 450 1670 480 quanta
1695 446 1752 473 ﬁeri

961 488 1060 522 poterit
1074 488 1191 516 maxima
1207 497 1281 522 usus,
1299 497 1331 516 ea
1345 497 1395 524 pro
1411 491 1513 518 viribus
1533 491 1684 526 explanare
1706 501 1751 520 co-

961 533 1058 565 nabor,
1075 533 1186 568 majoris
1199 533 1266 561 lucis
1285 542 1366 561 causa
1382 535 1478 562 idonea
1492 535 1627 564 solutione
1646 538 1747 565 unicui-

959 586 1012 613 que
1034 579 1175 607 sententiae
1189 580 1328 615 apposita;
1346 581 1401 608 Deo
1425 589 1520 609 rursus
1535 582 1603 609 viam
1631 589 1752 610 nostram

961 626 987 652 in
1004 627 1055 653 hoc
1072 626 1152 653 etiam
1168 627 1308 654 curriculo
1329 627 1497 655 moderante.
1519 637 1529 654 ‹
1545 628 1595 656 Dat
1614 629 1686 656 enim
1708 630 1752 657 ille

961 672 1070 699 verbum
1096 672 1346 707 evangelizantibus
1375 672 1452 708 131
1482 674 1581 701 virtute
1605 674 1709 708 multa,
1738 685 1748 701 ι

959 718 1186 752 quemadmodum
1210 718 1322 745 divinus
1336 718 1443 747 Psaltes
1466 721 1541 747 canit
1553 721 1585 747 ⁷¹.
1603 720 1689 749 Porro
1703 729 1751 748 au-

960 768 1014 791 tem
1035 763 1062 790 in
1083 771 1116 790 eo
1130 765 1337 798 commentario,
1357 772 1437 800 quem
1460 766 1494 793 ad
1517 773 1611 794 sacras
1630 767 1750 803 virgines

960 808 1144 841 exaravimus,
1165 809 1211 837 illa
1230 809 1339 839 abunde
1352 811 1562 845 edisseruimus,
1584 821 1644 848 quae
1662 814 1749 848 magis

957 854 1046 887 obvia,
1072 854 1266 890 intellectuque
1287 855 1414 884 faciliora
1438 857 1622 886 videbantur:
1641 858 1667 886 in
1695 859 1746 886 hoc

68 898 73 904 ’
106 903 153 938 τῷ
167 903 353 939 προκειμένῳ,
367 904 422 930 τῶν
438 904 632 940 ἀσαφεστέρων
650 905 824 941 πεποιήμεθα
838 906 896 942 μνη

990 900 1084 927 argenti
1099 907 1164 928 vero
1181 900 1209 928 in
1229 900 1418 929 obscuriorum
1430 902 1611 938 explicatione
1624 905 1748 932 versabi-

109 957 189 984 μην·
211 949 263 977 ἔδει
278 949 342 986 γὰρ,
370 950 424 977 ἔδει
445 950 476 978 τὸ
500 951 622 986 θεοφιλὲς
645 952 722 988 ὑμῶν
741 951 842 987 κράτος
859 953 905 980 καὶ

107 995 201 1022 ταῦτα
216 995 325 1029 εἰδέναι,
342 996 458 1024 κάκεῖνα
472 997 510 1033 μὴ
524 997 644 1032 ἀγνοεῖν,
658 998 696 1030 ὡς
710 998 744 1025 ἂν
756 998 790 1024 δι’
802 999 905 1034 ἀμφοῖν

107 1041 143 1067 τὸ
157 1041 260 1077 ἀρτίως
281 1041 344 1077 έχον
367 1043 409 1074 είς
432 1042 544 1078 γνῶσιν,
570 1043 697 1079 καθάπερ
712 1052 739 1071 τι
753 1044 821 1079 φῶς,
845 1045 905 1076 ταῖς

108 1088 312 1123 εὐαγεστάταις
326 1089 404 1124 ὑμῶν
421 1089 593 1122 εἰσοικίζοιτο
606 1091 746 1123 διανοίαις.
760 1091 864 1124 Σκοπὸς
875 1092 904 1118 δέ

111 1142 161 1168 μοι
184 1134 219 1161 τά
244 1134 288 1168 ἐφ’
303 1134 412 1170 ἑκάστῳ
433 1134 637 1171 διερμηνεύοντι
664 1136 842 1172 βραχυλογείν
866 1136 904 1168 ὡς

109 1177 169 1207 οἶόν
192 1189 239 1207 τε·
261 1180 455 1216 προτετάξεται
479 1181 508 1208 δὲ
532 1182 586 1208 τῶν
611 1182 700 1209 ἄλλων
723 1182 737 1208 ὁ
763 1183 827 1216 περὶ
853 1182 903 1217 τῆς

111 1226 256 1258 κενώσεως
268 1227 365 1260 Λόγος.
385 1227 485 1254 ’ἰστέον
506 1227 529 1254 δ’
547 1225 593 1255 οὖν
616 1227 692 1263 ὅμως
712 1229 800 1254 ἐκεῖνο
813 1237 820 1244 ·
838 1228 903 1254 ὅταν

110 1274 167 1307 γὰρ
181 1273 247 1307 ἡμῖν
263 1272 430 1308 ὀνομάζηται
445 1273 565 1308 Χριστὸς
586 1274 700 1310 Ἰησοῦς.
725 1273 902 1309 ἐνανϐρωπή-

111 1326 198 1345 σαντα
218 1318 265 1345 καὶ
278 1318 485 1354 σεσαρκωμένον
501 1320 634 1355 προσήκει
647 1321 717 1346 νοεῖν
729 1319 775 1346 τὸν
789 1320 822 1346 ἐκ
834 1318 902 1345 Θεοῦ

111 1365 134 1390 Π
139 1364 219 1398 ατρὸς
232 1365 328 1399 Λόγον.

148 1467 168 1476 π

150 1467 186 1495 E’.
209 1475 219 1493 ι
238 1467 313 1494 Θέλω
326 1466 381 1502 γὰρ
400 1467 472 1503 ὑμᾶς
493 1467 604 1497 εἰδέναι,
621 1467 662 1493 ὅτι
686 1465 786 1498 παντὸς
806 1465 902 1501 ἀνδρὸς

113 1513 215 1548 κεφαλὴ
230 1514 245 1539 ὸ
256 1513 372 1548 Χριστός
385 1513 457 1539 ἐστι·
473 1512 578 1547 κεφαλὴ
588 1512 616 1539 δὲ
631 1511 770 1546 γυναικὸς,
788 1512 802 1537 ὁ
814 1511 900 1546 ἀνήρ’

112 1559 217 1594 κεφαλὴ
232 1558 261 1585 δὲ
281 1557 328 1585 τοῦ
345 1557 475 1593 Χριστοῦ,
493 1558 507 1584 ὁ
523 1557 599 1589 Θεός.
615 1557 645 1583 '0
665 1556 773 1591 πρῶτος
793 1556 900 1592 ἅνθρω-

113 1612 163 1634 πος
178 1604 210 1630 ὲκ
223 1603 274 1638 γῆς
298 1602 389 1638 χοῖκὸς
402 1602 550 1638 (τουτέστιν
573 1600 668 1637 Ἀδάμ)
679 1609 686 1615 ’
702 1601 717 1628 ό
732 1600 857 1637 δεύτερος
869 1601 900 1634 ἐξ

112 1649 225 1685 οὐρανοῦ
241 1649 329 1685 (δῆλον
344 1649 373 1675 δὲ
395 1649 436 1675 ὅτι
450 1649 464 1675 ὁ
480 1647 610 1685 Χριστός)
623 1655 630 1663 ·
655 1647 713 1674 ἀλλ’
727 1647 821 1681 ὥσπερ
837 1647 898 1682 ἐφος

115 1696 231 1731 ρέσαμεν
246 1695 295 1730 τὴν
314 1694 406 1721 εἰκόνα
425 1693 473 1720 τοῦ
489 1693 593 1729 χοϊκοῦ,
609 1693 770 1728 φορέσωμεν
786 1692 834 1719 καὶ
849 1692 899 1728 τὴν

114 1743 204 1769 εἰκόνα
213 1741 260 1767 τοῦ
275 1740 448 1776 ἐπουρανίου,
459 1739 530 1767 κατὰ
541 1739 572 1766 τὸ
586 1739 789 1775 γεγραμμένον.
806 1748 815 1764 ι
828 1739 899 1766 Οὐκ-

113 1786 160 1811 οὖν
178 1785 272 1821 πρώτη
296 1785 406 1819 γέγονεν
421 1785 487 1820 ἡμῖν
503 1783 608 1820 κεφαλὴ
622 1783 668 1810 τοῦ
691 1785 797 1818 γένους,
821 1792 898 1810 τουτ-

114 1832 185 1857 έστιν
203 1831 284 1866 ἀρχὴ,
297 1831 312 1857 ὁ
328 1831 361 1857 ἐκ
373 1830 426 1866 γῆς
441 1838 471 1856 τε
486 1830 533 1858 καὶ
549 1829 649 1865 χοϊκός.
675 1829 783 1865 Ἐπειδὴ
796 1829 825 1856 δὲ
838 1829 898 1856 δεύ-

113 1886 189 1914 τερος
208 1877 293 1913 Ἀδάμ
312 1876 521 1912 κατωνόμασται
537 1875 665 1912 Χριστὸς,
689 1876 794 1911 κεφαλὴ
811 1875 898 1902 τέθει-

114 1934 172 1958 ται,
198 1925 336 1952 τουτέστιν
365 1924 437 1960 ἀρχὴ
466 1924 521 1951 τῶν
548 1924 583 1950 δι’
611 1923 691 1950 αὑτοῦ
719 1923 787 1959 πρὸς
817 1923 898 1950 αὑτὸν

114 1970 359 2006 ἀναμορφουμένων
391 1971 431 2002 είς
457 1969 613 2005 ἀφθαρσίαν
643 1969 678 1996 δι’
709 1967 844 2004 ἁγιασμοῦ
869 1969 898 1996 ὲν

116 2015 261 2051 Πνεὺματι·
282 2015 380 2043 οὐκοῦν
403 2015 484 2047 αὐτὸς
509 2016 557 2050 μὲν
573 2015 652 2051 ἡμῶν
667 2014 749 2050 ἀρχὴ,
775 2015 898 2048 τουτέστι

115 2062 224 2098 κεφαλὴ,
240 2062 307 2089 καθὸ
325 2061 446 2097 πέφηνεν
464 2061 617 2096 ἄνθρωπος.
634 2061 711 2096 Ἔχει
736 2069 768 2096 γε
785 2061 844 2096 μὴν,
852 2068 898 2087 κει

116 2107 196 2142 φαλὴν
209 2106 300 2140 αὐτὸς,
322 2107 360 2139 ὡς
377 2107 456 2141 φύσει
479 2106 556 2140 Θεὸς,
578 2107 624 2133 τὸν
648 2107 678 2133 ὲν
698 2108 755 2138 τοῖς
773 2107 898 2141 οὐρανοῖς

118 2154 218 2188 Πατέρα
233 2161 239 2167 ’
256 2152 416 2188 γεγέννηται
434 2151 489 2188 γὰρ
504 2151 534 2184 ἐξ
549 2151 631 2179 αὐτοῦ
650 2152 720 2179 κατὰ
734 2151 815 2186 φύσιν
832 2152 898 2183 Θεὸς

116 2197 151 2223 ὼν
164 2198 177 2224 ὁ
190 2196 286 2231 Λόγος.
298 2196 360 2223 Ὅτι
374 2195 403 2222 δὲ
419 2196 436 2231 ἡ
453 2195 558 2230 κεφαλὴ
575 2196 702 2231 σημαίνει
732 2196 781 2232 τὴν
796 2197 895 2232 ἀρχὴν,

957 954 1027 973 mur.
1042 945 1095 973 Par
1109 949 1151 974 est
1165 946 1250 980 enim,
1269 951 1300 974 ut
1314 947 1441 982 religiosa
1465 953 1554 976 vestra
1570 949 1697 984 majestas
1721 954 1749 977 et

956 991 1014 1019 inec
1036 991 1115 1025 sciat,
1138 996 1166 1020 et
1192 991 1237 1020 illa
1258 999 1370 1028 quoque
1388 999 1441 1020 non
1470 993 1593 1028 ignoret;
1621 1001 1676 1029 quo
1700 1002 1747 1029 per

956 1042 1071 1072 utraque
1094 1037 1216 1073 perfecta
1245 1038 1364 1074 cognitio
1387 1038 1470 1066 veluti
1498 1039 1587 1067 lumen
1611 1041 1745 1074 quoddam

955 1085 1136 1112 sanctissimis
1159 1084 1262 1112 vestris
1290 1084 1427 1113 mentibus
1449 1085 1593 1113 inhabitet.
1618 1085 1746 1121 Proposi-

955 1136 1011 1159 tum
1025 1136 1067 1159 est
1080 1135 1170 1159 autem
1189 1131 1225 1159 ita
1241 1131 1348 1167 singula
1361 1132 1547 1167 interpretari,
1562 1136 1591 1159 ut
1610 1140 1745 1160 summam

955 1176 1055 1211 ubique
1071 1176 1232 1204 brevitatem
1252 1181 1452 1204 consectemur.
1469 1177 1602 1205 Ceterum
1622 1178 1744 1213 disputa-

956 1223 1036 1250 tionis
1061 1221 1140 1257 hujus
1164 1221 1306 1250 exordium
1332 1223 1367 1250 ab
1389 1222 1424 1250 iis
1443 1224 1598 1258 przecipue,
1624 1232 1685 1259 qua:
1710 1225 1743 1251 ad

955 1268 1036 1296 Verbi
1059 1267 1274 1295 exinanitionem
1298 1267 1445 1301 pertinent,
1469 1267 1559 1295 facere
1582 1268 1663 1302 libet;
1690 1277 1745 1296 uno

953 1314 1006 1341 hoc
1028 1313 1135 1340 interim
1153 1313 1304 1346 praemisso,
1331 1320 1392 1340 cum
1414 1312 1493 1341 .lesus
1515 1313 1640 1341 Christus
1657 1315 1744 1342 nomi-

953 1365 1044 1391 natur,
1063 1367 1115 1386 non
1135 1359 1219 1386 alium
1241 1366 1322 1393 quam
1340 1358 1387 1387 Dei
1410 1358 1502 1387 Patris
1519 1359 1636 1387 Verbum
1654 1360 1743 1388 incar-

953 1412 1058 1439 natum,
1083 1406 1255 1434 heminemve
1272 1406 1385 1439 factum,
1410 1412 1443 1434 eo
1463 1407 1573 1434 nurnine
1593 1406 1741 1442 designari.

988 1463 1020 1491 V.
1046 1473 1055 1490 ι
1072 1463 1140 1492 Volo
1164 1469 1254 1492 autem
1283 1471 1332 1491 vos
1362 1463 1450 1496 scire,
1481 1463 1553 1498 quod
1579 1464 1668 1491 omnis
1690 1464 1743 1491 viri

951 1515 1044 1545 caput,
1069 1510 1194 1538 Christus
1220 1513 1279 1543 est;
1305 1514 1386 1544 caput
1409 1515 1500 1536 autem
1526 1509 1660 1542 mulieris,
1681 1510 1741 1543 vir;

952 1561 1033 1590 caput
1055 1564 1120 1584 vero
1138 1555 1250 1588 Christi,
1271 1555 1344 1584 Deus
1355 1555 1390 1582 ⁷⁸.
1404 1554 1558 1582 -—Primus
1578 1556 1659 1583 homo
1679 1556 1741 1591 (hoc

951 1607 994 1630 est
1009 1602 1118 1638 Adam),
1142 1602 1176 1630 de
1199 1607 1272 1630 terra
1297 1607 1420 1629 terrenus
1437 1601 1595 1629 :secundus
1614 1601 1678 1638 (hoc
1698 1607 1742 1629 est

950 1648 1098 1684 Christus).
1113 1648 1146 1676 de
1154 1648 1230 1676 coelo
1243 1649 1374 1676 ctelestis.
1391 1647 1475 1683 Igitur
1487 1648 1558 1675 sicut
1571 1648 1741 1682 portavimus

950 1694 1096 1730 imaginem
1112 1694 1225 1728 terreni,
1241 1698 1383 1728 portemus
1401 1698 1428 1722 et
1450 1694 1595 1729 imaginem
1610 1694 1739 1726 celestis,

950 1739 1021 1767 sicut
1043 1738 1174 1774 scriptum
1193 1739 1281 1766 est".
1296 1748 1306 1765 ι
1320 1738 1440 1766 Primum
1459 1737 1542 1773 igitur
1563 1739 1671 1774 generis
1696 1747 1741 1766 no-

949 1784 1000 1812 stri
1021 1790 1113 1820 caput,
1132 1785 1186 1813 hoc
1209 1790 1253 1812 est
1275 1784 1465 1819 primordium,
1490 1784 1587 1818 Adam,
1608 1785 1642 1812 de
1668 1790 1738 1812 terra

950 1836 1076 1859 terrenus
1102 1835 1164 1858 erat
1188 1838 1196 1858 :
1219 1831 1348 1865 quoniam
1370 1838 1437 1858 vero
1469 1830 1594 1858 Christus
1627 1831 1737 1858 secundi

948 1876 1045 1904 Adami
1059 1881 1268 1911 cognomentum
1279 1876 1394 1904 sortitus
1405 1881 1457 1908 est,
1473 1883 1568 1903 eorum
1584 1880 1675 1909 caput,
1688 1875 1739 1902 hoc

948 1927 990 1950 est
1004 1922 1177 1957 principium,
1200 1922 1246 1956 qui
1260 1922 1489 1950 sanctiﬁcationis
1512 1921 1615 1956 Spiritu
1641 1923 1674 1948 ad
1698 1921 1739 1948 in-

948 1968 1150 2002 corruptionem
1170 1968 1318 1995 secundum
1340 1967 1569 2002 illiusimaginem
1587 1975 1635 2001 per
1649 1967 1737 2001 ipsum

949 2013 1143 2046 reformantur,
1166 2014 1330 2042 constitutus
1356 2019 1408 2042 est.
1430 2014 1477 2041 Est
1498 2014 1590 2047 itaque
1614 2019 1736 2040 nostrum

948 2060 993 2088 ille
1011 2060 1187 2095 principium,
1210 2061 1261 2087 hoc
1277 2065 1317 2088 est
1333 2064 1426 2095 caput,
1448 2064 1584 2094 quatenus
1601 2060 1681 2086 homo
1695 2066 1738 2093 ap«

948 2106 1039 2141 paruit
1055 2115 1062 2133 :
1079 2106 1162 2133 habet
1176 2106 1352 2133 nihilominus
1366 2111 1393 2132 et
1404 2106 1463 2140 ipse
1473 2113 1581 2138 quoque
1595 2109 1688 2138 caput,
1709 2109 1738 2130 ut

950 2157 1048 2179 natura
1065 2151 1136 2179 Deus
1159 2156 1211 2183 est,
1234 2159 1333 2186 nempe
1351 2150 1487 2178 catlestem
1503 2149 1612 2177 Patrem
1630 2158 1637 2176 :
1652 2157 1684 2177 ex
1704 2156 1737 2176 eo

948 2205 1068 2232 namque
1087 2197 1206 2226 Verbum
1226 2198 1296 2225 Deus
1308 2198 1456 2230 exsistens,
1480 2196 1643 2224 naturaliter
1665 2197 1737 2231 geni-

117 2242 222 2277 ἐμπεδοῖ
237 2242 288 2277 τὴν
308 2242 436 2277 ἀλήθειαν
454 2242 509 2268 τῶν
522 2241 710 2274 ὲνδοιαζόντων
721 2242 766 2268 τὸν
780 2241 843 2268 νοῦν
855 2242 895 2273 τὸ,

990 2253 1005 2271 η
1018 2249 1070 2271 est.
1087 2244 1164 2277 Quod
1183 2249 1272 2271 autem
1288 2244 1357 2271 idem
1373 2245 1408 2272 sit
1423 2248 1516 2279 caput,
1530 2243 1600 2278 quod
1618 2243 1735 2273 initium.

118 2287 230 2322 κεφαλὴν
245 2287 373 2321 λέγεσθαι
387 2287 432 2314 τὸν
450 2287 534 2322 ἄνδρα
557 2287 605 2322 τῆς
627 2287 770 2321 γυναικός·
792 2287 896 2323 ἐλήφθη

118 2335 166 2368 γὰρ
179 2333 207 2366 ἐξ
217 2332 309 2360 αὑτοῦ.
323 2331 371 2365 Εἷς
385 2333 440 2368 ἄρα
455 2333 572 2369 Χριστὸς
589 2333 635 2360 καὶ
646 2333 708 2365 Υἱὸς
722 2333 769 2359 καὶ
783 2333 895 2368 Κύριος,

118 2381 131 2405 ὁ
145 2379 259 2414 κεφαλὴν
279 2378 408 2414 ἕχων,ὡς
432 2379 499 2410 Θεὸς
522 2378 592 2406 κατὰ
614 2378 704 2413 φύσιν,
725 2378 772 2405 τὸν
790 2379 820 2404 ἐν
841 2379 898 2410 τοῖς

118 2425 232 2460 οὐρανοῖς
248 2424 368 2460 Πατέρα,
382 2423 502 2458 γεγονὼς
516 2423 546 2451 δὲ
560 2425 626 2459 ἡμῖν
641 2423 743 2459 κεφαλὴ
758 2423 801 2451 διά
812 2432 852 2450 τοι
867 2423 897 2449 τὸ

119 2470 181 2497 κατὰ
195 2470 282 2506 σάρκα
298 2469 437 2504 συγγενές.

153 2619 163 2638 t
181 2613 225 2645 ς’.
245 2611 396 2638 Γινώσκετε
412 2612 466 2646 γὰρ
480 2611 528 2647 τὴν
545 2612 624 2646 χάριν
637 2611 683 2638 τοῦ
699 2612 801 2647 Κυρίου
817 2612 894 2647 ἡμῶν

127 2657 202 2693 Ἰησοῦ
228 2656 357 2691 Χριστοῦ,
373 2657 413 2683 δτι
434 2657 468 2683 δι’
483 2657 554 2692 ὑμᾶς
574 2657 742 2693 ὲπτὼχευσε,
766 2656 893 2689 πλούσιος

121 2702 161 2732 ὼν,
184 2702 225 2729 ἵνα
249 2703 329 2736 ὑμεῖς
351 2703 384 2737 τῇ
406 2702 511 2728 ἐκείνου
535 2703 656 2738 πτωχείᾳ
677 2703 855 2738 πλουτήσητε.
880 2713 889 2729 ι

124 2748 205 2783 Ἃθρει
215 2747 246 2782 δή
261 2756 306 2782 μοι
320 2747 368 2774 καὶ
384 2747 456 2782 μάλα
472 2747 565 2781 σαφῶς
576 2747 603 2775 ἕν
614 2757 645 2780 γε
656 2749 773 2776 τουτοισὶ
788 2749 893 2784 καὶτῆς

122 2794 184 2825 θείας
196 2802 224 2820 τε
239 2794 286 2820 καὶ
294 2793 433 2830 ἀκηράτου
445 2793 550 2828 φύσεως
561 2795 610 2831 τὴν
621 2795 766 2830 ὑπεροχὴν,
783 2795 828 2821 καὶ
840 2795 892 2822 τῶν

948 2290 990 2317 vel
1002 2297 1084 2317 unum
1100 2290 1151 2317 hoc
1163 2289 1352 2316 ﬂuctuantium
1367 2290 1472 2316 animos
1485 2289 1528 2316 hic
1538 2289 1634 2316 sedare
1644 2293 1734 2323 queat,

947 2336 1018 2370 quod
1035 2336 1076 2362 vir
1101 2335 1224 2362 mulieris
1248 2341 1329 2370 caput
1345 2343 1405 2363 esse
1431 2335 1608 2370 perhibeatur
1623 2343 1630 2362 :
1647 2343 1681 2362 ex
1702 2342 1735 2361 eo

946 2383 1018 2410 enim
1040 2387 1146 2416 sumpta
1165 2385 1207 2409 cst
1225 2381 1281 2408 illa.
1302 2381 1379 2409 Unus
1402 2382 1493 2416 itaque
1511 2387 1554 2408 est
1569 2380 1693 2408 Christus
1708 2384 1735 2407 et

945 2428 1031 2456 Filius
1054 2433 1082 2456 et
1104 2428 1256 2455 Dominus:
1271 2427 1316 2463 qui
1338 2427 1447 2462 quidem
1474 2432 1503 2454 ut
1526 2433 1623 2454 natura
1652 2427 1732 2458 Deus.

949 2479 1030 2508 caput
1051 2474 1133 2502 habet
1154 2473 1262 2501 Patrem
1286 2474 1333 2509 qui
1357 2479 1400 2501 est
1424 2474 1451 2501 in
1475 2474 1552 2501 caelis
1566 2482 1573 2501 :
1587 2473 1674 2501 factus
1693 2478 1734 2499 est

949 2525 1040 2547 autem
1057 2520 1135 2548 nobis
1149 2524 1230 2555 caput
1247 2525 1357 2555 propter
1372 2525 1517 2555 assumptae
1529 2520 1620 2547 carnis
1633 2526 1733 2554 cogna-

949 2566 1058 2593 tionem.

984 2611 1030 2639 Vl.
1053 2621 1062 2637 ι
1078 2611 1160 2639 Scitis
1185 2612 1256 2639 enim
1284 2612 1399 2647 gratiam
1428 2612 1533 2640 Domini
1561 2611 1646 2638 nosui
1668 2611 1733 2638 Jesu

947 2657 1067 2691 ChriSti;
1092 2658 1221 2692 quoniam
1246 2663 1356 2692 propter
1377 2665 1426 2686 vos
1448 2665 1549 2693 egenus
1570 2657 1657 2685 factus
1679 2662 1731 2690 est,

946 2711 1007 2730 cum
1031 2709 1103 2731 esset
1126 2703 1213 2736 dives,
1233 2707 1262 2730 ut
1279 2703 1349 2730 illius
1369 2703 1457 2737 inopia
1479 2711 1526 2731 vos
1542 2703 1639 2730 divites
1658 2710 1732 2729 esse-

948 2750 1023 2777 lis".
1040 2759 1049 2776 ι
1067 2749 1184 2778 Observa
1201 2751 1245 2777 hic
1261 2750 1333 2777 clare
1346 2750 1424 2786 132
1438 2755 1465 2777 et
1480 2751 1578 2778 divinat
1593 2751 1731 2777 immorta-

948 2797 1034 2832 lisque
1049 2803 1151 2824 natum
1168 2798 1351 2830 eminentiam,
1367 2803 1393 2825 ct
1406 2798 1533 2825 humilem
1556 2805 1662 2824 rursum
1680 2796 1731 2823 hu-

151 2883 170 2899 "
183 2882 252 2911 l'sal.
269 2890 354 2917 uvn,
374 2883 416 2912 l9.
453 2884 475 2900 ⁷³
491 2882 576 2920 LCor.
596 2892 634 2918 xi,
648 2885 674 2912 5.
713 2885 733 2900 ⁷⁸
747 2884 830 2913 lCor.
847 2885 944 2920 xv,47.
964 2886 1005 2923 v7“
1024 2885 1045 2912 ll
1062 2887 1124 2915 Cor.
1138 2894 1194 2920 un,
1208 2885 1234 2913 ὓ.
