1872 3057
129 113 196 140 Γίό

614 113 643 139 S.
663 113 797 158 οιιιιιιι
818 112 1049 141 ALEXANDle
1068 113 1226 140 ARCIHEP.

1689 109 1764 139 tau

129 176 216 195 nmmo
234 174 337 196 natura:
356 169 549 200 conditionem,
571 177 603 196 ac
618 176 749 204 prmterea
767 171 890 204 ntrinsqn

1025 170 1232 205 ἀνθρωπότητος
1249 170 1353 205 μέτρων
1363 170 1393 196 τὸ
1407 169 1563 203 ὑφειμένον,
1578 167 1629 194 καὶ
1647 167 1765 202 προσέτι

129 216 289 245 uniiioucm.
307 223 339 242 eo
357 215 427 248 quod
449 214 610 249 Unigenitus
626 215 697 242 uitro
714 217 746 242 ad
767 218 835 242 hanc
851 223 911 242 sese

128 262 246 288 demisit.
268 261 399 294 Quoniam
422 265 452 287 ut
467 261 618 288 divinitatis
641 269 705 296 opes
727 269 833 289 onmem
850 270 911 288 ora-

129 308 209 334 tionis
232 307 285 333 vim
305 312 330 333 et
351 307 455 341 copiam
474 306 552 341 longe
575 312 714 341 superant,
737 308 773 333 ita
796 307 910 333 lnnnana

129 357 222 377 natura
245 352 388 377 admodum
414 351 491 385 inops
517 355 544 377 et
566 358 650 385 egena
677 357 734 382 est;
752 352 849 385 quippe
869 350 911 377 cui

128 396 229 427 onmia,
244 396 375 431 quidquid
396 397 504 422 tandem
527 396 552 423 in
572 397 650 423 bonis
668 397 759 428 habet,
777 397 884 423 uelites
897 405 910 422 a

129 441 183 467 Duo
200 441 320 475 impensa
337 442 392 468 sint
408 447 454 469 :et
469 447 531 469 ante
545 443 635 469 omnia
654 442 722 469 illud
738 450 798 470 esse
813 443 910 477 ipsum,

127 493 180 519 quo
201 488 325 516 exsistit:
354 495 416 514 nant
440 495 500 515 cum
525 488 671 522 aliquando
694 496 746 515 non
768 493 850 520 esset,
879 490 911 515 ad

127 531 315 559 o-xsistentiam
336 540 350 558 a
377 532 432 559 Deo
457 538 566 560 evocata
597 538 648 561 est.
676 534 726 566 Qui
751 541 816 568 ergo
839 534 914 560 dives

127 583 187 603 erat
206 583 233 604 ut
259 577 339 610 Dens,
359 579 383 606 is
401 584 496 614 sponte
519 587 631 614 egenus,
654 580 794 614 nostrique
818 580 913 607 similis

129 622 216 650 lactus
231 628 282 655 est,
300 632 353 658 quo
372 625 489 651 humana
505 630 599 651 natura
618 626 643 651 in
661 625 715 655 illo.
732 626 765 652 ad
780 626 913 653 excellen-

129 668 173 695 tire
195 669 292 696 divina:
314 669 451 705 fastigium
469 675 574 702 evecta,
590 671 756 705 paupertatis
774 671 910 698 confusio-

130 721 190 740 nem
207 719 329 742 exneret.
345 724 354 740 ι
370 715 606 743 Conresuscitavit
619 717 703 748 enim,
722 721 750 743 et
765 717 914 744 consedere

129 766 179 786 nos
193 759 256 786 fecit
271 759 340 787 Deus
351 760 430 788 Pater
442 761 468 788 in
485 761 642 789 caelestibus
654 762 679 788 in
690 762 798 790 Christo
811 762 885 794 Jesn,
903 773 911 787 ι

131 809 160 832 ιιι
174 806 303 840 scriptum
315 810 356 833 est
368 807 401 832 "'.
422 806 502 842 Atqui
517 815 685 842 nequaquam
700 808 753 835 huc
769 809 854 836 evecti
869 816 912 836 es-

964 217 1049 251 τούτῳ
1060 216 1108 250 τὴν
1123 217 1222 250 ἀμφοῖν
1237 216 1275 247 εἰς
1286 216 1398 251 ἑνότητα
1414 216 1560 250 σύμϐασιν,
1577 213 1678 239 ἑαυτὸν
1693 213 1763 238 καθ-

965 261 1040 292 έντος
1059 262 1098 292 εἰς
1118 261 1198 287 τοῦτο
1228 261 1274 287 τοῦ
1293 260 1471 294 Μονογενοῦς.
1489 259 1585 290 Οὐδεὶς
1601 258 1658 293 γὰρ
1681 258 1765 291 λόγος

964 306 1183 342 διερμηνεύσειεν
1197 307 1229 333 ειν
1245 307 1289 332 τὸν
1304 308 1353 341 τῆς
1367 306 1495 340 θεότητος
1511 304 1628 331 πλοῦτον
1638 311 1645 318 ·

964 353 992 379 δὲ
1018 353 1079 379 λίαν
1099 354 1115 388 ἡ
1139 352 1324 388 ἁνθρωπότης,
1389 352 1476 377 πάντα
1493 351 1552 376 ἐστὶ
1575 349 1706 376 θεόσδοτά
1732 357 1764 374 τε

965 399 1012 425 καὶ
1025 398 1138 429 ἄνωθεν,
1162 399 1208 424 καὶ
1227 397 1292 423 αὐτὸ
1307 396 1336 423 δὲ
1358 396 1411 432 πρὸ
1431 395 1540 422 πάντων
1556 395 1588 421 τὸ
1610 393 1701 421 εἶναι·
1716 394 1765 419 κέ-

965 445 1062 479 κληται
1077 445 1130 480 γὰρ
1146 444 1221 479 παρὰ
1237 443 1283 470 τοῦ
1305 443 1372 470 Θεοῦ
1386 443 1454 478 πρὸς
1469 442 1597 478 ὓπαρξιν,
1617 442 1669 468 οὐκ
1692 439 1766 467 οὗσεὶ

966 499 1040 518 ποτε.
1069 490 1138 517 Ἀλλ’
1153 491 1167 516 ό
1192 489 1318 521 πλούσιος
1339 489 1377 520 ὡς
1397 488 1473 520 Θεὸς,
1502 488 1645 522 ὲθελοντὴς
1669 486 1766 514 ἐπτώ-

966 544 1056 571 χευσε,
1073 536 1120 563 καὶ
1133 535 1227 570 γέγονε
1244 535 1306 562 καθ’
1318 535 1401 570 ἡμᾶς·
1418 534 1462 561 ἵνα
1473 534 1567 560 λοιπὸν
1580 535 1597 568 ἡ
1613 533 1763 568 ἀνθρώπου

967 580 1057 614 φύσις,
1074 581 1102 607 ὲν
1115 581 1171 611 τοῖς
1183 581 1232 614 τῆς
1245 579 1319 611 θείας
1338 579 1475 615 ὑπεροχῆς
1486 578 1633 613 ἑψώμασιν
1649 579 1681 604 ὲν
1694 578 1764 612 Χρι-

967 626 1022 661 στῷ
1042 626 1185 662 γενομένη,
1211 626 1241 652 τὸ
1262 626 1312 660 τῆς
1335 625 1472 660 πτωχείας
1487 623 1582 659 αἶσχος
1603 623 1764 651 ἀποσκευά-

967 671 1049 702 ζοιτο.
1070 680 1079 696 ι
1097 671 1244 706 Συνηγειρε
1262 670 1316 706 γὰρ
1340 671 1413 704 ἡμᾶς
1435 670 1450 695 ὁ
1472 669 1539 700 Θεὸς
1555 669 1601 696 καὶ
1619 668 1715 703 Πατὴρ
1733 671 1764 694 ἐν

967 715 1087 750 Χριστῷ,
1103 716 1150 741 καὶ
1166 715 1342 742 συνεκάθισεν
1354 715 1384 741 ἐν
1397 715 1453 746 τοῖς
1466 713 1652 749 ἐπουρανίοις,
1661 722 1670 738 ι
1688 714 1763 739 καθὰ

967 762 1130 797 γέγραπται.
1161 761 1230 787 Ἀλλ’
1245 761 1295 787 οὐκ
1317 761 1350 787 ἂν
1374 761 1526 795 γεγόναμεν
1550 761 1581 786 ὲν
1601 759 1720 790 τούτοις,
1739 760 1764 784 εἰ

969 807 1006 842 μὴ
1023 807 1072 842 τὴν
1087 806 1279 842 πτωχεύουσαν
1293 807 1451 841 ἠμπέσχετο
1461 806 1541 840 φύσιν
1553 806 1568 831 ὁ
1579 805 1708 836 πλούσιος
1724 805 1764 835 ὡς

130 859 231 883 senius,
248 851 300 878 nisi
315 852 391 880 dives
408 858 438 879 ut
453 853 533 884 Dens,
551 861 696 887 pauperem
713 858 793 888 atque
808 855 893 889 inopct

1008 853 1042 884 ὃς.
1059 852 1095 878 οὺ
1107 852 1162 887 γάρ
1171 861 1222 878 που
1233 853 1418 887 πτωχεύσειεν
1432 852 1465 878 ἂν
1480 853 1494 878 ὁ
1507 852 1580 878 κατὰ
1594 851 1678 885 φύσιν
1694 850 1764 876 ξὸίαν

131 901 249 924 nostram
265 902 389 925 naturam
406 898 547 925 induisset.
569 898 659 933 Neque
673 899 744 926 enim
764 899 844 927 homo
854 907 914 927 cum

130 948 225 978 suapte
242 949 338 970 natura
355 952 456 978 panper
471 945 517 978 sit,
541 945 619 981 inops
635 946 691 973 ﬁeri
711 951 784 974 recte
797 947 913 974 dicitur:

131 989 182 1015 huc
196 995 286 1016 autem
313 991 350 1017 illi
368 991 562 1018 convenienter
587 1000 636 1018 usu
651 993 759 1019 vertisse
775 994 914 1024 esst-ritur,

130 1034 175 1067 qui
191 1035 257 1062 citra
278 1043 387 1063 omnem
408 1038 622 1064 controversiam
644 1038 718 1064 dives
734 1043 786 1067 est.
805 1039 855 1065 hoc
875 1044 916 1066 est

131 1078 176 1105 liei
194 1078 280 1107 Patris
298 1079 427 1112 Verbum,
446 1086 622 1116 posteaquam
641 1082 721 1108 homo
743 1083 826 1110 nostri
842 1083 916 1110 simi-

130 1125 163 1151 lis
179 1125 278 1152 iactent
296 1132 346 1153 est.
364 1126 439 1154 Unus
463 1127 554 1162 itaque
577 1131 618 1154 est
631 1128 756 1154 Christus
774 1133 800 1154 ct
820 1127 914 1156 Filius.

163 1169 216 1198 VII.
241 1179 250 1196 ‹
266 1171 390 1199 Christus
413 1180 461 1199 nos
486 1173 602 1199 redemit
622 1176 654 1200 de
673 1174 816 1200 maledicto
837 1174 916 1208 legis,

130 1217 218 1242 factus
240 1224 288 1251 pro
310 1218 387 1245 nobis
412 1219 584 1246 maledictum
600 1228 607 1246 :
621 1219 682 1252 quia
702 1220 831 1253 scriptum
849 1225 892 1246 est
908 1228 914 1246 :

131 1261 286 1289 Iialedictus
303 1264 391 1290 omnis
407 1264 453 1299 qui
468 1265 569 1298 pendet
585 1265 610 1291 in
627 1265 699 1300 ligno
711 1265 745 1290 ⁷⁷.
765 1274 774 1290 ι
795 1265 849 1292 Lex
870 1273 916 1292 eos

130 1306 311 1335 maledictioni
333 1309 465 1336 obnoxios
481 1310 653 1342 decernebat,
667 1310 713 1344 qui
735 1311 760 1336 in
776 1316 915 1344 peccatum

129 1357 175 1378 aut
197 1354 447 1386 prevaricationem
469 1355 658 1382 incurrissent.
678 1355 712 1381 At
734 1363 798 1382 vero
813 1355 915 1389 peccati

129 1397 248 1429 nescius,
274 1398 325 1425 hoc
344 1403 386 1426 est
408 1399 542 1432 Christus,
566 1400 656 1434 iniqua
683 1400 815 1426 sententia
837 1401 862 1426 in
888 1408 917 1427 se

129 1448 252 1477 excepta,
278 1443 368 1471 crucis
391 1445 551 1479 supplicium
579 1445 672 1476 subiit,
694 1453 780 1479 eaque
796 1445 915 1480 pertulit,

129 1495 190 1521 qum
217 1489 362 1516 maledicto
383 1490 521 1518 obstrictis
539 1490 601 1525 jure
622 1491 806 1524 debebantur;
826 1491 914 1524 utqui

967 899 1113 934 πτωχεύων
1124 898 1278 934 ἄνθρωπος.
1293 898 1378 925 Πάθοι
1392 899 1415 925 δ’
1427 898 1460 925 ἂν
1474 897 1553 924 τοῦτο
1568 897 1761 933 πρεπωδέστε-

968 953 1013 980 ρον
1029 946 1043 970 ὁ
1057 944 1183 975 πλούσιος
1198 944 1316 979 ἀληθῶς,
1330 944 1470 970 τουτέστιν
1483 944 1498 970 ὁ
1511 943 1543 969 ὲκ
1561 942 1630 969 Θεοῦ
1652 942 1764 976 Πατρὸς

967 991 1061 1024 Λόγος,
1077 991 1121 1017 ὅτε
1135 990 1231 1024 γέγονε
1248 989 1309 1016 καθ’
1324 991 1409 1024 ἡμᾶς.
1424 988 1472 1021 Εἷς
1492 986 1540 1016 οὖν
1554 988 1608 1024 ἄρα
1631 990 1695 1016 ἐστὶ
1714 990 1764 1015 καὶ

967 1035 1084 1072 Χριστὸς
1098 1038 1146 1062 καὶ
1158 1035 1231 1068 Υἱός.

1005 1182 1014 1197 ι
1037 1172 1072 1198 Z’.
1093 1171 1210 1207 Χριστος
1225 1171 1300 1206 ἡμᾶς
1322 1170 1491 1206 ἐξηγόρασεν
1511 1171 1544 1197 ὲκ
1568 1171 1618 1205 τῆς
1636 1169 1762 1204 κατάρας

967 1219 1013 1244 τοῦ
1036 1219 1129 1253 νόμου,
1148 1217 1292 1252 γενόμενος
1319 1216 1389 1252 ὑπὲρ
1415 1216 1494 1252 ἡμῶν
1512 1217 1631 1252 κατάρα.
1655 1217 1761 1251 Γέγρα-

968 1272 1032 1290 πται
1049 1264 1112 1298 γάρ·
1138 1263 1350 1297 Ἐπικατάρατος
1367 1263 1420 1294 πᾶς
1434 1263 1447 1289 ό
1462 1263 1636 1298 κρεμάμενος
1652 1262 1700 1288 ἐπὶ
1714 1262 1762 1295 Et};

967 1310 1024 1336 λου.
1043 1318 1051 1334 ι
1069 1308 1120 1335 Τοῦ
1137 1307 1248 1342 νομικοῦ
1263 1308 1426 1344 γράμματος
1442 1308 1579 1343 ἐπάρατον
1593 1308 1761 1342 ἀποφαίνον-

966 1364 1011 1386 τος
1038 1355 1084 1381 τὴν
1109 1355 1137 1380 ὲν
1158 1353 1312 1388 παραϐάσει
1345 1354 1391 1379 καὶ
1417 1353 1548 1388 ἁμαρτίᾳ,
1572 1353 1588 1378 ὁ
1617 1352 1655 1388 μὴ
1682 1352 1760 1383 εἰδὼς

967 1400 1114 1436 ἁμαρτίαν,
1140 1400 1264 1426 τουτέστι
1288 1399 1415 1434 Χριστὸς,
1433 1400 1615 1434 ύπενήνεκται
1630 1399 1664 1433 τῇ
1686 1399 1759 1432 δίκῃ.

966 1446 1057 1481 ψῆφον
1079 1445 1171 1472 ἄδικον
1190 1444 1349 1479 ὑπομείνας,
1372 1443 1420 1470 καὶ
1435 1444 1470 1470 τὰ
1495 1444 1550 1475 τοῖς
1566 1444 1596 1469 ὲν
1613 1443 1669 1478 ἀρᾷ
1694 1443 1758 1477 πρέ-

969 1500 1052 1517 ποντα
1069 1490 1172 1517 παθών·
1187 1489 1314 1516 ἴναότῶν
1328 1489 1397 1516 ὅλων
1408 1489 1545 1521 ἀντάξιος,
1563 1489 1635 1523 ὑπὲρ
1651 1489 1759 1515 πάντων

130 1534 319 1562 universorum
329 1536 445 1570 pretium
455 1537 626 1571 exmquubat,
634 1538 822 1565 universorum
834 1545 893 1564 caus

1008 1536 1124 1568 ‘00atw‘uv,
1148 1537 1196 1571 τῆς
1213 1536 1341 1562 ἁπάντων
1361 1535 1502 1566 ἀπειθείας
1524 1535 1594 1571 λύσῃ
1612 1537 1647 1561 τὰ
1663 1535 1760 1568 ἐγκλήο

131 1585 244 1606 mortem
263 1589 417 1615 perpessus,
439 1583 581 1610 universos
604 1583 637 1609 ab
656 1583 844 1610 inobedientite
867 1583 918 1610 cri-

131 1625 202 1651 mine
215 1626 378 1659 exsolveret,
396 1632 424 1654 et
437 1628 530 1655 orbem
544 1629 699 1655 universum
720 1636 769 1656 suo
785 1630 918 1663 sanguine

132 1671 288 1698 redimeret.
303 1672 439 1700 Caeterum
455 1674 570 1709 pretium
588 1682 637 1708 pro
653 1675 839 1702 universorum
855 1683 917 1710 pec-

131 1717 200 1744 catis
215 1726 285 1746 unus
303 1727 473 1754 nequaquam
492 1720 677 1754 persolvisset,
701 1721 724 1748 si
741 1729 824 1756 purus
837 1721 918 1749 homo

132 1767 236 1790 tantum
264 1766 424 1793 exstitisset.
451 1765 528 1799 Quod
553 1767 576 1793 si
603 1772 632 1792 ut
652 1765 723 1794 Deus
749 1769 916 1800 incarnatus,

133 1809 296 1844 propriaque
313 1811 338 1837 in
356 1819 440 1838 carne
452 1817 566 1840 mortem
583 1821 732 1848 perpessus
747 1819 836 1840 mente
849 1821 917 1840 con-

133 1855 259 1890 cipialur,
276 1857 402 1884 universa
418 1862 540 1888 creatura
564 1859 700 1886 modicum
715 1861 778 1894 quid
797 1860 849 1886 erit
867 1860 921 1893 ipsi.

971 1592 1055 1619 ματα,
1072 1582 1117 1609 καὶ
1131 1582 1254 1618 ἀγοράσῃ
1272 1582 1322 1616 τὴν
1337 1581 1382 1608 ὑπ’
1397 1581 1511 1616 οὐρανὸν
1525 1581 1622 1615 αἵματι
1638 1580 1678 1615 τῷ
1694 1580 1758 1615 ἰδίῳ.

970 1630 1027 1656 Οὐκ
1039 1628 1072 1655 ἂν
1084 1625 1131 1655 οὖν
1150 1628 1260 1660 γέγονεν
1275 1624 1315 1658 εἷς
1330 1627 1456 1653 ἁπάντων
1479 1626 1614 1658 ἀντάξιος,
1632 1626 1714 1660 εἰπερ
1729 1623 1761 1659 ἦν

969 1675 1111 1711 ἄνθρωπος
1126 1674 1228 1705 ἁπλῶς.
1249 1674 1280 1700 Εἰ
1293 1673 1322 1700 δὲ
1344 1673 1376 1708 δὴ
1395 1674 1479 1699 νοοῖτο
1501 1673 1566 1703 Θεὸς
1582 1671 1760 1707 ὲνηνθρωπη-

970 1721 1035 1753 κὼς,
1050 1721 1096 1747 καὶ
1112 1720 1194 1755 σαρκὶ
1207 1721 1239 1754 τῇ
1258 1719 1311 1754 ἰδίᾳ
1332 1718 1437 1751 παθὼν,
1457 1718 1535 1752 ὀλίγη
1555 1718 1625 1753 πρὸς
1642 1718 1724 1744 αὐτὸν
1744 1719 1760 1752 ὴ

971 1768 1102 1803 σύμπασα
1120 1767 1218 1798 κτίσις,
1237 1766 1284 1792 καὶ
1300 1766 1407 1800 ἀπόχρη
1426 1765 1494 1800 πρὸς
1519 1765 1620 1800 λύτρον
1641 1765 1692 1799 τῆς
1716 1765 1760 1791 ὑπ’

970 1813 1083 1849 οὐρανὸν
1097 1814 1111 1840 ό
1135 1813 1199 1847 μιᾶς
1215 1811 1316 1847 σαρκδς
1329 1811 1458 1843 θάνατος·
1481 1811 1534 1838 ἰδία
1549 1811 1603 1846 γάρ
1617 1809 1652 1846 ἦν
1668 1811 1715 1837 τοῦ
1731 1812 1760 1836 ἐκ

970 1859 1038 1886 Θεοῦ
1053 1859 1159 1894 Πατρός
1174 1858 1272 1892 φύντος
1287 1857 1385 1890 Λόγου.

131 1905 303 1934 comparata;
321 1907 402 1936 atque
426 1903 493 1930 adeo
512 1904 545 1930 ad
567 1905 677 1931 humani
714 1904 823 1939 generis
856 1905 1044 1932 liberationem
1066 1905 1145 1931 unius
1159 1903 1250 1930 carnis
1266 1910 1339 1930 mors
1374 1902 1480 1930 abunde
1503 1907 1545 1929 sat
1561 1902 1666 1929 fuerit:
1699 1910 1759 1936 pro-

132 1947 190 1981 pria
208 1948 280 1975 enim
294 1954 354 1976 erat
369 1949 462 1983 Verbi,
477 1951 549 1986 quod
567 1959 600 1979 ex
616 1952 670 1979 Deo
684 1958 777 1979 natum
793 1957 846 1980 εει,

168 1993 235 2021 νιιι.
259 2004 268 2020 ι
285 1994 352 2022 Eum
368 2002 457 2023 autem
478 1997 523 2036 qui
539 1998 644 2025 modico
657 2006 739 2032 quam
757 1999 845 2034 angeli
867 1998 918 2025 mi-

133 2043 244 2068 noratus
273 2046 333 2074 est,
361 2042 484 2070 videmus
507 2042 599 2070 Jesum
626 2049 737 2078 prepter
765 2045 919 2078 passionem

135 2086 240 2119 mortis,
257 2087 340 2121 gloria
363 2093 390 2114 et
405 2088 508 2116 honore
525 2095 683 2117 coronatum
697 2099 704 2119 :
727 2096 754 2117 ut
770 2091 856 2125 gratia
873 2090 919 2117 Dei

132 2139 182 2166 pro
208 2133 334 2160 omnibus
358 2139 480 2168 gustaret
494 2135 572 2170 133
593 2141 707 2163 mortem
719 2137 753 2162 ".
772 2146 781 2162 ι
810 2135 921 2163 Divinos

135 2177 231 2203 Paulus
255 2178 312 2204 Inec
336 2186 444 2206 rursum
470 2179 504 2206 de
525 2180 634 2207 Christo
655 2181 774 2208 omnium
798 2187 919 2208 nostrum

133 2222 274 2249 Salvatore
293 2231 489 2251 commemorat
504 2235 509 2252 :
526 2235 536 2251 ι
551 2225 618 2253 Cum
632 2227 854 2261 primogenitum,
871 2229 919 2260 ait,

134 2269 281 2296 introducit
298 2269 324 2295 in
347 2270 441 2297 orbem
457 2275 545 2301 terrae.
566 2272 653 2299 dicit:
674 2272 707 2299 Et
723 2273 838 2299 adorent
859 2280 919 2300 eum

133 2322 227 2342 omnes
252 2316 340 2350 angeli
365 2316 456 2344 Dei".
472 2326 482 2342 ι
507 2317 541 2345 Ει
557 2318 676 2346 iterum:
695 2327 704 2344 ι
720 2319 771 2352 Qui
798 2327 859 2346 cum
884 2320 921 2346 sit

134 2360 261 2394 splendor
277 2361 378 2396 gloriae.
396 2367 421 2388 el
437 2362 521 2397 ﬁgura
535 2363 695 2391 substantiae
709 2365 779 2400 ejus,
795 2370 921 2399 portans-

134 2415 187 2441 (μισ
209 2409 299 2434 omnia
323 2409 406 2436 verbo
428 2410 538 2436 virtutis
559 2418 625 2443 suae,
650 2412 838 2446 purgationem
858 2419 922 2446 pec-

135 2458 256 2480 catorum
284 2460 440 2486 nostrorum
466 2456 587 2490 faciensi,
615 2457 692 2485 sedet
716 2458 751 2485 ad
778 2458 918 2485 dexteram

137 2498 226 2525 throni
250 2499 400 2532 majestatis
423 2501 450 2528 in
471 2502 604 2535 excelsis;
630 2507 703 2530 tanto
721 2503 818 2530 melior
840 2510 920 2538 ange-

138 2543 170 2568 lis
192 2542 315 2575 eﬂ‘ectns,
339 2550 440 2578 quanto
467 2545 636 2574 (iiﬂ‘crentius
660 2555 714 2581 ιιι-ω
744 2548 796 2574 illis
823 2554 919 2574 nomen

140 2589 318 2617 Inereditavit.
334 2591 381 2629 (Ini
397 2593 468 2618 enim
491 2593 560 2619 dixit
577 2593 722 2627 aliquando
741 2594 897 2629 angelorum
914 2602 920 2620 ι

138 2633 222 2660 Filius
256 2643 332 2663 meus
365 2627 395 2663 es
425 2641 473 2668 tu,
506 2646 556 2672 ego
584 2639 663 2666 hodie
692 2639 771 2674 genui
802 2645 826 2666 te
843 2639 890 2665 *οἳ
911 2649 920 2664 ι

140 2679 253 2710 Quando
283 2688 347 2713 ergo
377 2681 537 2716 Unigenitus
567 2683 654 2711 factus
682 2688 725 2711 est
758 2683 923 2719 primogeni~

142 2729 195 2755 tus,
219 2731 243 2752 et
269 2733 338 2753 unus
358 2735 374 2753 ο
399 2727 489 2755 multis
512 2729 653 2761 fratribus,
676 2733 740 2756 tunc
768 2736 794 2755 ct
817 2730 842 2755 iu
870 2734 923 2755 ter-

181 2813 202 2826 ”
220 2813 316 2846 liphcs.
335 2816 401 2846 ",6.
439 2816 461 2831 "
477 2816 564 2843 Galat.
583 2825 623 2850 ιιι,
643 2817 683 2844 15.

722 2818 743 2831 ⁷’⁵
761 2816 841 2844 llchr.
860 2825 890 2848 ιι,
905 2816 931 2843 ‘J.

1012 2007 1021 2023 ι
1043 1998 1084 2024 Η’.
1096 1998 1149 2024 Τὸν
1162 1996 1191 2022 δὲ
1208 1996 1294 2032 βραχύ
1306 2004 1331 2022 τι
1344 1995 1409 2030 παρ’
1423 1995 1556 2029 ἀγγέλους
1570 1994 1760 2029 ἠλαττωμένον

973 2044 1108 2079 βλέπομεν
1129 2043 1244 2078 Ἰησοῦν,
1260 2042 1305 2069 διὰ
1318 2041 1349 2068 τὸ
1369 2041 1486 2077 πάθημα
1497 2041 1544 2067 τοῦ
1558 2040 1688 2071 Θανάτου,
1701 2040 1760 2075 δόξῃ

972 2091 1019 2117 καὶ
1041 2091 1108 2126 τιμῇ
1133 2088 1366 2123 ἐστεφανωμένον,
1387 2088 1460 2119 ὅπως
1485 2088 1578 2122 χάριτι
1603 2086 1673 2113 Θεοῦ
1694 2087 1759 2122 ὑπὲρ

973 2135 1072 2166 παντὸς
1087 2135 1219 2169 γεύσηται
1233 2134 1360 2160 θανάτου.
1381 2142 1391 2158 ›
1412 2133 1441 2160 ’0
1455 2133 1484 2160 δὲ
1499 2132 1644 2163 θεσπέσιος
1660 2132 1760 2162 Παῦλος

972 2185 1033 2213 τοὺς
1048 2181 1167 2216 περὶτοῦ
1182 2180 1292 2207 πάντων
1306 2179 1384 2215 ἡμῶν
1399 2179 1525 2214 Σωτῆρος
1540 2178 1660 2213 Χριστοῦ
1675 2178 1760 2204 ποιού-

974 2236 1052 2262 μενος
1066 2227 1175 2261 λόγους.
1197 2236 1206 2252 ι
1223 2226 1309 2252 ’Ὅταν
1322 2225 1351 2252 δὲ
1367 2225 1512 2260 εἰσαγάγῃ,
1527 2224 1605 2258 φησι,
1621 2224 1668 2250 τὸν
1688 2232 1759 2258 πρω-

971 2274 1081 2299 τότοκον
1098 2273 1137 2303 εἰς
1158 2271 1207 2307 τὴν
1222 2271 1397 2306 οἰκουμένην,
1420 2270 1511 2304 λέγει·
1536 2270 1592 2296 Καὶ
1609 2277 1760 2304 προσκυνη-

973 2319 1098 2346 σάτωσαν
1117 2318 1189 2352 αὐτῷ
1215 2318 1315 2348 πάντες
1335 2316 1447 2351 ἄγγελοι
1468 2315 1546 2342 Θεοῦ.
1566 2325 1575 2340 ›
1598 2316 1655 2342 Καὶ
1672 2315 1757 2342 πάλιν·

977 2375 987 2392 ‹
1010 2366 1058 2397 ’ος
1073 2364 1111 2391 ὣν
1125 2364 1295 2398 ἀπαύγασμα
1315 2363 1364 2398 τῆς
1378 2362 1468 2397 δόξης,
1484 2363 1530 2388 καὶ
1550 2360 1694 2397 χαρακτὴρ
1717 2361 1760 2394 τῆς
1799 2361 1803 2365 ”

975 2411 1149 2443 ὑποστάσεως
1165 2410 1258 2442 αὑτοῦ,
1280 2408 1371 2444 φέρων
1395 2417 1426 2434 τε
1441 2407 1476 2434 τὰ
1491 2408 1580 2434 πάντα
1600 2407 1640 2442 τῷ
1666 2408 1760 2442 ῥήματι

975 2458 1023 2493 τῆς
1031 2457 1172 2491 δυνάμεως
1183 2455 1277 2487 αὑτοῦ,
1285 2454 1456 2489 καθαρισμὸν
1466 2453 1521 2480 τῶν
1532 2452 1677 2488 ἁμαρτιῶν
1689 2452 1759 2487 ἡμῶν

975 2503 1167 2538 ποιησάμενος,
1189 2501 1314 2528 ἐκάθισεν
1337 2501 1366 2526 ἐν
1380 2500 1455 2535 δεξιᾷ
1469 2498 1515 2525 τοῦ
1533 2498 1631 2534 θρόνου
1653 2498 1705 2532 τῆς
1718 2506 1760 2532 μευ

974 2548 1132 2582 γαλωσύνης
1156 2548 1184 2573 ὲν
1199 2545 1321 2580 ὑψηλοῖς,
1337 2545 1458 2580 τοσούτῳ
1473 2544 1604 2578 κρείττων
1619 2543 1758 2576 γενόμενος

975 2593 1027 2619 τῶν
1043 2592 1180 2626 ἀγγέλων,
1203 2593 1258 2626 ὅσῳ
1279 2590 1478 2625 διαφορώτερον
1504 2588 1569 2622 παρ’
1598 2588 1698 2618 αὐτοὺς
1720 2595 1758 2612 κε-

976 2638 1178 2673 κληρονόμηκεν
1192 2637 1287 2671 ὅνομα.
1302 2637 1323 2662 Τ
1327 2636 1360 2662 iv:
1377 2636 1431 2671 γὰρ
1445 2633 1506 2662 εἶπὲ
1523 2643 1588 2661 ποτε
1609 2634 1666 2660 τῶν
1686 2632 1758 2666 ἀγγέ-

975 2684 1044 2709 λων·
1063 2682 1125 2712 Υἱός
1142 2690 1191 2712 μου
1206 2679 1231 2707 εἴ
1250 2681 1293 2713 σὺ,
1309 2679 1365 2714 ἐγὼ
1383 2680 1503 2715 σήμερον
1516 2678 1671 2713 γεγέννηκά
1691 2686 1734 2709 aa;
1748 2685 1756 2701 ι

977 2728 1080 2755 Οὐκοῦν
1095 2728 1138 2754 ὅτε
1153 2728 1247 2761 γέγονε
1268 2725 1439 2761 πρωτότοκος
1455 2725 1470 2751 ὀ
1486 2725 1654 2759 Μονογενὴς,
1670 2723 1715 2750 καὶ
1735 2723 1758 2748 ἐν

971 2817 992 2832 ⁷⁷
1011 2815 1090 2842 Hebr.
1108 2822 1127 2847 1,
1147 2814 1174 2841 6.
1213 2814 1235 2829 “°
1251 2813 1314 2840 ibid.
1333 2813 1393 2840 3-5.
