1872 3057
131 103 198 130 1547

128 170 180 196 que
209 168 262 188 non
285 160 419 192 inanime,
446 163 475 186 ut
500 159 608 193 quidam
632 160 734 194 opinati
761 166 840 188 sunt.
865 160 911 186 sed
928 164 948 190 Α

129 208 253 234 animata:
269 206 356 236 carni,
374 205 453 232 modo
469 213 550 238 quem
570 206 686 232 humana
703 213 779 232 mens
800 214 851 232 non
869 214 912 231 ca-

129 253 178 286 pit,
192 253 311 286 seipsmn
328 251 435 282 uniens,
457 256 603 284 ortumque
617 258 648 276 ex
668 250 781 277 muliere
798 250 911 281 ducens.

127 298 202 325 carni
223 302 249 324 et
270 296 393 331 sanguini
410 297 521 331 perinde
546 304 576 322 ac
595 304 664 323 unus
689 304 721 323 ex
743 296 819 323 nobis
839 304 911 323 com-

129 343 285 370 municavit.
305 344 393 377 Atque
418 342 453 368 ita
481 349 551 368 unus
571 342 703 368 duntaxat
726 347 768 368 est
783 341 913 368 Dominus

127 389 205 417 Jesns
230 388 364 415 Christus.
391 387 458 414 Nam
483 389 534 414 etsi
559 387 605 414 Dei
629 386 745 414 Verbum
768 388 912 414 humanam

129 439 251 462 naturam
265 434 316 461 sibi
332 433 472 464 asciverit,
491 434 575 460 nihilo
592 438 682 460 tamen
701 434 791 460 secius
806 433 831 460 id
842 434 913 468 quod

128 485 188 507 erat
202 479 363 514 permansit.
378 479 454 512 Quod
467 480 489 506 si
507 479 601 506 mortis
617 479 760 513 imperium
774 485 802 506 ut
820 479 873 506 vita
887 484 914 506 et

76 522 83 527 ”
130 526 200 553 Deus
215 525 344 557 abolevit.
363 525 547 552 necessarium
562 529 613 556 est,
630 529 659 551 ut
676 524 702 552 id
712 524 782 558 quod
800 529 914 551 mortem

129 572 250 607 pertulit,
271 572 357 607 ipsius
371 572 512 606 proprium
539 570 676 597 exstiterit
690 579 697 597 :
713 577 768 605 quo
787 570 913 597 nimirum

131 618 200 644 idem
215 618 272 652 ipse
286 625 319 644 ex
334 618 452 644 mortuis
471 617 504 644 ad
527 618 610 643 vitam
627 616 746 648 rediens,
763 616 915 649 corruptio-

130 670 190 689 nem
212 669 226 689 e
241 663 332 689 medio
355 662 509 692 sustulisse,
533 661 797 696 incorraniOuisque
816 661 917 688 beuetl-

129 709 200 735 rium
230 709 257 735 in
285 713 370 736 totum
395 715 479 742 genus
508 712 631 735 nostrum
653 707 837 734 transmisisse
864 706 916 733 diri

130 759 224 789 queat.
243 767 252 780 ι
270 755 356 781 Sicuti
377 754 449 780 enim
470 754 497 780 in
512 753 597 780 Adam
611 760 707 780 omnes
725 753 865 785 morimur,
880 753 916 779 ita

129 806 224 826 omnes
250 799 277 825 in
301 799 410 826 Christo
435 798 634 825 vivificabimur
644 797 679 825 ⁸⁴¹.
695 807 705 823 ι
736 797 769 824 Et
794 798 915 824 iterum:

133 853 142 870 ti
158 844 225 871 Nam
252 848 282 871 ut
308 851 357 879 per
382 844 520 871 hominem
545 850 630 875 mors,
651 842 687 870 ita
713 849 760 876 per
782 842 917 869 hominem
935 850 956 880 Β

132 898 238 917 rursum
266 895 308 917 est
340 889 502 917 resurrectio
535 893 703 917 tnortuornm
722 889 757 915 ".
781 897 790 914 ι
821 888 918 915 Verum

130 935 201 969 quod
228 940 342 962 mortem
367 939 515 970 proterere,
538 941 582 962 res
606 939 648 961 est
668 934 794 961 humanae
816 938 920 960 naturae

133 981 286 1008 facultatem
309 981 456 1012 excedens,
473 979 551 1016 135
566 984 708 1014 propterea
731 979 776 1006 Dei
801 979 918 1006 Verbum

132 1029 240 1061 unione,
261 1028 311 1056 hoc
326 1034 379 1060 cst,
412 1036 473 1055 cmn
507 1035 590 1055 carne
609 1033 636 1055 et
670 1027 804 1062 sanguine
835 1035 961 1055 common

621 101 650 127 S.
671 100 809 128 Ci’llll.”
828 99 1062 128 ALEXANDRINI
1084 99 1240 127 ARCHIEI’.

1701 100 1775 126 43:3

963 159 1010 186 τὴν
1025 160 1188 195 ἀπορῤἡτως
1207 159 1318 191 ὲνὼςας,
1337 159 1466 194 μετέσχεν
1486 159 1607 194 αἵματος
1634 158 1683 184 καὶ
1701 166 1773 192 σειρ-

964 207 1011 238 κὸς
1033 207 1232 242 παραπλησίως
1250 207 1326 241 ἡμῖν,
1347 207 1391 233 διὰ
1411 207 1566 240 γεννήσεως
1586 205 1616 232 δὲ
1642 205 1772 239 δηλονότι

964 251 1012 285 τῆς
1028 252 1060 277 ἐκ
1084 251 1223 285 γυναικός.
1247 248 1294 284 Εἷς
1309 250 1355 278 οὖν
1369 251 1424 287 ἄρα
1439 251 1542 287 Κύριος
1563 250 1675 285 Ἰησοῦς
1698 250 1772 285 Χρι-

965 294 1036 324 στὸς.
1052 294 1090 326 ὡς
1113 294 1264 327 ὲνώσαντος
1279 296 1327 330 μὲν
1343 295 1431 330 ἑαυτῷ
1457 295 1506 322 τοῦ
1531 295 1602 321 θεοῦ
1628 295 1726 328 Λόγου
1742 297 1773 320 τὸ

963 339 1143 374 ἀνθρώπινον.
1169 340 1353 375 μεμενηκότος
1366 340 1395 367 δὲ
1410 340 1456 367 καὶ
1479 340 1567 372 οὕτως
1581 341 1656 374 ὅπερ
1671 337 1722 374 ἦν.
1741 341 1772 366 Εἰ

964 383 992 410 δὲ
1005 385 1086 416 αὐτὸς
1101 385 1260 420 κατήργηκε
1274 385 1320 412 τοῦ
1336 386 1453 412 Θανάτου
1467 386 1499 412 τὸ
1518 386 1634 422 κράτος,
1652 386 1692 417 ὡς
1711 385 1772 420 ζωε

966 429 1013 455 καὶ
1031 429 1108 461 Θεὸς,
1125 429 1191 457 ἴδιον
1211 429 1293 457 αὐτοῦ
1315 431 1434 457 νοεῖσθαι
1449 430 1550 465 πρέπει
1571 430 1604 456 τὸ
1627 428 1775 460 πεπονθλς

965 475 1010 502 τὸν
1033 475 1156 502 θάνατον·
1173 475 1216 501 ἵνα
1236 475 1275 507 ὡς
1293 475 1375 507 αὐτὸς
1395 475 1515 507 ἀναστὰς
1529 475 1712 510 καταργῆσαι
1729 474 1775 499 λέ-

965 529 1039 555 γοιτο
1057 521 1107 556 τὴν
1128 521 1242 557 φθορὰν,
1258 521 1306 548 καὶ
1325 521 1365 553 εἰς
1384 521 1457 548 ἅπαν
1477 521 1558 556 ἡμῶν
1577 520 1774 555 παραπέμψαι

965 567 997 593 τὸ
1006 567 1084 601 γένος
1094 567 1144 602 τῆς
1153 566 1309 602 ἀφθαρσίας
1323 566 1371 602 τὴν
1385 566 1490 602 χάριν.ι
1498 567 1604 603 ’Ὠσπερ
1615 567 1675 602 γὰρ
1689 567 1722 592 ἐν
1734 566 1775 599 τῷ

973 611 1060 646 Ἀδὰμ
1071 611 1170 643 πάντες
1184 611 1405 646 ἀποθνήσκομεν,
1415 611 1487 638 οὕτω
1499 612 1547 638 καὶ
1556 612 1587 638 ἐν
1601 611 1644 646 τῷ
1654 611 1774 646 Χριστῷ

968 659 1069 690 πάντες
1084 658 1384 695 ζωοποιη[θη]σύμεθσ.
1410 668 1420 685 ι
1432 659 1486 686 Καὶ
1505 659 1605 686 πάλιν·
1624 668 1635 685 ι
1661 659 1773 692 Ὠσπερ

967 704 1022 740 γὰρ
1041 704 1076 731 δι’
1095 704 1239 740 ἀνθρώπου
1260 705 1384 738 θάνατος,
1404 706 1475 732 οὕτω
1498 705 1544 733 καὶ
1563 706 1599 732 δι’·
1618 705 1772 741 ἀνθρώπω

968 750 1118 782 ἀνάστασις
1144 750 1260 787 νεκρῶν.
1281 760 1289 776 ι
1313 751 1423 785 Ἐπειδὴ
1437 751 1465 777 δέ
1480 751 1538 777 ἐστι
1552 751 1608 777 τῶν
1630 751 1685 785 τῆς
1705 750 1773 777 καῡ“

968 796 1042 832 ἡμᾶς
1056 796 1205 832 νοουμένης
1218 796 1430 832 ἀνθρωπότητος
1450 797 1580 823 ἐπέκεινα
1601 796 1717 832 μέτρων
1742 797 1774 822 τὸ

973 843 1093 878 πατῆσαι
1110 842 1235 875 θάνατον,
1248 842 1343 869 ἑνὼσει
1359 843 1459 878 φαμὲν,
1477 843 1561 878 ἠγουν
1575 843 1722 878 κοινωνίᾳ,
1739 844 1772 877 τῇ

974 888 1044 924 πρὸς
1064 889 1154 924 σάρκα
1167 896 1198 914 τε
1218 888 1265 915 καὶ
1283 886 1355 924 αἷμα
1369 888 1416 915 τὸν
1436 888 1484 916 τοῦ
1503 889 1570 916 Θεοῦ
1586 889 1678 924 Λόγον
1692 890 1773 923 γενέ-

973 934 1035 961 σθαι
1056 934 1117 961 καθ’
1137 934 1212 969 ἡμᾶς
1225 934 1386 969 ἄνθρωπον·
1410 935 1657 971 ἀπομεμενηκέναι
1676 935 1708 961 δὲ
1724 936 1775 961 καὶ

971 980 1044 1007 οὕτω
1057 980 1174 1008 θανάτου
1189 981 1342 1017 κρείττονα’
1360 981 1426 1013 Θεὸς
1440 981 1494 1017 γὰρ
1507 979 1541 1017 ἧν
1556 982 1586 1008 ὲν
1601 981 1698 1017 σαρκί.

965 1028 1093 1061 icatione,
1119 1029 1200 1056 homo
1227 1028 1305 1056 nobis
1326 1028 1424 1056 similis
1447 1020 1573 1057 ascitum
1598 1034 1639 1056 est
1655 1037 1663 1055 ε
1679 1028 1720 1056 ita
1747 1028 1773 1055 id

133 1084 234 1109 tamen,
257 1081 287 1103 ut
313 1081 400 1104 morte
422 1077 546 1111 superior
565 1077 745 1108 remanserit;
768 1080 827 1103 erat
842 1076 915 1103 enim
933 1077 1002 1104 Deus
1021 1076 1047 1104 in
1066 1083 1159 1103 carne.

171 1122 205 1149 X.
232 1131 241 1148 ι
263 1122 402 1157 Nusquam
426 1122 498 1149 enim
518 1122 629 1157 angelos
654 1122 842 1157 apprehendit,
872 1122 919 1149 sed

133 1175 224 1195 semen
240 1167 356 1195 Abrahae
370 1167 557 1202 apprehendit.
595 1166 672 1194 Unde
685 1166 779 1194 debuit
795 1173 843 1201 per
857 1174 919 1193 om-

135 1215 177 1241 nia
191 1214 307 1241 fatrihns
322 1213 467 1240 assimilari
480 1221 488 1246 ;
503 1218 532 1240 ut
545 1213 702 1240 misericors
718 1212 795 1240 ﬁeret
812 1218 838 1240 et
852 1213 920 1240 lide-

135 1261 168 1288 lis
183 1259 302 1294 pontifex
320 1259 353 1286 ad
369 1260 464 1291 Deum,
491 1265 520 1286 ut
536 1259 727 1294 repropitiaret
750 1259 848 1286 delicta
872 1267 920 1293 ps—

135 1306 200 1340 puli.
211 1305 239 1333 In
253 1313 307 1341 quo
318 1306 390 1333 enim
406 1313 502 1340 passus
514 1309 557 1332 est
569 1305 626 1339 ipse
637 1310 664 1332 et
677 1309 806 1333 tentatus.
825 1310 923 1339 potens

134 1355 175 1377 (-st
189 1356 215 1377 et
229 1350 269 1378 eis
286 1351 331 1384 qui
344 1355 494 1383 tentantur,
511 1350 638 1377 auxiliari
649 1349 683 1376 ⁸⁸⁸.
705 1360 714 1376 ι
735 1350 781 1377 Dei
804 1349 921 1377 Verbum

136 1397 251 1424 Abrahae
266 1403 357 1424 semen
372 1396 586 1431 apprcheutlisse
610 1396 770 1424 asserimus.
803 1396 868 1423 Nam
879 1404 923 1424 se—

138 1442 255 1469 cundum
270 1449 379 1470 carnem
396 1449 429 1470 ex
442 1441 543 1470 Iudaeis
559 1447 648 1469 ortum
670 1447 721 1473 est,
741 1447 769 1470 et
795 1442 923 1470 fratribus

137 1497 184 1523 per
212 1489 303 1516 omnia
330 1488 525 1520 assimilatmn;
552 1489 602 1515 hoc
625 1493 684 1521 est,
708 1488 798 1515 servili
821 1488 923 1519 forma,
938 1485 960 1514 C

134 1537 209 1569 juxta
226 1535 345 1570 Apostoli
361 1534 511 1563 doctrinam
523 1534 557 1567 ",
571 1539 691 1570 sumpta,
704 1534 817 1562 aliorum
833 1534 922 1561 homi-

141 1589 204 1608 num
226 1589 302 1608 more
317 1581 393 1608 nasci
410 1581 582 1615 dedignatum
598 1589 652 1608 non
668 1585 720 1608 est.
743 1580 798 1608 "ac
808 1580 880 1607 enim
894 1579 926 1608 de

141 1635 223 1654 a-ausa
237 1631 265 1654 et
279 1627 364 1655 Filius
388 1626 508 1654 hominis
528 1627 645 1659 exstitit.
661 1631 690 1654 et
710 1633 804 1654 eorum
819 1627 866 1662 qui
890 1633 923 1653 ex

137 1674 242 1702 semine
267 1674 384 1701 Abralm
408 1673 576 1709 prodierant.
593 1675 644 1700 hoc
669 1676 721 1705 est.
750 1680 784 1700 ex
800 1680 884 1700 carne
898 1677 925 1699 et

138 1720 270 1755 sanguine
281 1719 504 1752 constitutorum,
517 1719 602 1746 frater
610 1718 735 1746 effectum
752 1723 804 1746 est.
815 1718 926 1753 Ecqme-

139 1775 201 1794 nam
218 1767 316 1794 horum
340 1774 422 1794 causa
435 1766 558 1794 exstitit?
582 1765 640 1793 Non
658 1765 711 1792 alia
728 1765 860 1800 profecto,
876 1764 926 1798 ait,

138 1820 219 1847 quam
243 1818 288 1839 tut
306 1813 463 1840 misericors
483 1812 623 1847 lidelisque
634 1812 756 1846 pontifex
776 1811 805 1838 in
818 1812 850 1838 iis
865 1817 927 1845 quas

139 1864 202 1886 sunt
215 1858 247 1885 ad
258 1858 350 1891 Deum,
368 1858 469 1885 fieret.»
482 1857 615 1896 Christus
632 1863 750 1891 namque
764 1856 922 1890 pontificem

139 1912 220 1939 supra
238 1905 344 1930 modum
363 1904 509 1936 benignum
530 1908 558 1931 et
576 1903 783 1930 misericordem
804 1909 834 1929 se
848 1902 928 1929 nobis

139 1952 273 1978 exhibuit.
291 1951 397 1978 Etenim
424 1958 486 1978 cum
507 1949 574 1985 legis
591 1949 679 1976 littera
694 1949 813 1983 peccatis
823 1949 928 1976 obstri-

141 2001 198 2022 rtos
215 1995 388 2028 condemnet,
401 1995 622 2030 gravissimaque
640 2001 720 2028 paena
742 1993 804 2021 illos
817 1994 862 2028 qui
881 1993 927 2020 Dei

142 2041 301 2068 mandatum
316 2040 476 2073 violassent,
489 2039 646 2074 plectendos
661 2040 792 2067 decernat
807 2048 813 2065 :
834 2048 843 2064 ι
866 2039 929 2065 lrri-

144 2094 198 2114 tam
214 2087 286 2114 enim
300 2087 361 2121 quis
373 2086 477 2114 faciens
493 2087 580 2121 legem
597 2086 711 2121 Moysis,
727 2086 787 2113 sine
811 2085 863 2112 ulla
878 2085 927 2112 mi-

142 2134 291 2166 seratione,
307 2133 414 2160 duobus
429 2132 471 2159 vel
492 2131 580 2159 tribus
595 2131 710 2159 testibus
724 2130 840 2158 moritur
854 2130 878 2146 ⁹⁰
891 2139 898 2157 :
917 2139 927 2156 ›

141 2179 266 2206 (ὶΙιι-ἰςιιισ
298 2185 346 2213 per
379 2178 460 2205 ﬁdem
488 2177 628 2211 instilicat,
659 2184 758 2211 eosque
787 2177 832 2211 qui
861 2169 966 2210 lapsiD

142 2230 215 2258 sunt,
230 2232 244 2250 a
262 2224 400 2252 veteribus
415 2224 503 2259 culpis
517 2223 644 2251 absolvit.
662 2222 762 2250 Factus
775 2227 817 2250 est
839 2223 931 2256 itaque

146 2271 302 2297 misericors
313 2270 448 2304 pontifex.
463 2275 557 2304 utpote
574 2269 687 2303 legalem
705 2269 778 2296 illam
793 2269 930 2296 severita-

144 2321 196 2342 lem
207 2316 308 2343 diutius
318 2316 408 2342 valere
419 2324 473 2343 non
486 2316 588 2343 sitiens.

180 2361 224 2389 .\'l.
247 2361 346 2389 Fidelis
372 2368 437 2388 vero
462 2361 600 2395 pontifex;
630 2361 758 2395 quoniam
787 2365 933 2395 perpetuus

144 2416 175 2434 uc
192 2411 331 2438 constans,
349 2405 581 2440 dignissimusque
610 2406 688 2440 cujus
711 2406 853 2440 promissis
869 2405 933 2431 ﬁdes

145 2453 285 2479 habeatur.
319 2452 355 2478 De
370 2450 504 2485 legalibus
530 2456 619 2477 autem
642 2451 830 2478 sacerdotibus
856 2451 934 2484 longe

145 2498 235 2530 aliter,
248 2497 377 2530 Apostolo
405 2502 487 2529 teste,
517 2504 561 2524 res
578 2497 670 2524 habet.
691 2506 700 2522 ι
724 2497 758 2524 Ει
772 2497 816 2524 alii
834 2497 933 2532 (inquit

146 2544 178 2578 is)
195 2543 288 2578 plures
309 2543 372 2570 iacti
389 2548 453 2570 sunt
468 2543 636 2575 sacerdotes,
652 2543 753 2570 idcirco
773 2544 843 2577 quod
861 2551 933 2570 utor-

146 2594 171 2616 Ie
190 2589 399 2622 prohiberentur
430 2596 610 2624 permanere:
638 2589 681 2616 hic
705 2595 793 2616 autem
814 2597 846 2616 eo
863 2590 932 2624 quod

147 2639 253 2660 maneat
275 2634 452 2666 iumlernnm,
470 2634 666 2668 sempiternum
695 2634 777 2661 habet
804 2635 932 2661 sacerdo-

147 2680 224 2705 tium.
238 2678 315 2706 Unde
328 2680 433 2707 saltare
446 2680 472 2707 in
486 2686 644 2715 perpetuum
661 2685 749 2714 potest
773 2681 935 2707 accedentes

148 2732 195 2758 per
210 2725 296 2758 ipsum
310 2726 342 2751 ad
356 2725 460 2757 Deum;
490 2733 598 2761 semper
625 2726 720 2753 vivens
748 2728 781 2753 ad
805 2727 934 2762 interpel—

183 2811 304 2839 “lCor.
320 2821 363 2842 xv.
376 2813 419 2838 22.
461 2815 482 2829 ³⁷
501 2814 565 2840 ibid.
579 2814 620 2840 “ll.
663 2816 685 2829 ⁸³
704 2815 785 2842 llehr.
803 2822 833 2846 ll,
854 2814 943 2842 lli—18.

1009 1122 1037 1149 Ρ.
1057 1131 1067 1148 ι
1080 1123 1118 1149 Οὐ
1133 1122 1189 1158 γὰρ
1204 1122 1291 1158 δήπου
1305 1122 1429 1157 ἀγγέλων
1451 1121 1684 1157 ἐπιλαμϐάνεται.
1699 1121 1773 1148 ἀλλά

975 1168 1134 1204 σπέρματος
1161 1168 1289 1204 ’Δόραὰμ
1312 1169 1540 1204 ὲπιλαμὸἀνεται.
1555 1168 1639 1195 Ὅθεν
1666 1167 1770 1202 ὤφειλε

974 1215 1045 1242 κατά
1067 1215 1156 1242 πάντα
1170 1216 1227 1247 τοῖς
1243 1215 1367 1249 ἀδελφοῖς
1380 1215 1557 1251 ὁμοιωθῆναι·
1577 1215 1622 1241 ῐνα
1640 1215 1772 1250 ἐλεήμων

973 1260 1086 1296 γένηται
1099 1262 1146 1288 καὶ
1162 1261 1258 1293 πιστὸς
1271 1262 1416 1298 ἀρχιερεὺς
1433 1262 1469 1288 τὰ
1487 1261 1557 1297 πρὸς
1571 1261 1618 1287 τὸν
1633 1261 1714 1293 Θεὸν,
1730 1262 1771 1292 εἰς

972 1305 1003 1332 τὸ
1018 1305 1176 1333 ἱλάσκεσθαι
1197 1307 1257 1337 ταῖς
1272 1306 1420 1341 ἁμαρτίαις
1440 1306 1530 1342 ἡμῶν.
1549 1306 1594 1333 Ἐν
1607 1303 1630 1340 ᾧ
1644 1306 1702 1341 γὰρ
1719 1306 1770 1332 πέ-

973 1351 1073 1379 πονθεν
1089 1351 1172 1383 αὐτὸς
1191 1351 1366 1387 πειρασθεὶς,
1392 1351 1504 1378 δύναται
1521 1352 1578 1383 τοῖς
1599 1351 1770 1386 πειραζομέ-

974 1405 1029 1428 νοις
1053 1396 1196 1432 βοηθῆσαι.
1210 1406 1220 1423 ›
1245 1397 1406 1432 Σπέρματος
1430 1397 1557 1433 Ἀδραάμ
1580 1396 1768 1432 ἐπιλαμϐάνε-

975 1441 1037 1468 σθαί
1051 1451 1141 1478 φαμεν
1154 1442 1200 1469 τὸν
1213 1442 1264 1469 τοῦ
1281 1442 1348 1469 Θεοῦ
1365 1443 1466 1477 Λόγον·
1481 1443 1566 1477 ἀνέρι)
1582 1443 1638 1478 γὰρ
1650 1442 1682 1475 ἐξ
1704 1443 1768 1469 Ἰου-

975 1488 1058 1514 δαίων
1070 1489 1101 1515 τὸ
1114 1489 1183 1516 κατὰ
1198 1489 1297 1525 σάρκα,
1311 1490 1359 1516 καῖ¹
1371 1489 1501 1525 ὡμοιώθη
1517 1490 1588 1516 κατά
1604 1490 1697 1517 πάντα
1713 1491 1768 1520 τοῖς

977 1534 1111 1569 ἀδελφοῖς,
1125 1535 1196 1562 κατά
1209 1544 1240 1569 γε
1253 1536 1284 1562 τὸ
1296 1535 1463 1571 ἀνασχέσθαι
1475 1535 1569 1562 λαὸεἴν
1580 1535 1633 1570 τὴν
1646 1535 1696 1561 τοῦ
1711 1535 1769 1561 δού-

977 1580 1024 1607 λου
1041 1581 1157 1616 μορφὴν,
1174 1582 1221 1608 καὶ
1240 1581 1269 1608 ἐν
1282 1581 1435 1616 ὁμοιώματι
1453 1581 1606 1616 ἀνθρώπων
1625 1581 1767 1615 γενέσθαι.

978 1627 1051 1654 καθά
1068 1636 1152 1662 φησιν
1165 1628 1180 1654 ὁ
1202 1627 1337 1663 μακάριος
1356 1627 1470 1658 Παῦλος.
1494 1628 1693 1663 Κεχρημάτικε
1716 1627 1769 1662 γὰρ

977 1673 1050 1700 οὕτω
1072 1674 1137 1706 Υἱὸς
1161 1673 1318 1710 ἀνθρώπου,
1333 1673 1381 1700 καὶ
1397 1674 1510 1708 γέγονεν
1522 1673 1638 1707 ἀδελφὸς
1661 1674 1719 1704 τοῖς
1739 1674 1769 1699 ἐκ

978 1720 1134 1755 σπέρματος
1151 1719 1286 1754 ’Δὸραάμ,
1299 1719 1383 1754 ήγουν
1395 1720 1451 1750 τοῖς
1463 1719 1492 1745 ὲν
1504 1718 1600 1754 αἵματι
1614 1719 1662 1745 καὶ
1677 1718 1767 1754 σαρκί.

978 1767 1027 1798 Τίς
1040 1765 1087 1793 οὖν
1103 1766 1157 1802 ἄρα
1168 1766 1242 1792 ἐστὶν
1252 1766 1269 1801 ἡ
1282 1765 1358 1792 τοῦδε
1375 1765 1529 1801 πρόφασις;
1543 1765 1618 1791 (Ἵνα
1635 1765 1768 1799 ἐλεήμων,

979 1812 1056 1848 φησὶ,
1080 1812 1204 1848 γένηται,
1227 1812 1275 1839 καὶ
1298 1811 1394 1843 πιστὸς
1415 1811 1563 1847 ἀρχιερεὺς
1582 1811 1617 1838 τὰ
1639 1811 1709 1846 πρὸς
1726 1811 1768 1838 τὴν

979 1859 1056 1885 Θεόν.
1072 1867 1082 1885 ι
1094 1858 1233 1893 Ἐλεήμων
1249 1857 1299 1893 μὲν
1315 1857 1369 1893 γὰρ
1387 1857 1534 1892 ἀρχιερεὺς
1549 1857 1590 1888 εἰς
1605 1857 1683 1892 ἡμεῖς
1695 1856 1770 1890 γέγο-

980 1913 1024 1931 νεν
1036 1905 1050 1930 ὁ
1064 1904 1192 1940 Χριστὸς,
1207 1904 1246 1935 ὡς
1263 1902 1311 1930 τοῦ
1325 1902 1439 1938 νομικοῦ
1455 1902 1622 1938 γράμματος
1638 1902 1768 1938 κατακρί-

980 1958 1070 1981 νοντος
1078 1950 1140 1981 τοὺς
1150 1949 1355 1986 ἡμαρτηκότας,
1364 1949 1412 1975 καλ⁸
1420 1949 1469 1985 τὴν
1479 1948 1527 1975 τοῦ
1545 1947 1712 1980 κολάζεσθαι
1719 1948 1770 1974 δεῖν

980 1996 1156 2032 ἐπιφέροντος
1178 1995 1267 2031 ψῆφον
1285 1997 1343 2027 τοῖς
1361 1995 1411 2030 τὴν
1430 1995 1505 2022 θείαν
1525 1994 1710 2030 ἀτιμάζουσιν
1729 1995 1768 2020 ἐν·

981 2042 1072 2078 τολήν.
1095 2052 1105 2068 ι
1126 2042 1275 2077 Ἀθετήσας
1295 2042 1348 2077 γάρ
1366 2050 1408 2073 τις
1429 2041 1510 2076 νόμον
1533 2041 1673 2073 Μωσέως,
1692 2043 1771 2076 χωρὶς

981 2088 1132 2124 οἰκτιρμῶν
1145 2088 1192 2115 ἐπὶ
1205 2087 1282 2114 δυσὶν
1295 2088 1313 2123 ἢ
1329 2087 1403 2122 τρισὶ
1417 2087 1552 2122 μάρτυσιν
1565 2087 1747 2122 ἀποθνήσκει·
1758 2096 1768 2112 ι

981 2134 1081 2161 δικαιοῖ
1100 2143 1132 2168 γε
1155 2134 1210 2169 μὴν
1223 2134 1253 2160 ὲν
1267 2133 1360 2160 πίστει
1372 2132 1500 2169 Χριστὸς,
1516 2133 1564 2159 καὶ
1579 2132 1636 2159 τῶν
1652 2133 1770 2167 ἀρχαίων

984 2180 1154 2216 αἰτιαμάτων
1171 2180 1263 2215 ἀνίησι
1279 2179 1343 2211 τοὺς
1358 2179 1554 2214 ἠσθενηκότας.
1568 2179 1672 2213 Γέγονε
1687 2179 1770 2205 τοίνυν

984 2227 1108 2262 ἐλεήμων
1127 2227 1286 2262 ἀρχιερεὺς,
1301 2224 1393 2252 οὐκέτι
1416 2225 1465 2257 τὰς
1487 2224 1605 2260 νομικὰς
1622 2225 1770 2260 ἀποτομίσς

985 2274 1097 2310 κρατεῖν
1112 2273 1278 2309 ἐπιτρέπων.

1018 2364 1068 2390 IA'.
1088 2364 1187 2395 Πιστὸς
1207 2363 1253 2395 δὲ,
1277 2364 1318 2390 ὅτι
1339 2364 1463 2399 μόνιμος,
1495 2364 1543 2390 καὶ
1565 2363 1711 2399 διηνεκὴς,
1729 2364 1769 2390 καὶ

983 2409 1131 2445 ἀξιόχρεως
1144 2410 1184 2440 εἰς
1199 2409 1290 2436 πίστιν
1303 2409 1356 2435 τῶν
1370 2409 1650 2444 ὲπηγγελμένων.Ὧς
1665 2409 1717 2444 γὰρ
1729 2409 1769 2435 αξι-

983 2455 1028 2486 τός
1046 2464 1097 2481 που
1117 2455 1198 2481 πάλιν
1217 2454 1299 2490 φησὶν
1319 2456 1334 2481 ὁ
1348 2454 1493 2486 οεσπέσιος
1513 2454 1622 2486 Παῦλος
1640 2455 1706 2490 περὶ
1721 2455 1766 2480 τῶν

986 2501 1058 2528 κατὰ
1080 2501 1179 2536 νόμους
1203 2500 1316 2536 ἱερέων,
1342 2509 1351 2526 ι
1368 2500 1423 2526 Καὶ
1439 2500 1464 2526 οἱ
1484 2499 1534 2535 μὲν
1560 2499 1686 2531 πλείονες
1710 2500 1769 2525 εἰσὶν

989 2547 1070 2582 ἱερεῖς
1089 2547 1240 2581 γεγονότες,
1259 2546 1303 2573 διὰ
1317 2546 1347 2572 τὸ
1363 2546 1402 2581 τῷ
1424 2546 1533 2581 θανάτῳ
1551 2545 1709 2572 κωλύεσθαι
1724 2554 1768 2571 πα-

990 2592 1134 2628 ραμένειν·
1150 2594 1164 2619 ὁ
1178 2593 1206 2619 δὲ
1223 2591 1266 2619 διὰ
1289 2592 1320 2619 τὸ
1335 2593 1426 2626 μένειν
1440 2592 1522 2619 αὑτὸν
1543 2593 1584 2624 είς
1610 2592 1657 2618 τὸν
1681 2593 1767 2622 αἰῶνα,

990 2639 1166 2673 ἀπαράϐατον
1185 2639 1241 2674 ἔχει
1266 2639 1316 2673 τὴν
1337 2639 1503 2674 ἱερωσύνην·
1528 2639 1591 2665 ὅθεν
1612 2640 1661 2666 καὶ
1687 2639 1769 2667 σώζειν

991 2685 1029 2714 εἰς
1042 2683 1072 2709 τὸ
1087 2683 1215 2716 παντελὲς
1231 2683 1340 2710 δύναται
1354 2683 1417 2715 τοὺς
1432 2684 1675 2719 προσερχομένους
1690 2684 1720 2710 δι’
1732 2684 1768 2710 a3-

989 2729 1036 2755 τοῦ
1058 2729 1096 2763 τῷ
1112 2729 1181 2763 Θεῷ,
1198 2729 1312 2756 πάντοτε
1332 2728 1386 2760 ζῶν
1401 2730 1442 2760 εἰς
1464 2729 1495 2756 τὸ
1515 2729 1695 2764 ἐντυγχάνειν
1713 2729 1768 2763 imi?

983 2815 1006 2831 ⁸⁸
1021 2815 1135 2850 Philipp.
1155 2825 1184 2847 ll,
1203 2818 1227 2843 7.
1268 2817 1290 2832 ⁹⁰
1308 2817 1387 2843 llel-r.
1407 2818 1491 2847 x,‘28.
