1872 3057
91 140 165 167 1549

499 142 544 168 ΔΙ)
565 140 714 168 BliGiNAS
733 140 777 168 DE
797 140 910 168 REC'I‘A
930 139 1007 167 FIDE
1024 138 1153 167 ORATIO
1173 139 1320 167 ALTERA.

1650 140 1718 168 1550

92 201 218 228 αὐτῶν.»
239 201 332 236 ’Ἃθρει
353 202 394 234 δὲ,
411 202 483 233 ὅπως
509 202 558 228 οὐκ
577 203 617 234 εἰς
642 193 802 237 κατάκρισιν
827 202 879 229 τῶν

966 202 1044 229 ndqu
1063 209 1111 236 pro
1126 201 1166 229 eis
1181 202 1215 229 ⁹¹.
1231 210 1240 227 ι
1264 200 1384 228 Observa
1399 201 1454 232 hic,
1467 201 1603 235 quomodo
1616 209 1669 229 nou
1679 203 1712 228 ad

91 246 295 281 ἡμαρτηκότων
318 247 428 281 γέγονεν
451 247 605 283 ἀρχιερεὺς,
620 249 659 280 είς
673 248 703 275 τὸ
724 248 881 275 ἱλάσκεσθαι

91 291 122 317 δὲ
136 292 238 326 μᾶλλον
256 294 314 324 ταῖς
336 293 484 328 ἁμαρτίαις
499 294 597 321 αὐτῶν.
617 294 647 321 '0
662 293 691 320 δέ
709 303 740 329 γε
757 294 803 321 τοῦ
819 303 880 321 πει-

94 336 203 371 ρασμοῦ
219 337 266 364 καὶ
281 338 331 373 τῆς
346 338 442 371 θυσίας
460 339 551 371 ὁποῖος
570 340 603 366 ἂν
617 339 660 374 εἴη
675 331 789 375 τρόποςς
807 348 818 366 ι
838 340 882 366 Ἐν

91 379 128 415 ᾧ,
152 383 234 417 φησὶ,
256 383 390 410 πέπονθεν
406 384 487 416 αὐτὸς
509 385 679 420 πειρασθεὶς,
696 385 806 412 δύναται
825 385 882 416 τοῖς

93 428 306 464 πειραζομένοις
338 429 386 456 καὶ
409 429 574 465 βοηθῆσαι.»
599 431 799 467 Διεκαρτέρησε
827 431 881 466 γὰρ

92 473 304 510 πειραζόμενος.
320 476 367 502 καὶ
384 476 514 511 ὑπέμεινε
528 477 654 512 σταυρόν.
670 477 743 512 Πλὴν
758 476 855 503 ἑαυτὸν
867 477 882 503 ό

93 519 160 552 Υἱὸς
180 520 218 552 ὡς
232 520 348 556 ἄμωμον
365 522 462 556 ἱερεῖον
476 522 680 558 προσκεκόμικε
698 522 737 557 τῷ
753 521 812 557 Θεῷ
835 523 882 549 καὶ

94 566 195 601 Πατρὶ,
217 566 260 593 ἵνα
273 566 317 593 διὰ
334 566 383 601 τῆς
398 567 495 595 ἑαυτοῦ
511 568 612 604 σαρκὸς
628 568 748 604 βοηθήσῃ
762 570 819 600 τοῖς
832 568 881 595 κά-

94 620 194 646 μνουσι
213 611 259 637 καὶ
277 612 494 648 πειραζομένοις.
514 623 523 640 ε
537 615 596 650 Μιᾷ
609 615 663 650 γὰρ
676 615 820 650 προσφορᾷ
839 623 882 641 τε-

92 657 238 687 τελείωκεν
259 658 299 690 είς
319 658 348 684 τὺ
364 659 486 694 διηνεκὲς
500 661 563 692 τοὺς
579 661 788 696 ἁγιαζομένους.
801 670 810 685 ι
827 661 882 687 Αὐ-

92 703 140 732 τὸς
153 700 200 730 οὖν
212 704 266 739 ἄρα
279 703 389 737 γέγονεν
402 705 545 741 ἀρχιερεὺς
560 706 630 733 κατὰ
644 707 674 733 τὸ
700 706 880 742 ἀνθρώπινον,

92 748 183 775 καίτοι
202 749 279 784 παρὰ
308 750 417 777 πάντων
435 751 486 782 τὰς
502 751 599 784 θυσίας
616 752 758 788 δεχόμενος
771 751 878 784 θεῖκῶς.

91 794 180 826 Αὐτὸς
194 795 224 820 τὺ
242 795 315 830 θῦμα
329 795 400 822 κατὰ
411 796 461 831 τὴν
476 796 575 832 σάρκα.
589 798 674 830 Αὐτὸς
688 799 702 824 ὁ
720 798 779 829 ταῖς
792 798 882 832 ἀμαρ-

92 841 166 872 τίαις
185 840 264 876 ἡμῶν
287 840 461 875 ἱλασκόμενος
477 842 548 869 κατά
562 851 594 877 γε
610 844 661 879 τὴν
689 842 816 878 θεότητος
833 842 880 869 δύο

93 895 177 921 ναμιν
190 892 213 913 Ρ.
230 884 276 918 Εἷς
291 884 337 913 οὖν
357 886 411 922 ἄρα
429 887 531 924 Κύριος
549 888 651 924 Ἰησοῦς
664 889 791 925 Χριστός.

933 255 1025 275 eorum
1040 248 1085 282 qui
1098 247 1215 282 peccatis
1231 254 1260 274 se
1289 247 1491 274 obstrinxerant
1517 247 1718 274 condemnatio-

934 301 995 320 nem
1008 293 1129 328 pontifex
1151 293 1237 320 factns
1254 293 1301 325 sit,
1317 294 1364 321 sed
1395 293 1484 327 potius
1503 293 1535 319 ad
1557 293 1715 320 delictorum

933 340 1088 366 eorumdem
1115 340 1301 374 purgationem
1329 346 1361 366 ac
1383 339 1609 373 propitiationem.
1638 339 1717 374 136

932 384 988 412 Sed
1004 384 1106 419 qualis.
1119 392 1221 419 quaeso,
1249 392 1309 411 cum
1326 385 1494 416 tentationis,
1513 388 1570 411 tum
1586 385 1714 412 sacriﬁcii

931 438 1039 466 quoque
1057 431 1129 458 illius
1150 431 1245 458 modus
1271 431 1399 458 exstitit?
1428 432 1473 457 Ait
1491 438 1624 466 namque:
1651 441 1661 458 ‹
1687 431 1715 457 Id

931 483 986 511 quo
997 484 1093 511 passus
1101 481 1142 503 est
1152 477 1209 510 ipse
1220 482 1246 503 et
1262 482 1390 508 tentatus.
1408 482 1503 511 potens
1515 482 1557 505 est
1572 483 1599 505 et
1609 479 1650 506 eis
1669 479 1716 513 qui

932 522 1225 554 tentantur,‘auxiiiari
1241 523 1275 549 ν’.
1297 532 1306 548 ›
1334 523 1406 550 Sane
1435 527 1555 551 tentatus
1581 524 1711 558 perstitit,

932 571 960 594 et
975 567 1064 595 crucis
1081 567 1243 602 supplicium
1266 567 1401 602 patienter
1423 568 1562 595 sustinuit.
1580 568 1715 596 Cattcrum

932 611 1017 639 Filius
1033 612 1087 639 Deo
1103 617 1131 639 et
1147 612 1220 639 Patri
1242 612 1410 647 impollutam
1434 613 1599 641 sacriﬁcium
1618 619 1716 643 semet-

932 657 1020 692 ipsum
1046 658 1161 690 obtulit;
1186 665 1281 693 nempe
1303 665 1357 693 qtto
1381 666 1430 694 per
1445 660 1580 694 propriam
1606 668 1716 688 carnem

931 710 1010 737 opem
1029 703 1083 730 illis
1099 703 1171 730 ferre
1186 707 1288 737 posset,
1303 704 1348 738 qui
1364 711 1425 732 cum
1440 704 1570 733 molestiis
1584 711 1611 733 et
1625 710 1714 733 tenta-

933 748 1052 776 ti0nibus
1064 749 1264 776 conﬂictantur.
1283 758 1293 774 ε
1319 749 1378 777 Una
1399 750 1471 777 enim
1490 750 1625 779 oblatione
1648 760 1715 780 cou-

933 795 1078 822 summavit
1104 795 1131 821 in
1147 795 1341 829 sempiternum
1364 795 1590 825 sanctificatos".
1611 807 1621 824 ι
1653 798 1713 833 Ipse

932 841 1046 875 proinde
1071 833 1219 868 secundum
1252 841 1399 868 humanam
1424 847 1547 870 naturam
1574 843 1660 872 factus
1674 848 1716 872 est

931 887 1063 922 pontifex,
1080 894 1247 922 quanquam,
1274 893 1304 915 ut
1324 889 1394 916 Deus
1410 893 1464 920 est,
1480 890 1513 916 ab
1531 890 1657 918 omnibus
1676 891 1715 918 illi

92 934 274 962 sacrificetur.
286 934 345 969 Ipse
376 940 428 968 est,
454 937 500 970 qui
530 938 678 964 secundum
694 944 803 964 carnem
830 936 917 964 factus
935 940 977 963 est
991 935 1113 963 victima.
1129 935 1188 970 lpsc
1209 936 1278 963 idem
1305 943 1412 963 rursum
1425 942 1478 970 est,
1493 937 1538 972 qui
1568 939 1715 966 secundmn

92 981 244 1009 divinitatis
263 981 464 1016 auctoritatem,
480 985 601 1018 peccatis
617 985 718 1012 nostris
738 984 870 1019 propitius
889 991 919 1011 ac
931 983 1052 1011 clemens
1066 988 1118 1011 est.
1134 983 1209 1011 Unus
1225 988 1266 1011 est
1295 991 1359 1018 ergo
1389 983 1519 1012 Dominus
1547 984 1625 1013 Jesus
1637 986 1718 1013 Chri-

93 1034 163 1055 stus.

131 1075 180 1103 IB‘.
205 1085 215 1102 ι
236 1077 331 1112 Ὑμεῖς
359 1079 538 1113 προσκυνεῖτε
562 1077 591 1103 ὃν
605 1077 656 1103 οὐκ
677 1077 784 1104 οἴδατε·
798 1077 880 1112 ἡμεῖς

93 1122 301 1158 προσκυνοῦμεν
322 1123 352 1150 ὃν
371 1124 503 1159 οἴδαμεν·
528 1123 570 1150 ὅτι
594 1123 611 1158 ἡ
631 1123 752 1158 σωτηρία
776 1123 808 1150 ὲκ
827 1123 881 1149 τῶν

101 1167 235 1195 Ἰουδαίων
250 1169 335 1195 ἐστί.»
351 1169 420 1204 Φαίη
432 1177 474 1200 τις
487 1169 520 1195 ἂν
535 1169 611 1201 ἴσως,
625 1168 796 1204 ἀνάρμοστον
810 1165 879 1194 εἶναι

93 1214 128 1249 τῇ
146 1213 205 1249 θείᾳ
220 1215 267 1241 καὶ
281 1214 412 1242 ἀνωτάτω
425 1214 472 1241 τοῦ
493 1215 580 1248 Λόγου
603 1213 682 1248 φύσει
703 1213 734 1240 τὸ
756 1221 878 1248 προσκυ-

93 1260 161 1286 νεῖν.
175 1257 241 1286 Εῐτα
261 1260 330 1292 πῶς,
345 1260 424 1295 εἴπερ
437 1261 496 1286 ἐστὶ
509 1260 575 1291 Θεὸς
596 1259 703 1295 ἀληθῶς
721 1260 736 1285 ὁ
751 1259 880 1294 Χριστὸς,

93 1304 191 1332 ιαυτὸν
204 1306 260 1337 τοῖς
285 1305 423 1340 ὀφείλουσι
446 1307 609 1342 προσκυνεῖν
629 1306 726 1341 ὁρᾶται
750 1314 879 1333 συντετα-

93 1350 168 1385 χώς;
186 1350 219 1376 Τί
242 1350 289 1377 οὖν
305 1351 359 1386 ἄρα
373 1351 441 1387 πρὸς
456 1350 535 1377 τοῦτό
549 1360 637 1385 φαμεν
650 1360 658 1384 ;
672 1351 705 1378 Ei
725 1351 774 1386 μὲν
789 1353 879 1387 γυμνῇ

92 1398 128 1431 τῇ
149 1396 255 1431 θεότητι
282 1396 327 1424 τὸν
350 1398 383 1424 ὲκ
410 1396 477 1423 Θεοῦ
502 1396 608 1433 Πατρδς
633 1397 772 1432 πεφηνότα
794 1397 880 1430 Λόγον

93 1441 208 1476 ἀφῖχθαι
224 1442 389 1477 πιστεύομεν
412 1443 452 1474 είς
474 1442 550 1469 τόνδε
563 1441 609 1468 τὸν
628 1442 740 1477 κόσμον,
755 1442 879 1478 ἀνάρμο-

95 1496 157 1514 στον
175 1487 271 1523 κομιδῇ
291 1488 321 1514 τὸ
335 1488 428 1523 χρῆμα
447 1487 534 1522 αὐτῷ’
550 1489 743 1524 προσκυνεῖται
760 1488 789 1514 δὲ
810 1488 879 1523 μᾶλ-

969 1076 1018 1103 ΧΙΙ
1033 1085 1043 1102 ι
1065 1077 1118 1104 Vos
1135 1076 1255 1103 adoratis
1269 1083 1347 1112 quem
1366 1077 1494 1111 nescitis;
1507 1086 1557 1105 nos
1572 1080 1716 1108 adoramus

932 1130 1012 1158 quem
1029 1123 1143 1156 scimus;
1161 1123 1223 1157 quia
1245 1123 1318 1150 salus
1333 1130 1366 1150 ex
1379 1123 1478 1151 ludatis
1492 1131 1533 1152 est
1547 1125 1580 1152 “.
1598 1136 1607 1152 ι
1633 1127 1714 1162 Οιῄε‹

933 1169 1001 1196 cerit
1020 1169 1143 1196 fortassis
1168 1169 1212 1196 hic
1239 1169 1383 1203 quispiam,
1409 1169 1522 1196 alterum
1543 1172 1656 1200 adorare
1687 1173 1714 1201 in

932 1221 1084 1249 supremam
1114 1215 1185 1241 illam
1201 1215 1373 1249 divinamque
1399 1215 1478 1243 Verbi
1496 1222 1617 1244 naturam
1633 1219 1714 1246 mini-

932 1267 976 1287 me
1001 1261 1156 1287 convenire.
1174 1260 1201 1287 Si
1228 1268 1292 1294 ergo
1319 1260 1444 1289 Christus
1466 1270 1546 1290 verus
1569 1263 1638 1291 Deus
1663 1271 1714 1298 est,

931 1307 1067 1342 quomodo
1091 1307 1161 1334 inter
1184 1315 1230 1334 eos
1253 1315 1313 1335 sese
1328 1313 1517 1342 connumerat,
1536 1310 1581 1344 qui
1600 1311 1715 1339 adorare

933 1353 1048 1380 debent?
1063 1353 1257 1388 Quid,qu:cso,
1275 1355 1307 1380 ad
1324 1354 1394 1381 istud
1412 1356 1651 1389 respondebimus?
1684 1355 1714 1385 Si

931 1399 1004 1425 enim
1024 1399 1069 1425 Dei
1082 1399 1170 1425 Patris
1186 1398 1303 1426 Verbum
1316 1407 1376 1426 cum
1395 1400 1465 1426 nuda
1486 1401 1596 1434 solaque
1612 1401 1711 1428 divini—

931 1448 987 1471 tate
1003 1444 1030 1470 in
1047 1444 1176 1471 mundum
1198 1444 1359 1478 apparuisse
1374 1444 1521 1477 credimus,
1545 1445 1618 1471 nullo
1633 1447 1713 1473 modo

931 1491 1046 1518 alterum
1063 1490 1177 1517 adorare
1201 1490 1237 1517 illi
1259 1491 1413 1518 conveniet.
1431 1490 1520 1525 Ipsum
1537 1499 1652 1526 nutuque
1665 1493 1714 1519 ad-

94 1533 151 1575 λον,
164 1534 236 1568 ἦπερ
248 1533 328 1565 αὐτὸς
342 1534 428 1570 ἑτέρῳ
447 1535 601 1570 προσκυνεῖ.
615 1534 647 1561 Ei
658 1534 686 1560 δὲ
702 1534 809 1570 μορφὴν
821 1534 879 1560 δού-

966 1539 1026 1560 atur
1050 1534 1152 1566 verius,
1186 1541 1266 1569 quam
1286 1534 1367 1561 alium
1397 1542 1584 1570 quemcunque
1608 1537 1713 1565 adorat.

94 1579 142 1605 λου
158 1579 258 1612 λαϐὼν,
274 1580 321 1607 καὶ
342 1580 393 1614 τῆς
407 1579 612 1615 προσκυνούσης
628 1579 835 1614 ἀνθριυπότητος
848 1580 879 1606 τὸ

96 1627 196 1662 μέτρον
211 1627 261 1653 οὐκ
278 1626 424 1662 ἀτιμάσας,
439 1626 639 1662 κεχρημάτικεν
655 1626 711 1657 υίὸς
723 1625 877 1660 ἀνθρώπουσ

95 1673 112 1706 ἡ
130 1672 314 1707 προσκύνησις
332 1671 407 1698 ἔσται
423 1671 474 1706 τῆς
488 1671 658 1707 οἰκονομίας,
673 1671 720 1698 καὶ
738 1671 880 1706 πρέπουσα

96 1718 197 1753 μᾶλλον
216 1718 272 1749 τοῖς
288 1718 338 1752 τῆς
356 1717 497 1748 κενώσεως
519 1717 639 1753 μέτροις,
652 1717 701 1744 οὐκ
720 1717 787 1752 αὐτῇ
810 1716 880 1743 κατὰ

96 1764 181 1799 μόνας
198 1765 232 1799 τῇ
253 1763 333 1798 φύσει
347 1762 394 1790 τοῦ
408 1763 506 1798 Λόγου.
527 1763 603 1790 Ἐπεὶ
622 1763 680 1795 πῶς
697 1764 729 1790 ὲκ
742 1761 795 1789 τῶν
812 1763 879 1797 Ἰου-

94 1809 176 1836 δαίων
197 1809 272 1836 ὲστὶν
294 1810 312 1844 ὴ
330 1809 464 1845 σωτηρία;
480 1809 516 1837 Οὐ
538 1809 593 1845 γάρ
614 1817 665 1835 που
682 1809 748 1844 φαίη
768 1817 810 1840 τις
833 1807 879 1840 ἂν,

96 1854 163 1881 καθὸ
178 1855 278 1882 νοεῖται
297 1854 345 1881 καὶ
366 1853 423 1880 ἐστι
437 1853 533 1888 Λόγος,
551 1853 582 1885 ἐξ
597 1853 731 1880 Ἰουδαίων
748 1853 880 1888 ὑπάρχειν

95 1901 176 1928 αὐτόν
186 1909 193 1916 ·
212 1900 279 1928 ἀλλὰ
299 1900 419 1936 καθάπερ
434 1900 493 1927 ἐστὶ
508 1901 565 1932 τοῖς
581 1901 609 1927 ὲν
626 1899 709 1935 σαρκὶ
723 1900 769 1926 καὶ
783 1899 880 1934 αἵματι

95 1947 214 1981 γεγονὼς
233 1946 355 1980 ἀδελφὸς,
368 1945 413 1972 διά
430 1954 471 1971 τοι
487 1944 516 1971 τὸ
530 1943 706 1971 ἐπιλαϐέσθαι
726 1943 880 1979 σπέρματος

101 1993 238 2028 Ἀὃραάμ.
252 1989 299 2024 Εἷς
314 1990 362 2020 οὖν
376 1992 431 2027 ἄρα
447 1990 574 2026 Χριστὸς,
590 1989 643 2017 κᾶν
660 1990 822 2025 προσκυνεῖν
835 1988 878 2015 Λὲ-

95 2047 176 2074 γηται
189 2038 233 2065 διὰ
247 2043 262 2063 ει
276 2038 306 2065 τὸ
318 2037 499 2073 ἀνθρώπινον,
519 2036 609 2063 καίτοι
624 2035 699 2071 παρὰ
709 2034 809 2072 ,πάσης
828 2033 880 2069 τῆς

94 2085 209 2115 κτίσεως
228 2083 462 2119 προσκυνούμενος
474 2082 512 2114 ὡς
524 2081 599 2113 Θεός.

131 2175 180 2201 1Γ¹.
193 2183 202 2200 ι
214 2173 273 2199 Ἔτι
281 2172 378 2209 μικρὸν
386 2171 480 2208 χρόνον
490 2171 549 2207 μεθ’
559 2170 635 2205 ὑμῶν
644 2170 712 2204 εἰμι,
723 2168 770 2196 καὶ
780 2167 878 2203 ὑπάγω

931 1579 1005 1612 Quod
1039 1579 1061 1606 si
1097 1579 1190 1606 forma:
1209 1586 1289 1614 quam
1318 1584 1486 1615 susceperat,
1517 1580 1711 1616 humilitatem,

930 1625 1121 1659 adnrantisque
1136 1630 1239 1651 natura;
1266 1624 1434 1652 conditiones
1461 1633 1515 1653 non
1540 1633 1707 1660 aversatum,

930 1669 1048 1696 hominis
1059 1669 1129 1696 filius
1143 1669 1266 1696 effectum
1291 1674 1343 1703 est,
1360 1669 1414 1705 iam
1427 1678 1493 1698 sane
1516 1672 1638 1699 adoratio
1661 1674 1715 1700 dis-

929 1715 1096 1750 pensatiouis
1110 1716 1210 1748 ordini,
1227 1716 1472 1750 exinanitionisque
1485 1717 1634 1744 conditioni
1646 1725 1712 1745 ccu-

929 1767 1024 1797 gruet;
1045 1761 1122 1788 Verbi
1137 1767 1226 1789 autem
1242 1767 1345 1789 naturae
1356 1769 1478 1789 seorsum
1501 1770 1549 1796 per
1568 1770 1599 1790 se
1621 1764 1712 1790 consi-

930 1807 1041 1840 derata',
1062 1814 1244 1842 nequaquam.
1261 1806 1326 1834 Nam
1343 1808 1395 1835 nisi
1410 1809 1460 1835 hoc
1485 1813 1630 1841 statuatur.
1645 1817 1714 1843 quo-

930 1853 1011 1880 modo
1023 1853 1096 1880 salus
1109 1860 1142 1880 ex
1157 1851 1256 1880 Jndaais
1276 1860 1338 1880 esse
1352 1853 1463 1887 intelligi
1492 1854 1597 1887 potest?
1613 1845 1708 1889 Neq'ue

929 1898 1000 1924 enim
1013 1898 1104 1925 dicere
1114 1897 1155 1925 fas
1170 1903 1221 1929 est,
1237 1897 1355 1925 Verbum
1371 1899 1520 1926 secundum
1534 1898 1604 1931 quod
1619 1906 1667 1933 per
1679 1907 1712 1926 se

929 1940 1171 1972 consideratur,ex
1185 1939 1285 1967 Judaeis
1306 1947 1391 1968 esse:
1418 1945 1461 1969 est
1487 1945 1576 1968 autem
1596 1949 1629 1968 ex
1647 1941 1711 1974 illis,

929 1991 1063 2020 quatenus
1080 1993 1173 2013 eorum
1202 1986 1248 2021 qui
1265 1993 1347 2014 carne
1371 1991 1399 2013 et
1419 1986 1551 2021 sanguine
1572 1991 1709 2020 constant,

931 2033 1016 2059 frater
1027 2032 1152 2059 etfectum
1167 2036 1219 2062 est,
1232 2031 1401 2067 Abrahmque
1417 2032 1513 2059 semini
1527 2033 1712 2067 coniunctum.

930 2077 1007 2105 Unus
1024 2078 1115 2121 itaqqe
1126 2082 1167 2105 est
1180 2077 1315 2109 Christus,
1330 2077 1376 2111 qui
1391 2077 1498 2111 quidem
1513 2082 1543 2104 ut
1566 2078 1646 2105 homo
1666 2079 1713 2104 ad-

929 2127 1006 2155 orat;
1020 2127 1049 2149 ut
1059 2127 1147 2149 autem
1159 2122 1239 2155 Deus,
1252 2122 1286 2149 ab
1297 2121 1420 2149 universa
1433 2126 1557 2148 creatura
1573 2123 1712 2149 aduratur.

963 2167 1032 2195 Xlll.
1057 2177 1066 2194 ι
1086 2167 1182 2195 Adhuc
1193 2167 1328 2195 modicum
1349 2173 1454 2201 tempus
1475 2168 1615 2194 vobiscum
1641 2176 1712 2200 smn,

93 2221 163 2257 πρὸς
180 2220 226 2246 τὸν
240 2219 386 2254 πέμψαντά
409 2226 453 2253 με.
467 2227 476 2242 ι
495 2217 550 2244 Ποῦ
565 2216 620 2251 γὰρ
633 2216 683 2241 οὐκ
707 2214 781 2241 ἔστιν
802 2214 816 2240 ὁ
831 2213 877 2240 τοῦ

975 2215 1042 2241 vado
1056 2215 1089 2241 ad
1104 2221 1165 2241 eum
1181 2214 1227 2249 qui
1242 2213 1314 2241 misit
1329 2213 1416 2241 me".
1433 2223 1443 2239 ι
1459 2213 1487 2240 Si
1504 2213 1654 2241 divinitatis
1665 2221 1714 2240 na-

92 2265 162 2292 Θεοῦ
178 2265 280 2299 Λόγος,
302 2264 326 2290 εἰ
350 2263 450 2298 πληροῖ
471 2262 505 2288 τὰ
526 2261 614 2288 πάντα
633 2262 666 2296 τῇ
683 2259 732 2294 τῆς
754 2258 879 2293 θεάτητος

93 2311 192 2346 φύσει;
209 2310 268 2342 Πῶς
291 2309 338 2336 οὖν
359 2309 498 2344 πέμπεται
519 2307 596 2343 παρὰ
610 2306 657 2333 τοῦ
677 2305 801 2341 Πατρός;
820 2305 880 2336 πῶς

92 2358 122 2384 δὲ
145 2357 193 2384 καὶ
217 2357 316 2391 ὑπάγει
342 2356 409 2391 πρὸς
426 2354 523 2387 αὑτόν;
543 2353 647 2380 Οὐκοῦν
665 2352 803 2387 πέμπεται
829 2351 878 2386 μὲν

93 2403 273 2439 ἀνθρωπίνως
286 2402 358 2429 κατά
371 2409 403 2436 γε
417 2401 462 2428 τὸν
477 2401 527 2435 τῆς
538 2399 689 2433 ἀποστολῆς
707 2398 807 2433 τρόπον
831 2397 878 2424 καὶ

93 2452 183 2484 λόγον,
199 2450 241 2476 ἵνα
259 2449 365 2484 κηρύξῃ
387 2447 437 2482 μὲν
453 2445 634 2481 αἰχμαλώτοις
649 2444 755 2478 ἄφεσιν,
769 2443 878 2478 τυφλοῖς

91 2498 121 2525 δὲ
134 2496 290 2531 ἀνάὸλεψιν.
304 2494 417 2528 ’Υπάγει
431 2502 462 2527 γε
477 2493 529 2528 μὴν
542 2492 610 2528 πρὸς
621 2491 667 2518 τὸν
678 2490 788 2525 Πατέρα
800 2489 876 2520 Θεὸν,

93 2544 144 2570 οὐκ
158 2543 198 2569 ἔτι
215 2541 287 2568 κατὰ
299 2540 343 2567 τὸν
357 2539 413 2565 ἴσον
428 2539 538 2574 τρόπον,
556 2537 613 2564 ἀλλ’
629 2533 684 2564 οἷον
697 2537 726 2562 ἐν
746 2535 850 2570 σώματι
864 2540 875 2553 ι’

93 2589 277 2624 ἁναφοιτήσας
294 2588 334 2619 εἰς
346 2585 470 2622 οὐρανὸν,
485 2585 529 2612 ἵνα
544 2584 614 2620 ὑπὲρ
627 2583 705 2618 ἡμῶν
719 2581 814 2609 ἑαυτὸν
828 2581 876 2616 ἔμ-

130 2667 152 2682 “
169 2664 251 2692 Hebr.
273 2672 308 2696 vr,
323 2663 420 2690 25—25.
459 2663 481 2678 "
497 2662 578 2689 ilebr.
597 2668 627 2694 ιι,
645 2660 688 2687 18.
727 2659 750 2675 ’³
765 2658 846 2685 llcbr.
861 2665 876 2684 Χ

992 2658 1015 2673 *³³
1028 2656 1106 2684 Jnan.
1126 2663 1163 2688 tv,
1178 2656 1223 2684 29..
1261 2656 1283 2672 ⁸³
1300 2655 1377 2684 Joan.
1394 2662 1441 2686 vn,
1453 2655 1497 2682 53.

94 2702 126 2734 ﬂ;
142 2700 208 2727 Luc.
230 2707 268 2731 tv,
285 2700 328 2727 19.

931 2265 989 2287 tura
1006 2260 1097 2287 omnia
1114 2259 1218 2295 implet,
1238 2259 1295 2292 ubi,
1319 2266 1424 2294 quaaso,
1442 2259 1489 2286 Dei
1517 2258 1634 2286 Verbum
1661 2267 1713 2286 nou

930 2306 1060 2333 exsistit?
1074 2305 1131 2339 Qua
1157 2305 1239 2340 igitur
1265 2305 1370 2332 ratione
1384 2305 1503 2332 mittitur
1514 2313 1528 2331 ιι
1547 2304 1647 2332 Patre?
1659 2305 1713 2332 Aut

930 2359 983 2386 quo
996 2359 1102 2379 rursum
1120 2351 1200 2378 modo
1212 2351 1245 2378 ad
1257 2358 1317 2378 eum
1329 2351 1494 2378 revertitur?
1517 2350 1632 2378 Mittitur
1657 2351 1711 2377 ita-

931 2404 984 2432 que
999 2397 1145 2424 secundum
1161 2396 1306 2423 humanam
1320 2400 1456 2427 naturam,
1473 2396 1619 2430 praadicare
1628 2396 1713 2430 capti-

933 2443 972 2469 vis
986 2442 1184 2474 remissionem.
1198 2441 1276 2476 137
1293 2445 1320 2468 et
1342 2441 1422 2468 caecis
1448 2441 1644 2468 restitutionem
1671 2442 1712 2467 vi-

931 2495 978 2515 sns
992 2487 1015 2504 “
1031 2497 1038 2515 :
1054 2487 1104 2514 hoc
1115 2488 1187 2514 enim
1217 2487 1356 2514 missionis
1385 2486 1457 2513 illius
1488 2486 1556 2513 ratio
1569 2492 1596 2512 et
1619 2487 1714 2513 modus

931 2533 1066 2568 exigebat.
1083 2532 1136 2560 Sed
1152 2537 1180 2559 et
1194 2533 1265 2559 idem
1285 2539 1393 2566 quoqtte
1407 2531 1480 2557 vadit
1508 2530 1540 2556 aii
1564 2531 1646 2557 Deum
1661 2531 1712 2557 P.1-

931 2585 1017 2607 trem:
1034 2586 1128 2606 verum
1144 2585 1198 2605 non
1209 2577 1266 2612 pari
1280 2577 1391 2605 omnino
1414 2577 1502 2603 modo.
1530 2575 1612 2603 Vadit
1639 2577 1712 2603 cnim

1553 2654 1575 2670 "
1589 2653 1640 2682 lsa.
1658 2662 1713 2688 ut,

643 2771 727 2798 Varim
743 2771 870 2799 lectiones
884 2770 986 2797 codicis
999 2768 1179 2803 Seguieriani.

131 2851 146 2871 Ρ
161 2844 293 2878 ἐξουσίαν.
332 2848 346 2868 ει
361 2843 440 2869 κατά.
482 2846 492 2860 τ
508 2842 539 2867 ὲκ
554 2840 687 2876 σώματος.
