1872 3057
99 157 188 188 i355

529 158 574 185 AD
594 156 744 185 REGiNAS
765 157 807 184 DE
827 156 941 184 RECTA
961 155 1038 184 FIDE
1058 155 1187 185 ORATIO
1207 156 1356 184 ALTERA.

1680 155 1747 183 1354

105 215 264 252 μαρτυρεῖ,
281 214 345 249 περὶ
360 212 438 249 ἐμοῦ.
452 222 461 239 ι
479 213 510 239 Τί
531 214 563 249 δὴ
578 214 630 249 ἄρα
653 214 707 241 κάν
721 213 808 249 τούτῳ
825 212 907 248 φασὶν

997 212 1105 240 rhihcnt
1120 213 1152 239 de
1169 221 1211 240 me
1225 213 1248 240 ⁵.
1269 222 1278 238 ι
1296 212 1399 246 Ecquid
1426 211 1480 241 hic,
1498 219 1607 245 qua‘m.
1643 212 1745 243 dicunt,

102 263 135 289 οἱ
158 260 324 297 διορίζοντες
345 260 459 296 ἀμαθῶς
476 261 516 291 εἰς
536 260 602 287 υἱῶν
621 260 718 291 δυάδα,
734 261 782 287 καὶ
803 261 843 291 εἰς
861 259 908 286 δύο

104 308 271 344 Χριστοὺς,
293 307 338 334 τὸν
361 307 411 333 ’ένα-
431 306 532 343 Κύριον
552 307 655 343 Ἰησοῦν
678 307 815 343 Χριστόν;
840 307 909 342 Περὶ

105 355 188 385 ’τινος
204 354 322 388 ἔφασκον
332 354 357 380 οἱ
374 353 511 380 Ἰουδαῖοι·
528 363 537 379 r
550 354 580 380 El
596 355 627 381 σὺ
642 351 667 380 εἴ
680 356 694 381 ὁ
705 354 832 389 Χριστὸς,
847 353 907 380 εἰπὲ

107 400 184 435 ἡμῖν
199 399 360 435 παῤῥησίᾳ;
376 408 385 424 ι
402 400 450 430 Τίς
463 399 490 425 δὲ
503 401 516 426 ὁ
529 400 631 433 λέγων·
648 410 657 425 ι
673 400 713 426 Τὰ
731 399 808 434 ἔργα,
824 399 841 426 ἂ
855 398 909 432 ἐγὼ

109 445 188 471 ποιῶ
207 445 234 471 ἐν
251 444 290 479 τῷ
311 444 422 479 ὀνόματι
439 444 484 471 τοῦ
511 445 618 480 Πατρός
643 454 705 480 μου,
727 445 813 471 ταῦτα
837 453 909 480 μαρ-

110 492 197 526 τυρεῐ
215 491 280 526 περὶ
299 490 384 526 him};
401 500 410 516 ι
428 490 508 523 Τίνος
524 490 593 518 εἷναί
612 500 704 527 φαμεν
720 491 784 518 ἴδιον
799 491 909 526 Πατέρα

110 537 164 563 τὸν
183 536 267 570 Θεόν;
291 534 346 571 ἄρα
371 537 417 563 τοῦ
435 538 466 563 ὲκ
483 537 612 571 γυναικὸς
636 537 689 564 ἀνὰ
715 538 798 574 μέρος
814 547 843 564 τε
864 539 909 565 καὶ

112 584 212 615 ιδικῶς
231 583 377 618 νοουμένου
388 603 394 615 ,
409 584 425 619 ἢ
443 584 488 610 τοῦ
508 584 694 618 Μονογενοῦς;
711 585 807 612 Καίτοι
823 585 854 612 τὸ
868 585 910 611 δύ-

111 629 216 656 νασθαι
233 629 382 665 κατορθοῦν
401 629 435 656 τὰ
451 630 501 665 τῆς
518 630 644 665 θεότητος
661 630 740 666 ἔργα,
762 631 861 666 πρέποι
875 630 909 657 ἂν

111 675 167 702 οὐκ
180 675 339 711 ἀνθρωπεία
351 675 430 708 φύσει
447 676 543 703 ποθέν·
558 676 656 703 πολλοῦ
670 686 701 711 γε
721 678 785 704 δεῖν.
800 677 909 713 Ἐπειδὴ

111 722 145 748 δὲ
161 721 281 756 ἐπλήρου
303 721 419 756 Χριστος
434 722 469 748 τὰ
483 721 552 757 ἔργα
572 723 621 749 τοῦ
647 724 770 759 Πατρὸς,
793 725 842 750 οὐκ
862 724 907 751 ἄν·

113 766 228 801 θρωπος
246 765 278 792 ἂν
295 767 381 792 νοοῖτο
402 766 494 800 ψιλὸς,
515 766 580 798 Θεὸς
597 766 625 793 δὲ
645 768 745 802 μᾶλλον
767 769 795 794 ὲν
811 769 909 803 αἵματι

113 811 166 838 καὶ
182 811 272 846 σαρκὶ,
291 811 455 846 μεμενηκὼς
470 812 538 848 ὅπερ
551 810 595 848 ἦν,
614 813 782 849 Ἰσουργήσει
798 814 851 850 γὰρ
865 815 910 841 οὖ-

113 866 172 889 τως
196 857 263 891 ἔχων
278 857 317 892 τῷ
343 857 400 892 ἰδίῳ
417 858 562 894 Γεννήτορι
575 866 582 874 ⁶
603 859 650 885 καὶ
666 859 710 886 τὸν
731 859 777 886 τοῦ
805 869 909 895 μυστη-

117 904 179 940 ρίου
203 902 281 936 λόγον
301 905 536 940 καταμωμήσαιτο
559 904 593 931 ἂν
608 905 695 937 οὐδεὶς
716 905 770 932 τῶν
791 904 820 932 εὖ
845 915 911 941 φρνι-
928 893 948 919 Β

571 955 573 957 ι
597 944 607 953 ι

115 950 247 980 νούντων.

155 1083 214 1117 ις’.
226 1091 234 1108 ι
246 1082 283 1109 Τὸ
293 1081 322 1109 δὲ
336 1081 442 1109 παιδίον
456 1080 566 1117 ηὔξανε,
581 1081 629 1107 καὶ
643 1080 821 1116 ἐκραταιοῦτο
829 1081 911 1107 πνεύ-

119 1137 186 1164 ματι
197 1149 204 1160 ,
228 1127 416 1163 πληρούμενον
434 1128 528 1162 σοφίας
541 1135 548 1143 ·
565 1128 612 1154 καὶ
630 1127 710 1162 χάρις
731 1127 797 1153 Θεοῦ
813 1125 846 1162 ἦν
867 1127 911 1153 ἐπ’

117 1174 220 1210 αὐτῷ.)
238 1175 292 1201 Καὶ
307 1175 403 1201 πάλιν
421 1183 430 1199 ι
446 1174 548 1209 Ἰησοῦς
567 1173 735 1209 προέκοπτεν
753 1174 847 1209 ἡλικίᾳ
866 1173 912 1199 καὶ

118 1221 201 1257 σοφίᾳ
212 1221 260 1248 καὶ
271 1221 362 1256 χάριτι
376 1220 452 1256 παρὰ
463 1220 523 1255 Θεῷ
536 1220 583 1247 καὶ
596 1219 756 1254 ἀνθρώποις.
765 1230 773 1246 ι
789 1220 857 1246 Ἕνα
870 1220 911 1246 λέ-

117 1277 211 1302 γοντες
226 1268 271 1294 τὸν
287 1267 388 1303 Κύριον
402 1267 481 1302 ἡμῶν
498 1267 600 1302 Ἰησοῦν
618 1267 745 1302 Χριστον,
768 1266 814 1293 καὶ
840 1267 913 1301 αὐτῷ

118 1314 317 1349 προσνέμοντες
338 1313 372 1339 τά
391 1321 420 1339 τε
441 1312 598 1348 ἀνθρώπινα
613 1313 660 1339 καὶ
686 1312 841 1346 θεοπρεπῆ,
857 1314 913 1344 τοῖς

121 1359 171 1394 μὲν
194 1360 243 1395 τῆς
271 1359 411 1391 κενώσεως
436 1360 546 1395 μέτροις
560 1359 676 1394 πρέπειν
700 1359 806 1394 ἀληθῶς
822 1359 912 1386 διαϐε-

120 1404 270 1440 ϐαιούμεθα
285 1404 314 1430 τό
326 1413 355 1431 τε
367 1404 415 1440 τὴν
431 1405 589 1440 σωματικὴν
600 1404 713 1440 αὔξησιν
728 1405 912 1439 ἐπιδέχεσθαι,

119 1451 168 1477 καὶ
192 1450 243 1485 μὴν
271 1450 317 1476 καὶ
339 1450 370 1476 τὸ
395 1449 607 1485 κραταιοῦσθαι,
634 1450 689 1476 τῶν
715 1451 762 1477 τοῦ
788 1451 913 1485 σώματος

120 1497 309 1533 ἀδρονομένων
330 1497 432 1533 μορίων
453 1496 525 1524 κατὰ
555 1496 642 1532 βραχύ
656 1505 662 1511 ·
683 1498 730 1524 καὶ
747 1498 813 1524 αὐτὸ
832 1498 860 1524 δὲ
883 1498 913 1524 τὸ

120 1543 207 1570 δοκεῖν
231 1543 401 1579 πληροῦσθαι
427 1543 540 1578 σοφίας,
569 1543 613 1570 διά
635 1552 666 1578 γε
684 1543 714 1569 τὸ
735 1544 817 1570 οἱονεὶ
843 1544 911 1579 πρὸς
925 1561 948 1592 c

121 1591 239 1619 ἐπίδοσιν
255 1593 288 1627 τῇ
303 1592 350 1618 τοῦ
365 1591 489 1627 σώματος
506 1591 600 1627 ἡλικίᾳ
617 1591 847 1627 πρεπωδεστάτην
862 1591 911 1627 τῆς

122 1639 234 1674 ἐνούσης
269 1638 343 1673 αὺτῷ
374 1638 468 1672 σοφίας
505 1638 653 1673 ἁναφοιτᾷν
681 1637 729 1673 τὴν
759 1638 909 1672 ἕκφανσιν·

122 1684 169 1712 καὶ
183 1685 261 1712 ταυτὶ
280 1685 338 1720 μὲν,
354 1685 391 1716 ὡς
411 1684 489 1720 ἔφην,
505 1686 537 1720 τῇ
564 1683 633 1720 μετὰ
651 1684 750 1719 σαρκὸς
770 1684 911 1720 οἰκονομίᾳ.

122 1731 221 1766 πρέποι
240 1722 283 1763 ἂν,
299 1730 346 1757 καὶ
365 1731 422 1762 τοῖς
443 1730 492 1765 τῆς
508 1730 632 1765 ὑφέσεως
647 1730 766 1765 μέτροις.
781 1730 864 1766 Τῇὸέ
879 1738 910 1764 γε

123 1777 200 1812 φύσει
211 1777 255 1803 τοῦ
264 1777 350 1811 Λόγου
363 1777 463 1813 πρέποι
475 1777 507 1803 ἂν
519 1777 600 1803 πάλιν
611 1777 641 1803 τὸ
652 1777 695 1803 ἀεὶ
706 1776 815 1807 τελείως
826 1776 909 1812 ἔχειν,

123 1824 170 1851 καὶ
187 1823 256 1851 εἶναι
281 1819 387 1858 σοφίαν.
401 1823 488 1850 Αὑτοῦ
512 1822 656 1858 τοιγαροῦν
681 1822 860 1858 ἀνθρωπίνως
881 1823 912 1849 τὸ

123 1869 159 1902 ὡς
175 1870 204 1896 ἐν
217 1869 329 1896 κενώσει
343 1869 422 1904 τυχὸν
440 1869 599 1904 ὑφειμένον
615 1867 698 1895 αὑτοῦ
715 1868 743 1894 δὲ
760 1869 860 1903 ὁμοίως
877 1868 912 1894 τὰ

124 1915 272 1950 θεοπρεπῆ,
287 1915 393 1946 θεϊκῶς.
407 1915 435 1942 Ὀ
451 1915 504 1950 γάρ
519 1923 550 1941 το
575 1915 622 1950 ﬁt,
641 1914 710 1949 μετὰ
721 1914 823 1949 σαρκὸς
839 1915 910 1941 οἰκο-

124 1960 217 1996 νομίας
233 1961 333 1997 τρόπος
350 1969 379 1986 τε
402 1960 449 1986 καὶ
471 1960 549 1994 λόγος
574 1958 643 1986 οἶδεν
660 1960 724 1986 ὄντα
748 1960 828 1986 αὑτὸν
849 1959 910 1986 καθ’

123 2008 204 2043 ἡμᾶς,
219 2008 267 2034 καὶ
281 2007 350 2042 ὑπὲρ
366 2008 449 2042 ἡμᾶς.
459 2006 642 2041 Ὑπερέχοντα
659 2006 707 2040 μὲν
721 2005 775 2032 τῶν
790 2006 838 2040 τῆς
855 2006 911 2032 κτί-

125 2061 190 2084 σεως
205 2053 311 2088 μέτρων
327 2053 365 2084 ὡς
379 2053 457 2079 Θεόν·
474 2052 570 2079 ἑαυτοῦ
586 2052 614 2078 δέ
631 2061 687 2083 πως
705 2052 847 2087 μονονουχὶ
864 2053 910 2078 καὶ

124 2099 287 2135 ἡττώμενον,
302 2099 370 2126 καθὸ
387 2099 508 2134 πέφηνεν
523 2098 675 2134 ἄνθρωπος.
690 2099 745 2125 Ποῦ
760 2099 813 2135 γὰρ
828 2100 844 2134 ὴ
862 2108 909 2125 τα-

124 2145 259 2177 πείνωπις,
281 2145 314 2181 ἢν
337 2145 482 2180 ὑπέμεινεν
498 2144 578 2177 ἑκὼν,
594 2145 618 2171 εἰ
633 2146 791 2180 παραιτοίτο
808 2145 842 2172 τὰ
861 2146 909 2172 ἀν-

125 2191 264 2228 θρώπινα;
286 2192 359 2227 Πλὴν
379 2191 430 2218 οὐκ
449 2192 477 2218 ὲν
496 2191 587 2223 αὐτοῖς
606 2192 621 2226 ἡ
648 2191 694 2218 τοῦ
711 2191 791 2225 λόγου
810 2193 910 2218 νοεῖται

125 2237 215 2272 φύσις,
237 2237 384 2264 οἰκειοῦται
404 2238 432 2264 δὲ
459 2237 560 2272 μᾶλλον
586 2238 655 2264 αὐτὰ
681 2239 748 2272 μετὰ
765 2237 815 2272 τῆς
841 2238 908 2269 ιδίας

125 2283 235 2318 σαρκός·
251 2283 376 2318 καθάπερ
399 2283 495 2315 ἀμέλει
512 2283 558 2309 καὶ
579 2283 610 2309 τὸ
632 2285 727 2318 πεινῇν
752 2285 799 2310 καὶ
816 2284 905 2319 διψῆν,

125 2328 210 2355 καὶιτδ
224 2328 349 2363 λέγεσθαι
363 2329 461 2363 καμεῖν
477 2330 508 2355 ἐκ
522 2329 572 2362 τῆς
584 2329 747 2365 ὁδοιπορίας.
762 2330 846 2356 ’Ὅταν
862 2328 908 2356 οὖν

126 2375 223 2411 ἀκούῃς
237 2384 243 2388 “
263 2385 272 2401 ι
287 2375 323 2401 Τὸ
342 2375 370 2401 δὲ
394 2375 500 2401 παιδίον
523 2375 640 2409 ηὔξανε,
663 2376 709 2402 καὶ
730 2376 909 2410 ἐκραταιοῦτο

126 2421 265 2456 πνεύματι,
281 2421 468 2456 πληρούμενον
484 2420 593 2454 σοφίας·
612 2430 620 2444 ι
637 2420 713 2455 δέχου
728 2421 794 2456 πρὸς
811 2421 907 2447 ἀπολο-

125 2468 183 2503 γίαν
197 2468 245 2503 τῆς
262 2467 331 2502 μετὰ
346 2466 445 2502 σαρκὸς
457 2467 613 2501 οἰκονομίας
627 2467 657 2492 τὸ
672 2467 830 2502 μυστήριον.
845 2467 907 2493 ’Ότι

125 2514 177 2549 γὰρ
190 2511 223 2549 ἦν
243 2513 310 2545 Θεὸς
328 2514 357 2539 ὲν
375 2513 474 2548 σαρκὶ,
492 2512 658 2539 πιστώπεται
682 2514 767 2548 λέγων
796 2514 876 2545 αὐτὸς
896 2515 909 2540 ὁ

127 2560 255 2596 μακάριος
277 2559 472 2594 εὐαγγελιστής
486 2569 492 2575 ·
515 2569 524 2585 ι
541 2560 600 2586 Ὅτι
625 2560 704 2595 χάρις
723 2560 790 2587 Θεοῦ
808 2558 840 2596 ἦν
863 2561 909 2587 ἐπ’

126 2606 205 2641 αὐτῷ.
218 2616 226 2631 ι
241 2607 278 2632 Οὐ
293 2606 348 2642 γὰρ
361 2606 398 2638 ὡς
413 2607 492 2641 χάριν
507 2606 566 2641 ἕχον
580 2607 644 2642 παρ’
657 2607 750 2641 ἑτέρου
765 2607 842 2639 Θεοῦ,
860 2608 910 2642 χά-

129 2661 167 2688 ριν
184 2653 254 2688 ἓχειν
268 2653 377 2686 λέγεται
394 2653 472 2684 Θεοῦ,
487 2653 544 2678 ἀλλ’
557 2653 598 2679 ὅτι
619 2653 698 2688 χάριν
721 2651 777 2688 εἶχε
797 2654 827 2679 τὸ
843 2662 908 2680 παι-

127 2697 188 2729 δίον,
202 2699 274 2732 ἧπερ
288 2697 320 2723 ἂν
337 2697 430 2732 πρέπῃ
449 2697 518 2732 Θεῷ.
537 2698 591 2724 Καὶ
606 2698 660 2732 γὰρ
682 2696 716 2733 ἦν
733 2706 761 2724 τε
779 2699 825 2724 καὶ
850 2698 907 2724 ἔστι

128 2743 186 2774 Θεὸς
199 2744 212 2770 ὁ
225 2743 321 2776 Λόγος,
338 2743 386 2769 καὶ
400 2744 430 2769 ὲν
449 2744 531 2778 σαρκὶ
550 2743 689 2778 πεφηνὼς,
708 2744 847 2770 τουτέστιν
862 2745 908 2771 ἄν·

128 2787 228 2826 ερωπος
245 2789 305 2815 καθ’
320 2790 403 2824 ἡμᾶς.
428 2789 458 2815 Εἰ
483 2789 510 2815 δὲ
534 2789 566 2825 δὴ
590 2789 695 2824 λέγοιτο
721 2790 800 2825 χάριν
823 2790 905 2825 ἔχειν,

161 2877 172 2893 ⁸
187 2876 264 2905 Joan.
289 2884 316 2909 x,
342 2875 388 2909 24,
411 2875 458 2902 25.
496 2876 506 2891 ⁸
523 2876 587 2904 Luc.
604 2885 633 2909 ιι,
654 2877 699 2907 40,

279 2923 415 2956 ΡΑῊιοι..
438 2925 494 2955 Gn.
518 2923 644 2954 LXXVI.

738 2878 747 2894 ⁷
764 2878 830 2906 ibid.
857 2879 902 2907 52.

960 259 1006 293 qui
1032 266 1115 285 unum
1133 258 1277 285 Dominum
1304 265 1425 284 nosrrum
1447 256 1538 283 .lesrun
1553 257 1703 284 .Christutu
1721 258 1746 283 in

959 305 1026 332 duos
1043 305 1123 336 iilios,
1138 304 1304 338 totidemque
1333 303 1459 330 Christus
1487 302 1567 329 stulte
1600 302 1748 329 divelluut?

960 350 998 377 De
1011 349 1166 377 utroJudazi
1188 350 1313 376 aiebant;
1344 359 1354 374 ι
1372 349 1400 375 Si
1431 353 1457 374 tu
1483 356 1512 375 es
1537 347 1671 379 Christus,
1703 349 1748 375 dic

960 395 1037 422 nobis
1056 395 1159 430 palam?
1172 405 1182 422 ι
1217 395 1282 422 liter
1301 402 1407 420 rursum
1441 394 1548 420 illorum
1563 393 1745 427 praedicabat:

962 451 972 468 ι
990 441 1078 477 Opera
1093 450 1154 477 quae
1172 449 1222 476 ego
1239 440 1309 468 facio
1325 441 1363 477 _iu
1380 439 1490 466 nomine
1505 439 1594 466 Patris
1611 440 1673 472 mei,
1702 440 1747 466 illa

960 488 1146 515 testimonium
1162 487 1305 521 perhibent
1319 475 1350 512 tie
1369 485 1428 511 me?
1441 494 1450 510 ι
1470 483 1563 511 Utrius
1577 484 1682 511 tandem
1699 484 1749 511 Pa-

961 537 1028 559 trem
1042 532 1123 559 Demn
1138 539 1199 559 esse
1223 530 1392 559 statuemus?
1408 530 1501 564 ejusne
1519 530 1565 565 qui
1582 537 1614 556 ex
1636 529 1748 556 muliere

959 583 1048 606 ortum
1065 579 1149 609 ducit,
1177 583 1207 604 ut
1224 585 1346 605 scersum
1365 585 1413 611 per
1427 585 1456 604 se
1473 577 1564 604 animo
1577 576 1748 610 concipitur,

961 633 995 652 an
1023 633 1088 652 vero
1115 625 1200 659 ipsius
1215 624 1373 659 Unigeniti?
1396 625 1476 658 Atqui
1498 623 1588 650 divina
1612 631 1693 658 opera
1721 624 1747 650 vi

961 671 1068 705 propria
1086 676 1204 705 patrare,
1219 679 1262 698 res
1276 675 1316 697 est
1326 678 1385 704 qua:
1397 671 1522 696 humana:
1539 675 1644 696 natura:
1663 669 1747 701 vires,

960 716 1136 751 ejusdemque
1160 716 1317 744 facultatem
1350 716 1428 750 longe
1454 715 1622 750 multumque
1653 715 1746 741 vincit.

961 763 1028 795 Quia
1039 770 1103 798 ergo
1115 763 1239 790 Christus
1253 763 1346 790 eadem
1360 771 1419 797 quae
1432 762 1513 789 Pater
1528 770 1609 796 opera
1625 761 1750 795 perficie-

961 811 1024 842 hat,
1043 810 1136 844 utique
1152 817 1205 836 non
1217 814 1368 844 cratpurus
1393 810 1486 842 homo,
1514 809 1560 836 sed
1578 809 1647 835 Deus
1670 816 1751 835 carne

962 856 1129 890 ctsanguine
1143 855 1268 888 vestitus,
1283 860 1312 882 ut
1327 855 1450 890 profecto
1464 859 1585 881 maneret
1596 854 1666 888 quod
1679 859 1750 880 erat.

963 901 1002 928 Ad
1020 903 1091 928 hunc
1103 908 1169 935 ergo
1182 901 1289 928 modum
1315 900 1441 932 allectus,
1467 901 1541 934 paria
1557 908 1617 927 cum
1635 908 1683 926 suo
1698 899 1751 926 Ge-

964 947 1049 973 nitore
1064 947 1202 980 praestabit
1217 955 1224 973 ι
1246 947 1422 981 mysteriique
1433 945 1513 980 hujus
1526 945 1594 972 ratio
1614 947 1648 972 ita
1664 946 1750 980 expli-

963 997 1034 1024 cata,
1053 993 1268 1027 reprehensione
1299 992 1371 1028 apud
1401 999 1475 1019 sanm
1506 992 1603 1019 mentis
1629 992 1752 1018 homines

963 1043 1050 1065 vacat.

997 1084 1068 1112 XVI.
1093 1094 1102 1110 ι
1125 1084 1196 1112 Puer
1207 1089 1298 1111 autem
1314 1084 1465 1115 crescebat,
1493 1088 1519 1110 ct
1544 1084 1752 1111 contortabatur

963 1131 1075 1164 spiritu,
1103 1131 1200 1165 plenus
1226 1130 1379 1165 sapientia;
1403 1134 1431 1157 et
1455 1130 1542 1165 gratia
1566 1129 1611 1156 Dei
1639 1134 1699 1156 erat
1725 1130 1751 1156 in

965 1177 1046 1211 illo“;
1065 1186 1074 1202 ι
1093 1183 1121 1204 et
1140 1176 1210 1204 infra
1227 1186 1233 1203 :
1254 1185 1263 1202 ‹
1282 1176 1360 1203 Jesus
1387 1176 1544 1211 proﬁciebat
1566 1176 1698 1209 sapientia
1723 1181 1751 1202 et

964 1229 1044 1251 aetate
1059 1223 1180 1258 etgratia
1198 1223 1268 1257 apud
1286 1223 1369 1250 Deum
1383 1228 1410 1250 et
1426 1223 1548 1250 homines
1557 1222 1594 1249 ⁷.)
1610 1223 1752 1250 Dominum

964 1275 1086 1297 nostrum
1099 1269 1189 1297 Jesum
1206 1269 1344 1297 Christum
1367 1276 1452 1296 unum
1478 1269 1590 1296 omnino
1606 1272 1665 1295 eSse
1681 1267 1752 1294 amr-

965 1321 1080 1347 mantes,
1097 1317 1269 1350 lmmanaquc
1282 1322 1314 1342 ac.
1330 1315 1419 1341 divina
1436 1323 1469 1342 ex
1498 1322 1575 1349 ωψιο
1601 1315 1689 1341 eidem
1703 1314 1751 1341 tri—

963 1361 1088 1394 buentes,
1104 1361 1283 1388 exinanitioni
1301 1361 1410 1395 quidem
1437 1367 1501 1387 vere
1516 1361 1661 1387 convenire
1677 1367 1752 1387 asse~

964 1407 1049 1435 rimus
1061 1416 1121 1435 cum
1136 1407 1258 1442 corporei
1277 1407 1436 1434 incrementi
1463 1408 1675 1440 susceptionem,
1693 1412 1749 1433 tum

963 1455 1185 1488 corpulentarum
1197 1461 1305 1488 quoque
1319 1453 1436 1487 partium
1457 1453 1640 1480 successivam
1657 1460 1752 1480 conso-

964 1501 1119 1528 lidationcm
1134 1505 1161 1528 et
1178 1500 1430 1531 roniirnmtionem;
1442 1499 1508 1532 {tum
1525 1499 1575 1525 hoc
1600 1498 1686 1532 ipsum
1707 1498 1752 1525 dc-

965 1547 1056 1581 nique,
1073 1546 1145 1580 quod
1163 1543 1295 1580 sapientia
1320 1543 1424 1578 impleri
1452 1544 1609 1571 videretur:
1627 1544 1752 1578 quando-

963 1593 1071 1627 quidem
1085 1600 1138 1619 uua
1149 1600 1209 1619 cum
1223 1591 1390 1618 incremento
1404 1590 1526 1625 corporis
1539 1597 1586 1625 per
1598 1598 1752 1625 congruen-

963 1643 1003 1666 tes
1015 1639 1097 1666 veluti
1120 1645 1289 1674 progressus,
1313 1637 1443 1671 sapientia
1469 1636 1541 1663 illius
1560 1637 1681 1670 quotidie
1696 1644 1752 1662 ma-

962 1686 1004 1721 gis
1027 1686 1167 1720 magisque
1183 1684 1248 1711 l‘oris
1267 1691 1327 1711 sese
1339 1684 1480 1717 prodehal.
1498 1683 1530 1709 Et
1546 1683 1602 1710 [nec
1626 1682 1752 1716 quidem,

962 1737 993 1759 ut
1009 1731 1074 1763 dixi,
1089 1731 1179 1758 carnis
1193 1731 1401 1766 dispensationi,
1423 1731 1503 1766 139
1532 1735 1559 1757 et
1589 1730 1752 1758 humiliatio-

965 1779 1007 1806 nis
1033 1777 1181 1805 conditioni
1208 1778 1407 1812 competebant.
1431 1778 1467 1804 At
1501 1784 1565 1804 vero
1593 1782 1750 1810 perpetuam

961 1830 1190 1860 constantemque
1206 1824 1400 1858 perfectionem
1419 1824 1554 1855 obtinere,
1575 1832 1680 1851 necnon
1706 1831 1751 1851 sa.-

962 1872 1090 1907 pientiam
1122 1878 1193 1903 esse,
1209 1872 1234 1898 id
1262 1872 1288 1897 in
1307 1871 1392 1905 ipsius
1417 1869 1499 1897 Verbi
1527 1877 1651 1898 naturam
1684 1879 1748 1905 qua.

963 1920 1033 1947 drat.
1051 1918 1116 1945 Tam
1132 1926 1163 1946 ea
1183 1918 1265 1953 igitur
1282 1918 1353 1944 illius
1369 1922 1431 1945 sunt
1448 1925 1507 1953 qua:
1535 1919 1567 1944 ad
1584 1918 1750 1944 exinanitio-

963 1973 1023 1992 nem
1041 1965 1186 1998 pertinent,
1199 1972 1280 1999 quam
1309 1972 1340 1990 ea
1375 1971 1496 1995 rursum,
1521 1972 1580 1998 qua:
1599 1964 1632 1991 ad
1652 1964 1752 1991 divinae

962 2017 1065 2039 natura!
1079 2012 1266 2038 excellentiam
1280 2015 1414 2045 spectant.
1432 2011 1537 2038 Etenim
1554 2012 1621 2038 ratio
1637 2013 1749 2039 modus-

962 2067 1014 2094 que
1047 2058 1255 2093 dispensationis
1283 2065 1344 2084 cum
1369 2065 1451 2084 carne
1469 2059 1593 2085 eutndem
1621 2063 1647 2085 et
1672 2059 1750 2085 nobis

961 2107 1089 2138 similem,
1118 2111 1145 2134 et
1172 2107 1249 2133 nobis
1278 2114 1386 2134 rursum
1419 2106 1586 2140 superiorem
1614 2107 1748 2139 agnoscit.

961 2152 1192 2186 Quemadmodum
1203 2152 1274 2179 enim
1292 2153 1380 2180 omnis
1400 2157 1532 2179 creaturae
1565 2153 1748 2179 conditionem

962 2199 1054 2225 multis
1075 2198 1197 2231 partibus
1220 2197 1327 2224 ercellit
1344 2202 1374 2224 ut
1391 2197 1478 2228 Deus;
1499 2197 1534 2223 ita
1550 2202 1579 2224 ut
1605 2197 1684 2224 homo
1703 2205 1748 2224 se-

926 2242 946 2268 D
962 2245 1075 2278 metipso
1090 2243 1288 2278 quodammodo
1301 2243 1389 2270 minor
1397 2243 1516 2270 exsistit.
1527 2242 1661 2275 Quorsum
1674 2244 1746 2270 enim

962 2290 1123 2322 humiliatio,
1140 2290 1165 2316 in
1184 2297 1264 2324 quam
1279 2289 1349 2317 ultro
1361 2297 1391 2317 se
1404 2290 1523 2322 demisit,
1541 2290 1562 2316 si
1579 2297 1639 2323 qua:
1653 2290 1749 2316 huma-

961 2344 1001 2364 nce
1015 2341 1118 2363 naturre
1132 2341 1196 2364 sunt
1213 2336 1321 2370 propria
1334 2344 1387 2363 non
1409 2336 1550 2370 agnoscit?
1580 2336 1636 2362 Non
1659 2341 1748 2362 tamen

961 2383 987 2409 in
1004 2382 1233 2417 ipsisagnoscitur
1249 2381 1327 2408 Vcrhi
1355 2386 1469 2415 natura;
1503 2382 1550 2408 sed
1579 2382 1668 2416 potitus
1695 2390 1747 2408 una

961 2435 1021 2455 cum
1036 2428 1143 2463 propria
1153 2435 1235 2454 carne
1251 2435 1282 2454 ea
1294 2428 1383 2455 omnia
1399 2429 1449 2454 sibi
1471 2428 1579 2459 ascivit,
1594 2428 1745 2462 cujusmodi

963 2479 1036 2506 sunt,
1049 2474 1162 2506 esurire,
1181 2474 1267 2507 sitire,
1278 2478 1305 2501 et
1323 2474 1430 2501 itineris
1445 2474 1537 2501 labore
1555 2475 1654 2508 l'rangi.
1676 2474 1743 2501 Cum

964 2521 1045 2555 igitur
1062 2521 1140 2547 audis
1157 2531 1162 2548 :
1182 2529 1191 2546 ι
1209 2520 1278 2547 Puer
1294 2525 1382 2548 autem
1398 2523 1550 2553 crescebat,
1565 2527 1588 2547 et
1605 2521 1746 2548 conforta-

962 2565 1041 2593 batur
1068 2566 1174 2599 spiritu.
1208 2565 1301 2599 plenus
1325 2566 1474 2600 sapientia;
1502 2576 1510 2591 ι
1540 2567 1749 2600 dispensationis

963 2618 1024 2638 eum
1049 2618 1131 2636 carne
1144 2611 1301 2644 mysterium
1315 2611 1340 2636 in
1358 2618 1444 2637 causm
1469 2611 1650 2644 patrocinium
1669 2620 1748 2638 assu-

964 2663 1016 2682 me.
1028 2655 1103 2688 Quod
1118 2661 1207 2682 alitem
1223 2656 1292 2682 Deus
1307 2661 1363 2682 erat
1378 2656 1403 2682 in
1417 2664 1509 2688 carne,
1540 2657 1564 2683 id
1580 2658 1747 2692 erangdista

963 2701 1012 2728 hac
1029 2701 1132 2727 ratione
1150 2701 1314 2728 continuat:
1338 2710 1347 2726 ι
1365 2701 1508 2734 Quoniam,
1540 2702 1639 2735 inquit,
1655 2704 1742 2736 gratia

963 2746 1009 2772 Dei
1026 2751 1083 2773 erat
1099 2747 1124 2772 in
1139 2747 1193 2774 illo.
1209 2756 1217 2771 ι
1238 2747 1292 2774 Nec
1305 2747 1376 2774 enim
1389 2748 1432 2774 Dei
1451 2749 1564 2780 gratiam
1593 2749 1694 2775 habere
1706 2749 1747 2775 di-

963 2793 1054 2825 citur,
1070 2793 1144 2827 quaSi
1160 2793 1193 2820 ab
1203 2793 1255 2820 alio
1272 2793 1324 2821 Deo
1342 2794 1413 2821 illam
1431 2799 1568 2822 nmtuatus
1596 2794 1686 2827 fuerit,
1700 2794 1748 2823 sed

1515 2928 1550 2958 43
