  <div class='ocr_page' id='page_1' title='image "/cluster/home/n/w/nwhite01/storage/ocr_20150623/76/njp.32101007590019/747.png"; bbox 0 0 1872 3057; ppageno 0'>
   <div class='ocr_carea' id='block_1_1' title="bbox 135 143 204 172">
    <p class='ocr_par' dir='ltr' id='par_1_1' title="bbox 135 143 204 172">
     <span class='ocr_line' id='line_1_1' title="bbox 135 143 204 172; baseline 0.029 -2"><span class='ocrx_word' id='word_1_1' title='bbox 135 145 145 170; x_wconf 82' lang='lat' dir='ltr'><strong>l</strong></span> <span class='ocrx_word' id='word_1_2' title='bbox 152 143 204 172; x_wconf 78' lang='lat'><strong>555</strong></span> 
     </span>
    </p>
   </div>
   <div class='ocr_carea' id='block_1_2' title="bbox 628 138 1248 169">
    <p class='ocr_par' dir='ltr' id='par_1_2' title="bbox 628 138 1248 169">
     <span class='ocr_line' id='line_1_2' title="bbox 628 138 1248 169; baseline -0.003 -1"><span class='ocrx_word' id='word_1_3' title='bbox 628 141 657 169; x_wconf 90' lang='lat' dir='ltr'><strong>S.</strong></span> <span class='ocrx_word' id='word_1_4' title='bbox 681 140 818 169; x_wconf 75' lang='lat' dir='ltr'><strong>CYIIILLI</strong></span> <span class='ocrx_word' id='word_1_5' title='bbox 838 138 1071 167; x_wconf 80' lang='lat' dir='ltr'><strong>ALEXANDRINI</strong></span> <span class='ocrx_word' id='word_1_6' title='bbox 1090 138 1248 167; x_wconf 73' lang='lat' dir='ltr'><strong>ARCIIII&#39;IP.</strong></span> 
     </span>
    </p>
   </div>
   <div class='ocr_carea' id='block_1_3' title="bbox 1699 138 1772 166">
    <p class='ocr_par' dir='ltr' id='par_1_3' title="bbox 1699 138 1772 166">
     <span class='ocr_line' id='line_1_3' title="bbox 1699 138 1772 166; baseline -0.014 0"><span class='ocrx_word' id='word_1_7' title='bbox 1699 140 1710 166; x_wconf 84' lang='grc' dir='ltr'><strong>Ι</strong></span> <span class='ocrx_word' id='word_1_8' title='bbox 1717 138 1772 166; x_wconf 77' lang='lat'><strong>556</strong></span> 
     </span>
    </p>
   </div>
   <div class='ocr_carea' id='block_1_4' title="bbox 133 199 895 238">
    <p class='ocr_par' dir='ltr' id='par_1_4' title="bbox 133 201 894 238">
     <span class='ocr_line' id='line_1_4' title="bbox 133 201 894 238; baseline -0.007 -7"><span class='ocrx_word' id='word_1_9' title='bbox 133 204 216 238; x_wconf 81' lang='lat' dir='ltr'><strong>quod.</strong></span> <span class='ocrx_word' id='word_1_10' title='bbox 234 210 294 230; x_wconf 80' lang='lat' dir='ltr'><strong>cum</strong></span> <span class='ocrx_word' id='word_1_11' title='bbox 310 209 375 238; x_wconf 87' lang='lat' dir='ltr'><strong>puer</strong></span> <span class='ocrx_word' id='word_1_12' title='bbox 388 206 467 235; x_wconf 85' lang='lat' dir='ltr'><strong>esset,</strong></span> <span class='ocrx_word' id='word_1_13' title='bbox 480 201 612 236; x_wconf 82' lang='lat' dir='ltr'><strong>ejusmodi</strong></span> <span class='ocrx_word' id='word_1_14' title='bbox 624 201 710 236; x_wconf 74' lang='lat' dir='ltr'><strong>gratia</strong></span> <span class='ocrx_word' id='word_1_15' title='bbox 721 204 834 227; x_wconf 84' lang='lat' dir='ltr'><strong>ornatus</strong></span> <span class='ocrx_word' id='word_1_16' title='bbox 849 208 894 227; x_wconf 87' lang='lat' dir='ltr'><strong>era</strong></span> 
     </span>
    </p>
   </div>
   <div class='ocr_carea' id='block_1_5' title="bbox 1012 199 1772 238">
    <p class='ocr_par' dir='ltr' id='par_1_5' title="bbox 1012 199 1772 235">
     <span class='ocr_line' id='line_1_5' title="bbox 1012 199 1772 235; baseline -0.003 -9"><span class='ocrx_word' id='word_1_17' title='bbox 1012 208 1053 226; x_wconf 68' lang='lat' dir='ltr'><strong>2w</strong></span> <span class='ocrx_word' id='word_1_18' title='bbox 1076 199 1242 232; x_wconf 74' lang='grc' dir='ltr'><strong>προκόπτειν</strong></span> <span class='ocrx_word' id='word_1_19' title='bbox 1265 200 1292 225; x_wconf 77' lang='grc' dir='ltr'>ἐν</span> <span class='ocrx_word' id='word_1_20' title='bbox 1310 200 1400 235; x_wconf 75' lang='grc' dir='ltr'>χάριτι</span> <span class='ocrx_word' id='word_1_21' title='bbox 1416 200 1492 235; x_wconf 77' lang='grc' dir='ltr'>παρά</span> <span class='ocrx_word' id='word_1_22' title='bbox 1514 209 1543 226; x_wconf 77' lang='grc' dir='ltr'>τε</span> <span class='ocrx_word' id='word_1_23' title='bbox 1561 199 1622 235; x_wconf 80' lang='grc' dir='ltr'><strong>θεῷ</strong></span> <span class='ocrx_word' id='word_1_24' title='bbox 1647 199 1696 225; x_wconf 69' lang='grc' dir='ltr'>καὶ</span> <span class='ocrx_word' id='word_1_25' title='bbox 1715 199 1772 224; x_wconf 77' lang='grc' dir='ltr'><strong>ἁν-</strong></span> 
     </span>
    </p>
   </div>
   <div class='ocr_carea' id='block_1_6' title="bbox 132 246 920 284">
    <p class='ocr_par' dir='ltr' id='par_1_6' title="bbox 132 246 920 284">
     <span class='ocr_line' id='line_1_6' title="bbox 132 246 920 284; baseline -0.006 -9"><span class='ocrx_word' id='word_1_26' title='bbox 132 257 184 284; x_wconf 90' lang='lat' dir='ltr'><strong>qna</strong></span> <span class='ocrx_word' id='word_1_27' title='bbox 211 249 292 276; x_wconf 83' lang='lat' dir='ltr'><strong>Deum</strong></span> <span class='ocrx_word' id='word_1_28' title='bbox 321 249 453 275; x_wconf 87' lang='lat' dir='ltr'><strong>decebat:</strong></span> <span class='ocrx_word' id='word_1_29' title='bbox 474 247 690 281; x_wconf 84' lang='lat' dir='ltr'><strong>quamloquidem</strong></span> <span class='ocrx_word' id='word_1_30' title='bbox 712 246 783 273; x_wconf 84' lang='lat' dir='ltr'><strong>Deus</strong></span> <span class='ocrx_word' id='word_1_31' title='bbox 804 246 920 272; x_wconf 76' lang='lat' dir='ltr'><strong>Verbum</strong></span> 
     </span>
    </p>
   </div>
   <div class='ocr_carea' id='block_1_7' title="bbox 132 292 921 326">
    <p class='ocr_par' dir='ltr' id='par_1_7' title="bbox 132 292 921 326">
     <span class='ocr_line' id='line_1_7' title="bbox 132 292 921 326; baseline -0.006 -5"><span class='ocrx_word' id='word_1_32' title='bbox 132 300 202 326; x_wconf 70' lang='lat' dir='ltr'><strong>erat,</strong></span> <span class='ocrx_word' id='word_1_33' title='bbox 216 300 242 322; x_wconf 81' lang='lat' dir='ltr'><strong>et</strong></span> <span class='ocrx_word' id='word_1_34' title='bbox 260 299 312 325; x_wconf 83' lang='lat' dir='ltr'><strong>est,</strong></span> <span class='ocrx_word' id='word_1_35' title='bbox 331 294 438 320; x_wconf 83' lang='lat' dir='ltr'><strong>etiamsi</strong></span> <span class='ocrx_word' id='word_1_36' title='bbox 456 294 482 319; x_wconf 93' lang='lat' dir='ltr'><strong>iu</strong></span> <span class='ocrx_word' id='word_1_37' title='bbox 496 300 579 320; x_wconf 86' lang='lat' dir='ltr'><strong>carne</strong></span> <span class='ocrx_word' id='word_1_38' title='bbox 594 293 760 326; x_wconf 83' lang='lat' dir='ltr'><strong>apparuerit,</strong></span> <span class='ocrx_word' id='word_1_39' title='bbox 788 292 921 325; x_wconf 77' lang='lat' dir='ltr'><strong>nobisque</strong></span> 
     </span>
    </p>
   </div>
   <div class='ocr_carea' id='block_1_8' title="bbox 132 338 924 371">
    <p class='ocr_par' dir='ltr' id='par_1_8' title="bbox 132 338 924 371">
     <span class='ocr_line' id='line_1_8' title="bbox 132 338 924 371; baseline -0.006 -5"><span class='ocrx_word' id='word_1_40' title='bbox 132 340 229 366; x_wconf 77' lang='lat' dir='ltr'><strong>similis</strong></span> <span class='ocrx_word' id='word_1_41' title='bbox 243 340 354 366; x_wconf 72' lang='lat' dir='ltr'><strong>t-ll&#39;ectus</strong></span> <span class='ocrx_word' id='word_1_42' title='bbox 383 339 427 365; x_wconf 87' lang='lat' dir='ltr'><strong>sit.</strong></span> <span class='ocrx_word' id='word_1_43' title='bbox 443 338 513 365; x_wconf 80' lang='lat' dir='ltr'><strong>Nihil</strong></span> <span class='ocrx_word' id='word_1_44' title='bbox 532 338 642 371; x_wconf 87' lang='lat' dir='ltr'><strong>proinde</strong></span> <span class='ocrx_word' id='word_1_45' title='bbox 656 338 775 369; x_wconf 81' lang='lat' dir='ltr'><strong>absurdi,</strong></span> <span class='ocrx_word' id='word_1_46' title='bbox 791 341 861 363; x_wconf 88' lang='lat' dir='ltr'><strong>anta</strong></span> <span class='ocrx_word' id='word_1_47' title='bbox 881 344 924 361; x_wconf 84' lang='lat' dir='ltr'><strong>ra-</strong></span> 
     </span>
    </p>
   </div>
   <div class='ocr_carea' id='block_1_9' title="bbox 132 382 924 417">
    <p class='ocr_par' dir='ltr' id='par_1_9' title="bbox 132 382 924 417">
     <span class='ocr_line' id='line_1_9' title="bbox 132 382 924 417; baseline -0.006 -5"><span class='ocrx_word' id='word_1_48' title='bbox 132 387 204 412; x_wconf 74' lang='lat' dir='ltr'><strong>tione</strong></span> <span class='ocrx_word' id='word_1_49' title='bbox 218 385 335 411; x_wconf 77' lang='lat' dir='ltr'><strong>alienum</strong></span> <span class='ocrx_word' id='word_1_50' title='bbox 350 385 492 415; x_wconf 86' lang='lat' dir='ltr'><strong>asseritur,</strong></span> <span class='ocrx_word' id='word_1_51' title='bbox 517 384 538 410; x_wconf 89' lang='lat' dir='ltr'><strong>si</strong></span> <span class='ocrx_word' id='word_1_52' title='bbox 562 384 645 410; x_wconf 86' lang='lat' dir='ltr'><strong>etiam</strong></span> <span class='ocrx_word' id='word_1_53' title='bbox 671 383 787 417; x_wconf 78' lang='lat' dir='ltr'><strong>gratiam</strong></span> <span class='ocrx_word' id='word_1_54' title='bbox 811 382 924 413; x_wconf 82' lang='lat' dir='ltr'><strong>habere,</strong></span> 
     </span>
    </p>
   </div>
   <div class='ocr_carea' id='block_1_10' title="bbox 975 244 1772 280">
    <p class='ocr_par' dir='ltr' id='par_1_10' title="bbox 975 244 1772 280">
     <span class='ocr_line' id='line_1_10' title="bbox 975 244 1772 280; baseline -0.001 -9"><span class='ocrx_word' id='word_1_55' title='bbox 975 244 1109 280; x_wconf 82' lang='grc' dir='ltr'><strong>θρώποις,</strong></span> <span class='ocrx_word' id='word_1_56' title='bbox 1134 245 1164 271; x_wconf 75' lang='grc' dir='ltr'><strong>τδ</strong></span> <span class='ocrx_word' id='word_1_57' title='bbox 1186 245 1299 276; x_wconf 76' lang='grc' dir='ltr'>ἀπεικὸς</span> <span class='ocrx_word' id='word_1_58' title='bbox 1313 245 1388 271; x_wconf 73' lang='grc' dir='ltr'>οὐδέν</span> <span class='ocrx_word' id='word_1_59' title='bbox 1402 254 1408 261; x_wconf 94' lang='grc'><strong>·</strong></span> <span class='ocrx_word' id='word_1_60' title='bbox 1425 246 1449 271; x_wconf 77' lang='grc' dir='ltr'>εί</span> <span class='ocrx_word' id='word_1_61' title='bbox 1473 246 1520 273; x_wconf 78' lang='grc' dir='ltr'>καὶ</span> <span class='ocrx_word' id='word_1_62' title='bbox 1541 246 1625 276; x_wconf 74' lang='grc' dir='ltr'>αὐτὸς</span> <span class='ocrx_word' id='word_1_63' title='bbox 1639 245 1655 270; x_wconf 80' lang='grc' dir='ltr'><strong>ὁ</strong></span> <span class='ocrx_word' id='word_1_64' title='bbox 1672 244 1772 279; x_wconf 76' lang='grc' dir='ltr'>Πατὴρ</span> 
     </span>
    </p>
   </div>
   <div class='ocr_carea' id='block_1_11' title="bbox 972 289 1771 324">
    <p class='ocr_par' dir='ltr' id='par_1_11' title="bbox 972 289 1771 324">
     <span class='ocr_line' id='line_1_11' title="bbox 972 289 1771 324; baseline -0.001 -8"><span class='ocrx_word' id='word_1_65' title='bbox 972 289 1120 324; x_wconf 76' lang='grc' dir='ltr'>ἀπεδέχετο</span> <span class='ocrx_word' id='word_1_66' title='bbox 1133 289 1182 324; x_wconf 77' lang='grc' dir='ltr'><strong>τὴν</strong></span> <span class='ocrx_word' id='word_1_67' title='bbox 1199 290 1366 324; x_wconf 79' lang='grc' dir='ltr'>οἰκονομίαν,</span> <span class='ocrx_word' id='word_1_68' title='bbox 1383 291 1431 317; x_wconf 77' lang='grc' dir='ltr'><strong>καὶ</strong></span> <span class='ocrx_word' id='word_1_69' title='bbox 1446 291 1526 317; x_wconf 76' lang='grc' dir='ltr'>αὐτὸν</span> <span class='ocrx_word' id='word_1_70' title='bbox 1539 291 1568 316; x_wconf 84' lang='grc' dir='ltr'>δὲ</span> <span class='ocrx_word' id='word_1_71' title='bbox 1586 290 1632 316; x_wconf 71' lang='grc' dir='ltr'><strong>τὸν</strong></span> <span class='ocrx_word' id='word_1_72' title='bbox 1649 290 1717 316; x_wconf 59' lang='lat' dir='ltr'><strong>Tib-1</strong></span> <span class='ocrx_word' id='word_1_73' title='bbox 1732 291 1771 315; x_wconf 82' lang='grc' dir='ltr'><strong>οἰ-</strong></span> 
     </span>
    </p>
   </div>
   <div class='ocr_carea' id='block_1_12' title="bbox 973 334 1772 371">
    <p class='ocr_par' dir='ltr' id='par_1_12' title="bbox 973 334 1772 371">
     <span class='ocr_line' id='line_1_12' title="bbox 973 334 1772 371; baseline -0.003 -10"><span class='ocrx_word' id='word_1_74' title='bbox 973 335 1130 370; x_wconf 76' lang='grc' dir='ltr'>κειούμενον</span> <span class='ocrx_word' id='word_1_75' title='bbox 1145 334 1178 361; x_wconf 75' lang='grc' dir='ltr'>τὰ</span> <span class='ocrx_word' id='word_1_76' title='bbox 1194 335 1324 370; x_wconf 76' lang='grc' dir='ltr'>σαρκικὰ,</span> <span class='ocrx_word' id='word_1_77' title='bbox 1338 335 1382 362; x_wconf 79' lang='grc' dir='ltr'><strong>διὰ</strong></span> <span class='ocrx_word' id='word_1_78' title='bbox 1397 336 1428 362; x_wconf 79' lang='grc' dir='ltr'>τὸ</span> <span class='ocrx_word' id='word_1_79' title='bbox 1441 336 1480 371; x_wconf 80' lang='grc' dir='ltr'>τῷ</span> <span class='ocrx_word' id='word_1_80' title='bbox 1496 335 1640 371; x_wconf 81' lang='grc' dir='ltr'>μυστηρίῳ</span> <span class='ocrx_word' id='word_1_81' title='bbox 1659 335 1772 370; x_wconf 76' lang='grc' dir='ltr'>πρέπον</span> 
     </span>
    </p>
   </div>
   <div class='ocr_carea' id='block_1_13' title="bbox 972 380 1354 416">
    <p class='ocr_par' dir='ltr' id='par_1_13' title="bbox 972 380 1354 416">
     <span class='ocr_line' id='line_1_13' title="bbox 972 380 1354 416; baseline 0.003 -10"><span class='ocrx_word' id='word_1_82' title='bbox 972 389 1002 406; x_wconf 80' lang='grc' dir='ltr'>τε</span> <span class='ocrx_word' id='word_1_83' title='bbox 1017 380 1085 416; x_wconf 66' lang='grc' dir='ltr'><strong>ὁμοῦ</strong></span> <span class='ocrx_word' id='word_1_84' title='bbox 1101 381 1148 407; x_wconf 76' lang='grc' dir='ltr'><strong>καὶ</strong></span> <span class='ocrx_word' id='word_1_85' title='bbox 1164 381 1193 406; x_wconf 84' lang='grc' dir='ltr'>τὸ</span> <span class='ocrx_word' id='word_1_86' title='bbox 1210 382 1354 416; x_wconf 68' lang='grc' dir='ltr'><strong>χρήσιμον.</strong></span> 
     </span>
    </p>
   </div>
   <div class='ocr_carea' id='block_1_14' title="bbox 131 429 1773 466">
    <p class='ocr_par' dir='ltr' id='par_1_14' title="bbox 131 429 1773 466">
     <span class='ocr_line' id='line_1_14' title="bbox 131 429 1773 466; baseline -0.002 -9"><span class='ocrx_word' id='word_1_87' title='bbox 131 433 180 458; x_wconf 81' lang='lat' dir='ltr'><strong>hoc</strong></span> <span class='ocrx_word' id='word_1_88' title='bbox 196 437 237 459; x_wconf 82' lang='lat' dir='ltr'><strong>est</strong></span> <span class='ocrx_word' id='word_1_89' title='bbox 255 432 341 466; x_wconf 81' lang='lat' dir='ltr'><strong>gratia</strong></span> <span class='ocrx_word' id='word_1_90' title='bbox 356 432 423 466; x_wconf 85' lang='lat' dir='ltr'><strong>apud</strong></span> <span class='ocrx_word' id='word_1_91' title='bbox 437 432 518 458; x_wconf 81' lang='lat' dir='ltr'><strong>Deum</strong></span> <span class='ocrx_word' id='word_1_92' title='bbox 536 435 562 458; x_wconf 91' lang='lat' dir='ltr'><strong>et</strong></span> <span class='ocrx_word' id='word_1_93' title='bbox 577 431 698 458; x_wconf 79' lang='lat' dir='ltr'><strong>homines</strong></span> <span class='ocrx_word' id='word_1_94' title='bbox 729 430 860 464; x_wconf 85' lang='lat' dir='ltr'><strong>prolicere</strong></span> <span class='ocrx_word' id='word_1_95' title='bbox 884 429 1006 455; x_wconf 78' lang='lat' dir='ltr'><strong>dicatur:</strong></span> <span class='ocrx_word' id='word_1_96' title='bbox 1033 436 1094 456; x_wconf 81' lang='lat' dir='ltr'><strong>11am</strong></span> <span class='ocrx_word' id='word_1_97' title='bbox 1116 430 1171 463; x_wconf 87' lang='lat' dir='ltr'><strong>ipse</strong></span> <span class='ocrx_word' id='word_1_98' title='bbox 1191 429 1271 456; x_wconf 80' lang='lat' dir='ltr'><strong>Pater</strong></span> <span class='ocrx_word' id='word_1_99' title='bbox 1304 433 1359 455; x_wconf 86' lang='lat' dir='ltr'><strong>tam</strong></span> <span class='ocrx_word' id='word_1_100' title='bbox 1384 429 1470 463; x_wconf 87' lang='lat' dir='ltr'><strong>ipsam</strong></span> <span class='ocrx_word' id='word_1_101' title='bbox 1499 430 1590 456; x_wconf 86' lang='lat' dir='ltr'><strong>carnis</strong></span> <span class='ocrx_word' id='word_1_102' title='bbox 1619 430 1773 464; x_wconf 76' lang='lat' dir='ltr'><strong>dispensa-</strong></span> 
     </span>
    </p>
   </div>
   <div class='ocr_carea' id='block_1_15' title="bbox 132 475 1773 512">
    <p class='ocr_par' dir='ltr' id='par_1_15' title="bbox 132 475 1773 512">
     <span class='ocr_line' id='line_1_15' title="bbox 132 475 1773 512; baseline -0.002 -8"><span class='ocrx_word' id='word_1_103' title='bbox 132 480 242 511; x_wconf 80' lang='lat' dir='ltr'><strong>tionem,</strong></span> <span class='ocrx_word' id='word_1_104' title='bbox 255 486 334 512; x_wconf 84' lang='lat' dir='ltr'><strong>quam</strong></span> <span class='ocrx_word' id='word_1_105' title='bbox 350 478 437 512; x_wconf 82' lang='lat' dir='ltr'><strong>ipsum</strong></span> <span class='ocrx_word' id='word_1_106' title='bbox 451 478 532 504; x_wconf 84' lang='lat' dir='ltr'><strong>etiam</strong></span> <span class='ocrx_word' id='word_1_107' title='bbox 549 477 646 504; x_wconf 87' lang='lat' dir='ltr'><strong>Filium</strong></span> <span class='ocrx_word' id='word_1_108' title='bbox 667 485 727 511; x_wconf 68' lang='grc' dir='ltr'>φιλο</span> <span class='ocrx_word' id='word_1_109' title='bbox 753 476 844 503; x_wconf 80' lang='lat' dir='ltr'><strong>carnis</strong></span> <span class='ocrx_word' id='word_1_110' title='bbox 878 480 940 502; x_wconf 89' lang='lat' dir='ltr'><strong>sunt</strong></span> <span class='ocrx_word' id='word_1_111' title='bbox 959 475 1079 510; x_wconf 86' lang='lat' dir='ltr'><strong>propria.</strong></span> <span class='ocrx_word' id='word_1_112' title='bbox 1095 479 1205 511; x_wconf 80' lang='lat' dir='ltr'><strong>propter</strong></span> <span class='ocrx_word' id='word_1_113' title='bbox 1237 475 1379 502; x_wconf 82' lang='lat' dir='ltr'><strong>utilitatem</strong></span> <span class='ocrx_word' id='word_1_114' title='bbox 1401 476 1579 510; x_wconf 82' lang='lat' dir='ltr'><strong>mysteriique</strong></span> <span class='ocrx_word' id='word_1_115' title='bbox 1604 476 1773 503; x_wconf 82' lang='lat' dir='ltr'><strong>convenien-</strong></span> 
     </span>
    </p>
   </div>
   <div class='ocr_carea' id='block_1_16' title="bbox 131 525 726 559">
    <p class='ocr_par' dir='ltr' id='par_1_16' title="bbox 131 525 726 559">
     <span class='ocr_line' id='line_1_16' title="bbox 131 525 726 559; baseline -0.002 -8"><span class='ocrx_word' id='word_1_116' title='bbox 131 528 195 552; x_wconf 88' lang='lat' dir='ltr'><strong>tiam</strong></span> <span class='ocrx_word' id='word_1_117' title='bbox 212 526 262 551; x_wconf 82' lang='lat' dir='ltr'><strong>sibi</strong></span> <span class='ocrx_word' id='word_1_118' title='bbox 279 525 466 557; x_wconf 79' lang='lat' dir='ltr'><strong>asciscentem,</strong></span> <span class='ocrx_word' id='word_1_119' title='bbox 481 529 589 559; x_wconf 83' lang='lat' dir='ltr'><strong>accepta</strong></span> <span class='ocrx_word' id='word_1_120' title='bbox 603 525 726 551; x_wconf 81' lang='lat' dir='ltr'><strong>habebat.</strong></span> 
     </span>
    </p>
   </div>
   <div class='ocr_carea' id='block_1_17' title="bbox 166 570 916 605">
    <p class='ocr_par' dir='ltr' id='par_1_17' title="bbox 166 570 916 605">
     <span class='ocr_line' id='line_1_17' title="bbox 166 570 916 605; baseline -0.003 -7"><span class='ocrx_word' id='word_1_121' title='bbox 166 570 245 598; x_wconf 72' lang='lat' dir='ltr'><strong>XVII.</strong></span> <span class='ocrx_word' id='word_1_122' title='bbox 260 580 269 596; x_wconf 79' lang='grc' dir='ltr'><strong>ι</strong></span> <span class='ocrx_word' id='word_1_123' title='bbox 284 571 320 598; x_wconf 84' lang='lat' dir='ltr'><strong>De</strong></span> <span class='ocrx_word' id='word_1_124' title='bbox 329 572 372 598; x_wconf 88' lang='lat' dir='ltr'><strong>die</strong></span> <span class='ocrx_word' id='word_1_125' title='bbox 382 577 470 598; x_wconf 85' lang='lat' dir='ltr'><strong>autem</strong></span> <span class='ocrx_word' id='word_1_126' title='bbox 483 571 527 598; x_wconf 87' lang='lat' dir='ltr'><strong>illa</strong></span> <span class='ocrx_word' id='word_1_127' title='bbox 539 576 566 598; x_wconf 86' lang='lat' dir='ltr'><strong>et</strong></span> <span class='ocrx_word' id='word_1_128' title='bbox 581 572 647 598; x_wconf 87' lang='lat' dir='ltr'><strong>hora</strong></span> <span class='ocrx_word' id='word_1_129' title='bbox 664 579 743 598; x_wconf 87' lang='lat' dir='ltr'><strong>uento</strong></span> <span class='ocrx_word' id='word_1_130' title='bbox 756 571 916 605; x_wconf 86' lang='lat' dir='ltr'><strong>scit,neque</strong></span> 
     </span>
    </p>
   </div>
   <div class='ocr_carea' id='block_1_18' title="bbox 131 616 914 651">
    <p class='ocr_par' dir='ltr' id='par_1_18' title="bbox 131 616 914 651">
     <span class='ocr_line' id='line_1_18' title="bbox 131 616 914 651; baseline -0.003 -7"><span class='ocrx_word' id='word_1_131' title='bbox 131 617 218 651; x_wconf 78' lang='lat' dir='ltr'><strong>angeli</strong></span> <span class='ocrx_word' id='word_1_132' title='bbox 237 617 379 648; x_wconf 66' lang='lat' dir='ltr'><strong>caelorum,</strong></span> <span class='ocrx_word' id='word_1_133' title='bbox 393 624 480 651; x_wconf 89' lang='lat' dir='ltr'><strong>neque</strong></span> <span class='ocrx_word' id='word_1_134' title='bbox 494 616 589 649; x_wconf 84' lang='lat' dir='ltr'><strong>Filius,</strong></span> <span class='ocrx_word' id='word_1_135' title='bbox 604 617 655 644; x_wconf 87' lang='lat' dir='ltr'><strong>nisi</strong></span> <span class='ocrx_word' id='word_1_136' title='bbox 674 616 748 644; x_wconf 86' lang='lat' dir='ltr'><strong>solus</strong></span> <span class='ocrx_word' id='word_1_137' title='bbox 763 616 843 643; x_wconf 86' lang='lat' dir='ltr'><strong>Pater</strong></span> <span class='ocrx_word' id='word_1_138' title='bbox 862 616 883 643; x_wconf 80' lang='grc'><strong>⁸.</strong></span> <span class='ocrx_word' id='word_1_139' title='bbox 904 625 914 642; x_wconf 73' lang='lat'><strong>1</strong></span> 
     </span>
    </p>
   </div>
   <div class='ocr_carea' id='block_1_19' title="bbox 131 663 918 698">
    <p class='ocr_par' dir='ltr' id='par_1_19' title="bbox 131 663 918 698">
     <span class='ocr_line' id='line_1_19' title="bbox 131 663 918 698; baseline -0.001 -8"><span class='ocrx_word' id='word_1_140' title='bbox 131 663 159 690; x_wconf 87' lang='lat' dir='ltr'><strong>Si</strong></span> <span class='ocrx_word' id='word_1_141' title='bbox 176 663 315 691; x_wconf 82' lang='lat' dir='ltr'><strong>Christum</strong></span> <span class='ocrx_word' id='word_1_142' title='bbox 334 671 414 689; x_wconf 87' lang='lat' dir='ltr'><strong>unum</strong></span> <span class='ocrx_word' id='word_1_143' title='bbox 432 664 578 698; x_wconf 83' lang='lat' dir='ltr'><strong>(objiciunt.</strong></span> <span class='ocrx_word' id='word_1_144' title='bbox 594 663 655 698; x_wconf 87' lang='lat' dir='ltr'><strong>illi),</strong></span> <span class='ocrx_word' id='word_1_145' title='bbox 667 664 717 691; x_wconf 88' lang='lat' dir='ltr'><strong>hoc</strong></span> <span class='ocrx_word' id='word_1_146' title='bbox 734 669 775 690; x_wconf 88' lang='lat' dir='ltr'><strong>est</strong></span> <span class='ocrx_word' id='word_1_147' title='bbox 791 663 837 691; x_wconf 87' lang='lat' dir='ltr'><strong>Dei</strong></span> <span class='ocrx_word' id='word_1_148' title='bbox 850 663 918 690; x_wconf 78' lang='lat' dir='ltr'><strong>Ver-</strong></span> 
     </span>
    </p>
   </div>
   <div class='ocr_carea' id='block_1_20' title="bbox 132 709 918 740">
    <p class='ocr_par' dir='ltr' id='par_1_20' title="bbox 132 709 918 740">
     <span class='ocr_line' id='line_1_20' title="bbox 132 709 918 740; baseline 0 -4"><span class='ocrx_word' id='word_1_149' title='bbox 132 710 194 736; x_wconf 89' lang='lat' dir='ltr'><strong>lmm</strong></span> <span class='ocrx_word' id='word_1_150' title='bbox 225 710 408 740; x_wconf 87' lang='lat' dir='ltr'><strong>incarnatum,</strong></span> <span class='ocrx_word' id='word_1_151' title='bbox 436 710 462 736; x_wconf 91' lang='lat' dir='ltr'><strong>id</strong></span> <span class='ocrx_word' id='word_1_152' title='bbox 491 715 533 736; x_wconf 85' lang='lat' dir='ltr'><strong>est</strong></span> <span class='ocrx_word' id='word_1_153' title='bbox 566 710 704 736; x_wconf 82' lang='lat' dir='ltr'><strong>hominem</strong></span> <span class='ocrx_word' id='word_1_154' title='bbox 729 709 832 736; x_wconf 80' lang='lat' dir='ltr'><strong>factum</strong></span> <span class='ocrx_word' id='word_1_155' title='bbox 857 715 918 736; x_wconf 83' lang='lat' dir='ltr'><strong>esse</strong></span> 
     </span>
    </p>
   </div>
   <div class='ocr_carea' id='block_1_21' title="bbox 131 755 916 789">
    <p class='ocr_par' dir='ltr' id='par_1_21' title="bbox 131 755 916 789">
     <span class='ocr_line' id='line_1_21' title="bbox 131 755 916 789; baseline -0.001 -7"><span class='ocrx_word' id='word_1_156' title='bbox 131 760 209 782; x_wconf 87' lang='lat' dir='ltr'><strong>certo</strong></span> <span class='ocrx_word' id='word_1_157' title='bbox 229 755 361 788; x_wconf 87' lang='lat' dir='ltr'><strong>statuitis,</strong></span> <span class='ocrx_word' id='word_1_158' title='bbox 387 755 525 789; x_wconf 90' lang='lat' dir='ltr'><strong>quomodo</strong></span> <span class='ocrx_word' id='word_1_159' title='bbox 544 755 566 782; x_wconf 88' lang='lat' dir='ltr'><strong>is</strong></span> <span class='ocrx_word' id='word_1_160' title='bbox 581 755 830 782; x_wconf 76' lang='lat' dir='ltr'><strong>consummationis</strong></span> <span class='ocrx_word' id='word_1_161' title='bbox 845 755 916 782; x_wconf 87' lang='lat' dir='ltr'><strong>diem</strong></span> 
     </span>
    </p>
   </div>
   <div class='ocr_carea' id='block_1_22' title="bbox 132 801 916 836">
    <p class='ocr_par' dir='ltr' id='par_1_22' title="bbox 132 801 916 836">
     <span class='ocr_line' id='line_1_22' title="bbox 132 801 916 836; baseline -0.003 -8"><span class='ocrx_word' id='word_1_162' title='bbox 132 801 292 836; x_wconf 75' lang='lat' dir='ltr'><strong>ignoravit?</strong></span> <span class='ocrx_word' id='word_1_163' title='bbox 320 801 527 836; x_wconf 79' lang='lat' dir='ltr'><strong>Respondemus</strong></span> <span class='ocrx_word' id='word_1_164' title='bbox 561 801 715 828; x_wconf 74' lang='lat' dir='ltr'><strong>divinorum</strong></span> <span class='ocrx_word' id='word_1_165' title='bbox 749 806 916 828; x_wconf 82' lang='lat' dir='ltr'><strong>secretorum</strong></span> 
     </span>
    </p>
   </div>
   <div class='ocr_carea' id='block_1_23' title="bbox 1008 567 1773 604">
    <p class='ocr_par' dir='ltr' id='par_1_23' title="bbox 1008 567 1773 604">
     <span class='ocr_line' id='line_1_23' title="bbox 1008 567 1773 604; baseline -0.004 -8"><span class='ocrx_word' id='word_1_166' title='bbox 1008 570 1056 597; x_wconf 92' lang='lat' dir='ltr'><strong>lZ&#39;.</strong></span> <span class='ocrx_word' id='word_1_167' title='bbox 1077 579 1087 594; x_wconf 74' lang='grc' dir='ltr'><strong>ι</strong></span> <span class='ocrx_word' id='word_1_168' title='bbox 1102 569 1170 604; x_wconf 67' lang='grc' dir='ltr'>Περὶ</span> <span class='ocrx_word' id='word_1_169' title='bbox 1184 569 1213 595; x_wconf 63' lang='grc' dir='ltr'>δε</span> <span class='ocrx_word' id='word_1_170' title='bbox 1225 569 1275 604; x_wconf 69' lang='grc' dir='ltr'>τῆς</span> <span class='ocrx_word' id='word_1_171' title='bbox 1290 568 1400 603; x_wconf 82' lang='grc' dir='ltr'>ἡμέρας</span> <span class='ocrx_word' id='word_1_172' title='bbox 1420 568 1529 603; x_wconf 76' lang='grc' dir='ltr'><strong>ἐκείνης</strong></span> <span class='ocrx_word' id='word_1_173' title='bbox 1553 568 1601 594; x_wconf 78' lang='grc' dir='ltr'><strong>καὶ</strong></span> <span class='ocrx_word' id='word_1_174' title='bbox 1622 567 1675 603; x_wconf 83' lang='grc' dir='ltr'>τῆς</span> <span class='ocrx_word' id='word_1_175' title='bbox 1691 567 1773 602; x_wconf 77' lang='grc' dir='ltr'>ὥρας</span> 
     </span>
    </p>
   </div>
   <div class='ocr_carea' id='block_1_24' title="bbox 971 613 1772 651">
    <p class='ocr_par' dir='ltr' id='par_1_24' title="bbox 971 613 1772 651">
     <span class='ocr_line' id='line_1_24' title="bbox 971 613 1772 651; baseline -0.002 -9"><span class='ocrx_word' id='word_1_176' title='bbox 971 615 1058 647; x_wconf 74' lang='grc' dir='ltr'>οὐδεὶς</span> <span class='ocrx_word' id='word_1_177' title='bbox 1081 613 1161 647; x_wconf 78' lang='grc' dir='ltr'>οἶδεν,</span> <span class='ocrx_word' id='word_1_178' title='bbox 1183 614 1244 641; x_wconf 76' lang='grc' dir='ltr'>οὒτε</span> <span class='ocrx_word' id='word_1_179' title='bbox 1266 616 1291 641; x_wconf 84' lang='grc' dir='ltr'>οἱ</span> <span class='ocrx_word' id='word_1_180' title='bbox 1311 615 1423 648; x_wconf 79' lang='grc' dir='ltr'>ἄγγελοι</span> <span class='ocrx_word' id='word_1_181' title='bbox 1443 614 1499 641; x_wconf 82' lang='grc' dir='ltr'>τῶν</span> <span class='ocrx_word' id='word_1_182' title='bbox 1511 614 1645 651; x_wconf 82' lang='grc' dir='ltr'><strong>οὐρανῶν,</strong></span> <span class='ocrx_word' id='word_1_183' title='bbox 1665 614 1732 640; x_wconf 77' lang='grc' dir='ltr'>οὗτε</span> <span class='ocrx_word' id='word_1_184' title='bbox 1757 615 1772 639; x_wconf 82' lang='grc' dir='ltr'><strong><em>ὁ</em></strong></span> 
     </span>
    </p>
   </div>
   <div class='ocr_carea' id='block_1_25' title="bbox 971 660 1770 696">
    <p class='ocr_par' dir='ltr' id='par_1_25' title="bbox 971 660 1770 696">
     <span class='ocr_line' id='line_1_25' title="bbox 971 660 1770 696; baseline -0.003 -9"><span class='ocrx_word' id='word_1_185' title='bbox 971 661 1047 693; x_wconf 78' lang='grc' dir='ltr'>Υἱὸς,</span> <span class='ocrx_word' id='word_1_186' title='bbox 1064 661 1088 687; x_wconf 81' lang='grc' dir='ltr'>εὶ</span> <span class='ocrx_word' id='word_1_187' title='bbox 1105 661 1143 696; x_wconf 80' lang='grc' dir='ltr'><strong>μὴ</strong></span> <span class='ocrx_word' id='word_1_188' title='bbox 1156 662 1170 687; x_wconf 87' lang='grc' dir='ltr'>ὁ</span> <span class='ocrx_word' id='word_1_189' title='bbox 1188 661 1291 696; x_wconf 79' lang='grc' dir='ltr'>Πατήρ.</span> <span class='ocrx_word' id='word_1_190' title='bbox 1305 669 1314 686; x_wconf 73' lang='lat'><strong>1</strong></span> <span class='ocrx_word' id='word_1_191' title='bbox 1332 661 1363 687; x_wconf 86' lang='lat' dir='ltr'><strong>El</strong></span> <span class='ocrx_word' id='word_1_192' title='bbox 1382 661 1501 696; x_wconf 80' lang='grc' dir='ltr'>Χριστὸν</span> <span class='ocrx_word' id='word_1_193' title='bbox 1515 660 1573 692; x_wconf 74' lang='grc' dir='ltr'>ἕνα,</span> <span class='ocrx_word' id='word_1_194' title='bbox 1591 660 1770 695; x_wconf 73' lang='grc' dir='ltr'>φασὶν,ὀμο-</span> 
     </span>
    </p>
   </div>
   <div class='ocr_carea' id='block_1_26' title="bbox 971 706 1771 742">
    <p class='ocr_par' dir='ltr' id='par_1_26' title="bbox 971 706 1771 742">
     <span class='ocr_line' id='line_1_26' title="bbox 971 706 1771 742; baseline -0.003 -8"><span class='ocrx_word' id='word_1_195' title='bbox 971 708 1062 742; x_wconf 85' lang='grc' dir='ltr'>λογεῖν</span> <span class='ocrx_word' id='word_1_196' title='bbox 1090 706 1230 740; x_wconf 76' lang='grc' dir='ltr'><strong>ἐγνώκατε</strong></span> <span class='ocrx_word' id='word_1_197' title='bbox 1257 707 1302 733; x_wconf 77' lang='grc' dir='ltr'>τὸν</span> <span class='ocrx_word' id='word_1_198' title='bbox 1328 706 1396 733; x_wconf 79' lang='grc' dir='ltr'><strong>Θεοῦ</strong></span> <span class='ocrx_word' id='word_1_199' title='bbox 1423 706 1509 740; x_wconf 78' lang='grc' dir='ltr'><strong>Λόγον</strong></span> <span class='ocrx_word' id='word_1_200' title='bbox 1540 707 1771 741; x_wconf 79' lang='grc' dir='ltr'>σεσαρκωμένον,</span> 
     </span>
    </p>
   </div>
   <div class='ocr_carea' id='block_1_27' title="bbox 970 752 1773 789">
    <p class='ocr_par' dir='ltr' id='par_1_27' title="bbox 970 752 1773 789">
     <span class='ocr_line' id='line_1_27' title="bbox 970 752 1773 789; baseline -0.002 -9"><span class='ocrx_word' id='word_1_201' title='bbox 970 754 1055 789; x_wconf 75' lang='grc' dir='ltr'>ἧγουν</span> <span class='ocrx_word' id='word_1_202' title='bbox 1078 752 1321 788; x_wconf 76' lang='grc' dir='ltr'>ὲνηνθρωπηκότα,</span> <span class='ocrx_word' id='word_1_203' title='bbox 1339 753 1398 784; x_wconf 79' lang='grc' dir='ltr'>πῶς</span> <span class='ocrx_word' id='word_1_204' title='bbox 1423 752 1542 786; x_wconf 75' lang='grc' dir='ltr'>ἠγνόησε</span> <span class='ocrx_word' id='word_1_205' title='bbox 1557 752 1606 788; x_wconf 81' lang='grc' dir='ltr'><strong>τὴν</strong></span> <span class='ocrx_word' id='word_1_206' title='bbox 1630 753 1683 787; x_wconf 81' lang='grc' dir='ltr'><strong>τῆς</strong></span> <span class='ocrx_word' id='word_1_207' title='bbox 1703 760 1773 778; x_wconf 81' lang='grc' dir='ltr'>συν-</span> 
     </span>
    </p>
   </div>
   <div class='ocr_carea' id='block_1_28' title="bbox 970 795 1771 833">
    <p class='ocr_par' dir='ltr' id='par_1_28' title="bbox 970 795 1771 833">
     <span class='ocr_line' id='line_1_28' title="bbox 970 795 1771 833; baseline -0.002 -8"><span class='ocrx_word' id='word_1_208' title='bbox 970 798 1077 830; x_wconf 75' lang='grc' dir='ltr'><strong>τελείας</strong></span> <span class='ocrx_word' id='word_1_209' title='bbox 1090 798 1215 833; x_wconf 84' lang='grc' dir='ltr'><strong>ὴμέραν;</strong></span> <span class='ocrx_word' id='word_1_210' title='bbox 1232 797 1323 833; x_wconf 80' lang='grc' dir='ltr'><strong>Φαμὲν</strong></span> <span class='ocrx_word' id='word_1_211' title='bbox 1337 795 1394 830; x_wconf 85' lang='grc' dir='ltr'>οὖν,</span> <span class='ocrx_word' id='word_1_212' title='bbox 1417 798 1458 824; x_wconf 81' lang='grc' dir='ltr'>ὅτι</span> <span class='ocrx_word' id='word_1_213' title='bbox 1473 797 1504 824; x_wconf 81' lang='grc' dir='ltr'>τὸ</span> <span class='ocrx_word' id='word_1_214' title='bbox 1526 798 1662 833; x_wconf 69' lang='grc' dir='ltr'>ἀγνοῆσαι</span> <span class='ocrx_word' id='word_1_215' title='bbox 1684 797 1771 832; x_wconf 70' lang='grc' dir='ltr'>τυχὸν</span> 
     </span>
    </p>
   </div>
   <div class='ocr_carea' id='block_1_29' title="bbox 132 838 895 882">
    <p class='ocr_par' dir='ltr' id='par_1_29' title="bbox 132 847 895 882">
     <span class='ocr_line' id='line_1_29' title="bbox 132 847 895 882; baseline -0.001 -8"><span class='ocrx_word' id='word_1_216' title='bbox 132 847 328 882; x_wconf 69' lang='lat' dir='ltr'><strong>ignorationem</strong></span> <span class='ocrx_word' id='word_1_217' title='bbox 364 855 450 882; x_wconf 86' lang='lat' dir='ltr'><strong>neque</strong></span> <span class='ocrx_word' id='word_1_218' title='bbox 480 848 639 881; x_wconf 80' lang='lat' dir='ltr'><strong>probrosam</strong></span> <span class='ocrx_word' id='word_1_219' title='bbox 672 854 732 874; x_wconf 84' lang='lat' dir='ltr'><strong>esse</strong></span> <span class='ocrx_word' id='word_1_220' title='bbox 764 851 895 874; x_wconf 66' lang='lat' dir='ltr'><strong>creaturae</strong></span> 
     </span>
    </p>
   </div>
   <div class='ocr_carea' id='block_1_30' title="bbox 1012 838 1766 882">
    <p class='ocr_par' dir='ltr' id='par_1_30' title="bbox 1017 843 1766 879">
     <span class='ocr_line' id='line_1_30' title="bbox 1017 843 1766 879; baseline -0.001 -9"><span class='ocrx_word' id='word_1_221' title='bbox 1017 845 1046 870; x_wconf 80' lang='grc' dir='ltr'><strong>ὲν</strong></span> <span class='ocrx_word' id='word_1_222' title='bbox 1058 844 1118 879; x_wconf 80' lang='grc' dir='ltr'><strong>Θεῴ</strong></span> <span class='ocrx_word' id='word_1_223' title='bbox 1141 844 1288 879; x_wconf 81' lang='grc' dir='ltr'><strong>μυστήρια,</strong></span> <span class='ocrx_word' id='word_1_224' title='bbox 1306 843 1369 870; x_wconf 79' lang='grc' dir='ltr'>οὔτε</span> <span class='ocrx_word' id='word_1_225' title='bbox 1385 843 1521 879; x_wconf 74' lang='grc' dir='ltr'>ἀσύνηθες</span> <span class='ocrx_word' id='word_1_226' title='bbox 1532 863 1541 874; x_wconf 87' lang='grc'><strong>,</strong></span> <span class='ocrx_word' id='word_1_227' title='bbox 1553 843 1617 870; x_wconf 82' lang='grc' dir='ltr'>οὗτε</span> <span class='ocrx_word' id='word_1_228' title='bbox 1632 844 1689 879; x_wconf 77' lang='grc' dir='ltr'><strong>μὴν</strong></span> <span class='ocrx_word' id='word_1_229' title='bbox 1704 843 1766 869; x_wconf 78' lang='grc' dir='ltr'>ἐτέ-</span> 
     </span>
    </p>
   </div>
   <div class='ocr_carea' id='block_1_31' title="bbox 132 892 919 928">
    <p class='ocr_par' dir='ltr' id='par_1_31' title="bbox 132 892 919 928">
     <span class='ocr_line' id='line_1_31' title="bbox 132 892 919 928; baseline -0.001 -9"><span class='ocrx_word' id='word_1_230' title='bbox 132 899 219 928; x_wconf 87' lang='lat' dir='ltr'><strong>neque</strong></span> <span class='ocrx_word' id='word_1_231' title='bbox 245 893 333 919; x_wconf 85' lang='lat' dir='ltr'><strong>eidem</strong></span> <span class='ocrx_word' id='word_1_232' title='bbox 358 900 467 927; x_wconf 89' lang='lat' dir='ltr'><strong>quoqtte</strong></span> <span class='ocrx_word' id='word_1_233' title='bbox 497 893 666 920; x_wconf 71' lang='lat' dir='ltr'><strong>inusitatam.</strong></span> <span class='ocrx_word' id='word_1_234' title='bbox 702 892 840 926; x_wconf 85' lang='lat' dir='ltr'><strong>Scriptum</strong></span> <span class='ocrx_word' id='word_1_235' title='bbox 876 896 919 920; x_wconf 82' lang='lat' dir='ltr'><strong>est</strong></span> 
     </span>
    </p>
   </div>
   <div class='ocr_carea' id='block_1_32' title="bbox 136 936 918 972">
    <p class='ocr_par' dir='ltr' id='par_1_32' title="bbox 136 936 918 972">
     <span class='ocr_line' id='line_1_32' title="bbox 136 936 918 972; baseline 0 -8"><span class='ocrx_word' id='word_1_236' title='bbox 136 938 227 964; x_wconf 87' lang='lat' dir='ltr'><strong>enim:</strong></span> <span class='ocrx_word' id='word_1_237' title='bbox 249 946 258 962; x_wconf 78' lang='grc' dir='ltr'><strong>ι</strong></span> <span class='ocrx_word' id='word_1_238' title='bbox 277 936 343 970; x_wconf 84' lang='lat' dir='ltr'><strong>Quis</strong></span> <span class='ocrx_word' id='word_1_239' title='bbox 363 937 437 964; x_wconf 88' lang='lat' dir='ltr'><strong>novit</strong></span> <span class='ocrx_word' id='word_1_240' title='bbox 459 942 576 964; x_wconf 92' lang='lat' dir='ltr'><strong>mentem</strong></span> <span class='ocrx_word' id='word_1_241' title='bbox 599 936 705 965; x_wconf 85' lang='lat' dir='ltr'><strong>Domini</strong></span> <span class='ocrx_word' id='word_1_242' title='bbox 718 937 750 965; x_wconf 79' lang='lat'><strong>&#39;?</strong></span> <span class='ocrx_word' id='word_1_243' title='bbox 767 946 776 964; x_wconf 77' lang='grc' dir='ltr'><strong>ι</strong></span> <span class='ocrx_word' id='word_1_244' title='bbox 797 936 825 964; x_wconf 89' lang='lat' dir='ltr'><strong>Si</strong></span> <span class='ocrx_word' id='word_1_245' title='bbox 853 944 918 972; x_wconf 74' lang='lat' dir='ltr'><strong>ergo</strong></span> 
     </span>
    </p>
   </div>
   <div class='ocr_carea' id='block_1_33' title="bbox 132 981 918 1018">
    <p class='ocr_par' dir='ltr' id='par_1_33' title="bbox 132 981 918 1018">
     <span class='ocr_line' id='line_1_33' title="bbox 132 981 918 1018; baseline -0.001 -8"><span class='ocrx_word' id='word_1_246' title='bbox 132 982 228 1014; x_wconf 79' lang='lat' dir='ltr'><strong>Filius,</strong></span> <span class='ocrx_word' id='word_1_247' title='bbox 247 987 382 1017; x_wconf 82' lang='lat' dir='ltr'><strong>quatenus</strong></span> <span class='ocrx_word' id='word_1_248' title='bbox 405 983 486 1009; x_wconf 88' lang='lat' dir='ltr'><strong>homo</strong></span> <span class='ocrx_word' id='word_1_249' title='bbox 501 981 590 1009; x_wconf 71' lang='lat' dir='ltr'><strong>factus</strong></span> <span class='ocrx_word' id='word_1_250' title='bbox 616 987 669 1016; x_wconf 85' lang='lat' dir='ltr'><strong>est,</strong></span> <span class='ocrx_word' id='word_1_251' title='bbox 694 993 703 1008; x_wconf 85' lang='grc' dir='ltr'><strong>ι</strong></span> <span class='ocrx_word' id='word_1_252' title='bbox 732 983 868 1018; x_wconf 79' lang='lat' dir='ltr'><strong>paululum</strong></span> <span class='ocrx_word' id='word_1_253' title='bbox 883 982 918 1009; x_wconf 83' lang='lat' dir='ltr'><strong>ab</strong></span> 
     </span>
    </p>
   </div>
   <div class='ocr_carea' id='block_1_34' title="bbox 133 1027 919 1064">
    <p class='ocr_par' dir='ltr' id='par_1_34' title="bbox 133 1027 919 1064">
     <span class='ocr_line' id='line_1_34' title="bbox 133 1027 919 1064; baseline 0 -9"><span class='ocrx_word' id='word_1_254' title='bbox 133 1029 234 1063; x_wconf 78' lang='lat' dir='ltr'><strong>angelis</strong></span> <span class='ocrx_word' id='word_1_255' title='bbox 251 1028 402 1055; x_wconf 86' lang='lat' dir='ltr'><strong>niinoratus</strong></span> <span class='ocrx_word' id='word_1_256' title='bbox 423 1038 434 1053; x_wconf 75' lang='grc' dir='ltr'><strong>ι</strong></span> <span class='ocrx_word' id='word_1_257' title='bbox 452 1027 553 1055; x_wconf 90' lang='lat' dir='ltr'><strong>dicitur</strong></span> <span class='ocrx_word' id='word_1_258' title='bbox 566 1028 587 1044; x_wconf 84' lang='grc'><strong>¹⁰</strong></span> <span class='ocrx_word' id='word_1_259' title='bbox 607 1028 680 1064; x_wconf 90' lang='lat' dir='ltr'><strong>(11am</strong></span> <span class='ocrx_word' id='word_1_260' title='bbox 697 1035 726 1056; x_wconf 89' lang='lat' dir='ltr'><strong>ut</strong></span> <span class='ocrx_word' id='word_1_261' title='bbox 745 1029 834 1062; x_wconf 84' lang='lat' dir='ltr'><strong>Deus,</strong></span> <span class='ocrx_word' id='word_1_262' title='bbox 858 1029 919 1055; x_wconf 83' lang='lat' dir='ltr'><strong>nni-</strong></span> 
     </span>
    </p>
   </div>
   <div class='ocr_carea' id='block_1_35' title="bbox 133 1075 919 1109">
    <p class='ocr_par' dir='ltr' id='par_1_35' title="bbox 133 1075 919 1109">
     <span class='ocr_line' id='line_1_35' title="bbox 133 1075 919 1109; baseline 0.004 -10"><span class='ocrx_word' id='word_1_263' title='bbox 133 1082 217 1101; x_wconf 73' lang='lat' dir='ltr'><strong>rersm</strong></span> <span class='ocrx_word' id='word_1_264' title='bbox 232 1079 363 1102; x_wconf 67' lang='lat' dir='ltr'><strong>creatura:</strong></span> <span class='ocrx_word' id='word_1_265' title='bbox 383 1075 518 1108; x_wconf 66' lang='lat' dir='ltr'><strong>praestat),</strong></span> <span class='ocrx_word' id='word_1_266' title='bbox 539 1075 602 1109; x_wconf 92' lang='lat' dir='ltr'><strong>quid</strong></span> <span class='ocrx_word' id='word_1_267' title='bbox 623 1076 719 1102; x_wconf 90' lang='lat' dir='ltr'><strong>mirum</strong></span> <span class='ocrx_word' id='word_1_268' title='bbox 737 1081 788 1105; x_wconf 74' lang='lat' dir='ltr'><strong>est.</strong></span> <span class='ocrx_word' id='word_1_269' title='bbox 804 1075 824 1102; x_wconf 87' lang='lat' dir='ltr'><strong>si</strong></span> <span class='ocrx_word' id='word_1_270' title='bbox 843 1083 919 1109; x_wconf 61' lang='lat' dir='ltr'><strong>aeque</strong></span> 
     </span>
    </p>
   </div>
   <div class='ocr_carea' id='block_1_36' title="bbox 133 1120 917 1156">
    <p class='ocr_par' dir='ltr' id='par_1_36' title="bbox 133 1120 917 1156">
     <span class='ocr_line' id='line_1_36' title="bbox 133 1120 917 1156; baseline 0.001 -10"><span class='ocrx_word' id='word_1_271' title='bbox 133 1126 216 1154; x_wconf 82' lang='lat' dir='ltr'><strong>atque</strong></span> <span class='ocrx_word' id='word_1_272' title='bbox 241 1120 341 1155; x_wconf 78' lang='lat' dir='ltr'><strong>angeli,</strong></span> <span class='ocrx_word' id='word_1_273' title='bbox 369 1120 414 1148; x_wconf 88' lang='lat' dir='ltr'><strong>Dei</strong></span> <span class='ocrx_word' id='word_1_274' title='bbox 453 1126 558 1148; x_wconf 86' lang='lat' dir='ltr'><strong>secreta</strong></span> <span class='ocrx_word' id='word_1_275' title='bbox 587 1121 713 1156; x_wconf 78' lang='lat' dir='ltr'><strong>ignorare</strong></span> <span class='ocrx_word' id='word_1_276' title='bbox 738 1121 917 1156; x_wconf 86' lang='lat' dir='ltr'><strong>perhibetur;</strong></span> 
     </span>
    </p>
   </div>
   <div class='ocr_carea' id='block_1_37' title="bbox 133 1167 919 1202">
    <p class='ocr_par' dir='ltr' id='par_1_37' title="bbox 133 1167 919 1202">
     <span class='ocr_line' id='line_1_37' title="bbox 133 1167 919 1202; baseline 0.001 -9"><span class='ocrx_word' id='word_1_277' title='bbox 133 1167 196 1193; x_wconf 87' lang='lat' dir='ltr'><strong>licet</strong></span> <span class='ocrx_word' id='word_1_278' title='bbox 220 1167 243 1194; x_wconf 86' lang='lat' dir='ltr'><strong>is</strong></span> <span class='ocrx_word' id='word_1_279' title='bbox 267 1167 313 1194; x_wconf 89' lang='lat' dir='ltr'><strong>Dei</strong></span> <span class='ocrx_word' id='word_1_280' title='bbox 340 1167 429 1194; x_wconf 83' lang='lat' dir='ltr'><strong>Patris</strong></span> <span class='ocrx_word' id='word_1_281' title='bbox 453 1167 585 1202; x_wconf 78' lang='lat' dir='ltr'><strong>sapientia</strong></span> <span class='ocrx_word' id='word_1_282' title='bbox 604 1172 631 1194; x_wconf 89' lang='lat' dir='ltr'><strong>et</strong></span> <span class='ocrx_word' id='word_1_283' title='bbox 641 1168 727 1194; x_wconf 85' lang='lat' dir='ltr'><strong>virtus</strong></span> <span class='ocrx_word' id='word_1_284' title='bbox 750 1168 786 1195; x_wconf 89' lang='lat' dir='ltr'><strong>sit</strong></span> <span class='ocrx_word' id='word_1_285' title='bbox 805 1168 825 1183; x_wconf 86' lang='grc'><strong>¹¹</strong></span> <span class='ocrx_word' id='word_1_286' title='bbox 842 1167 853 1194; x_wconf 82' lang='lat'><strong>?</strong></span> <span class='ocrx_word' id='word_1_287' title='bbox 872 1167 919 1194; x_wconf 93' lang='lat' dir='ltr'><strong>Dei</strong></span> 
     </span>
    </p>
   </div>
   <div class='ocr_carea' id='block_1_38' title="bbox 132 1210 916 1248">
    <p class='ocr_par' dir='ltr' id='par_1_38' title="bbox 132 1210 916 1248">
     <span class='ocr_line' id='line_1_38' title="bbox 132 1210 916 1248; baseline 0.004 -12"><span class='ocrx_word' id='word_1_288' title='bbox 132 1217 195 1237; x_wconf 85' lang='lat' dir='ltr'><strong>vero</strong></span> <span class='ocrx_word' id='word_1_289' title='bbox 209 1210 298 1238; x_wconf 84' lang='lat' dir='ltr'><strong>Patris</strong></span> <span class='ocrx_word' id='word_1_290' title='bbox 309 1212 443 1246; x_wconf 78' lang='lat' dir='ltr'><strong>sapientia</strong></span> <span class='ocrx_word' id='word_1_291' title='bbox 459 1219 511 1239; x_wconf 89' lang='lat'><strong>11011</strong></span> <span class='ocrx_word' id='word_1_292' title='bbox 531 1217 621 1246; x_wconf 84' lang='lat' dir='ltr'><strong>potest</strong></span> <span class='ocrx_word' id='word_1_293' title='bbox 637 1220 668 1239; x_wconf 86' lang='lat' dir='ltr'><strong>ea</strong></span> <span class='ocrx_word' id='word_1_294' title='bbox 687 1213 804 1244; x_wconf 87' lang='lat' dir='ltr'><strong>nescire,</strong></span> <span class='ocrx_word' id='word_1_295' title='bbox 818 1221 878 1248; x_wconf 71' lang='lat' dir='ltr'><strong>qua:</strong></span> <span class='ocrx_word' id='word_1_296' title='bbox 890 1213 916 1240; x_wconf 73' lang='lat' dir='ltr'><strong>in</strong></span> 
     </span>
    </p>
   </div>
   <div class='ocr_carea' id='block_1_39' title="bbox 132 1257 918 1293">
    <p class='ocr_par' dir='ltr' id='par_1_39' title="bbox 132 1257 918 1293">
     <span class='ocr_line' id='line_1_39' title="bbox 132 1257 918 1293; baseline 0.001 -9"><span class='ocrx_word' id='word_1_297' title='bbox 132 1258 191 1292; x_wconf 87' lang='lat' dir='ltr'><strong>ipso</strong></span> <span class='ocrx_word' id='word_1_298' title='bbox 214 1257 305 1284; x_wconf 83' lang='lat' dir='ltr'><strong>abdita</strong></span> <span class='ocrx_word' id='word_1_299' title='bbox 327 1257 420 1284; x_wconf 88' lang='lat' dir='ltr'><strong>latent.</strong></span> <span class='ocrx_word' id='word_1_300' title='bbox 441 1257 522 1293; x_wconf 57' lang='lat'><strong>150</strong></span> <span class='ocrx_word' id='word_1_301' title='bbox 534 1257 562 1284; x_wconf 88' lang='lat' dir='ltr'><strong>Si</strong></span> <span class='ocrx_word' id='word_1_302' title='bbox 579 1257 652 1284; x_wconf 88' lang='lat' dir='ltr'><strong>enim</strong></span> <span class='ocrx_word' id='word_1_303' title='bbox 673 1257 792 1292; x_wconf 88' lang='lat' dir='ltr'><strong>Spiritus</strong></span> <span class='ocrx_word' id='word_1_304' title='bbox 813 1259 918 1290; x_wconf 85' lang='lat' dir='ltr'><strong>omnia,</strong></span> 
     </span>
    </p>
   </div>
   <div class='ocr_carea' id='block_1_40' title="bbox 132 1302 918 1338">
    <p class='ocr_par' dir='ltr' id='par_1_40' title="bbox 132 1302 918 1338">
     <span class='ocr_line' id='line_1_40' title="bbox 132 1302 918 1338; baseline 0.001 -9"><span class='ocrx_word' id='word_1_305' title='bbox 132 1303 216 1330; x_wconf 87' lang='lat' dir='ltr'><strong>etiam</strong></span> <span class='ocrx_word' id='word_1_306' title='bbox 242 1302 373 1338; x_wconf 75' lang='lat' dir='ltr'><strong>profunda</strong></span> <span class='ocrx_word' id='word_1_307' title='bbox 400 1302 447 1330; x_wconf 87' lang='lat' dir='ltr'><strong>Dei</strong></span> <span class='ocrx_word' id='word_1_308' title='bbox 474 1308 613 1330; x_wconf 85' lang='lat' dir='ltr'><strong>scrutatur</strong></span> <span class='ocrx_word' id='word_1_309' title='bbox 633 1303 673 1334; x_wconf 85' lang='lat'><strong>&quot;,</strong></span> <span class='ocrx_word' id='word_1_310' title='bbox 696 1308 724 1330; x_wconf 88' lang='lat' dir='ltr'><strong>et</strong></span> <span class='ocrx_word' id='word_1_311' title='bbox 745 1303 790 1330; x_wconf 85' lang='lat' dir='ltr'><strong>ille</strong></span> <span class='ocrx_word' id='word_1_312' title='bbox 817 1303 918 1331; x_wconf 64' lang='lat' dir='ltr'><strong>Christi</strong></span> 
     </span>
    </p>
   </div>
   <div class='ocr_carea' id='block_1_41' title="bbox 133 1349 920 1384">
    <p class='ocr_par' dir='ltr' id='par_1_41' title="bbox 133 1349 920 1384">
     <span class='ocr_line' id='line_1_41' title="bbox 133 1349 920 1384; baseline 0.003 -8"><span class='ocrx_word' id='word_1_313' title='bbox 133 1349 251 1384; x_wconf 79' lang='lat' dir='ltr'><strong>Spiritus</strong></span> <span class='ocrx_word' id='word_1_314' title='bbox 276 1353 331 1381; x_wconf 83' lang='lat' dir='ltr'><strong>est,</strong></span> <span class='ocrx_word' id='word_1_315' title='bbox 354 1349 491 1384; x_wconf 88' lang='lat' dir='ltr'><strong>quomodo</strong></span> <span class='ocrx_word' id='word_1_316' title='bbox 519 1350 545 1376; x_wconf 88' lang='lat' dir='ltr'><strong>id</strong></span> <span class='ocrx_word' id='word_1_317' title='bbox 580 1349 717 1382; x_wconf 79' lang='lat' dir='ltr'><strong>nesciret,</strong></span> <span class='ocrx_word' id='word_1_318' title='bbox 748 1350 819 1384; x_wconf 90' lang='lat' dir='ltr'><strong>quod</strong></span> <span class='ocrx_word' id='word_1_319' title='bbox 847 1350 920 1378; x_wconf 85' lang='lat' dir='ltr'><strong>illius</strong></span> 
     </span>
    </p>
   </div>
   <div class='ocr_carea' id='block_1_42' title="bbox 134 1395 920 1430">
    <p class='ocr_par' dir='ltr' id='par_1_42' title="bbox 134 1395 920 1430">
     <span class='ocr_line' id='line_1_42' title="bbox 134 1395 920 1430; baseline 0.003 -9"><span class='ocrx_word' id='word_1_320' title='bbox 134 1395 252 1430; x_wconf 85' lang='lat' dir='ltr'><strong>Spiritus</strong></span> <span class='ocrx_word' id='word_1_321' title='bbox 281 1399 377 1422; x_wconf 75' lang='lat' dir='ltr'><strong>exacte</strong></span> <span class='ocrx_word' id='word_1_322' title='bbox 401 1395 501 1422; x_wconf 84' lang='lat' dir='ltr'><strong>callet?</strong></span> <span class='ocrx_word' id='word_1_323' title='bbox 518 1395 608 1428; x_wconf 84' lang='lat' dir='ltr'><strong>Quare</strong></span> <span class='ocrx_word' id='word_1_324' title='bbox 637 1395 701 1422; x_wconf 90' lang='lat' dir='ltr'><strong>licet</strong></span> <span class='ocrx_word' id='word_1_325' title='bbox 727 1401 757 1422; x_wconf 93' lang='lat' dir='ltr'><strong>ut</strong></span> <span class='ocrx_word' id='word_1_326' title='bbox 774 1396 854 1423; x_wconf 89' lang='lat' dir='ltr'><strong>homo</strong></span> <span class='ocrx_word' id='word_1_327' title='bbox 868 1396 920 1423; x_wconf 90' lang='lat' dir='ltr'><strong>ali-</strong></span> 
     </span>
    </p>
   </div>
   <div class='ocr_carea' id='block_1_43' title="bbox 133 1440 919 1476">
    <p class='ocr_par' dir='ltr' id='par_1_43' title="bbox 133 1440 919 1476">
     <span class='ocr_line' id='line_1_43' title="bbox 133 1440 919 1476; baseline 0.001 -9"><span class='ocrx_word' id='word_1_328' title='bbox 133 1441 197 1476; x_wconf 85' lang='lat' dir='ltr'><strong>quid</strong></span> <span class='ocrx_word' id='word_1_329' title='bbox 213 1440 362 1468; x_wconf 54' lang='lat' dir='ltr'><strong>neu-ivisse</strong></span> <span class='ocrx_word' id='word_1_330' title='bbox 374 1441 491 1473; x_wconf 85' lang='lat' dir='ltr'><strong>dicatur,</strong></span> <span class='ocrx_word' id='word_1_331' title='bbox 512 1448 540 1467; x_wconf 88' lang='lat'><strong>111</strong></span> <span class='ocrx_word' id='word_1_332' title='bbox 560 1442 630 1468; x_wconf 85' lang='lat' dir='ltr'><strong>Deus</strong></span> <span class='ocrx_word' id='word_1_333' title='bbox 647 1446 736 1468; x_wconf 88' lang='lat' dir='ltr'><strong>tamen</strong></span> <span class='ocrx_word' id='word_1_334' title='bbox 756 1441 847 1468; x_wconf 88' lang='lat' dir='ltr'><strong>omnia</strong></span> <span class='ocrx_word' id='word_1_335' title='bbox 869 1449 919 1468; x_wconf 90' lang='lat' dir='ltr'><strong>no-</strong></span> 
     </span>
    </p>
   </div>
   <div class='ocr_carea' id='block_1_44' title="bbox 137 1486 918 1522">
    <p class='ocr_par' dir='ltr' id='par_1_44' title="bbox 137 1486 918 1522">
     <span class='ocr_line' id='line_1_44' title="bbox 137 1486 918 1522; baseline 0.001 -9"><span class='ocrx_word' id='word_1_336' title='bbox 137 1492 190 1514; x_wconf 86' lang='lat' dir='ltr'><strong>rat.</strong></span> <span class='ocrx_word' id='word_1_337' title='bbox 206 1486 263 1514; x_wconf 86' lang='lat' dir='ltr'><strong>Etsi</strong></span> <span class='ocrx_word' id='word_1_338' title='bbox 279 1494 343 1522; x_wconf 73' lang='lat' dir='ltr'><strong>ergo</strong></span> <span class='ocrx_word' id='word_1_339' title='bbox 358 1491 387 1513; x_wconf 92' lang='lat' dir='ltr'><strong>ut</strong></span> <span class='ocrx_word' id='word_1_340' title='bbox 401 1487 481 1514; x_wconf 89' lang='lat' dir='ltr'><strong>homo</strong></span> <span class='ocrx_word' id='word_1_341' title='bbox 493 1487 689 1521; x_wconf 77' lang='lat' dir='ltr'><strong>ignorationem</strong></span> <span class='ocrx_word' id='word_1_342' title='bbox 706 1495 760 1522; x_wconf 79' lang='lat' dir='ltr'><strong>pra:</strong></span> <span class='ocrx_word' id='word_1_343' title='bbox 774 1494 803 1514; x_wconf 88' lang='lat' dir='ltr'><strong>se</strong></span> <span class='ocrx_word' id='word_1_344' title='bbox 825 1487 918 1520; x_wconf 65' lang='lat' dir='ltr'><strong>ferret,</strong></span> 
     </span>
    </p>
   </div>
   <div class='ocr_carea' id='block_1_45' title="bbox 132 1532 921 1568">
    <p class='ocr_par' dir='ltr' id='par_1_45' title="bbox 132 1532 921 1568">
     <span class='ocr_line' id='line_1_45' title="bbox 132 1532 921 1568; baseline 0.001 -8"><span class='ocrx_word' id='word_1_345' title='bbox 132 1533 196 1560; x_wconf 86' lang='lat' dir='ltr'><strong>dum</strong></span> <span class='ocrx_word' id='word_1_346' title='bbox 217 1533 251 1560; x_wconf 92' lang='lat' dir='ltr'><strong>de</strong></span> <span class='ocrx_word' id='word_1_347' title='bbox 273 1532 388 1564; x_wconf 79' lang='lat' dir='ltr'><strong>Lazaro,</strong></span> <span class='ocrx_word' id='word_1_348' title='bbox 413 1541 423 1558; x_wconf 76' lang='grc' dir='ltr'><strong>ι</strong></span> <span class='ocrx_word' id='word_1_349' title='bbox 436 1532 488 1560; x_wconf 89' lang='lat' dir='ltr'><strong>Ubi</strong></span> <span class='ocrx_word' id='word_1_350' title='bbox 508 1533 635 1566; x_wconf 79' lang='lat' dir='ltr'><strong>posuistis</strong></span> <span class='ocrx_word' id='word_1_351' title='bbox 647 1541 707 1559; x_wconf 88' lang='lat' dir='ltr'><strong>etnn</strong></span> <span class='ocrx_word' id='word_1_352' title='bbox 723 1533 764 1560; x_wconf 82' lang='lat'><strong>&quot;?</strong></span> <span class='ocrx_word' id='word_1_353' title='bbox 778 1543 787 1558; x_wconf 85' lang='lat'><strong>1</strong></span> <span class='ocrx_word' id='word_1_354' title='bbox 807 1541 921 1568; x_wconf 84' lang='lat' dir='ltr'><strong>percon-</strong></span> 
     </span>
    </p>
   </div>
   <div class='ocr_carea' id='block_1_46' title="bbox 133 1579 919 1614">
    <p class='ocr_par' dir='ltr' id='par_1_46' title="bbox 133 1579 919 1614">
     <span class='ocr_line' id='line_1_46' title="bbox 133 1579 919 1614; baseline 0 -8"><span class='ocrx_word' id='word_1_355' title='bbox 133 1584 248 1611; x_wconf 83' lang='lat' dir='ltr'><strong>taretur,</strong></span> <span class='ocrx_word' id='word_1_356' title='bbox 273 1587 335 1606; x_wconf 85' lang='lat' dir='ltr'><strong>mox</strong></span> <span class='ocrx_word' id='word_1_357' title='bbox 352 1585 453 1611; x_wconf 80' lang='lat' dir='ltr'><strong>tamen,</strong></span> <span class='ocrx_word' id='word_1_358' title='bbox 470 1579 532 1606; x_wconf 93' lang='lat' dir='ltr'><strong>dmn</strong></span> <span class='ocrx_word' id='word_1_359' title='bbox 552 1579 653 1614; x_wconf 88' lang='lat' dir='ltr'><strong>potenti</strong></span> <span class='ocrx_word' id='word_1_360' title='bbox 677 1579 777 1606; x_wconf 88' lang='lat' dir='ltr'><strong>virtute</strong></span> <span class='ocrx_word' id='word_1_361' title='bbox 792 1587 826 1606; x_wconf 81' lang='lat' dir='ltr'><strong>ex</strong></span> <span class='ocrx_word' id='word_1_362' title='bbox 845 1588 919 1607; x_wconf 85' lang='lat' dir='ltr'><strong>nior-</strong></span> 
     </span>
    </p>
   </div>
   <div class='ocr_carea' id='block_1_47' title="bbox 134 1625 918 1659">
    <p class='ocr_par' dir='ltr' id='par_1_47' title="bbox 134 1625 918 1659">
     <span class='ocr_line' id='line_1_47' title="bbox 134 1625 918 1659; baseline 0 -8"><span class='ocrx_word' id='word_1_363' title='bbox 134 1625 188 1652; x_wconf 72' lang='lat' dir='ltr'><strong>tuis</strong></span> <span class='ocrx_word' id='word_1_364' title='bbox 215 1625 289 1651; x_wconf 87' lang='lat' dir='ltr'><strong>illutn</strong></span> <span class='ocrx_word' id='word_1_365' title='bbox 311 1625 477 1656; x_wconf 79' lang='lat' dir='ltr'><strong>exsuscitat,</strong></span> <span class='ocrx_word' id='word_1_366' title='bbox 499 1625 583 1651; x_wconf 87' lang='lat' dir='ltr'><strong>Deum</strong></span> <span class='ocrx_word' id='word_1_367' title='bbox 597 1632 626 1652; x_wconf 90' lang='lat' dir='ltr'><strong>se</strong></span> <span class='ocrx_word' id='word_1_368' title='bbox 641 1632 701 1652; x_wconf 87' lang='lat' dir='ltr'><strong>esse</strong></span> <span class='ocrx_word' id='word_1_369' title='bbox 721 1630 813 1659; x_wconf 88' lang='lat' dir='ltr'><strong>aperte</strong></span> <span class='ocrx_word' id='word_1_370' title='bbox 829 1625 918 1652; x_wconf 78' lang='lat' dir='ltr'><strong>decla-</strong></span> 
     </span>
    </p>
   </div>
   <div class='ocr_carea' id='block_1_48' title="bbox 134 1669 917 1704">
    <p class='ocr_par' dir='ltr' id='par_1_48' title="bbox 134 1669 917 1704">
     <span class='ocr_line' id='line_1_48' title="bbox 134 1669 917 1704; baseline -0.001 -7"><span class='ocrx_word' id='word_1_371' title='bbox 134 1675 187 1697; x_wconf 86' lang='lat' dir='ltr'><strong>rat.</strong></span> <span class='ocrx_word' id='word_1_372' title='bbox 213 1669 373 1697; x_wconf 85' lang='lat' dir='ltr'><strong>Tribuentes</strong></span> <span class='ocrx_word' id='word_1_373' title='bbox 395 1669 476 1704; x_wconf 79' lang='lat' dir='ltr'><strong>igitur</strong></span> <span class='ocrx_word' id='word_1_374' title='bbox 499 1669 697 1696; x_wconf 84' lang='lat' dir='ltr'><strong>incarnationis</strong></span> <span class='ocrx_word' id='word_1_375' title='bbox 720 1669 917 1704; x_wconf 83' lang='lat' dir='ltr'><strong>dispensationi</strong></span> 
     </span>
    </p>
   </div>
   <div class='ocr_carea' id='block_1_49' title="bbox 971 888 1768 926">
    <p class='ocr_par' dir='ltr' id='par_1_49' title="bbox 971 888 1768 926">
     <span class='ocr_line' id='line_1_49' title="bbox 971 888 1768 926; baseline -0.003 -10"><span class='ocrx_word' id='word_1_376' title='bbox 971 899 1024 924; x_wconf 87' lang='grc' dir='ltr'>ρως</span> <span class='ocrx_word' id='word_1_377' title='bbox 1038 889 1164 926; x_wconf 79' lang='grc' dir='ltr'>ἀπρεπὲς</span> <span class='ocrx_word' id='word_1_378' title='bbox 1177 890 1210 916; x_wconf 81' lang='grc' dir='ltr'>ἂν</span> <span class='ocrx_word' id='word_1_379' title='bbox 1227 889 1270 924; x_wconf 85' lang='grc' dir='ltr'><strong>εῐη</strong></span> <span class='ocrx_word' id='word_1_380' title='bbox 1286 890 1319 924; x_wconf 79' lang='grc' dir='ltr'>τῇ</span> <span class='ocrx_word' id='word_1_381' title='bbox 1333 889 1432 915; x_wconf 83' lang='grc' dir='ltr'>κτίσει.</span> <span class='ocrx_word' id='word_1_382' title='bbox 1448 899 1457 914; x_wconf 79' lang='grc' dir='ltr'><strong>ι</strong></span> <span class='ocrx_word' id='word_1_383' title='bbox 1476 889 1524 921; x_wconf 78' lang='grc' dir='ltr'>Τίς</span> <span class='ocrx_word' id='word_1_384' title='bbox 1536 889 1592 925; x_wconf 79' lang='grc' dir='ltr'>γὰρ</span> <span class='ocrx_word' id='word_1_385' title='bbox 1608 888 1681 922; x_wconf 80' lang='grc' dir='ltr'><strong>ἔγνω</strong></span> <span class='ocrx_word' id='word_1_386' title='bbox 1699 888 1768 914; x_wconf 83' lang='grc' dir='ltr'>νοῦν</span> 
     </span>
    </p>
   </div>
   <div class='ocr_carea' id='block_1_50' title="bbox 969 936 1770 974">
    <p class='ocr_par' dir='ltr' id='par_1_50' title="bbox 969 936 1770 974">
     <span class='ocr_line' id='line_1_50' title="bbox 969 936 1770 974; baseline -0.004 -10"><span class='ocrx_word' id='word_1_387' title='bbox 969 937 1090 974; x_wconf 82' lang='grc' dir='ltr'>Κυρίου;</span> <span class='ocrx_word' id='word_1_388' title='bbox 1113 947 1122 963; x_wconf 77' lang='grc' dir='ltr'><strong>ι</strong></span> <span class='ocrx_word' id='word_1_389' title='bbox 1149 937 1221 963; x_wconf 82' lang='grc' dir='ltr'>κατὰ</span> <span class='ocrx_word' id='word_1_390' title='bbox 1239 936 1269 963; x_wconf 81' lang='grc' dir='ltr'>τὸ</span> <span class='ocrx_word' id='word_1_391' title='bbox 1294 936 1498 972; x_wconf 88' lang='grc' dir='ltr'><strong>γεγραμμένον.</strong></span> <span class='ocrx_word' id='word_1_392' title='bbox 1525 936 1579 963; x_wconf 79' lang='grc' dir='ltr'><strong>Καὶ</strong></span> <span class='ocrx_word' id='word_1_393' title='bbox 1603 937 1627 963; x_wconf 83' lang='grc' dir='ltr'>εἰ</span> <span class='ocrx_word' id='word_1_394' title='bbox 1654 936 1770 969; x_wconf 72' lang='grc' dir='ltr'>λέγεται.</span> 
     </span>
    </p>
   </div>
   <div class='ocr_carea' id='block_1_51' title="bbox 970 982 1771 1019">
    <p class='ocr_par' dir='ltr' id='par_1_51' title="bbox 970 982 1771 1019">
     <span class='ocr_line' id='line_1_51' title="bbox 970 982 1771 1019; baseline -0.004 -8"><span class='ocrx_word' id='word_1_395' title='bbox 970 983 1057 1019; x_wconf 83' lang='grc' dir='ltr'>βραχὺ</span> <span class='ocrx_word' id='word_1_396' title='bbox 1072 984 1137 1018; x_wconf 75' lang='grc' dir='ltr'>παρ’</span> <span class='ocrx_word' id='word_1_397' title='bbox 1153 982 1286 1017; x_wconf 78' lang='grc' dir='ltr'><strong>ἀγγέλους</strong></span> <span class='ocrx_word' id='word_1_398' title='bbox 1301 982 1477 1018; x_wconf 76' lang='grc' dir='ltr'>ἡλαττῶσθαι</span> <span class='ocrx_word' id='word_1_399' title='bbox 1494 984 1509 1009; x_wconf 85' lang='grc' dir='ltr'>ὁ</span> <span class='ocrx_word' id='word_1_400' title='bbox 1527 982 1607 1014; x_wconf 70' lang='grc' dir='ltr'>Υἱὸς,</span> <span class='ocrx_word' id='word_1_401' title='bbox 1629 982 1701 1008; x_wconf 71' lang='grc' dir='ltr'>καθὸ</span> <span class='ocrx_word' id='word_1_402' title='bbox 1722 982 1771 1015; x_wconf 79' lang='grc' dir='ltr'><strong>γέ-</strong></span> 
     </span>
    </p>
   </div>
   <div class='ocr_carea' id='block_1_52' title="bbox 969 1028 1768 1064">
    <p class='ocr_par' dir='ltr' id='par_1_52' title="bbox 969 1028 1768 1064">
     <span class='ocr_line' id='line_1_52' title="bbox 969 1028 1768 1064; baseline -0.003 -8"><span class='ocrx_word' id='word_1_403' title='bbox 969 1038 1047 1064; x_wconf 82' lang='grc' dir='ltr'>γονεν</span> <span class='ocrx_word' id='word_1_404' title='bbox 1071 1029 1215 1064; x_wconf 74' lang='grc' dir='ltr'>ἄνθρωπος</span> <span class='ocrx_word' id='word_1_405' title='bbox 1239 1028 1372 1063; x_wconf 78' lang='grc' dir='ltr'>δηλονότι,</span> <span class='ocrx_word' id='word_1_406' title='bbox 1398 1029 1488 1055; x_wconf 82' lang='grc' dir='ltr'>καίτοι</span> <span class='ocrx_word' id='word_1_407' title='bbox 1511 1029 1624 1060; x_wconf 77' lang='grc' dir='ltr'><strong>κτίσεως</strong></span> <span class='ocrx_word' id='word_1_408' title='bbox 1650 1029 1768 1063; x_wconf 69' lang='grc' dir='ltr'>ἁπάσης</span> 
     </span>
    </p>
   </div>
   <div class='ocr_carea' id='block_1_53' title="bbox 970 1073 1769 1107">
    <p class='ocr_par' dir='ltr' id='par_1_53' title="bbox 970 1073 1769 1107">
     <span class='ocr_line' id='line_1_53' title="bbox 970 1073 1769 1107; baseline -0.003 -6"><span class='ocrx_word' id='word_1_409' title='bbox 970 1074 1008 1101; x_wconf 84' lang='grc' dir='ltr'><strong>ὢν</strong></span> <span class='ocrx_word' id='word_1_410' title='bbox 1023 1075 1153 1101; x_wconf 81' lang='grc' dir='ltr'><strong>ἐπέκεινα</strong></span> <span class='ocrx_word' id='word_1_411' title='bbox 1171 1074 1283 1105; x_wconf 80' lang='grc' dir='ltr'>Οεῖκῶς·</span> <span class='ocrx_word' id='word_1_412' title='bbox 1311 1073 1337 1099; x_wconf 88' lang='grc' dir='ltr'><strong>τί</strong></span> <span class='ocrx_word' id='word_1_413' title='bbox 1362 1073 1393 1100; x_wconf 86' lang='grc' dir='ltr'>τὺ</span> <span class='ocrx_word' id='word_1_414' title='bbox 1416 1073 1520 1107; x_wconf 85' lang='grc' dir='ltr'>θαῦμα,</span> <span class='ocrx_word' id='word_1_415' title='bbox 1544 1073 1595 1100; x_wconf 73' lang='grc' dir='ltr'>κᾶν</span> <span class='ocrx_word' id='word_1_416' title='bbox 1619 1073 1691 1107; x_wconf 76' lang='grc' dir='ltr'><strong>ὁμοῦ</strong></span> <span class='ocrx_word' id='word_1_417' title='bbox 1707 1075 1769 1103; x_wconf 74' lang='grc' dir='ltr'>τοῖς</span> 
     </span>
    </p>
   </div>
   <div class='ocr_carea' id='block_1_54' title="bbox 970 1119 1770 1156">
    <p class='ocr_par' dir='ltr' id='par_1_54' title="bbox 970 1119 1770 1156">
     <span class='ocr_line' id='line_1_54' title="bbox 970 1119 1770 1156; baseline -0.004 -9"><span class='ocrx_word' id='word_1_418' title='bbox 970 1122 1098 1156; x_wconf 77' lang='grc' dir='ltr'><strong>ἀγγέλοις</strong></span> <span class='ocrx_word' id='word_1_419' title='bbox 1109 1123 1215 1155; x_wconf 84' lang='grc' dir='ltr'><strong>ἀγνοεῖν</strong></span> <span class='ocrx_word' id='word_1_420' title='bbox 1230 1121 1343 1156; x_wconf 81' lang='grc' dir='ltr'><strong>λέγηται</strong></span> <span class='ocrx_word' id='word_1_421' title='bbox 1356 1120 1387 1146; x_wconf 73' lang='grc' dir='ltr'>τὸ</span> <span class='ocrx_word' id='word_1_422' title='bbox 1402 1121 1431 1146; x_wconf 79' lang='grc' dir='ltr'>ὲν</span> <span class='ocrx_word' id='word_1_423' title='bbox 1447 1119 1506 1154; x_wconf 85' lang='grc' dir='ltr'><strong>Θεῴ</strong></span> <span class='ocrx_word' id='word_1_424' title='bbox 1522 1121 1687 1154; x_wconf 78' lang='grc' dir='ltr'>μυστήριον,</span> <span class='ocrx_word' id='word_1_425' title='bbox 1697 1119 1770 1145; x_wconf 87' lang='grc' dir='ltr'>καί-</span> 
     </span>
    </p>
   </div>
   <div class='ocr_carea' id='block_1_55' title="bbox 971 1163 1770 1202">
    <p class='ocr_par' dir='ltr' id='par_1_55' title="bbox 971 1163 1770 1202">
     <span class='ocr_line' id='line_1_55' title="bbox 971 1163 1770 1202; baseline -0.004 -8"><span class='ocrx_word' id='word_1_426' title='bbox 971 1176 1013 1194; x_wconf 88' lang='grc' dir='ltr'><strong>τοι</strong></span> <span class='ocrx_word' id='word_1_427' title='bbox 1031 1167 1111 1202; x_wconf 74' lang='grc' dir='ltr'>σοφία</span> <span class='ocrx_word' id='word_1_428' title='bbox 1127 1168 1174 1193; x_wconf 76' lang='grc' dir='ltr'><strong>καὶ</strong></span> <span class='ocrx_word' id='word_1_429' title='bbox 1184 1166 1299 1202; x_wconf 81' lang='grc' dir='ltr'>δύναμις</span> <span class='ocrx_word' id='word_1_430' title='bbox 1313 1166 1443 1201; x_wconf 80' lang='grc' dir='ltr'>ὑπάρχων</span> <span class='ocrx_word' id='word_1_431' title='bbox 1459 1165 1542 1192; x_wconf 80' lang='grc' dir='ltr'>αὑτοῦ</span> <span class='ocrx_word' id='word_1_432' title='bbox 1555 1175 1562 1197; x_wconf 86' lang='grc'>;</span> <span class='ocrx_word' id='word_1_433' title='bbox 1577 1163 1646 1192; x_wconf 77' lang='grc' dir='ltr'>Εἶτα</span> <span class='ocrx_word' id='word_1_434' title='bbox 1660 1165 1721 1197; x_wconf 79' lang='grc' dir='ltr'><strong>πῶς</strong></span> <span class='ocrx_word' id='word_1_435' title='bbox 1735 1165 1770 1192; x_wconf 78' lang='grc' dir='ltr'>ἂν</span> 
     </span>
    </p>
   </div>
   <div class='ocr_carea' id='block_1_56' title="bbox 970 1211 1770 1249">
    <p class='ocr_par' dir='ltr' id='par_1_56' title="bbox 970 1211 1770 1249">
     <span class='ocr_line' id='line_1_56' title="bbox 970 1211 1770 1249; baseline -0.004 -9"><span class='ocrx_word' id='word_1_436' title='bbox 970 1214 1108 1249; x_wconf 74' lang='grc' dir='ltr'>ἠγνόησεν</span> <span class='ocrx_word' id='word_1_437' title='bbox 1128 1214 1145 1248; x_wconf 86' lang='grc' dir='ltr'><strong>ἡ</strong></span> <span class='ocrx_word' id='word_1_438' title='bbox 1169 1212 1249 1246; x_wconf 75' lang='grc' dir='ltr'>σοφία</span> <span class='ocrx_word' id='word_1_439' title='bbox 1263 1212 1311 1239; x_wconf 81' lang='grc' dir='ltr'>τοῦ</span> <span class='ocrx_word' id='word_1_440' title='bbox 1336 1211 1441 1247; x_wconf 54' lang='lat' dir='ltr'><strong>[lupos</strong></span> <span class='ocrx_word' id='word_1_441' title='bbox 1455 1211 1490 1238; x_wconf 87' lang='grc' dir='ltr'><strong>τὰ</strong></span> <span class='ocrx_word' id='word_1_442' title='bbox 1506 1213 1535 1238; x_wconf 80' lang='grc' dir='ltr'>ἐν</span> <span class='ocrx_word' id='word_1_443' title='bbox 1549 1211 1626 1247; x_wconf 82' lang='grc' dir='ltr'>αὐτῷ</span> <span class='ocrx_word' id='word_1_444' title='bbox 1642 1220 1770 1247; x_wconf 76' lang='grc' dir='ltr'>κεκρυμ-</span> 
     </span>
    </p>
   </div>
   <div class='ocr_carea' id='block_1_57' title="bbox 974 1258 1768 1295">
    <p class='ocr_par' dir='ltr' id='par_1_57' title="bbox 974 1258 1768 1295">
     <span class='ocr_line' id='line_1_57' title="bbox 974 1258 1768 1295; baseline -0.004 -8"><span class='ocrx_word' id='word_1_445' title='bbox 974 1261 1060 1295; x_wconf 83' lang='grc' dir='ltr'>μένα;</span> <span class='ocrx_word' id='word_1_446' title='bbox 1079 1260 1134 1287; x_wconf 67' lang='grc' dir='ltr'>Καὶ</span> <span class='ocrx_word' id='word_1_447' title='bbox 1150 1260 1174 1286; x_wconf 75' lang='grc' dir='ltr'>εἰ</span> <span class='ocrx_word' id='word_1_448' title='bbox 1193 1260 1224 1285; x_wconf 83' lang='grc' dir='ltr'>τὸ</span> <span class='ocrx_word' id='word_1_449' title='bbox 1253 1258 1364 1294; x_wconf 77' lang='grc' dir='ltr'><strong>Πνεῦμα</strong></span> <span class='ocrx_word' id='word_1_450' title='bbox 1388 1258 1499 1292; x_wconf 83' lang='grc' dir='ltr'>λέγεται</span> <span class='ocrx_word' id='word_1_451' title='bbox 1525 1258 1615 1284; x_wconf 82' lang='grc' dir='ltr'>πάντα</span> <span class='ocrx_word' id='word_1_452' title='bbox 1637 1259 1768 1293; x_wconf 73' lang='grc' dir='ltr'><strong>ἐρευνᾷν,</strong></span> 
     </span>
    </p>
   </div>
   <div class='ocr_carea' id='block_1_58' title="bbox 971 1303 1769 1340">
    <p class='ocr_par' dir='ltr' id='par_1_58' title="bbox 971 1303 1769 1340">
     <span class='ocr_line' id='line_1_58' title="bbox 971 1303 1769 1340; baseline -0.004 -8"><span class='ocrx_word' id='word_1_453' title='bbox 971 1306 1018 1333; x_wconf 76' lang='grc' dir='ltr'>καὶ</span> <span class='ocrx_word' id='word_1_454' title='bbox 1029 1306 1063 1332; x_wconf 72' lang='grc' dir='ltr'>τὰ</span> <span class='ocrx_word' id='word_1_455' title='bbox 1075 1305 1146 1340; x_wconf 76' lang='grc' dir='ltr'><strong>βάθη</strong></span> <span class='ocrx_word' id='word_1_456' title='bbox 1156 1304 1203 1331; x_wconf 80' lang='grc' dir='ltr'>τοῦ</span> <span class='ocrx_word' id='word_1_457' title='bbox 1218 1305 1297 1336; x_wconf 74' lang='grc' dir='ltr'>θεοῦ,</span> <span class='ocrx_word' id='word_1_458' title='bbox 1308 1304 1420 1339; x_wconf 75' lang='grc' dir='ltr'><strong>Πνεῦμα</strong></span> <span class='ocrx_word' id='word_1_459' title='bbox 1433 1304 1461 1330; x_wconf 83' lang='grc' dir='ltr'><strong>δέ</strong></span> <span class='ocrx_word' id='word_1_460' title='bbox 1475 1304 1534 1330; x_wconf 79' lang='grc' dir='ltr'>ἐστι</span> <span class='ocrx_word' id='word_1_461' title='bbox 1548 1303 1595 1330; x_wconf 75' lang='grc' dir='ltr'><strong>τοῦ</strong></span> <span class='ocrx_word' id='word_1_462' title='bbox 1612 1303 1734 1339; x_wconf 72' lang='grc' dir='ltr'>Χριστοῦ</span> <span class='ocrx_word' id='word_1_463' title='bbox 1743 1310 1769 1334; x_wconf 81' lang='grc' dir='ltr'>υ,</span> 
     </span>
    </p>
   </div>
   <div class='ocr_carea' id='block_1_59' title="bbox 971 1348 1769 1385">
    <p class='ocr_par' dir='ltr' id='par_1_59' title="bbox 971 1348 1769 1385">
     <span class='ocr_line' id='line_1_59' title="bbox 971 1348 1769 1385; baseline -0.004 -7"><span class='ocrx_word' id='word_1_464' title='bbox 971 1352 1030 1383; x_wconf 81' lang='grc' dir='ltr'>πῶς</span> <span class='ocrx_word' id='word_1_465' title='bbox 1053 1351 1086 1378; x_wconf 85' lang='grc' dir='ltr'>ἂν</span> <span class='ocrx_word' id='word_1_466' title='bbox 1110 1351 1190 1382; x_wconf 80' lang='grc' dir='ltr'>αὐτὸς</span> <span class='ocrx_word' id='word_1_467' title='bbox 1218 1351 1363 1385; x_wconf 68' lang='grc' dir='ltr'>ἠγνόησεν,</span> <span class='ocrx_word' id='word_1_468' title='bbox 1386 1350 1458 1385; x_wconf 86' lang='grc' dir='ltr'>ἆπερ</span> <span class='ocrx_word' id='word_1_469' title='bbox 1486 1348 1558 1376; x_wconf 81' lang='grc' dir='ltr'>οἶδεν</span> <span class='ocrx_word' id='word_1_470' title='bbox 1587 1350 1714 1385; x_wconf 77' lang='grc' dir='ltr'>ἁκριόὦς</span> <span class='ocrx_word' id='word_1_471' title='bbox 1737 1350 1769 1375; x_wconf 79' lang='grc' dir='ltr'>τὸ</span> 
     </span>
    </p>
   </div>
   <div class='ocr_carea' id='block_1_60' title="bbox 971 1395 1768 1432">
    <p class='ocr_par' dir='ltr' id='par_1_60' title="bbox 971 1395 1768 1432">
     <span class='ocr_line' id='line_1_60' title="bbox 971 1395 1768 1432; baseline -0.004 -8"><span class='ocrx_word' id='word_1_472' title='bbox 971 1397 1084 1432; x_wconf 60' lang='lat' dir='ltr'><strong>Ilva-Sua</strong></span> <span class='ocrx_word' id='word_1_473' title='bbox 1099 1396 1198 1428; x_wconf 79' lang='grc' dir='ltr'>αὑτοῦ;</span> <span class='ocrx_word' id='word_1_474' title='bbox 1213 1395 1317 1422; x_wconf 78' lang='grc' dir='ltr'><strong>Οὐκοῦν</strong></span> <span class='ocrx_word' id='word_1_475' title='bbox 1334 1395 1384 1422; x_wconf 79' lang='grc' dir='ltr'>κᾶν</span> <span class='ocrx_word' id='word_1_476' title='bbox 1399 1396 1506 1430; x_wconf 76' lang='grc' dir='ltr'><strong>ἀγνοεῖν</strong></span> <span class='ocrx_word' id='word_1_477' title='bbox 1524 1395 1706 1430; x_wconf 73' lang='grc' dir='ltr'><strong>ἀνθρωπίνως</strong></span> <span class='ocrx_word' id='word_1_478' title='bbox 1720 1395 1768 1422; x_wconf 62' lang='grc' dir='ltr'>λέ.</span> 
     </span>
    </p>
   </div>
   <div class='ocr_carea' id='block_1_61' title="bbox 971 1440 1769 1477">
    <p class='ocr_par' dir='ltr' id='par_1_61' title="bbox 971 1440 1769 1477">
     <span class='ocr_line' id='line_1_61' title="bbox 971 1440 1769 1477; baseline -0.001 -9"><span class='ocrx_word' id='word_1_479' title='bbox 971 1450 1064 1477; x_wconf 83' lang='grc' dir='ltr'>γηται,</span> <span class='ocrx_word' id='word_1_480' title='bbox 1086 1441 1143 1468; x_wconf 83' lang='grc' dir='ltr'>ἁλλ’</span> <span class='ocrx_word' id='word_1_481' title='bbox 1160 1440 1215 1467; x_wconf 84' lang='grc' dir='ltr'>οἶδε</span> <span class='ocrx_word' id='word_1_482' title='bbox 1234 1440 1341 1472; x_wconf 77' lang='grc' dir='ltr'><strong>Θεῖκῶς.</strong></span> <span class='ocrx_word' id='word_1_483' title='bbox 1359 1441 1415 1467; x_wconf 72' lang='grc' dir='ltr'><strong>Καὶ</strong></span> <span class='ocrx_word' id='word_1_484' title='bbox 1435 1440 1511 1474; x_wconf 77' lang='grc' dir='ltr'>γοῦν,</span> <span class='ocrx_word' id='word_1_485' title='bbox 1542 1449 1551 1466; x_wconf 80' lang='grc' dir='ltr'><strong>ι</strong></span> <span class='ocrx_word' id='word_1_486' title='bbox 1574 1441 1630 1468; x_wconf 73' lang='lat' dir='ltr'><strong>[lo-3</strong></span> <span class='ocrx_word' id='word_1_487' title='bbox 1647 1440 1769 1467; x_wconf 80' lang='grc' dir='ltr'><strong>τέθειται</strong></span> 
     </span>
    </p>
   </div>
   <div class='ocr_carea' id='block_1_62' title="bbox 945 1486 1768 1523">
    <p class='ocr_par' dir='ltr' id='par_1_62' title="bbox 945 1486 1768 1523">
     <span class='ocr_line' id='line_1_62' title="bbox 945 1486 1768 1523; baseline -0.001 -9"><span class='ocrx_word' id='word_1_488' title='bbox 945 1515 954 1522; x_wconf 34' lang='grc' dir='ltr'><strong>η</strong></span> <span class='ocrx_word' id='word_1_489' title='bbox 972 1487 1114 1521; x_wconf 80' lang='grc' dir='ltr'><strong>Λάζαρος;</strong></span> <span class='ocrx_word' id='word_1_490' title='bbox 1129 1496 1138 1512; x_wconf 75' lang='lat'><strong>1</strong></span> <span class='ocrx_word' id='word_1_491' title='bbox 1149 1486 1268 1523; x_wconf 72' lang='grc' dir='ltr'>ἐρωτῶν,</span> <span class='ocrx_word' id='word_1_492' title='bbox 1280 1486 1317 1518; x_wconf 85' lang='grc' dir='ltr'>ὡς</span> <span class='ocrx_word' id='word_1_493' title='bbox 1330 1486 1389 1518; x_wconf 70' lang='grc' dir='ltr'><strong>ἐξὸν</strong></span> <span class='ocrx_word' id='word_1_494' title='bbox 1405 1486 1479 1521; x_wconf 85' lang='grc' dir='ltr'><strong>αὺτῴ</strong></span> <span class='ocrx_word' id='word_1_495' title='bbox 1490 1487 1527 1522; x_wconf 88' lang='grc' dir='ltr'><strong>μὴ</strong></span> <span class='ocrx_word' id='word_1_496' title='bbox 1540 1487 1639 1513; x_wconf 71' lang='grc' dir='ltr'>εἰδέναι</span> <span class='ocrx_word' id='word_1_497' title='bbox 1652 1487 1725 1513; x_wconf 64' lang='grc' dir='ltr'>κατὰ</span> <span class='ocrx_word' id='word_1_498' title='bbox 1738 1487 1768 1513; x_wconf 73' lang='grc' dir='ltr'>τὸ</span> 
     </span>
    </p>
   </div>
   <div class='ocr_carea' id='block_1_63' title="bbox 973 1532 1768 1568">
    <p class='ocr_par' dir='ltr' id='par_1_63' title="bbox 973 1532 1768 1568">
     <span class='ocr_line' id='line_1_63' title="bbox 973 1532 1768 1568; baseline -0.001 -8"><span class='ocrx_word' id='word_1_499' title='bbox 973 1532 1153 1568; x_wconf 83' lang='grc' dir='ltr'>ἀνθρώπινον,</span> <span class='ocrx_word' id='word_1_500' title='bbox 1177 1534 1314 1568; x_wconf 73' lang='grc' dir='ltr'>ἑνήργηκε</span> <span class='ocrx_word' id='word_1_501' title='bbox 1338 1532 1447 1564; x_wconf 83' lang='grc' dir='ltr'>θεῖκῶς,</span> <span class='ocrx_word' id='word_1_502' title='bbox 1462 1533 1618 1568; x_wconf 75' lang='grc' dir='ltr'>ἀναστήσας</span> <span class='ocrx_word' id='word_1_503' title='bbox 1635 1533 1719 1559; x_wconf 75' lang='grc' dir='ltr'>αὐτὸν</span> <span class='ocrx_word' id='word_1_504' title='bbox 1735 1534 1768 1559; x_wconf 74' lang='grc' dir='ltr'>ὲκ</span> 
     </span>
    </p>
   </div>
   <div class='ocr_carea' id='block_1_64' title="bbox 975 1577 1768 1614">
    <p class='ocr_par' dir='ltr' id='par_1_64' title="bbox 975 1577 1768 1614">
     <span class='ocr_line' id='line_1_64' title="bbox 975 1577 1768 1614; baseline 0 -9"><span class='ocrx_word' id='word_1_505' title='bbox 975 1579 1090 1614; x_wconf 84' lang='grc' dir='ltr'><strong>νεκρῶν.</strong></span> <span class='ocrx_word' id='word_1_506' title='bbox 1111 1579 1307 1610; x_wconf 78' lang='grc' dir='ltr'>’Λπονέμοντες</span> <span class='ocrx_word' id='word_1_507' title='bbox 1320 1577 1409 1604; x_wconf 79' lang='grc' dir='ltr'>τοίνυν</span> <span class='ocrx_word' id='word_1_508' title='bbox 1426 1579 1459 1613; x_wconf 84' lang='grc' dir='ltr'>τῇ</span> <span class='ocrx_word' id='word_1_509' title='bbox 1484 1578 1553 1613; x_wconf 80' lang='grc' dir='ltr'><strong>μετὰ</strong></span> <span class='ocrx_word' id='word_1_510' title='bbox 1571 1579 1674 1613; x_wconf 74' lang='grc' dir='ltr'>σαρκὸς</span> <span class='ocrx_word' id='word_1_511' title='bbox 1695 1580 1768 1605; x_wconf 80' lang='grc' dir='ltr'>οἰκο-</span> 
     </span>
    </p>
   </div>
   <div class='ocr_carea' id='block_1_65' title="bbox 973 1624 1769 1660">
    <p class='ocr_par' dir='ltr' id='par_1_65' title="bbox 973 1624 1769 1660">
     <span class='ocr_line' id='line_1_65' title="bbox 973 1624 1769 1660; baseline 0.001 -10"><span class='ocrx_word' id='word_1_512' title='bbox 973 1625 1055 1660; x_wconf 65' lang='grc' dir='ltr'>νομίᾳ</span> <span class='ocrx_word' id='word_1_513' title='bbox 1070 1624 1104 1651; x_wconf 80' lang='grc' dir='ltr'>τὰ</span> <span class='ocrx_word' id='word_1_514' title='bbox 1119 1624 1296 1660; x_wconf 81' lang='grc' dir='ltr'>ἀνθρώπινα,</span> <span class='ocrx_word' id='word_1_515' title='bbox 1311 1625 1477 1659; x_wconf 80' lang='grc' dir='ltr'>τηρήσωμεν</span> <span class='ocrx_word' id='word_1_516' title='bbox 1491 1624 1614 1656; x_wconf 75' lang='grc' dir='ltr'>εὐσεϐῶς</span> <span class='ocrx_word' id='word_1_517' title='bbox 1629 1627 1678 1651; x_wconf 76' lang='grc' dir='ltr'>καὶ</span> <span class='ocrx_word' id='word_1_518' title='bbox 1705 1625 1769 1651; x_wconf 78' lang='grc' dir='ltr'>καθ’</span> 
     </span>
    </p>
   </div>
   <div class='ocr_carea' id='block_1_66' title="bbox 972 1669 1766 1706">
    <p class='ocr_par' dir='ltr' id='par_1_66' title="bbox 972 1669 1766 1706">
     <span class='ocr_line' id='line_1_66' title="bbox 972 1669 1766 1706; baseline 0.001 -10"><span class='ocrx_word' id='word_1_519' title='bbox 972 1671 1046 1704; x_wconf 80' lang='grc' dir='ltr'><strong>ἡμᾶς</strong></span> <span class='ocrx_word' id='word_1_520' title='bbox 1061 1670 1183 1704; x_wconf 80' lang='grc' dir='ltr'><strong>γεγονότι</strong></span> <span class='ocrx_word' id='word_1_521' title='bbox 1198 1669 1237 1704; x_wconf 84' lang='grc' dir='ltr'><strong>τῷ</strong></span> <span class='ocrx_word' id='word_1_522' title='bbox 1251 1671 1283 1696; x_wconf 82' lang='grc' dir='ltr'>ἐκ</span> <span class='ocrx_word' id='word_1_523' title='bbox 1296 1669 1365 1696; x_wconf 79' lang='grc' dir='ltr'>θεοῦ</span> <span class='ocrx_word' id='word_1_524' title='bbox 1384 1669 1464 1703; x_wconf 81' lang='grc' dir='ltr'>φύντι</span> <span class='ocrx_word' id='word_1_525' title='bbox 1475 1670 1555 1705; x_wconf 86' lang='grc' dir='ltr'><strong>Λόγῳ</strong></span> <span class='ocrx_word' id='word_1_526' title='bbox 1567 1671 1600 1696; x_wconf 81' lang='grc' dir='ltr'>τὰ</span> <span class='ocrx_word' id='word_1_527' title='bbox 1613 1670 1766 1706; x_wconf 81' lang='grc' dir='ltr'>θεοπρεπῆ.</span> 
     </span>
    </p>
   </div>
   <div class='ocr_carea' id='block_1_67' title="bbox 134 1715 1766 1752">
    <p class='ocr_par' dir='ltr' id='par_1_67' title="bbox 134 1715 1766 1752">
     <span class='ocr_line' id='line_1_67' title="bbox 134 1715 1766 1752; baseline 0.001 -9"><span class='ocrx_word' id='word_1_528' title='bbox 134 1725 164 1743; x_wconf 85' lang='lat' dir='ltr'><strong>ea</strong></span> <span class='ocrx_word' id='word_1_529' title='bbox 181 1724 239 1751; x_wconf 68' lang='lat' dir='ltr'><strong>quae</strong></span> <span class='ocrx_word' id='word_1_530' title='bbox 256 1715 372 1743; x_wconf 90' lang='lat' dir='ltr'><strong>hominis</strong></span> <span class='ocrx_word' id='word_1_531' title='bbox 398 1719 476 1747; x_wconf 89' lang='lat' dir='ltr'><strong>sunt,</strong></span> <span class='ocrx_word' id='word_1_532' title='bbox 501 1722 640 1742; x_wconf 79' lang='lat' dir='ltr'><strong>servemus</strong></span> <span class='ocrx_word' id='word_1_533' title='bbox 673 1715 766 1748; x_wconf 88' lang='lat' dir='ltr'><strong>etiam,</strong></span> <span class='ocrx_word' id='word_1_534' title='bbox 791 1723 844 1750; x_wconf 89' lang='lat' dir='ltr'><strong>qua</strong></span> <span class='ocrx_word' id='word_1_535' title='bbox 863 1717 941 1744; x_wconf 86' lang='lat' dir='ltr'><strong>decet</strong></span> <span class='ocrx_word' id='word_1_536' title='bbox 960 1717 1072 1752; x_wconf 85' lang='lat' dir='ltr'><strong>pietate,</strong></span> <span class='ocrx_word' id='word_1_537' title='bbox 1098 1716 1135 1743; x_wconf 92' lang='lat' dir='ltr'><strong>illi</strong></span> <span class='ocrx_word' id='word_1_538' title='bbox 1157 1717 1203 1751; x_wconf 88' lang='lat' dir='ltr'><strong>qui</strong></span> <span class='ocrx_word' id='word_1_539' title='bbox 1233 1717 1320 1744; x_wconf 85' lang='lat' dir='ltr'><strong>instar</strong></span> <span class='ocrx_word' id='word_1_540' title='bbox 1344 1718 1430 1743; x_wconf 90' lang='lat' dir='ltr'><strong>nostri</strong></span> <span class='ocrx_word' id='word_1_541' title='bbox 1463 1715 1553 1743; x_wconf 77' lang='lat' dir='ltr'><strong>factus</strong></span> <span class='ocrx_word' id='word_1_542' title='bbox 1567 1723 1608 1744; x_wconf 82' lang='lat' dir='ltr'><strong>est</strong></span> <span class='ocrx_word' id='word_1_543' title='bbox 1627 1718 1721 1748; x_wconf 80' lang='lat' dir='ltr'><strong>homo,</strong></span> <span class='ocrx_word' id='word_1_544' title='bbox 1735 1725 1766 1744; x_wconf 73' lang='lat' dir='ltr'><strong>ex</strong></span> 
     </span>
    </p>
   </div>
   <div class='ocr_carea' id='block_1_68' title="bbox 136 1760 851 1795">
    <p class='ocr_par' dir='ltr' id='par_1_68' title="bbox 136 1760 851 1795">
     <span class='ocr_line' id='line_1_68' title="bbox 136 1760 851 1795; baseline -0.001 -6"><span class='ocrx_word' id='word_1_545' title='bbox 136 1762 191 1789; x_wconf 84' lang='lat' dir='ltr'><strong>Deo</strong></span> <span class='ocrx_word' id='word_1_546' title='bbox 201 1762 291 1795; x_wconf 76' lang='lat' dir='ltr'><strong>genito</strong></span> <span class='ocrx_word' id='word_1_547' title='bbox 306 1760 407 1792; x_wconf 82' lang='lat' dir='ltr'><strong>Verbo,</strong></span> <span class='ocrx_word' id='word_1_548' title='bbox 424 1768 483 1795; x_wconf 66' lang='lat' dir='ltr'><strong>qua:</strong></span> <span class='ocrx_word' id='word_1_549' title='bbox 496 1760 546 1794; x_wconf 80' lang='lat' dir='ltr'><strong>ipsi</strong></span> <span class='ocrx_word' id='word_1_550' title='bbox 564 1766 593 1787; x_wconf 92' lang='lat' dir='ltr'><strong>ut</strong></span> <span class='ocrx_word' id='word_1_551' title='bbox 606 1760 661 1788; x_wconf 87' lang='lat' dir='ltr'><strong>Deo</strong></span> <span class='ocrx_word' id='word_1_552' title='bbox 677 1762 851 1788; x_wconf 87' lang='lat' dir='ltr'><strong>conveniunt.</strong></span> 
     </span>
    </p>
   </div>
   <div class='ocr_carea' id='block_1_69' title="bbox 171 1806 920 1842">
    <p class='ocr_par' dir='ltr' id='par_1_69' title="bbox 171 1806 920 1842">
     <span class='ocr_line' id='line_1_69' title="bbox 171 1806 920 1842; baseline 0.003 -8"><span class='ocrx_word' id='word_1_553' title='bbox 171 1806 264 1834; x_wconf 73' lang='lat' dir='ltr'><strong>XVIII.</strong></span> <span class='ocrx_word' id='word_1_554' title='bbox 285 1816 294 1832; x_wconf 80' lang='grc' dir='ltr'><strong>ι</strong></span> <span class='ocrx_word' id='word_1_555' title='bbox 321 1807 453 1834; x_wconf 78' lang='lat' dir='ltr'><strong>Clamavit</strong></span> <span class='ocrx_word' id='word_1_556' title='bbox 478 1806 558 1834; x_wconf 80' lang='lat' dir='ltr'><strong>Jcsus</strong></span> <span class='ocrx_word' id='word_1_557' title='bbox 581 1815 647 1834; x_wconf 83' lang='lat' dir='ltr'><strong>voce</strong></span> <span class='ocrx_word' id='word_1_558' title='bbox 669 1816 780 1842; x_wconf 79' lang='lat' dir='ltr'><strong>magna,</strong></span> <span class='ocrx_word' id='word_1_559' title='bbox 797 1808 892 1836; x_wconf 82' lang='lat' dir='ltr'><strong>dicens</strong></span> <span class='ocrx_word' id='word_1_560' title='bbox 912 1816 920 1835; x_wconf 88' lang='lat'><strong>:</strong></span> 
     </span>
    </p>
   </div>
   <div class='ocr_carea' id='block_1_70' title="bbox 138 1852 918 1889">
    <p class='ocr_par' dir='ltr' id='par_1_70' title="bbox 138 1852 918 1889">
     <span class='ocr_line' id='line_1_70' title="bbox 138 1852 918 1889; baseline 0.001 -9"><span class='ocrx_word' id='word_1_561' title='bbox 138 1852 209 1880; x_wconf 85' lang='lat' dir='ltr'><strong>Deus</strong></span> <span class='ocrx_word' id='word_1_562' title='bbox 234 1860 329 1885; x_wconf 86' lang='lat' dir='ltr'><strong>meus,</strong></span> <span class='ocrx_word' id='word_1_563' title='bbox 355 1852 426 1879; x_wconf 86' lang='lat' dir='ltr'><strong>Deus</strong></span> <span class='ocrx_word' id='word_1_564' title='bbox 455 1860 548 1884; x_wconf 90' lang='lat' dir='ltr'><strong>meus,</strong></span> <span class='ocrx_word' id='word_1_565' title='bbox 584 1853 679 1887; x_wconf 90' lang='lat' dir='ltr'><strong>utquid</strong></span> <span class='ocrx_word' id='word_1_566' title='bbox 701 1862 744 1880; x_wconf 87' lang='lat' dir='ltr'><strong>me</strong></span> <span class='ocrx_word' id='word_1_567' title='bbox 770 1854 918 1889; x_wconf 88' lang='lat' dir='ltr'><strong>dereliqui-</strong></span> 
     </span>
    </p>
   </div>
   <div class='ocr_carea' id='block_1_71' title="bbox 136 1898 922 1934">
    <p class='ocr_par' dir='ltr' id='par_1_71' title="bbox 136 1898 922 1934">
     <span class='ocr_line' id='line_1_71' title="bbox 136 1898 922 1934; baseline 0 -8"><span class='ocrx_word' id='word_1_568' title='bbox 136 1900 169 1926; x_wconf 83' lang='lat' dir='ltr'><strong>sti</strong></span> <span class='ocrx_word' id='word_1_569' title='bbox 187 1898 228 1926; x_wconf 63' lang='grc' dir='ltr'><strong>ἰτ</strong></span> <span class='ocrx_word' id='word_1_570' title='bbox 244 1907 253 1924; x_wconf 79' lang='lat'><strong>1</strong></span> <span class='ocrx_word' id='word_1_571' title='bbox 268 1899 392 1932; x_wconf 71' lang='lat' dir='ltr'><strong>Nunquid</strong></span> <span class='ocrx_word' id='word_1_572' title='bbox 414 1899 500 1932; x_wconf 87' lang='lat' dir='ltr'><strong>ipsum</strong></span> <span class='ocrx_word' id='word_1_573' title='bbox 518 1905 627 1933; x_wconf 87' lang='lat' dir='ltr'><strong>quoque</strong></span> <span class='ocrx_word' id='word_1_574' title='bbox 646 1898 774 1931; x_wconf 85' lang='lat' dir='ltr'><strong>Verbum,</strong></span> <span class='ocrx_word' id='word_1_575' title='bbox 798 1900 869 1934; x_wconf 89' lang='lat' dir='ltr'><strong>quod</strong></span> <span class='ocrx_word' id='word_1_576' title='bbox 887 1907 922 1927; x_wconf 73' lang='lat' dir='ltr'><strong>ex</strong></span> 
     </span>
    </p>
   </div>
   <div class='ocr_carea' id='block_1_72' title="bbox 135 1944 923 1980">
    <p class='ocr_par' dir='ltr' id='par_1_72' title="bbox 135 1944 923 1980">
     <span class='ocr_line' id='line_1_72' title="bbox 135 1944 923 1980; baseline 0.001 -8"><span class='ocrx_word' id='word_1_577' title='bbox 135 1945 192 1972; x_wconf 84' lang='lat' dir='ltr'><strong>Deo</strong></span> <span class='ocrx_word' id='word_1_578' title='bbox 205 1944 284 1971; x_wconf 82' lang='lat' dir='ltr'><strong>Patre</strong></span> <span class='ocrx_word' id='word_1_579' title='bbox 297 1949 388 1970; x_wconf 86' lang='lat' dir='ltr'><strong>natum</strong></span> <span class='ocrx_word' id='word_1_580' title='bbox 407 1949 459 1975; x_wconf 83' lang='lat' dir='ltr'><strong>est,</strong></span> <span class='ocrx_word' id='word_1_581' title='bbox 485 1944 578 1970; x_wconf 83' lang='lat' dir='ltr'><strong>divino</strong></span> <span class='ocrx_word' id='word_1_582' title='bbox 594 1944 696 1972; x_wconf 77' lang='lat' dir='ltr'><strong>auxilio</strong></span> <span class='ocrx_word' id='word_1_583' title='bbox 715 1945 866 1980; x_wconf 74' lang='lat' dir='ltr'><strong>indiguisse</strong></span> <span class='ocrx_word' id='word_1_584' title='bbox 882 1946 923 1973; x_wconf 83' lang='lat' dir='ltr'><strong>di—</strong></span> 
     </span>
    </p>
   </div>
   <div class='ocr_carea' id='block_1_73' title="bbox 135 1990 920 2025">
    <p class='ocr_par' dir='ltr' id='par_1_73' title="bbox 135 1990 920 2025">
     <span class='ocr_line' id='line_1_73' title="bbox 135 1990 920 2025; baseline 0 -7"><span class='ocrx_word' id='word_1_585' title='bbox 135 1991 250 2019; x_wconf 73' lang='lat' dir='ltr'><strong>cemus?</strong></span> <span class='ocrx_word' id='word_1_586' title='bbox 266 1990 302 2017; x_wconf 83' lang='lat' dir='ltr'><strong>At</strong></span> <span class='ocrx_word' id='word_1_587' title='bbox 315 1990 378 2024; x_wconf 90' lang='lat' dir='ltr'><strong>quid</strong></span> <span class='ocrx_word' id='word_1_588' title='bbox 389 1997 421 2017; x_wconf 89' lang='lat' dir='ltr'><strong>eo</strong></span> <span class='ocrx_word' id='word_1_589' title='bbox 435 1990 487 2017; x_wconf 91' lang='lat' dir='ltr'><strong>dici</strong></span> <span class='ocrx_word' id='word_1_590' title='bbox 502 1994 590 2025; x_wconf 75' lang='lat' dir='ltr'><strong>potest</strong></span> <span class='ocrx_word' id='word_1_591' title='bbox 606 1990 733 2018; x_wconf 83' lang='lat' dir='ltr'><strong>stultius?</strong></span> <span class='ocrx_word' id='word_1_592' title='bbox 751 1991 850 2018; x_wconf 82' lang='lat' dir='ltr'><strong>Annon</strong></span> <span class='ocrx_word' id='word_1_593' title='bbox 867 1999 920 2018; x_wconf 81' lang='lat' dir='ltr'><strong>1111a</strong></span> 
     </span>
    </p>
   </div>
   <div class='ocr_carea' id='block_1_74' title="bbox 136 2035 922 2072">
    <p class='ocr_par' dir='ltr' id='par_1_74' title="bbox 136 2035 922 2072">
     <span class='ocr_line' id='line_1_74' title="bbox 136 2035 922 2072; baseline -0.003 -7"><span class='ocrx_word' id='word_1_594' title='bbox 136 2046 196 2065; x_wconf 91' lang='lat' dir='ltr'><strong>cum</strong></span> <span class='ocrx_word' id='word_1_595' title='bbox 215 2037 269 2064; x_wconf 86' lang='lat' dir='ltr'><strong>Deo</strong></span> <span class='ocrx_word' id='word_1_596' title='bbox 291 2036 371 2064; x_wconf 84' lang='lat' dir='ltr'><strong>Patre</strong></span> <span class='ocrx_word' id='word_1_597' title='bbox 389 2036 577 2063; x_wconf 85' lang='lat' dir='ltr'><strong>universorum</strong></span> <span class='ocrx_word' id='word_1_598' title='bbox 596 2035 726 2064; x_wconf 87' lang='lat' dir='ltr'><strong>Dominus</strong></span> <span class='ocrx_word' id='word_1_599' title='bbox 741 2044 799 2069; x_wconf 76' lang='lat' dir='ltr'><strong>e51.</strong></span> <span class='ocrx_word' id='word_1_600' title='bbox 817 2045 922 2072; x_wconf 86' lang='lat' dir='ltr'><strong>suoque</strong></span> 
     </span>
    </p>
   </div>
   <div class='ocr_carea' id='block_1_75' title="bbox 137 2083 921 2119">
    <p class='ocr_par' dir='ltr' id='par_1_75' title="bbox 137 2083 921 2119">
     <span class='ocr_line' id='line_1_75' title="bbox 137 2083 921 2119; baseline 0 -8"><span class='ocrx_word' id='word_1_601' title='bbox 137 2083 239 2119; x_wconf 88' lang='lat' dir='ltr'><strong>Spiritu</strong></span> <span class='ocrx_word' id='word_1_602' title='bbox 254 2084 352 2111; x_wconf 73' lang='lat' dir='ltr'><strong>cmlum</strong></span> <span class='ocrx_word' id='word_1_603' title='bbox 370 2083 471 2114; x_wconf 88' lang='lat' dir='ltr'><strong>iirmat,</strong></span> <span class='ocrx_word' id='word_1_604' title='bbox 488 2090 519 2110; x_wconf 88' lang='lat' dir='ltr'><strong>ac</strong></span> <span class='ocrx_word' id='word_1_605' title='bbox 534 2083 666 2110; x_wconf 83' lang='lat' dir='ltr'><strong>virtutum</strong></span> <span class='ocrx_word' id='word_1_606' title='bbox 685 2084 814 2111; x_wconf 86' lang='lat' dir='ltr'><strong>Dominus</strong></span> <span class='ocrx_word' id='word_1_607' title='bbox 829 2085 921 2119; x_wconf 83' lang='lat' dir='ltr'><strong>appel-</strong></span> 
     </span>
    </p>
   </div>
   <div class='ocr_carea' id='block_1_76' title="bbox 1009 1808 1767 1844">
    <p class='ocr_par' dir='ltr' id='par_1_76' title="bbox 1009 1808 1767 1844">
     <span class='ocr_line' id='line_1_76' title="bbox 1009 1808 1767 1844; baseline -0.001 -9"><span class='ocrx_word' id='word_1_608' title='bbox 1009 1809 1063 1835; x_wconf 69' lang='grc' dir='ltr'><strong>ΠΡ.</strong></span> <span class='ocrx_word' id='word_1_609' title='bbox 1085 1818 1094 1834; x_wconf 80' lang='grc' dir='ltr'><strong>ι</strong></span> <span class='ocrx_word' id='word_1_610' title='bbox 1118 1808 1230 1844; x_wconf 78' lang='grc' dir='ltr'><strong>Ἐὃόησε</strong></span> <span class='ocrx_word' id='word_1_611' title='bbox 1247 1808 1276 1835; x_wconf 83' lang='grc' dir='ltr'><strong>δὲ</strong></span> <span class='ocrx_word' id='word_1_612' title='bbox 1299 1810 1374 1844; x_wconf 77' lang='grc' dir='ltr'>φωνῇ</span> <span class='ocrx_word' id='word_1_613' title='bbox 1399 1808 1506 1844; x_wconf 83' lang='grc' dir='ltr'><strong>μεγάλῃ</strong></span> <span class='ocrx_word' id='word_1_614' title='bbox 1529 1809 1543 1834; x_wconf 88' lang='grc' dir='ltr'>ὁ</span> <span class='ocrx_word' id='word_1_615' title='bbox 1573 1808 1697 1843; x_wconf 82' lang='grc' dir='ltr'>Ἰησοῦς·</span> <span class='ocrx_word' id='word_1_616' title='bbox 1718 1809 1767 1835; x_wconf 82' lang='grc' dir='ltr'><strong>Θεέ</strong></span> 
     </span>
    </p>
   </div>
   <div class='ocr_carea' id='block_1_77' title="bbox 976 1852 1767 1891">
    <p class='ocr_par' dir='ltr' id='par_1_77' title="bbox 976 1852 1767 1891">
     <span class='ocr_line' id='line_1_77' title="bbox 976 1852 1767 1891; baseline -0.003 -9"><span class='ocrx_word' id='word_1_617' title='bbox 976 1864 1039 1891; x_wconf 83' lang='grc' dir='ltr'>μου,</span> <span class='ocrx_word' id='word_1_618' title='bbox 1054 1855 1105 1881; x_wconf 81' lang='grc' dir='ltr'><strong>Θεέ</strong></span> <span class='ocrx_word' id='word_1_619' title='bbox 1122 1863 1184 1890; x_wconf 82' lang='grc' dir='ltr'><strong>μου⁷</strong></span> <span class='ocrx_word' id='word_1_620' title='bbox 1202 1855 1247 1882; x_wconf 85' lang='grc' dir='ltr'><strong>ἴνα</strong></span> <span class='ocrx_word' id='word_1_621' title='bbox 1271 1855 1297 1881; x_wconf 79' lang='grc' dir='ltr'><strong>τί</strong></span> <span class='ocrx_word' id='word_1_622' title='bbox 1321 1863 1356 1890; x_wconf 87' lang='grc' dir='ltr'>με</span> <span class='ocrx_word' id='word_1_623' title='bbox 1382 1855 1576 1889; x_wconf 55' lang='grc' dir='ltr'>ἐγκατέλιπες</span> <span class='ocrx_word' id='word_1_624' title='bbox 1595 1865 1604 1880; x_wconf 80' lang='lat'><strong>1</strong></span> <span class='ocrx_word' id='word_1_625' title='bbox 1622 1853 1698 1890; x_wconf 77' lang='lat' dir='ltr'><strong>&#39;Apa.</strong></span> <span class='ocrx_word' id='word_1_626' title='bbox 1722 1852 1767 1881; x_wconf 78' lang='grc' dir='ltr'>οὖν</span> 
     </span>
    </p>
   </div>
   <div class='ocr_carea' id='block_1_78' title="bbox 974 1901 1766 1937">
    <p class='ocr_par' dir='ltr' id='par_1_78' title="bbox 974 1901 1766 1937">
     <span class='ocr_line' id='line_1_78' title="bbox 974 1901 1766 1937; baseline -0.001 -9"><span class='ocrx_word' id='word_1_627' title='bbox 974 1903 1021 1928; x_wconf 74' lang='grc' dir='ltr'>καὶ</span> <span class='ocrx_word' id='word_1_628' title='bbox 1043 1901 1123 1927; x_wconf 70' lang='grc' dir='ltr'>αὐτὸν</span> <span class='ocrx_word' id='word_1_629' title='bbox 1143 1901 1304 1937; x_wconf 77' lang='grc' dir='ltr'><strong>ἐπικουρίας</strong></span> <span class='ocrx_word' id='word_1_630' title='bbox 1317 1901 1367 1936; x_wconf 84' lang='grc' dir='ltr'>τῆς</span> <span class='ocrx_word' id='word_1_631' title='bbox 1382 1901 1486 1928; x_wconf 78' lang='grc' dir='ltr'><strong>ἄνωθέν</strong></span> <span class='ocrx_word' id='word_1_632' title='bbox 1508 1909 1600 1936; x_wconf 82' lang='grc' dir='ltr'>φαμεν</span> <span class='ocrx_word' id='word_1_633' title='bbox 1625 1901 1766 1936; x_wconf 73' lang='grc' dir='ltr'><strong>δεδεῆσθαι</strong></span> 
     </span>
    </p>
   </div>
   <div class='ocr_carea' id='block_1_79' title="bbox 973 1945 1768 1983">
    <p class='ocr_par' dir='ltr' id='par_1_79' title="bbox 973 1945 1768 1983">
     <span class='ocr_line' id='line_1_79' title="bbox 973 1945 1768 1983; baseline -0.001 -10"><span class='ocrx_word' id='word_1_634' title='bbox 973 1947 1019 1973; x_wconf 76' lang='grc' dir='ltr'><strong>τὸν</strong></span> <span class='ocrx_word' id='word_1_635' title='bbox 1036 1948 1067 1973; x_wconf 75' lang='grc' dir='ltr'>ἐκ</span> <span class='ocrx_word' id='word_1_636' title='bbox 1084 1946 1152 1973; x_wconf 86' lang='grc' dir='ltr'><strong>Θεοῦ</strong></span> <span class='ocrx_word' id='word_1_637' title='bbox 1176 1945 1281 1983; x_wconf 80' lang='grc' dir='ltr'>Πάτρδς</span> <span class='ocrx_word' id='word_1_638' title='bbox 1297 1947 1400 1981; x_wconf 76' lang='grc' dir='ltr'><strong>Λόγον;</strong></span> <span class='ocrx_word' id='word_1_639' title='bbox 1415 1946 1512 1974; x_wconf 82' lang='grc' dir='ltr'>Καίτοι</span> <span class='ocrx_word' id='word_1_640' title='bbox 1529 1947 1586 1978; x_wconf 85' lang='grc' dir='ltr'>πῶς</span> <span class='ocrx_word' id='word_1_641' title='bbox 1599 1946 1680 1973; x_wconf 81' lang='grc' dir='ltr'>τοῦτό</span> <span class='ocrx_word' id='word_1_642' title='bbox 1695 1948 1768 1973; x_wconf 77' lang='grc' dir='ltr'>ἐστιν</span> 
     </span>
    </p>
   </div>
   <div class='ocr_carea' id='block_1_80' title="bbox 974 1992 1767 2029">
    <p class='ocr_par' dir='ltr' id='par_1_80' title="bbox 974 1992 1767 2029">
     <span class='ocr_line' id='line_1_80' title="bbox 974 1992 1767 2029; baseline -0.003 -10"><span class='ocrx_word' id='word_1_643' title='bbox 974 1993 1025 2019; x_wconf 77' lang='grc' dir='ltr'>οὐκ</span> <span class='ocrx_word' id='word_1_644' title='bbox 1048 1992 1145 2028; x_wconf 78' lang='grc' dir='ltr'>εῦηθες</span> <span class='ocrx_word' id='word_1_645' title='bbox 1168 1993 1282 2028; x_wconf 85' lang='grc' dir='ltr'>κομιδῇ;</span> <span class='ocrx_word' id='word_1_646' title='bbox 1299 1993 1489 2028; x_wconf 84' lang='grc' dir='ltr'><strong>Συγκατάρχει</strong></span> <span class='ocrx_word' id='word_1_647' title='bbox 1504 1993 1557 2029; x_wconf 78' lang='grc' dir='ltr'><strong>γὰρ</strong></span> <span class='ocrx_word' id='word_1_648' title='bbox 1571 1993 1628 2019; x_wconf 83' lang='grc' dir='ltr'><strong>τῶν</strong></span> <span class='ocrx_word' id='word_1_649' title='bbox 1643 1992 1715 2019; x_wconf 81' lang='grc' dir='ltr'>ὅλων</span> <span class='ocrx_word' id='word_1_650' title='bbox 1731 1992 1767 2027; x_wconf 83' lang='grc' dir='ltr'>τῷ</span> 
     </span>
    </p>
   </div>
   <div class='ocr_carea' id='block_1_81' title="bbox 975 2038 1767 2074">
    <p class='ocr_par' dir='ltr' id='par_1_81' title="bbox 975 2038 1767 2074">
     <span class='ocr_line' id='line_1_81' title="bbox 975 2038 1767 2074; baseline -0.001 -10"><span class='ocrx_word' id='word_1_651' title='bbox 975 2038 1035 2074; x_wconf 80' lang='grc' dir='ltr'><strong>Θεῴ</strong></span> <span class='ocrx_word' id='word_1_652' title='bbox 1052 2039 1098 2065; x_wconf 78' lang='grc' dir='ltr'>καὶ</span> <span class='ocrx_word' id='word_1_653' title='bbox 1113 2039 1202 2074; x_wconf 75' lang='grc' dir='ltr'>Πατρὶ</span> <span class='ocrx_word' id='word_1_654' title='bbox 1214 2059 1221 2071; x_wconf 91' lang='grc'><strong>,</strong></span> <span class='ocrx_word' id='word_1_655' title='bbox 1239 2039 1287 2065; x_wconf 70' lang='grc' dir='ltr'>καὶ</span> <span class='ocrx_word' id='word_1_656' title='bbox 1310 2041 1416 2074; x_wconf 81' lang='grc' dir='ltr'>στερεοῖ</span> <span class='ocrx_word' id='word_1_657' title='bbox 1434 2040 1482 2074; x_wconf 80' lang='grc' dir='ltr'><strong>μὲν</strong></span> <span class='ocrx_word' id='word_1_658' title='bbox 1497 2039 1628 2074; x_wconf 76' lang='grc' dir='ltr'>οὐρανοὺς</span> <span class='ocrx_word' id='word_1_659' title='bbox 1645 2038 1686 2073; x_wconf 79' lang='grc' dir='ltr'>τῷ</span> <span class='ocrx_word' id='word_1_660' title='bbox 1712 2038 1767 2073; x_wconf 79' lang='grc' dir='ltr'>ἰδίῳ</span> 
     </span>
    </p>
   </div>
   <div class='ocr_carea' id='block_1_82' title="bbox 976 2084 1766 2120">
    <p class='ocr_par' dir='ltr' id='par_1_82' title="bbox 976 2084 1766 2120">
     <span class='ocr_line' id='line_1_82' title="bbox 976 2084 1766 2120; baseline 0.001 -11"><span class='ocrx_word' id='word_1_661' title='bbox 976 2084 1128 2118; x_wconf 82' lang='grc' dir='ltr'>Πνεύματι,</span> <span class='ocrx_word' id='word_1_662' title='bbox 1142 2085 1244 2120; x_wconf 82' lang='grc' dir='ltr'>Κύριος</span> <span class='ocrx_word' id='word_1_663' title='bbox 1260 2084 1288 2111; x_wconf 82' lang='grc' dir='ltr'>δὲ</span> <span class='ocrx_word' id='word_1_664' title='bbox 1302 2085 1356 2111; x_wconf 84' lang='grc' dir='ltr'><strong>τῶν</strong></span> <span class='ocrx_word' id='word_1_665' title='bbox 1370 2085 1511 2120; x_wconf 78' lang='grc' dir='ltr'>δυνάμεων</span> <span class='ocrx_word' id='word_1_666' title='bbox 1536 2084 1703 2120; x_wconf 77' lang='grc' dir='ltr'>ὀνομάζεται</span> <span class='ocrx_word' id='word_1_667' title='bbox 1723 2085 1766 2111; x_wconf 76' lang='grc' dir='ltr'>καὶ</span> 
     </span>
    </p>
   </div>
   <div class='ocr_carea' id='block_1_83' title="bbox 136 2122 895 2167">
    <p class='ocr_par' dir='ltr' id='par_1_83' title="bbox 136 2128 895 2165">
     <span class='ocr_line' id='line_1_83' title="bbox 136 2128 895 2165; baseline 0 -9"><span class='ocrx_word' id='word_1_668' title='bbox 136 2129 219 2163; x_wconf 84' lang='lat' dir='ltr'><strong>lator,</strong></span> <span class='ocrx_word' id='word_1_669' title='bbox 235 2133 262 2156; x_wconf 91' lang='lat' dir='ltr'><strong>et</strong></span> <span class='ocrx_word' id='word_1_670' title='bbox 275 2133 316 2156; x_wconf 91' lang='lat' dir='ltr'><strong>est</strong></span> <span class='ocrx_word' id='word_1_671' title='bbox 331 2129 382 2156; x_wconf 91' lang='lat' dir='ltr'><strong>hoc</strong></span> <span class='ocrx_word' id='word_1_672' title='bbox 399 2128 488 2163; x_wconf 88' lang='lat' dir='ltr'><strong>ipsum</strong></span> <span class='ocrx_word' id='word_1_673' title='bbox 507 2135 568 2156; x_wconf 77' lang='lat' dir='ltr'><strong>vere</strong></span> <span class='ocrx_word' id='word_1_674' title='bbox 583 2128 627 2155; x_wconf 67' lang='lat'><strong>“&quot;1</strong></span> <span class='ocrx_word' id='word_1_675' title='bbox 643 2128 770 2163; x_wconf 80' lang='lat' dir='ltr'><strong>Nunquid</strong></span> <span class='ocrx_word' id='word_1_676' title='bbox 788 2137 852 2165; x_wconf 79' lang='lat' dir='ltr'><strong>ergo</strong></span> <span class='ocrx_word' id='word_1_677' title='bbox 875 2138 895 2156; x_wconf 60' lang='lat' dir='ltr'><strong>a1</strong></span> 
     </span>
    </p>
   </div>
   <div class='ocr_carea' id='block_1_84' title="bbox 1012 2122 1766 2167">
    <p class='ocr_par' dir='ltr' id='par_1_84' title="bbox 1012 2130 1766 2167">
     <span class='ocr_line' id='line_1_84' title="bbox 1012 2130 1766 2167; baseline 0.004 -12"><span class='ocrx_word' id='word_1_678' title='bbox 1012 2138 1033 2155; x_wconf 79' lang='lat' dir='ltr'><strong>rt</strong></span> <span class='ocrx_word' id='word_1_679' title='bbox 1054 2130 1125 2156; x_wconf 74' lang='grc' dir='ltr'>κατὰ</span> <span class='ocrx_word' id='word_1_680' title='bbox 1148 2130 1287 2165; x_wconf 84' lang='grc' dir='ltr'>ἀλήθειαν.</span> <span class='ocrx_word' id='word_1_681' title='bbox 1310 2131 1381 2157; x_wconf 83' lang='grc' dir='ltr'>Ἀλλ’</span> <span class='ocrx_word' id='word_1_682' title='bbox 1402 2131 1533 2167; x_wconf 82' lang='grc' dir='ltr'>ὴτὸνησεν</span> <span class='ocrx_word' id='word_1_683' title='bbox 1556 2132 1610 2166; x_wconf 80' lang='grc' dir='ltr'><strong>ἄρα</strong></span> <span class='ocrx_word' id='word_1_684' title='bbox 1633 2133 1704 2167; x_wconf 72' lang='grc' dir='ltr'>πρὸς</span> <span class='ocrx_word' id='word_1_685' title='bbox 1719 2133 1766 2163; x_wconf 78' lang='grc' dir='ltr'>τὰς</span> 
     </span>
    </p>
   </div>
   <div class='ocr_carea' id='block_1_85' title="bbox 135 2173 922 2210">
    <p class='ocr_par' dir='ltr' id='par_1_85' title="bbox 135 2173 922 2210">
     <span class='ocr_line' id='line_1_85' title="bbox 135 2173 922 2210; baseline 0.001 -8"><span class='ocrx_word' id='word_1_686' title='bbox 135 2183 233 2202; x_wconf 81' lang='lat' dir='ltr'><strong>versus</strong></span> <span class='ocrx_word' id='word_1_687' title='bbox 248 2173 405 2202; x_wconf 70' lang='lat' dir='ltr'><strong>Judaeorum</strong></span> <span class='ocrx_word' id='word_1_688' title='bbox 419 2175 531 2202; x_wconf 88' lang='lat' dir='ltr'><strong>insidias</strong></span> <span class='ocrx_word' id='word_1_689' title='bbox 541 2175 677 2210; x_wconf 73' lang='lat' dir='ltr'><strong>elanguit?</strong></span> <span class='ocrx_word' id='word_1_690' title='bbox 690 2174 819 2210; x_wconf 86' lang='lat' dir='ltr'><strong>Nunquid</strong></span> <span class='ocrx_word' id='word_1_691' title='bbox 833 2177 922 2203; x_wconf 86' lang='lat' dir='ltr'><strong>cruci-</strong></span> 
     </span>
    </p>
   </div>
   <div class='ocr_carea' id='block_1_86' title="bbox 138 2220 917 2256">
    <p class='ocr_par' dir='ltr' id='par_1_86' title="bbox 138 2220 917 2256">
     <span class='ocr_line' id='line_1_86' title="bbox 138 2220 917 2256; baseline 0 -8"><span class='ocrx_word' id='word_1_692' title='bbox 138 2221 277 2255; x_wconf 70' lang='lat' dir='ltr'><strong>ligentiuni</strong></span> <span class='ocrx_word' id='word_1_693' title='bbox 294 2227 390 2247; x_wconf 87' lang='lat' dir='ltr'><strong>manus</strong></span> <span class='ocrx_word' id='word_1_694' title='bbox 401 2220 536 2248; x_wconf 86' lang='lat' dir='ltr'><strong>debellare</strong></span> <span class='ocrx_word' id='word_1_695' title='bbox 551 2228 604 2247; x_wconf 91' lang='lat' dir='ltr'><strong>non</strong></span> <span class='ocrx_word' id='word_1_696' title='bbox 620 2221 706 2254; x_wconf 88' lang='lat' dir='ltr'><strong>potuit</strong></span> <span class='ocrx_word' id='word_1_697' title='bbox 717 2221 729 2247; x_wconf 87' lang='lat'><strong>?</strong></span> <span class='ocrx_word' id='word_1_698' title='bbox 739 2222 820 2256; x_wconf 80' lang='lat' dir='ltr'><strong>Atqui</strong></span> <span class='ocrx_word' id='word_1_699' title='bbox 834 2221 917 2248; x_wconf 82' lang='lat' dir='ltr'><strong>Isaias</strong></span> 
     </span>
    </p>
   </div>
   <div class='ocr_carea' id='block_1_87' title="bbox 136 2265 921 2301">
    <p class='ocr_par' dir='ltr' id='par_1_87' title="bbox 136 2265 921 2301">
     <span class='ocr_line' id='line_1_87' title="bbox 136 2265 921 2301; baseline 0.003 -9"><span class='ocrx_word' id='word_1_700' title='bbox 136 2266 268 2301; x_wconf 87' lang='lat' dir='ltr'><strong>propheta</strong></span> <span class='ocrx_word' id='word_1_701' title='bbox 284 2265 322 2292; x_wconf 84' lang='lat' dir='ltr'><strong>sic</strong></span> <span class='ocrx_word' id='word_1_702' title='bbox 339 2265 393 2292; x_wconf 88' lang='lat' dir='ltr'><strong>ait:</strong></span> <span class='ocrx_word' id='word_1_703' title='bbox 415 2274 425 2290; x_wconf 77' lang='grc' dir='ltr'><strong>ι</strong></span> <span class='ocrx_word' id='word_1_704' title='bbox 445 2266 472 2292; x_wconf 89' lang='lat' dir='ltr'><strong>Si</strong></span> <span class='ocrx_word' id='word_1_705' title='bbox 484 2272 579 2292; x_wconf 86' lang='lat' dir='ltr'><strong>omnes</strong></span> <span class='ocrx_word' id='word_1_706' title='bbox 593 2271 687 2300; x_wconf 76' lang='lat' dir='ltr'><strong>gentes</strong></span> <span class='ocrx_word' id='word_1_707' title='bbox 706 2267 782 2301; x_wconf 84' lang='lat' dir='ltr'><strong>quasi</strong></span> <span class='ocrx_word' id='word_1_708' title='bbox 796 2267 866 2294; x_wconf 88' lang='lat' dir='ltr'><strong>stilla</strong></span> <span class='ocrx_word' id='word_1_709' title='bbox 887 2268 921 2294; x_wconf 90' lang='lat' dir='ltr'><strong>de</strong></span> 
     </span>
    </p>
   </div>
   <div class='ocr_carea' id='block_1_88' title="bbox 137 2310 920 2346">
    <p class='ocr_par' dir='ltr' id='par_1_88' title="bbox 137 2310 920 2346">
     <span class='ocr_line' id='line_1_88' title="bbox 137 2310 920 2346; baseline 0.001 -8"><span class='ocrx_word' id='word_1_710' title='bbox 137 2310 228 2342; x_wconf 87' lang='lat' dir='ltr'><strong>situla,</strong></span> <span class='ocrx_word' id='word_1_711' title='bbox 250 2315 278 2337; x_wconf 88' lang='lat' dir='ltr'><strong>et</strong></span> <span class='ocrx_word' id='word_1_712' title='bbox 297 2310 374 2344; x_wconf 89' lang='lat' dir='ltr'><strong>quasi</strong></span> <span class='ocrx_word' id='word_1_713' title='bbox 390 2315 556 2338; x_wconf 89' lang='lat' dir='ltr'><strong>momentum</strong></span> <span class='ocrx_word' id='word_1_714' title='bbox 572 2315 682 2338; x_wconf 72' lang='lat' dir='ltr'><strong>staterie</strong></span> <span class='ocrx_word' id='word_1_715' title='bbox 695 2317 827 2346; x_wconf 63' lang='lat' dir='ltr'><strong>reputatae</strong></span> <span class='ocrx_word' id='word_1_716' title='bbox 846 2318 920 2346; x_wconf 87' lang='lat' dir='ltr'><strong>sunt,</strong></span> 
     </span>
    </p>
   </div>
   <div class='ocr_carea' id='block_1_89' title="bbox 137 2355 921 2393">
    <p class='ocr_par' dir='ltr' id='par_1_89' title="bbox 137 2355 921 2393">
     <span class='ocr_line' id='line_1_89' title="bbox 137 2355 921 2393; baseline 0.001 -9"><span class='ocrx_word' id='word_1_717' title='bbox 137 2361 164 2384; x_wconf 90' lang='lat' dir='ltr'><strong>et</strong></span> <span class='ocrx_word' id='word_1_718' title='bbox 174 2356 251 2391; x_wconf 87' lang='lat' dir='ltr'><strong>quasi</strong></span> <span class='ocrx_word' id='word_1_719' title='bbox 277 2355 359 2384; x_wconf 85' lang='lat' dir='ltr'><strong>saliva</strong></span> <span class='ocrx_word' id='word_1_720' title='bbox 387 2356 613 2391; x_wconf 89' lang='lat' dir='ltr'><strong>reputabuntur:</strong></span> <span class='ocrx_word' id='word_1_721' title='bbox 643 2357 687 2385; x_wconf 91' lang='lat' dir='ltr'><strong>cui</strong></span> <span class='ocrx_word' id='word_1_722' title='bbox 711 2356 776 2393; x_wconf 78' lang='lat' dir='ltr'><strong>ergo</strong></span> <span class='ocrx_word' id='word_1_723' title='bbox 804 2359 921 2386; x_wconf 88' lang='lat' dir='ltr'><strong>similem</strong></span> 
     </span>
    </p>
   </div>
   <div class='ocr_carea' id='block_1_90' title="bbox 137 2398 921 2434">
    <p class='ocr_par' dir='ltr' id='par_1_90' title="bbox 137 2398 921 2434">
     <span class='ocr_line' id='line_1_90' title="bbox 137 2398 921 2434; baseline 0.003 -8"><span class='ocrx_word' id='word_1_724' title='bbox 137 2398 241 2426; x_wconf 68' lang='lat' dir='ltr'><strong>fecistis</strong></span> <span class='ocrx_word' id='word_1_725' title='bbox 253 2398 358 2426; x_wconf 82' lang='lat' dir='ltr'><strong>Deum?</strong></span> <span class='ocrx_word' id='word_1_726' title='bbox 372 2403 419 2426; x_wconf 90' lang='lat' dir='ltr'><strong>aut</strong></span> <span class='ocrx_word' id='word_1_727' title='bbox 431 2399 476 2426; x_wconf 85' lang='lat' dir='ltr'><strong>cui</strong></span> <span class='ocrx_word' id='word_1_728' title='bbox 489 2399 600 2433; x_wconf 78' lang='lat' dir='ltr'><strong>imagini</strong></span> <span class='ocrx_word' id='word_1_729' title='bbox 609 2400 787 2434; x_wconf 88' lang='lat' dir='ltr'><strong>comparastis</strong></span> <span class='ocrx_word' id='word_1_730' title='bbox 797 2407 858 2427; x_wconf 88' lang='lat' dir='ltr'><strong>eum</strong></span> <span class='ocrx_word' id='word_1_731' title='bbox 867 2401 921 2428; x_wconf 73' lang='lat'><strong>“‘31</strong></span> 
     </span>
    </p>
   </div>
   <div class='ocr_carea' id='block_1_91' title="bbox 137 2443 926 2482">
    <p class='ocr_par' dir='ltr' id='par_1_91' title="bbox 137 2443 926 2482">
     <span class='ocr_line' id='line_1_91' title="bbox 137 2443 926 2482; baseline 0.004 -11"><span class='ocrx_word' id='word_1_732' title='bbox 137 2444 295 2472; x_wconf 82' lang='lat' dir='ltr'><strong>Meminisse</strong></span> <span class='ocrx_word' id='word_1_733' title='bbox 324 2444 375 2471; x_wconf 92' lang='lat' dir='ltr'><strong>hoc</strong></span> <span class='ocrx_word' id='word_1_734' title='bbox 401 2444 460 2472; x_wconf 86' lang='lat' dir='ltr'><strong>loco</strong></span> <span class='ocrx_word' id='word_1_735' title='bbox 492 2449 600 2479; x_wconf 83' lang='lat' dir='ltr'><strong>oportet</strong></span> <span class='ocrx_word' id='word_1_736' title='bbox 628 2443 747 2472; x_wconf 65' lang='lat' dir='ltr'><strong>Judaicaa</strong></span> <span class='ocrx_word' id='word_1_737' title='bbox 778 2445 926 2482; x_wconf 70' lang='lat' dir='ltr'><strong>Synagoga:</strong></span> 
     </span>
    </p>
   </div>
   <div class='ocr_carea' id='block_1_92' title="bbox 138 2489 923 2524">
    <p class='ocr_par' dir='ltr' id='par_1_92' title="bbox 138 2489 923 2524">
     <span class='ocr_line' id='line_1_92' title="bbox 138 2489 923 2524; baseline 0.004 -9"><span class='ocrx_word' id='word_1_738' title='bbox 138 2489 313 2516; x_wconf 78' lang='lat' dir='ltr'><strong>administros</strong></span> <span class='ocrx_word' id='word_1_739' title='bbox 333 2497 394 2516; x_wconf 87' lang='lat' dir='ltr'><strong>ctttn</strong></span> <span class='ocrx_word' id='word_1_740' title='bbox 418 2489 534 2516; x_wconf 89' lang='lat' dir='ltr'><strong>militum</strong></span> <span class='ocrx_word' id='word_1_741' title='bbox 550 2489 679 2522; x_wconf 88' lang='lat' dir='ltr'><strong>cohorte,</strong></span> <span class='ocrx_word' id='word_1_742' title='bbox 697 2489 764 2517; x_wconf 88' lang='lat' dir='ltr'><strong>duce</strong></span> <span class='ocrx_word' id='word_1_743' title='bbox 777 2491 923 2524; x_wconf 87' lang='lat' dir='ltr'><strong>proditore,</strong></span> 
     </span>
    </p>
   </div>
   <div class='ocr_carea' id='block_1_93' title="bbox 137 2535 927 2570">
    <p class='ocr_par' dir='ltr' id='par_1_93' title="bbox 137 2535 927 2570">
     <span class='ocr_line' id='line_1_93' title="bbox 137 2535 927 2570; baseline 0.001 -7"><span class='ocrx_word' id='word_1_744' title='bbox 137 2536 252 2564; x_wconf 84' lang='lat' dir='ltr'><strong>irruisse</strong></span> <span class='ocrx_word' id='word_1_745' title='bbox 265 2537 290 2563; x_wconf 93' lang='lat' dir='ltr'><strong>in</strong></span> <span class='ocrx_word' id='word_1_746' title='bbox 300 2535 393 2563; x_wconf 83' lang='lat' dir='ltr'><strong>Jesum</strong></span> <span class='ocrx_word' id='word_1_747' title='bbox 410 2544 417 2562; x_wconf 87' lang='lat'><strong>:</strong></span> <span class='ocrx_word' id='word_1_748' title='bbox 436 2536 534 2570; x_wconf 90' lang='lat' dir='ltr'><strong>quibus</strong></span> <span class='ocrx_word' id='word_1_749' title='bbox 544 2539 641 2562; x_wconf 87' lang='lat' dir='ltr'><strong>uteutn</strong></span> <span class='ocrx_word' id='word_1_750' title='bbox 663 2536 927 2569; x_wconf 86' lang='lat' dir='ltr'><strong>comprehenderent</strong></span> 
     </span>
    </p>
   </div>
   <div class='ocr_carea' id='block_1_94' title="bbox 138 2580 926 2616">
    <p class='ocr_par' dir='ltr' id='par_1_94' title="bbox 138 2580 926 2616">
     <span class='ocr_line' id='line_1_94' title="bbox 138 2580 926 2616; baseline 0 -7"><span class='ocrx_word' id='word_1_751' title='bbox 138 2581 333 2616; x_wconf 71' lang='lat' dir='ltr'><strong>quaerentibus,</strong></span> <span class='ocrx_word' id='word_1_752' title='bbox 355 2581 476 2608; x_wconf 83' lang='lat' dir='ltr'><strong>occurrit</strong></span> <span class='ocrx_word' id='word_1_753' title='bbox 496 2581 551 2613; x_wconf 80' lang='lat' dir='ltr'><strong>ille,</strong></span> <span class='ocrx_word' id='word_1_754' title='bbox 580 2581 693 2608; x_wconf 84' lang='lat' dir='ltr'><strong>dicens:</strong></span> <span class='ocrx_word' id='word_1_755' title='bbox 713 2589 723 2607; x_wconf 82' lang='grc' dir='ltr'><strong>ι</strong></span> <span class='ocrx_word' id='word_1_756' title='bbox 742 2580 826 2614; x_wconf 83' lang='lat' dir='ltr'><strong>Quem</strong></span> <span class='ocrx_word' id='word_1_757' title='bbox 853 2590 926 2616; x_wconf 61' lang='lat' dir='ltr'><strong>qum-</strong></span> 
     </span>
    </p>
   </div>
   <div class='ocr_carea' id='block_1_95' title="bbox 174 2657 706 2692">
    <p class='ocr_par' dir='ltr' id='par_1_95' title="bbox 174 2657 706 2692">
     <span class='ocr_line' id='line_1_95' title="bbox 174 2657 706 2692; baseline -0.004 -6"><span class='ocrx_word' id='word_1_758' title='bbox 174 2661 185 2676; x_wconf 84' lang='lat'>&#39;</span> <span class='ocrx_word' id='word_1_759' title='bbox 204 2659 298 2686; x_wconf 79' lang='lat' dir='ltr'><strong>Matth.</strong></span> <span class='ocrx_word' id='word_1_760' title='bbox 315 2666 388 2692; x_wconf 81' lang='lat' dir='ltr'><strong>xxiv,</strong></span> <span class='ocrx_word' id='word_1_761' title='bbox 403 2658 448 2685; x_wconf 75' lang='grc'><strong>56.</strong></span> <span class='ocrx_word' id='word_1_762' title='bbox 494 2658 503 2673; x_wconf 76' lang='grc'><strong><em>⁸</em></strong></span> <span class='ocrx_word' id='word_1_763' title='bbox 525 2657 576 2686; x_wconf 86' lang='lat' dir='ltr'><strong>Isa.</strong></span> <span class='ocrx_word' id='word_1_764' title='bbox 597 2666 640 2690; x_wconf 74' lang='grc' dir='ltr'><strong>χι,</strong></span> <span class='ocrx_word' id='word_1_765' title='bbox 663 2658 706 2684; x_wconf 82' lang='lat' dir='ltr'><strong>l3.</strong></span> 
     </span>
    </p>
   </div>
   <div class='ocr_carea' id='block_1_96' title="bbox 747 2658 969 2692">
    <p class='ocr_par' dir='ltr' id='par_1_96' title="bbox 747 2658 969 2692">
     <span class='ocr_line' id='line_1_96' title="bbox 747 2658 969 2692; baseline 0.005 -7"><span class='ocrx_word' id='word_1_766' title='bbox 747 2658 768 2673; x_wconf 83' lang='lat'><strong>‘°</strong></span> <span class='ocrx_word' id='word_1_767' title='bbox 790 2658 870 2686; x_wconf 78' lang='lat' dir='ltr'><strong>Ilclir.</strong></span> <span class='ocrx_word' id='word_1_768' title='bbox 897 2667 925 2692; x_wconf 88' lang='grc' dir='ltr'>ιι,</span> <span class='ocrx_word' id='word_1_769' title='bbox 945 2660 969 2686; x_wconf 88' lang='lat'><strong>7.</strong></span> 
     </span>
    </p>
   </div>
   <div class='ocr_carea' id='block_1_97' title="bbox 975 2173 1766 2212">
    <p class='ocr_par' dir='ltr' id='par_1_97' title="bbox 975 2173 1766 2212">
     <span class='ocr_line' id='line_1_97' title="bbox 975 2173 1766 2212; baseline 0.005 -13"><span class='ocrx_word' id='word_1_770' title='bbox 975 2173 1029 2200; x_wconf 85' lang='grc' dir='ltr'>τῶν</span> <span class='ocrx_word' id='word_1_771' title='bbox 1049 2174 1184 2201; x_wconf 78' lang='grc' dir='ltr'>Ἰουδαίων</span> <span class='ocrx_word' id='word_1_772' title='bbox 1210 2175 1366 2208; x_wconf 67' lang='grc' dir='ltr'>ἐπιϐουλὰς,</span> <span class='ocrx_word' id='word_1_773' title='bbox 1383 2177 1430 2202; x_wconf 81' lang='grc' dir='ltr'><strong>καὶ</strong></span> <span class='ocrx_word' id='word_1_774' title='bbox 1446 2177 1552 2211; x_wconf 72' lang='grc' dir='ltr'>ἄμαχος</span> <span class='ocrx_word' id='word_1_775' title='bbox 1565 2175 1601 2212; x_wconf 85' lang='grc' dir='ltr'><strong>ἦν</strong></span> <span class='ocrx_word' id='word_1_776' title='bbox 1616 2177 1694 2212; x_wconf 76' lang='grc' dir='ltr'><strong>αὑτῷ</strong></span> <span class='ocrx_word' id='word_1_777' title='bbox 1713 2177 1766 2203; x_wconf 78' lang='grc' dir='ltr'><strong>τῶν</strong></span> 
     </span>
    </p>
   </div>
   <div class='ocr_carea' id='block_1_98' title="bbox 976 2219 1766 2258">
    <p class='ocr_par' dir='ltr' id='par_1_98' title="bbox 976 2219 1766 2258">
     <span class='ocr_line' id='line_1_98' title="bbox 976 2219 1766 2258; baseline 0.008 -14"><span class='ocrx_word' id='word_1_778' title='bbox 976 2219 1166 2254; x_wconf 82' lang='grc' dir='ltr'>σταυροὺντων</span> <span class='ocrx_word' id='word_1_779' title='bbox 1192 2221 1209 2256; x_wconf 85' lang='grc' dir='ltr'><strong>ἡ</strong></span> <span class='ocrx_word' id='word_1_780' title='bbox 1235 2221 1306 2256; x_wconf 84' lang='grc' dir='ltr'>χείρ.</span> <span class='ocrx_word' id='word_1_781' title='bbox 1342 2222 1438 2248; x_wconf 84' lang='grc' dir='ltr'>Καίτοι</span> <span class='ocrx_word' id='word_1_782' title='bbox 1469 2223 1552 2257; x_wconf 79' lang='grc' dir='ltr'>φησὶν</span> <span class='ocrx_word' id='word_1_783' title='bbox 1581 2223 1596 2248; x_wconf 88' lang='grc' dir='ltr'>ὁ</span> <span class='ocrx_word' id='word_1_784' title='bbox 1623 2223 1766 2258; x_wconf 71' lang='grc' dir='ltr'><strong>προφήτης</strong></span> 
     </span>
    </p>
   </div>
   <div class='ocr_carea' id='block_1_99' title="bbox 980 2264 1766 2304">
    <p class='ocr_par' dir='ltr' id='par_1_99' title="bbox 980 2264 1766 2304">
     <span class='ocr_line' id='line_1_99' title="bbox 980 2264 1766 2304; baseline 0.004 -13"><span class='ocrx_word' id='word_1_785' title='bbox 980 2264 1095 2297; x_wconf 74' lang='grc' dir='ltr'>Ἡσαΐας</span> <span class='ocrx_word' id='word_1_786' title='bbox 1106 2273 1112 2280; x_wconf 92' lang='grc'><strong>·</strong></span> <span class='ocrx_word' id='word_1_787' title='bbox 1132 2275 1140 2291; x_wconf 82' lang='grc' dir='ltr'><strong>ι</strong></span> <span class='ocrx_word' id='word_1_788' title='bbox 1159 2267 1190 2293; x_wconf 86' lang='lat' dir='ltr'><strong>El</strong></span> <span class='ocrx_word' id='word_1_789' title='bbox 1213 2267 1300 2294; x_wconf 77' lang='grc' dir='ltr'>πάντα</span> <span class='ocrx_word' id='word_1_790' title='bbox 1320 2267 1353 2294; x_wconf 87' lang='grc' dir='ltr'>τὰ</span> <span class='ocrx_word' id='word_1_791' title='bbox 1368 2267 1431 2304; x_wconf 82' lang='grc' dir='ltr'>ἔθνη</span> <span class='ocrx_word' id='word_1_792' title='bbox 1447 2267 1485 2299; x_wconf 85' lang='grc' dir='ltr'>ὡς</span> <span class='ocrx_word' id='word_1_793' title='bbox 1503 2267 1611 2301; x_wconf 79' lang='grc' dir='ltr'>σταγὼν</span> <span class='ocrx_word' id='word_1_794' title='bbox 1633 2268 1690 2295; x_wconf 82' lang='grc' dir='ltr'>ἀπὸ</span> <span class='ocrx_word' id='word_1_795' title='bbox 1702 2268 1766 2294; x_wconf 78' lang='grc' dir='ltr'><strong>κάδ-</strong></span> 
     </span>
    </p>
   </div>
   <div class='ocr_carea' id='block_1_100' title="bbox 974 2311 1765 2348">
    <p class='ocr_par' dir='ltr' id='par_1_100' title="bbox 974 2311 1765 2348">
     <span class='ocr_line' id='line_1_100' title="bbox 974 2311 1765 2348; baseline 0.004 -11"><span class='ocrx_word' id='word_1_796' title='bbox 974 2311 1020 2337; x_wconf 85' lang='grc' dir='ltr'><strong>δου</strong></span> <span class='ocrx_word' id='word_1_797' title='bbox 1031 2332 1037 2344; x_wconf 92' lang='grc'><strong>,</strong></span> <span class='ocrx_word' id='word_1_798' title='bbox 1052 2313 1099 2338; x_wconf 78' lang='grc' dir='ltr'>καὶ</span> <span class='ocrx_word' id='word_1_799' title='bbox 1112 2312 1148 2344; x_wconf 83' lang='grc' dir='ltr'>ὡς</span> <span class='ocrx_word' id='word_1_800' title='bbox 1163 2313 1234 2347; x_wconf 75' lang='grc' dir='ltr'>ῥοπὴ</span> <span class='ocrx_word' id='word_1_801' title='bbox 1251 2312 1334 2347; x_wconf 78' lang='grc' dir='ltr'>ζυγοῦ</span> <span class='ocrx_word' id='word_1_802' title='bbox 1352 2313 1542 2348; x_wconf 70' lang='grc' dir='ltr'>ἐλογίσθησαν,</span> <span class='ocrx_word' id='word_1_803' title='bbox 1564 2315 1610 2340; x_wconf 71' lang='grc' dir='ltr'><strong>καὶ¹</strong></span> <span class='ocrx_word' id='word_1_804' title='bbox 1625 2314 1665 2346; x_wconf 84' lang='grc' dir='ltr'>ὡς</span> <span class='ocrx_word' id='word_1_805' title='bbox 1680 2314 1765 2345; x_wconf 55' lang='lat' dir='ltr'><strong>cisio;</strong></span> 
     </span>
    </p>
   </div>
   <div class='ocr_carea' id='block_1_101' title="bbox 979 2357 1764 2395">
    <p class='ocr_par' dir='ltr' id='par_1_101' title="bbox 979 2357 1764 2395">
     <span class='ocr_line' id='line_1_101' title="bbox 979 2357 1764 2395; baseline 0.004 -12"><span class='ocrx_word' id='word_1_806' title='bbox 979 2357 1200 2392; x_wconf 84' lang='grc' dir='ltr'>λογισθήσονται·</span> <span class='ocrx_word' id='word_1_807' title='bbox 1217 2359 1271 2385; x_wconf 84' lang='grc' dir='ltr'>τίνι</span> <span class='ocrx_word' id='word_1_808' title='bbox 1281 2359 1441 2394; x_wconf 79' lang='grc' dir='ltr'>ὡμοιώσατε</span> <span class='ocrx_word' id='word_1_809' title='bbox 1453 2361 1499 2386; x_wconf 76' lang='grc' dir='ltr'>τὸν</span> <span class='ocrx_word' id='word_1_810' title='bbox 1515 2360 1637 2395; x_wconf 77' lang='grc' dir='ltr'>Κύριον;</span> <span class='ocrx_word' id='word_1_811' title='bbox 1658 2361 1705 2387; x_wconf 81' lang='grc' dir='ltr'><strong>καὶ</strong></span> <span class='ocrx_word' id='word_1_812' title='bbox 1715 2360 1764 2386; x_wconf 79' lang='grc' dir='ltr'>τίνι</span> 
     </span>
    </p>
   </div>
   <div class='ocr_carea' id='block_1_102' title="bbox 980 2401 1765 2441">
    <p class='ocr_par' dir='ltr' id='par_1_102' title="bbox 980 2401 1765 2441">
     <span class='ocr_line' id='line_1_102' title="bbox 980 2401 1765 2441; baseline 0.004 -14"><span class='ocrx_word' id='word_1_813' title='bbox 980 2401 1134 2437; x_wconf 84' lang='grc' dir='ltr'>ὁμοιώματι</span> <span class='ocrx_word' id='word_1_814' title='bbox 1141 2403 1300 2438; x_wconf 83' lang='grc' dir='ltr'>ὼμοιώσατε</span> <span class='ocrx_word' id='word_1_815' title='bbox 1309 2405 1389 2431; x_wconf 76' lang='grc' dir='ltr'>αὐτόν</span> <span class='ocrx_word' id='word_1_816' title='bbox 1398 2413 1405 2437; x_wconf 89' lang='grc'>;</span> <span class='ocrx_word' id='word_1_817' title='bbox 1413 2414 1422 2430; x_wconf 82' lang='lat'><strong>1</strong></span> <span class='ocrx_word' id='word_1_818' title='bbox 1433 2405 1533 2432; x_wconf 82' lang='grc' dir='ltr'><strong>Ἱστέον</strong></span> <span class='ocrx_word' id='word_1_819' title='bbox 1543 2405 1580 2437; x_wconf 77' lang='grc' dir='ltr'>δὲ,</span> <span class='ocrx_word' id='word_1_820' title='bbox 1589 2406 1630 2432; x_wconf 80' lang='grc' dir='ltr'>ὅτι</span> <span class='ocrx_word' id='word_1_821' title='bbox 1639 2405 1765 2441; x_wconf 79' lang='grc' dir='ltr'>παρῆσαν</span> 
     </span>
    </p>
   </div>
   <div class='ocr_carea' id='block_1_103' title="bbox 977 2447 1764 2485">
    <p class='ocr_par' dir='ltr' id='par_1_103' title="bbox 977 2447 1764 2485">
     <span class='ocr_line' id='line_1_103' title="bbox 977 2447 1764 2485; baseline 0.005 -13"><span class='ocrx_word' id='word_1_822' title='bbox 977 2447 1025 2480; x_wconf 80' lang='grc' dir='ltr'><strong>μὲν</strong></span> <span class='ocrx_word' id='word_1_823' title='bbox 1041 2447 1065 2472; x_wconf 78' lang='grc' dir='ltr'>οι</span> <span class='ocrx_word' id='word_1_824' title='bbox 1079 2447 1128 2482; x_wconf 84' lang='grc' dir='ltr'>τῆς</span> <span class='ocrx_word' id='word_1_825' title='bbox 1150 2447 1286 2475; x_wconf 83' lang='grc' dir='ltr'>Ἰουδαίων</span> <span class='ocrx_word' id='word_1_826' title='bbox 1302 2449 1465 2484; x_wconf 82' lang='grc' dir='ltr'>συναγωγῆς</span> <span class='ocrx_word' id='word_1_827' title='bbox 1479 2451 1628 2485; x_wconf 80' lang='grc' dir='ltr'>ὑπηρέται,</span> <span class='ocrx_word' id='word_1_828' title='bbox 1647 2451 1697 2485; x_wconf 78' lang='grc' dir='ltr'><strong>τὴν</strong></span> <span class='ocrx_word' id='word_1_829' title='bbox 1712 2450 1764 2476; x_wconf 84' lang='grc' dir='ltr'>τῶν</span> 
     </span>
    </p>
   </div>
   <div class='ocr_carea' id='block_1_104' title="bbox 976 2493 1764 2532">
    <p class='ocr_par' dir='ltr' id='par_1_104' title="bbox 976 2493 1764 2532">
     <span class='ocr_line' id='line_1_104' title="bbox 976 2493 1764 2532; baseline 0.006 -14"><span class='ocrx_word' id='word_1_830' title='bbox 976 2493 1152 2527; x_wconf 81' lang='grc' dir='ltr'>στρατιωτῶν</span> <span class='ocrx_word' id='word_1_831' title='bbox 1165 2493 1273 2529; x_wconf 76' lang='grc' dir='ltr'>ἔχοντες</span> <span class='ocrx_word' id='word_1_832' title='bbox 1290 2496 1416 2530; x_wconf 82' lang='grc' dir='ltr'>σπεῖραν,</span> <span class='ocrx_word' id='word_1_833' title='bbox 1433 2495 1586 2530; x_wconf 79' lang='grc' dir='ltr'><strong>ἡγούμενον</strong></span> <span class='ocrx_word' id='word_1_834' title='bbox 1600 2496 1628 2522; x_wconf 90' lang='grc' dir='ltr'>δὲ</span> <span class='ocrx_word' id='word_1_835' title='bbox 1643 2497 1689 2522; x_wconf 78' lang='grc' dir='ltr'><strong>τὸν</strong></span> <span class='ocrx_word' id='word_1_836' title='bbox 1703 2505 1764 2532; x_wconf 79' lang='grc' dir='ltr'>προ-</span> 
     </span>
    </p>
   </div>
   <div class='ocr_carea' id='block_1_105' title="bbox 975 2538 1763 2575">
    <p class='ocr_par' dir='ltr' id='par_1_105' title="bbox 975 2538 1763 2575">
     <span class='ocr_line' id='line_1_105' title="bbox 975 2538 1763 2575; baseline 0.005 -11"><span class='ocrx_word' id='word_1_837' title='bbox 975 2538 1064 2573; x_wconf 83' lang='grc' dir='ltr'>δότην.</span> <span class='ocrx_word' id='word_1_838' title='bbox 1086 2539 1195 2574; x_wconf 80' lang='grc' dir='ltr'>Ἐπειδὴ</span> <span class='ocrx_word' id='word_1_839' title='bbox 1213 2540 1241 2566; x_wconf 77' lang='grc' dir='ltr'>δὲ</span> <span class='ocrx_word' id='word_1_840' title='bbox 1257 2540 1370 2575; x_wconf 78' lang='grc' dir='ltr'>ἐζήτουν</span> <span class='ocrx_word' id='word_1_841' title='bbox 1392 2541 1473 2567; x_wconf 75' lang='grc' dir='ltr'>αὑτὸν</span> <span class='ocrx_word' id='word_1_842' title='bbox 1497 2542 1696 2573; x_wconf 68' lang='grc' dir='ltr'>ωλλαὸἑσθαι,</span> <span class='ocrx_word' id='word_1_843' title='bbox 1715 2543 1763 2568; x_wconf 82' lang='grc' dir='ltr'>ἀπ-</span> 
     </span>
    </p>
   </div>
   <div class='ocr_carea' id='block_1_106' title="bbox 978 2584 1773 2633">
    <p class='ocr_par' dir='ltr' id='par_1_106' title="bbox 978 2584 1773 2633">
     <span class='ocr_line' id='line_1_106' title="bbox 978 2584 1773 2633; baseline 0.006 -23"><span class='ocrx_word' id='word_1_844' title='bbox 978 2585 1044 2619; x_wconf 81' lang='grc' dir='ltr'>ήντα</span> <span class='ocrx_word' id='word_1_845' title='bbox 1062 2584 1162 2618; x_wconf 73' lang='grc' dir='ltr'>λέγων’</span> <span class='ocrx_word' id='word_1_846' title='bbox 1181 2595 1190 2611; x_wconf 78' lang='grc' dir='ltr'><strong>ι</strong></span> <span class='ocrx_word' id='word_1_847' title='bbox 1206 2586 1272 2612; x_wconf 85' lang='grc' dir='ltr'>Τίνα</span> <span class='ocrx_word' id='word_1_848' title='bbox 1290 2586 1413 2622; x_wconf 75' lang='grc' dir='ltr'>ζητεῖτες</span> <span class='ocrx_word' id='word_1_849' title='bbox 1429 2588 1460 2614; x_wconf 87' lang='grc' dir='ltr'><strong>Οἱ</strong></span> <span class='ocrx_word' id='word_1_850' title='bbox 1475 2587 1503 2613; x_wconf 77' lang='grc' dir='ltr'>δὲ</span> <span class='ocrx_word' id='word_1_851' title='bbox 1521 2589 1591 2623; x_wconf 74' lang='grc' dir='ltr'>πρὸς</span> <span class='ocrx_word' id='word_1_852' title='bbox 1606 2588 1686 2614; x_wconf 78' lang='grc' dir='ltr'>τοῦτο</span> <span class='ocrx_word' id='word_1_853' title='bbox 1701 2589 1773 2633; x_wconf 31' lang='grc' dir='ltr'><strong>ἔφα-γ</strong></span> 
     </span>
    </p>
   </div>
   <div class='ocr_carea' id='block_1_107' title="bbox 1020 2661 1761 2701">
    <p class='ocr_par' dir='ltr' id='par_1_107' title="bbox 1020 2661 1761 2701">
     <span class='ocr_line' id='line_1_107' title="bbox 1020 2661 1761 2701; baseline 0.009 -13"><span class='ocrx_word' id='word_1_854' title='bbox 1020 2661 1142 2701; x_wconf 80' lang='lat' dir='ltr'><strong>“_I_Cor.</strong></span> <span class='ocrx_word' id='word_1_855' title='bbox 1163 2663 1239 2696; x_wconf 53' lang='grc' dir='ltr'><strong>κει.</strong></span> <span class='ocrx_word' id='word_1_856' title='bbox 1278 2665 1299 2680; x_wconf 81' lang='grc'><strong>¹²</strong></span> <span class='ocrx_word' id='word_1_857' title='bbox 1313 2664 1394 2692; x_wconf 84' lang='lat' dir='ltr'><strong>lCor.</strong></span> <span class='ocrx_word' id='word_1_858' title='bbox 1410 2665 1498 2701; x_wconf 48' lang='lat'><strong>11,110.</strong></span> <span class='ocrx_word' id='word_1_859' title='bbox 1539 2665 1652 2694; x_wconf 71' lang='grc' dir='ltr'><strong>⁸³1-ιοη.</strong></span> <span class='ocrx_word' id='word_1_860' title='bbox 1675 2676 1705 2700; x_wconf 83' lang='grc' dir='ltr'><strong>ιι,</strong></span> <span class='ocrx_word' id='word_1_861' title='bbox 1723 2668 1761 2695; x_wconf 76' lang='lat' dir='ltr'><strong>5i.</strong></span> 
     </span>
    </p>
   </div>
   <div class='ocr_carea' id='block_1_108' title="bbox 140 2692 895 2729">
    <p class='ocr_par' dir='ltr' id='par_1_108' title="bbox 140 2692 894 2729">
     <span class='ocr_line' id='line_1_108' title="bbox 140 2692 894 2729; baseline -0.001 -8"><span class='ocrx_word' id='word_1_862' title='bbox 140 2694 160 2710; x_wconf 78' lang='lat'>&quot;</span> <span class='ocrx_word' id='word_1_863' title='bbox 175 2694 269 2722; x_wconf 76' lang='lat' dir='ltr'><strong>Matth.</strong></span> <span class='ocrx_word' id='word_1_864' title='bbox 285 2702 369 2728; x_wconf 76' lang='lat' dir='ltr'><strong>xxvu,</strong></span> <span class='ocrx_word' id='word_1_865' title='bbox 384 2694 428 2722; x_wconf 76' lang='grc'><strong>46.</strong></span> <span class='ocrx_word' id='word_1_866' title='bbox 453 2695 489 2729; x_wconf 82' lang='lat'><strong>_”</strong></span> <span class='ocrx_word' id='word_1_867' title='bbox 505 2693 576 2722; x_wconf 77' lang='lat' dir='ltr'><strong>Psal.</strong></span> <span class='ocrx_word' id='word_1_868' title='bbox 595 2701 679 2726; x_wconf 80' lang='lat' dir='ltr'><strong>xxxu,</strong></span> <span class='ocrx_word' id='word_1_869' title='bbox 695 2692 721 2725; x_wconf 86' lang='grc' dir='ltr'>ϋ,</span> <span class='ocrx_word' id='word_1_870' title='bbox 739 2693 782 2720; x_wconf 76' lang='grc'><strong>10.</strong></span> <span class='ocrx_word' id='word_1_871' title='bbox 821 2694 843 2710; x_wconf 85' lang='grc'><strong>¹⁶</strong></span> <span class='ocrx_word' id='word_1_872' title='bbox 856 2693 894 2720; x_wconf 79' lang='lat' dir='ltr'><strong>Isa</strong></span> 
     </span>
    </p>
   </div>
   <div class='ocr_carea' id='block_1_109' title="bbox 1012 2692 1086 2729">
    <p class='ocr_par' dir='ltr' id='par_1_109' title="bbox 1012 2696 1086 2728">
     <span class='ocr_line' id='line_1_109' title="bbox 1012 2696 1086 2728; baseline 0.027 -7"><span class='ocrx_word' id='word_1_873' title='bbox 1012 2697 1028 2728; x_wconf 71' lang='grc' dir='ltr'>ἱ,</span> <span class='ocrx_word' id='word_1_874' title='bbox 1044 2696 1086 2723; x_wconf 82' lang='grc'><strong>18.</strong></span> 
     </span>
    </p>
   </div>
   <div class='ocr_carea' id='block_1_110' title="bbox 685 2771 1228 2809">
    <p class='ocr_par' dir='ltr' id='par_1_110' title="bbox 685 2771 1228 2809">
     <span class='ocr_line' id='line_1_110' title="bbox 685 2771 1228 2809; baseline 0.007 -11"><span class='ocrx_word' id='word_1_875' title='bbox 685 2771 770 2800; x_wconf 75' lang='lat' dir='ltr'><strong>Vari-.e</strong></span> <span class='ocrx_word' id='word_1_876' title='bbox 790 2772 919 2800; x_wconf 81' lang='lat' dir='ltr'><strong>lectiones</strong></span> <span class='ocrx_word' id='word_1_877' title='bbox 934 2773 1035 2801; x_wconf 84' lang='lat' dir='ltr'><strong>codicis</strong></span> <span class='ocrx_word' id='word_1_878' title='bbox 1050 2774 1228 2809; x_wconf 78' lang='lat' dir='ltr'><strong>Seguicriani.</strong></span> 
     </span>
    </p>
   </div>
   <div class='ocr_carea' id='block_1_111' title="bbox 177 2848 280 2876">
    <p class='ocr_par' dir='ltr' id='par_1_111' title="bbox 177 2848 280 2876">
     <span class='ocr_line' id='line_1_111' title="bbox 177 2848 280 2876; baseline 0.019 -2"><span class='ocrx_word' id='word_1_879' title='bbox 177 2854 191 2867; x_wconf 76' lang='grc' dir='ltr'>υ</span> <span class='ocrx_word' id='word_1_880' title='bbox 202 2848 280 2876; x_wconf 79' lang='grc' dir='ltr'>Θεοῦ.</span> 
     </span>
    </p>
   </div>
  </div>
