1872 3057
163 176 226 203 1561

566 178 611 205 AD
631 178 779 206 llEGlNAS
800 178 843 206 DE
864 179 976 207 RECTA
997 178 1076 206 FIDE
1095 177 1225 206 οιιΑΤιο
1245 178 1395 206 ALTERA.

1715 177 1785 204 15:12

158 235 192 261 τὰ
206 235 293 270 ὁρατὰ
313 236 360 263 καὶ
376 235 409 263 τά
431 237 545 272 ἀόρατα,
561 237 617 263 εἴτε
631 237 744 273 Θρόνοι,
769 239 824 265 εἴτε
841 238 937 273 Κυριό-

1040 238 1098 264 roni
1110 258 1117 267 .
1144 238 1202 264 sire
1218 237 1432 270 Dominationes,
1452 237 1510 265 sive
1527 237 1709 270 Principatus.
1725 236 1783 263 sive

153 284 248 315 ’τητες,
272 281 327 308 εἴτε
354 282 459 318 Ἀρχαὶ,
484 283 537 309 εἴτε
559 277 710 315 Ἐξουσίαι·
738 284 772 311 τὰ
797 285 885 311 πάντα
910 284 943 311 δι’

158 327 240 353 αὑτοῦ
264 328 311 354 καὶ
335 328 375 359 εἰς
392 328 473 355 αὑτὸν
489 329 625 356 ἔκτισται·
641 330 688 356 καὶ
712 330 794 362 αὑτός
815 331 872 356 ἐστι
892 330 945 366 πρὸ

158 373 278 405 πάντων,
302 373 351 400 καὶ
370 373 406 400 τὰ
435 374 523 401 πάντα
547 375 577 401 ἐν
600 375 674 411 αὐτῷ
702 376 861 410 συνέστηκε.
889 377 945 403 Καὶ

158 419 238 450 αὑτός
256 419 329 445 ἐστιν
343 420 359 454 ἡ
377 419 482 455 κεφαλὴ
497 420 543 447 τοῦ
558 420 684 456 σώματος
701 421 749 456 τῆς
769 421 944 457 Ἐκκλησῐας,

157 465 186 496 ὅς
202 465 276 491 ἐστιν
292 465 375 500 ἀρχὴ,
394 466 566 501 πρωτότοκος
585 466 621 492 ’ὲκ
635 466 690 493 τῶν
701 466 817 501 νεκρῶν,
834 467 878 493 ἵνα
899 466 946 500 γέ-

157 519 236 545 νηται
252 511 280 537 ὲν
296 512 379 538 πᾶσιν
396 511 477 543 αὐτὸς
494 512 642 547 πρωτεύων
652 521 659 527 ·
680 513 721 539 ὅτι
736 513 764 539 ὲν
780 512 854 547 αὐτῷ
870 512 944 539 εὐδό-

157 563 225 589 κησε
253 556 306 582 πᾶν
318 556 354 595 ,τὸ
378 556 516 592 πλήρωμα
538 557 710 592 κατοικῆσαι,
736 557 784 584 καὶ
804 557 840 583 δι’
863 556 944 584 αὐτοῦ

157 602 380 634 ἀποκαταλλάξαι
401 603 435 629 τὰ
458 603 548 629 πάντα
563 604 604 635 εἰς
618 603 714 630 αὐτόν·
737 604 946 640 εἰρηνοποιήσας

156 647 200 672 διὰ
213 646 259 673 τοῦ
269 647 383 682 αἵματος
399 647 446 674 τοῦ
463 647 581 683 σταυροῦ
596 648 690 680 αὑτοῦ,
711 648 766 675 εἴτε
782 648 817 675 τὰ
836 648 882 675 ἐπὶ
896 649 946 684 τῆς

156 693 218 727 γῆς,
240 693 296 719 εἴτε
317 694 351 720 τὰ
370 695 398 720 ὲν
421 695 478 725 τοῖς
498 694 633 729 οὐρανοῖς.
657 704 668 720 )
688 695 788 721 Εῑκόνα
807 695 875 730 φησι
897 695 945 722 τοῦ

156 737 274 773 ἀοράτου
292 739 360 765 Θεοῦ
377 739 422 766 τὸν
444 739 473 772 ἐξ
493 739 576 766 αὐτοῦ
593 740 756 775 γεννηθέντα
773 740 843 768 κατὰ
865 740 946 775 φύσιν

155 785 231 818 Υἱδν,
246 786 369 813 τουτέστι
385 786 431 813 τὸν
450 787 517 813 Θεὸν
532 787 619 821 Λόγον
629 793 636 800 ·
654 787 702 813 καὶ
726 787 779 822 μὴν
791 787 833 813 ὅτι
848 787 880 813 δι’
896 788 945 814 αὺ-

153 832 202 858 τοῦ
219 832 254 859 τὰ
267 833 357 860 πάντα
373 832 501 868 παρήχθη
516 833 583 869 πρὸς
596 833 715 867 γένεσιν,
731 832 787 859 εἴτε
801 833 835 860 τὰ
848 833 944 869 ὁρατὰ,

155 877 211 903 εἴτε
230 878 264 904 τὰ
278 878 392 913 ἀόρατα,
411 878 440 904 ἓν
456 888 486 906 τε
501 879 609 914 οὐρανῷ
624 880 672 906 καὶ
685 879 731 906 ἐπὶ
748 879 800 915 τῆς
813 879 865 914 γῆς
877 888 883 895 ·
897 881 945 907 καὶ

154 924 196 950 ὅτι
208 925 259 960 πρὸ
271 925 380 952 πάντων
395 926 468 953 ἐστὶν
479 926 560 957 αὐτὸς
570 927 592 960 (ι
604 927 648 952 Ἐν
659 926 728 961 ἀρχῇ
746 926 800 961 γὰρ
812 923 846 961 ἦν
860 926 874 952 ὁ
893 926 939 953 Λό-

155 972 242 1004 γοςι),
252 966 298 998 καὶ
311 972 391 1003 αὑτός
402 972 478 998 ἐστιν
492 973 506 998 ὁ
519 971 574 998 τῶν
591 972 696 999 αἰώνων
711 972 884 1008 δημιουργὸς,
896 973 944 999 καὶ

157 1017 254 1051 χρόνου
289 1017 389 1048 παντὸς
414 1017 604 1053 πρεσϐυτέραν
632 1018 701 1052 ἔχων
734 1018 784 1053 τὴν
815 1017 941 1054 ὕπαρξιν.

162 1062 241 1089 ’Λὶῖλὰ
256 1063 301 1089 τὸν
315 1063 401 1094 οὕτως
414 1063 511 1098 ἔχοντα
534 1063 604 1091 κατὰ
629 1065 709 1098 φύσιν
733 1064 801 1091 ἰδίαν
819 1064 942 1091 δεδόσθαι

155 1108 223 1142 φησὶ
244 1109 319 1143 παρὰ
340 1109 388 1135 τοῦ
411 1109 517 1144 Πατρὺς
536 1109 658 1145 κεφαλὴν
680 1108 727 1136 τοῦ
749 1109 874 1145 σώματος
893 1109 943 1144 τῆς

162 1154 335 1189 Ἑκκῧιησίας,
358 1155 439 1181 αὐτόν
456 1164 485 1182 τε
507 1153 576 1182 εἶναι
592 1156 637 1182 τὸν
652 1156 823 1191 πρωτότοκον
838 1156 870 1182 ὲκ
888 1155 942 1183 τῶν

157 1199 270 1235 νεκρῶν.
285 1198 352 1227 Εἶτα
363 1200 422 1232 πῶς
440 1201 569 1236 ὑπάρχων
585 1202 628 1228 ἀεὶ
641 1201 707 1233 Θεὸς
721 1201 817 1236 Λόγος,
834 1202 862 1228 ὲν
875 1198 898 1235 ᾧ
908 1201 942 1229 τὰ

156 1248 244 1274 πάντα
261 1248 419 1283 συνέστηκε,
435 1250 606 1284 πρωτότοκος
620 1250 675 1276 τῶν
695 1250 801 1285 νεκρῶν
815 1250 942 1284 γενέσθαι

155 1291 276 1326 λέγεται,
292 1293 339 1320 καὶ
354 1294 466 1330 ἀπαρχὴ
482 1294 536 1321 τῶν
553 1296 772 1330 κεκοιμημένων,
782 1296 805 1322 εἰ
819 1296 855 1331 μή
868 1297 942 1322 ἐστιν

154 1337 237 1365 αὑτοῦ
251 1338 322 1365 κατὰ
335 1339 464 1372 ἀλήθειαν
483 1339 547 1366 ἴδιον
565 1340 644 1375 σῶμα
661 1340 690 1367 τὺ
704 1341 768 1376 παρ’
790 1341 873 1368 αὑτοῦ
894 1341 942 1375 λη-

161 1383 237 1416 ᾳῦὲν.
254 1382 284 1410 οὗ
297 1385 459 1417 πεπονθότος
477 1386 522 1412 τὸν
544 1385 669 1418 θάνατον,
694 1386 775 1419 αὐτὸς
799 1388 833 1414 ἂν
857 1389 942 1414 νοοῖτο

156 1430 268 1462 πνςἾεῖῊ
285 1430 335 1457 οὐκ
356 1431 486 1458 ἀπίθανον
499 1431 606 1467 ἔχοντος
626 1432 704 1466 λόγον
729 1433 759 1459 ὲν
786 1432 876 1469 ἐαυτῷ
893 1433 941 1460 τοῦ

156 1474 378 1510 συμϐεϐηκότος·
395 1475 512 1503 πέπονθε
540 1477 594 1512 γὰρ
616 1477 646 1504 τὸ
670 1478 734 1505 ἴδιον
748 1478 848 1505 αὐτοῦ·
869 1479 942 1506 οὕτω

155 1521 255 1546 νοεῖται
269 1520 442 1556 πρωτότοκος
461 1522 493 1548 ἐκ
512 1522 566 1548 τῶν
582 1523 697 1558 νεκρῶν,
713 1524 801 1550 καίτοι
819 1524 868 1559 τὴν
888 1525 939 1559 φύ-

991 282 1156 314 'Potestates,
1172 282 1261 309 omnia
1274 290 1322 316 per
1335 283 1421 316 ipsum
1432 288 1459 310 et
1476 283 1502 309 in
1523 283 1582 316 ipso
1597 286 1689 308 creata
1699 286 1778 308 sunt:

995 333 1022 355 et
1039 328 1096 362 Ipse
1110 332 1152 355 est
1166 333 1229 354 ante
1241 335 1351 359 omnes,
1368 333 1396 355 et
1414 327 1503 356 omnia
1521 327 1547 354 in
1567 327 1625 361 ipso
1639 331 1778 354 constant.

995 374 1029 401 Et
1046 374 1103 409 ipse
1117 378 1159 402 est
1171 378 1252 409 caput
1271 374 1393 408 corporis
1409 374 1550 406 Ecclesiae,
1577 373 1622 407 qui
1645 377 1687 399 est
1705 372 1780 406 priu-

996 420 1108 454 cipium,
1127 419 1325 455 primogenitus
1347 427 1380 446 ex
1404 420 1533 452 mortuis,
1563 425 1593 446 ιιι
1617 420 1652 446 sit
1678 419 1734 453 ipse
1755 419 1781 445 in

995 466 1120 493 omnibus
1134 466 1280 500 primatum
1308 469 1402 492 tenens
1421 474 1429 492 z
1447 465 1511 500 quia
1536 465 1564 491 in
1584 465 1644 499 ipso
1661 463 1781 498 compla-

995 512 1053 539 cuit
1064 518 1173 539 omnem
1202 511 1396 546 plenitudinem
1419 511 1585 543 inhabitare,
1610 515 1636 538 et
1659 517 1780 545 pereunt

996 559 1085 586 omnia
1102 558 1281 586 reconciliare
1307 559 1334 585 in
1356 558 1443 592 ipsum
1459 565 1468 584 :
1486 557 1634 591 pacificatus
1651 564 1699 591 per
1716 563 1781 583 san-

996 605 1104 639 guinem
1127 605 1216 632 crucis
1235 605 1292 640 ejus
1311 605 1369 632 sive
1384 611 1443 638 qua:
1459 604 1484 630 in
1502 604 1593 635 terris,
1608 604 1666 630 sive
1679 610 1738 636 quae
1754 602 1780 628 in

997 650 1072 678 caelis
1090 655 1153 678 sunt
1165 651 1199 678 “.
1218 660 1227 676 ι
1244 651 1359 678 Docetur
1374 650 1430 682 hic,
1451 650 1497 677 Dei
1522 649 1647 681 Verbum,
1675 649 1724 675 hoc
1741 653 1782 676 est

995 695 1094 722 Filium
1120 696 1280 723 naturaliter
1305 704 1338 722 ex
1364 695 1410 722 illo
1431 700 1537 725 natum,
1566 695 1709 722 invisibilis
1733 694 1780 720 Dei

998 741 1141 776 imaginem
1155 748 1236 769 esse:
1258 742 1349 768 adlnec
1369 741 1458 767 omnia
1478 740 1593 768 visibilia
1610 746 1638 767 et
1656 739 1779 766 invisibi—

997 786 1044 819 lia,
1060 787 1117 814 sive
1135 787 1160 814 in
1178 787 1264 819 caelis,
1281 788 1337 814 sive
1354 787 1380 813 in
1395 787 1487 818 terris,
1504 794 1552 821 per
1566 786 1653 820 ipsum
1669 785 1780 813 condita

997 840 1076 860 esse:
1092 833 1177 867 ipsum
1195 839 1325 868 praeterea
1338 834 1429 860 omnia
1447 833 1607 860 antecedere
1623 833 1646 866 (‹
1661 832 1690 858 ln
1704 832 1779 866 prin-

997 879 1067 914 cipio
1079 880 1151 906 enim
1164 886 1223 906 erat
1234 879 1350 907 Verbum
1360 879 1423 913 ﬁt),
1432 879 1646 913 szeculorumque
1659 879 1780 906 condito-

997 932 1052 952 rem
1078 927 1159 952 esse:
1179 925 1368 953 exsistcutiam
1397 930 1532 960 postremo
1559 925 1632 952 omni
1661 929 1781 960 tempore

994 970 1176 1005 antiquiorem
1202 971 1311 999 habere.
1343 971 1479 1005 Ejusmodi
1510 975 1602 998 autem
1632 971 1712 998 bouis
1738 978 1780 997 se-

995 1019 1113 1044 cundum
1141 1017 1278 1052 propriam
1305 1022 1429 1044 naturam
1453 1017 1630 1047 cumulatum,
1646 1017 1781 1051 primoge-

994 1063 1079 1090 nitum
1100 1071 1132 1090 ex
1153 1063 1280 1095 mortuis,
1300 1068 1325 1090 el
1352 1068 1434 1098 caput
1459 1063 1582 1097 corporis
1609 1062 1737 1090 Ecclesia:
1764 1072 1778 1089 a

994 1109 1049 1137 Deo
1059 1108 1141 1136 Patre
1156 1109 1246 1136 datum
1270 1116 1330 1136 csse
1352 1109 1478 1135 atlirmat.
1502 1107 1560 1135 .lam
1579 1109 1713 1142 quomodo
1734 1109 1779 1142 qui

994 1154 1041 1182 Dei
1056 1155 1145 1182 Patris
1167 1154 1284 1181 Verbum
1307 1159 1360 1186 est,
1379 1158 1539 1189 semperque
1556 1155 1621 1186 fuit,
1637 1163 1685 1189 per
1699 1163 1779 1189 quem

993 1200 1083 1227 omnia
1108 1203 1243 1233 constant,
1270 1200 1469 1234 primogenitus
1494 1207 1527 1226 ex
1556 1201 1681 1233 mortuis,
1715 1201 1779 1227 dor-

993 1245 1188 1279 mientiumquc
1212 1245 1340 1280 primitite
1362 1246 1521 1280 appellatur,
1548 1246 1568 1273 si
1588 1254 1687 1281 corpus
1709 1249 1781 1280 quod

994 1290 1141 1325 assumpsit
1155 1297 1218 1317 vere
1235 1290 1306 1316 illitis
1322 1291 1459 1325 proprium
1479 1299 1530 1317 non
1543 1296 1613 1322 erat,
1629 1300 1682 1325 quo
1699 1292 1778 1318 nimi-

993 1345 1051 1363 rum
1076 1337 1121 1363 illo
1150 1342 1264 1363 mortem
1290 1336 1423 1364 subeunte
1445 1339 1502 1371 ipse
1528 1342 1642 1364 mortem
1660 1338 1778 1364 subiisse

994 1382 1180 1417 intelligatur?
1205 1382 1297 1417 Neque
1328 1383 1401 1410 enim
1427 1384 1494 1410 citra
1510 1383 1611 1417 justam
1626 1388 1735 1411 causam
1753 1383 1778 1409 id

993 1428 1032 1455 illi
1050 1428 1181 1455 accidisse
1201 1428 1313 1460 dicitur,
1339 1430 1408 1462 quod
1432 1430 1549 1463 corpori,
1573 1431 1645 1464 quod
1670 1438 1778 1464 passum

992 1480 1043 1505 est,
1057 1479 1084 1501 et
1095 1474 1167 1501 illius
1184 1475 1320 1509 proprium
1338 1479 1406 1507 erat,
1429 1476 1563 1502 accidisse
1581 1477 1714 1503 novimus.
1734 1477 1773 1502 Ad

991 1520 1064 1546 hunc
1090 1519 1181 1554 itaque
1209 1521 1316 1546 modum
1345 1521 1453 1547 etiamsi
1478 1521 1625 1548 secundum
1654 1529 1778 1549 ltilltlt'tllll

156 1573 200 1591 σιν
211 1565 345 1598 ἀθάνατος
363 1567 412 1600 ὢν,
433 1568 478 1594 καὶ
494 1568 574 1599 αὐτὸς
591 1569 767 1605 χρηματίζων
789 1569 857 1606 ζωή.
876 1571 937 1597 Ὅτε

1037 1566 1168 1598 mortalis,
1186 1571 1213 1592 et
1226 1567 1279 1592 vita
1307 1574 1354 1600 per
1383 1567 1529 1593 essentiam
1554 1568 1679 1599 exsistat,
1704 1577 1777 1594 mor-

153 1612 244 1637 τοίνυν
258 1612 362 1640 δέδοται
378 1613 482 1649 κεφαλὴ
497 1614 543 1640 τοῦ
558 1614 683 1650 σώματος
695 1615 744 1651 τῆς
764 1616 939 1652 Ἐκκλησίας,

155 1656 248 1687 καθεὶς
272 1657 366 1684 ἑαυτὸν
382 1659 421 1689 εἰς
436 1658 560 1690 κένωσιν,
579 1660 638 1685 τότε
653 1660 760 1694 λέγεται
775 1661 823 1687 καὶ
838 1661 941 1687 ἀποθα-

155 1704 211 1728 νεῖν
226 1703 405 1739 ἀνθρωπίνως
418 1704 487 1741 ὐπὲρ
503 1706 592 1741 ἡμῶν,
603 1706 617 1731 ὁ
629 1706 726 1733 παοείν
739 1707 789 1734 οὐκ
804 1707 882 1739 εἰδὼς
895 1708 940 1734 τὸν

155 1747 270 1778 θάνατον
285 1749 324 1782 ὡς
337 1750 413 1782 Θεὸς.

189 1841 257 1868 KA’.
275 1838 405 1877 Λέγοντος
428 1842 456 1869 δὲ
482 1843 529 1870 τοῦ
556 1843 690 1878 μακαρίου
710 1844 828 1876 Παύλου,
851 1846 892 1872 ὃτι
911 1847 940 1872 ὲν

154 1887 227 1922 αὐτῷ
241 1887 384 1924 κατῴκησε
397 1890 450 1916 πᾶν
461 1890 490 1916 τὸ
505 1890 652 1925 πλήρωμα,
669 1892 748 1925 φαῖεν
765 1891 798 1918 ἂν
815 1891 880 1924 ἴσως
898 1901 938 1918 τι-

153 1932 212 1964 νές·
233 1933 297 1959 Ἰδοὺ
312 1934 429 1969 Χριστὸν
445 1935 537 1970 ἕτερον
553 1933 622 1962 οἶδεν
637 1937 728 1968 ἱδικῶς
740 1936 785 1964 τὸν
799 1939 830 1964 ἐκ
844 1946 939 1972 γυναι-

155 1978 202 2009 κὸς
215 1978 366 2013 ἄνθρωπον,
388 1980 416 2006 ἐν
429 1976 451 2013 ᾧ
468 1980 629 2017 κατῴκησεν
644 1982 681 2013 ὼς
697 1982 790 2018 ἕτερος
812 1985 877 2019 παρ’
891 1985 939 2010 αὺ-

154 2023 199 2049 τὸν
219 2018 346 2059 Χριστὸς,
371 2026 419 2051 καὶ
444 2026 535 2058 ἰδικῶς
553 2027 567 2053 ὁ
587 2026 681 2061 Λόγος,
699 2028 758 2062 ἦτοι
781 2029 890 2063 Πνεῦμα
910 2030 941 2056 τὸ

154 2070 292 2105 πλήρωμα
313 2072 363 2105 τῆς
388 2071 514 2107 Θεότητος
543 2073 715 2108 σωματικῶς.
745 2075 817 2110 Πρὸς
846 2075 877 2110 δὴ
904 2076 940 2102 τὰ

153 2117 241 2143 τοιάδε
266 2118 365 2153 φαμὲν,
390 2118 429 2144 ὅτι
455 2118 501 2145 δύο
525 2119 658 2154 Χριστοὺς
683 2121 697 2146 ό
718 2121 940 2156 πνευματοφόρος

154 2162 203 2188 οὐκ
220 2160 299 2194 οἶδεν,
316 2162 374 2189 ἀλλ’
401 2163 449 2190 ἕνα
463 2164 602 2198 κηρύττει,
628 2164 755 2200 καθάπερ
777 2166 872 2201 ἀμέλει
893 2167 939 2194 καὶ

160 2209 202 2235 ’να
215 2209 337 2244 Πατέρα.
356 2219 365 2235 ι
386 2209 466 2244 Ἡμῖν
481 2210 544 2245 γὰρ,
561 2211 652 2245 φησιν,
667 2208 706 2243 εἷς
721 2212 787 2244 Θεὸς
801 2212 815 2238 ὁ
832 2213 938 2248 Πατὴρ,

172 2254 184 2286 ξ
199 2252 230 2281 (ιῦ
243 2255 277 2281 τὰ
290 2255 440 2288 adv-ramea
456 2251 535 2290 ἡμεῖς
552 2258 591 2289 εὶς
608 2257 701 2285 αὐτόν.
713 2259 767 2285 Καὶ
781 2256 823 2289 εἷς
836 2259 938 2294 Κύριος

169 2300 262 2335 Ιησοῦς
278 2302 406 2337 Χριστὸς,
421 2302 454 2328 δι’
470 2299 500 2328 οὗ
517 2302 552 2329 τὰ
563 2303 662 2334 πάντα,
682 2305 729 2330 καὶ
743 2305 825 2339 ἡμεῖς
838 2305 871 2331 δι’
888 2305 938 2331 αὺ-

164 2345 211 2372 νοῦ.
229 2355 238 2371 ι
264 2346 340 2373 Ἐπεὶ
358 2347 435 2382 φέρε,
459 2347 669 2382 διασκεψώμεθα
683 2350 882 2383 παρατιθέντες
897 2351 938 2382 εἰς

155 2391 268 2419 ιδάπανον
283 2392 335 2418 τῶν
349 2393 501 2428 εἰρημένων
513 2395 561 2430 τὴν
576 2394 699 2430 δύναμιν·
714 2396 769 2431 Τὴν
785 2397 877 2423 εἰκόνα
891 2397 937 2423 τοῦ

164 2438 218 2464 leo?)
230 2438 276 2465 τοῦ
294 2439 420 2473 ἀοράτου,
436 2439 480 2466 τὸν
501 2440 534 2466 δι’
548 2437 577 2467 οὗ
594 2441 640 2467 καὶ
655 2442 683 2468 ἐν
700 2438 721 2475 ᾧ
733 2442 766 2468 τὰ
780 2443 878 2473 πάντα,
892 2444 937 2469 τὸν

154 2485 314 2518 προαιώνιον
330 2485 403 2517 Υἱὸν,
426 2486 476 2520 τὴν
491 2487 545 2513 τῶν
563 2487 629 2513 ὅλων
647 2487 788 2520 σύστασιν,
814 2488 937 2515 δεδόσθαι

158 2530 218 2563 ρησὶ
241 2531 273 2564 τῇ
301 2529 448 2566 Ἰυἶκκλησῐᾳ
466 2531 604 2566 κεφαλὴν,
624 2532 670 2558 καὶ
694 2533 746 2568 μὴν
769 2533 808 2559 ὅτι
832 2534 938 2567 γένοιτο

157 2575 323 2609 ’πρωτότοκος
345 2577 376 2602 ἐκ
399 2577 512 2612 νεκρῶν,
534 2577 641 2614 Ἐπειδὴ
656 2577 684 2604 δέ
707 2579 765 2604 ἐστι
786 2578 835 2614 τὴν
854 2579 938 2613 φύσιν

160 2620 293 2652 ιθάινατος,
313 2621 387 2648 πᾶσὰ
405 2631 463 2653 πως
475 2623 581 2656 ἀνάγκη
595 2623 664 2658 πρὸς
681 2623 777 2650 ἕνωσιν
793 2624 934 2659 οἰκονομι-

152 2666 204 2700 κήν
218 2674 247 2692 τε
262 2666 309 2692 καὶ
325 2667 411 2702 ἁληθῆ
434 2668 466 2702 τῇ
490 2667 551 2693 καθ’
571 2669 645 2703 ἡμᾶς
661 2669 850 2704 ἀνθρωπότητι
870 2678 936 2695 συν-

153 2711 293 2746 ενεχθῆναι
307 2711 397 2745 λέγειν
411 2712 456 2738 τὸν
473 2713 505 2739 ὲκ
521 2712 588 2739 Θεοῦ
607 2713 712 2748 Πατρὺς
729 2714 824 2748 Λόγον,
839 2714 886 2741 ἕνα
905 2723 936 2742 τε

162 2756 237 2788 νῦτως
253 2758 318 2792 ἡμῖν
333 2758 522 2793 ἀναδειχθῆναι
547 2759 674 2794 Χριστὸν,
703 2760 748 2786 τὸν
763 2761 844 2787 αὐτὸν
869 2762 937 2796 ὁμοῦ

152 2802 217 2830 ’θεὸν
238 2804 300 2830 ὅντα
315 2805 361 2830 καὶ
376 2804 528 2839 ἄνθρωπον.
550 2806 593 2832 Ἐν
608 2806 660 2832 τίνι
684 2806 716 2841 δὴ
730 2805 776 2833 οὖν
791 2806 936 2842 κατῴκησε

203 2881 323 2910 “Iuleas.
349 2892 367 2916 ι,
394 2883 486 2910 ιωυ.
525 2883 547 2899 ²⁵
567 2883 644 2911 Joan.
668 2893 685 2918 ι,
710 2885 750 2912 ll.

994 1616 1101 1638 tuorum
1133 1612 1326 1646 primogenitus
1354 1619 1413 1639 esse
1444 1615 1630 1647 cognoscitur.
1664 1614 1777 1647 Quando

993 1657 1076 1692 igitur
1090 1657 1169 1684 datus
1184 1663 1225 1684 est
1245 1663 1324 1692 caput
1341 1659 1464 1693 corporis
1483 1658 1611 1687 Ecclesia:
1628 1662 1780 1695 semetipso

992 1703 1024 1729 ad
1051 1702 1263 1729 cxinanitionem
1293 1704 1420 1736 demisso,
1447 1705 1531 1731 nostri
1558 1713 1637 1731 causa
1663 1712 1783 1733 mortem-

991 1749 1138 1775 secuudum
1166 1753 1290 1775 naturam
1318 1749 1462 1785 humanam
1491 1752 1638 1785 oppetiisse
1664 1752 1774 1784 dicitur,

991 1793 1036 1827 qui
1049 1797 1076 1818 ut
1094 1793 1164 1820 Deus
1180 1793 1274 1819 mortis
1290 1783 1403 1821 omnino
1418 1796 1529 1828 ignarus
1547 1799 1614 1822 erat.

1037 1838 1107 1866 XXI.
1132 1839 1265 1866 C:ct‘eruni
1295 1841 1366 1874 quod
1401 1841 1496 1868 beatus
1535 1841 1633 1869 Paulus
1669 1850 1777 1869 omnem

992 1886 1186 1920 plenitudinem
1204 1886 1229 1912 in
1243 1886 1300 1920 ipso
1318 1886 1485 1914 inhabitasse
1501 1893 1617 1920 asserat,
1633 1888 1712 1924 144
1724 1898 1777 1915 non

991 1933 1105 1959 deerunt
1124 1932 1249 1960 fortassis
1273 1934 1318 1967 qui
1333 1933 1376 1960 hic
1400 1933 1437 1960 ita
1463 1933 1593 1968 objiciunt
1610 1935 1668 1962 :En
1689 1937 1776 1963 Inomi—

991 1986 1052 2005 nem
1078 1986 1111 2005 ex
1134 1978 1246 2005 muliere
1271 1984 1373 2011 ortum,
1399 1980 1535 2007 Christum
1550 1980 1665 2007 alterum
1684 1989 1731 2015 per
1747 1990 1777 2009 se

991 2030 1018 2051 et
1038 2024 1186 2050 secundum
1199 2031 1229 2051 sc
1241 2025 1391 2058 exstitisse,
1407 2026 1517 2058 indicat,
1536 2026 1562 2053 in
1576 2033 1630 2061 quo
1648 2027 1774 2060 Verbum,

992 2068 1042 2095 hoc
1055 2073 1106 2095 est-
1119 2068 1249 2102 Spiritus,
1263 2070 1470 2104 divinitatisque
1486 2071 1635 2105 plenitudo,
1648 2076 1775 2108 tauquam

991 2115 1059 2141 alter
1074 2115 1183 2149 quidam
1199 2115 1322 2142 Christus
1339 2124 1461 2144 seorsum
1481 2119 1515 2146 ab
1535 2120 1621 2146 altero
1635 2120 1679 2146 illo
1692 2139 1699 2151 ,
1714 2128 1777 2146 cor-

991 2159 1120 2193 poraliter
1146 2159 1312 2186 inhabitarit.
1342 2161 1382 2187 Ad
1407 2162 1465 2189 lirce
1490 2171 1556 2190 sane
1581 2165 1785 2198 respondemus

991 2206 1102 2233 Paulum
1119 2208 1163 2234 Dei
1182 2207 1283 2242 Spiritu
1297 2209 1414 2235 alllatum
1431 2217 1602 2244 nequaquam
1616 2211 1683 2238 duos
1698 2218 1779 2246 agno-

955 2252 1062 2281 l)\'isse
1085 2252 1219 2286 Christus,
1251 2254 1297 2280 sed
1327 2262 1407 2280 unum
1437 2255 1633 2288 anmmtiasse;
1660 2256 1730 2283 sicut
1751 2262 1779 2283 et

994 2306 1075 2325 lllllllll
1099 2306 1205 2333 quoque
1228 2299 1358 2326 Patrem:
1382 2308 1391 2325 ι
1417 2299 1499 2327 Nobis
1521 2300 1619 2335 (inquit
1641 2300 1695 2336 ille)
1709 2310 1781 2328 unus

992 2349 1035 2372 est
1053 2345 1124 2372 Deus
1147 2345 1237 2378 Pater,
1261 2353 1294 2372 ex
1315 2353 1368 2380 quo
1386 2346 1489 2378 omnia,
1511 2351 1538 2373 et
1562 2355 1609 2374 nos
1625 2347 1650 2374 in
1666 2348 1775 2382 ipsum:

992 2395 1020 2416 et
1039 2398 1107 2416 unus
1122 2389 1250 2417 Dominus
1264 2389 1343 2418 Jesus
1357 2390 1496 2423 Christus,
1514 2400 1561 2426 per
1576 2401 1656 2427 quem
1673 2395 1776 2428 omnia,

993 2441 1020 2463 ct
1035 2444 1083 2463 nos
1104 2444 1150 2470 per
1167 2437 1252 2471 ipsum
1270 2437 1304 2463 “.
1325 2446 1334 2462 )
1353 2437 1406 2464 Sed
1431 2438 1543 2472 agedum
1566 2439 1709 2466 verborum
1733 2441 1778 2468 hie

992 2482 1190 2517 propositorum
1207 2483 1258 2509 vim
1274 2483 1306 2509 ad
1316 2491 1419 2517 Aequam
1433 2484 1560 2511 trutinam
1575 2487 1772 2520 expendamus.

992 2528 1088 2555 Filium
1102 2535 1243 2562 aeternum,
1260 2529 1285 2555 in
1299 2537 1351 2563 quo
1361 2530 1462 2561 omnia,
1477 2535 1504 2556 et
1518 2538 1565 2563 per
1580 2539 1659 2565 quem
1672 2534 1773 2566 onmia,

991 2575 1135 2602 invisibilis
1150 2575 1194 2602 Dei
1213 2575 1368 2607 imaginem,
1386 2575 1632 2610 universorumque
1652 2579 1776 2605 condito-

993 2629 1049 2648 rem
1065 2629 1097 2648 ac
1111 2621 1320 2656 primogenitum
1343 2621 1413 2648 inter
1438 2627 1568 2653 mortuos,
1587 2623 1717 2651 Ecclesim
1732 2632 1778 2651 ea-

993 2674 1040 2702 put
1055 2668 1146 2695 datum
1160 2666 1298 2701 praedicat.
1310 2667 1377 2700 Quia
1398 2675 1462 2702 ergo
1477 2668 1522 2695 Dei
1548 2668 1664 2696 Verbum
1683 2674 1777 2704 Suaptc

992 2718 1088 2740 natura
1102 2714 1197 2740 mortis
1212 2721 1307 2748 expers
1321 2718 1372 2744 est,
1392 2721 1444 2740 non
1470 2721 1611 2748 possumus
1632 2715 1695 2742 illud
1714 2724 1777 2742 vera

992 2759 1167 2794 perfectaque
1187 2760 1287 2787 unione
1305 2768 1366 2787 cum
1394 2761 1510 2787 humana
1536 2765 1631 2789 natura
1658 2763 1776 2798 conjun-

994 2811 1066 2834 ctum
1083 2806 1166 2835 fuisse
1178 2815 1230 2835 non
1245 2815 1383 2841 asserere;
1398 2808 1518 2843 adeoque
1530 2816 1613 2835 unum
1627 2809 1776 2841 Christum,

789 2885 811 2900 ³⁵
827 2884 847 2911 ll
868 2885 930 2913 Cor.
951 2892 1011 2916 'rm,
1038 2885 1064 2913 6.
