1872 3057
137 128 151 154 I
156 128 210 156 565

547 128 593 156 AD
612 128 765 158 REGINAS
784 128 828 157 DE
847 127 962 156 RECTA
982 126 1061 154 FIDE
1079 125 1208 155 ORATIO
1228 125 1376 154 ALTERA.

1695 121 1763 150 I566

136 188 196 223 γὰρ
218 187 339 214 δύναται.
366 198 375 214 ι
398 189 567 225 Εὑμηχάνως
599 189 745 226 τοιγαροῦν
760 191 774 217 ὁ
795 189 860 221 Θεὸς
880 189 918 215 κα

1005 188 1027 216 ei
1040 195 1093 215 non
1109 192 1151 215 est
1169 187 1309 222 subjecta;
1328 193 1377 213 nec
1392 185 1464 213 enim
1485 188 1575 219 potest
1589 183 1623 210 ³⁸.
1643 193 1652 208 ι
1670 183 1763 217 Itaque

138 233 239 268 Πατὴρ
253 234 540 270 ἀνακεφαλαιούμενος
554 235 589 262 τὰ
604 236 693 262 πάντα
707 236 736 262 ὲν
751 235 789 270 τῷ
803 234 924 271 Χριστῷ,

137 280 187 306 καὶ
223 281 255 307 ἐκ
284 280 384 316 πολλῆς
415 281 484 315 ἄγαν
512 281 681 316 ἡμερότητος
711 283 743 317 τῇ
783 280 926 316 ἅνθρώπου

137 326 404 361 πραγματευόμενος
422 326 502 360 φύσει
517 326 567 360 τὴν
589 327 630 358 εἰς
644 327 714 362 ὅπερ
731 325 764 362 ἦν
785 326 925 358 ἐπάνοδον,

135 371 223 405 ἧγουν
247 371 424 406 ἀνακομιδὴν,
456 381 465 397 ι
484 371 658 403 ἐξαπέστειλε
679 372 725 398 τὸν
745 371 809 398 Υἱὸν
826 370 924 402 αὑτοῦ,

135 417 284 450 γενόμενον
300 416 332 442 ἐκ
351 416 491 450 γυναικὸς,
512 426 521 442 ›
538 416 582 443 ἵνα
599 416 630 443 τὸ
652 417 744 451 ὅμοιον
758 416 823 451 ἡμῖν
846 415 926 451 σῶμα

134 459 238 494 λαὸὼν,
264 461 311 487 καὶ
328 461 394 488 ἴδιον
411 461 495 488 αὑτοῦ
518 461 713 496 ποιησάμενος,
729 461 767 494 ὡς
784 461 926 497 ἄνθρωπος

138 506 187 532 ἐπὶ
206 506 256 541 γῆς
271 506 370 542 εὑρεθῇ
387 508 401 533 ὁ
428 507 465 542 μὴ
482 506 559 539 εἰδὼς
585 507 731 543 ἁμαρτίαν,
754 507 824 534 οὕτω
840 516 869 533 τε
886 508 926 539 εἰς

135 551 212 577 ἅπαν
226 552 361 586 κατήκοος
375 551 496 586 γεγονὼς
506 551 544 587 τῷ
553 551 612 587 Θεῷ
623 551 669 579 καὶ
681 552 778 587 Πατρὶ,
792 552 924 588 δικαιώσῃ

133 595 186 630 τὴν
204 595 348 631 ἀνθρώπου
370 592 451 630 φύσιν
477 598 507 624 ὲν
524 596 623 632 ἐαυτῷ,
642 597 756 624 καὶτῶν
772 596 819 624 τοῦ
842 597 924 624 θανά-

133 649 184 667 του
199 641 309 676 δεσμῶν
328 642 465 676 ἐξέληται,
482 642 592 677 φύλλοις
608 648 619 662 ε
633 643 844 679 ἀναμαρτησίας
865 652 924 670 στε-

136 687 308 722 φανούμενος
323 687 336 707 d
355 687 431 724 παρὰ
450 688 498 715 τοῦ
514 689 583 715 Θεοῦ
600 689 649 717 καὶ
668 689 785 725 Πατρός.
802 689 856 716 Καὶ
870 689 924 724 γάρ

135 733 196 758 ἑστι
212 732 266 759 τῶν
290 733 400 760 ἀτόπων
411 752 418 764 ,
444 733 629 770 κληρονόμους
656 734 705 770 μὲν
722 734 796 770 ἡμᾶς
811 733 861 769 τῆς
878 734 923 760 τοῦ

134 779 246 814 πρώτου
264 779 391 813 γενέσθαι
415 780 504 816 δίκης,
530 780 647 812 ἐνιέντος
661 781 694 816 τῇ
712 780 801 816 φθορᾷ
815 779 861 807 διὰ
874 781 924 816 τῆς

135 825 280 860 παρακοῆς
290 825 352 860 ·τῆς
363 826 392 852 δὲ
407 825 454 852 τοῦ
466 826 593 862 δευτέρου
604 826 777 861 δικαιοσύνης
790 825 827 862 μὴ
839 834 923 861 μετα-

134 871 240 906 λαχείν,
263 871 475 906 ἀνακομίζοντος
499 873 540 904 εἰς
558 872 630 908 ζωὴν
652 863 697 899 δίὰ
718 873 767 908 τῆς
791 873 830 904 είς
850 871 923 899 ἅπαν

134 916 270 951 ὑπακοῆς,
297 918 382 944 Ὀταν
396 915 444 945 οὖν
462 917 529 954 λέγῃ
548 918 580 945 τὸ
600 918 720 953 Γράμμα
740 917 770 944 τὸ
783 917 867 953 ἱερὸν,
889 917 922 944 δι’

136 962 262 998 ὑπακοῆς
279 963 337 995 ἐνὸς
356 964 556 991 δεδικαιῶσθαι
569 964 694 997 πολλοὺς,
716 964 766 991 οὐκ
780 964 923 999 ἄνθρωπον

132 1008 228 1040 ἁπλῶς
250 1009 298 1035 ἕνα
315 1010 370 1036 τῶν
389 1010 450 1037 καθ’
473 1011 547 1046 ἡμᾶς
564 1011 605 1041 εἰς
617 1010 697 1037 τοῦτο
712 1008 923 1045 παραληφθῆναι

134 1063 237 1090 φαμεν,
259 1055 492 1091 ἐνηνθρωπηκότα
516 1056 544 1083 δὲ
571 1056 672 1091 μᾶλλον
694 1056 740 1083 τὸν
767 1055 920 1090 Μονογενῆ,

132 1101 183 1127 καὶ
208 1101 328 1136 ὑπήκοον
345 1101 415 1137 ὑπὲρ
432 1101 512 1137 ἡμῶν
535 1101 666 1136 γεγονότα
685 1100 724 1136 τῷ
738 1100 835 1136 Πατρί.
855 1109 864 1126 ε
883 1100 920 1126 Οὐ

132 1147 190 1182 γὰρ
206 1147 337 1182 ἐποίησεν
356 1148 506 1183 ἁμαρτίαν,
528 1148 589 1175 οὐδὲ
613 1147 712 1184 εὑρέθη
736 1147 812 1180 δόλος
837 1147 866 1174 ἐν
882 1146 921 1182 τῷ

132 1192 248 1229 στόματι
265 1192 358 1227 αὑτοῦ,
381 1203 390 1220 ι
411 1193 484 1222 καθὰ
499 1194 665 1230 γέγραπται.

167 1331 233 1359 KI".
254 1340 262 1357 ι
290 1331 372 1366 Λέγω
395 1330 449 1367 γὰρ
467 1330 585 1366 Χριστὸν
609 1331 732 1358 διάκονον
755 1330 920 1366 γεγενῆσθαι

131 1378 284 1413 περιτομῆς
298 1377 369 1410 ὑπὲρ
383 1377 512 1412 ἀληθείας
520 1376 599 1409 Θεοῦ,
616 1376 657 1408 εἰς
668 1376 700 1403 τὸ
715 1376 861 1412 βεϐαιῶσαι
871 1377 921 1409 τὰς

132 1423 300 1457 ἐπαγγελίας
315 1423 369 1450 τῶν
391 1423 533 1460 πατέρων·
556 1424 589 1451 τὰ
612 1423 642 1450 δὲ
655 1424 718 1460 ἔθνη
745 1424 816 1460 ὑπὲρ
829 1424 920 1456 ἐλέους

130 1468 243 1501 δοξάσαι
256 1468 303 1495 τὸν
318 1468 394 1495 Θεόν.
415 1478 424 1494 ι
447 1468 580 1496 Ἰουδαίων
603 1468 672 1496 εῖναι
685 1469 735 1500 τὰς
753 1469 920 1504 ἐπαγγελίας

130 1514 181 1547 τὰς
197 1517 253 1546 τοῖς
265 1515 386 1550 πατράσι
396 1515 587 1551 δεδωρημένας
597 1516 612 1542 ὁ
628 1516 770 1548 θεσπέσιος
783 1516 834 1551 ἐφη
845 1515 917 1542 Παῦ-

130 1557 190 1591 λος.
209 1560 500 1595 ῐῐροανεκεκράγεισαν
519 1560 548 1587 δέ
564 1561 610 1588 καὶ
626 1562 650 1587 οί
664 1562 792 1596 μακάριοι
811 1561 917 1596 προφῆ-

131 1613 178 1632 ται
191 1605 254 1641 περὶ
269 1605 401 1641 Χριστοῦ,
416 1605 457 1632 ὅτι
469 1605 549 1637 αὐτὸς
566 1605 642 1632 ἐσται
656 1607 805 1641 προσδοκία
823 1606 915 1633 ἐθνῶν.

131 1650 239 1677 Οὐκοῦν
264 1651 278 1676 ὀ
305 1651 408 1686 Κύριος
432 1651 512 1687 ἡμῶν
537 1651 642 1687 Ἰησοῦς
664 1652 780 1687 Χριστὸς
798 1653 852 1684 τοῖς
870 1651 918 1678 "to-3

131 1696 241 1732 Πατρὸς
256 1696 372 1731 νεύμασι
390 1697 532 1730 ωναινῶν,
544 1697 641 1731 γέγονε
657 1697 706 1733 μὲν
718 1699 750 1733 τῇ
771 1699 917 1733 περιτομῇ,

131 1743 256 1769 τουτέστι
268 1745 324 1774 τοῖς
337 1743 485 1776 Ἰουδαίοις,
501 1743 635 1775 διάκονος,
652 1744 692 1775 εἰς
708 1743 852 1779 βεϐαίωσιν
865 1744 919 1770 τῶν

127 1788 162 1814 ἐν
177 1789 233 1820 τοῖς
253 1789 392 1824 Πατράσιν
412 1788 642 1824 ἐπηγγελμένων
669 1789 762 1825 εἴρητο
783 1789 852 1825 γὰρ,
878 1789 918 1816 ὅτι

135 1843 145 1859 ι
171 1834 200 1860 '0
215 1833 320 1865 δίκαιος
337 1835 369 1860 ἐκ
387 1834 504 1866 πίστεως
523 1835 650 1871 ζήσεται·
677 1844 686 1860 ›
707 1836 764 1866 τοῖς
776 1843 807 1869 γε
822 1835 876 1870 μὴν
889 1835 919 1866 ἐξ

131 1880 218 1906 ἐθνῶν
234 1880 346 1914 εὐλογία
370 1881 542 1917 πνευματικὴ
559 1882 607 1908 καὶ
622 1881 762 1913 ζωοποιὸς,
780 1881 849 1908 ὥστε
870 1880 918 1907 καὶ

132 1925 234 1957 αὖτοὺς
261 1926 428 1962 ἡλεημένους
450 1927 495 1954 διὰ
517 1927 567 1962 τῆς
594 1928 721 1960 πίστεως,
744 1926 918 1962 δοξολογῆσαι

130 1971 210 1997 Θεόν.
242 1971 309 1999 Ἀλλ’
337 1973 362 1999 εί
392 1973 439 2000 καὶ
463 1973 559 2008 γέγονε
578 1974 702 2006 διάκονος
728 1973 916 2009 ἀνθρωπίνως,

95 2026 100 2029 '
131 2016 189 2042 ἀλλ’
202 2014 250 2044 οὖν
267 2017 305 2049 ὼς
321 2017 389 2050 Θεὸς
404 2019 570 2054 κηρύττεται
588 2020 647 2051 τοῖς
662 2027 692 2046 τε
711 2019 743 2045 ἐκ
756 2019 917 2054 περιτομῆς,

132 2062 181 2088 καὶ
197 2062 288 2096 μέντοι
302 2064 358 2094 τοῖς
375 2062 404 2096 ἐξ
423 2063 523 2090 ἐθνῶψ
546 2064 694 2100 κέκληνται
708 2063 763 2099 γὰρ
777 2066 817 2095 εἰς
831 2063 915 2098 ζωὴν,

131 2107 182 2142 οὐχ
195 2107 232 2139 ὼς
245 2108 285 2139 είς
295 2108 344 2135 ἕνα
357 2108 411 2135 τῶν
423 2109 486 2135 καθ’
499 2110 573 2144 ἡμᾶς
584 2109 728 2145 ἄνθρωπον
744 2108 846 2140 ἁπλῶς.
860 2108 917 2135 ἀλλ’

130 2152 170 2184 ὼς
185 2153 224 2184 είς
238 2153 304 2180 Θεὸν
322 2153 518 2186 πιστεύσαντες
532 2155 573 2186 εἰς
590 2155 707 2191 Χριστόν
717 2163 724 2170 ·
741 2155 789 2181 καὶ
802 2155 853 2181 οὐκ
865 2153 917 2186 ἔξω

979 234 1052 261 Deus
1078 233 1158 261 Pater
1184 234 1251 260 mira
1274 232 1389 267 quadam
1415 231 1575 258 dexteritate
1596 229 1686 257 omnia
1715 237 1764 264 per

978 279 1116 306 Christum
1141 278 1355 308 iustauraturus,
1383 278 1560 310 humanaeque
1585 280 1688 301 natura:
1719 281 1763 301 re-

978 331 1117 359 gressum,
1147 324 1199 351 boc
1225 328 1265 350 cst
1288 322 1546 357 redintegrationcm
1572 321 1606 348 ad
1636 321 1661 347 id
1689 321 1762 354 quod

977 369 1124 404 aliquando
1146 369 1232 396 fuerat
1245 388 1252 400 ,
1278 368 1397 395 maxima
1415 367 1579 402 benignitate
1597 365 1760 393 conciliatu-

978 422 1035 447 rus,
1053 423 1063 440 ι
1082 415 1156 442 misit
1171 414 1267 440 Filium
1284 421 1361 440 suum
1383 412 1483 439 factum
1503 419 1535 438 ex
1552 411 1664 438 muliere
1680 410 1700 426 ³¹
1715 419 1721 441 ;
1749 420 1758 435 ›

976 467 1030 494 quo
1053 460 1181 486 nimirum
1211 467 1308 494 corpus
1332 463 1425 485 nostro
1452 457 1551 489 simile,
1574 457 1680 491 sibique
1700 463 1762 490 pro-

976 506 1064 541 prium
1081 505 1181 532 factum
1205 513 1358 535 assumens.
1386 510 1512 538 tauquam
1538 504 1619 531 homo
1635 504 1661 530 in
1682 503 1762 530 terris

977 555 1119 586 appareret
1142 551 1189 586 qui
1215 555 1257 579 est
1280 551 1369 578 omnis
1398 551 1500 586 peccati
1530 551 1660 585 ignarus;
1681 555 1762 583 atque

976 597 1012 624 ita
1031 598 1085 625 Deo
1098 597 1172 624 Patri
1195 605 1243 632 per
1262 597 1352 624 omnia
1375 597 1529 627 obsecutus,
1547 596 1694 623 humanam
1710 603 1760 621 ua-

977 647 1064 670 turam
1077 643 1103 669 in
1124 643 1269 677 semetipso
1286 643 1460 677 justiﬁcaret,
1480 642 1630 676 mortisque
1646 641 1761 668 vinculis

976 688 1118 720 eximeret,
1134 688 1215 724 146
1231 689 1391 716 innocentite
1406 688 1473 715 stola
1486 696 1500 714 a
1519 688 1572 715 Deo
1589 687 1669 714 Patre
1685 694 1761 714 coro-

977 735 1103 762 nandam.
1130 734 1236 762 Etenim
1256 735 1451 770 perabsurdum
1472 734 1563 767 fuerit,
1593 741 1641 768 per
1668 733 1762 760 inobe-

976 781 1105 808 dientiam
1131 781 1231 816 prioris
1253 780 1317 808 Adae
1334 781 1368 808 ad
1384 785 1499 808 mortem
1512 785 1538 807 et
1555 780 1760 815 corruptionem

975 825 1180 859 praecipitantis,
1198 825 1382 853 damnationis
1398 826 1519 853 haeredes
1534 825 1696 852 constitutos
1710 831 1761 852 nos

974 878 1055 904 esse;
1078 870 1190 904 iustitiae
1207 878 1272 898 vero
1292 870 1451 905 posterioris
1474 877 1522 905 per
1541 874 1759 898 consummatam

975 917 1046 943 illam
1073 916 1254 944 obedientiam
1281 917 1308 944 in
1332 917 1415 944 vitam
1445 917 1610 949 reducentis,
1626 920 1759 948 ;exsortes

973 970 1024 990 nas
1039 970 1159 990 manere.
1188 962 1255 990 Cum
1281 963 1372 997 itaque
1393 962 1484 989 divina
1501 963 1642 996 Scriptura
1659 961 1758 988 multos

972 1015 1021 1042 per
1046 1008 1126 1035 tutius
1155 1008 1337 1036 obeditionent
1367 1008 1531 1042 justilicatos
1563 1007 1672 1039 asserit,
1704 1014 1756 1034 non

972 1053 1121 1088 simplicem
1136 1053 1264 1088 aliquem,
1275 1059 1429 1088 nostraeque
1441 1052 1605 1080 conditionis
1621 1052 1756 1078 hominem

972 1100 1006 1126 ad
1021 1100 1071 1127 hoc
1085 1104 1253 1134 assumptum
1276 1099 1396 1134 cogitare
1419 1099 1548 1126 debemus
1563 1106 1570 1130 ;
1586 1098 1632 1124 sed
1652 1098 1756 1132 ipsum-

971 1150 1027 1173 met
1044 1145 1217 1181 Unigenilum
1233 1145 1369 1173 hominem
1386 1144 1498 1176 facturn,
1514 1145 1558 1178 qui
1576 1143 1755 1170 obedientiam

970 1192 1042 1220 Patri
1068 1200 1116 1227 pro
1139 1191 1265 1219 omnibus
1287 1191 1422 1226 praestitit.
1441 1190 1465 1217 Is
1479 1191 1550 1217 enim
1563 1195 1616 1222 est,
1636 1189 1694 1224 qui,
1716 1193 1759 1215 at-

971 1243 1088 1266 testaute
1113 1237 1264 1273 Scriptura,
1299 1246 1308 1262 ι
1333 1242 1473 1270 peccatum
1500 1244 1552 1262 non
1577 1235 1651 1267 fecit,
1670 1242 1757 1269 neque

969 1285 1047 1312 dolus
1060 1284 1186 1311 inventus
1199 1289 1240 1311 est
1254 1284 1280 1310 in
1295 1290 1343 1310 ore
1357 1283 1416 1316 ejus
1428 1283 1460 1309 ³².
1477 1292 1486 1308 ι

1006 1330 1100 1357 XXIII.
1119 1338 1129 1355 (
1150 1329 1214 1357 Dico
1229 1329 1300 1356 enim
1318 1328 1457 1356 Christum
1483 1327 1576 1355 Iesum
1601 1328 1755 1356 ministrum

970 1375 1055 1403 fuisse
1082 1374 1296 1402 circumcisioois
1322 1379 1432 1409 propter
1459 1375 1599 1402 veritatem
1629 1375 1684 1406 Dei,
1716 1376 1750 1402 ad

970 1421 1171 1449 conﬁrmaudas
1196 1421 1390 1455 promissioues
1407 1427 1512 1455 patrum
1534 1429 1541 1448 :
1558 1425 1652 1455 gentes
1665 1425 1755 1448 autem

969 1473 1050 1500 super
1061 1466 1247 1492 misericordia
1265 1466 1400 1492 honorare
1413 1465 1496 1492 Deum
1515 1466 1547 1492 ³³.
1569 1475 1578 1490 ι
1593 1465 1754 1493 Promissio-

970 1519 1016 1538 ncs
1035 1511 1157 1546 patribus
1183 1510 1267 1538 factas
1290 1511 1323 1537 ad
1348 1509 1455 1538 Iudaeos
1476 1511 1612 1545 pertinere
1627 1511 1756 1546 praedicat

972 1556 1080 1584 divinus
1107 1555 1216 1583 Paulus.
1239 1556 1273 1582 At
1298 1556 1435 1591 prophetae
1463 1556 1600 1584 Christum
1633 1557 1754 1590 gentium

971 1602 1200 1636 exspectationem
1214 1601 1282 1634 fore,
1297 1601 1353 1636 jam
1368 1601 1467 1628 dudum
1483 1605 1545 1628 ante
1556 1602 1750 1636 praedixerant.

971 1648 1063 1682 Itaque
1077 1648 1206 1675 Dominus
1222 1652 1315 1675 noster
1331 1647 1411 1675 Iesus
1425 1646 1550 1674 Christus
1564 1647 1655 1674 Patris
1676 1648 1754 1674 nutui

969 1702 1029 1722 sese
1041 1693 1223 1726 contormans,
1236 1692 1463 1725 circumcisiouis,
1473 1693 1524 1720 hoc
1536 1697 1588 1726 est,
1601 1692 1754 1720 Judteurum

969 1738 1093 1766 minister
1109 1738 1196 1765 factus
1211 1743 1263 1769 est,
1278 1737 1312 1764 atl
1326 1737 1533 1771 promissionum
1550 1744 1610 1772 qua:
1634 1737 1758 1772 patribus

968 1784 1046 1812 facta:
1065 1784 1173 1811 fuerant
1188 1783 1451 1811 corroborationem.
1470 1783 1579 1811 Dictum
1608 1784 1680 1810 enim
1697 1782 1754 1810 l'uc<

970 1836 1031 1858 rat:
1054 1840 1064 1856 ι
1083 1830 1178 1858 Justus
1202 1838 1236 1857 ex
1257 1830 1309 1857 ﬁde
1326 1830 1399 1857 vivet
1411 1829 1434 1846 ³⁸
1451 1838 1458 1856 :
1477 1839 1487 1856 ι
1511 1830 1637 1865 gentibus
1663 1835 1757 1856 autem

969 1877 1075 1904 viviﬁca
1098 1881 1126 1904 et
1140 1875 1272 1911 spiritalis
1288 1876 1453 1909 benedictio,
1468 1881 1497 1903 ut
1511 1881 1539 1903 et
1558 1876 1624 1910 ipsae
1647 1883 1757 1911 quoque

968 1930 1017 1957 per
1046 1923 1125 1950 ﬁdem
1150 1928 1265 1954 vocalat,
1294 1930 1325 1949 ac
1349 1922 1566 1950 misericordiam
1591 1927 1755 1954 consertum,

970 1969 1053 1995 Deum
1071 1967 1233 2003 glorificent.
1253 1966 1497 1994 Verumenimvero
1519 1967 1582 1994 licet
1605 1967 1755 1994 secundum

969 2014 1114 2041 humanam
1140 2018 1266 2041 naturam
1293 2012 1380 2040 factus
1409 2013 1445 2040 sit
1473 2012 1607 2045 minister,
1635 2017 1754 2039 attamen

971 2065 1024 2086 tam
1045 2059 1078 2086 iis
1093 2059 1139 2094 qui
1156 2067 1190 2087 ex
1214 2058 1426 2087 circumcisione
1448 2063 1519 2092 sunt,
1546 2065 1627 2093 quam
1650 2059 1756 2085 caeteris

969 2112 1076 2140 quoque
1106 2105 1151 2139 qui
1190 2112 1223 2132 ex
1251 2105 1385 2139 gentibus,
1408 2104 1593 2132 annuntiatur
1616 2109 1645 2131 ut
1672 2104 1753 2131 Deus.

971 2151 1083 2185 Utrique
1097 2150 1168 2177 enim
1185 2151 1211 2177 in
1236 2149 1373 2177 Christum
1391 2158 1444 2178 non
1459 2155 1585 2185 tanquam
1598 2151 1626 2177 in
1645 2158 1755 2184 purum,

132 2197 245 2231 σαρκὸς,
254 2197 337 2232 ἤγουν
350 2198 569 2234 ἀνθρωπότητος,
577 2199 623 2225 τὸν
632 2199 664 2225 ἐκ
676 2198 744 2225 Θεοῦ
756 2198 841 2232 Λόγον
851 2200 917 2233 ὁμο-

1007 2201 1124 2231 strchue
1140 2196 1222 2223 sortis
1236 2196 1385 2229 hominem,
1402 2196 1449 2223 sed
1466 2201 1594 2231 tanquam
1619 2196 1646 2222 in
1671 2196 1759 2223 Deum

131 2242 272 2277 λογοῦντες
290 2243 434 2279 ὑπάρχειν,
451 2245 662 2280 σεσαρκωμένον
672 2244 701 2271 δὲ
717 2244 764 2271 καὶ
782 2244 918 2280 ὲνανθρω-

130 2289 255 2325 αήσαντα
268 2290 483 2325 προσκυνοῦντες
495 2290 586 2319 αὐτόν.

168 2422 232 2451 KA'.
252 2433 262 2449 ‹
280 2424 317 2450 Τὸ
329 2425 384 2459 γάρ
401 2432 442 2450 τοι
456 2423 531 2459 ῥῆμα
543 2423 593 2458 τῆς
606 2423 734 2455 πίστεως,
747 2422 762 2449 ὃ
782 2422 917 2458 κηρύσσο-

135 2478 196 2505 μεν,
216 2469 354 2506 διατρανοί
369 2470 455 2504 λέγων
473 2471 488 2496 ὁ
503 2469 637 2505 μακάριος
657 2469 773 2502 Παῦλος,
789 2469 851 2496 Ὅτι
869 2469 917 2496 ἐὰν

970 2243 1131 2275 credentes;
1156 2249 1241 2276 neque
1264 2241 1311 2269 Dei
1332 2242 1449 2270 Verbum
1466 2247 1543 2269 extra
1556 2249 1677 2274 carnem,
1703 2243 1755 2269 hoc

971 2292 1012 2315 est
1040 2288 1186 2315 humanam
1210 2291 1348 2320 naturam,
1373 2287 1490 2322 positum
1517 2288 1692 2322 proﬁtentes,
1707 2289 1758 2315 sed

971 2333 1150 2364 iucaruatum,
1179 2340 1297 2367 vereque
1325 2333 1460 2360 hominem
1482 2333 1584 2360 factum
1598 2334 1755 2365 adorantes,

970 2379 1058 2406 vocati
1077 2383 1141 2407 sunt
1154 2379 1188 2406 ad
1200 2379 1294 2406 vitam.

1005 2423 1100 2452 XXIV.
1119 2433 1129 2450 ι
1149 2423 1264 2452 Verbum
1281 2429 1369 2451 autem
1396 2423 1456 2452 ﬁdei
1483 2425 1553 2459 quod
1575 2425 1757 2458 praedicamus

971 2470 1122 2506 (inquiebat
1135 2469 1299 2505 Apostolus),
1319 2471 1369 2496 hoc
1387 2475 1428 2497 est
1443 2479 1449 2497 :
1472 2469 1539 2503 Quia
1557 2471 1578 2497 si
1599 2471 1755 2499 conﬁtearis

136 2517 215 2552 εῐπῃς
234 2517 263 2544 ἐν
279 2517 317 2552 τῷ
334 2517 448 2552 στόματί
472 2525 529 2549 σου,
547 2516 649 2551 Κύριος
674 2515 788 2550 Ἰησοῦς,
809 2515 856 2542 καὶ
872 2524 917 2542 πι-

1005 2522 1052 2542 ore
1063 2520 1108 2542 tuo
1120 2515 1260 2542 Dominum
1268 2517 1371 2546 Iesum.
1383 2520 1409 2543 et
1419 2515 1444 2542 iu
1458 2516 1538 2542 corde
1548 2520 1594 2542 tuo
1606 2516 1754 2543 credideris

137 2563 251 2598 oration;
270 2564 299 2589 ἐν
313 2564 347 2598 τῇ
367 2563 466 2598 καρδίᾳ
478 2571 536 2594 σου.
551 2562 617 2588 ὃτιό
630 2562 696 2593 Θεὸς
710 2561 791 2588 αὑτὸν
807 2561 917 2597 ἤγειρεν

1006 2561 1040 2588 od
1049 2561 1120 2588 Deus
1133 2560 1204 2587 illum
1219 2561 1381 2588 suscitavita
1390 2561 1513 2593 mortuis,
1526 2561 1616 2588 salvus
1630 2561 1684 2589 eris
1694 2561 1727 2588 ".
1741 2571 1751 2587 ι

135 2609 167 2635 ἐκ
181 2609 294 2644 νεκρῶν,
308 2608 428 2645 σωθήσῃ.
447 2618 456 2634 ι
473 2607 539 2635 Εἶτα
551 2608 610 2639 πῶς
623 2608 656 2634 ἂν
669 2608 701 2634 ἐκ
714 2607 821 2643 νεκρῶν
837 2609 917 2641 exap-

1005 2613 1026 2633 m
1046 2612 1107 2633 cum
1127 2604 1197 2633 Deus
1214 2610 1307 2641 suapte
1321 2612 1415 2633 natura
1427 2606 1462 2633 sit
1481 2606 1650 2639 iuunortalis,
1679 2606 1753 2634 siin-

741 2675 785 2703 ιιι
800 2675 875 2704 Petr.
888 2682 918 2708 u,

1016 2673 1041 2689 ³³
1054 2672 1133 2701 Rom.
1153 2681 1199 2706 xv,
1226 2674 1253 2707 8,
1269 2675 1296 2702 9.
1354 2674 1376 2690 ³⁵
1391 2674 1473 2702 Ilebr.
1496 2683 1523 2707 x,
1550 2675 1594 2703 58.
1634 2675 1657 2692 ³⁵
1673 2675 1753 2707 Rom,

170 2677 192 2693 ³⁸
212 2677 290 2705 Rom.
308 2685 369 2711 vut,
382 2678 408 2705 7.
463 2678 483 2694 ³⁸
501 2677 586 2705 Galal.
602 2684 640 2710 IV,
659 2676 687 2704 4.

135 2721 163 2746 λ,
177 2713 205 2745 7,
226 2714 252 2740 8.

681 2769 767 2797 Variae
781 2767 910 2797 lectiones
921 2766 1024 2796 codicis
1037 2767 1214 2803 chuieriaui.

137 2839 147 2854 ε
165 2833 264 2868 ἂθλοιξ,
281 2834 296 2869 ἢ
313 2833 428 2867 στολαῖς.
466 2834 479 2855 ιι
494 2834 711 2872 στεφανουμένην
