1872 3057
93 114 109 140 1
116 114 180 141 569

516 117 561 143 AD
581 114 729 143 IlEG-INAS
750 114 794 141 DE
813 114 925 141 RECTA
946 115 1022 143 FIDE
1042 117 1172 145 ORATIO
1192 117 1343 146 ALTERA.

1667 119 1679 146 1
1684 118 1737 147 5Ίο

93 171 178 198 Θεοῦ
201 172 247 199 καὶ
265 172 370 208 [ἰατρὸς
386 173 497 207 γέγονεν
515 173 630 209 Ἰησοῦς,
643 173 782 200 τουτέστιν
793 173 832 200 ἄν(

998 175 1135 203 tiessionis
1162 181 1261 203 nostra:
1289 174 1428 210 apostolus
1452 178 1480 201 et
1508 173 1628 208 pontifex
1649 181 1664 200 a
1681 173 1736 202 Deo

95 226 159 249 πος
176 217 309 253 πεφηνὼς
323 219 337 244 ὁ
353 219 385 245 ὲκ
398 219 466 245 Θεοῦ
483 219 570 254 Λόγος
581 229 587 234 ·
600 219 661 246 τότε
676 219 731 254 γὰρ
743 219 900 253 ὠνόμασται

98 265 157 291 καὶ
177 264 283 299 Ἰησοῦς
295 265 339 291 διὰ
352 267 401 300 τῆς
417 265 464 292 τοῦ
484 265 600 300 ἀγγέλου
619 267 720 300 φωνῆς.
733 266 789 293 Καὶ
803 265 902 300 μικρὸν

102 311 161 345 μὲν
176 311 275 346 κομιδῇ
284 312 317 346 τῇ
332 310 378 337 τοῦ
393 312 480 345 Λόγου
492 312 572 345 φύσει
585 312 616 338 τό
631 320 661 339 τε
675 312 724 346 τῆς
738 311 899 347 ἱερωσύνης,

101 355 156 381 καὶ
173 355 205 381 τὸ
222 355 272 389 τῆς
287 355 439 390 ἀποστολῆς
453 356 538 391 ὄνομά
552 365 581 383 τε
595 357 642 384 καὶ
657 357 769 392 χρῆμα·
790 358 844 388 τοῖς
867 365 900 390 γε

104 401 166 435 μὴν
179 401 234 435 -τῆς
247 401 458 436 ἀνθρωπότητος
480 403 591 437 μέτροις
606 402 649 437 εἴη
664 403 696 429 ἂν
709 403 760 429 οὐκ
782 403 902 437 ἀνάρμοσ

104 454 186 473 στον.
213 447 256 478 Ὠς
269 446 324 482 γὰρ
339 447 420 479 αὑτός
436 447 487 474 πού
509 457 601 482 φησιν,
617 459 626 474 ‹
651 449 680 475 '0
694 448 757 479 Υἱὸς
774 448 824 474 οὐκ
836 446 901 483 ἦλθε

103 491 317 527 διακονηθῆναι,
327 493 395 519 ἀλλὰ
407 493 577 528 διακονῆσαι,
589 494 635 521 καὶ
645 495 736 522 δοῦναι
751 494 800 529 τὴν
813 494 901 529 ψυχὴν

104 537 194 564 αὑτοῦ
211 538 369 573 ἀντίλυτρον
381 539 450 573 ὑπὲρ
463 540 577 566 πολλῶν.
597 550 609 569 ,ο
625 541 661 566 Τὸ
678 540 726 575 μὲν
739 540 794 576 γὰρ
808 540 901 567 διακο-

104 585 216 611 νεῖσθαι
231 585 308 620 παρὰ
319 586 369 620 τῆς
385 586 510 618 κτίσεως,
523 586 623 620 πρέποι
636 586 668 615 ἂν
684 587 757 621 αὺτῷ
767 587 813 613 καί
830 587 901 622 μάλα

105 630 236 661 εἰκότως,
254 630 349 665 ὥσπερ
374 630 433 666 Θεῷ
456 631 503 658 καὶ
519 632 651 666 Δεσπότῃ,
670 632 716 658 καὶ
739 631 791 658 ὑπὸ
818 632 901 664 πόδας

103 674 201 710 ’ἔχοντι
221 677 275 702 πᾶν
301 677 369 711 ὅπερ
386 677 446 703 ἐστὶ
462 677 586 711 γενητόν.
607 677 643 703 Τὸ
663 677 691 707 δέ
707 686 738 712 γε
757 678 900 710 διακονεῖν,

106 721 281 755 ἀνθρώπινον
299 721 349 756 μέν
359 729 365 736 ·
385 722 456 757 πλὴν
471 722 534 749 ὅσον
550 719 618 757 ἧκεν
634 723 674 754 εις
684 723 747 754 τοὺς
762 724 811 758 τῆς
833 724 901 758 μετὰ

104 767 217 802 σαρκὸς
229 767 385 802 οἰκονομίας
400 767 508 802 λόγους,
528 769 578 795 οὐκ
593 768 723 800 ἀπεοικὸς
738 769 776 804 τῷ
788 778 819 803 γε
833 770 901 800 ὅλως

108 812 210 838 ἑαυτὸν
220 812 332 840 καθέντι
347 813 416 848 πρὸς
432 813 471 840 τὰ
484 813 654 849 ἀνθρώπινα.
672 814 767 849 ’Δθρει
777 815 806 841 δὲ
827 815 901 847 ὅπως

110 856 247 892 ἱερατεύει
265 858 314 892 μὲν
328 858 516 894 ἀνθρωπίνως,
527 860 574 887 καὶ
584 859 697 895 μεσίτης
707 861 823 887 τέθειται
831 861 899 887 Θεοῦ

109 902 159 928 καὶ
175 902 341 937 ἀνθρώπων·
364 904 503 939 μεσιτεύει
528 905 582 939 γὰρ
605 906 659 936 πᾶς
686 904 790 940 ἱερεύς·
809 905 854 932 τὸν
871 905 899 933 δὲ

110 946 162 982 τῆς
187 947 283 979 Θυσίας
297 948 396 983 τρόπον
412 950 462 976 οὐκ
483 949 523 976 ἔτι
538 949 598 977 καθ’
614 950 663 977 ἕνα
682 951 736 982 τῶν
751 951 812 978 καθ’
825 952 899 986 ἡμᾶς

112 993 209 1028 ἱερέων
226 995 406 1030 προσ-κομίζει
427 995 629 1031 δουλοπρεπῶς,
647 996 722 1023 οὐδὲν
741 996 822 1028 αὐτὸς
839 998 899 1023 ὲπι-

111 1039 250 1067 κοινωνῶν
266 1041 306 1072 εἰς
317 1041 348 1066 τὸ
368 1041 462 1067 λαϐεῖν
473 1042 557 1077 αὑτήν
568 1050 574 1056 ·
589 1042 646 1068 ἀλλ’
667 1042 754 1077 ἑαυτῷ
767 1051 898 1078 πραγμα-

109 1084 231 1118 τεύεται,
249 1087 296 1112 καὶ
311 1086 345 1116 δι’
368 1087 453 1114 αὐτοῦ
474 1097 503 1114 τε
522 1088 569 1114 καὶ
593 1089 623 1114 ἐν
647 1088 722 1123 αὐτῷ
738 1089 776 1124 τῷ
799 1090 897 1124 Πατρῑ.

116 1131 265 1167 Ἱερουργεῐ
286 1133 341 1167 γὰρ
361 1133 441 1168 ἡμῶν
465 1133 514 1169 τὴν
529 1134 684 1169 ὁμολογίαν,
707 1135 831 1162 τουτέστι
849 1135 899 1171 τὴν

111 1177 214 1209 πίστιν,
240 1178 273 1213 ἣν
297 1179 344 1204 καὶ
367 1179 456 1214 ὀρθῶς
472 1180 666 1215 κατειθίσμεθα
689 1181 833 1212 ποιεῖσθαι,
854 1181 898 1207 λέ.-

112 1231 225 1256 γοντες·
246 1233 255 1248 ε
271 1223 440 1258 Πιστεύομεν
457 1225 498 1255 εἰς
519 1224 566 1250 ἕνα
581 1224 646 1251 Θεὸν
667 1225 777 1261 Πατέρα
796 1234 898 1252 παντο-

113 1268 237 1303 κράτορα
252 1276 259 1284 ·
276 1269 324 1295 καὶ
339 1270 379 1300 εἰς
396 1269 444 1295 ἕνα
464 1269 567 1305 Κύριον
589 1270 691 1304 Ἰησοῦν
710 1271 826 1306 Χριστὸν
853 1271 898 1298 τὸν

111 1314 176 1340 Υἱὸν
193 1314 290 1345 αὐτοῦ’
307 1315 353 1341 καὶ
368 1315 409 1346 εἰς
423 1314 454 1341 τὸ
471 1314 583 1350 Πνεῦμα
602 1315 632 1341 τὸ
650 1316 737 1350 ἅγιον.
757 1325 765 1341 ι
783 1316 896 1349 Οὐκοῦν,

110 1359 163 1387 κᾶν
188 1360 339 1395 ἱερατεύειν
356 1360 534 1395 ἀνθρωπίνως
557 1361 681 1395 λέγηται,
704 1361 772 1388 ἀλλὰ
791 1362 898 1397 δέχεται

109 1406 160 1440 τὴν
179 1405 273 1432 Θυσίαν
288 1405 369 1438 αὐτὸς
389 1406 496 1438 Οεϊκῶς,
507 1407 521 1432 ὁ
536 1406 617 1438 αὐτὸς
633 1406 670 1432 ὢν
685 1407 752 1442 ὁμοῦ
769 1407 834 1439 Θεὸς
852 1408 898 1434 καὶ

110 1451 264 1486 ἄνθρωπος.
278 1451 394 1486 Εἴρηται
408 1451 436 1477 δὲ
451 1451 556 1483 πιστὸς,
575 1451 617 1477 διὰ
634 1451 664 1477 τὸ
681 1452 723 1479 ἀεὶ
747 1451 842 1484 σώζειν
854 1453 898 1479 δύ-

111 1497 210 1523 νασθαι
221 1497 283 1528 τοὺς
294 1496 530 1532 προσερχομένους
538 1497 571 1523 δι’
580 1497 662 1524 αὑτοῦ
672 1498 709 1533 τῷ
718 1498 786 1533 Θεῷ.
800 1499 898 1530 Πιστὸς

111 1542 140 1568 δὲ
156 1543 313 1577 ὠνόμασται
332 1543 379 1569 καὶ
392 1543 472 1573 αὐτὸς
486 1543 499 1568 ὸ
517 1543 622 1578 Πατήρ.
640 1543 856 1579 Συγκρινόμενος
869 1545 897 1572 δέ

112 1597 172 1620 πως
186 1590 218 1624 τῇ
237 1590 358 1620 Μωσέως
372 1588 494 1624 διακονίᾳ
508 1588 581 1614 κατὰ
591 1589 620 1618 τὸ
634 1589 814 1624 ἀνθρώπινον,
831 1591 897 1625 ὅσην

112 1635 169 1669 ἔχει
182 1634 230 1670 τὴν
247 1634 382 1671 ὑπεροχὴν
400 1636 471 1661 κατά
484 1643 513 1668 γε
530 1635 561 1660 τὸ
577 1633 646 1661 εἶναι
665 1635 741 1667 Θεὸς,
762 1636 898 1671 ἀναμάοοι

112 1689 154 1712 τις
172 1681 215 1712 ἂν,
235 1682 282 1708 καὶ
298 1682 327 1709 οὐ
342 1682 389 1707 σὺν
404 1680 496 1715 ἱδρῶτι
511 1680 619 1715 μακρῷ,
637 1680 746 1714 ἐννοῶν,
759 1682 800 1708 ὅτι
816 1682 830 1708 ὁ
850 1682 899 1717 μὲν

112 1727 150 1758 ὡς
161 1727 268 1762 οἰκέτης
283 1728 312 1754 ὲν
328 1727 366 1762 τῷ
381 1727 447 1762 οἴκῳ
463 1727 567 1758 πιστὸς,
579 1727 593 1752 ὁ
610 1727 638 1753 δὲ
653 1726 690 1757 ὡς
699 1727 837 1762 Δεσπότης
853 1728 899 1754 ἐπὶ

114 1774 160 1799 τὸν
179 1772 253 1801 οἷκον
276 1773 369 1802 αὑτοῦ,
386 1775 441 1802 Καὶ
454 1774 495 1800 ὃτι
509 1773 555 1799 τοῦ
577 1771 652 1798 οἴκου
675 1774 900 1808 κατασκευαστὴς

115 1821 161 1846 ναὶ
171 1820 334 1855 δημιουργὸς
344 1822 357 1847 ὁ
374 1819 566 1856 Ἐμμανουήλ·
581 1815 611 1844 οὗ
625 1816 698 1850 οἶκός
712 1819 795 1853 ἐσμεν
808 1820 897 1854 ἡμεῖς.

122 1865 298 1901 Ἀσύγκριτος
308 1866 335 1892 δὲ
350 1866 465 1901 Ποιητοῦ
481 1865 550 1901 πρὸς
564 1867 594 1893 τὸ
610 1865 721 1900 ποιηθὲν
739 1866 755 1900 ὴ
771 1865 897 1900 διαφορὰ,

115 1912 162 1938 καὶ
179 1911 226 1938 τοῦ
241 1912 312 1938 κατὰ
327 1912 407 1946 φύσιν
420 1912 555 1942 Δεσπότου
571 1912 640 1947 πρὸς
654 1910 685 1937 τὸ
699 1910 791 1938 δοῦλον
805 1916 815 1930 ε
833 1911 900 1946 ἀλη-

116 1958 168 1989 θῶς
182 1958 226 1984 καὶ
243 1959 272 1984 ὲν
290 1958 383 1992 ὑφέσει
399 1958 552 1993 νοούμενον.

951 221 1031 248 Patre
1055 222 1193 250 institutus
1217 228 1259 249 est
1286 222 1374 254 Iesus,
1400 221 1450 248 hoc
1480 225 1521 247 est
1551 220 1598 248 Dei
1619 219 1737 248 Verbum

952 267 1132 295 inearnatnm.
1160 268 1236 295 Tunc
1257 268 1328 295 enim
1344 267 1407 294 Jesu
1428 268 1536 293 nomine
1549 274 1597 300 per
1611 266 1737 301 angelum

952 313 1112 347 appellatum
1128 319 1180 341 est.
1208 314 1241 340 Et
1265 313 1373 347 quidem
1400 312 1545 339 sacerdotii
1559 315 1586 338 et
1604 310 1739 345 apostola-

953 364 995 386 tus
1019 367 1115 386 nomen
1130 364 1156 386 et
1175 367 1230 391 res,
1249 359 1394 393 perexigua
1411 362 1484 389 sunt,
1500 357 1522 384 si
1538 357 1621 384 Verbi
1636 360 1739 383 mturaa

951 405 1144 436 attribuantur,
1159 410 1346 432 verumtamen
1365 404 1490 431 humanm
1511 407 1613 431 natura).
1630 401 1739 428 modulo

952 458 1004 477 non
1018 451 1165 486 incongrue
1180 451 1367 484 adaptautur.t
1384 449 1449 476 Nam
1466 448 1550 476 Filius
1563 450 1604 483 (ut
1621 448 1678 482 ipse
1687 447 1739 473 ali-

952 497 1012 524 cubi
1025 498 1149 531 testatur)
1163 504 1214 524 non
1223 501 1333 524 venerat
1344 495 1503 527 ministrari,
1514 495 1560 521 sed
1573 494 1738 525 ministrare,

951 549 979 571 et
990 544 1054 570 dare
1065 544 1183 570 animam
1196 550 1272 570 suam
1289 541 1497 576 redemptionem
1520 548 1569 575 pro
1584 539 1674 566 nutltis
1685 538 1736 566 ⁸⁰.›

952 589 1029 622 Quod
1050 589 1130 624 igitur
1146 593 1331 616 creaturarum
1348 587 1469 614 omnium
1502 586 1652 613 ministerio
1677 584 1739 619 jure

952 635 1049 662 merito
1065 635 1195 669 potiatur,
1205 635 1257 662 hoc
1275 634 1335 661 inde
1352 634 1443 667 habet,
1457 634 1521 667 quia
1535 633 1604 660 Deus
1617 636 1669 664 est,
1684 632 1738 659 Do-

952 682 1041 709 minus
1060 686 1103 709 est
1118 685 1256 715 totumque
1274 680 1344 714 quod
1370 684 1457 708 ortum
1476 679 1570 713 quovis
1584 678 1663 705 modo
1679 686 1739 705 sor-

948 727 1030 756 titum
1048 731 1100 758 est,
1122 727 1234 760 pedibus
1251 726 1321 753 illius
1334 726 1504 752 snbstratum
1520 729 1564 751 est
1579 733 1586 751 :
1603 724 1674 758 quod
1690 731 1739 750 au-

954 777 1006 800 tem
1024 772 1171 804 ministrat,
1185 772 1235 799 hoc
1247 776 1350 799 natura;
1363 771 1486 798 humanm
1499 774 1550 796 est.
1564 767 1657 803 Neque
1673 768 1736 806 hoc,

952 818 975 844 si
993 817 1199 851 dispensationis
1220 824 1280 844 cum
1307 823 1390 843 carne
1417 815 1549 842 rationem
1575 817 1692 848 spectes,
1707 813 1738 839 il-

953 864 1007 890 lum
1034 863 1158 895 dedecet,
1183 863 1228 896 qui
1253 870 1282 889 se
1307 861 1391 888 semel
1421 862 1453 888 ad
1483 862 1599 887 humana
1617 859 1736 886 demisit.

953 908 1020 936 Vide
1031 909 1098 942 jam,
1115 908 1250 942 quomodo
1267 908 1414 935 scentulum
1446 907 1589 933 humanam
1612 910 1738 932 naturam

953 955 1094 983 sacerdotii
1123 962 1222 981 nutans
1249 953 1339 984 obeat,
1366 953 1549 986 mediatorque
1565 952 1636 978 inter
1652 951 1736 977 Deum

952 1006 978 1027 et
994 1001 1117 1028 homines
1141 1000 1256 1027 exsistat
1271 1008 1277 1025 :
1295 999 1385 1026 omnis
1400 998 1472 1025 enim
1489 998 1618 1025 sacerdos
1633 997 1737 1023 media-

954 1047 1019 1074 toris
1037 1047 1123 1074 oiliciu
1139 1046 1260 1080 ftmgitur
1275 1055 1283 1078 ;
1301 1051 1486 1073 verumtamen
1507 1043 1634 1071 sacriﬁcii
1655 1043 1736 1069 ritum

953 1101 1005 1121 nou
1022 1093 1078 1121 obit
1092 1093 1226 1122 serviliter
1237 1092 1409 1119 sacerdotum
1423 1091 1510 1119 nostri
1527 1089 1632 1116 ordinis
1648 1096 1735 1120 more,

952 1139 1028 1173 quasi
1046 1139 1103 1171 ipse
1121 1146 1172 1164 non
1190 1139 1226 1165 sit
1244 1138 1285 1164 cui
1302 1137 1383 1164 etiam
1411 1136 1576 1164 sacriﬁcium
1604 1133 1736 1161 oil'ertur:

952 1184 999 1211 sed
1025 1184 1119 1218 sihipsi
1141 1192 1250 1218 quoque
1274 1183 1428 1215 sacriﬁcat,
1453 1187 1479 1209 ct
1494 1189 1542 1216 per
1561 1181 1691 1215 seipsum,
1711 1183 1740 1206 et

951 1228 978 1256 in
999 1229 1087 1261 seipso
1106 1228 1160 1254 Deo
1180 1228 1265 1255 Patri.
1297 1227 1381 1255 Oil‘ert
1411 1232 1500 1253 autent
1528 1231 1647 1253 nostram
1673 1232 1738 1251 cou-

952 1274 1110 1306 fessionem,
1132 1274 1185 1301 hoc
1209 1279 1251 1300 est
1273 1273 1351 1300 ﬁdem
1367 1281 1374 1305 ;
1391 1281 1470 1306 quam
1491 1272 1542 1298 rite
1567 1271 1656 1298 facere
1671 1278 1738 1298 con-

952 1320 1099 1353 suevilnus,
1126 1320 1249 1347 dicentes
1266 1329 1273 1347 :
1289 1329 1298 1344 ‹
1316 1319 1458 1346 Credimus
1482 1319 1508 1345 in
1522 1317 1606 1344 Deum
1630 1316 1737 1342 Patrem

951 1366 1162 1401 ouinipotenletu
1177 1375 1184 1397 ;
1201 1371 1227 1392 et
1242 1366 1267 1394 in
1286 1373 1368 1393 unum
1393 1365 1536 1392 Dominum
1551 1363 1642 1390 Jesum
1658 1362 1738 1389 Chri-

952 1417 1024 1439 stum
1038 1412 1134 1439 Filium
1152 1411 1220 1445 ejus,
1235 1417 1259 1438 et
1277 1412 1302 1438 in
1319 1411 1448 1446 Spiritum
1468 1414 1602 1436 sanctum.
1622 1418 1631 1433 ι
1646 1408 1739 1442 Itaque

952 1459 1002 1485 etsi
1015 1458 1166 1485 sacerdotio
1197 1458 1271 1491 fungi
1305 1457 1404 1484 dicitur
1433 1456 1579 1482 secundum
1613 1458 1735 1480 naturam

952 1504 1109 1534 humanam,
1129 1503 1291 1531 sacriﬁcium
1310 1508 1398 1529 tamen
1413 1502 1532 1529 oblatum
1552 1499 1676 1534 suscipit,
1692 1506 1736 1525 se-

951 1551 1068 1576 cundum
1094 1549 1233 1575 divinam:
1257 1553 1300 1574 est
1325 1548 1396 1575 enim
1423 1547 1493 1574 idem
1517 1547 1586 1573 Deus
1609 1545 1690 1572 simul
1710 1549 1738 1571 et

952 1596 1043 1623 homo.
1063 1595 1219 1629 Appellatus
1234 1600 1276 1622 est
1288 1599 1378 1621 autem
1395 1593 1492 1624 ﬁdelis,
1512 1597 1652 1626 propterea
1667 1591 1738 1624 quod

953 1650 1059 1676 seraper
1074 1642 1179 1669 salvare
1194 1645 1274 1675 queat
1292 1647 1348 1672 eos,
1376 1639 1420 1674 qui
1437 1646 1485 1674 per
1502 1639 1587 1672 ipsum
1602 1637 1635 1663 ad
1651 1636 1736 1662 Deum

954 1687 1095 1715 accedunt.
1124 1685 1203 1721 1&9
1225 1686 1295 1718 Quin
1319 1690 1346 1712 et
1366 1685 1422 1719 ipse
1435 1691 1542 1718 quoque
1554 1682 1636 1709 Pater
1650 1681 1737 1708 ﬁdelis

949 1732 1084 1760 interdum
1112 1739 1235 1759 vocatur.
1266 1731 1372 1764 Quanto
1387 1735 1477 1756 alitem
1494 1727 1639 1755 intervallo
1654 1726 1735 1753 mini-

950 1778 1062 1804 sterium
1090 1777 1161 1804 illius
1184 1781 1214 1804 ιιι
1242 1776 1360 1804 hominis
1383 1783 1444 1802 eum
1475 1773 1592 1801 Mosaico
1609 1772 1736 1799 collatum

950 1825 1073 1856 excedat,
1087 1829 1221 1857 quatenus
1240 1822 1283 1849 hic
1300 1823 1322 1849 si
1345 1821 1531 1848 consideretur
1546 1825 1574 1846 ut
1592 1820 1661 1845 Deus
1676 1825 1738 1852 per-

951 1868 1022 1895 facili
1039 1869 1146 1903 negotio
1167 1868 1192 1894 id
1213 1867 1301 1901 quivis
1317 1867 1457 1900 intelliget,
1474 1867 1494 1892 si
1517 1873 1608 1892 secum
1632 1868 1736 1898 reputet

952 1913 1025 1939 illum
1041 1913 1148 1946 quidem
1164 1912 1244 1938 veluti
1263 1911 1365 1937 ﬁdelem
1384 1910 1514 1937 t'autnlum
1536 1909 1562 1936 in
1576 1909 1656 1935 domo
1673 1914 1735 1933 ver-

953 1963 1039 1984 satum
1056 1965 1133 1989 esse;
1153 1957 1224 1983 hunc
1239 1963 1312 1986 vero.
1331 1956 1380 1982 hoc
1392 1960 1435 1982 est
1450 1955 1664 1985 Emmanuclem,
1687 1951 1735 1979 toti

117 2004 203 2030 donati
228 2009 354 2038 tanquam
380 2005 521 2031 Dominum
546 2004 704 2040 praefuisse,
733 2003 788 2030 imo
811 2003 894 2038 ipsius
919 2003 1014 2031 domus
1045 2004 1222 2031 architectum
1248 2003 1471 2036 conditoremque
1507 2001 1664 2031 exstitisse;
1687 2007 1736 2026 cn-

113 2049 155 2082 jns
171 2049 277 2083 quidem
303 2050 398 2077 domus
418 2058 466 2076 nos
486 2058 591 2077 sumus.
617 2049 694 2076 Nulla
729 2057 793 2077 vero
809 2051 975 2083 comparatio
1011 2051 1159 2077 intercech
1194 2050 1263 2076 inter
1286 2057 1329 2076 res
1350 2049 1471 2076 conditas
1493 2053 1520 2075 et
1540 2048 1735 2086 Conditorem:

117 2095 185 2121 inler
197 2103 257 2122 eum
276 2104 394 2127 rursum,
412 2096 457 2129 qui
474 2101 567 2130 suapte
587 2102 682 2123 natura
697 2098 824 2124 Dominus
838 2103 890 2127 est,
912 2102 938 2124 ct
953 2105 1013 2124 eum
1032 2098 1077 2131 qui
1096 2105 1159 2124 vere
1176 2104 1270 2123 servus
1301 2101 1328 2123 et
1341 2096 1475 2123 subditus.

151 2143 211 2170 KZ'.
236 2153 244 2168 ε
266 2143 327 2170 ’Ότι
343 2143 521 2178 καταϐἐὸηκα
540 2144 572 2170 ἐκ
587 2142 634 2169 τοῦ
656 2143 771 2178 οὐρανοῦ
794 2143 843 2178 οὐχ
858 2144 890 2169 ἴνι

997 2143 1093 2170 (XVII.
1116 2153 1125 2168 ι
1141 2144 1208 2176 Quia
1224 2141 1351 2169 descendi
1377 2141 1409 2168 de
1432 2142 1512 2172 ccelo,
1529 2148 1580 2167 non
1598 2145 1626 2166 ut
1640 2140 1736 2168 faciant

118 2189 185 2215 ποιῶ
200 2189 230 2215 τὸ
246 2189 351 2224 θέλημα
365 2189 394 2219 τὸ
411 2189 488 2224 ἐμὸν,
507 2189 575 2217 ἀλλὰ
595 2189 625 2215 τὸ
648 2189 752 2223 θέλημα
766 2189 811 2215 τοῦ
830 2189 900 2224 πέμ-

117 2234 213 2268 ψαντός
228 2243 271 2268 με.
287 2235 371 2261 Τοῦτο
393 2235 414 2263 δ’
435 2235 494 2263 ἐστὶ
513 2235 544 2262 τὸ
559 2235 664 2269 Θέλημα
677 2235 724 2262 τοῦ
743 2235 899 2270 πέμψαντός

120 2288 162 2314 με,
181 2280 223 2306 ἵνα
241 2280 295 2306 πᾶν
314 2280 328 2306 ὃ
351 2280 451 2311 δέδωκέ
471 2288 527 2314 μοι,
550 2280 586 2315 μὴ
608 2280 733 2307 ἀπολέσω
754 2280 783 2312 ἐξ
807 2280 898 2311 αὑτοῦ,

119 2326 184 2353 ἀλλὰ
199 2326 345 2360 ἀναστήσω
365 2325 430 2352 αὐτὸ
443 2327 471 2351 ὲν
486 2327 518 2361 τῇ
533 2325 634 2360 ἐσχάτῃ
653 2325 753 2360 ἡμέρᾳ.
776 2335 785 2351 ι
808 2325 900 2352 Κατα-

120 2372 196 2406 ϐῆναί
215 2380 297 2406 φησιν
310 2372 405 2398 ἑαυτὸν
422 2371 452 2403 ἐξ
463 2371 588 2406 οὐρανοῦ,
603 2371 772 2398 ἀπεστάλθαι
782 2379 811 2397 τε
826 2371 901 2407 παρὰ

119 2417 164 2443 τοῦ
187 2417 253 2443 Θεοῦ
277 2417 324 2443 καὶ
344 2417 460 2452 Πατρὶς,
487 2418 576 2443 καίτοι
599 2418 632 2443 τὰ
656 2418 745 2444 πάντα
773 2417 901 2452 πληρῶν·

121 2463 213 2494 ἐκεῖνο,
234 2459 329 2496 οἶμαι,
359 2462 553 2494 καταδεικνίις,
577 2463 624 2488 καὶ
645 2462 775 2493 καθιστὰς
802 2463 903 2490 ἅπασιν

121 2507 240 2542 ἐναργὲς,
259 2509 300 2534 ὅτι
320 2507 386 2539 Θεὸς
404 2507 441 2533 ὢν
459 2510 472 2534 ὁ
487 2508 583 2541 Λόγος,
604 2503 840 2545 Iamne/$053221:
863 2508 902 2534 οἰ-

122 2553 272 2588 κονομικῶς
291 2555 331 2584 εἰς
344 2553 543 2587 ἀνθρωπότητα
554 2553 587 2580 δι’
600 2554 681 2588 ἡμᾶς.
699 2554 753 2580 Καὶ
767 2553 797 2580 οὕ
811 2552 836 2578 τί
852 2561 902 2578 που

123 2599 212 2631 μεθεὶς
236 2599 269 2625 τὸ
286 2597 356 2626 εἷναι
373 2599 453 2634 φύσει
470 2599 546 2632 Θεὸς,
571 2598 732 2634 προσλαϐὼν
749 2598 777 2624 δὲ
805 2597 903 2632 μᾶλλον

155 2676 176 2692 ⁵⁸
192 2676 285 2703 Matth.
301 2684 346 2709 xx,
360 2676 404 2703 “28.
443 2676 463 2691 "
485 2675 562 2703 Joau.
587 2683 623 2708 vt,
643 2676 688 2706 58,
710 2675 753 2702 59.

953 2189 1117 2215 voluntatem
1140 2196 1237 2219 meum,
1262 2189 1308 2215 scd
1336 2187 1501 2213 voluntatem
1524 2186 1582 2220 ejus
1603 2187 1647 2220 qui
1665 2186 1738 2213 misit

954 2243 1006 2261 tne.
1024 2234 1084 2261 Ιίςιέε
1099 2239 1140 2262 est
1155 2239 1245 2261 autem
1268 2233 1392 2259 voluntas
1407 2233 1465 2266 ejus
1481 2232 1525 2266 qui
1542 2233 1618 2258 misit
1633 2239 1675 2258 tne
1687 2232 1738 2258 Pa-

955 2281 1012 2311 tris,
1034 2286 1063 2306 ut
1081 2288 1160 2307 oinne
1180 2280 1251 2313 quod
1267 2279 1340 2306 dedit
1356 2279 1432 2310 mihi,
1450 2287 1500 2304 non
1520 2278 1630 2312 pt'l'dzlltt
1646 2286 1678 2304 ex
1694 2286 1737 2310 eo,

954 2327 998 2353 sed
1012 2327 1168 2354 rcsuscitent
1191 2327 1254 2353 illud
1277 2326 1302 2352 iu
1324 2325 1470 2351 novissimo
1488 2324 1530 2352 die
1543 2324 1577 2351 “.
1594 2334 1603 2350 ι
1624 2324 1737 2351 Cteiitus

954 2379 982 2398 sc
995 2373 1178 2405 descendisse,
1197 2377 1278 2406 atque
1299 2380 1312 2397 ει
1333 2371 1385 2398 Deo
1406 2371 1486 2397 l’atre
1498 2378 1526 2397 se
1539 2370 1650 2396 missum
1663 2377 1738 2397 asse-

955 2419 1001 2449 rit,
1024 2418 1105 2444 etiam
1128 2418 1151 2444 si
1179 2417 1290 2451 impleat
1310 2416 1399 2442 ornnia
1423 2424 1428 2441 :
1460 2415 1526 2442 illud
1549 2415 1739 2447 omnibus,ut

956 2467 1032 2498 puto,
1054 2463 1252 2493 demonstrare,
1272 2462 1435 2496 planumque
1452 2461 1540 2488 facere
1553 2461 1655 2492 volens,
1668 2462 1739 2494 quod

955 2517 1016 2535 (‘unt
1035 2508 1148 2535 Veritum
1178 2513 1250 2535 esset
1275 2508 1355 2541 Deus,
1378 2507 1575 2540 dispensatoria
1593 2507 1737 2533 rationein

958 2555 1103 2580 humanam
1132 2558 1253 2579 naturam
1283 2557 1392 2586 propter
1420 2559 1468 2578 uos
1486 2559 1515 2578 se
1536 2551 1653 2578 demisit.
1679 2550 1737 2578 Non

956 2597 1026 2631 quod
1043 2604 1089 2631 per
1101 2596 1152 2623 hoc
1167 2596 1236 2623 Deus
1254 2601 1347 2623 natura
1365 2604 1424 2624 esse
1439 2597 1591 2630 desisteret,
1607 2596 1653 2623 sed
1666 2596 1739 2631 quod

662 2751 748 2780 Varia:
762 2752 889 2780 lectiones
902 2751 1002 2779 codicis
1018 2751 1195 2786 chuicriani.

149 2827 161 2844 ο
175 2823 217 2850 τὸν
232 2823 334 2850 δοῦλον.
