1872 3057
167 141 232 172 1571

166 201 192 230 id
217 200 406 235 assuntpserit,
429 198 500 233 qttod
522 204 574 225 non
588 203 646 225 erat
672 207 678 224 :

165 252 361 282 asaumpseral,
384 245 576 279 propriumque
603 244 654 271 sibi
677 244 787 276 fecerat,
810 244 891 270 morti
920 245 951 270 ad

165 297 271 328 tempus
288 292 439 320 contradito
450 311 458 323 ,
476 291 578 318 nullutn
593 298 626 318 ex
645 291 697 318 illis
711 298 780 325 quos
796 296 950 326 acceperat,

166 339 334 373 deperderet,
358 338 405 365 sed
433 342 566 368 servaret,
590 345 622 364 ac
648 336 675 364 iu
700 337 848 364 novissimo
872 337 916 364 die
937 345 950 364 a

165 385 280 411 mortuis
302 383 487 410 resnscitaret.
509 383 576 410 Cum
602 388 691 410 autem
713 391 765 410 non
786 390 876 413 suam.
905 383 951 410 sed

165 429 207 456 sui
220 428 310 456 Patris
320 429 486 456 voluntatem
507 437 536 456 se
551 429 680 463 perﬁcere
693 429 780 460 addit,
797 428 951 456 Judaeorum

164 473 303 500 vesaniam
317 481 349 500 ex
362 473 472 508 obliquo
488 474 666 508 perstringit;
682 477 710 499 ut
725 474 771 507 qui
787 481 862 500 suam
880 481 953 500 sem-

164 525 213 552 per
232 517 396 545 voluntatem
423 519 591 545 constituere
610 523 776 552 satagentes,
790 518 952 552 divinaeque

165 562 238 597 leges
265 563 484 597 parviiacientes,
504 563 537 589 de
556 563 660 590 Domini
684 563 724 590 sui
747 563 852 597 placitis
869 564 950 597 perii-

164 609 268 636 ciendis
287 609 353 636 nihil
369 609 516 644 quidquam
534 610 609 642 pensi
628 608 780 636 haberent:
801 609 863 636 dum
877 609 950 636 enim

164 660 242 680 suum
256 653 306 681 huc
325 654 390 687 ,Ioco
414 659 566 689 promptum
584 655 749 688 obsequendi
771 655 888 682 studium
905 663 951 689 pa-

164 698 217 725 Iam
239 701 420 732 commendat,
448 699 556 727 illorum
588 700 762 728 rebellionem
794 700 950 734 neutiquam

164 746 279 772 obscure
302 745 416 773 incusat.
443 745 513 779 Quin
540 751 568 773 et
594 746 658 773 alibi
675 754 782 781 quoque
798 754 831 773 eo
845 747 952 774 nomine

164 790 224 816 illos
240 791 390 824 insimulat,
410 792 483 826 quod
501 792 574 823 odio.
596 792 787 826 insectatione,
805 793 951 828 iniquoque

163 835 266 869 judicio
290 845 322 864 ex
345 838 469 866 instituto
490 843 587 865 contra
602 846 632 866 se
654 839 837 866 desmvirent:
859 849 868 865 ι
886 839 950 871 Vos,

646 138 676 166 8.
689 137 828 166 CYRILLI
847 136 1084 165 ALEXANDRiNI
1103 138 1262 167 ARCHIEP.

706 203 735 224 ut
753 205 867 231 corpore
882 205 944 232 qum

1033 206 1073 232 τερ
1090 198 1141 224 οὐκ
1151 195 1195 232 ἦν,
1211 197 1254 223 ἴνα
1271 197 1318 224 καὶ
1328 196 1389 227 δοὺς
1402 195 1441 231 τῷ
1460 194 1574 229 θανάτῳ
1587 191 1664 228 πρὸς
1681 190 1770 225 βραχϋ
1780 194 1806 216 το

1735 133 1800 160 ιδτε

1003 244 1102 270 ἑνωθὲν
1116 243 1190 278 αὐτῷ
1202 243 1281 278 σῶμα
1291 243 1339 270 καὶ
1349 243 1413 269 ἴδιον
1425 240 1520 273 αὑτοῦ,
1535 239 1648 275 μηδένα
1665 236 1803 271 ἀπολέει-ξι

1002 289 1056 316 τῶν
1073 289 1204 316 δοθέντων
1224 289 1309 323 αὐτῷ,
1330 287 1451 324 διασώσῃ
1471 287 1500 314 δὲ
1525 285 1649 321 μᾶλλον,
1667 283 1721 309 καὶ
1746 283 1805 309 ἁνα-

1003 337 1090 372 στήσῃ
1106 336 1205 366 αὐτοὺς
1221 337 1234 355 κ
1251 336 1280 361 ὲν
1296 335 1330 370 τῇ
1343 333 1446 369 ἐσχάτῃ
1457 332 1563 369 ἡμέρᾳ.
1586 331 1688 358 Ποιεῖν
1706 326 1806 363 μὲνοῦν

1002 382 1090 415 λέγων
1106 381 1136 407 τὸ
1156 381 1263 416 θέλημα
1278 380 1325 407 τοῦ
1350 379 1467 415 Πατρὸς,
1485 379 1534 406 καὶ
1555 377 1624 412 οὐχὶ
1643 376 1679 410 δὴ
1700 375 1806 402 πάντως

1001 428 1032 454 τὸ
1044 427 1152 459 ἑαυτοῦ,
1167 427 1217 458 τὰς
1237 427 1292 454 τῶν
1311 426 1447 454 Ἰουδαίων
1465 423 1600 454 ἀπονοίας
1619 421 1746 455 ἐλέγχει,
1766 421 1807 446 καὶ

1003 473 1169 508 ὐποπλήττει
1186 473 1319 505 πλαγίως.
1342 472 1380 504 ὡς
1401 471 1491 498 ἀεὶτὸ
1511 470 1579 497 ἴδιον
1603 467 1749 497 ῑστῶντας
1765 466 1807 492 θέο

1003 519 1087 554 λημα,
1109 520 1156 545 καὶ
1175 518 1230 546 τῶν
1246 519 1326 545 θείων
1342 517 1537 553 ὑπερορῶντας
1553 515 1666 550 νόμων,
1681 513 1733 540 καὶ
1746 514 1806 547 παρ’

1002 564 1077 591 οὐδὲν
1100 564 1235 591 ποιεῖσθαι
1249 563 1440 600 μεμεληκότας
1451 562 1482 589 τὸ
1494 561 1534 596 τῷ
1544 560 1682 594 Δεσπότῃ
1693 557 1790 585 δοκοῦν
1798 566 1806 573 ο

1003 611 1093 646 ἐαυτῷ
1104 611 1158 646 γὰρ
1171 611 1201 637 ὲν
1215 611 1320 642 τούτοις
1331 608 1554 646 προσμαρτυρῶν
1571 607 1605 633 τὸ
1621 605 1750 640 εὐήνιον,
1761 605 1807 637 τῆς

1002 657 1114 683 ἐκείνων
1125 655 1267 688 ἀπειθείας
1282 657 1440 691 κατηγορεῖ.
1456 654 1530 689 Ἔφη
1544 653 1603 688 γάρ
1615 660 1674 678 που
1688 650 1740 677 καὶ
1753 650 1806 676 ἑτέ-

1003 702 1070 738 ρωθι
1089 702 1156 735 πρὸς
1172 702 1282 734 αὐτοὺς.
1303 701 1341 733 ὡς
1354 701 1464 728 διώκειν
1476 699 1638 730 ἐθέλοντας,
1656 696 1710 723 καὶ⁸
1723 697 1805 730 μισεῖν

1002 747 1168 783 ᾑρημένους,
1194 747 1241 774 καὶ
1255 747 1347 774 ἄδικον
1367 747 1410 773 ἐπ’
1431 745 1506 781 αὐτῷ
1519 745 1571 780 τὴν
1587 744 1640 771 ἐπὶ
1653 743 1748 776 τούτῳ
1758 742 1805 776 ψῆ-

1003 802 1054 828 φον
1070 793 1255 829 ἐκφέροντας·
1271 802 1280 818 ι
1306 793 1401 828 Ὑμεῖς
1417 792 1487 819 κατὰ
1505 791 1554 827 τὴν
1568 791 1670 826 σάρκα
1689 789 1804 823 κρίνετε.

1003 838 1058 872 ὲγὼ
1074 839 1104 865 οὖ
1116 839 1201 874 κρίνω
1210 839 1320 866 οὐδένα·
1336 839 1382 866 καὶ
1395 837 1443 864 εὰν
1453 837 1577 873 κρίνωδὲ
1592 835 1668 870 ἐγὼ,
1686 836 1704 869 ἡ
1720 833 1803 868 κρίσις

167 882 264 916 inquit,
274 883 421 911 secundum
435 891 543 912 carnem
552 883 697 918 iudicatis;
723 892 772 920 ego
793 893 844 912 non
858 885 946 920 judice

1035 885 1088 920 ἐμὴ
1100 870 1192 912 διιξαια
1209 885 1295 911 ἐστίν·
1312 885 1353 911 ὄτι
1369 885 1399 911 οὐ
1413 870 1488 919 ξητῶ
1503 883 1534 909 τδ
1549 882 1670 916 θέλημα
1687 880 1721 906 τὸ
1733 881 1804 914 ἐμὸν.

165 935 327 962 quemquam
343 937 350 961 ;
369 934 396 956 et
414 929 436 957 si
449 929 541 963 judico
557 937 623 966 ego,
639 930 771 964 judicium
798 939 886 958 meum
906 939 951 958 ve-

165 980 223 998 rum
239 978 280 1000 est
297 983 303 1000 :
321 975 382 1009 quia
411 982 462 1002 non
488 983 580 1010 qua-ro
600 975 765 1003 voluntatem
787 984 886 1009 meam,
904 977 951 1004 sed

165 1018 328 1047 voluntatem
344 1021 402 1056 ejus
416 1022 462 1056 qui
478 1022 550 1049 misit
560 1030 602 1049 me
610 1023 642 1050 δ’.
656 1031 665 1047 ι
675 1022 804 1057 Loquitur
818 1031 882 1058 ergo
893 1024 952 1051 haec

163 1065 312 1092 secundum
331 1067 422 1095 carnis
438 1067 678 1103 dispensationem.

199 1109 315 1138 XXVIII.
347 1112 398 1140 Sed
423 1121 481 1148 age,
510 1122 581 1142 nunc
606 1114 720 1142 alterum
749 1115 814 1142 illud
842 1123 951 1150 quoque

162 1156 358 1189 expendamus.
385 1157 451 1185 Cum
481 1165 496 1186 e
522 1158 592 1185 coelo
613 1158 796 1185 descendisset
817 1163 846 1185 ut
868 1158 948 1191 Deus.

163 1200 222 1227 illos
241 1209 256 1228 a
273 1202 351 1230 Patre
375 1203 425 1230 sibi
446 1203 524 1231 datos
543 1203 668 1236 allirmat,
683 1205 730 1239 qui
751 1205 777 1231 in
798 1205 870 1231 illum
889 1213 948 1232 cre-

162 1247 278 1280 derent;
297 1256 349 1275 non
366 1249 446 1284 [50
460 1255 489 1276 ut
505 1250 565 1277 illos
579 1251 685 1284 perdat,
705 1250 753 1278 sed
771 1256 799 1277 ut
813 1251 839 1278 in
855 1251 949 1278 novis-

162 1293 234 1320 simo
262 1293 306 1321 die
330 1295 362 1322 ad
393 1295 476 1322 vitam
494 1296 687 1323 exsuscitet".
717 1295 771 1324 Sed
800 1304 854 1331 quo
870 1297 949 1324 modo

161 1340 331 1367 exsuscitat?
345 1348 397 1368 non
412 1341 465 1368 alio
479 1349 556 1373 sane,
572 1349 653 1376 quam
671 1349 719 1376 per
733 1350 810 1369 suam
828 1349 861 1369 ex
878 1350 951 1369 utor-

163 1385 216 1413 tnis
245 1387 488 1416 resurrectionem.
514 1387 630 1422 Proprio
657 1395 773 1422 namque
799 1389 898 1423 templo
922 1389 948 1416 in

161 1431 242 1458 vitam
273 1433 416 1465 restituto,
450 1435 599 1469 mortisque
628 1435 740 1470 imperio
764 1443 812 1470 per
835 1437 950 1470 propria:

161 1479 252 1505 carnis
269 1485 384 1507 mortem
397 1480 536 1513 (Ietnolilo,
552 1481 676 1508 humanm
688 1487 791 1509 natura;
806 1481 839 1509 ad
858 1490 950 1510 resur-

1002 931 1070 958 ἁλλὰ
1084 932 1113 958 τὸ
1126 931 1232 967 θέλημα
1252 930 1299 957 τοῦ
1316 930 1476 966 πέμψαντός
1497 937 1542 965 με.
1561 937 1572 954 ι
1598 925 1717 954 Οὐκοῦν
1736 926 1805 952 obto—

1002 976 1122 1012 νομικῶς
1136 976 1170 1003 τὰ
1183 976 1272 1003 τοιάδε
1288 975 1366 1011 φησί.

1036 1119 1105 1146 κη’.
1125 1118 1200 1153 Πλὴν
1219 1118 1308 1144 ἐκεῖνο
1323 1117 1388 1152 φέρε
1403 1117 1447 1152 δὴ,
1464 1115 1532 1151 φέρε
1551 1115 1804 1150 καταθρήσωμεψ

1007 1165 1052 1198 Ἐξ
1063 1164 1179 1201 οὐρανοῦ
1191 1163 1311 1195 καταδὰς
1323 1163 1361 1195 ὡς
1372 1162 1449 1195 Θεὸς.
1462 1162 1590 1189 δεδόσθαι
1607 1162 1701 1196 φησὶν
1718 1159 1804 1193 ἑαυτῷ

1002 1210 1078 1246 παρὰ
1093 1210 1140 1237 τοῦ
1160 1210 1267 1246 nam;
1283 1210 1346 1241 τοὺς
1363 1210 1404 1240 εἰς
1419 1209 1500 1235 αὐτὸν
1519 1207 1746 1238 πιστεύσαντας.
1763 1206 1805 1232 ἵνα

1003 1256 1040 1290 μὴ
1056 1255 1188 1290 ἀπολέσῃ,
1208 1254 1283 1290 σώσῃ
1299 1254 1327 1280 δὲ
1344 1254 1444 1288 μᾶλλον
1459 1253 1568 1285 αὐτοὺς,
1586 1253 1639 1278 καὶ
1659 1252 1802 1285 ἀναστήσῃ

1000 1302 1033 1336 τῇ
1054 1301 1157 1337 ἐσχάτῃ
1171 1301 1274 1336 ἡμέρᾳ,
1303 1300 1364 1332 Πῶς
1378 1297 1425 1326 οὖν
1440 1299 1593 1333 ἀνέστησεν
1604 1318 1613 1329 ,
1642 1298 1661 1332 ἦ
1680 1297 1802 1330 δηλονότι

1000 1346 1044 1373 διὰ
1055 1346 1106 1381 τῆς
1121 1346 1188 1378 ἰδίας
1202 1346 1378 1376 ἀναστάσεως
1390 1344 1442 1379 τῆς
1457 1345 1489 1370 ὲκ
1506 1343 1616 1377 νεκρῶν
1629 1352 1637 1376 ;
1659 1342 1801 1376 Ζωοποιή-

1001 1401 1051 1424 σας
1067 1393 1121 1427 γὰρ
1150 1392 1197 1418 καὶ
1222 1391 1276 1426 πρό
1293 1399 1325 1424 γε
1349 1390 1403 1416 τῶν
1427 1389 1516 1416 ἄλλων
1533 1389 1581 1415 τὸν
1599 1388 1710 1415 ἑαυτοῦ
1729 1387 1800 1419 ναὸν,

1000 1438 1048 1464 καὶ
1066 1438 1097 1464 τὸ
1114 1436 1162 1464 τοῦ
1183 1437 1298 1463 Θανάτου
1317 1435 1484 1466 κατασείσας
1500 1435 1605 1470 κράτος
1621 1433 1672 1460 διὰ
1688 1433 1738 1460 τοῦ
1755 1434 1802 1460 lia-

1000 1485 1080 1511 νάτου
1094 1484 1143 1518 τῆς
1160 1483 1228 1513 ιδίας
1246 1482 1359 1517 σαρκὸς,
1376 1482 1436 1513 ὁδὸς
1459 1481 1554 1515 γέγονε
1574 1482 1610 1516 τῇ
1636 1480 1800 1515 ἀνθρωπεία

162 1525 322 1557 reetionem,
337 1534 440 1554 necnon
453 1528 488 1554 ad
504 1527 678 1555 obtinendam
693 1533 787 1555 contra
799 1529 946 1562 corruptio-

1033 1531 1081 1556 iast
1094 1529 1162 1564 πρὸς
1181 1529 1340 1559 ἀνάστασιν,
1358 1528 1406 1554 καὶ
1421 1528 1489 1562 πρός
1504 1536 1536 1561 γε
1548 1527 1579 1553 τδ
1593 1526 1734 1552 δύνασθαι
1750 1526 1801 1552 λοι-

162 1577 221 1597 nem
245 1572 396 1604 victoriam.
422 1574 493 1600 viam
518 1574 644 1601 munivit.
668 1573 747 1602 Verbi
773 1574 865 1610 itaque
889 1575 947 1607 Dei,

161 1617 232 1651 quod
249 1625 265 1645 e
281 1619 351 1646 cmlo
366 1619 517 1652 descendit,
537 1621 563 1647 id
582 1621 722 1655 proprium
741 1626 792 1652 est.
810 1629 859 1655 per
875 1622 946 1656 quod

161 1662 356 1697 printogenitns
375 1672 409 1691 ex
435 1665 582 1693 mortuis“
606 1665 706 1693 factum
731 1667 792 1694 est?
806 1674 860 1701 quo
882 1667 947 1695 illud

162 1708 301 1741 nimirum,
325 1711 396 1744 quod
424 1711 473 1745 ipsi
497 1712 627 1738 donatum
655 1717 707 1742 est,
737 1719 790 1739 una
813 1720 874 1740 cum
901 1713 948 1741 illo

161 1755 377 1789 exsuscitatum,
405 1761 515 1791 propter
545 1758 704 1792 protoplasti
737 1758 946 1786 inobedientiau

162 1807 214 1826 non
237 1801 354 1836 amplius
373 1808 477 1837 pereat,
497 1804 544 1830 sed
569 1808 680 1839 propter
694 1804 793 1832 Christi
819 1805 948 1833 obedien-

161 1846 238 1878 tiam,
253 1847 366 1874 salutent
379 1853 406 1875 et
420 1849 502 1876 vitam
517 1854 645 1877 mternam
664 1851 795 1878 obtineat.
811 1851 946 1879 Cteterum

160 1897 190 1918 ut
205 1893 285 1919 homo
302 1892 402 1920 factum
420 1899 472 1928 est,
490 1902 536 1922 eos
553 1896 605 1922 sibi
622 1895 701 1923 datos
715 1896 791 1929 dicit,
806 1897 852 1932 qui
865 1897 945 1925 ﬁdem

161 1937 187 1964 in
206 1937 293 1972 ipsmn
316 1940 461 1974 recipiunt.
483 1934 551 1968 Nam
575 1942 666 1969 omnia
679 1950 739 1977 quze
755 1942 844 1971 Patris
872 1948 944 1977 sunt,

160 1983 331 2012 hazreditario
341 1985 404 2020 jure
429 1987 557 2021 possidet.
574 1987 722 2022 Postquam
746 1996 812 2016 vero
824 1989 945 2025 (utdixi)

159 2030 235 2057 carni
251 2035 277 2057 et
298 2033 422 2066 sanguini
437 2034 650 2061 counuunicavit
662 2035 696 2068 ",
709 2040 737 2062 et
751 2042 800 2062 nos
819 2035 844 2062 in
859 2035 944 2069 ipsum

160 2080 191 2102 ut
206 2075 232 2102 in
247 2076 330 2104 Deum
345 2078 519 2110 credidimus,
541 2079 575 2106 ob
589 2079 617 2107 id
635 2079 737 2107 factum
751 2085 802 2112 est,
819 2086 846 2107 ut
862 2081 946 2107 dotta-

161 2121 243 2149 tionis
260 2130 356 2150 nomen
372 2124 395 2151 ei
413 2125 555 2153 tribuatur.
571 2125 637 2153 Nam
655 2126 699 2160 qui
713 2131 775 2153 ante
791 2131 945 2160 susceptam

159 2175 269 2196 carnem
287 2169 448 2204 imperabat,
469 2171 491 2198 is
507 2171 590 2198 etiant
607 2179 690 2199 carne
710 2172 820 2199 indutus
832 2179 945 2206 regnum

1002 1577 1052 1604 σιὸν
1067 1575 1302 1610 κατευμεγεθῆσαι
1320 1573 1515 1610 φθορᾶς.¹Ίδιον
1522 1571 1557 1609 ἦν
1574 1574 1632 1608 ἄρα
1649 1573 1702 1599 τοῦ
1719 1581 1799 1598 κατα-

1002 1623 1180 1658 φοιτήσαντος
1207 1620 1236 1653 ἐξ
1269 1619 1384 1655 οὐρανοῦ
1412 1618 1480 1646 Θεοῦ
1520 1619 1609 1652 Λόγου
1648 1618 1682 1644 τὸ
1715 1617 1749 1644 δι’
1771 1613 1798 1643 οὗ

1001 1669 1095 1703 γέγονε
1113 1666 1286 1702 πρωτότοκος
1300 1666 1332 1692 ὲκ
1346 1665 1462 1700 νεκρῶν’
1485 1664 1529 1691 ἵνα
1548 1664 1596 1690 καὶ
1614 1664 1798 1699 ὲγηγερμένῳ

1001 1712 1188 1748 κατακολουθῇ
1211 1712 1281 1748 πρὸς
1297 1711 1369 1746 ζωὴν
1394 1711 1425 1737 τὸ
1439 1711 1515 1738 δοθὲν
1533 1710 1623 1745 αὐτῷ,
1641 1710 1742 1737 οὐκέτι
1758 1710 1797 1736 διὰ

1000 1760 1050 1796 τὴν
1062 1759 1108 1786 τοῦ
1122 1757 1337 1794 πρωτοπλάστου
1352 1757 1510 1792 παράσασιν
1526 1756 1737 1791 ἀπολλύμενον,
1751 1765 1796 1782 σω-

1000 1808 1115 1843 ζόμενον
1133 1807 1162 1834 δὲ
1186 1805 1287 1842 μᾶλλον
1305 1805 1351 1832 διὰ
1376 1804 1426 1840 τὴν
1450 1804 1575 1839 ὑπακοὴν
1595 1803 1647 1830 τοῦ
1666 1804 1794 1838 Χριστοῦ.

1000 1852 1129 1880 Δεδὸσθαι
1145 1852 1174 1879 δέ
1189 1859 1272 1887 φησιν
1289 1850 1378 1885 ἑαυτῷ
1394 1850 1456 1881 τοὺς
1478 1849 1528 1885 τὴν
1546 1850 1587 1880 εἰς
1603 1849 1691 1876 αὑτὸν
1709 1850 1796 1876 πίστιν

999 1898 1195 1935 προσιεμένους
1213 1897 1306 1929 πάλιν,
1321 1896 1359 1928 ὡς
1375 1895 1520 1930 ἄνθρωπος
1533 1895 1672 1930 γεγονώς.
1691 1896 1794 1929 κλῆρος

1001 1945 1052 1979 μὲν
1065 1944 1119 1980 γὰρ
1138 1943 1203 1975 ῐδιος
1218 1942 1295 1978 αὐτῷ
1318 1942 1408 1969 πάντα
1424 1941 1459 1968 τὰ
1475 1941 1523 1968 τοῦ
1539 1941 1662 1976 Πατρός.
1687 1941 1792 1975 Ἐπειδὴ

999 1989 1038 2020 δὲ,
1053 1988 1091 2020 ὡς
1105 1987 1184 2022 ἔφην,
1199 1987 1334 2023 μετέσχεν
1348 1987 1464 2022 αἵματος
1477 1987 1525 2013 καὶ
1543 1987 1660 2022 σαρκὸς,
1677 1985 1739 2013 εἶτα
1750 1995 1793 2013 πε-

1000 2034 1188 2069 πιστεύκαμεν
1202 2033 1240 2065 ὡς
1252 2033 1322 2068 Θεῷ,
1337 2032 1423 2068 ταύτῃ
1433 2041 1474 2059 τοι
1483 2032 1515 2059 τὸ
1529 2033 1580 2066 τῆς
1591 2033 1700 2064 δόσεως
1711 2032 1792 2067 ὄνομα

999 2078 1241 2115 παρεισκρίνεται·
1259 2078 1437 2113 βεσασίλευκε
1461 2078 1517 2113 γὰρ
1545 2078 1628 2113 ἡμῶν
1653 2079 1704 2105 καὶ
1728 2080 1790 2113 μετὰ

1000 2125 1112 2160 σαρκὸς,
1132 2127 1146 2152 ὁ
1160 2125 1208 2152 καὶ
1224 2126 1278 2159 πρὸ
1295 2125 1380 2161 αὐτῆς
1395 2124 1531 2160 βασιλεὺς.
1544 2125 1601 2151 Καὶ
1617 2124 1687 2158 γοῦν
1703 2125 1740 2156 ὡς
1756 2126 1791 2156 εἰς

999 2171 1047 2206 τὴν
1063 2171 1110 2197 τοῦ
1125 2172 1224 2206 χρῆναι
1240 2171 1395 2206 βασιλεύειν
1419 2171 1507 2206 ἀρχὴν
1523 2172 1788 2206 είσκεκομισμένος,

159 2214 186 2241 ὶιι
202 2223 251 2242 uos
265 2216 390 2243 obtinuit.
405 2217 441 2243 Ita
464 2217 508 2244 ubi
530 2218 645 2252 primum
659 2217 777 2245 Verbum
796 2217 878 2244 homo
896 2225 944 2243 uo-

1033 2225 1043 2242 ε
1057 2217 1153 2250 γέγονε
1169 2216 1229 2243 καθ’
1247 2217 1331 2252 ἡμᾶς,
1356 2225 1366 2242 ι
1385 2216 1487 2252 Κύριος
1500 2237 1507 2248 ,
1527 2217 1624 2252 φησιν,
1643 2214 1709 2243 εἷπε
1728 2217 1788 2252 πρός

159 2258 208 2284 διιί
223 2259 319 2286 similis
330 2259 429 2287 factum
443 2266 495 2292 est,
510 2268 540 2288 ut
555 2261 736 2296 principatum
754 2262 781 2288 in
804 2269 853 2288 nos
865 2269 942 2296 gere-

160 2309 209 2336 tct,
227 2305 415 2341 inauguratum
435 2313 474 2334 est
492 2316 498 2334 :
519 2317 528 2333 ι
544 2307 675 2334 Dominus
691 2308 800 2343 (inquit)
822 2308 891 2335 dixit
909 2307 943 2334 ad

159 2358 224 2378 me:
241 2351 323 2380 Filius
345 2361 420 2380 meus
443 2361 472 2382 es
499 2359 540 2387 tu;
559 2362 609 2388 ego
631 2355 710 2382 hodie
738 2354 819 2390 genui
844 2360 871 2382 te
882 2355 915 2382 “.
931 2363 940 2380 ι

999 2271 1043 2296 με’
1061 2261 1124 2294 Υἱός
1142 2270 1193 2297 μου
1211 2260 1237 2288 εἷ
1254 2263 1298 2294 σὺ,
1315 2261 1372 2295 ἐγὼ
1389 2261 1511 2297 σήμερον
1533 2261 1695 2297 γεγέννηκά
1720 2270 1758 2288 σε.
1777 2271 1785 2286 ι

997 2308 1108 2343 Δέχεται
1131 2308 1220 2334 τοίνυν
1237 2308 1414 2344 ἀνθρωπίνως
1429 2308 1464 2335 τὰ
1487 2308 1597 2343 ἑαυτοῦ,
1612 2309 1706 2335 καίτοι
1729 2317 1786 2335 κατ-

997 2354 1160 2386 εξουσιάξων
1174 2354 1231 2381 τῶν
1245 2355 1315 2381 ὅλων
1330 2354 1368 2386 ὡς
1381 2354 1460 2386 Θεός.

158 2397 286 2430 Quamvis
307 2406 372 2433 ergo
390 2405 418 2426 ut
437 2400 506 2427 Deus
523 2401 648 2429 omnibus
681 2401 853 2433 dominetur;
887 2405 976 2427 tamen
996 2400 1146 2428 secundum
1172 2400 1319 2427 humanam
1344 2404 1481 2432 naturam,
1508 2408 1568 2435 quae
1590 2408 1642 2428 sua
1669 2401 1785 2436 alioquin

158 2450 246 2478 crant,
263 2447 401 2480 accepisse
416 2447 525 2475 dicitur.

246 2502 284 2528 De
308 2502 406 2529 Christi
427 2503 654 2537 sanctiﬁcatione,
682 2504 852 2539 ejusdcmaue

467 2539 625 2567 sacerdotio.

195 2593 289 2620 XXIX.
314 2603 323 2619 ι
342 2594 459 2622 Ducebat
475 2595 546 2622 enim
570 2603 642 2628 eutn,
656 2601 767 2630 propter
782 2603 860 2630 quem
884 2603 942 2622 ont-

194 2683 216 2699 “
236 2683 313 2712 .Ioau.
333 2692 394 2716 vm,
411 2684 453 2717 15,
468 2684 510 2712 I6.
547 2684 696 2717 "Joatm't,
714 2685 759 2712 59.
797 2685 819 2700 "
838 2684 940 2712 Coloss.
957 2686 975 2717 i,
998 2684 1039 2711 I8.

995 2503 1065 2538 Περὶ
1085 2503 1138 2530 τοῦ
1157 2502 1298 2537 ἠγιὰσθαι
1327 2502 1380 2538 τὸν
1401 2503 1542 2536 Χριστὸν,
1569 2511 1618 2530 και
1644 2503 1701 2536 τῆς
1725 2503 1782 2531 καῖ’

1153 2538 1247 2565 αὐτὸν
1259 2537 1428 2572 νοουμένης
1447 2538 1625 2572 ιερωσύνης.

1030 2594 1094 2622 ΚΘ”,
1116 2604 1126 2620 ι
1145 2595 1270 2630 Ἔπρεπε
1294 2594 1347 2629 γὰρ
1363 2593 1444 2620 αὑτὸν
1459 2594 1486 2626 II,
1511 2594 1547 2620 δι’
1572 2594 1602 2620 ὃν
1622 2594 1657 2621 τὰ
1676 2594 1778 2626 πάντα,

1090 2684 1112 2700 ⁸⁸
1127 2683 1208 2712 IIebr.
1223 2693 1252 2718 ιι,
1266 2684 1308 2712 Η.
1346 2683 1369 2700 ⁸⁸
1385 2683 1455 2712 Psal.
1472 2691 1504 2718 tt,
1528 2683 1561 2718 7;
1586 2684 1669 2713 IIebr.
1683 2691 1704 2716 t,
1722 2683 1746 2710 5.

703 2776 788 2803 Varia.-
802 2776 928 2804 lct‘iiOIIL‘S
939 2775 1040 2804 codicis
1055 2774 1234 2809 chuieriani.

197 2852 207 2874 ί
227 2855 309 2889 lar/Sita
326 2855 500 2890 ἀπολείπηται.
540 2860 552 2879 σ
568 2856 642 2882 αὐτὸ.
681 2856 693 2876 II
710 2855 783 2892 αὐτῷ
