1872 3057
30 113 133 141 ιῦἶδ
479 114 525 141 AD
544 113 694 142 REGINAS
713 114 756 141 DE
776 113 875 142 RECT;

955 114 989 142 )E
1008 114 1138 143 ORATIO
1158 114 1308 142 ALTERA.
1635 115 1708 145 ιιι-ιι

29 169 102 196 καὶ
133 170 176 197 δι’
196 167 226 198 οὗ
241 171 276 198 τὰ
291 172 379 199 πάντα
389 192 397 205 ,
412 172 527 203 πολλοὺς
543 172 618 204 υἱοὺς
640 173 680 204 εἰς
701 171 781 205 δόξαν
797 173 864 206 ἁγα-

955 181 971 204 ι,
994 177 1019 200 et
1037 180 1086 208 per
1099 181 1179 208 quem
1203 173 1305 204 omnia,
1331 171 1375 206 qui
1394 171 1492 200 multos
1517 170 1585 199 ﬁlios
1600 172 1626 199 in
1649 172 1706 207 glo-

31 216 150 247 γόντα
167 217 195 248 ί,
209 217 254 251 τὸν
272 217 392 253 ἀρχηγὸν
408 217 458 252 τῆς
474 218 612 253 σωτηρίας
634 218 724 244 αὐτῶν
748 218 792 245 διὰ
812 227 863 244 πα-

960 227 984 245 ιιι
1007 218 1168 252 adduxerat,
1189 224 1326 246 auctorem
1347 218 1443 246 salutis
1461 225 1554 245 eorum
1577 225 1626 253 per
1639 225 1704 252 pas-

35 261 208 296 ῡημὰτων
221 262 374 290 τελειῶσαι.
390 263 423 289 Ὅ
433 272 462 290 τε
478 264 531 299 γὰρ
547 263 668 297 ἁγιάζων
683 265 730 291 καὶ
746 265 770 291 οι
784 264 863 298 ἁγια-

958 271 1006 292 nes
1024 272 1225 292 consummare.
1249 264 1300 297 Qui
1327 265 1398 291 enim
1422 264 1584 297 sanctiﬁcat,
1611 269 1639 291 et
1658 263 1704 299 qui

35 305 195 342 ζόμενοι,
212 307 242 340 ἐξ
256 308 314 340 ἐνὸς
329 308 428 340 πάντες
439 317 445 323 “
462 309 496 335 δι’
513 309 546 345 ἢν
561 309 650 336 αἰτίαν
665 310 715 337 οὑκ
731 309 863 344 ἐπαισχύ-

955 309 1131 343 tctiﬁcantur,
1154 318 1187 337 ex
1206 318 1260 337 uno
1282 317 1386 337 omnes.
1403 309 1516 344 Propter
1536 317 1615 344 quam
1637 319 1702 337 e:m«

38 361 141 381 νεται
168 354 303 389 ἀδελφοὺς
326 355 423 387 αὐτοὺς
446 355 554 387 καλεῖν,
579 355 677 390 λέγων’
702 355 864 389 Ἀπαγγελῶ

955 363 972 381 ιι
1000 363 1053 382 ιιοιι
1079 355 1253 383 confunditur
1271 355 1369 382 fratres
1393 363 1440 382 eos
1464 363 1571 388 vocare,
1588 356 1702 383 dicens:

39 399 85 426 τὺ
104 400 205 436 ὄνομά
221 409 268 427 σου
283 401 339 432 τοῖς
353 401 477 435 ἀδελφοῖς
493 410 542 436 μου
559 422 566 433 ,
582 402 610 428 ὲν
625 402 700 437 μέσῳ
715 402 864 437 ἐκκλησίας

955 401 1091 428 muttliabo
1107 409 1205 428 nomen
1229 406 1302 428 luunt
1324 401 1452 428 fratribus
1473 402 1549 434 meis,
1573 402 1598 427 in
1615 401 1704 428 medio

43 444 189 479 ὑμνήσω
214 454 254 472 σε.
275 455 284 471 ι
308 446 416 473 Οῖονται
439 447 509 481 τάχα
524 455 575 473 που
597 447 651 473 τῶν
670 447 863 482 ἀμαθεστέρων

44 490 159 522 τινες,
184 490 233 516 καὶ
253 489 367 526 διαιρεῖν
383 490 517 517 εἰωθότων
539 491 579 522 είς
597 490 644 518 δύο
664 491 799 526 Χριστοὺς
816 490 863 516 καὶ

48 535 102 565 εἰς
115 534 169 561 δύο
187 535 264 566 υἱοὺς
281 535 327 562 τὸν
343 535 392 562 Eva.
409 535 509 571 Κύριον
541 535 644 570 Ἰησοῦν
667 534 784 570 Χριστὸν
796 554 803 566 ,
819 542 864 560 τε-

48 579 220 615 λειωθῆναι
235 580 362 615 λέγεσθαι
379 581 422 608 διὰ
436 581 607 617 παθημάτων
623 581 669 607 τὸν
691 581 724 607 ὲκ
736 579 864 614 γυναικὸς

51 626 219 661 ἄνθρωπον
233 626 285 662 ίδίᾳ
298 626 452 662 νοούμενον,
470 628 516 653 καλ¹
529 626 590 662 δίχα
607 626 654 653 τοῦ
669 627 701 653 ὲκ
715 625 783 652 Θεοῦ
806 626 863 652 Πα-

51 671 131 706 τρος
148 671 231 702 ὄντος
247 672 334 706 Λόγου
348 692 355 705 ,
367 673 414 698 καὶ
428 671 509 698 αὑτὸν
522 671 650 706 λέγεσθαι
665 672 714 706 τῆς
728 671 865 706 σωτηρίας

54 717 150 752 ἡμῶν
163 717 211 743 τὸν
227 717 357 752 ἀρχηγόν.
378 717 574 744 Τετελειῶσθαι
591 718 619 744 δὲ
632 719 697 753 παρ’
720 717 802 744 αὑτοῦ
817 717 864 744 τοῦ

56 762 138 788 Θεοῦ
154 762 246 796 Λόγου
262 763 373 790 δοθέντα
390 763 457 799 πρὸς
476 764 506 790 τὸ
519 763 604 795 πάθος
620 763 627 789 l
656 763 693 794 ὼς
710 763 801 798 ἓτερον
818 762 866 789 ἰδιο

58 808 137 840 κῶς.
161 809 282 844 Πρέπειν
301 809 356 845 γὰρ
375 810 449 845 αὐτῴ
462 810 494 846 δὴ
511 809 629 846 μάλιστά
651 818 716 845 φασι
734 809 773 844 τῷ
790 810 823 836 δι’
836 809 866 836 ὃν

915 444 1036 471 ecclesia:
1050 444 1164 472 laudabo
1173 449 1199 472 te
1210 445 1242 471 ".
1260 454 1270 470 ι
1288 445 1432 476 Rudiores,
1447 445 1492 480 qui
1502 445 1643 472 Dmninum
1656 453 1703 472 no-

914 494 998 517 strum
1010 490 1102 518 Jesum
1121 490 1259 518 Christum
1274 491 1342 517 duos
1359 491 1482 518 Christus
1499 491 1662 526 totidemque
1675 491 1702 517 ﬁ-

915 535 964 563 lios
973 543 1020 563 suo
1029 542 1103 563 more
1112 536 1245 569 dividunt,
1253 538 1424 564 arbitrantur
1432 537 1555 565 fortassis
1566 538 1701 564 hominem

915 590 947 609 ex
958 583 1070 610 muliere
1083 589 1186 615 natum,
1202 590 1323 610 seorsum
1334 591 1381 617 per
1392 591 1431 614 se,
1445 584 1495 610 hoc
1505 588 1555 614 cst,
1568 592 1581 610 ιι
1593 583 1638 611 Dei
1650 584 1701 611 Pa-

916 629 965 655 tris
981 627 1070 655 Verbo
1085 629 1248 662 seiunctum,
1265 628 1342 663 151
1358 636 1405 663 per
1419 629 1559 663 passiones
1576 629 1619 656 hic
1635 636 1702 656 eon-

915 679 1076 701 snmmatum
1099 674 1252 708 praedicari,
1279 674 1459 708 eumdemque
1483 673 1579 700 Salutis
1603 678 1702 700 nostra:

916 723 1053 745 auctorem
1069 718 1119 746 hoc
1133 718 1191 745 loco
1202 718 1350 753 appellari;
1365 723 1583 745 consummatum
1597 722 1702 750 autem,

916 768 944 790 et
961 764 1082 798 passioni
1097 763 1179 791 veluti
1196 764 1311 791 alterum
1328 765 1481 799 quempiam
1500 772 1513 790 a
1534 772 1573 797 se,
1591 764 1623 790 ab
1643 763 1703 799 ipso

917 809 1004 837 Verbo
1019 809 1153 844 obiectum
1164 817 1234 838 esse.
1245 809 1310 837 Nam
1324 810 1398 843 illud,
1418 820 1427 835 ι
1450 816 1559 844 propter
1579 817 1658 844 quem
1675 814 1702 836 et

61 855 101 880 τὰ
120 854 216 881 πάντα
232 856 279 882 καὶ
293 855 325 882 δι’
341 853 371 882 οῦ
385 856 419 882 τὰ
435 855 534 888 πάντα,
552 855 597 883 διά
609 864 650 882 τοι
665 856 695 882 τὺ
711 855 794 890 φάναι
818 855 865 882 τδν

955 863 964 881 r
986 863 1064 890 quem
1083 855 1184 887 omnia,
1201 864 1210 880 ι
1236 855 1380 889 propriein
1394 855 1458 881 illud
1472 855 1626 888 convenire,
1649 854 1701 880 hoc

64 899 213 935 μακάριον
233 900 440 936 εὐαγγελιστήν·
457 910 466 926 ι
482 902 574 928 Πάντα
592 894 626 927 διλ
641 901 722 928 αὑτοῦ
737 902 861 935 ἐγένετο,

64 945 119 971 καὶ
146 946 233 981 χωρὶς
255 946 337 973 αὑτοῦ
360 947 468 981 ἐγένετο
481 947 542 973 οὐδὲ
557 947 596 975 ἓν.
616 957 625 974 ι
648 962 684 967 -
710 957 719 972 ι
739 947 865 982 Ἔπρεπε

65 991 176 1023 τοίνυν,
190 991 258 1026 φασὶ
270 1012 277 1024 ,
296 991 335 1027 τῷ
358 993 448 1028 Λόγῳ,
464 993 497 1020 δι’
511 992 541 1019 ὃν
556 992 591 1019 τὰ
614 993 704 1020 πάντα
721 993 768 1019 καὶ
785 992 819 1019 δι’
835 988 865 1018 οὗ

67 1038 106 1064 τὶ
131 1033 242 1071 πάντα,
258 1039 372 1071 πολλοὺς
395 1040 469 1072 υἱοὺς
484 1040 524 1072 είς
548 1039 626 1072 δόξαν
651 1039 798 1074 ἀγαγόντι,
821 1039 866 1066 τὸν

72 1085 202 1120 ἀρχηγὸν
214 1084 264 1120 τῆς
281 1085 415 1121 σωτηρίας
430 1085 530 1119 αὐτῶν,
545 1096 555 1112 ‹
572 1085 710 1112 τουτέστιν
723 1085 867 1120 ἄνθρωπον

74 1130 186 1162 ἁπλῶς.
199 1131 244 1157 τὸν
258 1131 301 1158 διὰ
315 1131 365 1165 τῆς
378 1131 458 1165 ἁγίας
473 1131 623 1167 Παρθένου,
639 1140 648 1156 ι
665 1131 808 1157 τελειῶσαι
823 1130 868 1157 διὰ

75 1175 261 1210 παθημάτων.
293 1185 302 1202 ι
340 1177 402 1202 Ὀτι
423 1176 453 1202 δέ
478 1177 552 1202 ἐστιν
573 1175 772 1211 ὲμῦροντησίας
800 1176 867 1202 ἀνά-

74 1221 169 1254 ττλεως
195 1222 209 1248 ὸ
225 1221 304 1256 λόγος
328 1221 420 1254 αὐτοῖς
430 1241 439 1256 ,
466 1220 505 1253 ὡς
525 1220 566 1248 ἔνι
580 1221 629 1248 καὶ
645 1220 693 1248 νῦν
709 1220 869 1254 καταδεῖξαι

75 1268 258 1302 πειράσομαι.

114 1358 154 1385 Λ¹.
177 1357 288 1394 Πρῶτον
306 1358 356 1393 μὲν
380 1358 436 1394 γὰρ
459 1358 509 1391 τὸ,
525 1357 561 1384 δι’
585 1355 632 1390 οὗ,
651 1358 698 1384 καὶ
721 1358 764 1384 ἐπ’
785 1357 868 1384 αὑτοῦ

78 1404 198 1431 τέθειται
215 1404 262 1430 τοῦ
280 1404 397 1440 Πατρός.
415 1405 470 1431 Καὶ
484 1404 549 1439 γοῦν
568 1404 582 1430 ὁ
600 1404 735 1439 μακάριος
751 1404 868 1438 Παῦλος,

83 1459 93 1476 ι
111 1450 220 1482 Πιστὸς,
238 1450 331 1485 φησὶν,
351 1451 365 1476 ὁ
379 1450 462 1482 Θεὸς,
474 1450 507 1477 δι’
526 1447 556 1477 οὗ
571 1449 704 1486 ἐκλήθητε
720 1451 760 1482 εἰς
772 1459 869 1477 κοινω-

80 1497 141 1523 νίαν
153 1496 199 1523 τοῦ
215 1495 281 1523 Υἱοῦ
303 1496 397 1523 αὑτοῦ.
417 1505 426 1522 ι
447 1497 502 1523 Καὶ
519 1496 599 1524 πάλιν
613 1498 670 1528 τοῖς
693 1496 737 1523 διὰ
751 1496 870 1528 πίστεως

82 1543 123 1573 εἰς
150 1541 289 1578 ἐλεύθερον
301 1542 410 1577 ἀξίωμα
434 1542 630 1577 κεκλημένοις,
651 1551 659 1567 t
677 1542 758 1577 Ἀρα,
775 1541 868 1576 φησὶν,
883 1537 904 1566 C

83 1588 173 1617 οὐκέτι
191 1586 216 1615 εἷ
230 1589 321 1620 δοῦλος
333 1608 341 1621 ,
359 1589 426 1616 ἀλλὰ
442 1589 516 1620 υἱός·
531 1589 556 1614 εί
572 1588 599 1614 δὲ
616 1588 673 1619 υίὸς
686 1609 692 1619 ,
708 1589 754 1614 καὶ
769 1588 870 1623 κληρο-

84 1635 164 1669 νόμος
186 1634 230 1661 διὰ
254 1634 332 1661 Θεοῦ.
353 1644 363 1660 ι
388 1634 600 1670 Ἀδιαφορούσης
623 1634 714 1660 τοίνυν
736 1635 785 1669 τῆς
810 1634 870 1660 θεο-

86 1681 216 1708 πνεύστου
232 1681 252 1707 Γ
254 1682 343 1716 ραφῆς
362 1681 428 1716 περὶ
446 1681 495 1716 τὴν
508 1680 558 1716 τῆς
583 1680 683 1713 λέξεως
704 1679 868 1715 ἐκφώνησιν,

85 1727 231 1762 δεχομένης
252 1727 281 1754 δὲ
301 1727 387 1762 αὐτὴν
402 1727 450 1753 καὶ
465 1727 513 1753 ἐπὶ
535 1726 583 1752 τοῦ
599 1726 706 1761 Πατρὸς
717 1746 724 1758 ,
739 1726 816 1752 οὐδὲν
830 1725 871 1752 ἔτι

87 1772 117 1799 τὸ
130 1772 262 1799 συνωθοῦν
274 1773 349 1807 ἡμᾶς
363 1773 403 1804 εἰς
418 1772 449 1798 τὸ
463 1772 510 1798 τοῦ
523 1771 588 1798 Υίοῦ
599 1771 775 1806 περιτρέπειν
786 1770 871 1806 πρόσ-

88 1828 159 1846 ωπον
180 1818 217 1849 ὡς
233 1818 262 1851 ἐξ
276 1818 399 1853 ἀνάγκης
414 1817 445 1843 τὸ
456 1837 463 1849 ,
487 1817 525 1844 δί’
543 1815 596 1853 οὗ..
614 1817 724 1852 Ἐπειδὴ
749 1816 778 1843 δὲ
793 1817 872 1843 τοῦτὸ

90 1866 160 1892 ἐστιν
176 1864 273 1899 ἀληθὲς
284 1884 291 1895 ,
307 1864 333 1890 τί
347 1864 360 1883 ¹ί
383 1863 419 1898 μὴ
436 1863 536 1899 μᾶλλον
550 1862 665 1898 ἀφέντες
681 1862 721 1893 εἰς
740 1861 770 1888 τὸ
786 1861 872 1897 παρὸν

91 1911 120 1937 τὸ
132 1909 211 1936 αὑτοῦ
221 1910 378 1945 πρόσωπον,
391 1905 449 1935 εἶτα
460 1908 499 1943 τῷ
511 1907 605 1942 σκοπῴ
619 1906 673 1933 τῶν
685 1906 765 1942 ἱερῶν
782 1905 873 1941 Γραμ-

95 1956 182 1992 μάτων
197 1955 339 1990 ἑπόμενοι,
351 1955 385 1990 τῇ
400 1953 470 1989 μετὰ.
483 1953 586 1988 σαρκὸς
600 1952 740 1988 οἰκονομίᾳ
758 1952 804 1978 τοῦ
819 1953 874 1978 Μο-

93 2002 212 2037 νογενοῦς
233 2002 279 2027 τὸν
302 2001 371 2036 αὐτῇ
396 2000 535 2036 πρέποντα
557 2000 702 2035 τηροῦντες
717 1999 805 2033 λόγον,
828 1998 875 2026 τὸν

95 2049 197 2083 Πατέρα
219 2048 308 2082 φαμὲν
331 2046 473 2073 τελειῶσαι
487 2046 532 2072 διὰ
554 2045 723 2081 παθημάτων
739 2045 875 2080 ὲνανθρω-

97 2095 212 2130 πήσαντα
228 2095 273 2120 τὸν
291 2093 372 2127 Υίον;
388 2103 397 2119 ι
415 2093 561 2128 Ὑπέμεινε
572 2092 625 2128 γὰρ
641 2093 768 2126 σταυρὸν,
780 2090 876 2126 αἰσχύ-

97 2150 141 2176 νης
161 2140 386 2175 καταφρονήσας,
412 2149 422 2165 ι
445 2139 474 2164 ὲν
495 2138 604 2173 εὐδοκία
626 2147 676 2164 που
699 2138 807 2169 πάντως
827 2137 874 2163 τοῦ

98 2187 159 2214 Θεοῦ
180 2187 226 2213 καὶ
241 2185 355 2222 Πατρός·
375 2185 426 2211 ἴνα.
440 2185 487 2211 καὶ
501 2185 574 2219 ἡμᾶς
595 2185 653 2215 τοῖς
667 2184 768 2218 ἴχνεσιν
791 2182 874 2209 αὐτοῦ

99 2232 298 2260 κατακολουθεῖν
316 2231 485 2267 ᾑρημένους,
500 2230 641 2261 νεανικοὺς
653 2230 780 2264 ἀποφήνῃ
790 2249 797 2261 ,
814 2237 873 2254 πει-

101 2280 220 2316 θομένους
235 2279 343 2313 λέγοντι
356 2287 364 2295 ·
383 2288 391 2304 t
409 2279 455 2313 Μὴ
468 2277 594 2313 φοϐεῖσθε
608 2277 662 2304 ἀπὸ
678 2276 732 2303 τῶν
747 2276 875 2302 ἀποκτει-

101 2328 189 2355 νόντων
205 2326 282 2362 ὑμῶν
296 2327 326 2353 τὸ
342 2326 422 2360 σῶμα
432 2345 440 2356 ,
453 2325 503 2360 τὴν
519 2325 547 2351 δὲ
562 2323 650 2359 ψυχὴν
667 2323 704 2358 μὴ
718 2322 876 2358 δυναμένων

103 2375 259 2401 ἀποκτεῖναι.
279 2383 288 2398 ι
316 2372 427 2407 Ἐπειδὴ
445 2372 499 2406 γὰρ
521 2371 633 2406 ἔμελλον
655 2370 744 2405 θλίψιν
759 2369 831 2404 ἔχειν
849 2370 877 2395 ὲν

103 2419 137 2454 τῷ
149 2419 236 2454 κόσμῳ
246 2439 254 2450 ,
270 2417 318 2445 καὶ
331 2417 477 2444 οιώκεσθαι
490 2417 554 2452 παρ’
570 2415 686 2452 ἐχθρῶν,
701 2415 748 2442 καὶ
760 2415 814 2441 τῶν
828 2414 877 2449 τῆς

105 2465 220 2500 ἀληθείας
236 2464 380 2499 δογμάτων
402 2462 574 2499 ὑπεραθλεῐν,
598 2462 689 2498 ἱδρῶτί
710 2471 740 2489 τε
763 2462 810 2488 καὶ
829 2462 878 2488 πό-

106 2519 154 2542 νοις
166 2510 312 2546 κατορθοῦν
331 2508 361 2536 εὖ
379 2509 451 2544 μαλα
467 2509 517 2543 τὴν
531 2507 631 2543 ἀρετὴν
645 2509 695 2534 οὐκ
712 2508 744 2543 ἑᾷ
763 2507 879 2542 θρύπτε-

108 2556 160 2583 σθαι
173 2556 235 2591 πρὸς
252 2555 353 2586 δειλίας
364 2576 372 2587 ,
394 2555 539 2589 ἀποφαίνει
556 2554 583 2581 δὲ
600 2553 699 2590 μᾶλλον
713 2553 877 2588 εὐτολμοτά-

109 2610 170 2634 τους,
185 2601 283 2634 ἐλάτας
304 2602 385 2633 αὐτὸς
405 2601 449 2627 διὰ
472 2601 651 2636 παθημάτων,
675 2600 718 2627 ἵνα
741 2601 789 2627 καὶ
805 2600 879 2635 ἡμᾶς

125 2678 144 2694 ⁸⁷
160 2678 235 2706 llebr.
254 2686 285 2711 ll,
306 2677 400 2706 I0—I‘2.
438 2677 461 2694 “
476 2676 553 2704 Joan.
574 2684 593 2709 ι,
613 2675 639 2703 ’5.

678 2676 719 2703 "I
736 2675 798 2703 Cor.
815 2684 834 2709 l,
848 2676 876 2704 9.
914 2675 937 2691 '°
955 2674 1044 2702 Gatat.
1065 2683 1102 2708 tv,
1118 2675 1147 2702 7.

919 900 1057 936 (inquiunt
1070 900 1118 936 illi)
1136 908 1168 928 ex
1184 901 1265 928 beato
1280 901 1444 936 evangelista
1461 901 1600 928 evidenter
1613 900 1701 935 colligi

918 951 1015 981 potest.
1032 947 1076 973 Ait
1088 947 1159 973 enim
1175 956 1181 974 :
1201 957 1210 973 t
1226 947 1322 974 Omnia
1337 955 1385 981 per
1402 948 1488 981 ipsum
1505 947 1573 973 facta
1588 951 1661 978 sunt,
1676 950 1703 972 et

918 993 976 1020 sine
993 993 1051 1027 ipso
1070 992 1169 1020 factum
1190 998 1231 1020 est
1250 994 1316 1020 nihil
1328 993 1361 1020 ⁸⁸.
1378 1003 1387 1019 ι
1407 1008 1442 1014 —
1460 1003 1468 1019 t
1485 994 1601 1020 Decehat
1623 993 1704 1028 igitur

918 1039 1000 1075 (sicut
1016 1045 1142 1066 asserunt
1163 1039 1212 1073 illi)
1239 1045 1266 1066 ut
1283 1039 1329 1066 Dei
1345 1038 1476 1072 Verbum,
1496 1047 1543 1072 per
1558 1039 1627 1074 quod
1645 1046 1705 1065 om-

918 1086 974 1117 nia,
991 1090 1018 1113 et
1034 1089 1143 1120 propter
1160 1085 1230 1120 quod
1252 1085 1354 1117 omnia,
1375 1085 1446 1119 quod
1472 1085 1569 1111 multos
1594 1084 1661 1110 ﬁlios
1677 1085 1703 1110 in

918 1131 1001 1166 gloria
1015 1132 1173 1163 adduxerat,
1190 1130 1285 1158 salutis
1303 1131 1409 1157 illorum
1425 1135 1563 1157 auctorem
1580 1130 1641 1165 (hoc
1652 1135 1705 1162 est,

918 1176 1055 1204 hominem
1070 1184 1166 1210 purttm
1182 1184 1214 1203 ex
1234 1183 1310 1203 sacra
1328 1175 1437 1211 Virgine
1454 1176 1565 1212 ortum),
1582 1184 1630 1211 per
1645 1183 1706 1210 pas-

919 1223 1009 1250 siones
1017 1223 1165 1257 perfectutn
1177 1227 1448 1256 consummatumque
1459 1222 1593 1249 redderet.
1606 1231 1615 1247 ι
1629 1222 1705 1255 Quod

919 1274 1010 1296 atttetn
1032 1269 1075 1296 hic
1098 1277 1191 1296 eorum
1215 1276 1305 1296 sermo
1330 1269 1448 1296 amentia
1470 1273 1583 1301 scateat,
1605 1272 1706 1302 quanta

923 1315 980 1343 ﬁeri
1004 1315 1102 1350 poterit
1117 1315 1309 1350 perspicuitate
1325 1323 1397 1342 nunc
1413 1315 1557 1342 ostendere
1577 1314 1705 1342 conabor.

955 1360 1039 1388 XXX.
1061 1361 1088 1387 ιιι
1113 1361 1208 1396 primis
1226 1362 1316 1396 itaque
1333 1361 1409 1392 illud,
1426 1368 1473 1395 per
1490 1368 1576 1395 quem,
1597 1359 1630 1387 de
1649 1359 1708 1394 ipso

921 1414 1028 1442 quoque
1055 1406 1137 1434 Patre
1163 1406 1332 1433 CIIIJIIIIaIllll'I
1362 1407 1498 1433 interdum
1530 1406 1706 1440 comperitur.

924 1463 932 1479 t
948 1453 1049 1480 Fidelis
1060 1452 1130 1480 Deus
1149 1452 1254 1487 (scribit
1268 1451 1492 1487 beatnslPaulus),
1504 1459 1552 1486 per
1565 1459 1643 1486 quem
1661 1459 1710 1478 vo-

922 1500 975 1528 cati
993 1500 1059 1527 estis
1075 1499 1102 1526 in
1117 1498 1274 1526 societatem
1294 1498 1356 1526 Filii
1372 1499 1430 1534 ejus
1439 1498 1473 1526 ".
1489 1508 1498 1524 ι
1515 1498 1555 1525 Ad
1577 1497 1638 1525 illos
1649 1505 1710 1524 rur-

921 1556 991 1580 sum,
1005 1549 1050 1582 qui
1067 1554 1114 1582 per
1130 1546 1209 1573 Iidem
1222 1545 1255 1572 ad
1274 1545 1411 1572 libertatis
1427 1544 1587 1580 dignitatem
1604 1543 1709 1571 evocati

921 1595 1045 1626 fuerant,
1070 1593 1106 1620 ita
1123 1593 1162 1619 ait
1178 1601 1185 1620 :
1203 1601 1212 1618 t
1228 1591 1321 1626 Itaque
1334 1591 1389 1626 jam
1411 1598 1463 1618 non
1486 1598 1515 1618 es
1535 1597 1641 1621 servus,
1663 1590 1710 1616 sed

923 1642 993 1669 ﬁlius
1007 1651 1014 1670 :
1030 1641 1100 1675 quod
1120 1641 1142 1668 si
1159 1640 1239 1672 ﬁlius,
1258 1644 1285 1666 et
1300 1639 1387 1666 haeres
1403 1645 1450 1673 per
1467 1637 1549 1664 Deum
1560 1637 1595 1664 ⁵⁰.
1614 1645 1623 1662 ι
1641 1634 1709 1662 Cum

924 1695 988 1722 ergo
1017 1687 1109 1714 divina
1137 1686 1276 1720 Scriptura
1305 1684 1458 1719 promiscue
1487 1683 1559 1710 hanc
1589 1682 1710 1716 phrasiut

926 1736 1048 1766 ttsurpet,
1066 1736 1146 1765 atque
1167 1730 1242 1764 illud,
1257 1738 1303 1764 per
1318 1729 1404 1764 quem;
1419 1728 1521 1755 tribuat
1536 1728 1587 1763 ipsi
1603 1735 1710 1762 quoque

925 1776 1016 1809 Patri;
1045 1775 1110 1803 nihil
1134 1781 1175 1803 est
1199 1776 1271 1810 quod
1296 1774 1356 1802 Filii
1380 1778 1482 1800 tantum
1500 1780 1622 1808 persona;
1646 1772 1711 1800 illud

924 1830 973 1850 nos
988 1822 1112 1850 admetiri
1127 1821 1280 1849 necessario
1294 1820 1449 1856 compellat.
1467 1820 1535 1848 Cum
1552 1820 1643 1854 itaque
1654 1819 1712 1846 haec

924 1868 960 1895 ita
979 1875 1010 1895 se
1036 1868 1163 1900 habeant,
1188 1875 1238 1894 cur
1264 1867 1353 1902 potius
1374 1866 1485 1893 minime
1509 1865 1561 1892 hoc
1586 1866 1618 1892 de
1643 1863 1711 1891 Filio

924 1913 1119 1948 intelligentes,
1139 1912 1186 1940 sed
1210 1912 1413 1947 Scripturarum
1432 1910 1587 1937 auctoritati
1615 1910 1711 1941 innixi,

925 1966 1130 1994 sermonemque
1157 1958 1292 1986 iucarnati
1322 1957 1457 1993 Unigenili
1489 1956 1617 1992 mysterio
1648 1964 1713 1983 cou-

925 2011 1064 2040 gruentem
1082 2005 1202 2033 studiose
1219 2004 1382 2036 consectati,
1403 2011 1454 2030 nou
1472 2003 1587 2030 dicimus
1605 2002 1712 2029 Patrem

925 2052 1022 2079 Filium
1046 2051 1186 2078 hominem
1214 2050 1315 2078 factum
1346 2056 1395 2084 per
1422 2049 1561 2084 passiones
1587 2055 1714 2075 censum-

927 2096 1035 2124 masse?
1055 2096 1273 2131 quandoquidem
1300 2095 1333 2128 is,
1358 2095 1413 2122 Deo
1435 2095 1515 2122 Patre
1538 2095 1577 2121 sic
1595 2094 1713 2126 volente,
1745 2107 1747 2110 -

930 2151 939 2168 ι
957 2142 1105 2177 Ignominia
1125 2146 1290 2176 contempta.
1312 2148 1422 2168 crucem
1443 2140 1614 2171 sustinuit“,
1631 2149 1640 2165 ι
1659 2147 1714 2174 quo

892 2206 913 2234 Β
928 2193 955 2215 et
976 2195 1026 2215 nos
1039 2194 1146 2222 quoque
1165 2187 1288 2222 vestigiis
1312 2186 1383 2213 illius
1400 2186 1572 2218 inhaerentes,
1588 2192 1716 2212 strenuos

927 2233 1055 2265 efﬁceret,
1074 2232 1238 2260 conﬁdentes
1258 2233 1284 2259 in
1309 2232 1356 2259 illo
1374 2233 1418 2266 qui
1441 2232 1529 2259 dicit:
1546 2241 1555 2257 ι
1571 2230 1660 2259 Nolite
1682 2231 1715 2258 ti-

929 2286 1004 2306 mere
1024 2286 1071 2306 eos
1085 2279 1130 2313 qui
1147 2279 1274 2306 occidunt
1294 2286 1402 2312 corpus,
1418 2278 1534 2304 animam
1553 2282 1642 2304 autem
1662 2285 1715 2305 non

930 2330 1044 2362 possunt.
1071 2325 1196 2353 occidere
1207 2325 1241 2352 ".
1260 2334 1269 2350 ι
1302 2324 1368 2351 Nam
1393 2325 1464 2359 quod
1491 2323 1664 2351 alﬁictionem
1690 2323 1716 2350 in

933 2372 1043 2404 mundo,
1064 2372 1335 2406 persecutionemth
1359 2371 1392 2398 ab
1417 2371 1539 2398 hostibus
1562 2369 1716 2405 perpessuri

931 2421 1035 2449 essent,
1055 2421 1082 2443 et
1105 2416 1196 2451 gravia
1216 2423 1264 2450 pro
1283 2415 1406 2442 veritatis
1424 2415 1548 2449 dogmate
1569 2412 1716 2440 certamina

931 2462 1057 2495 subituri,
1080 2467 1108 2489 et
1128 2461 1236 2488 virtutis
1257 2461 1372 2495 denique
1397 2460 1512 2487 stadium
1541 2467 1593 2486 non
1616 2458 1719 2493 absque

931 2515 1028 2542 magno
1054 2508 1151 2534 sudore
1171 2511 1198 2534 et
1223 2506 1354 2534 molestiis
1377 2506 1533 2538 decursuri,
1561 2505 1647 2532 noluit
1672 2511 1718 2531 eos

932 2559 1005 2580 metu
1029 2553 1127 2587 frangi,
1152 2554 1198 2580 sed
1220 2561 1267 2587 per
1292 2560 1323 2579 ea
1341 2559 1402 2587 qua:
1424 2552 1482 2586 ipse
1500 2558 1644 2586 perpessus
1663 2554 1715 2582 est,

933 2600 1047 2626 animari
1063 2609 1070 2627 :
1085 2604 1113 2626 ut
1134 2607 1196 2634 vero
1215 2607 1262 2626 nos
1277 2599 1358 2625 etiam
1380 2605 1410 2625 ea
1428 2599 1578 2625 detrectare
1597 2603 1650 2623 non
1668 2603 1718 2621 au-

1192 2676 1214 2691 “
1233 2675 1313 2702 Ilcbr.
1335 2682 1384 2707 xn,
1401 2675 1428 2701 2.
1468 2674 1490 2690 "
1506 2673 1652 2710 Matthﬁx,
1668 2672 1716 2701 ‘38.

643 2753 728 2782 Varia:
741 2754 870 2782 let-tiones
883 2753 983 2782 codicis
996 2751 1176 2788 chuieriani.

127 2822 281 2858 ιὰγαγόντι.
321 2828 328 2848 ι
348 2822 454 2850 πιθεῖν.
493 2822 506 2842 Ιι
520 2821 608 2848 τοῦτο.
