1872 3057
12 150 107 178 I577

451 152 496 178 AD
516 150 672 178 REGINASV
685 150 725 177 DE
747 150 857 178 RECTA
876 150 954 177 FIDE
973 150 1102 178 ORATIO
1121 150 1269 179 ALTERA.

1602 152 1670 180 1578

12 210 125 238 αὐτοῦ
141 211 187 238 διὰ
209 211 255 238 τοῦ
281 212 449 248 Πνεύματος.
475 212 538 244 Πῶς
562 210 609 238 οὖν
634 213 657 238 οἱ
681 212 781 243 πάντες
804 212 834 244 ἐξ

940 220 993 246 quo
1010 213 1116 240 tandem
1144 213 1199 242 illo.
1226 213 1384 241 Sanctiﬁcat
1403 213 1487 248 igitur
1501 213 1596 245 Filius,
1623 222 1667 241 se-

12 257 96 290 ὲνός
111 267 120 290 ;
147 259 191 290 Ὠς
204 258 318 293 Ποιητοῦ
331 258 379 285 καὶ
395 258 578 293 Δημιουργοῦ’
596 258 666 285 ὥστε
682 259 729 285 καὶ
746 260 831 293 ἀναγ-

12 305 118 330 καῖον
135 303 260 330 ἐντεῦθεν
276 304 350 339 ἡμᾶς
375 304 442 339 πρὸς
460 304 591 339 ἀλλήλους
606 304 678 339 ἔχειν
691 304 740 339 τὴν
758 304 833 331 ἁδελ-

14 350 161 385 φὸτητα.
180 349 296 384 Γενητοῦ
306 354 320 374 P
330 350 385 386 γὰρ
396 350 464 384 πρὸς
478 350 601 385 γενητὸν.
617 351 685 377 καθὸ
697 351 797 385 γενητὰ
807 356 831 382 σι,

16 405 66 430 ῳυ
75 398 147 432 σική
163 406 204 428 τις
218 398 235 433 ἡ
253 397 411 431 ἀδελφότης.
429 397 524 423 Καίτοι
544 398 593 432 τὴν
607 397 688 431 φύσιν
701 397 833 431 ἁγένητὸς

18 442 115 469 ἐστιν
129 444 144 469 ὁ
162 443 241 473 Υίὸς,
255 442 303 468 καὶ
317 444 367 468 οὐκ
380 442 492 477 ἁδελφὸς
506 444 540 478 τῇ
558 443 644 469 κτίσει
661 443 733 469 κατά
753 451 786 475 γε
803 443 833 468 τὸ

19 485 112 514 εἶναι
129 488 211 522 φύσει
232 488 313 519 Θεός·
336 487 395 519 πῶς
410 486 456 514 οὖν
471 489 495 514 οἱ
517 488 617 520 πάντες
640 489 668 520 ἐξ
684 489 759 520 ἑνὸς,
775 489 788 514 ὅ
803 497 832 514 τε

22 534 169 568 ἁγιάζων
185 534 231 562 καὶ
246 535 271 560 οἱ
291 534 484 569 ἁγιαζόμενοις
502 534 607 561 Οὐκοῦν
623 535 772 568 ἀναγκαῖος
793 536 832 566 εἰς

20 581 86 616 τὴν
106 582 165 608 τῶν
187 581 376 616 προκειμένοιν
396 581 559 616 διασάφησιν
573 581 622 615 τῆς
641 581 709 616 μετὰ
732 581 833 615 σαρκὸς

22 627 202 663 οἰκονομίας
213 628 226 654 ὁ
242 626 332 660 λόγος.
346 627 410 653 Ὅτε
425 627 481 661 γὰρ
494 626 590 660 γέγονε
602 626 662 652 καθ’
676 627 759 662 ἡμεῖς,
772 627 832 652 τότε

24 673 84 699 καὶ
111 673 197 704 αὐτὸς
211 672 270 708 μεθ’
285 672 363 707 ήμῶν
385 671 415 703 ἐξ
429 672 488 703 ἑνὸς
506 672 613 705 λέγεται
631 672 677 698 καὶ
693 672 833 707 κεχρημά-

23 726 99 745 ’τικε
115 719 175 750 τοῖς
187 718 333 753 κτίσμασιν
345 717 458 751 ἀδελφὸς
469 737 476 749 ,
489 717 526 749 ὡς
539 718 698 751 συγγένειαν
709 718 833 753 ἐσχηκὼς

24 763 88 798 τὴν
114 765 185 799 πρὸς
209 765 283 798 ἡμᾶς
297 763 482 798 ἀνθρωπίνην.
510 763 603 800 Ταύτῃ
618 772 658 790 τοι
686 764 732 790 καὶ
761 764 833 798 μάλα

27 811 157 842 εξκότως
180 810 228 836 οὐκ
252 809 409 845 αἰσχύνεται
431 810 504 845 ἡμᾶς
524 809 654 843 ἀδελφοὺς
676 809 831 844 ὀνομάζειν,

27 856 90 881 οὐκ
109 855 296 891 ἀνασχόμενος
309 875 315 886 ,
330 855 367 886 ὥς
381 856 413 889 γέ
426 863 470 890 μοι
484 855 619 889 φαίνεται,
633 857 689 886 τοῖς
702 855 735 881 δι’
750 855 831 882 αὐτοῦ

884 259 999 285 cundum
1027 264 1153 286 naturam
1174 265 1283 287 SleICIllS
1304 260 1449 291 ('XSISICIIS,
1469 265 1562 294 utpote
1577 259 1666 293 Deus;

883 304 1084 331 sanctilicamur
1103 311 1193 332 autem
1210 313 1260 332 nos
1275 307 1309 332 ah
1333 313 1366 333 eo
1382 313 1429 340 per
1453 304 1583 340 Spiritum
1605 313 1670 332 san-

883 355 968 377 ctum.
989 350 1023 376 At
1043 351 1178 384 quomodo
1191 358 1222 377 ex
1249 359 1302 378 uno
1315 351 1430 378 omnes?
1446 350 1483 377 Ex
1503 359 1556 377 ιιιιιι
1578 352 1670 385 utique

882 403 976 423 omnes
987 397 1129 423 conditore
1143 401 1169 423 et
1181 397 1288 430 opiﬁce,
1305 397 1376 423 unde
1389 402 1416 423 et
1432 401 1551 423 mutuam
1564 405 1670 432 quoque

882 441 1079 468 fraternitatem
1101 443 1255 470 necessario
1273 443 1336 469 hino
1350 444 1493 470 trahimus.
1516 444 1582 471 Nam
1600 444 1671 470 inter

883 487 1004 520 genitum
1019 493 1046 514 et
1064 488 1195 522 genitum,
1214 494 1347 523 quatenus
1361 490 1450 523 genita
1468 494 1541 523 sunt,
1560 495 1670 516 natura~

884 531 917 558 lis
938 533 1062 566 qum-dam
1084 534 1249 567 germanitas
1275 534 1428 561 intercedit.
1452 534 1584 562 Caeterum
1606 542 1669 562 cum

884 577 969 605 Filius
986 587 1037 605 non
1057 579 1093 606 sit
1111 586 1207 606 natura
1226 580 1324 612 factus,
1349 588 1436 614 neque
1461 581 1542 607 ullam
1559 581 1670 608 omnino

886 629 914 650 ut
939 624 1011 652 Dens
1035 625 1233 652 fraternitatem
1260 634 1320 653 cum
1341 632 1465 654 creatura
1489 626 1556 653 inire
1572 631 1669 661 queat;

883 671 930 704 qui
944 671 999 697 licri
1023 675 1110 704 potest
1132 676 1161 697 ιιι
1181 679 1286 703 omnes,
1307 677 1359 699 tam
1379 672 1415 699 illi
1430 673 1475 707 qui
1496 673 1670 699 sanctiﬁcan-

885 719 937 744 tur.
951 723 1032 749 quam
1048 716 1071 742 is
1086 724 1193 750 quoque
1206 718 1250 750 qui
1267 717 1430 750 sanctiﬁcat,
1449 717 1624 752 proﬂuxerint
1638 717 1672 744 al)

884 762 958 787 uno?
973 762 1044 788 Sane
1061 762 1094 788 ad
1112 762 1256 789 dilucidam
1281 764 1424 797 proposita:
1444 764 1482 790 rei
1503 764 1671 797 explanatio-

885 814 957 837 nem,
974 807 1169 833 incarnationis
1186 809 1366 835 wconomiam
1388 815 1513 842 spectare
1528 817 1576 835 nos
1591 816 1672 842 opor-

886 857 934 879 tet.
949 852 1015 880 Cum
1033 854 1106 880 enim
1120 853 1198 880 nobis
1214 855 1362 881 secundum
1378 862 1487 882 carnem
1507 855 1671 882 assiniilams

28 901 187 934 γεγονόσιν
207 899 321 934 ἀδελφὸς
342 899 544 934 ὀνομάζεσθαι,
567 899 590 924 εί
606 899 642 934 μὴ
657 899 752 932 γέγονε
770 899 830 925 κατ’

922 919 936 932 ν,
958 904 1022 926 tunc
1045 904 1071 926 et
1094 899 1151 933 ipse
1167 907 1274 934 quoque
1301 901 1412 935 perinde
1431 909 1462 928 ac
1483 910 1531 928 nos
1561 910 1592 928 cx
1618 909 1672 929 uno

29 946 155 978 αὐτοὺς,
170 945 239 981 πλὴν
251 946 282 972 οὐ
296 945 387 980 μεθεὶς
401 946 470 980 ὅπερ
482 942 526 980 ἦν.
537 945 603 971 Τότε
616 945 669 980 γὰρ
681 944 833 979 ἀνεπιπλή-

31 1001 117 1023 κτως
132 993 179 1018 καὶ
194 991 310 1026 ὑμνήσει
334 991 394 1026 μεθ’
411 991 489 1026 ἡμῶν
506 991 602 1022 αὐτὸς,
619 990 648 1017 ὃν
668 990 782 1025 ὑμνοῦσι
798 990 832 1017 τὰ

32 1038 185 1073 Σεραζιεὶμ
195 1058 202 1070 ,
216 1038 263 1065 καὶ
280 1037 411 1072 σύμπασα
427 1036 516 1068 κτίσις
530 1037 687 1071 προσκυνεῖ.

885 953 945 972 esse
959 944 1048 972 dictus
1066 950 1119 977 est.
1132 952 1373 981 creaturarumque
1386 947 1539 980 fraterjnrc
1552 948 1671 982 appella-

885 994 938 1022 tus,
958 995 1050 1024 utpote
1067 998 1127 1017 cum
1143 992 1259 1017 humana
1276 997 1370 1018 natura
1385 994 1572 1027 cognationem
1592 994 1674 1020 Sorti-

886 1041 938 1062 tus.
961 1036 1016 1063 llac
1039 1037 1120 1071 igitur
1142 1037 1246 1063 ratione
1270 1038 1337 1064 satis
1363 1045 1481 1072 congrue
1499 1038 1598 1065 fratres
1625 1045 1676 1065 nos

33 1084 182 1118 appellare
197 1085 350 1118 neutiquam
369 1084 472 1110 veritus
492 1088 543 1110 est.
560 1083 615 1110 Nisi
632 1084 703 1109 cutim
728 1083 769 1110 his
785 1083 830 1117 qni
851 1090 899 1117 per
913 1084 999 1118 ipsum
1015 1084 1115 1111 conditi
1130 1089 1203 1114 sunt,
1237 1084 1334 1112 similis
1364 1086 1493 1112 evasisset
1507 1086 1673 1120 (quanquam

34 1140 89 1166 per
107 1133 171 1164 hoc,
195 1133 220 1159 id
238 1133 309 1167 quod
332 1136 400 1162 erat.
436 1139 488 1158 non
514 1131 657 1165 amiserit),
683 1139 862 1165 nequaquam,
884 1136 913 1157 ut
939 1132 1003 1158 mihi
1031 1133 1191 1166 persuadeo,
1218 1131 1311 1159 fratris
1334 1133 1442 1159 nomine
1468 1140 1498 1160 se
1519 1133 1674 1167 cotnprllari

35 1187 140 1214 passus
163 1184 245 1207 esset.
268 1178 345 1206 Tunc
363 1180 435 1205 enim
457 1185 483 1206 ct
506 1180 607 1213 absque
625 1179 835 1214 reprehensione
854 1179 935 1206 etiam
968 1179 1025 1214 ipse
1047 1179 1187 1206 nobiscum
1211 1179 1342 1212 laudabit,
1356 1187 1436 1214 quem
1470 1180 1675 1206 landantb‘era-

36 1226 130 1261 ιιΙιὶιιι,
146 1231 173 1253 et
187 1227 311 1252 universa
329 1230 453 1252 creatura
469 1225 572 1253 adorat.

78 1273 141 1300 AI".
169 1282 178 1298 ι
194 1273 249 1299 Καὶ
271 1271 496 1308 ὁμολογουμένως
512 1271 585 1307 μέγα
603 1272 662 1298 ἐστὶ
675 1273 704 1298 τὸ
723 1274 773 1308 τῆς
787 1273 832 1299 εὑ-

38 1320 152 1352 σεϐείας
168 1321 319 1356 μυστήριον
333 1328 339 1334 ·
355 1319 422 1348 Θεὸς
445 1319 603 1355 ἐφανερώθη
621 1321 651 1346 ὲν
665 1321 762 1355 σαρκὶ,
779 1321 832 1347 ὲδι-

37 1367 149 1403 miser;
172 1367 201 1393 ὲν
216 1357 351 1402 πνεύματι
364 1387 371 1398 ,
389 1366 467 1401 ὦφθη
490 1366 632 1400 ἀγγέλοις,
648 1366 786 1402 ἐκηρύχθη
804 1368 832 1393 ὲν

38 1414 162 1447 ἔθνεσιν,
178 1412 324 1448 ἐπιστεύθη
346 1413 374 1438 ὲν
398 1412 511 1447 κόσμῳ,
529 1411 667 1446 ἀνελήφθη
690 1413 719 1438 ἐν
733 1411 805 1447 δόξῃ.
823 1421 831 1437 ι

39 1461 74 1487 Εἰ
97 1459 164 1491 Θεὸς
185 1458 222 1485 ὢν
239 1459 253 1485 ὁ
269 1458 355 1492 Λόγος
370 1457 581 1493 ἐνανθρωπῆσαι
595 1457 717 1490 λέγοιτο,
732 1457 778 1483 καὶ
802 1458 832 1483 οὐ

39 1507 131 1541 δήπου
155 1505 247 1541 μεθεὶς
263 1504 293 1531 τὸ
310 1502 379 1531 εἶναι
396 1503 477 1538 Θεὸς,
491 1502 549 1530 ἁλλ’
569 1503 598 1529 ἐν
613 1501 654 1534 οἷς
669 1500 702 1538 ἦν
718 1503 761 1529 ἀεὶ
777 1503 832 1530 δια-

43 1539 145 1588 μένων
155 1539 232 1588 ⁷μέγα
244 1552 275 1587 δὴ
291 1551 351 1578 τότε
364 1572 371 1583 ,
385 1550 433 1578 καὶ
448 1550 674 1586 ὁμολογουμένως
688 1550 759 1585 μέγα
774 1550 832 1576 ἐστί
847 1539 869 1568 ct

42 1601 73 1626 τὸ
89 1600 139 1635 τῆς
159 1598 299 1630 εὐσεϐείας
317 1598 476 1634 μυστήριον.
492 1598 524 1624 Εἰ
535 1597 563 1623 δὲ
578 1596 720 1632 ἄνθρωπος
735 1598 836 1622 νοεῖται

43 1646 136 1678 κοινὸς
158 1646 172 1672 ὁ
191 1643 306 1680 Χριστὸς
319 1664 325 1676 ,
341 1643 378 1675 ὡς
396 1643 466 1670 κατὰ
487 1643 570 1678 μόνην
582 1641 631 1677 τὴν
657 1642 768 1676 ἰσότητα
786 1641 836 1676 τῆς

44 1693 125 1725 ἀξίας
136 1713 142 1724 ,
157 1691 239 1727 ἤγουν
256 1690 411 1722 αὑθεντίας,
427 1689 487 1724 Θεῷ
504 1688 675 1723 συνημμένος
692 1688 836 1724 (πεφρονή-

45 1747 112 1764 κατι
127 1738 180 1773 γὰρ
194 1737 227 1764 τὰ
244 1736 332 1763 τοιάδε
345 1736 417 1767 τινὲς
430 1736 484 1762 τῶν
497 1734 715 1770 ἀμαθεστέρων),
730 1734 789 1766 πῶς
806 1734 835 1760 ἐν

46 1785 130 1819 σαρκὶ
141 1782 347 1818 πεφανέρωταις
361 1781 461 1817 (καίτοι
471 1781 530 1812 πῶς
539 1781 587 1816 οὐχ
598 1781 699 1807 ἅπασιν
711 1780 834 1816 ἐναργὲς,

46 1831 89 1857 ὃτι
112 1830 164 1861 πᾶς
186 1829 331 1864 ἄνθρωπος
347 1829 376 1854 ἐν
404 1826 486 1862 σαρκί
509 1827 540 1853 τέ
564 1827 640 1857 ἐστι,
663 1826 709 1852 καὶ
731 1826 780 1852 οὑκ
803 1825 836 1851 ἂν

49 1876 149 1911 ἑτέρως
173 1875 259 1911 ὀρῷτό
281 1876 363 1909 τισι;)
384 1874 437 1900 τίνι
457 1873 484 1900 δὲ
499 1873 592 1908 τρόπῳ
609 1878 619 1891 τ
640 1869 730 1906 ὦφθαι
754 1881 836 1907 φησιν

49 1923 131 1950 αότδν
152 1922 271 1952 καὶτοῖς
293 1920 381 1954 ἁγίοις
404 1919 548 1953 ἁγγέλοις;
571 1919 607 1945 Ἢ
622 1918 676 1953 γὰρ
696 1919 743 1944 καὶ
763 1918 836 1952 ἡμᾶς

50 1970 147 2001 αὐτοὺς
169 1969 218 2003 οὐχ
240 1968 339 2003 ὁρῶσιν
366 1966 494 2000 ᾶγγελοι;
511 1966 543 1992 Τί
560 1963 605 1992 οὖν
630 1966 658 1991 ἐν
675 1964 786 2000 Χριστῷ
805 1964 836 1990 τὸ

51 2015 136 2047 ξένον,
155 2014 171 2050 ἢ
187 2014 213 2040 τί
234 2014 265 2040 τὸ
278 2012 438 2048 παράδοξον,
456 2013 480 2038 εί
504 2011 552 2038 καὶ
571 2011 632 2038 καθ’
656 2012 730 2046 ἡμᾶς
754 2011 835 2042 ὄντα,

52 2061 98 2088 καὶ
111 2060 204 2095 ἓτερον
217 2059 304 2090 οὐδὲν,
323 2058 465 2085 τεθέανταί
480 2066 552 2089 τινες
573 2057 627 2084 τῶν
651 2057 737 2090 ἁγίων
752 2056 836 2090 ἀγγέ-

50 2109 118 2139 lum;
133 2106 194 2137 Πῶς
207 2106 235 2132 δὲ
247 2105 294 2131 καὶ
304 2104 408 2132 ἔθνεσιν
416 2103 556 2139 ἐκηρύχθη
568 2111 576 2135 ;
587 2103 635 2129 καὶ
647 2103 685 2134 ὡς
695 2103 737 2134 τίς
746 2103 836 2138 ὑπάρ-

52 2163 104 2189 χων
117 2157 127 2170 ³
144 2153 217 2187 παρὰ
236 2152 290 2178 τῶν
309 2152 338 2177 ὲν
356 2151 451 2186 κόσμῳ
468 2144 625 2176 πιστεύεται
639 2157 646 2182 ;
662 2149 692 2175 El
715 2149 764 2184 μὲν
781 2149 836 2184 γὰρ

922 1272 1044 1300 XXXIII.
1069 1282 1078 1297 ι
1098 1273 1130 1300 Et
1145 1273 1287 1300 manifeste
1303 1281 1429 1307 magnum
1443 1278 1484 1300 est
1503 1274 1613 1307 pictatis
1629 1282 1672 1301 sa-

886 1324 1054 1345 crana-ntmn
1070 1327 1076 1344 :
1092 1318 1163 1346 Deus
1182 1318 1368 1346 manifestalus
1387 1326 1428 1346 est
1449 1319 1474 1346 in
1489 1328 1582 1352 carne,
1595 1319 1674 1353 justi-

887 1366 982 1392 liratus
1003 1370 1044 1392 est
1059 1365 1087 1392 in
1102 1365 1210 1398 spiritu.
1226 1365 1300 1392 visus
1325 1370 1365 1392 est
1384 1365 1497 1400 angelis,
1513 1366 1674 1400 przcdicalns

887 1416 927 1437 est
945 1411 971 1438 in
990 1411 1127 1445 gentibus,
1145 1411 1265 1438 creditus
1289 1416 1328 1438 est
1346 1411 1372 1438 in
1396 1412 1505 1444 nmndo,
1521 1417 1687 1446 assumptus-

887 1461 928 1482 cst
956 1456 983 1482 in
1007 1456 1091 1490 gloria
1105 1457 1137 1482 Μ.
1156 1466 1165 1482 ι
1193 1456 1219 1484 Si
1244 1457 1314 1484 Deus
1332 1458 1443 1484 vcrhnm
1467 1458 1596 1485 deitatem
1622 1466 1674 1485 ιιιιιι

888 1502 1029 1534 amittens,
1046 1503 1092 1529 sed
1109 1503 1135 1530 in
1153 1503 1252 1538 quibus
1266 1508 1326 1530 erat
1347 1503 1425 1530 bonis
1443 1508 1601 1531 constanter
1614 1512 1675 1539 per-

887 1547 996 1580 sistens,
1015 1548 1096 1575 homo
1111 1548 1198 1576 factus
1215 1549 1388 1582 praedicatur,
1406 1558 1533 1585 magnum
1553 1551 1675 1584 profecto

887 1594 995 1628 pietatis
1015 1595 1173 1629 mysterium
1199 1595 1243 1621 hic
1260 1603 1289 1621 se
1310 1594 1398 1622 olTert.
1422 1596 1450 1623 Si
1473 1603 1536 1623 vero
1552 1596 1676 1623 Christus

886 1646 927 1668 est
951 1642 1031 1668 homo
1055 1645 1159 1668 tantum
1184 1643 1350 1674 communis,
1379 1642 1434 1669 sola
1463 1643 1603 1678 dignitatis
1632 1643 1673 1670 vel

888 1688 1059 1714 auctoritatis
1075 1689 1205 1715 societate
1219 1687 1275 1715 Deo
1289 1688 1449 1722 conjunctus
1463 1689 1526 1723 (hoc
1542 1690 1613 1716 cnim
1635 1690 1675 1716 in-

887 1733 959 1760 docti
982 1733 1090 1767 quidam
1117 1732 1292 1769 defendunt),
1321 1735 1457 1769 quomodo
1487 1735 1676 1762 mauil'estatus

887 1782 929 1805 est
950 1779 976 1805 in
1003 1778 1105 1806 carne?
1134 1779 1176 1805 An
1211 1787 1263 1806 non
1287 1780 1412 1807 omnibus
1437 1781 1608 1816 perspicuum
1635 1788 1677 1809 est

888 1824 988 1851 tntillum
1009 1832 1062 1851 non
1084 1824 1220 1851 hominem
1236 1832 1317 1852 carne
1334 1833 1395 1852 esse
1410 1826 1543 1858 indutum,
1561 1834 1610 1854 nec
1623 1827 1677 1855 alio

887 1870 967 1897 modo
981 1877 996 1896 a
1013 1877 1149 1905 quoquam
1169 1878 1248 1905 posse
1266 1871 1368 1898 videri?
1383 1871 1465 1907 152‘;
1478 1872 1533 1904 Qua
1548 1879 1612 1907 ergo
1631 1881 1676 1899 ra-

888 1917 961 1944 tione
973 1925 988 1944 a
1004 1918 1107 1944 sanctis
1121 1924 1229 1952 quoque
1243 1917 1346 1951 angelis
1359 1919 1433 1945 visus
1451 1918 1566 1945 dicitur?
1583 1918 1677 1946 Nonne

887 1963 976 1997 angeli
994 1963 1120 1997 nosipsos
1137 1963 1348 1997 conspicantur?
1363 1963 1432 1997 Quid
1453 1964 1536 1998 igitur
1551 1965 1576 1991 in
1598 1965 1676 1993 Chri-

887 2014 929 2036 sto
946 2013 992 2036 aut
1008 2016 1118 2041 novum,
1138 2013 1184 2035 aut
1202 2009 1374 2043 inusitatum,
1391 2014 1418 2038 et
1438 2011 1619 2039 :ulmiratione
1633 2013 1675 2039 di-

887 2063 967 2090 gnum
992 2060 1045 2088 est,
1071 2056 1093 2082 si
1120 2055 1205 2082 solam
1226 2061 1328 2083 naturae
1350 2062 1450 2084 nostra:
1469 2058 1674 2085 similitudinem

887 2110 997 2137 gerens.
1017 2110 1031 2129 a
1050 2102 1210 2137 quibusdam
1224 2103 1326 2138 angelis
1344 2103 1418 2130 visus
1431 2103 1494 2130 est?
1508 2103 1600 2136 Qualis
1614 2112 1674 2131 rur-

887 2155 947 2175 sum
966 2147 1091 2182 gentihus
1105 2147 1285 2180 praedicatus?
1301 2152 1346 2173 aut
1365 2147 1451 2181 qualis
1468 2150 1575 2174 tandem
1595 2149 1628 2176 ab
1643 2150 1676 2176 iis

52 2201 88 2231 ὡς
103 2200 149 2226 ἕνα
161 2198 215 2225 τῶν
227 2197 286 2224 καθ’
299 2197 374 2231 ἡμᾶς
388 2196 530 2231 ἄνθρωπον
546 2194 654 2227 ἁπλῶς,
668 2194 715 2220 καὶ
730 2194 790 2228 οὐχὶ
802 2194 834 2230 δὴ

926 2193 932 2220 i
952 2197 1016 2220 sunt
1032 2193 1058 2220 in
1077 2193 1189 2223 mundo,
1208 2193 1347 2219 creditur?
1367 2192 1434 2219 Nam
1456 2193 1479 2220 si
1502 2194 1575 2220 illum
1594 2195 1676 2222 disci-

55 2243 153 2279 μᾶλλον
168 2242 233 2268 Θεδν
247 2240 478 2276 ἐνηνθρωπηκότα
491 2238 654 2275 διεκήρυξαν
666 2239 690 2265 οἱ
705 2239 834 2274 μαθηταὶ,

55 2289 100 2315 καὶ
112 2288 149 2319 ὡς
164 2286 243 2313 τοῦτο
255 2285 386 2320 ὑπάρχων
399 2284 476 2318 παρὰ
488 2283 544 2310 τῶν
557 2284 585 2309 ὲν
600 2283 694 2318 κόσμῳ
710 2283 836 2310 πιστεύε-

54 2343 112 2366 ται,
129 2331 368 2369 ἁνθρωπολατρείᾳ
385 2328 600 2365 κεκρατήμεθα,
617 2329 664 2355 καὶ
681 2337 836 2364 προσκεκυ-

37 2399 43 2407 .
56 2382 173 2416 νήκαμεν
196 2379 229 2412 τῇ
246 2377 352 2403 κτίσει·
372 2375 420 2401 καὶ
443 2374 511 2410 πρός
533 2383 566 2409 γε
585 2374 663 2401 τοῦτο
677 2375 749 2410 ἡμᾶς
769 2383 835 2401 κατ-

57 2428 177 2462 εδόνησεν
190 2423 270 2454 αὐτὸς
283 2423 297 2449 ὁ
309 2421 388 2457 φύσει
407 2430 436 2448 τε
446 2421 492 2447 καί¹
507 2420 620 2456 ἀληθείᾳ
635 2421 683 2447 καὶ
697 2420 752 2446 τῶν
767 2421 836 2448 ὅλων

56 2471 128 2503 Θεός*
149 2470 229 2500 αὐτὸς
252 2468 307 2504 γὰρ
321 2469 388 2503 ἡμῖν
411 2467 457 2493 τὸν
481 2466 535 2493 τῶν
557 2466 697 2502 θεηγόρων
716 2466 835 2499 ἀνέδειξε

57 2518 143 2554 χορόν.
158 2517 187 2543 Εἰ
202 2515 229 2543 δὲ
248 2515 363 2550 Χριστὸς
378 2514 500 2549 ἐγερθεὶς
518 2514 549 2539 ὲκ
563 2513 666 2548 νεκρῶν
680 2514 737 2545 τοῖς
750 2513 838 2548 ἁγίοις

58 2566 170 2598 ἔφασκεν
197 2561 372 2592 ἀποστόλοιςο
402 2569 410 2585 ι
441 2559 624 2594 Πορευθέντες
650 2559 838 2594 μαθητεύσατε

59 2610 142 2637 πάντα
164 2608 197 2634 τὰ
219 2607 298 2640 ἔθνη,
324 2604 501 2640 βαπτίζοντες
527 2604 624 2635 αὐτοὺς
646 2605 686 2636 εἰς
704 2604 734 2630 τὸ
753 2604 838 2639 ὄνομα

60 2655 102 2681 τοῦ
118 2655 230 2690 Πατρὸς,
251 2655 298 2681 καὶ
311 2653 357 2680 τοῦ
378 2655 455 2686 Υίοῠ,
470 2654 516 2681 καὶ
538 2654 585 2680 τοῦ
606 2654 684 2688 ἁγίου
708 2653 836 2689 Πνεύμα-

92 2743 132 2769 ⁶¹1
149 2743 265 2770 Timoth.
283 2751 325 2776 ιιι,
341 2743 383 2770 16.

889 2240 942 2274 puli
959 2238 1057 2265 llllllldt)
1077 2239 1258 2272 prazdicaruul
1275 2243 1304 2264 ut
1323 2246 1418 2272 purum
1439 2239 1556 2274 aliquem
1576 2246 1675 2268 nostra:

889 2285 1053 2312 conditionis
1082 2286 1229 2315 hominem,
1253 2289 1280 2311 et.
1301 2292 1354 2311 non
1379 2289 1407 2311 ut
1429 2285 1511 2312 Deum
1537 2285 1674 2313 hominem

888 2331 1001 2363 factum,
1018 2331 1132 2365 talisque
1144 2331 1178 2357 ab
1195 2330 1228 2357 iis
1245 2331 1289 2365 qui
1309 2330 1335 2357 in
1351 2331 1452 2357 mundo
1467 2332 1568 2365 degunt
1586 2334 1676 2359 credi-

891 2382 950 2410 Iur;
975 2378 1008 2404 ad
1028 2385 1110 2404 unum
1134 2385 1228 2404 omnes
1253 2377 1473 2412 autltropolatrize
1498 2378 1612 2404 crimine
1638 2379 1675 2405 rei

891 2423 1053 2456 tcnebimur,
1084 2429 1291 2459 crcaturamque
1313 2425 1452 2452 Creatoris
1479 2425 1538 2452 loco
1564 2427 1677 2453 adorare

891 2474 983 2502 aperte
997 2469 1214 2496 convincemur?
1231 2470 1310 2504 idque
1330 2470 1401 2497 illius
1422 2470 1548 2505 impulsu,
1564 2471 1608 2504 qui
1627 2479 1677 2497 na-

892 2519 951 2542 tura
984 2520 1010 2542 et
1035 2515 1151 2542 veritate
1173 2515 1362 2542 universorum
1392 2515 1461 2542 Deus
1486 2521 1536 2543 est.
1562 2515 1678 2543 Constat

891 2562 962 2588 enim
989 2561 1075 2594 ipsum
1108 2561 1142 2588 ad
1168 2568 1216 2588 nos
1243 2561 1349 2588 misisse
1377 2562 1519 2596 magistros
1547 2562 1592 2596 qui
1620 2562 1678 2589 lucc

890 2609 1028 2633 docerent.
1042 2607 1118 2640 Quod
1136 2607 1157 2634 si
1172 2606 1295 2634 Christus
1309 2615 1342 2634 ex
1357 2609 1470 2635 mortuis
1484 2609 1675 2640 eXSIISCIIaltts,

890 2658 999 2680 sanctos
1022 2654 1157 2688 apostolos
1173 2654 1215 2681 his
1236 2654 1326 2681 verbis
1351 2653 1448 2681 allatur
1463 2663 1470 2681 :
1488 2664 1496 2680 ι
1514 2654 1614 2682 Euntes
1631 2655 1679 2682 do-

599 2811 685 2839 Vario:
701 2811 830 2839 lectiones
846 2811 947 2839 codicis
965 2811 1144 2846 Seguiertani.

95 2889 108 2909 P
121 2882 232 2918 γενητῷ,
271 2887 284 2906 ιι
299 2881 420 2916 γενητόν.
461 2886 472 2900 τ
488 2881 549 2907 τίνα
563 2881 589 2907 δὲ
603 2880 713 2914 τρόπον.

752 2883 762 2898 ¹
779 2880 821 2906 Ῐσ.
837 2880 884 2907 καὶ
904 2881 978 2911 am;
991 2880 1131 2914 ὑπάρχων.
