1872 3057
179 164 248 192 1579

669 163 698 190 S.
718 161 854 190 CYRILLI
875 158 1109 188 ALEXANDlllNl
1130 159 1290 188 ARCIIIEP.

1750 160 1814 187 Bm

177 225 236 248 cete
259 226 354 247 omnes
371 223 475 253 gentes.
490 218 662 254 baplizantes
677 226 725 246 eos
743 219 768 244 in
791 218 900 245 nomine
917 217 960 244 Pa-

1033 225 1076 248 ος-
1092 225 1102 242 ι
1118 213 1177 243 εἶτα
1193 216 1417 252 πεπιστεύκαμεν
1434 217 1475 249 είς
1487 217 1590 248 αὑτὸν,
1607 216 1813 252 βεὸαπτίσμεῦἑ

179 267 240 298 Iris.
253 271 281 293 et
294 265 365 297 Filii,
380 270 407 292 et
417 265 538 299 Spiritus
553 266 639 292 sancti
651 265 689 297 “;
705 274 714 290 ι
730 272 834 299 nosque
845 265 871 291 in
891 264 963 291 illutn

177 313 323 342 credimus,
337 319 368 338 ac
381 315 498 338 mortem
515 311 635 346 ejusdem
651 310 854 341 anumntiantes.
872 317 964 337 resur~

177 359 379 391 rectionemque
390 357 562 388 conﬁtentes,
578 356 706 391 baptizati
721 363 814 383 sumus
829 365 836 388 ;
853 360 880 382 et
892 355 964 382 istud

176 404 210 431 de
224 410 298 430 more
315 402 471 429 factitantes
488 409 627 436 nunquam
649 402 780 429 hactenus
791 401 862 436 quod
878 400 964 428 homi-

175 455 236 475 nem
252 447 383 479 colamus,
407 447 556 474 insimulati
573 446 693 474 fuimus:
709 447 771 481 quis
787 446 897 473 dubium
914 445 963 472 ha-

175 493 240 521 bere
262 497 350 527 potest
380 492 518 520 Christum
553 500 606 519 non
629 499 689 519 esse
710 499 806 526 purum
828 491 963 518 hominem

175 542 246 568 nuda
274 545 377 567 tantum
406 539 577 573 simplicique
604 545 666 565 cum
699 537 745 564 Dei
777 536 866 564 Verbo
900 544 964 563 cou—

175 587 290 612 nexione
305 585 483 616 honoratum;
506 590 598 610 rerum
621 582 737 610 naturali
757 582 905 609 secundum
923 581 965 607 di-

175 631 370 666 spensaturiam
391 630 520 657 unionem
545 637 606 656 cum
634 629 750 656 humana
775 633 874 656 natura
898 635 965 654 cou-

174 677 312 712 junctione
338 684 421 704 unum
444 682 505 703 esse
534 674 633 702 Filium
655 679 683 701 et
707 674 861 704 Dominum,
884 678 964 706 atque

175 723 236 749 ideo
249 730 374 756 magnum
387 721 495 757 pietatis
505 725 705 748 sacramentum
718 720 835 747 eluxisse
846 718 964 745 mundo?

174 766 243 793 Nam
266 766 336 793 Deus
356 766 473 794 Verbum
499 766 624 800 apparuit
643 765 668 791 in
693 772 785 797 carne,
800 764 964 798 justilieatus

176 817 217 840 est
233 812 258 839 in
273 811 374 846 Spiritu
391 811 503 846 (nullum
519 812 592 838 enim
612 816 752 845 peccatum
771 810 900 837 Dominus
916 817 965 836 uo-

175 864 233 886 ster
253 858 401 893 designat),
413 859 489 886 visus
506 863 547 885 est
561 863 588 884 et
599 857 712 892 angelis,
734 862 760 883 ut
775 857 819 891 qui
835 856 963 883 nativita-

1014 269 1042 287 τε
1055 282 1062 292 ,
1080 261 1125 287 τὸν
1147 261 1262 288 θάνατον
1278 261 1361 289 αὑτοῦ
1380 262 1620 296 καταγγέλλοντες
1633 281 1641 292 ,
1658 263 1711 287 καὶ
1723 262 1812 296 ὁμολο-

1013 307 1126 340 γοῦντες
1145 308 1194 344 τὴν
1215 309 1380 335 ἀνάστασιν·
1399 308 1446 335 καὶ
1465 308 1547 335 τοῦτο
1569 308 1644 343 δρᾷν
1670 308 1811 340 εἰωθότες,

1013 355 1069 385 τοῖς
1082 353 1338 389 ἀνθρωπολατρείας
1351 354 1504 389 ἐγκλήμασι
1519 354 1583 381 κατ’
1598 354 1706 381 οὐδένα
1721 355 1814 390 τρόπω

1014 398 1192 433 ἑνισχήμεθα.
1208 399 1265 425 Οὐκ
1280 399 1334 434 ἄρα
1349 399 1414 434 ψιλῇ
1439 399 1575 435 συναφείᾳ
1596 401 1635 435 τῇ
1659 400 1733 436 πρὸς
1754 400 1814 427 Θεὸν

1014 443 1100 477 Λόγον
1119 445 1300 480 τετιμημένος
1311 445 1456 480 ἄνθρωπος
1465 446 1486 474 ῐὸ
1499 446 1622 480 Χριστὸς
1635 465 1643 476 ,
1666 446 1773 480 συνόδῳ
1787 447 1814 473 δὲ

1015 489 1115 524 μᾶλλον
1127 492 1160 526 τῇ
1179 491 1247 525 πρὸς
1264 490 1296 516 τὸ
1310 491 1480 526 ἀνθρώπινον
1498 491 1560 518 καθ’
1583 492 1693 518 ἕνωσιν
1713 492 1814 518 οἰκονο-

1015 535 1099 570 μικὴν
1112 535 1175 566 Υἱὸς
1187 532 1227 567 εἷς
1252 536 1299 561 καὶ
1322 536 1434 571 Κύριος.
1457 536 1536 570 Μέγα
1553 537 1611 572 γὰρ
1629 537 1697 563 τότε
1717 536 1749 562 τὸ
1769 537 1816 571 τῆς

1014 581 1155 613 εὐσεϐείας
1178 582 1342 617 μυστήριον·
1368 583 1561 618 πεφανέρωται
1587 582 1649 618 γὰρ
1677 583 1711 608 ὲν
1737 584 1815 618 σαρκὶ

1013 626 1079 658 Θεὸς
1090 626 1126 653 ὣν
1139 628 1152 654 ό
1167 627 1266 661 Λόγος,
1283 627 1429 663 ἐδικαιώθη
1443 628 1471 654 δὲ
1485 628 1532 655 καὶ
1545 629 1576 654 ὲν
1596 628 1766 663 Πνεύματι·
1785 629 1814 654 οὗ

1013 673 1068 708 γὰρ
1081 673 1207 707 ἐποίησεν
1221 673 1358 708 ἁμαρτίαν
1373 675 1388 700 ὁ
1401 673 1503 709 Κύριος
1513 673 1595 709 ἡμῶν
1623 674 1740 709 Ἰησοῦς
1751 675 1814 710 Χρι-

1015 719 1091 750 στός·
1114 718 1191 754 ὤφθη
1216 718 1244 745 δὲ
1264 719 1311 745 καὶ
1333 719 1478 753 ἀγγέλοις,
1501 719 1526 746 οἶ
1549 720 1602 755 τὴν
1633 720 1814 756 ἀνθρωπίνην

1014 765 1097 791 αὑτοῦ
1110 765 1236 800 γέννησιν
1256 766 1306 791 οὑκ
1319 766 1484 800 ἠγνοηκότες
1499 766 1637 801 ἔφασκον·
1670 775 1680 791 ι
1701 767 1772 799 Δόξα
1788 771 1812 793 ἐν

1014 810 1135 845 ὑψίστοις
1154 811 1231 846 Θεῷ,
1247 812 1294 838 καὶ
1316 811 1364 838 ἐπὶ
1383 812 1435 846 γῆς
1459 812 1574 847 εἰρήνη,
1596 813 1629 838 ὲν
1656 812 1811 847 ἀνθρώποις

1014 855 1133 882 εὐδοκία.
1150 865 1159 881 ›
1183 856 1338 892 Ἑκηρύχϐη
1352 857 1381 882 δὲ
1393 857 1441 883 καὶ
1452 858 1481 883 ὲν
1492 857 1584 884 ἔθνεσι
1597 866 1604 873 ·
1620 858 1676 884 καὶ
1690 858 1736 884 ὅτι
1748 860 1811 885 κατά

175 908 228 931 tem
247 904 305 936 ejus
319 903 467 930 secundum
482 909 590 929 carnem
607 910 659 929 non
676 902 831 936 ignorantes
846 911 853 929 ι
869 910 878 927 ι
896 901 959 933 Glu-

1031 903 1139 937 λήθειὰν
1160 904 1234 929 ἐστιν
1246 905 1260 929 ὁ
1282 903 1346 934 Υἱὸς
1367 903 1414 929 τοῦ
1431 903 1498 930 Θεοῦ
1511 903 1560 930 καὶ
1573 903 1710 939 lla-spec,
1728 906 1775 930 καὶ
1787 905 1812 931 ὲν

173 949 214 976 ria
230 949 254 975 in
271 949 410 975 altissimis
426 949 491 979 Deo.
509 953 535 975 et
551 949 577 974 in
596 952 666 974 terra
684 955 746 981 pax.
761 948 787 974 in
806 948 958 975 hominibus

1013 949 1095 984 σαρκὶ
1110 948 1239 984 πεφηνὼς
1248 968 1256 980 ,
1268 948 1345 984 παρὰ
1355 950 1412 980 τοῖς
1426 950 1455 976 ὲν
1469 949 1564 985 κόσμῳ
1581 950 1767 976 πιστεύεται.

173 995 245 1023 bona
270 996 395 1022 voluntas
406 995 445 1026 “.
462 1004 472 1021 ι
495 995 701 1028 conrinuerint;
733 995 896 1029 praedicatus
920 999 963 1022 est
980 995 1042 1022 etin
1060 995 1187 1029 gentibus
1215 1002 1348 1030 quoque:
1372 995 1488 1029 denique
1515 1003 1611 1023 verum
1632 989 1715 1022 illum
1743 1001 1812 1022 natu-

175 1040 314 1074 ralemque
329 1039 375 1066 Dei
397 1039 485 1066 Patris
505 1038 602 1066 Filium
622 1046 692 1072 esse,
719 1039 765 1074 qui
800 1038 986 1067 manifestatus
1004 1040 1040 1067 sit
1064 1040 1090 1068 in
1124 1047 1218 1074 carne,
1249 1040 1381 1068 creditum
1405 1045 1447 1067 est
1469 1039 1503 1067 ab
1525 1040 1569 1068 his
1596 1041 1647 1077 qui
1683 1041 1811 1068 mundum

174 1086 246 1113 hunc
261 1085 392 1112 incolunt.

209 1130 329 1158 XXXIV.
363 1140 372 1156 ι
390 1131 422 1158 Et
451 1131 634 1158 testimonium
661 1131 797 1165 perhibuit
825 1130 960 1165 Joannes,

174 1176 268 1204 dicens
283 1185 290 1203 :
305 1177 371 1209 Quia
392 1176 445 1203 vidi
461 1177 591 1211 Spiritqu
606 1167 816 1204 descendentem
827 1178 904 1211 quasi
918 1184 963 1204 co-

174 1222 291 1250 lumbam
312 1223 346 1250 de
359 1223 438 1253 coelo,
450 1227 478 1250 et
498 1223 598 1249 mansit
616 1230 697 1257 super
710 1230 782 1249 eum.
804 1222 837 1249 Et
855 1230 904 1257 ego
918 1231 963 1250 ne-

175 1267 294 1296 sciebam
309 1275 383 1300 eum,
401 1269 449 1295 sed
463 1268 509 1303 qui
525 1268 600 1295 misit
619 1275 662 1295 me
678 1269 816 1302 baptizare
834 1269 860 1296 in
878 1276 960 1304 aqua,

175 1313 219 1341 ille
243 1314 308 1341 mihi
332 1313 401 1340 dixit
415 1323 422 1340 :
435 1314 522 1348 Super
542 1321 621 1349 quem
637 1314 737 1341 videris
761 1314 890 1348 Spiritum
911 1316 959 1342 de-

173 1359 346 1387 scendeutetn
366 1364 394 1386 et
407 1364 560 1386 manentem
582 1367 664 1393 super
682 1366 753 1392 eum,
768 1359 847 1395 155
860 1361 904 1387 hic
918 1365 960 1388 est

173 1406 219 1440 qui
237 1407 354 1440 baptizat
377 1405 404 1432 in
425 1405 527 1440 Spiritu
548 1411 652 1432 sancto.
673 1405 706 1432 Et
724 1413 774 1440 ego
791 1407 856 1438 vidi,
878 1412 905 1433 et
919 1412 960 1434 te-

173 1453 331 1480 stimonium
357 1452 495 1486 perhibui.
519 1452 581 1487 quia
608 1452 651 1479 hic
677 1457 718 1479 est
738 1452 823 1479 Filius
839 1452 885 1479 Dei
899 1453 931 1480 ⁵⁸.
947 1462 957 1479 ι

1050 1133 1110 1160 ΛΔ’.
1133 1142 1143 1158 ‹
1164 1132 1219 1160 Καὶ
1241 1133 1433 1168 ἐμαρτύρησεν
1461 1133 1588 1168 Ἰωάννης
1611 1133 1731 1167 λέγων·
1756 1134 1811 1160 Ὅτι

1013 1179 1145 1213 τεθέαμαι
1165 1178 1196 1205 τδ
1219 1178 1333 1214 Πνεῦμα
1360 1178 1524 1206 καταὸαῖνον
1547 1179 1616 1205 ὡσεὶ
1642 1181 1811 1215 περιπεραν

1014 1225 1044 1257 ἐξ
1059 1224 1192 1260 οὐρανοῦ,
1211 1225 1259 1251 καὶ
1281 1224 1387 1260 ἔμεινεν
1403 1225 1446 1252 ἐπ’
1466 1225 1558 1252 αὐτόν.
1587 1225 1667 1260 Ἐγὼ
1687 1225 1718 1251 δὲ
1733 1227 1741 1243 ι
1765 1227 1810 1252 οὐκ

1014 1271 1088 1306 ᾔδειν
1101 1270 1198 1297 αὐτόν·
1221 1270 1280 1296 ἀλλ’
1292 1271 1306 1296 ὁ
1322 1270 1433 1305 πέμψας
1452 1278 1485 1305 με
1508 1270 1654 1305 βαπτίζειν
1672 1271 1705 1297 ὲν
1726 1271 1809 1302 ὕδατι,

1013 1317 1095 1348 αὑτός
1109 1325 1154 1352 μοι
1174 1314 1251 1343 εἶπεν
1262 1324 1270 1332 ο
1299 1317 1356 1350 Ἐφ’
1370 1317 1400 1343 ὃν
1414 1316 1448 1343 ἂν
1465 1316 1524 1351 ἴδῃς
1535 1316 1566 1343 τὸ
1588 1317 1712 1351 Πνεῦμα
1731 1326 1809 1344 κατα-

1013 1363 1116 1394 ϐαῖνον,
1128 1363 1174 1389 καὶ
1192 1363 1271 1398 μένον
1290 1363 1333 1389 ἐπ’
1345 1363 1443 1394 αὑτὸν,
1458 1361 1535 1395 οὗτός
1549 1364 1624 1390 ἐστιν
1639 1363 1656 1389 ὁ
1672 1363 1810 1397 βαπτίζων

1012 1408 1042 1434 ὲν
1055 1409 1194 1443 Πνεὺματι
1207 1408 1244 1443 τῷ
1257 1408 1337 1443 ἁγίῳ.
1357 1408 1442 1442 Κάγὼ
1456 1408 1567 1444 ἑώρακα
1576 1430 1584 1441 ,
1599 1409 1651 1435 καὶ
1667 1410 1810 1444 μεμαρτξιι

1014 1462 1104 1490 ρηκα,
1118 1454 1158 1480 ὃτι
1172 1451 1248 1486 οὗτός
1264 1455 1337 1481 ἐστιν
1356 1456 1370 1481 ὁ
1390 1455 1452 1486 Υἱὸς
1471 1454 1518 1481 τοῦ
1534 1453 1616 1481 Θεοῦ.
1646 1464 1657 1480 ι
1680 1455 1750 1480 "Eva
1767 1455 1806 1481 λέ-

173 1499 239 1526 Cnm
257 1506 339 1526 unum
354 1499 487 1526 duntaxat
496 1498 699 1525 Emmanuelem
714 1499 894 1534 assiguemus.
911 1506 959 1527 ηε-

1031 1508 1105 1531 οντες
1126 1499 1173 1526 τδν
1197 1500 1386 1535 Ἐμμανουὴλ,
1408 1500 1456 1527 καὶ
1476 1500 1530 1526 τῶν
1547 1501 1588 1532 εις
1610 1499 1662 1527 δύο
1673 1500 1808 1535 Χριστοῦς

174 1553 226 1580 que
249 1553 297 1572 eos
317 1545 363 1580 qui
391 1545 500 1572 unicum
522 1545 660 1572 Christum
686 1545 711 1572 in
737 1545 803 1572 duos
818 1545 958 1579 divellunt,

174 1593 304 1623 feramus,
325 1592 389 1626 quid
410 1592 542 1624 dicemus.
558 1599 619 1618 cum
647 1590 779 1626 Spiritum
799 1597 923 1619 sanctuut
945 1600 961 1620 ε

173 1637 245 1665 cmlo
260 1645 341 1672 super
363 1637 437 1664 illutn
459 1637 644 1668 descendisse.
666 1644 771 1664 necnon
791 1644 872 1672 super
887 1645 962 1665 eum-

174 1683 234 1710 tlem
248 1683 381 1710 mansisse
394 1683 539 1710 audimus?
551 1681 789 1717 Suspicabimurne
807 1683 852 1709 Dei
871 1682 960 1711 Patris

179 1729 294 1756 Verbum
321 1728 439 1763 Spiritus
459 1729 545 1756 sancti
567 1728 774 1763 participatione
798 1729 960 1764 indiguisse?

174 1776 209 1803 At
225 1776 288 1810 quid
312 1775 364 1802 hoc
385 1779 432 1801 aut
447 1774 608 1810 excogitari,
630 1780 677 1802 aut
700 1775 752 1802 dici
768 1779 849 1810 queat
863 1776 960 1803 absur-

175 1821 252 1848 dius?
277 1820 397 1855 Spiritus
417 1820 489 1847 enim
514 1827 590 1854 asque
611 1820 737 1854 proprius
761 1825 804 1847 est
824 1820 896 1848 illius
919 1826 959 1848 at-

179 1873 227 1902 ιιιε
249 1866 294 1893 Dei
314 1865 414 1893 Patris.
430 1875 439 1891 ι
463 1865 595 1898 Quoniam
617 1866 684 1893 estis
711 1866 758 1892 lilii
774 1866 873 1900 (inquit
895 1867 960 1892 bea-

175 1918 218 1938 tus
232 1910 354 1946 Paulus),
373 1910 447 1938 misit
458 1909 528 1938 Deus
545 1911 673 1945 Spiritum
690 1911 750 1938 Filii
769 1912 810 1938 sui
833 1912 859 1938 in
877 1913 958 1939 corda

174 1963 264 1983 vestra
277 1956 438 1983 clamantem
452 1956 555 1989 :Abba,
567 1956 647 1984 Pater
656 1957 689 1984 “.
703 1966 713 1983 ι
724 1956 836 1990 lmpium
848 1957 960 1992 proinde

174 2002 254 2029 fuerit
269 2003 309 2029 vel
325 2003 410 2030 solum
428 2002 559 2037 cogitare,
576 2003 662 2037 ipstnn
681 2003 728 2030 Dei
742 2003 829 2030 Patris
844 2003 958 2031 Verbum

175 2048 292 2082 Spiritus
320 2049 405 2076 sancti
437 2049 683 2076 communiCatione
705 2050 829 2085 eguisse;
857 2051 958 2077 fatuum

174 2102 248 2126 vero,
267 2095 291 2120 iu
314 2101 370 2120 rem
388 2101 473 2128 usque
493 2094 560 2121 adeo
574 2094 681 2128 planam
696 2100 723 2122 et
744 2096 896 2122 evidentem
913 2104 959 2122 cu-

174 2140 274 2167 riosius
290 2140 358 2166 velle
376 2140 530 2174 inquirere.
546 2141 581 2167 At
599 2142 734 2174 quomodo
751 2148 815 2175 ergo
838 2141 956 2176 Spiritus

1010 1544 1235 1580 ἁποδιοριζὸντων
1257 1546 1308 1572 οὐκ
1326 1545 1500 1580 ἀνεχόμενοι,
1525 1545 1552 1572 τί
1575 1545 1610 1581 δὴ
1635 1543 1698 1581 ἆρά
1721 1554 1807 1580 φαμεν

1011 1590 1199 1622 καταπτάντος
1219 1591 1262 1616 ἐπ’
1284 1591 1366 1617 αὐτὸν
1386 1590 1415 1623 ἐξ
1427 1590 1543 1626 οὐρανοῦ
1558 1591 1607 1617 τοῦ
1622 1591 1707 1624 ἁγίου
1724 1592 1806 1618 Ilvati-

1011 1645 1105 1672 ματος,
1123 1637 1170 1663 καὶ
1186 1637 1329 1671 μείναντος
1339 1637 1384 1662 ἐπ’
1403 1637 1484 1662 αὐτόν
1498 1645 1505 1669 ;
1520 1635 1575 1672 ἄρα
1595 1637 1745 1672 δεδεῆσθαι
1761 1637 1805 1663 τοῦ

1012 1683 1172 1718 μεταλαχεῐν
1198 1683 1276 1716 ἁγίου
1304 1683 1464 1718 Πνεύματος
1484 1683 1529 1709 τὸν
1551 1684 1584 1710 ὲκ
1605 1683 1678 1710 Θεοῦ
1701 1684 1805 1719 Πατῲς

1009 1729 1096 1762 Λόγον
1112 1728 1326 1764 ὑποτοπὰσωμεν
1338 1736 1345 1760 ;
1357 1728 1452 1754 Καίτοι
1473 1728 1531 1760 πῶς
1545 1729 1597 1755 οὑκ
1618 1728 1653 1756 ἃν
1665 1730 1780 1764 αἰσχρὸν
1792 1734 1803 1747 ¹

1009 1774 1117 1810 ἀληθῶς
1138 1775 1168 1801 τὸ
1184 1771 1237 1801 ὦδε
1249 1776 1367 1810 φρονεῖν.
1388 1774 1405 1810 ἢ
1424 1774 1535 1808 λέγειν;
1559 1775 1624 1801 Γόιον
1644 1775 1703 1810 γὰρ
1724 1775 1802 1802 αὖτιρῦ

1009 1821 1040 1846 τὸ
1057 1820 1168 1855 Ι]νεῦμά
1187 1821 1256 1851 ἐστι,
1274 1819 1400 1855 καθάπερ
1421 1820 1517 1856 ἀμέλει
1541 1821 1588 1847 καὶ
1607 1821 1656 1847 τοῦ
1668 1821 1740 1848 Θεοῦ
1760 1823 1803 1848 καὶ

1009 1866 1126 1901 Πατρός.
1142 1866 1196 1892 Καὶ
1208 1866 1272 1899 γοῦν
1288 1867 1302 1892 ὁ
1314 1866 1448 1901 μακάριος
1464 1866 1577 1898 Παῦλος’
1600 1877 1609 1892 ι
1625 1867 1690 1893 Ὀτι
1702 1867 1732 1893 δέ
1744 1868 1802 1893 ἐστε

1009 1912 1072 1943 υἱοὶ,
1084 1909 1122 1943 οἷς
1131 1910 1319 1944 ἐξαπέστειλεν
1329 1912 1344 1937 ὀ
1352 1911 1418 1942 Θεὸς
1425 1912 1456 1938 τὸ
1465 1912 1573 1946 Πνεῦμα
1585 1913 1634 1938 τοῦ
1644 1912 1711 1938 Υἱοῦ
1721 1913 1801 1939 αὐτοῦ

1009 1958 1049 1989 εἰς
1068 1958 1117 1989 τὰς
1135 1957 1249 1992 καρδίας
1265 1957 1357 1992 ὑμῶν,
1373 1957 1489 1993 κράζον-
1517 1958 1619 1990 Ἃὸεᾶ,
1633 1959 1647 1984 ὁ
1661 1959 1770 1994 Πατήρ.
1788 1968 1797 1984 ι

1016 2004 1125 2035 ’Δσεὸὲς
1146 2002 1192 2030 οὖν
1212 2004 1266 2039 ἄρα
1282 2004 1311 2030 τὸ
1331 2003 1381 2030 κᾶν
1395 2004 1460 2038 γοῦν
1482 2005 1629 2039 ὑπονοῆσαι
1651 2005 1734 2040 μόνον
1752 2005 1799 2039 τῆς

1008 2050 1056 2077 τοῦ
1082 2050 1240 2084 Πνεῦματος
1262 2050 1407 2085 μετουσίας
1425 2050 1565 2086 δεδεῆσθαι
1586 2051 1635 2078 καὶ
1653 2052 1738 2078 αὑτὸν
1758 2054 1799 2077 τὶν

1008 2096 1041 2122 ἐκ
1052 2096 1119 2122 Θεοῦ
1135 2096 1240 2131 [la-.96;
1255 2097 1357 2131 Λόγον·
1377 2097 1425 2123 καὶ
1444 2097 1474 2123 τὸ
1491 2097 1564 2124 οὕτω
1576 2099 1650 2132 σαφῆ
1671 2098 1723 2132 τὴν
1739 2098 1799 2124 ἀπδ-

1008 2141 1091 2174 δειξιν
1114 2141 1174 2177 ἕχον
1197 2142 1358 2177 περιεργίας
1379 2142 1481 2175 ἀξιοῦν,
1508 2141 1605 2176 εὔηθες
1624 2142 1672 2169 καὶ
1690 2143 1796 2177 κομιδῇ.

173 2192 285 2214 sanctus
313 2195 394 2220 super
421 2187 496 2214 illum
521 2187 681 2214 descendit?
707 2187 812 2222 Accipit
838 2196 955 2223 namque

1034 2188 1072 2219 ὡς
1090 2185 1136 2214 οὖν
1160 2188 1203 2214 ἐπ’
1229 2188 1308 2214 αὑτὸν
1328 2189 1449 2223 κατέπτη
1475 2188 1506 2214 τὸ
1530 2189 1662 2222 Πνεῦμα;
1688 2188 1797 2223 Δέχεται

172 2232 319 2260 secundum
339 2233 487 2259 humanam
512 2237 649 2264 naturam,
673 2232 872 2267 dispensatione
895 2241 956 2260 cum

172 2286 254 2306 carne
274 2279 416 2311 eﬂiciente,
441 2284 469 2305 ut
490 2279 559 2306 citra
585 2286 693 2306 onmem
721 2280 956 2313 reprehensionem

173 2324 305 2358 Spiritqu
320 2324 472 2358 acciperet;
489 2324 544 2351 imo
558 2325 712 2352 necessario
726 2324 760 2351 ad
775 2325 824 2351 hoc
834 2326 956 2351 ducente.

173 2370 293 2404 Suscipit
308 2374 397 2397 autem
414 2370 491 2397 nobis
507 2370 598 2397 verius
615 2378 696 2405 quam
719 2369 770 2397 sibi
788 2378 794 2397 :
810 2378 863 2404 quo
884 2370 960 2397 nimi-

174 2423 243 2447 rum,
268 2421 442 2450 posteaquam
466 2415 500 2442 ab
523 2415 688 2447 hominibus,
707 2423 740 2442 eo
755 2415 826 2450 quod
849 2415 957 2442 illorum

173 2468 249 2488 meus
260 2468 275 2488 a
291 2461 434 2496 juventute
447 2461 481 2488 ad
495 2461 628 2488 malitiam
645 2468 728 2495 prona
744 2468 853 2496 semper
869 2462 958 2488 inten-

173 2512 253 2542 taque
276 2507 394 2540 esset“,
414 2506 498 2535 semel
521 2507 654 2538 avolarat.
678 2514 749 2533 nunc
768 2507 794 2533 in
816 2506 954 2534 Christum

171 2553 252 2580 veluti
268 2552 292 2579 in
309 2553 424 2580 alterum
438 2553 546 2589 generis
566 2553 651 2580 nostri
665 2552 829 2588 principium
846 2553 954 2580 descen-

171 2599 247 2630 dens,
263 2599 409 2633 sedemque
423 2600 544 2634 capiens,
565 2599 663 2627 iterum
686 2599 712 2626 in
734 2599 812 2626 nobis
828 2604 954 2634 tanquam

172 2645 312 2680 rectejam
329 2645 512 2680 operantibus,
537 2651 564 2673 et
587 2645 669 2672 vitam
692 2653 706 2671 a
725 2649 847 2679 peccato,
867 2645 954 2672 omm-

1010 2233 1063 2268 γὰρ
1079 2233 1266 2269 ἀνθρωπίνως.
1278 2234 1471 2260 ἁκαταιτίατον
1485 2233 1560 2268 αὐτῷ
1576 2233 1607 2259 τὸ
1622 2233 1716 2260 λαϐεῖν
1733 2234 1797 2260 ἀπο-

1010 2279 1158 2314 φαινούσης
1180 2277 1209 2306 εὖ
1236 2280 1308 2314 μάλα
1332 2280 1381 2315 τῆς
1406 2279 1476 2315 μετὰ
1503 2279 1604 2315 σαρκὸς
1629 2279 1796 2313 οἰκονομίας,

1009 2325 1108 2360 μᾶλλον
1125 2325 1153 2352 δὲ
1169 2326 1215 2352 καὶ
1228 2325 1384 2359 ἀναγκαίως
1399 2326 1440 2357 εἰς
1453 2325 1533 2351 τοῦτο
1548 2324 1698 2360 φερούσης.
1714 2325 1795 2360 Δέχε-

1007 2379 1052 2396 ται
1067 2370 1121 2405 γὰρ
1136 2371 1184 2405 οὐχ
1200 2370 1287 2405 ἑαυτῷ
1303 2371 1402 2405 μᾶλλον
1414 2390 1421 2402 ,
1437 2369 1494 2396 ἀλλ’
1513 2370 1593 2404 ἡμῖν·
1614 2370 1657 2396 ἵνα
1680 2369 1794 2404 ἐπείπερ

1007 2416 1114 2450 ἀπέπτη
1131 2415 1185 2442 τῶν
1199 2416 1245 2442 ἐπὶ
1258 2415 1307 2450 τῆς
1318 2416 1370 2450 γῆς
1380 2436 1387 2448 ,
1401 2415 1445 2442 διὰ
1458 2415 1489 2441 τὸ
1500 2415 1639 2450 ἐπιμελῶς
1654 2415 1794 2448 ἐγκεῖσθαι

1007 2461 1055 2497 τὴν
1070 2461 1189 2488 διάνοιαν
1200 2461 1246 2488 τοῦ
1263 2460 1406 2496 ἀνθρώπου
1423 2461 1470 2487 ἐπὶ
1485 2461 1520 2488 τὰ
1534 2460 1640 2496 πονηρά
1654 2462 1688 2488 ὲκ
1701 2461 1792 2496 νεότη-

1007 2516 1063 2539 τος,
1078 2508 1280 2542 καταφοιτῆσαν
1294 2507 1338 2533 ἐπ’
1353 2507 1445 2538 αὑτὸν,
1460 2507 1498 2539 ὡς
1513 2508 1542 2533 ἐν
1559 2507 1670 2542 ἀπαρχῇ
1683 2507 1731 2533 τοῦ
1748 2508 1791 2540 γέ-

1007 2560 1068 2583 νους
1085 2551 1212 2586 δευτέρα,
1234 2552 1373 2588 καταλύσῃ
1390 2553 1436 2578 καὶ
1452 2552 1644 2588 ἀναπαὺσηται
1668 2552 1748 2578 πάλιν
1764 2553 1791 2577 ἐν

1007 2599 1080 2633 ἡμῖν,
1108 2597 1145 2629 ὡς
1170 2598 1381 2633 κατωρθωκὸσιν
1417 2598 1466 2633 ἤδη
1492 2598 1524 2624 τὺ
1549 2598 1740 2633 ἀναμάρτητον
1763 2598 1790 2622 ὲν

1007 2643 1126 2679 Χριστῷ,
1140 2644 1186 2669 καὶ
1197 2644 1247 2679 τὴν
1256 2643 1345 2674 αἰτίας
1356 2643 1465 2678 ἁπάσης
1477 2643 1691 2679 ἀπηλλαγμένην
1702 2644 1789 2678 ἔχουσι

214 2723 236 2738 ⁶¹
255 2722 348 2749 Matth.
365 2730 459 2755 xxvm,
480 2722 524 2750 l‘J.
564 2721 586 2737 “
600 2721 665 2748 Luc.
682 2729 714 2753 ιι,
734 2722 773 2748 Η.
814 2722 837 2737 ⁸⁵
859 2721 937 2748 Joan.
954 2727 960 2746 t

1033 2720 1088 2748 -5ί.
1125 2722 1147 2737 ⁸⁸
1167 2721 1254 2749 Galat.
1270 2729 1306 2753 Iv,
1321 2720 1348 2748 6.
1389 2720 1412 2736 “
1427 2720 1495 2747 Gen.
1510 2728 1569 2752 vni,
1581 2720 1626 2747 21.

705 2800 792 2828 Varia:
809 2800 940 2827 lectiones
956 2799 1056 2827 codicis
1073 2799 1252 2834 Seguieriani.

210 2865 218 2882 ¹
233 2863 319 2897 κάγώ.
358 2870 370 2883 ιι
385 2864 415 2891 οὐ
434 2866 608 2898 πάναισχρον,
625 2865 643 2897 ἢ
660 2867 713 2892 πᾶν
729 2866 847 2900 αἰσχρόν.
