1872 3057
66 167 146 196 1581

486 166 532 194 AD
552 165 702 194 REGINAS
723 166 766 194 DE
787 166 897 194 RECTA
918 167 996 196 FIDE
1015 166 1145 195 ORATIO
1165 166 1313 194 ALTERA.

1633 166 1704 195 1582

60 224 160 262 ζωήν.
180 226 254 262 Πλὴν
277 226 303 253 εἰ
322 226 368 253 καὶ
390 225 568 260 ἀνθρωπίνως
588 225 694 261 δέχεται
717 226 751 252 δι’
773 227 862 262 ἡμᾶς,

955 234 969 254 e
994 227 1109 255 crimine
1128 227 1274 253 immttnem
1298 225 1324 252 in
1353 224 1411 260 ipso
1439 225 1611 258 ducentibus,
1637 233 1703 252 con-

60 271 132 298 ἀλλ*
160 271 212 307 ὅρα
234 271 339 298 διδόντα
369 270 477 302 θεϊίιῶς.
505 280 515 296 t
545 271 603 305 Ἐφ’
625 271 655 298 ὃν
682 271 736 307 γὰρ
765 272 822 308 ἴδῃς
836 273 865 299 τδ

62 316 189 352 Πνεῦμα
203 316 377 348 καταϐαῖνον,
393 315 480 351 φησὶ,
495 315 542 342 καὶ
560 316 639 351 μένον
656 316 698 343 ἐπ’
716 317 806 350 αὐτὸν,
819 313 865 344 οὖ-

62 363 118 394 τὸς
135 364 209 389 ἐστιν
224 364 238 389 ὁ
252 362 391 397 βαπτίζων
410 363 439 389 ὲν
456 362 595 398 Πνεύματι
606 362 645 398 τῷ
659 363 739 397 ἁγίῳ.
755 372 765 388 ι
782 363 867 390 Τοῦτο

62 409 100 436 δέ
114 411 191 436 ἐστιν
205 409 346 445 ἐνέργημα
368 408 472 436 θεῐκόν·
491 409 579 444 ἐνίησι
595 408 648 444 γὰρ
667 410 723 441 τοῖς
738 409 867 444 βαπτιζο-

67 455 169 489 μένοις
189 456 203 481 ὁ
228 455 330 491 Κύριος
355 455 433 490 ήμῶν
463 455 566 489 Ἰησοῦς
590 455 707 490 Χριστὸς
730 455 769 487 ὡς
797 455 862 482 ἴδιον

67 501 189 537 Πνεῦμα
213 501 244 528 τὸ
264 501 312 528 τοῦ
332 501 448 537 Πατρός.
470 501 524 527 Καὶ
550 501 617 537 πρός
639 510 670 535 γε
689 501 769 528 τοῦτο
789 502 863 536 ἡμᾶς

66 548 191 584 ἐμπεδοῖ
217 547 365 584 γεγραφὼς
394 548 409 573 ὸ
438 548 581 579 θεσπέσιος
608 547 732 580 Παῦλος·
756 557 766 573 ι
783 549 814 574 οι
835 548 863 574 ἐν

68 594 158 630 σαρκὶ
181 594 268 626 ὄντες,
290 593 350 628 Θεῷ
379 593 477 629 ἀρέσαι
507 594 536 620 οὑ
566 592 704 620 δύνανται.
725 593 819 628 Ὑμεῖς
834 593 864 619 δὲ

65 639 123 665 οὐκ
141 639 203 666 ἐστὲ
215 639 245 665 ὲν
264 638 363 674 σαρκὶ,
382 639 439 665 ἀλλ’
453 639 481 665 ὲν
497 638 647 674 πνεύματι,
661 639 739 675 εἴπερ
753 639 863 674 Πνεῦμα

67 685 142 711 Θεοῦ
158 686 259 712 ὲνοικεῖ
272 687 301 712 ὲν
315 685 388 720 ὑμῖν.
404 685 437 712 El
457 685 484 712 δέ
499 694 540 717 τις
556 685 668 721 Πνεῦμα
680 686 797 722 Χριστοῦ
813 687 863 713 οὐκ

67 729 142 766 ἔχει,
160 727 238 762 οὗτος
259 730 309 757 οὐκ
327 730 401 757 ἐστιν
421 729 514 757 αὑτοῦ.
538 739 548 756 ι
570 731 792 767 Μεμαρτύρηκεν
816 730 862 759 οὖν

74 777 216 812 Ἰωάννης,
231 777 271 803 ὅτι
289 785 298 802 ι
316 772 401 807 Οὗτός
414 776 487 802 ἐστιν
498 779 512 803 ὁ
525 776 588 808 Υἱὸς
605 777 653 804 τοῦ
665 777 744 805 Θεοῦ.
761 787 770 803 ι

915 274 1048 308 quiescat.
1075 273 1316 301 Verumenimvero
1335 272 1397 299 licet
1415 277 1443 298 ιιι
1470 272 1552 298 homo
1570 271 1702 306 Spiritttm

914 324 1038 346 sanctum
1062 323 1173 353 propter
1203 325 1252 346 nos
1280 318 1426 352 suscipiat:
1459 322 1487 345 ut
1512 317 1583 344 Deus
1612 321 1701 344 tamen

914 366 1038 392 eumdem
1053 365 1185 400 impertiri
1200 365 1277 393 solet.
1297 375 1306 390 ι
1324 363 1411 398 Super
1427 372 1506 398 quem
1518 364 1617 398 (inquit
1631 363 1701 390 ident

915 411 969 447 ille)
984 412 1084 439 videris
1101 411 1470 446 Spiritumdescendentem,
1491 415 1518 437 et
1535 414 1701 442 manentem,

916 458 961 485 hic
973 463 1014 485 est
1027 458 1071 493 qui
1085 459 1205 492 baptizat
1220 458 1245 484 in
1262 457 1366 492 Spiritu
1384 462 1479 484 sancto
1490 457 1523 482 ⁸⁷.
1538 465 1547 480 ι
1563 455 1704 490 Baptizare

917 509 1006 532 autem
1030 504 1058 531 in
1084 504 1186 539 Spiritu
1214 509 1319 536 sancto,
1345 511 1412 539 opus
1433 503 1554 530 divinum
1580 502 1701 529 exsistit.

917 550 998 584 Atqui
1013 550 1144 577 Dominus
1158 555 1252 578 noster
1264 549 1342 576 Jesus
1355 549 1480 576 Christus
1495 548 1537 575 his
1553 548 1598 583 qui
1615 547 1703 582 bapti-

916 600 1025 628 zantur,
1041 596 1172 630 Spiritum
1184 595 1272 623 Patris
1292 596 1328 622 uti
1346 595 1485 630 proprium
1501 594 1627 621 infundit.
1649 594 1700 620 At-

915 649 969 677 que
982 642 1034 670 huc
1051 643 1136 670 tendit
1150 643 1257 670 divimts
1267 642 1376 673 Paulus,
1392 642 1455 669 dum
1471 641 1542 668 inter
1555 645 1651 668 caetera
1665 640 1702 667 ita

915 688 1028 715 scribit:
1044 697 1053 713 t
1069 688 1118 721 Qui
1141 689 1167 715 in
1185 696 1268 715 carne
1283 692 1355 720 sunt,
1373 688 1428 714 Deo
1445 686 1551 722 placere
1567 694 1619 714 non
1643 694 1702 721 pos-

915 738 986 760 sunt.
1000 733 1053 761 Vos
1064 733 1190 760 autetuin
1201 741 1283 760 carne
1297 740 1348 760 non
1357 733 1434 764 estis,
1443 733 1489 759 sed
1507 732 1533 758 in
1548 731 1644 766 spiritu
1654 750 1662 763 ,
1677 730 1700 757 si

917 783 1006 806 tamen
1022 780 1139 814 Spiritus
1155 780 1201 807 Dei
1217 779 1319 807 habitat
1344 779 1369 806 in
1384 779 1470 806 vobis.
1488 778 1516 805 Si
1533 778 1593 812 quis
1610 782 1700 804 autem

66 822 203 857 Spiritum
218 822 316 850 Christi
327 831 378 850 non
389 823 479 854 habet,
490 823 533 850 ltic
542 831 595 850 non
606 829 645 851 est
657 824 715 859 ejus
726 824 759 851 ⁸⁸.
774 834 783 850 ι
801 824 877 852 Hunc
890 825 980 860 itaque
995 826 1041 853 Dei
1057 826 1154 853 Filium
1169 833 1240 858 esse,
1253 830 1347 861 aperte
1358 829 1483 852 testatum
1499 825 1562 852 facit
1572 824 1699 852 Joannes.

107 869 171 895 AE’.
198 868 396 895 Ἀναπυοέσθαι
419 868 447 895 δὲ
471 869 552 895 πάλιν
575 869 692 906 ἐθέλοιμ’
705 870 738 897 ἂν
753 871 808 897 τῶν
823 872 862 902 εἰς

955 872 1061 901 XXXV.
1082 873 1116 900 At
1135 873 1258 900 lubenter
1273 873 1396 907 equidem
1418 872 1462 899 hic
1481 872 1541 899 illos
1556 877 1700 906 perconta-

67 913 120 941 δύο
134 914 307 950 διοριζόντων
323 915 397 946 υἱοὺς
420 915 466 941 τὸν
489 915 536 942 ἕνα
551 915 654 950 Κύριον
669 916 775 952 Ἰησοῦν
795 917 862 952 Χρι-

69 960 137 986 στὸν
159 960 223 995 (ἕνα
241 960 358 996 δέδειχεν
380 962 394 987 ὸ
413 961 523 996 Πατὴρ,
547 961 595 988 καὶ
615 962 679 997 περὶ
703 962 763 994 ἑνός
780 971 862 998 φησιν

66 1007 84 1033 ὁ
103 1007 238 1042 μακάριος
253 1007 448 1042 εὐαγγελιστής
459 1015 465 1022 ·
485 1017 494 1033 ι
511 1005 594 1040 Οὗτός
612 1009 684 1035 ἐστιν
700 1009 715 1035 ὁ
728 1009 792 1041 Υἱὸς
813 1009 861 1036 τοῦ

68 1052 141 1079 Θεοῦ
155 1052 192 1088 ›)·
206 1050 270 1088 Ἆρ’
285 1050 332 1079 οὖν
347 1053 407 1079 εἰπέ
425 1061 481 1088 μοι,
495 1053 560 1089 περὶ
572 1053 644 1086 τίνος
655 1053 732 1081 ἔσται
745 1054 775 1081 τὸ
789 1055 862 1090 εἰρη-

70 1099 172 1133 μένυν;
190 1098 221 1125 Εἰ
236 1099 285 1134 μὲν
301 1097 347 1126 οὖν
362 1099 453 1131 ῐδικῶς
467 1099 514 1126 καὶ
530 1101 602 1126 κατὰ
618 1100 702 1135 μόνας
715 1100 762 1127 τοῦ
774 1101 861 1127 Μονο-

68 1145 180 1180 γενοῦς,
194 1145 318 1172 τουτέστι
333 1144 380 1172 τοῦ
395 1145 427 1171 ἐκ
442 1145 549 1180 Πατρὺς
563 1145 637 1178 ὄντος
648 1146 746 1181 Λόγου·
763 1146 822 1178 πῶς
830 1146 861 1173 τὸ

70 1191 187 1227 Πνεῦμα.
208 1192 325 1226 δέχεται,
349 1191 437 1218 καίτοι
460 1191 525 1223 Θεὸς
555 1192 593 1218 ὢν
616 1192 707 1227 φύσει,
722 1193 769 1219 καὶ
796 1193 861 1219 ἴδιον

68 1238 142 1272 ἔχων
158 1237 242 1270 αὐτό;
259 1237 291 1264 El.
307 1237 336 1264 δὲ
348 1237 400 1264 ἀνὰ
414 1237 496 1273 μέρος
511 1238 558 1264 καὶ
573 1237 675 1269 ιδικῶς,
696 1239 779 1274 ἤγουν
790 1239 861 1266 κατὰ

71 1283 169 1318 μόνας,
191 1282 237 1309 τὸν
261 1284 293 1309 ἐκ
320 1283 448 1317 γυναικὸς
465 1283 609 1318 ἄνθρωπον
632 1283 774 1318 δεδεῆσθαι
795 1293 861 1318 φασι

68 1329 122 1364 τῆς
135 1329 184 1356 τοῦ
199 1329 357 1364 ΙΙνεύματος
375 1329 501 1365 μετοχῆς·
519 1329 577 1361 πῶς
590 1330 671 1361 αὑτός
684 1331 758 1356 ἐστιν
775 1331 789 1357 ὁ
813 1330 862 1365 βα-

70 1375 175 1408 πτίζων
190 1376 219 1402 ἐν
235 1376 320 1410 αὐτῷ.
333 1376 420 1402 καίτοι
436 1376 504 1412 μόνῃ
516 1376 668 1411 πρέποντος
680 1378 714 1411 τῇ
732 1376 861 1403 ἀνωτάτω)

70 1421 153 1456 φύσει
175 1421 221 1448 τοῦ
248 1423 295 1448 καὶ
320 1422 480 1456 ἀποφαίνειν
505 1421 633 1448 δύνασθαι
659 1422 861 1458 μετεσχηκότας

69 1467 118 1494 τοῦ
135 1467 292 1503 Πνεύματος
307 1468 369 1500 τοὺς
384 1468 546 1502 προσιόντας
557 1469 625 1504 αὐτῇ
638 1477 646 1502 ;
666 1468 697 1494 El
710 1467 739 1495 δὲ
753 1467 861 1503 δέχεται

70 1513 120 1539 καὶ
136 1513 243 1539 δίδωσιν
258 1513 272 1539 ὁ
288 1513 379 1544 αὐτὸς,
399 1513 532 1549 πρόδηλον
547 1513 588 1540 ὃτι
604 1514 675 1540 κατά
692 1522 723 1547 γε
735 1513 798 1545 τοὺς
811 1514 861 1549 τῆς

914 926 971 951 rer,
1005 919 1051 953 qui
1083 926 1166 946 untun
1197 918 1338 945 Dominum
1363 917 1443 953 156
1463 922 1583 944 nostrum
1606 916 1699 944 Iesum

911 963 1049 991 Christum
1066 965 1091 992 in
1105 967 1173 992 duos
1189 964 1260 992 ﬁlios
1271 964 1401 991 divelluttt
1416 967 1488 999 (nam
1501 972 1581 990 ttmtm
1595 968 1698 990 tantum

913 1010 994 1039 Pater
1014 1010 1226 1043 demonstravit;
1253 1015 1280 1037 et
1296 1010 1329 1036 de
1358 1017 1412 1037 uno
1440 1009 1526 1036 solum
1542 1018 1548 1036 :
1563 1018 1572 1033 ι
1588 1008 1638 1036 Hie
1658 1013 1700 1035 est

911 1056 996 1083 Filius
1011 1056 1055 1083 Dei
1068 1056 1102 1088 ‘9,
1119 1066 1128 1082 ι
1145 1057 1241 1084 beatus
1256 1056 1423 1091 evangelista
1442 1055 1559 1091 retulit),
1576 1056 1608 1082 de
1625 1060 1700 1082 utro-

913 1111 973 1129 nam
1000 1103 1119 1136 illorum,
1141 1104 1212 1138 quod
1236 1103 1383 1138 allegatum
1408 1107 1461 1135 est,
1478 1102 1562 1136 accipi
1582 1102 1700 1129 debeat?

911 1147 979 1174 Nam
1002 1147 1025 1175 si
1045 1155 1135 1184 sermo
1156 1153 1199 1175 est
1216 1148 1249 1175 de
1269 1146 1417 1183 Unigenito
1435 1147 1480 1174 Dei
1506 1147 1594 1174 Patris
1609 1146 1700 1174 Verbo

911 1201 1034 1221 seorsum
1059 1202 1108 1229 per
1121 1202 1151 1222 se
1168 1199 1287 1228 sumpto,
1307 1193 1444 1229 quomodo
1458 1193 1589 1228 Spiritum
1607 1200 1700 1220 susce~

912 1240 962 1273 pit,
977 1247 1038 1267 cum
1062 1240 1098 1267 sit
1117 1245 1214 1267 natura
1237 1239 1317 1272 Deus,
1334 1243 1361 1267 et
1378 1239 1463 1274 ipsum
1481 1238 1614 1273 Spiritum
1637 1245 1700 1272 pro-

912 1286 1000 1320 pritttu
1015 1285 1132 1313 habeat?
1143 1286 1220 1319 Quod
1232 1286 1253 1312 si
1271 1285 1408 1312 hominem
1429 1293 1462 1311 ex
1477 1284 1591 1311 muliere
1609 1289 1699 1311 ortum

912 1339 1033 1358 seorsum
1055 1339 1088 1359 ac
1102 1340 1150 1366 per
1164 1339 1194 1358 se
1210 1331 1328 1365 positum
1353 1330 1456 1365 Spiritu
1479 1335 1573 1358 sancto
1593 1330 1701 1366 eguisse

913 1378 1041 1410 dixerint,
1058 1379 1193 1413 quontodo
1219 1377 1264 1405 hic
1293 1385 1399 1404 rursum
1426 1377 1452 1403 in
1475 1377 1578 1412 Spiritu
1606 1382 1702 1403 sancto

911 1423 1050 1458 baptizat?
1074 1423 1293 1458 quandoquidem
1325 1422 1443 1458 Spiritus
1472 1424 1558 1450 sancti
1585 1423 1697 1457 gratiaut

912 1469 1105 1497 accedentibus
1132 1476 1211 1503 posse
1236 1468 1369 1503 dilargiri,
1392 1469 1417 1495 id
1441 1476 1504 1496 vere
1529 1474 1634 1496 naturae
1659 1474 1702 1496 est

913 1516 1033 1543 omnium
1052 1523 1186 1550 suprema).
1199 1523 1231 1542 ac
1243 1516 1484 1549 praestantissimae.
1500 1516 1577 1548 Quod
1595 1515 1617 1542 si
1632 1523 1702 1543 unus

73 1560 143 1595 μετὰ
158 1559 259 1595 σαρκὸς
276 1548 432 1595 οἰκονομίας
453 1561 559 1596 λόγους,
574 1560 621 1587 καὶ
638 1560 705 1587 καθὸ
720 1561 798 1595 φύσει
814 1548 861 1587 καὶ

959 1568 1039 1596 mque
1058 1548 1138 1588 simul
1156 1561 1201 1588 dat
1221 1548 1249 1588 et
1272 1561 1381 1596 recipit,
1408 1560 1581 1588 manifestum
1610 1565 1651 1587 est
1675 1561 1701 1588 id

71 1606 181 1642 άληθῶς
209 1608 266 1633 ἐστι
292 1606 369 1638 Θεός.
397 1607 509 1642 Δέχεται
535 1607 585 1642 μὲν
609 1607 787 1643 ἀνθρωπίνως
813 1608 862 1643 οὐχ

72 1652 162 1688 ἑαυτῷ
189 1652 383 1688 μᾶλλον,ἀλλά
409 1654 443 1688 τῇ
468 1653 521 1680 τῶν
547 1652 697 1689 ἀνθρώπων
724 1653 803 1688 φύσει
822 1653 863 1680 δι’

73 1699 170 1726 ἑαυτοῦ
187 1700 234 1726 καὶ
246 1701 275 1726 ἐν
289 1699 379 1735 ἑαυτῷ
395 1699 433 1735 τῷ
450 1699 552 1736 πρώτῳ
564 1699 702 1736 προξενῶν
716 1701 781 1727 αὑτό
793 1707 800 1715 ⁸
824 1700 863 1727 δί-

72 1745 139 1771 δωσι
155 1744 184 1771 δὲ
206 1744 305 1776 θεῖκῶς
327 1744 358 1777 ἐξ
382 1745 449 1776 ιδίας
473 1744 557 1771 αὑτοῦ
578 1745 695 1780 φύσεως,
709 1746 766 1777 τοῖς
778 1744 863 1778 ἀξίοις

73 1791 121 1818 τοῦ
142 1791 234 1818 λαῦεῖν
255 1789 405 1824 ἐνιείςῙΗν
424 1791 473 1828 μὲν
489 1790 535 1819 οὖν
545 1792 584 1827 τῷ
601 1793 774 1829 προκειμένῳ
789 1792 863 1829 ῥητῷ

74 1838 254 1874 προσεοικότα
271 1847 301 1864 τε
317 1838 364 1865 καὶ
379 1838 424 1865 τὸν
444 1839 502 1865 ἴσον
517 1838 613 1873 ἔχοντα
627 1838 689 1865 νοῦν
700 1838 862 1874 παραθεῖναι

74 1885 121 1912 καὶ
143 1885 241 1921 ἕτερα·
268 1885 299 1912 τὸ
314 1885 344 1911 δέ
363 1893 395 1919 γε
411 1886 572 1912 ταυτοεπεῖν
596 1885 725 1921 φορτικὸν
750 1885 861 1919 εἰδότες,

74 1932 162 1958 ἐκείνό
179 1940 280 1967 φαμεν,
297 1931 335 1963 ὡς
353 1931 459 1967 ἀπόχρη
475 1933 531 1964 τοῖς
547 1932 763 1968 νουνεχεστέροις
777 1933 863 1968 ήὲνὸς

75 1979 203 2014 ἐξήγησις
215 1979 254 2010 εἰς
267 1978 317 2014 τὴν
335 1978 389 2004 τῶν
404 1979 505 2013 ὁμοίως
517 1978 634 2013 ἐχόντων
652 1978 754 2014 ἀκριϐῆ
771 1979 863 2006 διασάα

75 2033 166 2059 φησιν.
181 2023 285 2051 Οὐκοῦν
298 2024 394 2056 ὁσάκις
405 2024 438 2051 ἂν
454 2024 558 2058 λέγοιτο
570 2024 687 2058 Χριστὸς
702 2024 864 2059 ἁγιάζεσθαι

74 2071 166 2106 τυχὸν,
185 2071 268 2106 ἤγουν
282 2070 313 2096 τὸ
326 2070 438 2105 Πνεῦμα
452 2071 557 2102 λαϋείν,
575 2070 647 2098 κατὰ
670 2070 764 2098 τοῦτον
782 2071 864 2097 αὐτὸν

74 2119 121 2145 τὸν
146 2118 246 2153 τρόπον
268 2118 401 2153 προσήκει
424 2118 503 2144 νοεῖν.
524 2117 652 2144 Εὑσεὸεῖν
675 2117 730 2153 γὰρ
754 2118 864 2152 ἄμεινον

76 2163 294 2199 περιτρέποντας
314 2161 433 2193 εὐσεϐῶς
449 2163 489 2194 εἰς
503 2162 533 2188 τὺ
548 2162 707 2198 ἀμωμήτως
728 2162 789 2198 ἔχον
810 2163 864 2189 τῶν

77 2210 157 2245 ἱερῶν
167 2209 339 2245 Γραμμάτων
349 2209 393 2235 τὸν
404 2208 477 2241 νοῦν,
490 2208 573 2243 ’ήγουν
584 2208 652 2234 ἰέναι
660 2208 731 2235 κατά
744 2209 862 2244 πετρῶν,

77 2255 190 2286 ἀνοσίως
206 2253 419 2289 ὲπιτειχίζοντας
440 2255 474 2290 τῇ
498 2253 560 2289 δόξῃ
578 2252 697 2290 Χριστοῦ
721 2253 757 2280 τὰ
777 2253 865 2290 ὀρθῶς

78 2299 221 2335 εἰρημένα.

115 2438 184 2470 ΜΤ.
208 2436 332 2472 (Ἰησοῦς
356 2436 384 2463 δὲ
411 2436 516 2472 πλήρης
540 2436 697 2472 Πνεὺματος
720 2437 798 2471 ἁγίου
812 2435 862 2463 ὑπ-

82 2482 210 2518 έστρεψεν
226 2483 280 2509 ἀπὺ
298 2482 430 2518 Ἰορδάνου
440 2490 448 2498 ο
467 2482 515 2510 καὶ
531 2483 613 2518 ἤγετο
629 2484 659 2510 ὲν
675 2482 714 2518 τῷ
727 2482 867 2518 Πνεῦματι

82 2529 122 2560 εἰς
134 2529 182 2564 τὴν
197 2528 299 2563 ἔρημον
315 2528 519 2563 τεσσαράκοντα
538 2529 655 2564 ἡμέρας,
670 2528 867 2564 πειραζόμενος

83 2573 134 2600 ὑπὸ
155 2573 202 2599 τοῦ
222 2572 359 2599 διαῦὀλουι
386 2573 432 2599 καὶ
456 2573 506 2599 οὐκ
529 2572 629 2607 ἔφαγεν
655 2573 731 2599 οὐδὲν
756 2574 785 2600 ὲν
808 2573 868 2604 ταῖς

84 2619 199 2654 ἡμέραις
215 2619 349 2650 ἐκείναις·
367 2619 413 2645 καὶ
437 2618 664 2645 συντελεσθεισῶν
681 2618 780 2651 αὐτῶν,
796 2618 870 2645 ἐπεί-

84 2674 171 2692 νασεν.
190 2664 280 2691 δ”Εδει
306 2664 334 2690 δὲ
358 2665 438 2691 πάλιν
459 2665 528 2699 ὑπὲρ
551 2664 629 2700 ἡμῶν
655 2665 812 2700 ἀντιστῆναι
826 2672 867 2696 τε,

87 2712 223 2747 μονονουχὶ
231 2711 260 2737 δὲ
271 2711 317 2737 καὶ
331 2710 566 2738 ἁνταποδύσασθαι
579 2711 619 2746 τῷ
629 2711 712 2737 πάλαι
727 2712 868 2746 νικήσαντι

85 2758 198 2793 Σατανᾷ,
214 2757 259 2783 τὸν
273 2757 317 2783 διὰ
333 2756 412 2783 τοῦτο
429 2756 594 2792 καθιγμένον
612 2758 652 2788 εἰς
676 2757 799 2783 ἑκούσιον
822 2757 868 2783 κέ-

87 2813 173 2835 νωσιν,
194 2804 237 2830 ἵνα
261 2805 335 2839 ἡμᾶς
359 2804 485 2839 ἀποφήνῃ
508 2804 709 2839 μετεσχηκότας
729 2803 776 2830 τοῦ
803 2803 867 2830 ἰδίου

914 1607 1057 1642 provenire
1086 1607 1191 1634 ratione
1221 1607 1435 1642 dispensationis
1463 1607 1612 1634 secundum
1640 1615 1702 1634 car-

913 1662 987 1688 nem,
1002 1659 1030 1681 et
1047 1660 1182 1689 quatenus
1197 1657 1293 1681 natura
1315 1658 1342 1680 et
1359 1661 1420 1681 vere
1435 1653 1506 1681 Deus
1517 1653 1635 1681 exsistit.
1650 1655 1703 1681 Ac-

914 1701 979 1735 cipit
991 1700 1073 1736 igitur
1087 1705 1115 1727 ut
1133 1701 1223 1733 homo,
1239 1707 1292 1727 non
1311 1705 1364 1727 tam
1379 1700 1429 1727 sibi
1447 1707 1528 1735 quam
1545 1699 1592 1726 toti
1609 1700 1701 1735 generi

901 1744 1033 1775 'humano
1047 1754 1094 1781 per
1109 1747 1238 1782 seipsum.
1262 1751 1290 1774 et
1308 1747 1334 1774 in
1354 1746 1443 1780 seipso
1460 1747 1547 1780 primo
1564 1755 1570 1772 :
1585 1754 1616 1774 ex
1637 1754 1702 1780 pro-

913 1793 971 1827 pria
988 1800 1053 1820 vero
1074 1793 1101 1819 vi
1125 1796 1154 1819 et
1174 1797 1270 1819 natura
1290 1797 1318 1818 ιιι
1342 1792 1413 1819 Deus
1437 1799 1489 1824 est,
1513 1792 1566 1820 illis
1582 1793 1637 1823 dat.
1656 1792 1701 1826 qui

914 1839 1000 1873 ipsum
1018 1839 1141 1873 accipere
1156 1839 1229 1873 digni
1246 1843 1319 1865 sunt.
1334 1837 1463 1866 Poterant
1484 1838 1535 1865 alia
1551 1846 1659 1873 quoque
1675 1839 1701 1865 in

914 1886 1037 1912 eamdem
1057 1885 1222 1912 sententiam
1241 1892 1294 1911 non
1310 1891 1395 1918 pauca
1415 1884 1505 1911 aﬁ‘erri
1523 1885 1589 1911 :setl
1605 1891 1702 1919 super-

915 1938 1064 1958 vacaneum
1101 1930 1285 1965 judicavimus
1323 1929 1393 1956 idem
1421 1929 1520 1964 saepius
1546 1929 1700 1961 inculcare,

914 1977 1033 2003 maxime
1047 1983 1110 2004 vero
1130 1983 1190 2002 cum
1214 1975 1441 2010 ingeniosioribus
1459 1975 1492 2001 ad
1509 1975 1637 2002 similium
1663 1976 1703 2002 lo-

914 2030 1007 2049 eorum
1033 2022 1215 2057 cognitionem
1241 2023 1282 2049 vel
1305 2022 1385 2050 unius
1403 2022 1557 2057 explanatio
1579 2027 1623 2049 sat
1642 2030 1703 2049 esse

915 2068 1010 2103 possit.
1028 2068 1209 2101 Quamobrem
1226 2067 1441 2102 quotiescunque
1458 2067 1584 2094 Christus
1602 2067 1702 2094 sancti-

915 2113 1002 2145 licari,
1027 2112 1079 2140 hoc
1096 2117 1137 2140 est
1154 2112 1284 2146 Spirittun
1305 2117 1428 2140 sanctum
1450 2113 1572 2147 accipere
1590 2113 1701 2143 dicitur,

915 2166 1024 2193 semper
1048 2159 1119 2185 istud
1144 2159 1177 2185 ad
1201 2159 1272 2185 hunc
1294 2159 1403 2185 modum
1429 2158 1628 2192 intelligendum
1648 2163 1702 2186 est.

918 2204 1011 2231 Satius
1025 2205 1097 2231 enim
1114 2208 1156 2231 est
1172 2204 1300 2238 pietatetn
1319 2203 1456 2238 amplecti,
1472 2204 1534 2230 dum
1551 2204 1594 2238 pie
1613 2212 1702 2231 sacra-

916 2257 976 2276 rum
1002 2248 1165 2275 Litterarum
1189 2255 1299 2275 sensum
1328 2248 1359 2274 ad
1388 2254 1489 2274 rectatn
1521 2249 1703 2282 pertrahitnus

915 2294 1176 2329 interpretationem,
1194 2301 1274 2328 quam
1297 2292 1379 2328 impie
1405 2294 1567 2328 deuegantes
1581 2302 1640 2328 qua:
1658 2302 1702 2322 re-

915 2346 959 2368 cte
973 2341 1006 2367 de
1017 2339 1117 2367 Christi
1134 2339 1220 2374 gloria
1238 2339 1413 2374 pronuntiata
1430 2344 1506 2372 suttt,
1521 2340 1598 2367 abire
1611 2340 1705 2374 praeci-

916 2387 994 2422 pites.

955 2431 1076 2460 XXXVI.
1100 2441 1109 2458 t
1123 2431 1202 2459 Iesus
1219 2437 1308 2460 autem
1323 2434 1419 2467 plenus
1432 2432 1533 2467 Spiritu
1553 2437 1647 2460 sancto
1664 2441 1706 2460 re-

920 2486 1030 2514 gressus
1036 2483 1077 2506 est
1084 2486 1098 2505 a
1107 2478 1240 2506 Jordane:
1251 2483 1278 2506 et
1289 2479 1417 2514 agebatur
1427 2479 1452 2505 in
1463 2477 1564 2513 Spiritu
1576 2479 1602 2506 in
1613 2481 1705 2507 deser-

921 2531 977 2553 tutn
993 2524 1089 2553 diebus
1103 2524 1291 2560 quadraginta,
1307 2529 1335 2551 et
1349 2524 1505 2551 tentabatttr
1517 2532 1531 2551 a
1547 2525 1664 2558 diabolo,
1680 2531 1707 2553 et

923 2571 989 2598 nihil
1012 2571 1183 2598 manducavit
1204 2570 1231 2597 in
1257 2571 1351 2598 diebus
1370 2571 1424 2597 illis
1441 2580 1449 2598 :
1464 2576 1489 2598 et
1512 2572 1708 2599 consummatis

923 2618 988 2650 illis,
1011 2622 1102 2652 postea
1118 2617 1257 2644 esuriit”.
1273 2625 1282 2642 ι
1303 2616 1419 2644 Decebat
1432 2623 1509 2648 sane,
1523 2621 1552 2643 ut
1566 2617 1610 2644 ille
1622 2619 1707 2645 nostri

923 2671 1005 2691 causa
1028 2663 1135 2690 Satanae
1151 2670 1181 2690 se
1205 2663 1365 2696 obiectaret,
1389 2667 1551 2698 partatnque
1569 2663 1624 2698 jam
1643 2664 1708 2691 olim

923 2709 1040 2744 palmam
1055 2709 1107 2744 ipsi
1129 2709 1258 2743 eriperet,
1272 2709 1317 2744 qui
1334 2716 1365 2735 ea
1383 2709 1416 2735 de
1433 2716 1516 2735 causa
1534 2709 1560 2735 in
1582 2709 1707 2736 volunta-

924 2757 992 2783 riam
1013 2756 1229 2783 exiuanitiouem
1252 2763 1312 2783 sese
1333 2755 1499 2788 deutiserat,
1527 2759 1557 2782 ut
1581 2763 1636 2783 sua:
1659 2765 1709 2784 nos

924 2802 1100 2838 plenitudinis
1113 2802 1259 2837 participes
1272 2801 1407 2835 ediceret;
1423 2801 1581 2837 fractosque
1595 2809 1620 2832 et
1635 2804 1710 2831 dehi-

119 2883 140 2900 "
156 2882 235 2910 Joan.
254 2891 271 2915 ι,
287 2883 330 2910 55.
371 2883 393 2898 ⁸⁵
413 2882 492 2910 Rom.
511 2889 570 2913 vm,
589 2881 654 2914 8,9.
692 2883 714 2899 "
733 2882 810 2910 Joan.
825 2883 862 2915 1,1

955 2882 964 2897 "
980 2881 1044 2910 Luc.
1063 2890 1099 2915 tv,
1117 2882 1141 2914 ι,
1156 2881 1181 2910 2,
