1872 3057
107 97 121 125 Ι
129 96 187 126 385

520 92 566 125 AD
586 91 735 126 REGINAS
754 95 798 125 DE
817 90 933 125 RECTA
954 96 1032 125 FIDE
1050 95 1179 125 ORATIO
1199 96 1350 125 ALTERA.

1674 96 1742 125 1586

106 151 246 180 Satanam
262 151 406 186 devicisse,
439 151 518 181 nobis
552 159 643 181 tamen
675 161 852 189 permagnum
885 153 1020 188 quoddam
1044 159 1096 186 est,
1117 153 1190 188 quod
1213 161 1262 188 per
1285 153 1345 188 ejus
1366 152 1581 181 incarnationem
1605 152 1743 179 victoriam

106 198 242 227 adversus
257 198 331 226 iilum
343 199 540 227 obtinuerimus
556 210 562 228 :
576 200 645 228 sicut
661 206 689 228 et
700 201 765 228 illud
779 208 897 235 quoque,
918 200 988 235 quod
1007 208 1054 235 per
1082 200 1205 228 eamdem
1223 201 1256 228 ad
1278 200 1508 236 incorruptionem
1526 207 1576 226 nos
1606 199 1744 226 instaura-

107 246 162 273 vit.
190 245 267 273 Sicut
306 246 378 273 enim
403 253 452 280 per
476 246 548 273 illius
574 246 799 273 resurrectionem
840 245 1015 280 corruptione
1038 245 1194 279 superiores
1220 244 1378 276 evasimus,
1411 244 1466 275 ita,
1494 242 1608 270 victoria
1651 247 1745 270 contra

108 297 262 320 tentantem
280 291 407 319 Satanam
428 300 476 327 per
489 293 562 320 illum
583 294 707 326 obtenta,
733 301 783 321 nos
796 300 903 328 quoque
923 293 1040 320 victores
1056 293 1155 320 reddit.

151 339 211 366 AZ'.
235 349 244 364 ι
263 339 391 377 Ἔχοντες
407 337 454 366 οὖν
467 339 599 376 ἀρχιερέα
621 340 706 375 μέγαν
731 340 890 373 διεληλυθότ‹

1006 339 1126 367 LXXVII.
1151 339 1313 366 «Habentes
1335 346 1400 374 ergo
1425 338 1580 372 pontitit-em
1607 345 1745 372 magnum.

106 386 178 418 τοὺς
193 384 448 420 οὐρανοὺς,Ίησοῦν
462 385 507 412 τὸν
523 386 586 412 Υἱὸν
598 385 646 412 τοῦ
663 385 741 419 Θεοῦ,
760 387 906 421 κρατῶμεν

106 431 165 466 τῆς
179 430 333 465 ὁμολογίας.
350 430 387 456 Οὐ
404 431 459 465 γὰρ
473 431 572 466 ἔχομεν
589 431 719 466 ἀρχιερέα
738 433 774 467 μὴ
793 431 907 466 δυνάμε-

107 484 160 502 νον
174 475 352 509 ωμπαθῆσαι
365 476 425 506 ταῖς
438 475 591 507 ἀσθενείαις
603 476 691 511 ἡμῶν,
707 475 907 511 πεπειραμένον

107 522 145 549 δὲ
161 521 230 549 κατὰ
245 521 333 547 πάντα
351 521 412 547 καθ’
423 522 579 556 ὁμοιότητα,
598 523 681 558 χωρὶς
696 523 844 558 ἁμαρτίας,
857 533 866 548 ι
876 523 908 549 'Il

108 568 167 603 τῆς
182 567 266 603 ὀρθῆς
279 567 398 598 πίστεως
414 567 544 602 ὁμολογία
567 569 716 603 πράττεται
739 569 806 604 πρὸς
831 568 908 603 ἡμῶν

109 614 157 646 εἰς
170 613 218 640 ἕνα
231 613 297 639 Θεὸν
310 612 420 648 Πατέρα
434 614 643 649 παντοκράτορα
654 634 660 646 ,
675 615 722 641 καὶ
738 615 777 646 είς
790 615 838 641 ’ἐνα
852 614 909 642 Κύ-

111 667 176 693 ριον
194 658 299 693 Ἰησοῦν
325 658 444 694 Χριστὸν
467 659 513 685 τὸν
539 658 602 684 Υίὺν
628 659 731 693 αὑτοῦ,
757 660 804 686 καὶ
824 661 864 692 εἰς
881 659 910 686 ἓν

111 705 194 739 ἇγιον
209 703 331 739 Πνεῦμα.
342 704 451 740 Ταύτης
465 705 539 739 ἡμᾶς
552 705 602 740 τῆς
613 705 757 740 ὁμολογίας
769 706 910 742 ἐξέχεσθαι

110 750 172 777 δεῖν
193 750 208 777 ὸ
231 750 374 781 θεσπέσιος
391 751 492 785 γράφει
514 750 631 782 Παῦλος.
649 752 758 787 Ἐπειδὴ
781 751 810 778 δέ
838 753 911 779 ἐστιν

111 796 341 832 ὁμολογουμένως
353 795 392 828 εἷς
407 797 471 829 Υἱὸς
485 796 532 824 τοῦ
549 797 618 824 Θεοῦ
635 798 682 824 καὶ
697 798 814 833 Πατρὺς,
831 798 911 833 δῆλον

112 842 147 868 δὲ
171 843 212 870 ὅτι
238 843 356 878 Χριστὸς
374 843 493 878 Ἰησοῦς,
518 844 534 870 ὁ
563 844 741 879 συμπαοῆσαι
764 844 911 879 δυνάμενος

116 890 178 920 ταῖς
201 889 354 921 ἀσθενείαις
368 890 456 925 ἡμῶν,
472 890 602 918 καὶκατὰ
632 890 721 918 πάντα
747 893 913 927 πεπειραμέ-

115 943 163 966 νος
187 935 248 962 καθ’
268 935 425 970 ὁμοιότητα,
451 937 536 972 χωρὶς
560 937 714 973 ἁμαρτίας·
744 938 787 970 τίς
811 939 845 965 ἂν
868 940 912 974 εἴη

116 981 212 1007 λοιπὸν
228 983 242 1008 ὁ
260 983 346 1017 μέγας
363 982 443 1017 ἡμῶν
461 983 624 1019 ἀρχιερεύς;
641 982 686 1018 ἆρ’
698 985 747 1019 οὐχ
763 985 778 1011 ὀ
792 985 912 1019 γεγονὼς

119 1027 182 1054 καθ’
192 1028 277 1063 ἡμᾶς,
290 1025 378 1060 οὗτος,
393 1029 440 1055 καὶ
452 1029 534 1064 σαρκὶ
549 1028 643 1055 παθὼν
655 1029 725 1065 ὑπὲρ
738 1030 832 1065 ήμῶν;
847 1031 914 1057 Τότε

119 1072 175 1107 γὰρ
188 1072 266 1107 ἡμῶν
278 1073 482 1109 κεχρημάτικεν
493 1074 649 1109 ἀρχιερεὺς,
663 1075 711 1110 οὐχ
722 1075 759 1107 ὡς
772 1075 915 1110 ἀλλογενὲς

119 1118 224 1145 ὀθνεῖόν
241 1128 271 1145 τε
293 1119 440 1154 προσάγων
455 1119 529 1156 θῦμα
546 1120 617 1147 κατά
639 1129 670 1154 γε
695 1121 726 1148 τὸ
741 1121 835 1154 εἰωθὸς
859 1124 915 1154 τοῖς

121 1164 225 1196 ἄλλοις,
239 1164 296 1192 ἀλλ’
308 1165 346 1191 ὢν
360 1166 442 1198 αὐτος
455 1167 468 1192 ὁ
483 1166 578 1201 ἀμνὸς,
597 1167 614 1201 ἡ
630 1168 800 1204 εὐοσμοτάτη
823 1169 914 1199 Θυσία,

121 1211 153 1237 τὸ
176 1211 271 1244 νοητὸν
283 1211 473 1247 ὁλοκαύτωμα,
489 1213 505 1248 ἡ
523 1213 670 1249 λαλιστάτη
690 1215 809 1249 τρυγὼν,
822 1217 839 1251 ἡ
854 1216 917 1243 ἀκέ-

125 1265 202 1292 ραιος
225 1258 386 1293 περιστερὰ,
402 1259 416 1284 ὁ
434 1258 516 1293 ἄρτος
531 1259 545 1285 ὁ
562 1258 626 1291 ζῶν,
640 1259 671 1286 τὸ
686 1263 803 1295 χρυσοῦν
816 1260 917 1296 Θυμια-

123 1303 372 1340 τήριον.‹Χριστοῦ
385 1304 440 1340 γάρ
455 1305 538 1340 ἐσμεν
551 1305 648 1332 εὐωδία
661 1305 700 1341 τῷ
707 1306 792 1341 Θεῷ,ι
805 1307 875 1333 κατὰ
887 1307 917 1333 τὸ

126 1349 331 1384 γεγραμμένον.
345 1350 440 1386 Ι’Λϐρει
451 1349 479 1377 δέ
494 1359 538 1386 μοι
549 1351 602 1378 τῶν
618 1352 803 1379 ἁποστολικῶν
810 1353 918 1379 ἐννοιῶν

123 1395 156 1421 τὺ
171 1394 261 1430 βάθος.
275 1406 285 1422 ‹
300 1396 358 1423 υὺκ
370 1395 480 1432 ἔχομεν,
494 1398 587 1432 φησιν,
604 1399 736 1434 ἀρχιερέα
749 1400 786 1434 μὴ
800 1400 918 1435 δυνάμε-

125 1451 172 1469 νον
184 1442 363 1478 συμπαθῆσαι
374 1445 434 1475 ταῖς
448 1443 601 1475 ἀσθενείαις
614 1444 704 1480 ἡμῶν,
717 1447 918 1481 πεπειραμένον

125 1487 155 1514 δὲ
170 1487 240 1515 κατὰ
258 1488 347 1516 πάντα
365 1488 426 1515 καθ’
442 1489 601 1525 ὁμοιότητα,
615 1491 700 1525 χωρὶς
713 1491 875 1526 ἁμαρτίας.»
887 1492 918 1518 El

126 1534 182 1570 γὰρ
201 1535 284 1570 μήπω
299 1535 406 1569 γέγονε,
421 1535 515 1570 φησιν,
535 1536 679 1571 ἄνθρωπος
694 1537 708 1563 ὸ
722 1537 770 1564 τοῦ
784 1537 851 1564 Θεοῦ
867 1538 919 1564 Λό-

127 1590 186 1615 γος,
202 1580 259 1616 ᾔδει
274 1581 334 1617 μὲν,
350 1580 408 1616 ᾔδει
422 1581 470 1608 καὶ
485 1581 558 1608 οὕτω
579 1582 628 1617 τὴν
646 1583 822 1619 ἀνθρωπίνην
836 1584 919 1611 ἀσϐέ-

127 1636 204 1654 νειαν
222 1627 260 1658 ὡς
273 1627 446 1662 Δημιουργός
457 1635 465 1642 ·
484 1637 493 1652 ‹
507 1627 592 1659 Αὐτὸς
610 1627 664 1661 γὰρ
677 1627 747 1662 ἔγνω
764 1628 793 1654 τὸ
808 1628 920 1663 πλάσμα

129 1673 218 1708 ἡμῶν,
235 1682 244 1698 ›
266 1672 335 1699 κατὰ
357 1673 387 1699 τὸ
404 1673 607 1708 γεγραμμένον.
625 1672 695 1699 Ἀλλ’
707 1674 787 1709 εἴπερ
814 1683 841 1701 τι
865 1675 920 1700 τῶν

128 1719 307 1754 ἀνθρωπίνων
324 1719 370 1745 καὶ
394 1720 437 1745 ἐπ’
452 1719 534 1746 αὐτοῦ
559 1720 643 1754 φάναι
668 1719 758 1754 θέμις,
775 1719 852 1746 οὔπω
873 1721 919 1747 καὶ

130 1765 170 1796 εἰς
183 1763 267 1799 αὐτὴν
281 1763 412 1798 ἐκέκλητο
426 1765 524 1798 πεῖραν
537 1763 590 1790 τῶν
603 1763 746 1798 ἡμετέρων
760 1763 918 1790 ἀσθενειῶν.

136 1805 246 1842 Ἐπειδὴ
269 1807 296 1834 δὲ
313 1808 361 1843 τὴν
376 1807 454 1842 ἡμῶν
467 1807 625 1843 ἠμπέσχετο
642 1808 741 1843 σάρκα,
757 1809 920 1844 πεπείραται

132 1853 205 1880 κατὰ
219 1854 319 1880 πάντα.
330 1853 384 1880 Καὶ
398 1854 428 1880 οὗ
442 1855 528 1889 δήπου
544 1854 633 1889 φαμὲν
643 1854 680 1886 ὡς
695 1854 848 1889 ἠγνοηκὼς,
858 1855 922 1881 ἀλλ’

131 1900 173 1926 ὅτι
193 1901 226 1935 τῇ
244 1899 342 1934 γνώσει
357 1900 390 1935 τῇ
403 1899 501 1935 Θεῖκῇν
519 1901 741 1936 προῦποκειμένῃ
757 1901 803 1928 καὶ
828 1901 859 1927 τὸ
878 1901 923 1928 διὰ

133 1945 232 1979 πείρας
255 1944 341 1978 αὐτῆς
365 1944 465 1980 συνέϐη
485 1945 591 1979 μαθεῖν.
605 1945 702 1980 Γέγονε
725 1946 754 1972 δὲ
778 1946 923 1982 συμπαθὴς

132 1991 184 2018 οὐκ
196 1991 251 2017 ἀπὸ
263 1999 296 2025 γε
308 1991 356 2017 τοῦ
373 1991 558 2027 πεπειρᾶσθαί
574 1991 656 2018 ποθεν
668 2000 674 2006 '
690 1989 724 2026 ἦν
736 1992 790 2027 γὰρ
801 1992 924 2027 ἐλεήμων

136 2037 226 2071 φύσει,
243 2037 290 2063 καὶ
303 2037 387 2069 ἐστιν,
402 2037 439 2068 ὡς
453 2037 520 2069 (cleo;
530 2045 539 2053 ”
553 2036 647 2072 ἐπειδὴ
659 2037 688 2063 δὲ
708 2038 777 2072 μετὰ
793 2037 839 2063 τοῦ
853 2036 924 2064 εἶναι

134 2084 150 2109 ὅ
167 2084 236 2115 ἐστι,
251 2083 348 2117 γέγονε
370 2083 418 2109 καὶ
442 2083 502 2110 καθ’
518 2083 601 2118 ἡμᾶς,
620 2083 860 2118 ἁνϐρωποπρεπῶς
878 2083 925 2109 καὶ

136 2129 222 2157 ταῦτα
249 2129 357 2162 λέγεται
382 2129 447 2164 περὶ
469 2128 562 2155 αὐτοῦ.
577 2128 707 2163 Διαϐἦναι
727 2128 757 2154 δέ
774 2137 840 2162 φησι
862 2128 925 2159 τοὺς

135 2176 265 2211 οὐρανοὺς
280 2175 361 2203 αὐτὸν
380 2174 544 2209 σωματικῶς
565 2183 595 2200 τε
619 2174 676 2209 ἅμα
693 2175 739 2201 καὶ
755 2174 924 2208 θεοπρεπῶς.

140 2231 150 2247 ι
163 2222 257 2257 Ἀνέϐη
271 2221 320 2257 μὲν
336 2221 401 2257 γὰρ,
416 2222 454 2252 ὡς
471 2222 554 2253 αὐτὸς
574 2221 625 2247 πού
641 2229 723 2256 φησιν
741 2221 755 2246 ό
773 2220 926 2255 σοφώτατος

139 2268 255 2301 Παῦλος,
269 2268 317 2295 νῦν
338 2268 540 2303 ἐμφανισθῆναι
563 2267 602 2302 τῷ
627 2267 766 2303 προσώπῳ
789 2267 835 2293 τοῦ
859 2267 926 2293 Θεοῦ

139 2316 208 2353 ὑπὲρ
223 2315 311 2351 ἡμῶν.
327 2325 337 2341 ι
353 2315 438 2342 Δίεισι
454 2322 486 2348 γε
508 2313 561 2350 μὴν
576 2314 622 2341 καὶ
643 2313 704 2340 καθ’
720 2313 813 2348 ἕτερον
827 2313 928 2349 τρόπον

139 2363 201 2394 τοὺς
225 2363 366 2397 οὐρανοὺς,
389 2360 554 2397 ἡττωμένων
587 2359 707 2395 δηλονότι
736 2359 783 2385 καὶ
814 2359 928 2385 κατόπιν

141 2408 234 2434 ἰόντων
256 2407 307 2443 τῆς
334 2407 413 2442 δόξης
441 2406 525 2433 αὑτοῦ
549 2405 604 2432 τῶν
628 2404 771 2440 μακαρίων
794 2404 927 2438 ἀγγέλων.

143 2455 220 2482 Ἔστι
239 2455 304 2490 γὰρ,
323 2463 333 2480 ι
352 2454 426 2480 ἐστιν
441 2453 477 2485 ὡς
501 2453 566 2484 Θεὸς
579 2452 706 2487 ὑπεράνω
723 2451 814 2486 πάσης
830 2450 930 2486 Ἀρχῆς

142 2501 188 2528 καὶ
204 2501 342 2533 Ἐξουσίας
355 2509 385 2527 τε
400 2499 448 2526 καὶ
460 2499 637 2534 κυριότητος,
653 2499 701 2525 καὶ
715 2497 815 2529 παντὸς
830 2497 930 2532 ὀνόμα-

142 2556 184 2579 τος
198 2547 410 2583 ὀνομαζομένου,
426 2546 480 2573 εἴτε
499 2546 528 2572 ἐν
550 2545 589 2580 τῷ
611 2546 689 2571 αἰῶνι
710 2543 808 2579 τούτῳ,
829 2544 884 2570 εἴτε
901 2544 930 2569 ἐν

143 2593 180 2629 τῷ
196 2594 329 2629 μέλλοντι.
346 2602 355 2618 ι
381 2591 538 2628 Συνεδρεὺει
555 2592 610 2626 γὰρ
623 2591 661 2622 ὡς
676 2590 740 2621 Υἱὸς
752 2590 791 2624 τῷ
803 2590 860 2624 ἰδίῳ
874 2589 928 2615 Πα-

957 387 1003 421 qui
1023 385 1176 420 penetravit
1197 385 1294 417 cmlos,
1310 384 1401 413 Jesum
1417 384 1514 412 Filium
1537 384 1594 416 Dei,
1609 388 1748 411 teneatnus

957 432 1167 459 confessionem.
1188 431 1245 458 Non
1271 431 1344 458 enim
1365 431 1495 458 habemus
1517 430 1684 465 pontiﬁcem,
1701 430 1749 464 qui

959 484 1010 505 non
1034 478 1120 512 possit
1143 477 1264 512 compati
1288 476 1492 504 inﬁrmitatibus
1516 476 1618 504 nostris
1635 484 1642 502 :
1659 481 1749 503 tenta-

960 528 1016 550 tum
1045 525 1137 551 autem
1159 531 1207 559 per
1239 523 1334 550 omnia
1364 523 1512 550 secundtnn
1543 522 1750 550 similitudinem

959 569 1062 604 absque
1079 575 1192 605 peccato
1206 569 1240 596 ⁷⁸.
1257 578 1266 594 ι
1285 569 1328 596 Fit
1342 577 1356 594 a
1371 568 1452 596 nobis
1467 573 1550 596 rectze
1565 567 1626 595 ﬁdei
1644 566 1750 594 confes-

960 614 1012 646 sio,
1031 621 1127 650 nempe
1151 619 1182 642 ut
1206 615 1352 642 credamus
1375 613 1402 641 in
1427 621 1511 640 unum
1533 613 1616 640 Deum
1640 611 1750 640 Patrem

960 661 1184 695 omnipotentem,
1205 665 1233 687 et
1250 660 1278 687 in
1297 667 1380 688 unum
1395 659 1538 687 Dominum
1555 657 1648 686 Jesum
1670 657 1750 684 Chri-

961 712 1034 735 stum
1052 706 1150 734 Filiuot
1166 707 1237 741 eius.
1259 711 1286 734 et
1304 706 1332 734 in
1357 713 1440 732 unum
1457 704 1590 740 Spiritum
1615 708 1749 731 sanctum.

961 753 1048 789 Hujus
1065 758 1155 781 autem
1180 754 1240 780 ﬁdei
1266 752 1432 780 confessioni
1450 751 1584 778 inhaerere
1605 757 1655 777 nos
1668 756 1751 784 opor-

963 805 1021 827 tere
1039 799 1146 827 divinus
1159 798 1260 826 Paulus
1280 799 1419 825 admonet.
1442 797 1575 830 Quoniam
1592 803 1658 823 vero
1675 801 1753 823 certo

962 849 1071 873 constat
1109 853 1193 872 unmn
1217 845 1349 872 duntaxat
1372 851 1432 871 esse
1456 843 1503 870 Dei
1527 842 1616 869 Patris
1640 841 1754 873 Filium,

963 898 1061 926 nempe
1080 891 1220 919 Christum
1238 891 1343 923 Jesum,
1359 891 1406 925 qui
1422 896 1451 917 et
1468 889 1570 917 nostris
1586 887 1755 916 inﬁrmitati-

964 937 1014 964 bus
1029 937 1148 972 compati
1165 941 1268 970 potest,
1284 941 1311 963 ct
1329 944 1377 971 per
1389 935 1480 962 munia
1497 935 1646 963 secundum
1663 933 1756 962 simili<

964 984 1085 1010 tttdinem
1099 983 1200 1017 absque
1215 987 1327 1018 peccato
1345 987 1466 1009 tentatus
1487 986 1545 1013 est;
1560 981 1622 1015 quis
1645 981 1756 1008 tandem

967 1036 1079 1064 niaguus
1100 1029 1145 1056 ille
1162 1028 1281 1063 pontifex
1316 1033 1408 1055 noster
1430 1027 1490 1054 est?
1513 1028 1609 1054 Annon
1629 1030 1674 1054 est
1701 1025 1756 1058 hic,

966 1074 1012 1109 qui
1034 1074 1105 1102 sicut
1120 1079 1147 1102 et
1163 1082 1213 1102 nos
1229 1081 1293 1102 vere
1311 1073 1397 1102 factus
1422 1077 1476 1105 est,
1496 1077 1524 1100 et
1545 1073 1571 1100 in
1591 1079 1676 1100 carne
1689 1079 1753 1106 pro-

967 1126 1027 1156 pter
1042 1128 1092 1149 nos
1105 1121 1188 1148 etiam
1205 1120 1323 1156 passus?
1339 1120 1416 1147 Tunc
1430 1119 1503 1147 enim
1519 1119 1656 1155 pontiﬁcis
1671 1118 1757 1146 nostri

968 1166 1073 1194 titulum
1094 1167 1246 1202 assumpsit
1261 1174 1268 1193 τ
1285 1174 1337 1193 non
1362 1167 1397 1193 ita
1419 1171 1519 1197 tamen,
1534 1170 1564 1192 ut
1578 1165 1691 1192 aliorum
1713 1173 1759 1192 sa-

967 1211 1106 1239 cerdotum
1125 1219 1210 1244 more,
1238 1216 1394 1243 externum,
1411 1211 1462 1238 hoc
1480 1215 1534 1242 est,
1558 1218 1572 1237 a
1595 1217 1625 1237 se
1641 1210 1760 1237 alienum

968 1258 1132 1285 Sacriﬁcium
1158 1257 1289 1284 obtulerit
1311 1258 1382 1284 :sed
1411 1257 1469 1292 ipse
1487 1257 1538 1283 fuit
1569 1264 1672 1290 agnus,
1703 1256 1762 1290 ipse

969 1303 1187 1338 ﬂagrantissima
1209 1302 1254 1329 illa
1272 1303 1362 1330 hostia
1378 1309 1405 1330 et
1423 1303 1546 1338 spiritale
1560 1303 1760 1333 holocautoma,

969 1356 994 1376 et
1007 1350 1065 1384 ipse
1076 1353 1166 1377 turtur
1181 1349 1224 1376 ille
1238 1349 1436 1384 gemebundus,
1451 1353 1479 1376 et
1490 1349 1605 1383 simplex
1617 1349 1759 1379 colmnba;

970 1397 1028 1430 ipse
1051 1396 1129 1430 panis
1152 1396 1241 1427 vivus,
1260 1399 1288 1421 et
1307 1394 1473 1422 thuribulum
1493 1403 1616 1422 aureum.
1634 1404 1644 1421 ι
1658 1394 1762 1422 Christi

969 1442 1041 1469 enim
1063 1442 1149 1469 bonus
1173 1441 1239 1468 odor
1258 1447 1354 1468 sumus
1370 1439 1426 1467 Deo
1435 1440 1513 1472 7“",
1529 1449 1538 1466 ι
1555 1444 1584 1466 ιιι
1604 1440 1690 1467 sacris
1706 1439 1764 1466 Lit-

971 1489 1037 1515 teris
1063 1487 1200 1522 proditum
1224 1491 1277 1514 est.
1321 1485 1406 1514 Porro
1438 1486 1595 1521 apostolica:
1622 1486 1764 1513 sententiae

971 1533 1181 1570 profunditatem
1197 1532 1243 1561 hic
1263 1533 1408 1568 diligenter
1426 1532 1551 1560 observa.
1576 1541 1586 1558 ε
1603 1531 1660 1559 Νοιι
1679 1531 1764 1559 hahe-

972 1588 1052 1612 mus,
1078 1579 1185 1614 inquit,
1208 1578 1364 1614 pontiﬁcem
1392 1578 1437 1612 qui
1459 1585 1513 1605 nou
1535 1578 1624 1613 possit
1645 1578 1764 1612 compati

971 1627 1175 1655 inﬁrmitatibus
1192 1618 1310 1656 nostris,
1330 1628 1464 1651 tentatum
1485 1629 1574 1650 autem
1604 1630 1652 1658 per
1673 1624 1764 1650 omnia

972 1673 1121 1701 secundum
1149 1671 1355 1699 similitudinem
1381 1669 1484 1704 absque
1512 1674 1634 1703 peccato.
1653 1678 1662 1695 ι
1682 1669 1764 1705 159

972 1716 1136 1749 Antequam,
1158 1714 1207 1745 ait,
1231 1713 1277 1740 Dei
1304 1712 1422 1739 Verbum
1448 1711 1529 1739 homo
1553 1711 1663 1745 factum,
1678 1716 1764 1742 esset.

976 1761 1101 1787 humanae
1114 1764 1207 1786 tamen
1220 1762 1322 1784 natura:
1335 1756 1518 1784 inﬁrmitatem
1532 1761 1657 1790 tauquam
1673 1764 1764 1784 rerum

973 1805 1106 1833 Conditor
1129 1809 1226 1832 exacte
1247 1803 1415 1838 exploratam
1438 1803 1564 1831 habebat.
1582 1811 1592 1828 ι
1609 1803 1667 1838 Ipse
1680 1804 1766 1837 enim,

977 1858 1006 1880 ut
1022 1852 1155 1887 scriptum
1171 1856 1223 1884 cst,
1243 1851 1403 1886 ﬁgmentum
1423 1855 1543 1877 nostrum
1564 1850 1693 1885 cognovit
1702 1850 1736 1878 ".
1753 1860 1763 1875 ι

976 1898 1153 1927 Verumeuim
1173 1905 1247 1931 vero,
1280 1902 1310 1925 ut
1326 1897 1446 1925 maxime
1468 1901 1572 1931 nosset,
1590 1897 1709 1924 nondum
1724 1901 1767 1924 ta-

978 1954 1039 1973 men
1064 1948 1105 1980 (ut
1132 1945 1233 1979 aliquid
1264 1944 1373 1972 interim
1403 1943 1552 1971 humanum
1575 1943 1655 1971 nobis
1679 1944 1713 1971 de
1733 1951 1768 1971 eo

977 1993 1140 2026 depromere
1156 1990 1258 2024 liceat),
1275 1991 1406 2024 nondum,
1426 1991 1549 2026 inquam,
1569 1995 1677 2018 nostros
1692 1998 1767 2018 mor-

977 2038 1029 2066 bos
1055 2037 1223 2073 experientia
1246 2043 1476 2071 coguoveratwt
1498 2045 1564 2064 vero
1591 2041 1768 2072 posteaquam

979 2091 1090 2112 carnem
1108 2088 1228 2110 nostrain
1247 2083 1343 2115 induit,
1357 2083 1448 2110 omnia
1466 2088 1596 2118 expertus
1610 2089 1662 2111 est.
1675 2083 1769 2118 Neque

981 2135 1070 2157 tamen
1096 2129 1213 2157 dicimus
1245 2134 1325 2156 antea
1350 2127 1498 2164 quidq‘uam
1536 2130 1648 2157 omnino
1673 2137 1769 2157 eorum

979 2176 1101 2204 omnium
1119 2175 1271 2210 ignorasse,
1285 2175 1332 2203 sed
1351 2175 1475 2203 scientia
1493 2175 1591 2203 divinae
1606 2184 1687 2210 quam
1699 2176 1770 2203 οΙιιί-

982 2222 1073 2254 nebat,
1087 2228 1148 2249 eam
1162 2228 1270 2256 quoque
1287 2221 1423 2253 notitiam,
1440 2229 1521 2255 quam
1535 2221 1612 2248 aII'ert
1625 2222 1770 2256 experien-

983 2267 1031 2299 tia,
1058 2274 1220 2294 accessrssc.
1257 2266 1348 2301 Itaque
1375 2266 1421 2293 Dei
1452 2266 1572 2294 Verbum
1595 2266 1696 2293 factum
1728 2271 1772 2293 est

982 2314 1170 2348 compatieus,
1201 2320 1252 2339 non
1272 2311 1344 2357 quod
1369 2319 1428 2339 eam
1452 2311 1634 2348 sympathiam
1657 2319 1691 2339 ex
1713 2311 1771 2346 ipsa

947 2374 968 2401 ο
983 2362 1090 2389 demum
1109 2360 1259 2388 tentationc
1271 2359 1313 2387 vel
1326 2359 1494 2393 experientia
1508 2358 1687 2393 assumpserit
1700 2359 1772 2393 (erat

982 2406 1056 2434 enim
1069 2407 1125 2442 jam
1152 2411 1215 2433 ante
1229 2409 1257 2433 et
1280 2409 1323 2433 est
1338 2409 1435 2440 suapte
1451 2408 1547 2431 natura
1569 2403 1725 2431 misericors
1743 2409 1773 2430 ut

984 2451 1078 2487 Deus),
1096 2453 1143 2479 sed
1165 2452 1228 2486 quia
1245 2455 1419 2486 posteaquam
1439 2451 1490 2478 hoc
1503 2450 1592 2484 ipsum
1607 2449 1679 2485 quod
1699 2454 1771 2480 erat.

983 2502 1142 2526 constanter
1159 2505 1282 2529 tuaneus,
1304 2496 1404 2524 factum
1419 2501 1463 2523 est
1483 2496 1566 2523 etiam
1587 2495 1669 2523 homo
1685 2495 1771 2522 nostri

983 2543 1093 2576 similis,
1113 2550 1145 2570 ea
1168 2549 1231 2578 apte
1253 2543 1337 2570 etiam
1355 2543 1389 2571 de
1406 2541 1450 2569 illo
1471 2541 1642 2568 aiiirmautur
1665 2548 1724 2575 quae
1744 2540 1772 2566 in

985 2593 1110 2616 naturam
1131 2589 1276 2616 humanam
1293 2589 1467 2619 conveniunt.
1488 2587 1593 2615 Dicitur
1606 2594 1669 2615 vero
1688 2587 1772 2614 ctylo:

177 2670 201 2687 ⁷³
218 2670 298 2698 IIebr.
313 2678 350 2701 tv,
370 2669 470 2702 H.153.
508 2669 569 2684 “'"5
586 2669 606 2695 II
619 2668 682 2695 Cor.
699 2676 729 2699 ιι,
743 2667 785 2695 15.
823 2667 847 2682 "
867 2666 938 2693 Psal.
953 2674 1002 2698 cu.
1018 2667 1062 2694 Η.

697 2746 784 2775 Variae
800 2746 932 2774 lectiones
948 2746 1052 2774 codicrs
1068 2745 1250 2782 Seguieriani.

181 2823 196 2838 ν
212 2819 370 2846 “summai.

304 2866 440 2896 ΡΑτιιοι..
465 2865 523 2896 Gtt.
554 2864 682 2895 LXXVI.

1575 2861 1615 2892 M
