1872 3057
122 101 193 129 1391
616 102 644 128 S.
668 98 807 128 C‘YIIILLI
828 99 1062 128 ALEXANDRINI
1084 99 1238 127 ARCIIIEI‘.
1700 91 1780 122 1³8ιῖ

120 163 279 195 penetrasse
299 163 326 187 et
351 159 530 194 corporaliter
551 159 630 185 simul
650 164 677 185 et
699 159 826 185 decenter
843 157 859 184 Ι]

858 161 905 184 leo.
926 162 947 189 Α
963 159 1017 193 τρὶ,
1035 158 1081 184 καὶ
1097 158 1121 183 εἱ
1137 158 1229 192 γέγονε
1246 156 1306 182 καθ’
1322 156 1395 191 ἡμᾶς
1408 152 1597 188 οἰκονομικῶς

120 205 188 232 Nam
205 204 464 240 ntsapientissimus
476 203 573 230 I‘aulus
587 208 688 234 monet,
708 213 717 228 ι
732 203 872 235 Ascendit,
889 206 918 229 ιιι
935 209 1063 238 appareat
1096 210 1167 231 nunc
1177 203 1259 230 vultui
1275 202 1321 229 Dei
1341 210 1390 237 pro
1402 201 1482 228 nobis
1493 200 1529 227 ⁷⁷.
1549 209 1559 226 ι
1581 198 1659 232 Quin
1672 203 1701 225 et
1719 198 1778 224 alio

120 259 332 291 quoque.sensu
361 251 444 279 cmlos
470 251 669 278 transcendisse
691 251 808 283 dicitur,
834 251 904 284 quod
924 251 1065 278 beatorum
1088 251 1245 284 angelorum
1280 250 1394 285 gloriam
1421 248 1502 283 longo
1520 253 1587 282 post
1622 254 1659 274 se
1681 246 1763 272 inter

119 299 191 327 vallo
211 299 353 334 reliquisse
369 303 445 326 certo
469 298 645 333 dignoscatur
663 307 669 324 :
686 298 903 332 quandoquidem
924 303 954 326 ut
973 299 1044 326 Deus
1059 308 1069 324 ι
1085 299 1172 333 Super
1183 306 1291 326 omnem
1307 303 1348 326 est
1364 297 1553 332 Principatum
1593 300 1623 322 et
1637 293 1776 321 Potesta—

120 351 174 374 tem
191 351 218 372 et
231 345 501 376 Dominationem.et
517 352 598 372 omne
632 352 730 372 nomen
751 345 823 379 quod
844 345 999 372 nominatur
1032 353 1085 372 non
1108 345 1195 373 solutn
1215 346 1241 373 in
1267 345 1318 372 hoc
1353 343 1464 376 saeculo,
1488 342 1537 370 sed
1560 341 1652 368 etiam
1679 339 1708 366 in
1729 339 1775 366 l'u-

121 391 223 420 turo".
240 401 250 418 ι
279 390 346 418 Nam
369 396 399 418 ut
420 390 503 418 Filius
521 395 645 418 eamdem
673 398 734 418 cum
757 391 838 419 Patre
860 399 909 419 suo
928 392 1043 427 gloriam
1070 397 1098 419 et
1132 397 1294 426 potestatem
1331 391 1446 422 obtinet,
1471 389 1582 418 etiamsi
1618 388 1777 422 dispensa-

120 439 190 466 torie
205 438 291 465 nostri
306 437 403 466 similis
418 437 508 465 factus
524 439 570 466 sit.

153 482 300 511 XXXVIII.
322 492 332 509 ι
347 482 403 511 Nec
420 483 564 518 quisquam
589 484 671 511 sumit
691 484 744 511 sibi
765 484 908 518 honorem,

119 531 166 558 sed
190 530 236 565 qui
265 534 380 557 vocatur
406 538 420 556 a
442 529 508 563 Deo,
535 534 663 565 tanquam
688 531 791 558 Aaron.
815 529 860 558 Sic
881 534 909 558 et

119 577 245 604 Christus
267 583 320 603 non
345 575 506 603 clariﬁeavit
527 576 704 610 semetipsum
731 580 761 602 ut
785 575 907 610 pontifex

92 655 95 659 Δ
120 623 208 656 lieret,
225 622 273 650 sed
291 622 337 656 qui
353 622 461 649 locutus
476 625 518 649 est
539 621 572 649 ad
586 629 647 649 eum
662 630 670 648 ι
685 621 771 649 Filius
786 629 864 649 meus
878 629 908 648 es

120 673 159 701 tu,
184 675 233 703 ego
254 667 334 695 hodie
347 667 428 702 genui
450 671 476 694 te
486 667 521 694 ".
537 676 546 693 ι
569 667 756 702 Qui_seipsum
781 667 852 694 ultro
873 668 907 694 ad

119 713 331 742 exinanitionetn
351 712 508 747 demiserat,
531 713 555 740 is
573 718 713 748 paternam
736 713 907 740 vocationem

119 761 154 787 ad
178 759 305 787 usitatam
332 759 510 794 apprimeque
531 758 740 786 convenientem
763 757 907 786 sacerdotii

119 806 287 839 {unctionem
301 805 445 833 ducentem
464 805 623 841 opperitur;
640 804 847 833 convenientem
862 813 910 831 au-
925 822 946 849 Β

121 858 175 880 tem
198 860 252 880 non
269 859 325 880 Suae
342 852 428 887 ipsius
450 856 566 885 naturae,
592 852 639 880 sed
663 856 773 884 nostrae,
800 852 851 879 hoc
868 856 910 878 est

121 898 258 931 humanae,
277 906 358 934 quam
387 898 432 926 ubi
451 899 583 932 integram
607 898 765 932 assumpsit,
790 905 850 932 qua:
871 897 908 924 illi

120 944 284 971 conveniunt
300 944 432 978 suscepit.
443 944 546 971 nullum
566 944 675 972 interim
690 944 840 972 secundum
859 951 909 970 na-

121 995 210 1017 turam
232 990 370 1025 propriam
393 989 586 1017 detrimentum
604 990 750 1025 accipiens,
781 990 829 1018 sed
852 990 909 1017 dis-

119 1035 279 1071 pensatione
296 1036 444 1064 secundum
456 1043 566 1063 carnem
576 1036 643 1063 scite
663 1036 911 1069 convenienterque

120 1088 210 1110 utens.
234 1082 272 1110 Ut
298 1082 325 1109 id
352 1082 424 1108 enim
445 1082 517 1117 quod
543 1086 612 1113 erat,
638 1082 690 1109 hoc
715 1086 757 1109 est
781 1081 910 1108 Dominus

120 1129 268 1156 secundum
293 1132 419 1155 naturam
443 1128 613 1163 permansit,
643 1128 751 1155 etiamsi
782 1126 910 1154 servilem

122 1173 236 1200 formam
265 1172 466 1200 subiissetzita
494 1173 669 1208 quantumvis
696 1173 854 1200 innumeros
882 1171 910 1199 in

120 1219 190 1246 coelo
205 1218 420 1254 160haheret,
432 1219 478 1254 qui
492 1220 607 1254 hymnos
623 1219 781 1253 laudesque,
794 1219 845 1246 hoc
856 1223 909 1251 est,

120 1265 254 1298 spiritalia
276 1265 472 1300 incruentaque
495 1265 630 1293 sacriﬁcia
648 1265 686 1292 illi
703 1265 844 1297 offerrent,
870 1265 909 1292 ni-

121 1311 268 1338 hilominus
280 1318 341 1345 qute
361 1311 486 1338 humanae
500 1316 604 1339 natura:
618 1312 783 1338 conveniunt
805 1311 911 1338 eidem-

120 1365 173 1392 que
195 1363 378 1385 consentanea
405 1362 480 1391 sunt,
496 1366 630 1393 nusquam
649 1366 702 1386 non
720 1359 826 1393 integre
844 1365 911 1386 con-

121 1409 246 1435 servans,
279 1402 426 1430 humanum
449 1410 558 1438 quoque
584 1403 769 1432 sacerdotium
793 1410 846 1430 non
870 1407 912 1430 est

122 1453 295 1484 aspernatus.
323 1447 441 1476 Vocatus
463 1455 507 1477 est
531 1450 625 1484 itaque
648 1455 679 1477 ut
701 1449 803 1482 Aaron,
830 1450 911 1476 tnodo

996 485 1061 511 AH'.
1088 494 1096 510 t
1112 484 1168 511 Καὶ
1183 484 1233 519 οὐχ
1253 484 1340 519 ἑαυτῷ
1364 492 1405 515 τις
1429 481 1568 517 λαμϐάνει
1591 481 1645 516 τὴν
1668 481 1774 515 τιμὴν-

960 531 1018 558 an‘
1037 532 1051 558 ὁ
1064 531 1231 566 καλούμενος
1245 531 1297 558 ὑπὸ
1308 531 1355 558 τοῦ
1367 530 1445 562 Θεοῦ,
1462 530 1559 564 ὥσπερ
1575 529 1624 555 καὶ
1644 528 1774 563 Ἀαρών.

960 577 1038 604 Οὕτω
1055 578 1102 604 καὶ
1127 579 1142 604 ὁ
1168 577 1285 612 Χριστὸς
1301 577 1349 612 οὐχ
1365 576 1462 603 ἑαυτὸν
1483 576 1596 607 ἐδόξασε
1609 574 1773 609 γενηθῆναι

959 624 1104 660 ἀρχιερεὺς
1115 628 1138 656 ι,
1156 624 1213 650 ἀλλ’
1228 625 1242 650 ὁ
1266 624 1385 658 λαλήσας
1410 623 1479 658 πρὸς
1501 621 1603 648 αὑτὸν·
1626 621 1698 651 Υἱός
1717 629 1772 653 μου

960 669 986 697 εῐ
1004 672 1046 701 σὺ,
1060 670 1115 705 ἐγὼ
1131 671 1252 706 σήμερον
1267 670 1421 705 γεγέννηκά
1436 677 1476 695 σε.
1488 678 1498 695 ›
1508 669 1538 695 '0
1550 667 1651 698 x1651;
1668 667 1773 693 ἑαυτὸν

960 717 1000 748 εἱς
1013 716 1138 748 κένωσιν,
1155 716 1298 752 περιμένει
1314 716 1410 751 κλῆσιν
1429 716 1478 750 τὴν
1490 716 1523 742 ὲκ
1537 714 1652 750 Πατρὸς
1670 715 1771 748 φέρουι

962 766 1035 790 adv!
1057 763 1097 794 εὶς
1124 763 1274 798 ἱερωσύνην
1291 763 1332 789 ὃτι
1353 762 1384 798 δὴ
1411 762 1528 798 μάλιστα
1543 761 1654 796 συνήθη
1672 769 1705 786 τε
1723 761 1771 786 καὶ

961 808 1201 845 πρεπωδεστάτην,
1214 808 1244 835 οὐ
1260 810 1293 844 τῇ
1312 807 1396 835 αὑτοῦ
1411 807 1491 843 φύσει
1506 807 1623 842 μᾶλλον,
1638 806 1715 833 ἀλλὰ
1738 808 1771 841 τῇ

961 854 1023 881 καθ’
1039 855 1055 889 ὴ
1061 855 1124 888 μᾶς,
1137 854 1261 880 τουτέστι
1277 855 1311 890 τῇ
1327 853 1502 889 ἀνθρωπίνῃ·
1518 850 1553 888 ἧς
1568 851 1697 886 ἐπείπερ
1714 852 1771 882 ἶσος

961 901 1083 935 γέγονεν,
1101 900 1234 936 ὑπομένει
1262 899 1297 927 τὰ
1320 899 1418 934 αὐτῆς,
1440 898 1623 934 ἀδικούμενος
1638 897 1771 925 ἐντεῦθεν

961 947 991 973 τὺ
1011 946 1122 982 σύμπαν
1136 947 1224 977 οὐδὲν,
1244 946 1380 982 εὐτέχνως
1395 945 1424 972 δὲ
1441 945 1541 980 μᾶλλον
1555 946 1589 980 τῇ
1609 944 1687 980 μετὰ
1700 952 1771 978 σαρ-

962 992 1009 1023 κὸς
1018 992 1160 1028 οἱκονομίᾳ
1172 992 1435 1028 χρώμενος.”Ωσπερ
1444 991 1500 1026 γὰρ
1511 990 1560 1017 καὶ
1573 990 1606 1016 τὸ
1618 990 1673 1024 τὴν
1685 988 1771 1023 φύσιν

962 1038 1065 1074 Κύριος
1085 1038 1123 1064 ὢν
1149 1038 1306 1073 μεμένηκεν
1322 1038 1391 1072 ὅπερ
1409 1035 1454 1073 ἦν,
1475 1037 1523 1064 καὶ
1547 1037 1572 1063 εἰ
1596 1036 1718 1070 γέγονεν
1741 1035 1770 1060 ἐν

961 1086 994 1120 τῇ
1010 1084 1056 1111 τοῦ
1072 1085 1166 1111 δούλου
1181 1086 1292 1120 μορφῇ·
1303 1084 1375 1110 οὕτω
1391 1084 1481 1119 φαμὲν
1492 1084 1532 1110 ὃτι
1543 1083 1637 1110 καίτοι
1648 1081 1770 1118 pugio-ag

962 1131 1032 1166 ἔχων
1042 1132 1070 1157 ὲν
1083 1131 1190 1166 οὐρανῷ
1202 1131 1265 1162 τοὺς
1279 1130 1488 1166 ἱερουργοῦντας
1500 1129 1587 1164 αὐτῷ,
1597 1129 1652 1160 τὰς
1665 1129 1769 1163 νοητὰς

961 1176 1083 1211 δηλονότι
1103 1176 1149 1202 καὶ
1163 1175 1350 1210 ἀναιμάκτους
1365 1174 1471 1206 Θυσίας,
1488 1174 1592 1210 ὕμνους
1615 1174 1666 1200 καὶ
1690 1173 1767 1205 δοξο-

962 1221 1066 1255 λογὶας,
1076 1221 1124 1247 καὶ
1137 1221 1185 1256 τὴν
1199 1221 1259 1247 καῦ’
1268 1221 1344 1256 ἡμᾶς
1355 1220 1506 1256 ἱερωσύνην
1520 1221 1637 1246 ποιεῖται
1651 1218 1765 1253 δεκτήν,

961 1266 1112 1298 ἀποσώζων
1127 1266 1265 1302 πανταχοῦ
1279 1267 1337 1298 τοῖς
1350 1267 1399 1302 τῆς
1415 1267 1631 1301 ὰνθρωπότητος
1650 1265 1765 1301 μέτροις

961 1311 996 1338 τὰ
1019 1312 1162 1346 πρέποντά
1181 1320 1210 1338 τε
1229 1312 1275 1338 καὶ
1292 1311 1400 1339 ἐοικότα
1415 1312 1494 1347 αὐτῇ.
1511 1311 1654 1347 Κέχληται
1671 1310 1765 1336 τοίνυν

963 1356 1034 1382 καθὰ
1045 1357 1092 1382 καὶ
1105 1356 1222 1392 Ἀαρὼν,
1231 1356 1301 1392 πλὴν
1313 1357 1363 1383 οὐκ
1378 1357 1407 1383 ἐν
1420 1357 1469 1391 ἴσῳ
1482 1356 1585 1392 τρόπῳ.
1595 1355 1626 1382 Ὀ
1644 1355 1697 1390 μὲν
1710 1355 1764 1390 γὰρ

963 1402 1070 1436 ἐχρίετο
1091 1401 1160 1437 πρὸς
1185 1402 1352 1437 ἱερουργίαν,
1367 1403 1415 1428 καὶ
1435 1400 1469 1437 ἦν
1493 1402 1622 1436 οἰκέτης·
1641 1401 1657 1427 ὀ
1677 1400 1708 1427 δὲ
1727 1400 1763 1431 ὡς

964 1448 1029 1480 Υἱὸς
1045 1448 1179 1480 καλεῖται,
1197 1448 1244 1474 καὶ
1262 1448 1332 1474 κατὰ
1357 1448 1406 1484 τὴν
1433 1447 1510 1481 τάξιν
1523 1447 1699 1482 Μελχισεδὲκ
1725 1447 1763 1472 ἱε-

123 1500 212 1522 tamett
227 1495 362 1523 dissimili.
379 1494 426 1523 Ille
439 1495 511 1522 enim
523 1500 653 1531 tanquam
665 1502 761 1524 servus
782 1496 862 1522 inane

1023 1495 1076 1528 mai
1093 1493 1132 1529 τῷ
1156 1493 1253 1528 Πατρι.
1278 1494 1332 1520 Καὶ
1350 1494 1395 1520 τόν
1413 1502 1444 1526 γε
1461 1493 1512 1528 τῆς
1538 1492 1703 1528 ἱερουργίας
1721 1492 1762 1524 ἐξα

121 1549 164 1571 est
188 1544 221 1570 ad
246 1543 447 1576 ministerium;
467 1544 511 1571 hic
528 1551 594 1572 vero
615 1545 765 1572 secundum
788 1543 912 1570 ordinem

123 1588 303 1616 Ilelcltisedec
317 1594 483 1623 assumptus,
500 1594 629 1624 tanquam
643 1589 728 1617 Filius
740 1588 914 1616 administrat

122 1634 206 1662 Patri.
223 1633 408 1662 Sacerdotalis
419 1641 500 1669 porro
517 1633 666 1661 ministerii
680 1633 790 1660 modum
805 1632 912 1660 divinus

123 1680 237 1712 Paulus,
263 1679 298 1707 de
321 1679 433 1707 Christo
467 1680 588 1707 omnium
623 1684 745 1707 nostrum
772 1678 913 1706 Salvatore

124 1725 261 1756 scribens,
286 1724 358 1752 hunc
374 1724 401 1752 in
424 1724 533 1752 modum
554 1724 686 1760 exponit:
702 1733 711 1750 ι
724 1723 775 1757 Qui
795 1731 849 1751 non
869 1731 913 1750 se—

123 1771 242 1798 cundum
266 1770 352 1805 legem
392 1770 514 1797 mandati
536 1769 655 1798 carnalis
677 1770 764 1798 factus
785 1774 841 1802 est.
865 1769 914 1797 sed

125 1817 273 1844 secundum
291 1817 418 1844 virtutem
434 1816 495 1844 vitae
515 1816 713 1844 indissolubilis
724 1816 759 1842 ”.
773 1825 784 1842 ι
799 1815 848 1843 Est
864 1816 914 1842 ita-

124 1870 177 1898 que
203 1862 348 1890 sacerdotii
367 1862 439 1890 illius
460 1862 529 1890 ritus
549 1862 604 1890 ritu
625 1862 764 1889 Aaronico
784 1861 843 1889 sine
858 1861 913 1888 ulla

125 1909 330 1944 comparatione
347 1908 530 1943 praestantior.
542 1907 609 1935 Nam
621 1908 672 1936 etsi
690 1908 735 1935 ille
745 1907 778 1934 ad
787 1907 916 1934 sacerdo-a

125 1955 194 1981 tium
209 1958 321 1981 vocatus
346 1958 398 1986 est,
416 1958 548 1987 attamen,
573 1958 603 1980 ut
625 1954 704 1981 modo
721 1953 838 1986 aiebam,
857 1958 916 1980 erat

126 2008 243 2034 servus;
264 2001 308 2027 hic
329 2007 394 2028 vero
420 2000 446 2028 in
470 2007 503 2028 eo
525 2007 634 2035 quoque
656 2005 728 2028 statu
754 2000 801 2027 Dei
826 1995 916 2027 Patris

128 2047 212 2074 Filius
230 2051 302 2078 erat.
319 2051 416 2074 natura
435 2047 544 2081 quidem
570 2052 726 2081 aucrnaque
742 2046 917 2082 generatione

127 2097 155 2120 ut
184 2092 256 2120 Deus
277 2097 305 2120 et
325 2092 461 2126 Verbum;
487 2097 516 2120 ut
539 2098 639 2120 nostra:
664 2098 729 2120 vero
752 2091 916 2120 conditionis

127 2139 207 2166 homo
227 2138 376 2166 secundum
400 2138 575 2166 novissimam
604 2139 630 2165 in
657 2145 741 2166 carne
763 2138 917 2174 generatio-

963 1541 1072 1574 ηγεῖται
1088 1540 1188 1575 τρόπον
1209 1541 1223 1566 ὁ
1244 1539 1388 1571 θεσπέσιος
1413 1539 1530 1571 Παῦλος,
1545 1539 1596 1566 ὡδὶ
1612 1539 1762 1575 γεγριςὼς

965 1586 1029 1621 περὶ
1052 1585 1099 1612 τοῦ
1121 1586 1231 1613 πάντων
1254 1586 1332 1621 ἡμῶν
1349 1586 1474 1621 Σωτῆρος
1490 1585 1628 1621 Χριστοῦ·
1649 1586 1717 1617 ι¹¹ος
1732 1586 1762 1611 οὐ

966 1631 1038 1659 κατά
1063 1633 1145 1667 νόμον
1170 1632 1281 1667 ἐντολῆς
1305 1632 1437 1668 σαρκίνης
1462 1632 1586 1666 γέγονεν,
1601 1631 1675 1658 ἀλλὰ
1692 1633 1761 1658 κατὰ

965 1678 1080 1712 δύναμιν
1105 1677 1179 1712 ζωῆς
1208 1678 1390 1705 ἀκαταλύτου.
1410 1688 1419 1704 ι
1449 1677 1557 1706 Οὐκοῦν
1586 1679 1760 1714 ἀσυγκρίτως

966 1723 1085 1759 ἀμεινων
1106 1725 1120 1750 ὁ
1142 1723 1193 1758 τῆς
1213 1724 1369 1759 ἱερουργίας
1389 1724 1500 1760 τρόπος.
1531 1725 1588 1752 Καὶ
1605 1726 1620 1751 ὸ
1640 1725 1701 1760 μὲν,
1725 1725 1757 1755 ὡς

966 1770 1044 1804 ἔφην,
1057 1769 1166 1805 οἰκέτης
1180 1767 1225 1804 ἦν,
1240 1770 1329 1796 καίτοι
1346 1770 1514 1806 κεκλημένος
1531 1771 1571 1803 εἱς
1592 1770 1756 1806 ἱερωσύνην·

966 1816 980 1841 ὁ
994 1815 1022 1842 δὲ
1039 1816 1086 1842 καὶ
1099 1815 1186 1847 οὕτως
1206 1815 1269 1847 Υἱὸς
1286 1815 1332 1842 τοῦ
1353 1815 1421 1842 Θεοῦ
1446 1815 1494 1843 καὶ
1512 1816 1633 1851 Πατρὺς,
1650 1815 1689 1847 ὡς
1712 1816 1757 1851 μὲν

967 1861 1048 1896 φύσει
1062 1862 1128 1895 Θεὸς
1141 1863 1188 1890 καὶ
1201 1863 1289 1898 Λόγος
1304 1863 1373 1889 κατὰ
1387 1862 1437 1898 τὴν
1447 1862 1612 1897 προαιώνιον
1622 1862 1757 1898 γέννησιν

966 1906 1004 1939 ὡς
1023 1907 1052 1934 δὲ
1066 1907 1209 1943 ἄνθρωπος
1225 1908 1286 1935 καθ’
1300 1908 1375 1943 ἡμᾶς
1389 1906 1460 1934 κατὰ
1482 1907 1531 1942 τὴν
1554 1906 1696 1941 νεωτάτην
1715 1911 1756 1932 aut

968 1953 1110 1989 ἐνσαρκον,
1122 1951 1156 1990 ἦς
1172 1954 1204 1982 ἂν
1213 1955 1256 1990 εἴη
1270 1954 1405 1981 δεικτικὸν
1423 1954 1471 1980 καὶ
1485 1953 1525 1986 τὸ,
1541 1953 1690 1988 σήμερον
1705 1962 1756 1980 και-

970 1999 1015 2034 ρὺν
1040 1999 1094 2035 γὰρ
1118 2001 1185 2035 ἡμῖν
1208 2001 1336 2036 σημαίνει
1350 2000 1396 2027 τὸν
1412 2000 1589 2035 ἐνεστηκότα.
1605 1999 1755 2026 Οἱκειοῦται

968 2046 1001 2081 δὴ
1021 2044 1068 2073 οὖν
1089 2047 1137 2073 καὶ
1160 2047 1209 2083 τὴν
1228 2048 1364 2083 σαρκικὴν
1378 2047 1462 2074 αὑτοῦ
1477 2048 1604 2082 γέννησιν
1617 2048 1632 2073 ὁ
1647 2046 1753 2080 Πατήρ*

968 2090 1022 2119 οἶδε
1038 2092 1102 2128 γὰρ,
1119 2091 1189 2120 οἶδεν
1208 2093 1272 2120 ἴδιον
1287 2093 1351 2120 ὄντα
1369 2093 1485 2120 rte-im
1500 2093 1530 2125 ἐξ
1543 2092 1641 2119 ἑαυτοῦ
1653 2091 1754 2123 θεῐκῶς,

969 2139 1017 2165 καὶ
1031 2139 1063 2166 ὲκ
1076 2139 1206 2173 γυναικὸς
1218 2139 1405 2175 ἀνθρωπίνως.

126 2193 198 2218 nem,
211 2193 271 2220 quae
286 2192 334 2220 per
346 2184 422 2218 illud,
437 2185 525 2218 hodie,
538 2185 610 2219 quod
624 2186 767 2220 prxsentis
785 2185 913 2220 temporis
933 2190 995 2213 nota
1017 2186 1136 2217 exsistit,
1157 2186 1252 2213 ‘nobis
1285 2187 1473 2217 adumhrutur.
1491 2185 1576 2221 Igitur
1590 2185 1673 2212 Pater
1692 2185 1755 2212 nati-

125 2230 237 2258 vilatem
262 2231 289 2257 in
313 2237 396 2258 carne
414 2231 449 2258 ad
471 2238 501 2258 se
525 2238 634 2266 quoque
668 2232 806 2266 pertinere
837 2233 950 2268 judicat,
972 2238 1105 2267 quatenus
1131 2232 1205 2259 illum
1233 2241 1311 2260 suum
1340 2233 1464 2268 agnascit
1485 2231 1586 2259 Filium
1611 2232 1753 2259 secundum

126 2276 245 2303 divinam
262 2276 372 2311 quidem
397 2280 521 2303 naturam
547 2284 580 2304 ex
605 2277 674 2312 ipso,
696 2278 844 2305 secundum
861 2277 1006 2305 humanam
1024 2285 1088 2304 vero
1108 2285 1141 2304 ex
1157 2278 1279 2305 muliere.

161 2321 273 2350 XXXIX
293 2332 302 2348 ι
320 2321 372 2355 Qui
390 2322 417 2350 in
440 2323 535 2350 diebus
557 2323 647 2351 carnis
671 2331 726 2351 sua:
742 2330 837 2358 preces
853 2331 900 2358 sup

1012 2323 1066 2349 \0’.
1086 2333 1094 2348 t
1114 2324 1161 2355 Ὃς
1187 2324 1216 2350 ὲν
1240 2325 1301 2355 ταῖς
1319 2324 1440 2359 ἡμέραις
1464 2323 1515 2358 τῆς
1542 2322 1643 2358 σαρκὺς
1668 2321 1751 2352 αότοῦ.

127 2368 342 2403 plicationesque
365 2369 399 2395 ad
427 2375 500 2401 eum.
526 2369 571 2403 qui
602 2369 689 2404 possit
716 2369 788 2396 illum
814 2369 917 2396 salvum

129 2415 219 2442 facere
239 2422 255 2442 a
277 2420 375 2447 morte,
399 2422 460 2442 cum
485 2415 605 2443 clamore
629 2415 719 2443 valido
746 2421 773 2443 et
790 2415 918 2451 lacrymis

128 2460 257 2493 olIerens,
269 2461 413 2488 erauditus
433 2465 473 2488 est
487 2468 536 2496 pro
561 2469 610 2489 sua
630 2462 792 2489 reverentia.
811 2462 843 2488 Et
859 2462 918 2496 qui-

129 2508 190 2535 dem
208 2514 270 2534 cum
290 2511 363 2535 esset
382 2507 478 2539 Filius,
510 2507 604 2535 didicit
626 2515 658 2536 ex
685 2508 718 2535 iis
738 2515 798 2542 qua:
821 2515 918 2543 passus

129 2557 172 2579 est
187 2552 367 2580 obedientiam
391 2561 399 2580 :
419 2558 447 2580 et
462 2558 667 2581 consummatus
687 2553 776 2580 factus
803 2558 845 2580 est
860 2560 918 2580 om-

130 2598 210 2625 nibus
232 2597 482 2633 obtemperantibus
499 2599 550 2627 sibi
573 2606 655 2626 causa
679 2599 774 2627 salutis
797 2604 917 2631 αξιοι-ηδ’,

165 2673 188 2689 '"
207 2672 288 2703 Hebr.
307 2683 348 2708 rx,
361 2675 406 2702 24.
444 2676 467 2692 ⁷⁸
481 2675 579 2711 Ephes.
596 2684 614 2709 ι,
629 2675 674 2703 2|.

973 2369 1079 2404 δεήσεις
1095 2378 1123 2396 τε
1139 2370 1186 2396 καὶ
1201 2370 1342 2406 ἱκετηρίας
1357 2370 1426 2405 πρὸς
1440 2370 1485 2396 τον
1499 2368 1650 2404 δυνάμενον
1666 2368 1753 2399 σώζειν

973 2415 1054 2442 αὑτὸν
1071 2416 1102 2442 ἐκ
1127 2416 1254 2448 θανάτου,
1278 2416 1348 2451 μετὰ
1370 2415 1493 2452 κραυγῆς
1511 2415 1626 2450 ἰσχυρᾶς
1649 2415 1694 2442 καὶ
1713 2415 1752 2441 δα-

972 2461 1064 2496 κρύων
1087 2461 1284 2496 προσενέγκας,
1303 2461 1350 2488 καὶ
1367 2459 1554 2492 εἰσακουσθεὶς
1578 2459 1634 2487 ἀπὸ
1650 2460 1698 2494 τῆς
1716 2459 1752 2485 εὐ-

973 2507 1092 2539 λαϐείας,
1113 2507 1215 2543 καίπερ
1229 2506 1267 2534 ὥν
1278 2507 1352 2541 Υἱὸς,
1364 2507 1479 2543 ἔμαθεν,
1493 2506 1541 2542 ἀφ’
1556 2502 1595 2532 ὧν
1606 2505 1700 2538 ἔπαθε,
1712 2505 1752 2541 τὴν

973 2553 1116 2589 ὑπακοήν·
1145 2555 1192 2580 καὶ
1217 2553 1372 2585 τελειωθεὶς
1398 2553 1508 2588 ἐγένετο
1540 2553 1608 2579 πᾶσι
1633 2554 1688 2584 τοῖς
1710 2553 1752 2578 ὐπ-

974 2599 1117 2625 ακούουσιν
1133 2599 1209 2634 αὑτῷ
1227 2601 1312 2632 αἴτιος
1332 2600 1470 2636 σωτηρίας
1484 2600 1597 2627 αἰωνίου
1607 2608 1614 2614 ·
1629 2607 1752 2634 προσαγο-

714 2675 737 2691 ⁷¹
753 2675 835 2704 IIebr.
848 2683 876 2710 ν,
894 2676 921 2706 4,
940 2675 966 2702 5.
1006 2675 1029 2691 ⁸ο
1045 2676 1125 2705 Hebr.
1139 2684 1187 2708 vtt,
1205 2677 1248 2704 16.

680 2755 768 2782 Varia:
783 2755 912 2784 lectiones
927 2757 1029 2786 codicis
1047 2756 1225 2792 Seguieriani.

168 2824 183 2840 ι
197 2822 336 2857 ἀρχιερέα.
376 2827 389 2848 1
406 2824 603 2859 ἁποφέρουσαν.
