1872 3057
120 123 140 150 ll
145 123 199 152 389

538 122 583 148 AD
601 119 753 148 REGINAS
775 120 818 147 DE
838 116 954 147 RECTA
969 117 1053 146 FIDE
1072 113 1202 147 ORATIO
1222 119 1370 147 ALTERA.

1692 121 1760 149 1390

127 184 237 220 ρευϐεὶς
261 183 314 210 ὑπὸ
342 183 387 210 τοῦ
407 182 474 209 Θεοῦ
499 183 644 218 ἀρχιερεὺς
669 183 741 209 κατὰ
768 183 817 218 τὴν
843 182 935 213 τάξινη

1022 181 1122 208 ηοιιοιιιε
1138 188 1151 208 a
1171 180 1226 208 Deo
1250 180 1370 215 pontifex
1388 180 1535 208 secundum
1549 181 1672 209 Ordinem
1693 183 1759 210 Mel-

126 228 305 265 Μελχισεδέχ.
326 239 335 254 ι
357 229 385 254 Ὀ
400 228 536 261 πάνσοφος
560 227 665 259 Παῦλος
681 227 831 253 ἐπιστέλλει
845 246 851 256 ,
872 225 918 252 καὶ

125 285 197 312 φησι
209 277 264 307 τοῖς
277 277 305 302 ἐν
321 276 410 301 πίστει
434 274 673 309 δεδικαιωμένοις·
694 283 703 298 ‹
722 273 848 308 Μιμηταί
867 281 917 307 μου

127 321 250 356 γίνεσθε,
266 321 357 352 καθὼς
370 320 447 354 κάγὼ
462 318 590 356 Χριστοῦ.
610 329 619 345 ι
640 319 695 345 Καὶ
715 318 767 354 μὴν
784 319 831 345 καὶ
846 319 859 344 ὁ
876 318 918 343 θε·

129 367 354 403 σπέσιοςπὲτρος
365 375 372 382 ·
392 378 401 392 ι
414 368 492 394 Ποῖον
509 366 562 401 γὰρ
579 366 667 397 κλέος,
684 365 776 400 φησὶν,
793 365 817 390 εξ
831 364 920 398 ἁμαρ-

127 416 259 446 τάνοντες
287 414 334 440 καὶ
356 413 563 448 κολαφιζόμενοι
588 412 765 446 ὑπομενεῖτε;
795 410 867 437 Ἀλλ’
897 411 921 436 ei

130 460 360 495 ἀγαθοποιοῦντες
385 459 431 486 καὶ
456 459 606 494 πάσχοντες
632 458 812 492 ὑπομενεῖτε,
842 456 922 483 τοῦτο

129 507 211 542 χάρις
223 506 299 540 παρὰ
311 505 382 540 Θεῷ.
396 505 458 531 Ὅτι
471 505 588 540 Χριστὸς
603 504 737 531 ἀπέθανεν
749 505 819 539 ὑπὲρ
831 505 921 539 ἡμῶν,

131 553 199 588 ὑμῖν
225 553 423 587 ἀπολιμπάνων
448 551 641 587 ὑπογραμμὸν,
667 551 710 577 ἵνα
735 550 923 585 ἐπακολουθή-

133 607 200 634 σητε
220 600 277 630 τοῖς
300 599 402 633 ἴχνεσιν
419 596 513 624 αὑτοῦ.
533 607 543 623 ι
560 597 676 631 Γέγονεν
692 597 746 632 ἄρα
767 596 867 627 σκοπὸς
885 595 923 630 τῷ

130 645 281 678 Μονογενεῖ
303 644 351 678 τὴν
374 643 441 679 πρὸς
458 644 532 678 ἡμᾶς
551 643 682 677 ὁμοίωσιν
704 642 802 678 ἔχον-τι,
827 641 923 667 παθεῖν

130 691 324 727 ἀνθρωπίνως,
341 690 388 716 καὶ
402 689 505 721 διδάξαι
519 690 569 725 μὲν
584 690 647 721 τοὺς
664 688 739 724 αὐτῷ
756 689 922 724 γνωρίμους,

131 737 195 764 τίνα
210 737 242 772 δὴ
262 737 362 772 τρόπον
377 738 436 768 ταῖς
450 736 505 762 τῶν
528 735 690 771 πειρασμῶν
711 735 816 769 ἐφόδοις
840 743 926 770 προσ-

131 784 263 820 έρχεσθαι
276 782 339 819 χρὴ,
359 782 407 809 καὶ
420 782 529 814 ὁποίους
544 779 614 808 εἶναι
630 782 762 817 προσήκει
783 781 846 817 τοὺς
861 780 924 807 διω-

133 830 269 866 κομένους
284 830 335 865 τῆς
350 829 390 860 εἰς
405 828 471 855 Θεὸν
499 827 640 859 εὐσεϐείας
663 827 754 859 ἕνεκα,
768 826 816 852 καὶ
834 825 925 852 κινδύ-

971 227 1139 254 cltisedec“.
1155 226 1400 261 iSapientissimus
1414 226 1513 254 Paulus
1531 228 1563 254 ad
1580 235 1638 261 eos,
1649 228 1695 263 qui
1710 236 1759 263 per

973 273 1052 301 ﬁdem
1074 272 1217 308 iustificati
1247 272 1363 304 fuerant,
1383 272 1419 299 ita
1443 273 1559 301 scribit:
1581 284 1590 299 (
1609 274 1762 302 imitatores

974 320 1026 347 mei
1039 324 1135 350 estote,
1148 319 1219 346 sicut
1235 324 1262 346 et
1274 327 1324 353 ego
1338 319 1440 346 Christi
1452 320 1485 347 θ’,
1504 330 1513 345 ›
1531 319 1601 353 Quin
1614 326 1641 348 et
1655 321 1762 349 divinus

974 373 1082 400 quoque
1105 365 1220 392 Petrus:
1242 374 1250 390 ι
1272 365 1346 397 Quae,
1369 365 1465 399 inquit,
1491 369 1533 393 est
1548 366 1643 400 gloria,
1660 367 1681 394 si
1698 374 1762 402 pec-

973 417 1077 443 cantes,
1088 416 1116 438 et
1130 411 1290 445 colaphizati
1313 410 1449 438 sulferlis?
1466 412 1519 439 Sed
1535 412 1557 439 si
1574 413 1643 440 bene
1659 413 1762 441 facien-

974 462 1027 489 tes,
1040 458 1175 492 patienter
1189 457 1339 490 sustinetis,
1352 458 1408 484 haec
1421 462 1461 484 cst
1472 457 1556 492 gratia
1574 459 1642 493 apud
1657 459 1741 486 Deum
1754 469 1763 486 :

973 503 1037 538 quia
1057 508 1084 531 et
1098 503 1222 530 Christus
1246 511 1341 538 passus
1356 508 1399 531 est
1418 511 1467 538 pro
1483 504 1571 536 nobis,
1588 505 1664 532 vobis
1678 505 1764 533 relin-

975 557 1062 584 quens
1086 549 1251 584 exemp‘lum,
1270 555 1300 576 ut
1314 551 1466 584 sequamini
1485 552 1598 586 vestigia
1617 552 1674 585 ejus
1693 553 1727 578 ⁸³.
1751 563 1761 578 ι

975 597 1080 630 Scopas
1104 604 1169 630 ergo
1184 596 1332 631 Uuigenito
1356 602 1477 624 nostram
1495 598 1698 626 similitudinem
1713 600 1764 627 lia-

976 642 1050 669 beuti
1080 642 1143 673 fuit,
1177 643 1325 668 secundum
1356 644 1501 670 lmmanam
1532 649 1657 671 naturam
1695 647 1764 680 pati,

976 694 1093 722 suosque
1112 686 1257 714 familiares
1277 689 1402 720 edocere,
1422 689 1499 724 161
1519 697 1571 724 qua
1586 691 1691 718 ratione
1707 696 1766 719 teu-

978 733 1113 760 Iationum
1139 733 1285 761 insultibus
1305 734 1412 761 obviam
1439 736 1478 762 ire
1503 741 1638 770 oporteat,
1655 737 1767 771 quales-

977 786 1030 813 que
1056 779 1091 806 illi
1120 786 1180 806 esse
1207 780 1324 807 debeant
1351 781 1396 814 qui
1425 781 1522 808 divinae
1549 782 1658 816 pietatis
1684 791 1767 811 causa

979 825 1181 858 persecutiones
1222 826 1377 860 patiuntur,
1411 826 1452 853 vel
1478 835 1538 854 cum
1563 827 1768 864 quibuscumque

132 859 192 907 νοις
204 859 394 911 ἐμϐεϐηκότας
405 875 462 906 τοῖς
472 879 482 893 ι
492 875 557 909 περὶ
568 873 657 909 ψυχῆς
670 874 716 900 καὶ
734 873 869 907 σώματος·
879 872 926 898 καὶ

1026 869 1060 895 mi
1077 859 1251 904 corporisque
1263 870 1389 904 periculis
1403 870 1594 900 conflictantur
1608 882 1614 899 :
1630 878 1685 900 tum
1699 859 1768 909 prae-

137 922 251 958 προςὲτι
269 921 357 956 τούτῳ
379 921 535 952 καταδεῖξαι
553 920 603 954 τῆς
620 919 746 953 ὑπακοῆς
762 919 873 949 εὑκλεὲς
896 917 927 944 τὸ

134 969 222 1001 τέλος,
239 969 282 995 ἵνα
295 969 341 995 καὶ
362 969 443 1003 ἡμεῖς
455 966 560 1003 ἄριστοί
575 975 606 992 τε
628 966 675 992 καὶ
692 965 770 1000 σοφοὶ
784 964 839 991 τῶν
853 963 927 998 αὑτῷ

136 1014 340 1049 πεπραγμένων
367 1011 547 1047 οἰκονομικῶς
571 1009 764 1046 εὑρισκώμεθα
796 1008 926 1043 μιμηταὶ,

134 1061 193 1092 τοῖς
208 1069 236 1086 τε
252 1059 354 1095 ἴχνεσιν
379 1058 462 1085 αὑτοῦ
486 1056 698 1084 κατακολουθεῖν
719 1055 926 1087 σπουδάζοντες,

135 1107 183 1133 τὸν
196 1107 339 1142 εὐδόκιμον
354 1105 462 1140 ἀληθῶς
482 1105 656 1139 διαζήσωμεν
678 1103 748 1138 βίον.
763 1103 823 1129 ’Ὅτι
838 1103 928 1129 τοίνυν

135 1153 288 1188 ἄθραυστον
306 1152 377 1188 ἔχειν
394 1151 527 1187 προσήκει
548 1151 577 1177 τὸ
601 1150 729 1185 φρόνημα
752 1149 815 1180 τοὺς
836 1146 876 1180 οἷς
894 1148 928 1174 ἄν

135 1200 206 1232 ὅλως
223 1199 368 1235 προκέοιτο
384 1199 480 1225 παθεῖν
504 1197 573 1233 ὑπέρ
588 1205 619 1230 γε
636 1197 685 1230 τῆς
700 1197 740 1226 εἰς
763 1195 844 1222 αὑτὸν
861 1195 929 1229 ἀγα.

138 1256 204 1282 πης,
220 1246 268 1273 καὶ
284 1246 330 1273 τὸν
349 1245 419 1280 ὑπὲρ
435 1245 485 1279 τῆς
509 1242 649 1274 εὐσεϐείας
667 1242 788 1268 κίνδυνον
801 1241 928 1276 ἡγεῖσθαι

137 1293 223 1328 ζωὴν,
247 1293 277 1325 ἐξ
291 1288 330 1319 ὧν
349 1291 497 1326 ὑπέμεινεν
513 1289 605 1321 αὐτὸς,
622 1289 749 1323 πέπραχὲ
764 1297 793 1314 τε
807 1288 840 1313 δι’
855 1287 930 1322 ἡμᾶς

138 1338 328 1374 ἀνθρωπίνως,
352 1337 489 1363 διδάσκειν
507 1335 642 1370 βούλεται.
668 1334 742 1369 Πλὴν
765 1334 816 1360 οὐκ
833 1333 930 1367 ἀφίησι

138 1385 203 1417 τοὺς
219 1384 429 1420 ἀνδριζομένους
445 1383 507 1417 εἰκῆ
532 1381 735 1417 παραρῤίπτειν
755 1380 805 1411 τὰς
825 1379 930 1406 ἑαυτῶν

137 1431 239 1468 ψυχὰς,
256 1431 317 1457 οὑδὲ
341 1427 397 1456 οἷον
425 1428 557 1464 μεθέντας
580 1427 723 1462 ἀτημελῶς
740 1426 770 1452 τὸ
794 1426 930 1461 πρακτέον

141 1477 235 1505 καὶτὰ
249 1476 283 1503 δι’
299 1472 336 1502 ὧν
350 1473 384 1510 ἦν
406 1473 480 1504 εἰκὸς
495 1472 638 1505 σώζεσθαι,
656 1472 720 1507 παρ’
736 1471 831 1497 ἐλπίδα
850 1470 931 1505 μόνον

141 1522 300 1558 ἐκδέχεσθαι
322 1521 353 1548 τὸ
370 1521 425 1551 τοῖς
442 1518 634 1546 ἐθελοκακοῦσι
650 1516 754 1543 δοκοῦν.
765 1515 931 1542 ’Λναπείθων

139 1570 170 1596 δὲ
185 1568 285 1604 μᾶλλον
298 1565 483 1594 συντείνεσθαι
497 1564 661 1600 προσευχὰς,
676 1563 724 1589 καὶ
741 1562 929 1597 ἀκατάληκτον

142 1615 277 1641 ποιεῖσθαι
286 1613 335 1648 τὴν
346 1610 438 1648 [πρὸς]
453 1610 519 1637 Θεὸν
537 1609 654 1636 ἱκετείαν
663 1614 687 1642 ⁸,
699 1608 785 1635 ταῦτα
799 1608 929 1639 διδάσκει,

139 1661 246 1696 δεήσεις
262 1669 290 1686 τε
307 1659 354 1685 καὶ
365 1656 506 1692 ἱκετηρίας
521 1656 550 1682 ὲν
561 1656 621 1686 ταῖς
635 1654 754 1689 ἡμέραις
769 1654 818 1689 τῆς
832 1653 932 1689 σαρκὸς

141 1707 225 1733 αὑτοῦ
240 1703 438 1740 προσαγηοχὼς
453 1702 520 1738 πρὸς
541 1701 587 1728 τὸν
603 1701 752 1735 δυνάμενον
766 1699 864 1731 σώζειν
882 1699 932 1725 αὑ-

140 1753 188 1778 τὶν
204 1752 236 1778 ἐκ
248 1751 375 1778 θανάτου.

179 1847 225 1874 Μ’.
245 1846 318 1881 Ὀρα
335 1845 363 1871 δὲ
382 1845 457 1875 ὅπως
475 1843 522 1870 καλ⁸
536 1840 723 1876 ἁγιοπρεποῦς
740 1838 891 1869 ἐπιεικείας
903 1838 935 1864 τὸ

142 1894 239 1929 χρῆμα
264 1891 449 1928 μεμέστωται.
475 1889 512 1916 Τὺ
538 1889 587 1924 μὲν
607 1888 661 1923 γὰρ
679 1884 935 1922 καταθρασὺνεσθαι

143 1941 198 1967 τῶν
214 1938 385 1975 πειρασμῶν,
403 1936 516 1972 ἀνδρίας
539 1935 589 1970 μὲν
613 1934 669 1969 ἔχει
694 1933 783 1966 δόξαν,
810 1932 883 1958 δοκεῖ
907 1930 936 1956 δέ

143 1995 203 2018 πως
215 1985 366 2021 ὑπεροψίας
381 1985 431 2010 οὑκ
445 1983 484 2014 εἰς
496 1982 569 2008 ἅπαν
583 1979 767 2015 ἠμοιρηκέναι
776 1986 782 1993 ³
793 1978 823 2004 τό
835 1986 866 2012 γε
883 1976 935 2012 μὴν

143 2031 259 2058 δεδιέναι
278 2030 326 2065 μὲν
343 2029 392 2055 καὶ
415 2026 627 2054 ὑποστέλλεσθαι
644 2025 742 2055 δοκεῖν,
762 2023 808 2050 καὶ
831 2023 936 2049 δεῖσθαι

145 2077 213 2104 Θεοῦ
238 2077 286 2103 τοῦ
314 2075 410 2107 σώζειν
443 2073 600 2109 ἰσχύοντος,
627 2071 770 2102 εὐλαϐείας
802 2069 937 2105 ὑπόληψιν

144 2124 213 2159 ἔχει.
231 2122 308 2150 Ἐπεὶ
328 2122 373 2148 διὰ
386 2121 465 2147 ποίαν
481 2119 570 2146 αἰτίαν
586 2120 643 2150 τοῖς
659 2117 748 2152 ἁγίοις
766 2117 936 2153 προστέταχε

145 2171 298 2206 μαθηταῖςο
317 2178 326 2194 ‹
344 2168 429 2194 Ὅταν
452 2167 480 2194 δὲ
501 2166 636 2193 διώκωσιν
654 2165 726 2199 ὑμᾶς
749 2164 778 2190 ὲν
800 2164 832 2198 τῇ
861 2162 936 2188 πόλει

979 915 1082 941 clarum
1099 922 1207 950 quoque
1219 915 1381 942 obedientim
1398 916 1477 944 finem
1491 918 1526 945 ob
1538 919 1632 947 oculos
1646 927 1749 954 ponere
1758 940 1768 953 ,

978 968 1032 995 quo
1057 964 1084 987 et
1113 968 1161 988 nos
1192 968 1299 995 quoque
1322 963 1425 989 strenui
1453 963 1654 999 pmdentesque
1675 973 1768 993 eorum

978 1015 1040 1042 quae
1054 1008 1202 1035 secundum
1225 1008 1318 1035 carnis
1334 1009 1565 1043 dispensationem
1582 1011 1626 1038 ille
1642 1013 1768 1046 patravit,

980 1053 1132 1080 imitatores
1158 1054 1272 1086 inventi,
1305 1055 1480 1090 vestigiisque
1504 1056 1624 1091 ejusdem
1651 1059 1771 1087 studiose

980 1099 1146 1133 insistentes,
1168 1100 1251 1127 vitam
1267 1107 1330 1128 vere
1343 1101 1484 1135 probatam
1506 1103 1698 1137 transigamus.
1718 1104 1772 1132 Per

979 1152 1010 1172 ea
1036 1145 1119 1180 igitur
1143 1153 1202 1180 qua:
1229 1146 1286 1181 ipse
1310 1150 1340 1173 ut
1360 1147 1441 1174 homo
1459 1151 1572 1182 propter
1586 1156 1634 1176 nos
1648 1148 1713 1177 fecit
1741 1159 1773 1178 ac

980 1193 1103 1227 pertulit,
1131 1192 1274 1220 ostendere
1309 1193 1394 1220 voluit
1436 1193 1506 1227 illos,
1538 1195 1636 1229 quibus
1664 1202 1774 1231 propter

981 1238 1039 1272 ejus
1053 1238 1226 1266 dilectionem
1250 1239 1389 1273 quidpiam
1416 1239 1559 1267 adversum
1579 1241 1699 1275 perferre
1710 1250 1775 1276 pro-

982 1285 1098 1318 positum
1119 1289 1171 1317 est,
1193 1291 1310 1312 mentem
1339 1285 1463 1312 obtinere
1483 1284 1583 1314 debere
1614 1287 1721 1314 ﬁrmam
1748 1294 1775 1314 et

983 1330 1187 1362 inconcussam,
1216 1338 1248 1357 ac
1273 1331 1409 1365 pericula,
1436 1338 1496 1365 quae
1527 1332 1666 1367 religionis
1691 1341 1774 1361 causa

983 1376 1178 1410 suscipiuntur,
1205 1376 1287 1403 vitam
1311 1377 1457 1404 aestimare.
1492 1377 1683 1406 Verumtamen
1716 1387 1770 1406 non

983 1423 1114 1456 permittit
1128 1422 1196 1449 n‘rili
1216 1422 1313 1450 robore
1329 1423 1458 1457 praeditos
1471 1424 1577 1452 animas
1592 1433 1656 1452 suas
1672 1430 1774 1452 temere

983 1469 1111 1503 a‘bjieere,
1137 1473 1183 1495 aut
1206 1470 1277 1504 quod
1301 1469 1435 1504 agendum
1459 1471 1602 1503 incumbit,
1625 1479 1672 1506 per
1690 1472 1776 1507 negli-

947 1530 969 1560 ϐ
984 1516 1103 1550 gentiam
1117 1516 1279 1549 omittendo,
1293 1522 1320 1543 et
1335 1524 1382 1551 per
1403 1524 1464 1552 qua:
1481 1517 1552 1544 salus
1574 1518 1715 1553 obtingere
1729 1526 1776 1553 po-

986 1567 1055 1593 test.
1080 1569 1240 1598 exspectare
1255 1563 1341 1590 solum
1358 1569 1458 1598 ιιι-αξιοι·
1480 1571 1554 1598 spem
1581 1565 1652 1599 quod
1670 1564 1776 1592 libitum

985 1609 1037 1636 erit
1052 1609 1168 1644 maligne
1181 1609 1334 1644 agentibus,
1361 1610 1408 1637 sed
1422 1610 1555 1637 hortando
1569 1611 1669 1645 potius,
1680 1615 1709 1637 ut
1722 1611 1776 1638 iiu-

986 1655 1062 1690 pigre
1085 1655 1214 1690 precibus
1238 1655 1408 1688 incumbant,
1436 1656 1545 1690 Deoque
1560 1656 1620 1683 sine
1636 1657 1777 1684 intermis-

986 1702 1063 1729 sioue
1078 1701 1239 1737 supplicent,
1266 1703 1324 1729 htee
1339 1702 1426 1735 docet,
1442 1702 1505 1730 dum
1525 1702 1550 1730 in
1573 1702 1671 1731 diebus
1686 1704 1777 1731 carnis

985 1754 1041 1774 suae
1063 1747 1097 1774 ad
1119 1754 1192 1780 eum,
1220 1748 1265 1782 qui
1289 1747 1397 1775 salvare
1414 1755 1428 1774 a
1447 1753 1533 1775 morte
1553 1748 1628 1775 illum
1659 1753 1776 1784 poterat,

986 1800 1081 1829 preces
1098 1797 1125 1820 et
1143 1793 1354 1828 supplicationes
1373 1794 1492 1821 oli'erret.

1022 1838 1079 1867 XL.
1095 1839 1243 1867 Considera
1266 1847 1347 1874 porro
1363 1845 1391 1867 ut
1414 1845 1523 1868 sanctos
1537 1842 1704 1870 condeeente
1719 1851 1778 1870 mo-

987 1885 1073 1913 destia
1106 1885 1299 1914 documentum
1329 1886 1381 1914 hoc
1410 1880 1528 1915 scateat.
1569 1888 1777 1917 Tentationibus

987 1933 1059 1960 enim
1082 1933 1225 1960 audentius
1248 1933 1354 1960 obviam
1376 1933 1427 1965 ire,
1448 1933 1613 1962 fortitudinis
1629 1940 1672 1962 est
1696 1943 1778 1971 argu—

988 1981 1119 2009 mentum,
1144 1977 1277 2012 superbiae
1300 1982 1391 2005 tamen
1417 1978 1572 2013 suspicione
1593 1987 1647 2006 non
1667 1980 1778 2007 omnino

987 2029 1084 2050 carere
1106 2022 1230 2055 videtur;
1255 2024 1302 2050 sed
1319 2030 1427 2058 pavere,
1449 2028 1476 2050 et
1494 2023 1638 2052 formidine
1654 2025 1778 2053 contrahi

988 2068 1085 2101 videri,
1101 2073 1128 2096 et
1146 2076 1242 2103 preces
1266 2069 1299 2096 ad
1323 2076 1384 2096 eum
1409 2069 1522 2097 fundere
1546 2070 1591 2105 qui
1610 2070 1715 2098 salvare
1731 2079 1778 2106 po-

990 2119 1052 2147 leSI,
1069 2115 1120 2142 hoc
1137 2114 1273 2149 religionis
1288 2118 1331 2141 est
1345 2122 1423 2149 opus.
1440 2115 1547 2150 Alioqui
1562 2116 1634 2143 enim
1649 2124 1698 2143 cur
1722 2117 1780 2152 ipse

989 2160 1093 2187 sanctis
1115 2159 1245 2194 apostolis
1261 2159 1389 2194 praecepit
1403 2169 1409 2186 :
1436 2170 1444 2185 ι
1461 2160 1527 2187 Cum
1543 2168 1591 2187 vos
1612 2167 1780 2196 persequen-

127 2241 130 2243 .
146 2203 245 2252 ταύτῇ,
259 2215 376 2250 φεύγετε
393 2214 432 2245 εἰς
445 2213 494 2248 τὴν
509 2212 621 2247 ἑτέρως
643 2220 651 2236 ι
671 2209 733 2241 Πῶς
751 2209 780 2235 δὲ
795 2209 842 2235 καὶ
855 2208 935 2239 αὐτὸς

1022 2214 1034 2232 r
1049 2206 1074 2232 in
1090 2213 1142 2232 una
1166 2205 1285 2237 civitate,
1312 2205 1395 2239 fugite
1417 2205 1442 2232 in
1466 2205 1545 2232 aliam
1563 2206 1606 2232 ιιιῖ
1622 2216 1632 2232 ι
1653 2214 1702 2234 cur
1715 2209 1779 2235 item

145 2264 161 2290 ὁ
178 2263 314 2297 πάνσοφος
337 2261 454 2292 Παῦλος,
481 2259 571 2286 καίτοι
592 2257 678 2291 λέγων
701 2257 767 2292 ἡμῖν
792 2255 935 2290 ὲναργῶς”

149 2319 160 2335 ‹
180 2309 228 2341 Τίς
246 2309 321 2343 ἡμᾶς
338 2306 452 2341 χωρίσει
465 2305 518 2332 ἀπὸ
532 2305 583 2338 τῆς
605 2302 715 2337 ἀγάπης
731 2301 777 2328 τοῦ
797 2300 935 2336 Χριστοῦς

148 2355 248 2389 θλίψις,
275 2355 292 2389 ἢ
317 2352 499 2387 στενοχωρία,
524 2350 540 2385 ἢ
555 2349 676 2388 διωγμρς
687 2369 694 2381 ,
712 2349 729 2384 ἢ
743 2347 839 2383 λιμὸς,
855 2347 871 2382 ἢ
889 2355 937 2381 γυ-

148 2401 250 2437 μνότης
260 2422 267 2433 ,
281 2400 298 2436 ἢ
314 2399 436 2429 κίνδυνος
446 2418 453 2430 ,
469 2397 485 2432 ἥ
502 2397 641 2432 μάχαιρα;
656 2395 720 2422 ιτὸν
730 2395 780 2430 τῆς
788 2393 935 2429 Δαμασκοῦ

147 2446 344 2481 διαδιδράσκων
367 2444 530 2480 ἡγούμενον,
556 2443 601 2469 διὰ
621 2443 671 2478 τῆς
693 2442 799 2476 ϐυρῑδος
819 2441 936 2476 exuta-.0

147 2493 193 2521 διὰ
216 2493 264 2520 τοῦ
287 2491 409 2526 τείχους;
425 2490 499 2516 Ἔδει
516 2489 606 2516 τοίνυν
624 2487 726 2520 παντὸς
751 2486 854 2521 ἀγαθοῦ
871 2485 938 2513 καθ-

148 2539 255 2575 ηγητὴν
271 2537 317 2565 καὶ
330 2537 490 2563 διδάσκαλον
505 2535 586 2562 αὑτὸν
597 2536 663 2570 ἡμῖν
679 2533 879 2568 ἀναφανεῖσθαι
894 2532 938 2558 τὸν

149 2586 277 2622 Χριστόν.
304 2583 421 2619 Προσῂει
440 2582 489 2617 μὲν
508 2581 562 2616 γὰρ
580 2580 649 2616 μετὰ
671 2579 797 2614 κραυγῆς
825 2577 938 2612 ἰσχυρᾶς

150 2632 198 2658 καὶ
213 2630 364 2666 ἱκετηρίας,
386 2629 423 2660 ὡς
439 2627 500 2654 καθ’
522 2627 596 2662 ἡμᾶς
619 2624 754 2660 γεγονώς·
773 2622 938 2659 εἰσηκούσθη

168 2710 191 2726 ⁶¹
207 2708 290 2736 Hebr.
305 2715 332 2740 ν,
350 2707 409 2734 7-9.

447 2706 470 2722 ⁸·
484 2705 494 2731 l
509 2704 572 2733 Cor.
588 2712 626 2737 ιιι,
641 2704 667 2731 Ι.
704 2703 727 2718 ⁸³
744 2702 753 2729 1
769 2702 841 2730 Petr.
862 2709 893 2734 Il,
907 2700 953 2727 ‘20.

991 2252 1206 2288 sapientissimus
1219 2250 1330 2284 Paulus,
1344 2251 1388 2286 qui
1402 2250 1504 2278 diserte
1521 2251 1587 2279 dicit
1600 2261 1606 2278 :
1625 2261 1634 2278 ε
1651 2253 1719 2285 Quis
1732 2261 1781 2280 nos

992 2299 1129 2334 separabit
1144 2306 1158 2324 a
1184 2298 1319 2324 charitate
1343 2297 1464 2324 Christi?
1491 2297 1648 2331 tribulatio,
1671 2307 1704 2326 an
1731 2307 1780 2326 an—

992 2346 1097 2381 gustia,
1116 2353 1150 2371 an
1171 2344 1340 2379 persecutio,
1364 2351 1397 2370 au
1419 2343 1519 2377 fames,
1544 2351 1577 2371 an
1605 2345 1729 2378 nuditas,
1747 2353 1781 2372 an

991 2392 1152 2428 periculum,
1173 2400 1205 2418 an
1222 2390 1328 2426 gladius
1339 2390 1383 2417 εει
1400 2399 1410 2416 ›
1441 2391 1668 2418 Damascenorum
1691 2391 1782 2426 prafe-

991 2444 1062 2465 ctum
1084 2438 1200 2472 fugiens,
1216 2444 1232 2465 e
1243 2445 1320 2464 muro
1332 2444 1379 2472 per
1392 2436 1540 2464 fenestram
1557 2445 1653 2471 passus
1667 2441 1707 2465 est
1723 2445 1783 2465 sese

994 2484 1098 2511 demitti
1113 2483 1138 2499 ⁸⁶
1149 2483 1236 2510 ?Cum
1252 2483 1334 2518 igitur
1354 2483 1535 2510 necessarium
1552 2489 1623 2510 esset
1648 2488 1677 2510 ut
1713 2483 1783 2518 ipse-

995 2534 1051 2556 met
1065 2528 1190 2556 Christus
1207 2528 1239 2555 ad
1256 2528 1370 2562 quodvis
1384 2528 1481 2555 bonum
1497 2535 1565 2562 opus
1579 2528 1673 2556 ducem
1687 2536 1718 2556 se
1732 2536 1782 2555 no—

992 2574 1036 2601 bis
1051 2579 1303 2609 prteceptoremqne
1327 2574 1478 2606 exhiberet,
1504 2574 1592 2601 valido
1614 2573 1731 2601 clamore
1757 2579 1784 2601 et

993 2621 1190 2656 supplicatione
1215 2625 1344 2655 tanquam
1364 2621 1444 2648 homo
1467 2620 1499 2647 ad
1515 2619 1599 2648 Deum
1616 2622 1747 2654 accessit,
1766 2629 1783 2648 α

990 2699 1014 2716 ⁸⁸
1030 2699 1125 2727 Matth.
1141 2706 1169 2732 ι,
1185 2699 1231 2726 25.
1270 2699 1292 2715 ⁸⁵
1310 2699 1388 2726 Rom.
1408 2707 1469 2732 vm,
1484 2699 1529 2726 55.

1569 2698 1593 2715 ⁸⁸
1605 2699 1667 2727 Act.
1685 2707 1723 2731 rx,
1737 2700 1784 2728 ΞΒ,

706 2770 794 2798 Variae
812 2769 944 2797 lectiones
955 2768 1057 2796 codicis
1069 2766 1250 2801 Seguieriani.

155 2849 168 2864 ⁵
186 2842 368 2873 ἐκδεδωκότας
384 2841 498 2873 ἑαυτοὺς
511 2842 577 2872 τοῖς.
615 2845 628 2859 ι
644 2838 725 2865 αὑτὸν
741 2837 854 2865 ἱκεσίαν.
