1872 3057
114 136 130 163 1
138 136 198 164 595

535 140 582 167 ΔΙ)
603 141 754 170 REGINAS
776 142 819 169 DE
841 143 953 172 HEGTA
973 144 1052 173 FIDE
1072 145 1204 174 ORATIO
1223 146 1375 175 ALTERA.

1690 150 1758 178 1594

114 191 196 223 εἷναί
226 204 292 229 φασι
326 197 386 224 καθ’
411 198 486 233 ἡμᾶς
520 199 612 234 ψιλὸν,
640 201 851 238 ἀνθρωπολατρο

1018 204 1094 232 tiliari
1117 205 1235 239 quodam
1260 206 1478 235 .neerssitudinis
1505 206 1611 235 vinculo
1630 207 1667 234 illi
1693 217 1757 236 cott-

114 241 371 276 ὁμολογουμένως,
395 246 612 279 προσκυνοῦντες
642 247 727 282 αὐτῷ.
757 248 914 284 Γέγραπται

114 288 189 323 γὰρ,
207 288 248 315 ὃτι
269 298 278 314 ι
298 289 402 325 Κύριον
425 291 472 318 τὸν
487 292 554 319 Θεόν
568 302 615 320 σου
630 295 846 330 προσκυνήσεις,
867 295 915 321 καὶ

114 334 200 369 αὑτῴ
212 335 287 371 μόνῳ
301 335 471 372 λατρεύσεις.
489 347 498 364 ›
510 339 541 365 Εἰ
555 339 584 365 δὲ
599 339 630 374 δὴ
651 341 740 373 φαῖεν⁷
755 341 797 367 ὃτι
814 340 915 376 κέκλη-

113 388 167 407 ται
189 381 257 416 πρὸς
283 382 396 418 ἰσότητα
421 384 471 420 τῆς
488 384 577 418 ἀξίας,
602 386 687 421 ἤγουν
703 386 847 419 αὺθεντίας
865 387 915 423 τῆς

116 426 193 462 πρὸς
207 427 274 454 Θεὸν
298 428 400 463 Λόγον·
425 428 484 457 εἶτα
499 431 625 466 πρόσεισι
639 431 678 468 τῷ
691 432 751 468 Θεῷ
766 433 813 460 καὶ
827 434 916 469 Ila.th

116 473 194 507 μετά
207 473 334 508 κραυγῆς
352 475 468 511 ἰσχυρᾶς
479 478 526 503 καὶ
535 477 749 512 δεδακρυμένος,
763 479 811 505 καὶ
827 479 915 507 δεῖται

116 518 169 545 τοῦ
189 519 323 552 σώζοντος
333 529 340 535 ⁸
355 521 432 549 οὐδέν
447 523 505 550 ἐστι
521 523 551 550 τὸ
572 523 678 552 κωλύον
701 525 749 552 καὶ
763 525 848 552 αὑτοῦ
865 525 914 553 τοῦ

115 563 211 599 Λόγου
220 565 250 591 τὸ
260 566 359 602 μέτρον
367 567 492 595 τοσοῦτον
500 569 633 606 ὑπάρχειν
648 571 782 603 ὑπονοεῖν,
798 572 914 609 ὅσονπερ

116 610 154 637 ἂν
182 609 252 639 εἶναι
280 613 435 641 πιστεύοιτο
460 616 507 643 καὶ
530 617 560 643 τὸ
581 617 628 644 τοῦ
644 617 712 653 πρδς
735 618 815 646 αὐτὸν
838 618 915 654 ἔχον-

115 665 167 688 τος
190 657 239 693 τὴν
264 659 377 695 ἰσότητα
393 661 442 696 τῆς
460 661 550 695 ἀξίας,
575 663 659 698 ἧγουν
682 663 733 697 τῆς
758 665 913 697 αὐθεντίας.

116 703 228 731 Οὐκοῦν
241 705 341 740 πρέποι
355 706 388 734 ἂν
406 708 452 734 καὶ
475 708 551 744 αὐτῷ
565 709 596 735 τὺ
611 709 728 737 δεδιέναι
743 710 870 743 θάνατον.
884 711 915 738 τὸ

119 749 246 777 κίνδυνον
262 751 425 787 ὑφορᾶσθαι,
439 755 470 780 τὸ
487 754 593 782 κλαίειν
608 756 637 782 ἐν
657 758 831 792 πειρασμοῖς.
847 757 915 784 καθ-

118 795 234 822 εστάναι
245 796 274 823 δὲ
289 798 337 825 καὶ
351 798 381 824 ἐν
394 798 484 835 ἐνδείᾳ
495 800 544 835 τῆς
562 801 628 836 παρ’
649 802 743 838 ἑτέρου
759 803 861 838 χειρὸς,
870 803 914 830 ἴνα

119 841 170 867 καὶ
182 842 321 878 σώζηται·
336 844 383 871 καὶ
397 845 466 880 πρὸς
475 846 581 879 τούτοις
593 847 633 874 ἔτι
648 849 695 875 καὶ
706 849 856 884 μανθάνειν
866 849 915 884 τὴν

964 251 1075 286 juncttts
1097 251 1152 278 sit?
1168 251 1245 284 Quod
1274 253 1295 279 si
1319 260 1425 287 pttrum,
1449 253 1580 287 nobisque
1603 261 1651 288 per
1666 255 1758 282 omnia

966 297 1081 324 similem
1113 297 1250 325 hominem
1286 303 1390 326 tantum
1421 306 1483 327 esse
1516 300 1646 332 dixerint,
1683 305 1765 328 certe

966 348 1062 375 aperto
1089 343 1312 379 antltropolatrim
1335 345 1450 373 crimine
1475 347 1657 378 tenebuntur,
1682 346 1757 374 illutn

966 389 1120 417 adorantes.
1130 388 1266 425 Scriptum
1273 391 1409 419 estenint:
1424 392 1580 420 «Dominum
1595 393 1757 421 Deumtuum

966 434 1103 468 adorabis,
1119 440 1147 463 et
1165 436 1202 464 illi
1223 437 1272 464 soli
1288 438 1390 465 servies
1403 438 1437 465 π.
1460 447 1470 465 ›
1489 437 1565 472 Quod
1578 439 1600 466 si
1620 439 1706 474 ipsum
1722 439 1756 466 ad

965 481 1147 515 aequalitatem
1160 482 1299 518 dignitatis
1314 488 1342 511 et
1353 485 1522 512 auctoritatis
1533 492 1593 511 cum
1610 484 1655 512 Dei
1671 484 1758 512 Verbo

966 532 1089 555 evectum
1114 529 1303 563 respondeam,
1330 537 1380 558 nec
1401 531 1436 558 ob
1456 530 1482 557 id
1504 535 1592 558 tamen
1618 530 1758 565 prohiberi

966 573 1111 608 quominus
1136 574 1243 602 Patrem
1263 575 1351 603 valido
1365 583 1426 603 cum
1449 576 1570 604 clamore
1586 581 1614 603 et
1632 576 1758 611 lacrymis

966 619 1056 652 adeat,
1074 619 1167 654 illique
1193 621 1238 655 qui
1256 622 1360 649 saltare
1378 626 1467 656 potest
1484 621 1595 656 supplex
1612 621 1672 654 ﬁat;
1691 621 1759 648 nihil

966 666 1077 693 omnino
1106 667 1225 694 obstabit
1256 668 1400 702 quominus
1431 667 1518 702 ipsius
1544 675 1651 702 quoque
1678 666 1758 695 Verbi

967 712 1087 740 conditio
1111 716 1188 740 tanta
1209 713 1392 745 existimetur,
1416 719 1516 748 quanta
1544 712 1603 747 ejus
1632 712 1758 747 quicum

969 758 1056 787 Verbo
1078 759 1261 794 azqualitatem
1282 759 1423 795 dignitatis
1447 760 1504 787 sive
1526 760 1697 786 auctoritatis
1710 759 1758 787 ha-

966 805 1021 833 bet.
1043 806 1133 839 Quare
1148 811 1174 833 et
1189 806 1228 832 illi
1243 813 1352 841 qucque
1367 806 1510 834 conveniet
1525 812 1637 833 mortem
1657 806 1758 833 exhor-

968 859 1086 884 rescere,
1100 852 1249 886 pericttlutn
1265 853 1371 885 timere.
1387 853 1413 880 in
1432 853 1626 881 lentatiouibus
1639 853 1758 888 plorare,

120 885 247 921 ὑπακοὴν
261 886 295 914 δι’
320 884 358 915 ὧν
380 889 500 916 πέπονθε
522 893 689 927 πειρασθείς.
721 893 802 927 Ἀλλ’,
826 893 859 930 oi;

1019 899 1081 924 :rius
1101 905 1153 932 ope
1169 902 1198 925 ut
1211 901 1333 925 servetur
1347 897 1480 932 indigere,
1497 905 1624 932 expressa
1642 897 1758 932 denique

119 930 201 958 τοῦτό
221 933 296 960 ἐστιν
307 934 324 969 ἢ
340 937 448 970 φρονεῖν
460 936 476 971 ἢ
489 936 580 970 λέγειν
594 939 735 975 ἀσύφηλον
753 940 895 973 παντελῶς
904 949 912 957 ·

121 977 266 1012 παναλκὴς
279 979 334 1015 γάρ
350 981 424 1008 ἐστιν
437 982 451 1008 6
464 982 511 1008 τοῦ
527 982 595 1010 Θεοῦ
613 984 700 1018 Λόγος
712 1006 719 1018 ,
736 986 784 1013 καὶ
796 986 913 1015 θανάτου

120 1023 267 1057 κρείττων,
282 1026 329 1052 καὶ,
345 1026 441 1054 παθῶν
456 1027 598 1062 ἐπέκεινα,
620 1031 667 1057 καὶ
689 1031 790 1065 δειλίας
806 1033 913 1069 ἀνθρω-

121 1070 283 1115 ποπρεποῦς
298 1072 433 1108 ἀμέτοχος
450 1075 602 1107 παντελῶς.
616 1075 697 1104 Ἀλλὰ
714 1077 768 1113 μὴν
779 1079 852 1106 οὕτω
864 1080 914 1115 μὲν

120 1114 229 1148 φύσειιις
248 1115 328 1151 έχων,
352 1118 488 1146 πέπονθεν
510 1120 580 1156 ὑπὲρ
604 1122 693 1157 ήμῶν.
718 1124 824 1152 Οὐκοῦν
849 1114 911 1154 οὔτε

120 1159 199 1194 ψιλὸς
220 1162 362 1198 ἄνθρωπος
384 1165 399 1191 6
423 1165 560 1201 Χριστὸς,
581 1166 644 1195 οὔτε
668 1169 790 1205 ἄσαρκος
809 1172 911 1206 Λόγος·

121 1207 233 1241 ἐνωθεὶς
247 1209 276 1236 δὲ
294 1210 396 1244 μᾶλλον
410 1214 444 1248 τῇ
465 1213 527 1240 καθ’
544 1215 619 1251 ἡμᾶς
633 1216 834 1253 ἀνθρωπότητι,
859 1219 912 1246 πά-

121 1253 164 1280 θοι
182 1253 216 1281 ἂν
229 1255 343 1288 ἀπαθῶς
359 1259 443 1294 σαρκὶ
459 1260 491 1295 τῇ
510 1260 564 1296 ἰδίᾳ
579 1261 613 1288 τὰ
629 1262 798 1298 ἀνθρώπινα.
815 1264 913 1299 Γέγονε

121 1299 212 1329 τοίνυν
222 1301 262 1333 είς
278 1301 455 1332 ὑποτύπωσιν
470 1306 511 1337 εις
525 1306 599 1341 ἡμᾶς
615 1307 794 1343 ἀνθρωπίνως
809 1310 912 1342 ἐκεῖνα,

121 1346 248 1384 καθάπερ
259 1348 328 1385 ἔφην
341 1350 370 1377 έν
382 1350 491 1386 ἀρχαῖς,
506 1352 550 1379 ἵνα
565 1355 622 1384 τοῖς
637 1353 739 1390 ἴχνεσιν
753 1356 837 1383 αὐτοῦ
863 1358 913 1383 έπ-

121 1393 361 1431 ακολουθήσωμεν.
371 1396 456 1424 Τοῦτο
469 1398 524 1434 γὰρ
539 1399 677 1435 ἐποίησεν,
692 1401 802 1436 ἐφάπαξ
816 1403 912 1431 ἑαυτὸν

121 1441 320 1476 προσενέγκας.
350 1442 379 1469 '0
404 1443 487 1480 νόμος
510 1445 565 1481 γὰρ
588 1446 750 1482 καθίστησιν
775 1449 913 1485 ἀρχιερεῖς

121 1485 234 1521 ἔχοντας
248 1487 394 1532 ἀσθένειαν
400 1498 407 1505 ·
427 1491 441 1518 ὁ
461 1490 540 1526 λόγος
556 1492 585 1519 δὲ
599 1493 650 1528 τῆς
670 1493 845 1529 ὁρκωμοσίας
861 1496 912 1532 τῆς

123 1532 194 1568 μετά
215 1533 261 1561 τὸν
281 1534 375 1570 νόμον,
393 1536 459 1563 Υίὺν
475 1538 516 1569 εἰς
529 1538 575 1565 τὸν
589 1539 676 1566 αἰῶνα
691 1540 912 1577 τετελειωμένον,

123 1579 174 1615 μιᾷ
196 1579 246 1615 μὲν
267 1584 422 1618 προσφορᾷ,
444 1583 523 1619 δῆλον
546 1584 574 1611 δὲ
589 1585 631 1612 ὅτι
652 1586 685 1621 τῇ
706 1585 751 1614 διὰ
771 1587 819 1615 τοῦ
841 1588 909 1616 ἰδίου

123 1623 258 1660 σώματος,
317 1638 326 1653 t
336 1629 510 1657 τετελείωκεν
519 1631 557 1663 είς
566 1631 724 1669 τὸδιηνεκὲς
731 1635 794 1667 τοὺς
801 1635 913 1670 ἁγιαζο-

124 1671 239 1717 μένουςο
247 1672 349 1709 Κύριος
356 1675 372 1709 ὴ
376 1674 434 1710 μῶν
442 1676 546 1711 Ἰησοῦς
555 1679 682 1714 Χριστός.
690 1690 750 1706 ›-ι
757 1681 913 1717 Προσκεκό-

202 1716 257 1752 γὰρ
273 1717 370 1746 ἑαυτὸν
386 1719 455 1755 ὑπὲρ
474 1721 574 1756 ήμῶνδ
591 1723 632 1755 είς
646 1724 734 1759 ὀσμὴν
747 1725 861 1757 εὐωδίας
874 1725 914 1761 τῷ

122 1760 181 1796 Θεῷ
193 1761 240 1788 καὶ
255 1762 368 1798 Πατρὶ,ι
379 1765 426 1791 καὶ
440 1766 601 1794 τετελείωκε
617 1769 720 1803 νοητῶς
734 1769 780 1796 διὰ
793 1760 914 1803 πίστεως

123 1806 170 1832 καὶ
188 1807 337 1844 ἀγιασμοῦ,
351 1810 440 1837 καίτοι
452 1811 502 1847 τῆς
517 1814 632 1849 νομικῆς
648 1815 777 1851 λατρείας
792 1817 912 1844 τελειού-

125 1860 173 1887 σης
189 1853 276 1881 οὐδέν.
299 1855 445 1892 Τοιγάρτοι
461 1858 613 1894 κατέληξαν
635 1861 685 1896 μὲν
706 1862 731 1888 οἱ
748 1862 846 1896 τύποι,
864 1863 913 1890 καὶ

124 1899 261 1928 πέπαυται
286 1903 337 1938 τῆς
357 1903 484 1940 Λρχαίας
499 1905 639 1942 Διαθήκης
666 1907 697 1934 τὸ
724 1909 854 1945 ἀνόνητον
883 1911 913 1938 ὲν

125 1947 230 1978 σκιαῖς’
253 1947 349 1983 γέγονε
364 1949 392 1976 δὲ
407 1951 565 1986 ἀναγκαίως
589 1954 766 1991 ἐπεισαγωγὴ
787 1957 913 1992 κρείττο-

124 1999 168 2024 νος
180 1992 298 2025 ἐλπίδος,
319 1995 353 2022 δι’
367 1993 401 2032 ἦς
415 1998 562 2034 ἐγγίζομεν
577 1999 616 2034 τῷ
631 2000 701 2036 Θεῷ,
721 2003 911 2037 μεσιτεύοντος

123 2037 170 2087 τού
185 2038 322 2087 Χριστοῦ,
343 2042 390 2068 καὶ
414 2043 443 2069 ὲν
466 2044 542 2077 τάξει
565 2047 707 2080 γεγονότος
730 2049 910 2087 ἀρχιερατικῇ

124 2083 168 2110 διά
182 2093 222 2112 τοι
233 2085 283 2121 τὴν
294 2087 363 2123 πρὸς
381 2088 454 2124 ἡμᾶς
469 2090 609 2125 ὁμοίωσιν.

970 944 1118 972 tentatione
1130 943 1311 972 obedientiam
1332 944 1446 972 discere.
1461 943 1544 978 Atqui
1565 948 1695 971 extremae
1710 950 1759 970 ve-

968 990 1052 1018 sania
1075 990 1156 1018 fuerit
1182 990 1240 1018 haec
1264 990 1367 1017 sentire
1379 990 1422 1017 vel
1438 989 1547 1018 dicere:
1565 994 1607 1017 est
1618 989 1690 1017 enim
1709 988 1767 1017 Dei‘

968 1036 1087 1064 Verbum
1106 1035 1287 1070 omnipotens,
1310 1039 1398 1063 morte
1412 1035 1549 1070 superius,
1574 1036 1659 1070 majus
1681 1035 1759 1063 deni-

968 1090 1021 1117 que
1041 1089 1122 1117 quam
1146 1086 1175 1108 ut
1198 1081 1347 1116 perpessio,
1371 1085 1421 1108 aut
1444 1080 1497 1109 ulla
1512 1081 1624 1108 omnino
1642 1081 1768 1108 ltumana’

970 1129 1087 1156 forntido
1112 1128 1137 1155 itt
1163 1128 1249 1162 ipsum
1274 1128 1373 1155 cadere
1397 1127 1496 1156 valeat.
1513 1127 1612 1154 Verum
1634 1126 1696 1154 licet
1709 1134 1758 1154 sua

970 1180 1065 1202 natura
1080 1174 1212 1209 ejusmodi
1228 1174 1274 1207 sit,
1289 1175 1375 1202 nostri
1391 1178 1480 1202 tamen
1497 1182 1578 1202 causa
1593 1181 1641 1202 eas
1656 1173 1761 1208 passioo

968 1229 1017 1248 nes
1032 1221 1169 1248 sustinuit.
1189 1221 1281 1255 Itaque
1296 1228 1383 1256 neque
1402 1228 1486 1255 purus
1504 1225 1607 1248 tantum
1623 1221 1704 1248 homo
1717 1224 1760 1247 est

967 1267 1105 1300 Christus,
1123 1274 1211 1301 tneque
1224 1265 1343 1294 Verbum
1360 1271 1463 1294 nostra:
1479 1267 1571 1294 carnis
1585 1274 1694 1302 expers,
1710 1266 1760 1294 sed

969 1313 1087 1341 Verlmm
1114 1317 1214 1340 uosme
1237 1318 1341 1340 natura:
1357 1312 1473 1345 troitum,
1487 1313 1634 1340 secundum
1648 1320 1678 1340 se
1700 1312 1761 1347 qui-

970 1360 1030 1386 dem
1066 1359 1226 1394 impatibile,
1257 1359 1375 1386 butuana
1405 1365 1495 1386 autem
1520 1359 1626 1393 patiens
1656 1359 1683 1386 itt
1711 1366 1760 1386 sua

971 1413 1062 1432 carne.
1081 1406 1152 1437 .Quae
1170 1405 1251 1440 igitur
1267 1410 1296 1432 ut
1319 1405 1399 1432 homo
1425 1405 1536 1439 pertulit
1561 1413 1592 1433 ea
1610 1405 1660 1440 (ut
1680 1405 1760 1440 paulo

968 1457 1032 1479 ante
1051 1451 1232 1486 dicebamus),
1250 1451 1366 1479 nobisin
1390 1451 1541 1485 exemplum
1563 1456 1758 1486 proponuntur,

968 1506 1022 1534 quo
1039 1498 1166 1526 nimirum
1190 1498 1311 1534 vestigiis
1336 1498 1408 1526 illius
1432 1499 1589 1526 iusistamus
1602 1499 1658 1533 qui,
1676 1498 1760 1525 semel

968 1552 999 1572 se
1013 1544 1140 1577 oll‘erens,
1156 1551 1213 1572 rem
1226 1549 1311 1571 totam
1325 1544 1453 1572 confecit.
1471 1545 1543 1571 Sane
1559 1544 1601 1571 lex
1618 1545 1760 1579 pontiﬁces

963 1591 1117 1625 inﬁrmitati
1140 1591 1272 1619 obnoxios
1309 1590 1490 1623 instituebat,
1518 1598 1610 1617 verum
1645 1590 1758 1625 jurisju—

967 1638 1046 1666 randi
1061 1645 1151 1666 sermo
1172 1643 1233 1672 post
1257 1637 1343 1673 legem
1369 1638 1467 1669 editus,
1494 1637 1574 1673 164
1591 1636 1689 1665 Filium
1705 1645 1759 1664 una

968 1684 1106 1712 oblatione
1121 1684 1147 1711 in
1164 1689 1295 1712 retentum
1316 1688 1535 1712 consummatum
1550 1684 1709 1718 pronuntiat
1723 1683 1757 1716 ";

966 1737 998 1758 ea
1028 1730 1085 1765 ipsa
1117 1730 1254 1761 videlicet,
1280 1737 1332 1765 qua
1361 1739 1372 1756 ι
1402 1729 1533 1757 Dominus
1562 1733 1655 1756 noster
1680 1728 1758 1756 Jesus

967 1776 1093 1804 Christus
1105 1776 1289 1804 sanctilicatos
1309 1783 1358 1810 per
1370 1775 1507 1811 propriutn
1528 1783 1626 1810 corpus
1647 1775 1673 1801 iu
1687 1782 1759 1802 sem-

967 1822 1102 1857 piternum
1122 1822 1322 1850 consummavit
1333 1822 1368 1849 ⁸⁷.
1393 1831 1403 1849 ι
1418 1835 1456 1842 -
1471 1830 1481 1847 t
1500 1821 1601 1849 Obtulit
1615 1821 1688 1848 enim
1711 1829 1756 1847 se-

965 1868 1053 1903 ipsum
1062 1876 1111 1903 pro
1119 1868 1197 1896 nobis
1211 1868 1237 1895 in
1245 1869 1356 1896 odorem
1365 1868 1505 1898 suavitatis
1516 1868 1571 1895 Deo
1581 1873 1608 1896 et
1617 1868 1688 1895 Patri
1699 1868 1734 1900 ⁵⁸,
1745 1877 1755 1893 ι

965 1915 1133 1950 perfecitque
1151 1922 1200 1942 nos
1217 1922 1264 1949 per
1280 1915 1359 1942 ﬁdem
1381 1918 1421 1942 ει·
1434 1914 1583 1949 spiritalem
1601 1914 1757 1942 sanctifica-

967 1960 1078 1994 tionem,
1101 1967 1161 1988 cum
1182 1960 1249 1996 legis
1268 1961 1386 1995 antiquae
1407 1960 1495 1988 cultus
1519 1960 1624 1988 ttullum
1646 1961 1758 1988 omnino

965 2005 999 2033 ad
1015 2005 1209 2041 perfectionem
1229 2006 1376 2033 adduceret
1393 2006 1428 2032 ⁹⁹.
1445 2005 1522 2033 Unde
1536 2010 1564 2033 et
1584 2006 1675 2040 figurae
1690 2013 1758 2040 quo-

965 2060 1019 2087 que
1031 2057 1184 2086 cessarunt,
1199 2056 1227 2080 et
1240 2051 1393 2079 umbratilis
1407 2051 1452 2080 illa
1470 2052 1575 2080 Veteris
1590 2051 1756 2079 Testameuti

966 2098 1136 2133 imperfectio
1156 2106 1172 2126 θ
1195 2099 1284 2126 medio
1308 2099 1414 2126 sublata
1433 2103 1484 2126 est.
1502 2098 1640 2126 Successit
1653 2104 1756 2131 autem,

124 2132 269 2180 etquidem
284 2135 452 2167 necessario.
469 2137 588 2166 melioris
603 2139 660 2172 spei
689 2139 864 2175 introductio,
898 2150 947 2178 per
965 2132 1057 2179 quam,
1082 2144 1280 2172 interveniente
1306 2143 1416 2172 Christo
1440 2145 1486 2180 qui
1511 2149 1621 2180 propter
1652 2150 1756 2173 natura:

125 2177 325 2207 similitudinem
349 2181 375 2209 itt
393 2182 561 2217 paulilicium
587 2187 709 2213 ordinem
733 2194 842 2216 evectus
859 2177 910 2223 est,
931 2177 986 2219 Deo
1000 2193 1259 2227 appropinquamus.

158 2226 223 2254 Ml".
243 2227 318 2264 Πλὴν
341 2229 429 2256 ἐκεῖνο
445 2230 535 2266 ἄθρει·
552 2232 620 2267 Περὶ
634 2233 719 2260 αὑτοῦ
738 2243 820 2270 φησιν
836 2236 851 2261 6
871 2236 897 2263 θε

1016 2226 1094 2266 ῑιζιιι.
1113 2226 1353 2268 νει-υιιιεηίιηνετο
1380 2247 1442 2268 eum
1454 2239 1552 2268 Paulus
1569 2240 1642 2268 illum
1662 2248 1696 2268 ex
1714 2241 1755 2268 in-

126 2273 234 2304 σπέσιος
251 2275 374 2308 Παῦλος,
387 2276 428 2303 ὅτι
448 2278 610 2314 ἐσταυρώθη
627 2279 657 2313 ἐξ
673 2280 826 2315 ἀσθενείας.
843 2281 912 2310 Εἶτα.

125 2319 182 2351 πῶς
192 2321 205 2347 ὁ
215 2321 266 2356 μὲν
280 2321 362 2357 νόμος
377 2322 538 2359 καθίστησιν
551 2325 691 2361 ἀρχιερεῖς
707 2327 819 2362 ἔχοντας
828 2329 910 2355 ἀσθέ-

125 2373 206 2399 νειαν,
227 2367 241 2393 6
253 2366 282 2393 δὲ
299 2367 378 2402 λόγος
397 2369 446 2403 τῆς
460 2369 633 2405 ὁρκωμοσίας
654 2372 704 2406 τῆς
720 2373 790 2408 μετά
804 2374 850 2400 τὸν
869 2375 912 2401 νό-

127 2421 184 2448 μον,
206 2414 270 2441 Υἰὺν
296 2415 336 2447 εἰς
363 2415 410 2442 τὸν
433 2416 520 2444 αἰῶνα
546 2417 769 2454 τετελειωμένον,
797 2420 835 2452 ὼς
861 2421 912 2447 οὐκ

125 2459 218 2494 ἔχοντα
233 2460 356 2495 δηλονότι
369 2461 401 2487 τὸ
408 2462 532 2490 ἀσθενεῖν
543 2471 550 2496 ;
562 2463 647 2490 Τοῦτο
663 2464 728 2500 γὰρ,
745 2463 834 2500 οἶμαι,
850 2467 911 2493 ἐστὶ

125 2505 154 2532 τὸ
169 2505 268 2540 ἀρτίως
282 2506 354 2541 ἔχον,
366 2507 451 2542 ἤγουν
462 2508 493 2535 τὸ
504 2509 533 2535 ὲν
548 2510 630 2536 τιτα.νί“ί¹
644 2510 719 2546 καλῷ
731 2510 911 2547 τετελειωμέο

126 2560 180 2578 νον·
197 2553 239 2579 ὅτι
255 2553 292 2588 μὴ
308 2554 370 2580 κατ’
384 2554 505 2587 ἐκείνους
518 2556 578 2583 ἐστὶ
590 2557 654 2588 τοὺς
670 2558 741 2585 κατά
755 2558 801 2585 τὸν
815 2559 909 2594 νόμον,

126 2597 163 2630 οἷς
177 2599 227 2625 οὐκ
242 2599 376 2636 ἀσύνηθες
395 2602 484 2628 εἰπεῖν
503 2602 534 2629 τὸ
548 2603 595 2631 καὶ
606 2609 617 2623 α
641 2604 766 2633 ἀσθενεῖν
782 2605 839 2633 ἔσθ’
850 2606 908 2635 ὅτε.

158 2676 273 2720 'jlpeut.
288 2685 325 2709 vr,
341 2678 501 2720 .i5;‘M.1!ii_il.
519 2688 554 2712 ιν,
573 2681 618 2720 lt).
654 2683 677 2699 9‘
694 2683 776 2712 Hebr.
796 2692 844 2718 vn,
860 2684 893 2713 28

424 2679 501 2720 l_:ttt_h.
519 2688 554 2712 ιν,
573 2681 618 2720 lt).
654 2683 677 2699 9‘
694 2683 776 2712 Hebr.
796 2692 844 2718 vn,
860 2684 905 2714 28.
943 2686 966 2702 ’⁷
981 2685 1063 2714 llcbr.
1077 2693 1104 2720 ι,
1120 2686 1163 2714 lit.

129 2711 135 2727 '
152 2711 171 2740 ll
185 2713 246 2740 (λον.
261 2721 322 2745 xttt,
335 2713 362 2740 4.
401 2715 411 2730 ⁸
428 2714 509 2742 Ilcbr.
524 2723 571 2749 vtt,
585 2717 630 2744 ‘28.

966 2283 1092 2312 ﬁrmitate
1122 2285 1281 2313 cruciﬁxum
1309 2286 1500 2320 pronuntiet‘,
1528 2287 1663 2321 quomodo
1691 2287 1756 2321 (itt-

964 2330 1036 2366 quis)
1063 2331 1106 2358 lex
1129 2332 1283 2359 sacerdotes
1304 2332 1454 2360 infirmitati
1467 2333 1613 2361 obstrictos
1633 2333 1753 2366 ordinat,

961 2376 1150 2411 jusjurandum
1165 2384 1229 2405 vero
1242 2381 1303 2412 post
1317 2377 1403 2412 legem
1418 2378 1626 2413 promulgatum,
1643 2379 1753 2412 Filium,

964 2423 1042 2458 quasi
1060 2422 1133 2450 nulla
1151 2423 1178 2450 in
1201 2423 1275 2450 illunt
1298 2423 1442 2451 infirmitas
1466 2426 1554 2457 cadat,
1572 2425 1598 2451 in
1623 2431 1754 2453 aeternum

964 2472 1179 2495 consummatum
1196 2468 1400 2504 perfectumque
1412 2469 1527 2497 allirmat
1545 2470 1575 2496 ’ἲ
1587 2469 1654 2497 Illud
1668 2471 1753 2504 enim,

963 2515 1071 2550 opinor,
1088 2515 1237 2550 perfectum
1253 2515 1363 2548 dicitur,
1380 2516 1453 2551 quod
1474 2517 1549 2544 omni
1562 2517 1694 2545 bonorum
1707 2525 1754 2552 ge-

965 2568 1030 2588 nere
1043 2561 1209 2589 eumulatunt
1231 2567 1283 2589 est.
1304 2561 1438 2595 Quoniam
1452 2570 1505 2590 tton
1518 2563 1580 2591 talis
1596 2568 1666 2595 erat,
1685 2571 1753 2598 qua-

963 2607 1003 2635 les
1015 2607 1116 2636 veteris
1134 2607 1200 2643 legis
1215 2607 1383 2643 sacerdotes,
1399 2610 1499 2645 quibus
1521 2610 1678 2638 inusitatum
1700 2619 1752 2638 non

1221 2687 1243 2703 ³⁸
1261 2686 1360 2722 Epltes.
1373 2695 1399 2722 ν,
1413 2688 1441 2716 2.
1499 2689 1522 2705 "
1543 2689 1626 2717 Hebr.
1643 2697 1693 2722 vn,
1708 2690 1750 2718 l9.

669 2796 756 2826 Variae
771 2798 902 2828 lectiones
917 2799 1016 2828 codicis
1029 2800 1208 2836 Seguieriani.

161 2860 173 2882 1³
191 2860 290 2891 αὐτῶν.
330 2866 341 2882 ε
397 2861 499 2896 πάντως
515 2864 571 2891 καί.
