1872 3057
116 126 202 156 1597

117 187 195 216 σθαι
210 188 310 222 θώκοις
322 211 330 223 ,
346 192 393 218 καὶ
409 193 438 220 ἐν
451 194 525 230 δεξιᾷ
541 196 678 233 καθῆσθαι
693 200 739 226 τοῦ
754 200 920 237 Γεγεννηκό-

115 243 186 283 τος.
198 236 236 283 *Εἰ
253 236 308 272 γάρ
327 239 401 265 ἐστιν
418 239 527 276 ἀληθὲς,
553 244 594 270 ὅτι
615 246 669 277 πᾶς
695 246 784 280 ἱερεὺς
805 236 920 283 amer

117 280 170 306 ἀεὶ
197 281 374 318 λειτουργῶν,
395 286 442 312 καὶ
461 287 512 314 οὐκ
534 288 567 315 ἂν
590 291 676 318 νοοῖτό
701 301 767 319 ποτε
791 293 921 329 σύνεδρός

116 334 152 373 ’τε
171 327 222 353 καὶ
239 329 364 365 ἰσοκλεὴς
380 328 457 368 ᾧπερ
470 333 503 360 ἂν
518 334 676 372 λατρεύσειε
692 338 763 373 Θεῷ,
790 340 851 372 πῶς
869 327 920 367 οὐκ

117 372 274 422 emovitch
297 375 439 422 ἱερουργὸς
456 380 470 405 ὁ
489 381 618 416 Χριστὸς,
636 384 650 410 ὁ
672 385 719 411 καὶ
734 372 773 411 ’γὲν
792 387 849 415 τοῖς
870 387 920 422 τῆς

118 418 258 467 δεότητος
290 421 389 456 θώκοις
414 425 452 457 ὡς
479 427 564 459 Θεὸς,
597 430 644 456 καὶ
671 430 836 467 λειτουργῶν
871 418 918 460 ἀν-

119 465 274 515 θρωπίνως
356 470 384 497 δὲ
399 471 429 507 δή
443 480 485 504 τις
500 473 574 508 λέγοι
596 465 773 510 συκοφαντῶν
787 465 837 514 τὴν
853 479 918 515 ἁλή-

118 509 215 545 Θειαν,
228 513 270 540 ὃτι
280 514 335 542 Ναὶ.
345 516 493 544 κεκάθικεν
507 520 536 545 ὲν
549 520 626 556 δεξιᾷ
636 509 684 548 τοῧ
700 509 918 559 ΠατρὸςΙίδικιῖλς

119 558 271 594 ἄνθρωπος
294 563 469 598 συνημμένος
483 565 521 601 τῷ
536 566 595 602 Θεῷ
610 569 680 594 κατὰ
697 558 781 604 μονήν
795 562 847 606 τὴν
861 573 917 598 ἰσό-

119 613 197 652 ineat
210 607 258 641 τῆς
272 607 350 640 ἀξίας
362 617 368 623 ·
389 611 481 638 οὐκέτι
501 613 585 648 μόνης
602 612 672 641 εἷναί
687 624 752 650 φησι
767 618 817 652 τῆς
837 619 917 652 ἁγίας

120 648 244 684 Τριάδος
267 653 314 679 τὸν
346 654 476 682 ἀνωτάτω
503 658 550 684 καὶ
579 660 647 695 μόνῃ
673 661 742 697 αὐτῇ
776 664 917 698 πρέποντα

119 696 232 746 θρόνον,
246 699 303 725 ἀλλ’
316 700 365 736 ἤδη
382 711 423 734 τις
439 703 506 738 ἡμῖν
519 704 650 741 τέταρτος
663 709 763 741 οὑτοσὶ,
789 696 916 746 πρόσφα-

117 743 170 794 τός
193 753 223 794 τε
244 746 290 772 καὶ
307 748 418 781 γενητὸς
444 750 649 786 ἐπεισκρίνεται
675 755 751 787 Θεὸς,
778 743 847 791 μετὰ

117 789 267 823 ὀμοούσιον
283 792 329 818 καὶ
346 793 427 827 ἁγίαν
441 794 554 831 Τριάδα.

156 879 225 906 ME'.
250 890 259 906 ι
276 881 394 917 Χριστὸς
406 884 434 910 δὲ
453 888 675 922 παραγενόμενος
693 891 839 925 ἀρχιερεὺς
857 894 912 920 τῶν

120 925 276 957 μελλόντων
292 927 413 962 ἀγαυῶν,
429 929 473 957 διὰ
487 932 535 966 τῆς
552 934 675 967 μείζονος
684 936 730 962 καὶ
741 937 911 974 τελειοτέρας

119 972 243 1005 σκηνῆς,
267 973 297 999 οὐ
317 977 520 1010 χειροποιήτου,
537 980 675 1007 τουτέστιν
693 982 724 1008 ού
741 984 842 1019 ταύτης
861 985 912 1020 τῆς

118 1017 248 1065 κτίσεως,
272 1019 333 1047 οὐδὲ
355 1021 389 1048 δι’
410 1023 527 1058 αἵματος
545 1026 656 1060 τράγων
673 1029 718 1054 καὶ
734 1017 854 1065 μόσχων,
866 1017 911 1058 δια

116 1063 147 1112 δέ
167 1063 215 1089 τοῦ
230 1065 297 1092 ἰδίου
314 1067 430 1102 αἵματος
445 1070 570 1105 εἰσῆλθεν
590 1073 701 1107 ἐφάπαξ
721 1076 761 1108 εἰς
831 1077 908 1112 ἅγια,

117 1109 231 1157 αἰωνίαν
248 1111 382 1147 λύτρωσιν
405 1115 564 1151 εὑράμενος.
588 1129 596 1145 ι
618 1119 684 1146 Τίνα
701 1121 728 1147 δὲ
749 1109 910 1157 τρόπον-διά

116 1154 168 1189 τῆς
198 1156 321 1190 μείζονος
339 1160 387 1186 καὶ
412 1161 584 1198 τελειοτέρας
602 1166 704 1201 σκηνῆς
730 1168 842 1202 γέγονεν
866 1171 908 1205 ἐφ’

117 1201 193 1234 ἡμᾶς
214 1203 354 1251 όΑΚύριος
377 1206 456 1241 ἡμῶν
485 1208 588 1244 Ἰησοῦς
612 1211 729 1246 Χριστὸς
751 1201 906 1251 ἀρχιερεὺς,

117 1248 315 1298 ἒπροαπέδειξεν
340 1252 405 1287 ἡμῖν
434 1254 535 1288 ἀρτίως
558 1257 572 1282 ό
596 1256 686 1291 λόγος.
716 1248 838 1288 ’Ότι-’δὲ-
858 1248 907 1298 τῆς

118 1293 274 1342 ἱερουργίας
291 1297 304 1322 ὸ
319 1298 422 1333 τρόπος
430 1300 517 1335 αὐτῷ,
534 1302 582 1328 καὶ
599 1303 720 1338 ἀμείνων
734 1293 907 1342 ἁσυγκρίτως

115 1339 167 1374 τῆς
185 1341 255 1368 κατά
271 1343 317 1369 τὸν
334 1343 427 1379 νόμον,
456 1346 504 1373 καὶ
532 1348 599 1375 πολὺ
624 1349 684 1377 λίαν
709 1339 906 1388 ὑπερκείμενος

115 1386 225 1436 τωνλὼς
243 1388 272 1415 ἐν
294 1388 372 1425 τύπῳ
389 1392 437 1418 καὶ
462 1394 525 1428 σκιᾷ
549 1394 608 1430 (καὶ
629 1396 684 1432 γάρ
703 1386 777 1425 ἐστιν
794 1386 905 1436 αὐτὸςή

116 1430 230 1466 ἀλήθεια
247 1434 294 1460 καὶ
312 1434 342 1461 τὸ
356 1435 472 1471 ἄμωμον
490 1438 611 1473 ἱερεῖον),
632 1430 793 1470 ἐνδοιάσειεν
808 1444 842 1471 ἂν
858 1430 905 1472 οὑξ

115 1475 182 1524 δείς.
208 1478 348 1515 Ἐπιτήρει
373 1481 418 1514 δὲ,
449 1483 524 1516 ὅπως
544 1494 552 1510 ι
585 1485 614 1512 '0
637 1486 802 1521 ἀξιάγαστος
826 1490 905 1524 ἡμῶν

116 1522 273 1570 ἀρχιερεὺς,
290 1524 319 1557 ὃς
338 1526 465 1555 ἐκάθισεν
479 1530 508 1555 ὲν
524 1529 600 1566 δεξιᾷ
613 1531 660 1558 τοῦ
681 1532 778 1568 θρόνου
791 1522 841 1570 τῆς

117 1569 276 1617 γαλωσύνης
292 1572 322 1599 ὲν
339 1574 395 1605 τοῖς
414 1574 549 1610 οὐρανοῖς,
569 1577 614 1604 διὰ
636 1579 682 1605 τοῦ
703 1580 770 1607 ίδίου
790 1569 905 1617 αἵματος

117 1614 241 1665 είσῆλθεν
258 1618 366 1665 ἐφάπαξ
383 1621 430 1665 εἰς
451 1621 486 1649 τὰ
500 1621 577 1657 ἅγια,
599 1624 734 1660 λύτρωσιν
750 1614 905 1665 εῠράίμενοξ

117 1661 238 1709 αἰωνίαν.
260 1673 270 1689 ι
288 1664 352 1709 liti};
365 1663 411 1693 οὖν
427 1668 441 1693 ὁ
456 1669 485 1694 ἐν
499 1668 574 1705 δεξιᾷ
589 1671 635 1698 τοῦ
648 1672 756 1708 Ποιτρὸς
775 1661 813 1706 ως
826 1661 903 1709 655;,

118 1707 181 1758 ιῗδιον
197 1708 269 1744 ἔχειν
285 1708 355 1746 αἷμα
372 1712 470 1747 λέγοιτ’
497 1715 541 1748 ἂν,
559 1717 583 1743 εἰ
608 1718 646 1754 μὴ
668 1707 903 1758 πεπιστεύκαμεν,

117 1753 158 1803 ὅτι
171 1755 230 1803 δὲέκ
244 1756 312 1784 Θεοῦ
328 1759 435 1795 Πατρὸς
450 1762 521 1790 κατὰ
541 1763 622 1797 φύσιν
636 1753 698 1798 Υἱὸς
714 1753 904 1803 κεχρημάτικε

179 1801 242 1833 Υἱὸς
253 1803 409 1839 ἀνθρώπου,
426 1807 474 1834 καὶ
488 1808 519 1835 τὸ
536 1809 600 1836 ἴδιον
620 1808 689 1846 αἷμα
709 1801 904 1848 τῆς-ἁπάντων

117 1846 382 1898 ζωῆςιὰντάλλαγμα
404 1852 476 1886 δοὺς,
499 1854 602 1891 ταύτην
623 1846 785 1895 εὕρατο-τῷ
807 1861 903 1898 κόσμῳ

116 1893 216 1941 τὴν-εἱς
239 1895 326 1923 αἰῶνα
341 1897 490 1934 λύτρωσιν;
514 1901 550 1927 Οὐ
565 1902 620 1938 γάρ
640 1912 691 1931 που
708 1893 776 1941 (patri
791 1915 833 1939 τις
856 1893 900 1941 ἀν’,

116 1939 152 1972 ὡς
167 1937 199 1976 ἦν
213 1941 360 1970 ἀκόλουθόν
381 1953 410 1971 τε
425 1946 473 1972 καὶ
490 1947 607 1983 πρέπον,
634 1951 760 1988 καθάπερ
782 1953 812 1980 ἐν
826 1955 901 1989 τάξει

116 1986 169 2037 τῶν
179 1987 285 2037 άλόγων
297 1989 375 2022 ζώων
389 1992 540 2026 σφάζεσθαι
556 1996 716 2031 πλειστάκις
731 1986 776 2026 τδν
796 1986 900 2037 Ἐμμα-

116 2032 214 2082 venit},
228 2034 404 2082 άποχρῶντος
428 2040 468 2071 είς
494 2040 629 2077 λύτρωσιν
654 2043 705 2079 τῆς
728 2045 774 2072 ὑπ’
786 2032 900 2082 οὐρανὸν

116 2079 161 2106 τοῦ
176 2080 221 2107 καὶ
233 2081 307 2115 ἅπαξ
317 2084 413 2129 παθεῖν
423 2085 516 2114 αὐτόν.
529 2088 560 2114 Εἰ
572 2088 611 2121 δὲ,
628 2090 699 2117 καθὰ
710 2079 899 2129 πεφρονῆκασί

116 2134 194 2174 τινες,
211 2127 354 2174 ἄνδρωπος
375 2128 410 2166 ἦν
433 2131 536 2166 ἰδικῶς,
551 2135 655 2171 ἰσότητι
670 2138 720 2172 μὲν
742 2127 793 2174 τῆς
809 2127 897 2174 ἀξίας,

217 2173 371 2220 ανύθεντίας,
401 2180 577 2214 συνημμένος
594 2171 853 2220 Θεῷξδιῃρημένός
869 2171 898 2214 δὲ

539 134 585 162 AD
607 135 757 166 REGINAS
777 139 820 166 DE
841 139 954 169 RECTA
975 141 1053 169 FIDE
1074 143 1204 173 ORATIO
1223 145 1373 174 ALTERA.

858 1544 940 1589 με’(ι

1694 149 1763 177 I398

935 203 1102 238 Aobtinent,
1128 211 1210 241 atque
1241 207 1310 235 adeo
1331 208 1381 242 ipsi
1402 207 1474 235 Patri
1498 208 1609 236 dextera
1633 208 1760 236 assident.

973 248 1001 277 Si
1028 251 1101 278 enim
1125 259 1218 278 verum
1249 257 1291 280 est
1316 260 1424 280 omnem
1449 254 1559 281 omnino
1593 254 1760 281 sacerdotem

971 299 1054 328 stare,
1077 301 1106 322 ut
1127 297 1292 324 sacriﬁcium
1311 297 1445 331 oﬂ'erat’;
1468 306 1554 333 neque
1580 299 1700 327 assidere
1715 305 1762 326 aut

970 341 1045 376 paris
1059 350 1176 377 unquam
1193 343 1284 378 gloriae
1298 352 1358 371 cum
1377 345 1441 377 beo,
1457 345 1498 372 cui
1514 345 1659 378 sacriﬁcat,
1681 345 1761 372 intel-

970 388 1015 423 ligi
1038 393 1123 422 potest
1137 398 1144 416 :
1161 397 1216 424 quo
1240 395 1319 424 pacto
1333 390 1458 418 Christus
1475 398 1545 417 novo
1571 392 1649 418 modo
1665 399 1759 418 sacer-

970 433 1044 461 dotio
1066 442 1118 461 non
1146 435 1274 470 fungitur,
1295 436 1340 470 qui
1363 436 1398 463 ita
1414 442 1443 463 ut
1464 437 1546 464 homo
1560 437 1706 469 ministrat,
1731 442 1761 463 ut

970 485 1060 507 tamen
1076 481 1102 508 in
1126 481 1278 510 divinitatis
1294 483 1368 510 soliis
1388 483 1550 511 consideat?
1567 483 1643 516 Quod
1658 484 1679 512 si
1697 484 1758 519 quis

969 529 1109 562 improbus
1129 528 1259 556 adversus
1277 530 1418 556 veritatem
1437 529 1602 566 sycophanta
1622 531 1758 558 hominem

968 575 1116 602 sccundmn
1142 575 1228 602 solam
1249 576 1388 611 dignitatis
1404 577 1587 611 aequalitatem
1612 577 1666 604 Deo
1690 585 1758 605 ron-

966 618 1101 653 junctunt,
1119 620 1152 647 ad
1168 620 1257 648 Patris
1278 622 1415 649 dexteram
1432 622 1574 649 considere
1596 623 1755 655 contendat,

968 666 991 692 is
1006 673 1071 693 sane
1088 672 1203 698 asseret.
1223 676 1276 694 non
1301 668 1416 701 amplius
1436 669 1519 695 solius
1539 674 1640 695 sancta:
1663 668 1756 696 Trini-

970 712 1032 737 tatis
1042 719 1104 739 esse
1115 720 1269 746 supremum
1282 713 1366 743 illum.
1376 719 1457 748 atque
1470 714 1519 748 ipsi
1529 713 1578 741 soli
1591 716 1757 742 convenien-

969 762 1021 784 tem
1034 757 1114 793 166
1131 759 1269 786 thronum.
1281 759 1333 786 Sed
1345 760 1400 794 jam
1417 766 1530 795 quartus
1543 761 1655 795 quidam
1665 761 1756 794 nobis,

968 810 1062 831 recens
1076 810 1103 831 et
1119 803 1204 832 factus
1222 804 1402 833 introducitur
1427 806 1506 839 Deus,
1523 811 1621 841 praeter
1637 807 1756 835 consub-

968 849 1122 877 stantialem
1134 854 1162 877 et
1175 855 1299 878 sanctam
1313 850 1485 880 Trinitatem.

930 878 950 906 Β
1002 895 1082 922 XLV.
1108 904 1117 921 ι
1134 895 1258 924 Christus
1276 901 1365 924 autem
1393 878 1524 925 assistens
1548 898 1666 933 pontifex
1684 903 1756 926 tutu-

967 949 1058 969 rorum
1075 942 1206 969 bonorum
1219 962 1226 976 ,
1255 950 1302 977 per
1316 943 1432 978 amplius
1449 949 1476 971 et
1505 944 1652 978 perfectius
1669 946 1756 973 taber-

967 987 1091 1014 naculum
1111 995 1163 1015 non
1180 988 1362 1016 manufactum
1374 1009 1382 1022 ,
1401 989 1426 1017 id
1441 994 1499 1022 est,
1517 998 1570 1017 non
1586 991 1664 1026 hujus
1677 999 1755 1019 crea-

966 1033 1068 1067 tionis;
1087 1042 1174 1069 neque
1191 1042 1238 1068 per
1264 1035 1424 1069 sanguinem
1454 1035 1591 1063 hircorum
1611 1041 1638 1064 et
1658 1037 1755 1065 vitulo-

966 1087 1024 1106 rum
1037 1100 1045 1113 ,
1060 1080 1107 1107 sed
1124 1087 1172 1115 per
1187 1081 1326 1115 proprium
1345 1080 1503 1116 sanguinem
1527 1081 1651 1110 introivit
1669 1083 1755 1111 semel

965 1127 991 1154 in
1025 1131 1141 1158 sancta,
1157 1131 1257 1154 aeterna
1288 1127 1474 1162 redemptione
1499 1127 1607 1156 inventa
1618 1129 1640 1156 ⁸.
1658 1138 1668 1155 ι
1695 1129 1754 1163 Qua

963 1173 1068 1200 ratione
1093 1172 1222 1200 Dominus
1245 1178 1337 1201 noster
1361 1173 1441 1202 Jesus
1455 1174 1580 1203 Christus
1595 1182 1643 1210 per
1667 1175 1754 1211 majus

962 1224 989 1246 et
1012 1217 1160 1254 perfectius
1198 1218 1400 1247 tabernaculum
1437 1220 1598 1254 ingressus,
1631 1221 1753 1256 pontifex

962 1269 1054 1291 noster
1065 1264 1197 1291 exstiterit
1209 1284 1217 1297 ,
1232 1265 1312 1292 verba
1329 1264 1408 1292 modo
1420 1265 1531 1292 recitata
1548 1265 1658 1300 planum
1673 1266 1751 1294 nobis

962 1310 1074 1337 faciunt.
1098 1309 1173 1342 Quod
1203 1314 1294 1337 autem
1321 1310 1466 1337 sacerdotii
1493 1310 1565 1338 illius
1580 1311 1647 1339 ritus
1669 1311 1751 1347 legali

961 1356 1114 1383 sacerdotio
1129 1355 1239 1383 omnino
1256 1356 1427 1390 praestiterit,
1444 1355 1644 1392 plurimumque
1659 1365 1690 1386 ea
1701 1365 1750 1386 ex-

961 1400 1084 1427 celluerit
1108 1407 1169 1434 quae
1192 1404 1294 1428 tantum
1322 1401 1348 1427 in
1365 1400 1461 1428 umbra
1485 1405 1512 1429 et
1541 1402 1626 1437 tigura
1640 1403 1750 1431 contin-

960 1445 1059 1480 gcbnnt
1080 1445 1157 1480 (ipse
1174 1445 1246 1473 enim
1275 1453 1323 1480 per
1348 1453 1378 1474 se
1396 1453 1461 1474 vera
1486 1447 1533 1474 illa
1559 1452 1585 1476 et
1610 1448 1750 1483 impolluta

960 1492 1048 1520 hostia
1061 1492 1201 1526 exStitit),
1217 1499 1297 1519 nemo
1311 1512 1318 1525 ,
1342 1494 1457 1528 opinor,
1474 1493 1579 1522 inficias
1595 1494 1682 1522 iverit.
1697 1495 1750 1524 0b-

958 1545 1035 1565 scrva
1052 1537 1096 1565 hic
1116 1543 1206 1565 autem
1233 1538 1394 1572 praclarum
1421 1538 1495 1566 illum
1514 1544 1540 1566 et
1559 1539 1746 1568 admirabilem

960 1593 969 1611 ι
992 1583 1151 1612 Pontificem
1175 1590 1320 1617 nostrum,
1338 1585 1383 1618 qui
1398 1584 1425 1612 in
1450 1585 1561 1613 dextera
1587 1586 1676 1613 throni
1692 1595 1749 1613 ma-

952 1630 1060 1665 jestatis
1076 1631 1122 1657 Dei
1136 1632 1211 1658 sedet
1229 1630 1257 1657 in
1278 1631 1446 1664 coelestibus,
1467 1639 1517 1666 per
1531 1632 1668 1667 proprium
1683 1640 1748 1660 san-

954 1677 1063 1712 guinem
1088 1677 1171 1704 semel
1199 1681 1304 1704 tantum
1330 1677 1356 1704 in
1374 1683 1468 1705 sancta
1492 1678 1619 1706 introisse
1635 1698 1642 1711 ,
1668 1683 1748 1706 teter-

954 1730 1073 1758 namque
1097 1723 1309 1758 redemptionem
1327 1723 1472 1750 invenisse.
1491 1733 1500 1748 ι
1522 1725 1702 1758 Atqnomodo
1713 1724 1745 1756 is,

954 1768 998 1801 qui
1018 1772 1047 1795 ut
1076 1767 1146 1795 Deus
1169 1767 1225 1795 Deo
1247 1768 1321 1795 Patri
1336 1768 1363 1795 in
1396 1768 1506 1796 dextera
1536 1769 1657 1802 assidet,
1684 1777 1748 1804 pro-

953 1814 1041 1848 priqu
1056 1814 1216 1852 sanguinem
1241 1814 1340 1842 habere
1357 1819 1431 1842 recte
1454 1815 1505 1842 dici
1533 1821 1639 1850 potest,
1656 1816 1678 1844 si
1701 1824 1747 1843 na-

953 1859 1067 1887 turalem
1095 1859 1143 1887 Dei
1161 1859 1270 1892 Filium,
1287 1860 1405 1888 hominis
1430 1868 1539 1896 quoque
1560 1860 1646 1888 filium
1660 1862 1745 1889 exsti-

954 1906 1018 1933 tisse
1033 1927 1042 1939 ,
1066 1905 1261 1941 propriumque
1281 1906 1439 1941 sanguinem
1461 1907 1577 1942 pretium
1592 1914 1640 1942 pro
1654 1908 1746 1935 onmi-

951 1950 1001 1978 bus
1018 1951 1200 1985 impendisse,
1223 1955 1251 1978 et
1279 1955 1409 1978 aeternam
1438 1952 1488 1979 hac
1519 1952 1623 1980 ratione
1644 1953 1745 1981 mundo

951 1997 1065 2025 salutem
1084 1998 1233 2032 reperisse,
1258 2003 1334 2026 certo
1349 2005 1510 2034 persuasum
1537 2007 1590 2026 non
1609 1999 1744 2027 habueri—

951 2043 1030 2074 mus?
1058 2043 1152 2078 Neque
1175 2044 1247 2071 enim
1269 2044 1368 2072 dixerit
1390 2045 1523 2081 quispiam
1563 2046 1686 2074 decuisse
1714 2050 1744 2073 ut

950 2089 1120 2123 Emmanuel,
1140 2094 1268 2126 tauquam
1302 2098 1384 2126 pecus
1418 2092 1542 2127 aliquod.
1559 2093 1659 2127 saepius
1685 2100 1743 2120 ma-

950 2141 1091 2169 ctaretut‘;
1109 2136 1208 2172 quippe
1225 2144 1287 2164 cum
1307 2138 1341 2165 ad
1357 2142 1441 2165 totum
1458 2138 1552 2165 orbem
1571 2138 1741 2166 liberandqu

949 2181 991 2209 vel
1007 2182 1092 2209 semel
1110 2182 1198 2218 ipsum
1218 2188 1333 2211 mortem
1361 2183 1478 2212 subiisse
1497 2183 1604 2212 abunde
1619 2188 1663 2212 sat
1676 2184 1739 2212 fue-

116 2218 172 2245 καθ’
188 2219 346 2254 ὑπόστασιν,
361 2223 408 2249 καὶ
422 2224 475 2251 ἀνά
497 2226 581 2261 μέρος
594 2225 664 2254 εἴναι.
683 2218 855 2267 πιστευόμενι

1025 2228 1102 2262 Quod
1130 2229 1174 2263 si,
1200 2233 1230 2257 ut
1257 2230 1377 2258 nonnulli
1413 2231 1552 2264 sentiunt,
1573 2239 1657 2266 purus
1692 2239 1740 2266 per

115 2263 162 2290 οὐκ
175 2261 207 2300 ἦν
227 2265 293 2292 ἴδιον
308 2263 378 2302 αἷμα
401 2268 449 2295 τοῦ
472 2271 678 2306 συνεδρεύοντος
695 2274 734 2310 τῷ
758 2261 847 2313 Παῖτρὶ
867 2277 897 2304 τὸ

114 2310 153 2341 εἰς
165 2309 298 2358 λύτρωσιν
314 2313 362 2340 τοῦ
379 2314 484 2351 κόσμου
505 2317 592 2352 δοθὲν,
609 2319 666 2346 ἀλλ’
681 2321 776 2356 ἑτέρου
795 2309 895 2358 μδιλλον

116 2356 237 2402 σχετικὴν
249 2356 358 2392 ἔχοντος
370 2359 438 2395 πρὸς
450 2361 531 2389 αὐτὸν
545 2363 595 2398 τὴν
617 2364 775 2400 συνάφειαν.
791 2356 895 2402 ’Ὥσπερ

114 2400 169 2448 γὰρ.
181 2401 311 2448 τινὲς
326 2404 455 2441 ἄρχοντες
476 2409 509 2444 τῇ
527 2408 583 2436 τῶν
603 2409 767 2446 ἀξιωμάτων
792 2400 895 2448 ἰσότητι

114 2446 170 2472 κατ’
180 2446 253 2474 οὐδὲν
264 2448 386 2485 ἀλλήλων
394 2451 579 2486 διενεγκόντες
596 2454 674 2488 ὅλως,
685 2457 732 2492 οὐχ
746 2454 787 2489 εἷς
803 2446 895 2485 νοοῦ-ν-

113 2499 153 2518 ται
167 2493 175 2514 ῐ
191 2493 380 2528 μᾶλλον,ἁλλὰ
387 2496 434 2524 δύο
448 2499 519 2526 κατὰ
529 2499 559 2526 τὺ
573 2500 683 2536 ἀληθές⁸
699 2502 770 2529 οὕτω
785 2504 815 2530 τὸ
830 2513 894 2531 συν-

117 2538 229 2573 ημμένον
247 2540 301 2567 τινὶ
323 2543 392 2569 κατὰ
408 2542 458 2579 τὴν
472 2544 560 2579 ἀξίαν,
582 2546 754 2583 διῃρημένων
768 2549 822 2575 τῶν
844 2549 894 2584 φύ-

116 2591 188 2613 σεων.
206 2584 290 2620 ἦγουν
305 2586 491 2624 ὑποστάσεων,
507 2591 556 2626 οὐχ
568 2588 608 2623 εἷς
622 2590 677 2619 εἷεν
691 2593 734 2627 ἂν,
750 2594 818 2621 ἀλλὰ
828 2594 874 2621 δύο
886 2605 891 2610 ·

115 2629 157 2655 καὶ
171 2629 199 2656 τὸ
212 2630 271 2664 ἑνὸς
291 2631 361 2668 αἷμα
385 2634 466 2670 τυχὸν
485 2637 567 2664 αὑτοῦ
581 2638 614 2674 δὴ
635 2639 744 2672 πάντως
759 2641 826 2675 ἐστὶ,
849 2643 894 2669 καὶ

146 2706 156 2722 ⁷
171 2707 249 2736 Hebr.
268 2711 363 2743 vnt,3.
405 2714 414 2727 "
429 2713 509 2742 Hebr.
530 2724 566 2750 ix,
587 2717 624 2749 ll,
645 2718 685 2744 i2.

951 2282 981 2302 se
999 2279 1102 2303 tantum
1122 2275 1202 2303 homo
1217 2281 1298 2309 erat,
1324 2277 1378 2304 Deo
1404 2277 1513 2312 quidem
1536 2277 1685 2304 secundum
1700 2278 1742 2305 di-

951 2320 1060 2354 gnitatis
1088 2320 1130 2348 vel
1155 2322 1324 2349 auctoritatis
1351 2322 1530 2357 aequalitatem
1559 2322 1739 2357 coniunctus,

947 2367 1097 2394 secundum
1123 2368 1289 2404 hypostasim
1307 2375 1371 2396 vero
1399 2368 1433 2396 ab
1453 2369 1547 2396 eodem
1584 2369 1739 2402 seiunctus,

948 2418 976 2441 ct
1005 2421 1127 2442 seorsum
1157 2421 1205 2449 per
1236 2421 1266 2442 se
1292 2415 1419 2450 positus;
1446 2414 1565 2450 profecto
1602 2415 1713 2450 sanguis
1729 2435 1738 2447 .

947 2460 993 2495 qui
1022 2461 1050 2488 in
1075 2460 1168 2488 mundi
1182 2461 1395 2496 redemptionem
1420 2460 1521 2490 etl'usus
1544 2466 1596 2495 est,
1613 2469 1666 2489 non
1679 2467 1739 2488 erat

947 2505 1018 2533 illius
1040 2506 1088 2540 qui
1111 2506 1144 2533 ad
1158 2506 1297 2534 dexteram
1316 2506 1364 2534 Dei
1380 2505 1468 2535 Patris
1488 2507 1581 2540 sedet,
1605 2507 1653 2535 sed
1672 2506 1739 2535 alte-

948 2551 1005 2579 rius
1038 2551 1210 2587 cujuspiam,
1234 2552 1281 2587 qui
1311 2551 1451 2580 relativam
1480 2551 1570 2587 potius
1598 2559 1659 2580 cum
1679 2551 1738 2586 ipso

949 2597 1031 2625 habet
1055 2597 1283 2633 coniunctionem.
1316 2598 1546 2632 Quemadmodum
1575 2597 1647 2626 enim
1683 2597 1744 2626 duo

948 2643 1084 2679 principes
1103 2644 1197 2672 eadem
1224 2645 1385 2673 auctoritatc
1409 2645 1518 2673 omnino
1547 2645 1649 2680 praediti
1663 2664 1670 2677 ,
1683 2652 1743 2675 neut

644 2796 729 2825 Varus
745 2798 873 2827 lectiones
889 2799 989 2828 codicis
1004 2800 1182 2835 chuicriaui.

153 2855 201 2883 ίέν
217 2859 326 2886 νοεῖται.
