1872 3057
135 112 202 139 1401

131 171 228 202 αὐτοῖς
242 169 348 201 δοκοῦν,
366 169 432 204 φέρε
449 168 583 203 λέγωμεν,
600 169 661 195 τίνα
675 169 706 204 δὴ
721 169 821 204 τρόπον
832 170 845 195 ὁ
858 170 923 202 θεὸς
937 174 958 201 Λ
975 177 1101 205 oportet,

131 219 182 243 καὶ
202 215 298 251 Πατὴρ
310 215 374 250 δόξῃ
385 215 494 249 λέγεται
513 215 662 249 στεςςανοῦν
672 215 717 241 τὸν
730 216 803 243 Υἰόν.
816 216 920 242 Οὐκοῦν

129 262 219 293 αὑτός
249 261 300 288 πού
328 269 411 296 φησιν
438 262 452 288 ὁ
481 262 616 296 μακάριος
645 262 750 294 Παῦλος
775 263 839 298 περὶ
867 263 921 289 τῶν

128 308 272 343 ἀρχόντων
284 307 331 334 τοῦ
349 307 448 339 αἰῶνος
459 309 555 334 τούτου
566 316 573 325 ·
591 318 599 333 ι
617 309 648 334 Et
663 309 716 343 γὰρ
727 308 858 343 ἔγνωσαν,
870 309 920 336 οὐκ

129 354 166 380 ἂν
191 353 237 379 τὸν
259 352 361 388 Κύριον
383 353 432 388 τῆς
448 353 526 388 δόξης
547 354 733 386 ἐσταύρωσαν.
755 364 764 381 ι
784 353 859 382 Οἶδεν
873 354 919 382 οὖν

127 399 186 434 ἄρα
203 399 249 425 καὶ
264 399 366 435 Κύριον
383 399 447 426 ὄντα
463 400 513 435 τῆς
527 400 607 436 δόξης
629 401 674 427 τὸν
695 401 918 437 ἐσταυρωμένον·

128 445 189 476 πῶς
205 443 253 472 οὖν
269 445 376 480 δέχεται
391 445 470 478 δόξαν
490 446 567 482 παρὰ
580 446 626 473 τοῦ
640 447 746 483 Πατρὸς
756 448 770 473 ὁ
781 448 831 482 τῆς
841 449 920 484 δόξης

128 491 249 525 Κύριος
269 493 305 518 ’Ἡ
321 492 410 527 δῆλον,
425 493 466 519 ὅτι
481 493 626 527 πεποίηται
643 493 724 519 πάλιν
739 494 918 528 οἰκονομικῶς

125 538 142 563 ὁ
152 537 230 571 λόγος
245 538 334 573 αὑτῷς
351 538 463 573 Δέχεται
483 538 532 573 μὲν
544 538 597 574 γὰρ
614 538 801 574 ἀνθρωπίνως,
816 539 873 566 ἔστι
888 539 916 566 δὲ

125 583 176 609 καὶ
198 583 270 610 οὕτω
288 584 337 619 τῆς
357 584 436 619 δόξης
453 584 556 620 Κύριος
576 584 684 616 θεῐκῶς.
701 585 755 612 Καὶ
776 586 790 611 ὁ
804 586 852 621 μὲν
868 587 917 621 τῆς

126 628 205 661 Θείας
223 629 306 657 αὐτοῦ
326 630 433 664 φύσεως
457 630 571 662 πλοῦτος
592 631 678 666 ὁρῷτο
696 631 730 658 ἂν
748 631 816 666 πρὸς
840 632 918 666 ἡμῶν

125 674 227 706 ἐντοῖς
247 675 318 711 ὑπὲρ
342 675 431 702 κτίσιν
461 675 698 710 πλεονεκτήμασι·
724 675 776 710 τῆς
803 677 831 703 δὲ
855 676 916 703 καθ’

125 721 201 754 ἡμᾶς
219 721 355 756 πτωχείας
371 722 401 748 τὸ
424 721 524 757 μέτρον
541 723 570 748 ἐν
590 722 629 757 τῷ
655 723 783 757 λέγεσθαι
805 722 914 749 λαϐεῖν·

129 777 139 792 ε
159 767 213 793 Καὶ
227 768 250 793 εἰ
265 767 391 798 πλούσιος
410 767 459 799 ὢν,
474 767 593 803 δι’ήμᾶ;
614 769 794 804 ἐπτώχευσεν.
814 778 823 793 ι
847 768 915 795 Ἀλλ’

123 809 174 838 οὖν
195 813 312 846 ἀγαθαῖς
335 812 449 844 ἐννοίαις
469 813 537 848 πρὸς
563 813 697 848 ὀρθότητα
725 813 913 848 διοικούμενοι,

545 110 589 137 AD
610 110 758 139 REGISAS
779 110 821 138 DE
841 111 955 139 liECTA
975 111 1052 140 FIDE
1073 95 1203 141 ORATIO
1222 111 1362 139 ALTERA

1692 109 1762 139 1503

1140 180 1228 206 tthne
1252 172 1285 198 ab
1305 179 1397 198 carum
1423 171 1537 198 decretis
1563 170 1604 197 vel
1622 170 1761 197 inininioni

973 218 1111 244 discedere
1129 218 1206 244 nobis
1234 217 1312 249 licet;
1338 217 1450 251 agedum
1487 216 1598 251 paucis,
1627 217 1762 250 quomodo

973 261 1044 288 Deus
1066 260 1146 288 Pater
1167 261 1264 288 Filium
1287 269 1363 287 suiini
1385 260 1468 295 gloria
1492 268 1635 287 coronasse
1645 260 1760 292 dicatur,

972 306 1080 341 planum
1107 307 1247 334 faciamus.
1278 305 1376 332 Beatus
1397 305 1494 334 Paulus
1517 307 1550 332 de
1574 305 1662 333 saeculi
1683 305 1761 339 hujus

972 353 1140 387 principibus
1166 353 1281 387 quodam
1304 353 1328 378 in
1348 353 1406 379 loco
1428 353 1464 379 ita
1481 351 1574 379 scribit
1592 361 1598 379 :
1615 361 1625 377 ε
1646 351 1673 379 Si
1688 353 1759 377 enim

971 399 1177 433 cognovissent,
1209 406 1346 432 nunquam
1373 397 1516 425 Dominum
1544 398 1637 432 gloria:
1669 397 1760 425 cruci-

973 444 1160 472 ﬁxisscnt“.i
1191 443 1273 471 Norat
1299 444 1408 478 itaque,
1433 452 1494 471 cum
1522 445 1566 478 qui
1591 444 1679 471 crucis
1694 451 1759 478 sup-

971 491 1077 526 plicium
1112 491 1252 522 subierat,
1287 491 1378 524 gloriie
1420 490 1564 517 Doniinnm
1591 497 1661 518 esse.
1699 489 1758 516 Jain

969 537 1103 570 quomodo
1122 537 1251 564 Dominus
1263 537 1355 572 gloriai
1374 537 1485 572 gloriam
1505 545 1517 563 a
1534 537 1613 564 Patre
1639 536 1759 570 accipit?

970 583 1053 616 "tljtls
1078 583 1238 618 qumstionis
1261 584 1360 610 nodum
1384 583 1596 615 dispensationis
1621 584 1690 610 ratio
1701 584 1758 610 dis—

968 629 1058 656 solvit.
1093 628 1200 662 Accipit
1242 629 1313 655 enim
1349 628 1461 663 gloriam
1502 629 1648 661 iitlionic;
1670 628 1758 664 pergit

968 680 1058 702 autem
1082 675 1173 710 gloria:
1201 675 1327 701 Dominus
1349 682 1410 701 esse
1429 679 1459 700 ut
1480 674 1561 701 Deus.
1588 674 1620 700 Et
1646 674 1754 708 quidem

967 719 1064 747 divinae
1087 719 1157 746 illius
1188 724 1289 746 natura:
1314 726 1379 754 opes
1405 727 1438 746 ex
1465 719 1498 745 iis
1529 719 1713 753 przerogativis
1739 726 1754 745 a

967 766 1044 793 nobis
1061 766 1318 799 deprehenduntur,
1352 773 1412 800 quze
1438 770 1570 792 creatura:
1599 765 1754 792 facultatem

966 816 1146 847 exsuperant;
1170 817 1199 838 at
1218 818 1282 838 vero
1303 812 1427 838 humana:
1451 812 1580 846 egestatis
1594 812 1711 838 conditio
1721 819 1754 838 ex

124 858 173 883 καὶ
198 858 232 884 τὰ
249 857 341 884 εἰκότα
360 860 468 893 φρονεῖν
484 859 528 885 ἐπ’
543 859 617 894 αὐτῷ
639 858 845 891 σπουδάζοντες,
864 859 909 885 οὐκ

985 866 996 884 ο
1015 859 1092 886 nobis
1110 859 1139 885 lit
1157 859 1262 892 palam,
1287 858 1358 892 quod
1391 859 1514 892 quaedam
1539 858 1677 891 accepisse
1691 866 1754 891 pcr-

121 903 294 939 ἀγνοήσομεν
309 905 388 940 ἡμεῖς
409 905 456 931 τὸν
472 905 519 932 καὶ
529 906 558 931 ὲν
571 907 604 941 τῇ
625 906 686 932 καθ’
705 906 778 941 ἡμᾶς
793 905 914 941 πτωχεία

121 949 252 976 πλούσιον
269 948 307 981 ὼς
320 950 397 976 Θεόν.

968 905 1113 932 liibeator:
1136 915 1145 930 ι
1164 904 1230 931 Cum
1256 905 1328 931 enim
1348 904 1423 931 dives
1441 909 1513 931 esset
1532 923 1540 935 ,
1572 909 1680 938 propter
1705 911 1755 931 nos

965 950 1055 977 factus
1079 954 1121 977 est
1143 958 1244 983 egenus
1264 949 1294 978 ‘5.
1311 959 1321 975 ι
1348 949 1460 976 Nostras
1479 950 1590 984 proinde
1615 951 1755 985 cogitatio-

120 1002 172 1022 nes
195 996 227 1023 ad
254 1000 334 1023 recta:
354 996 414 1023 lldei
431 1003 552 1023 normam
589 996 782 1028 instituentes,
797 1000 824 1023 et
848 1002 908 1030 qua:
944 1003 994 1030 par
1023 1000 1065 1022 cst
1091 996 1123 1022 de
1151 995 1210 1029 ipso
1233 995 1335 1022 sentire
1359 1001 1532 1029 satagcntt's,
1566 996 1602 1022 ita
1627 997 1700 1022 illum
1726 997 1752 1023 in

121 1048 243 1069 nostrain
266 1048 452 1077 paupertatem
468 1050 497 1070 se
521 1043 663 1070 demisisse
691 1048 858 1075 statuemus,
877 1046 908 1070 ut
927 1046 1018 1069 tamen
1057 1045 1186 1076 tanquam
1214 1041 1297 1068 Deum
1319 1049 1456 1075 nunquam
1491 1042 1601 1069 divitem
1620 1050 1680 1069 esse
1706 1046 1753 1070 de-

119 1088 199 1115 siisse
227 1094 303 1116 certo
319 1088 399 1116 nobis
422 1090 645 1123 persuadeamus.

155 1136 225 1162 MH’.
243 1145 252 1161 ι
275 1135 303 1162 ’0
321 1136 417 1171 Πατὴρ
432 1136 526 1172 ἀγαπᾷ
542 1137 587 1163 τὸν
601 1137 676 1169 Υἱὸν,
695 1137 741 1164 καὶ
756 1138 845 1164 πάντα
863 1136 908 1163 δέει

117 1182 206 1208 δωκεν
223 1183 252 1208 ὲν
266 1183 298 1217 τῇ
316 1182 388 1217 χειρὶ
401 1182 495 1209 αὐτοῦ.
513 1192 522 1208 ι
538 1183 650 1218 Δέχεται
661 1182 742 1210 πάλιν
757 1183 794 1214 ὡς
804 1181 908 1218 ἄνθρω-

117 1235 170 1259 πος
185 1228 199 1254 ὁ
216 1228 277 1260 Υἱός
288 1235 295 1242 θ
313 1227 383 1263 πλὴν
413 1228 463 1254 οὐκ
485 1228 537 1261 ἔξω
553 1229 635 1255 πάλιν
653 1228 758 1263 τίθησιν
783 1228 878 1255 ἑαυτὸν
893 1229 907 1255 ὁ

116 1273 214 1308 Πατὴρ
228 1273 274 1299 τοῦ
291 1273 379 1300 πάντα
392 1273 464 1308 ἔχειν
479 1274 525 1307 ὑφ’
540 1274 628 1308 ἑαυτῷ
638 1283 644 1289 ·
665 1274 752 1306 διδοὺς
768 1275 820 1310 γὰρ
835 1273 906 1301 αὐτὰ

115 1318 156 1353 τῷ
175 1319 242 1354 Υἰῷ.
262 1320 310 1346 σὺν
332 1319 406 1354 αὐτῷ
433 1321 566 1356 κατάρχει
591 1319 645 1346 τῶν
668 1320 750 1350 ὂλων,
775 1321 831 1351 τοῖς
856 1320 907 1354 τῆς

116 1365 243 1399 θεότητος
266 1365 419 1400 σκήπτροις
443 1365 588 1401 ὑποφέρων
605 1365 639 1392 δι’
657 1365 739 1392 αὐτοῦ
760 1374 790 1392 τε
815 1366 862 1392 καὶ
877 1366 906 1392 ὲν

115 1411 192 1446 αὐτῷ
217 1411 248 1437 τὸ
272 1412 319 1438 ἐπὶ
343 1412 393 1446 τῆς
414 1412 466 1446 γῆς
492 1411 587 1445 γένος.
615 1412 703 1438 καίτοι
738 1412 907 1444 διανενευκὸς

116 1457 252 1492 ἀχαλίνως
267 1458 308 1489 εἰς
330 1457 491 1484 ἀπόστασιν.
514 1458 556 1490 Ὧς
572 1458 626 1493 γὰρ
645 1459 725 1490 αὑτός
749 1458 800 1484 πού
824 1467 906 1492 φησιν

115 1505 129 1531 ὁ
147 1503 302 1538 σοφώτατος
318 1504 438 1537 Παῦλος,
457 1514 466 1530 ι
481 1505 547 1536 Θεὸς
566 1503 599 1540 ἦν
620 1506 649 1531 ὲν
668 1505 787 1540 Χριστῷ,
802 1506 903 1540 κόσμον

116 1550 312 1577 καταλλάσσων
326 1551 425 1586 ἑαυτῷ.
445 1560 454 1576 ι
470 1551 526 1577 Καὶ
541 1551 571 1577 οὐ
586 1551 616 1586 δή
638 1551 689 1578 πού
706 1560 806 1586 φαμεν.
824 1551 861 1583 ὡς
875 1553 904 1578 ἐν

114 1595 252 1630 ἀνθρώπῳ
263 1596 434 1631 κατοικήσας
448 1596 564 1630 Χριστὸς
577 1596 670 1630 ἕτερος
683 1597 759 1631 παρὰ
773 1606 805 1631 γε
816 1597 861 1623 τὸν
873 1598 904 1624 ἐκ

113 1641 166 1675 τῆς
186 1641 266 1675 ἁγίας
288 1642 426 1677 Παρθένου
456 1643 665 1677 γεγεννημένον,
693 1644 795 1678 κόσμον
814 1644 904 1679 ἐαυτῷ

115 1687 284 1721 κατήλλαττε
303 1687 442 1722 (φρονοῦσι
456 1688 511 1723 γὰρ
533 1684 583 1715 ὦδέ
597 1697 668 1721 τινες
681 1689 735 1715 τῶν
749 1690 902 1724 ἀμαθεστέ-

115 1731 200 1767 ρων)·
220 1733 309 1758 ἐκεῖνο
320 1733 348 1759 δὲ
366 1733 477 1766 μᾶλλον,
494 1733 536 1760 ὅτι
559 1734 744 1769 κατήλλαττεν
754 1735 845 1770 ἐαυτῷ
857 1735 902 1762 τὸν

115 1777 218 1812 κόσμον
231 1778 245 1803 ὁ
265 1777 330 1808 Θεὸς
352 1779 397 1804 καὶ
414 1778 508 1814 Πατὴρ
534 1779 563 1805 ἐν
593 1779 717 1815 Χριστῷ·
738 1780 833 1814 γέγονε
848 1782 902 1817 γὰρ

114 1823 192 1858 ἡμῶν
212 1823 325 1859 μεσίτης
349 1824 565 1860 ἐνανθρωπήσας
581 1826 594 1851 ὁ
607 1826 680 1857 Υἱὸς,
698 1827 745 1852 καὶ
756 1824 811 1853 οἷον
828 1827 902 1854 διαλ-

113 1869 214 1904 λακτὴς
227 1870 265 1901 εὶς
282 1871 406 1905 εἰρήνην,
424 1871 473 1906 οὐχ
486 1872 572 1907 ἑτέρῳ
597 1872 735 1906 προξενῶν
749 1873 804 1899 τῶν
819 1874 848 1899 ἐν
863 1874 902 1909 τῷ

114 1917 208 1951 κόσμῳ
219 1915 269 1952 τὴν
286 1917 438 1952 ὑποταγὴν,
457 1917 516 1943 ἀλλ’
529 1918 567 1950 ὠς
579 1918 608 1944 ἐν
622 1918 679 1953 ἰδίῳ
698 1919 848 1954 προσώπῳ,
862 1919 902 1955 τῷ

113 1963 173 2000 Θεῴ
186 1962 232 1989 καὶ
245 1963 342 1997 [Ιατρὶ.
360 1963 471 1999 Χριστῷ
487 1964 543 1999 γὰρ
556 1964 785 2000 κατηλλαγμένοι,
801 1967 902 2001 κατηλ-

113 2008 236 2043 λάγμεθα
250 2008 283 2035 δι’
302 2008 384 2035 αὐτοῦ
400 2018 429 2035 τε
448 2010 495 2036 καὶ
508 2011 537 2036 ὲν
553 2010 627 2045 αὐτῷ
643 2011 681 2045 τῷ
697 2011 806 2038 πάντων
824 2012 902 2047 ἡμῶν

114 2054 218 2089 Σωτῆρι
231 2054 300 2089 Θεῷ.
318 2055 463 2089 Τοιγάρτοι
481 2056 527 2082 καὶ
542 2055 645 2090 ἔφασκε
659 2065 665 2070 ·
679 2067 688 2082 ε
707 2056 789 2084 Δεῦτε
802 2058 901 2089 πάντες

113 2100 181 2136 πρός
200 2109 244 2135 με,
259 2101 284 2126 οἱ
305 2101 500 2132 κεκοπιακότες
518 2102 565 2128 καὶ
585 2103 810 2137 πεφορτισμένοι,
823 2103 901 2137 κάγὼ

112 2145 260 2173 ἀναπαύσω
273 2146 355 2181 ὑμᾶς.
378 2156 387 2172 ι
404 2147 465 2173 ’Ὁτι
478 2147 506 2173 δὲ
520 2149 576 2179 τοῖς
589 2148 656 2183 πρὸς
671 2149 753 2176 αὐτὸν
769 2149 855 2176 ἰοῦσιν
868 2149 899 2176 οὺ

113 2192 180 2226 πρὸς
196 2193 290 2228 ἕτερόν
303 2201 364 2219 τινα
383 2194 482 2227 γένοιτ’
499 2194 532 2220 ἂν
550 2195 570 2229 li)
586 2195 754 2230 καταλλαγὴ,
771 2195 841 2231 πλὴν
858 2196 900 2222 ὃτι

113 2238 180 2273 πρὸς
203 2239 269 2265 Θεὸν
284 2239 330 2265 τὸν
346 2239 427 2273 φύσει
448 2241 495 2266 καὶ
512 2240 629 2275 ἀληθῶς,
655 2242 900 2278 πεπληροφόρηκεν
925 2252 931 2256 ·

112 2283 212 2310 εἰπών’
234 2293 243 2310 ι
267 2285 296 2311 '0
310 2285 446 2311 πιστεύων
461 2286 502 2316 εἰς
519 2286 567 2319 ἐμὲ
588 2287 618 2312 οὑ
640 2287 761 2314 πιστεύει
777 2289 817 2319 εἰς
837 2289 896 2323 ἐμὲ,

113 2329 167 2356 ἀλλ’
180 2331 219 2362 εἰς
236 2330 283 2357 τὸν
298 2331 446 2366 πέμψαντά
465 2340 510 2366 με.
527 2332 580 2358 Καὶ
593 2333 607 2359 ό
626 2333 737 2368 Θεωρὼν
762 2334 812 2369 ἐμὲ
830 2334 897 2361 θεω-

114 2377 154 2411 ρεῖ
165 2376 209 2402 τὴν
221 2376 368 2411 πέμψαντὰ
383 2385 426 2411 με.
435 2387 444 2403 ι
462 2377 521 2403 Ὀτὲ
536 2377 564 2403 δὲ
579 2377 669 2405 πάλιν·
681 2388 690 2404 ι
703 2379 846 2406 Πιστεύετε
859 2380 899 2411 εὶς

113 2422 156 2449 τὸν
171 2422 247 2455 Θεὸν,
263 2423 311 2449 καὶ
320 2423 361 2454 εις
375 2423 425 2458 ἐμὲ
438 2423 592 2451 πιστεύετε.
604 2433 613 2448 ι

146 2551 212 2577 318'.
231 2560 241 2576 σ
264 2551 366 2586 Πάτερ,
379 2551 509 2587 ἐλήλυθεν
530 2553 547 2586 ἡ
562 2551 630 2588 ὥρα.
653 2553 764 2586 δόξασόν
785 2563 832 2580 σου
851 2555 898 2582 τὸν

114 2597 187 2628 Υίδν,
208 2596 250 2623 ἵνα
271 2599 320 2623 καὶ
334 2597 348 2623 ὁ
362 2597 426 2629 Υἱός
443 2606 490 2624 σου
501 2598 600 2633 δοξάσῃ
621 2607 662 2625 σε.
683 2598 781 2630 Καθὼς
794 2599 898 2632 ἔδωκας

113 2641 185 2676 αὐτῷ
209 2642 334 2674 ἐξουσίαν
353 2643 444 2678 πάσης
468 2643 579 2678 σαρκὸς,
601 2644 642 2670 ἵνα
668 2646 723 2672 πᾶν
743 2645 758 2671 ὂ
777 2645 897 2678 δέδωκας

114 2687 195 2722 αὐτῷ,
211 2687 284 2724 δώσῃ
304 2689 396 2720 αὐτοῖς
411 2689 483 2724 ζωήν
497 2689 614 2717 αἰώνιον.
630 2701 639 2716 ι
655 2691 830 2728 Παράκλητος
846 2692 897 2727 μὲν

147 2774 194 2811 “Vl
211 2775 272 2802 Cor.
290 2776 358 2811 ini.
400 2776 420 2791 ¹³
438 2775 456 2802 ll
470 2775 531 2803 Cor.
550 2785 607 2805 \‘lll.
622 2777 647 2803 9.
690 2778 710 2793 ¹⁶
725 2778 802 2805 Jnao.
819 2786 859 2811 iii,
878 2780 921 2807 3.3".

114 2809 154 2845 υ.
172 2810 216 2839 45.
254 2810 276 2826 ¹⁰
289 2810 369 2841 Joaii.
383 2819 437 2844 XIV,
456 2811 480 2839 Ι.
520 2814 539 2828 ¹¹
561 2812 636 2839 διμιι.
651 2821 715 2845 xui,
734 2815 756 2845 ι,
775 2814 802 2841 2.

916 2176 937 2202 D

997 1135 1115 1164 XLVIII.
1128 1145 1138 1161 ί
1154 1135 1236 1164 Pater
1251 1135 1336 1171 di!igit
1356 1136 1465 1170 Filium,
1489 1141 1516 1164 et
1530 1137 1619 1164 omnia
1640 1137 1713 1164 dedit
1726 1138 1752 1164 in

962 1190 1057 1210 inaniis
1083 1182 1200 1217 ejiis'°.i
1224 1182 1308 1210 Filius
1341 1182 1441 1217 accipit
1463 1187 1492 1209 ιιι
1518 1183 1618 1210 homo:
1644 1183 1752 1210 interim

960 1226 1039 1254 Pater
1063 1235 1078 1253 a
1094 1227 1166 1254 nullo
1188 1234 1281 1254 eorum
1325 1236 1354 1255 se
1372 1229 1509 1260 excludit,
1525 1230 1589 1264 quin
1612 1230 1702 1256 omnia
1725 1230 1751 1256 iu

959 1277 1093 1306 potestate
1122 1273 1242 1299 habeat:
1265 1280 1296 1300 ea
1310 1273 1381 1300 enim
1405 1274 1472 1301 dans
1499 1273 1577 1306 Filio,
1609 1283 1661 1301 una
1691 1283 1752 1301 rum

959 1317 1004 1345 illo
1030 1318 1157 1345 omnibus
1188 1318 1353 1345 dominatur.
1387 1319 1440 1346 Sed
1466 1325 1494 1346 ct
1523 1320 1610 1354 ipsum
1646 1328 1752 1356 quoque

959 1363 1115 1390 mortalium
1135 1371 1219 1397 genus
1249 1366 1398 1390 secundum
1425 1372 1454 1391 se
1479 1364 1560 1398 aliqui
1578 1364 1701 1397 iul'reiie.
1725 1370 1752 1393 et

958 1410 990 1435 ad
1022 1409 1195 1437 rebellionem
1219 1417 1380 1444 propensum
1406 1410 1558 1438 divinitatis
1575 1412 1688 1446 srepti-is
1704 1420 1752 1446 pci-

960 1454 1035 1481 illum
1051 1454 1102 1482 sibi
1128 1455 1261 1482 submittit
1275 1464 1281 1481 :
1296 1456 1514 1490 quandoquidem
1530 1475 1537 1488 ,
1564 1461 1592 1483 ut
1608 1458 1751 1492 sapientis-

917 1500 938 1529 C
955 1500 1040 1527 sinitis
1054 1500 1151 1527 Paulus
1162 1500 1261 1528 alicubi
1275 1501 1422 1528 admonet:
1444 1511 1453 1527 ι
1469 1502 1539 1529 Deus
1558 1508 1616 1529 erat
1632 1504 1658 1530 in
1670 1503 1750 1531 Chri-

956 1552 1010 1578 sto,
1024 1547 1156 1577 inundiim
1167 1547 1342 1574 reconcilians
1354 1548 1404 1574 sibi
1417 1548 1450 1575 ¹⁷.
1465 1557 1474 1574 ι
1487 1549 1534 1575 llic
1550 1555 1637 1576 autem
1649 1558 1751 1585 nequa-

955 1600 1036 1627 quam
1059 1593 1219 1626 asserimus,
1240 1593 1265 1621 id
1281 1595 1352 1629 quod
1370 1595 1494 1622 rndiorcs
1513 1596 1621 1630 quidam
1636 1597 1749 1628 faciunt.

955 1638 1036 1665 alium
1070 1639 1103 1666 ab
1129 1646 1162 1666 eo
1187 1647 1266 1674 quem
1289 1648 1365 1667 sacra
1387 1639 1475 1673 Virgo
1499 1642 1580 1678 169
1607 1643 1632 1669 in
1661 1643 1748 1670 liiccm

953 1685 1055 1717 edidit,
1071 1685 1208 1712 Christum
1234 1686 1260 1712 iii
1279 1686 1387 1713 homine
1406 1687 1588 1722 inhabitasse,
1607 1691 1750 1716 mundum-

953 1740 1006 1766 que
1035 1733 1086 1759 sibi
1107 1732 1319 1764 reconciliasso;
1341 1733 1389 1760 sed
1412 1734 1555 1767 ipsuiuinet
1586 1735 1668 1762 Deum
1696 1736 1747 1762 νει-

954 1781 1021 1803 treni
1037 1777 1063 1803 in
1095 1777 1202 1804 Christo
1228 1779 1356 1804 mundum
1378 1779 1429 1805 sibi
1446 1780 1677 1808 rcconciliavissc.
1705 1781 1747 1809 Fi-

953 1823 1004 1851 lius
1025 1831 1140 1858 namque
1168 1830 1226 1859 post
1244 1825 1390 1852 humanam
1425 1831 1549 1853 naturain
1579 1832 1750 1862 assuniptain

953 1868 1040 1895 factus
1070 1874 1113 1896 est
1145 1869 1298 1901 mediator,
1335 1875 1363 1896 et
1391 1871 1424 1897 ad
1440 1878 1534 1905 pacem
1572 1872 1746 1899 obtinendam

952 1915 1155 1949 quodammodo
1185 1916 1393 1948 reconciliator,
1411 1925 1465 1944 non
1491 1917 1571 1944 alteri
1588 1918 1704 1952 Cullllalll
1718 1919 1748 1947 in.

952 1961 1052 1989 mundo
1074 1961 1256 1989 obedientiam
1275 1963 1438 1994 concilians.
1457 1964 1504 1991 sed
1522 1969 1551 1991 ut
1583 1964 1609 1991 in
1636 1966 1745 1999 propria

952 2014 1066 2040 persona
1083 2007 1136 2034 Deo
1159 2007 1232 2034 Patri
1248 2017 1255 2035 :
1281 2009 1500 2044 quandoquidem
1528 2010 1636 2038 Christo
1652 2019 1746 2038 recon-

951 2053 1037 2079 ciliati
1048 2072 1056 2085 ,
1074 2061 1122 2088 per
1137 2053 1225 2088 ipsum
1247 2060 1274 2081 et
1289 2055 1314 2081 in
1332 2055 1390 2090 ipso
1402 2075 1410 2086 ,
1437 2056 1491 2082 Doro
1503 2064 1610 2091 quoque
1623 2058 1745 2084 omnium

953 2097 1085 2125 Salvatori
1117 2101 1334 2128 reconciliantur.
1362 2101 1430 2128 lliuc
1448 2103 1534 2130 illud:
1555 2113 1564 2128 ι
1583 2103 1677 2131 Venite
1712 2105 1746 2131 ad

952 2151 1005 2176 ine,
1023 2153 1117 2171 omnes
1139 2146 1184 2178 qui
1200 2145 1329 2173 laboratis
1354 2153 1380 2174 ct
1400 2149 1505 2175 onerati
1534 2149 1612 2180 estis,
1640 2154 1666 2175 et
1695 2157 1746 2184 ego

955 2189 1074 2217 reﬁciam
1095 2190 1188 2218 vos“.
1205 2199 1214 2216 ι
1241 2191 1318 2224 Quod
1335 2192 1352 2218 ii
1381 2197 1470 2219 autem
1494 2193 1539 2226 qui
1564 2193 1597 2220 ad
1625 2193 1699 2220 illuni
1716 2202 1746 2220 se

953 2234 1122 2270 adjunguut,
1164 2243 1217 2262 non
1245 2236 1323 2264 alteri
1354 2238 1470 2272 cuipiam
1512 2238 1744 2272 reconcilientur,

953 2287 1034 2314 quam
1051 2288 1116 2307 vero
1147 2282 1318 2317 naturalique
1348 2282 1421 2315 Deo,
1450 2283 1514 2310 illud
1534 2284 1604 2310 idem
1632 2285 1688 2318 ipse
1703 2285 1746 2312 his

953 2326 1043 2353 verbis
1079 2327 1249 2361 perspicuum
1285 2328 1351 2355 facit
1367 2337 1373 2343 ·
1393 2337 1403 2354 ι
1421 2328 1492 2362 Qui,
1527 2329 1632 2364 inquit,
1657 2330 1746 2357 credit

953 2371 980 2398 in
1013 2379 1072 2404 me,
1091 2380 1143 2399 non
1159 2374 1244 2401 credit
1260 2374 1286 2401 in
1305 2382 1347 2401 me
1361 2393 1368 2405 ,
1385 2375 1432 2402 sed
1466 2374 1491 2400 in
1515 2382 1577 2401 eum
1597 2375 1643 2409 qui
1671 2375 1747 2405 misit.

952 2425 1006 2446 me.
1027 2418 1060 2446 Et
1079 2420 1124 2454 qui
1141 2419 1213 2447 videt
1228 2428 1287 2452 ine,
1305 2421 1377 2447 videt
1391 2429 1452 2447 eum
1476 2421 1520 2455 qui
1549 2421 1622 2448 misit
1637 2428 1678 2448 me
1692 2422 1741 2447 ".i

953 2463 985 2490 Et
1011 2472 1141 2492 rursum:
1160 2474 1169 2491 ι
1200 2466 1309 2494 Credite
1337 2467 1363 2494 in
1390 2466 1497 2498 Deum,
1516 2467 1581 2494 cliti
1609 2475 1653 2495 me
1679 2475 1742 2494 cre-

951 2509 1006 2537 dite
1017 2510 1046 2537 '°.
1056 2520 1065 2536 ι

986 2554 1079 2582 XLIX.
1096 2565 1105 2581 ι
1124 2558 1214 2590 Pater,
1229 2561 1304 2584 venit
1317 2565 1394 2589 nora,
1411 2557 1528 2584 clariiica
1542 2556 1638 2584 Filium
1655 2561 1744 2590 tuum,

949 2605 979 2628 ut
1001 2605 1028 2628 et
1054 2601 1139 2630 Filius
1175 2608 1238 2632 tuus
1270 2603 1401 2631 clariﬁcct
1422 2608 1458 2630 te.
1486 2604 1562 2630 Sicut
1590 2604 1687 2630 dediin
1714 2604 1743 2631 ei.

950 2650 1110 2680 potestatein
1129 2649 1217 2676 omnis
1232 2650 1338 2680 carnis,
1358 2654 1386 2676 ιιι
1402 2656 1481 2676 omne
1504 2650 1575 2683 quod
1589 2648 1686 2676 dedisti
1702 2649 1744 2683 ci,~

950 2693 996 2720 det
1007 2693 1047 2721 cis
1069 2694 1152 2722 vitain
1175 2695 1346 2722 icteriiain“.
1363 2704 1373 2721 ι
1394 2694 1546 2722 Advocatus
1565 2699 1593 2722 et
1607 2694 1737 2728 propitia-

1727 2760 1736 2773 Ι

974 2781 993 2797 ιτ
1012 2781 1032 2809 ii
1045 2782 1106 2809 Cor.
1125 2790 1149 2816 ν,
1170 2782 1210 2810 i9.
1265 2782 1509 2817 uiimi..n,2s.
1551 2783 1663 2812 "Jouii.
1685 2771 1742 2815 mf
