1872 3057
131 133 204 162 1405

541 135 586 162 AD
608 135 758 164 REGINAS
777 137 821 165 DE
842 137 958 165 “ECTA
979 137 1057 165 FIDE
1076 137 1208 165 ORATIO
1227 138 1380 166 ALTERA.

1699 138 1770 166 MM

131 207 185 230 σιν,
199 198 346 234 ἐπιστεύθη
361 200 390 226 ὲν
406 199 511 234 κόσμῳ,
525 208 532 224 ι
547 199 693 234 τετίμηται
705 200 733 226 δὲ
742 200 789 226 καὶ
802 200 840 232 ὼς
855 200 918 231 Υἱὸς

1007 208 1025 227 κο
1048 205 1110 233 est,
1140 208 1225 234 purus
1254 200 1334 226 homo
1371 206 1432 226 esse
1469 202 1628 233 putaretur,
1648 200 1770 233 «pra-di-

127 244 239 280 ἀληθῶς
250 244 297 271 τοῦ
311 245 380 272 Θεοῦ
392 246 439 272 καὶ
457 245 574 280 Πατρδς,
595 246 641 272 καὶ
656 246 705 281 τῆς
723 247 854 272 ἀνωτάτω
873 255 921 272 πα-

129 291 185 318 σῶν
209 291 334 323 εὐκλείας
358 291 507 326 ἀνεδήσατο
523 292 556 317 τὰ
580 292 739 327 αὐχήματα,
758 292 825 323 Θεὸς
850 291 920 319 εἶναι

127 336 355 371 πεπιστευμένος.
383 336 438 363 Καὶ
454 337 504 362 οὐκ
518 337 653 372 ἀσύνηθες
674 338 747 373 αύτῷ
774 338 804 364 τὸ
827 338 921 374 χρῆμά

127 383 203 409 ἐστιν
214 391 221 398 ·
237 383 338 417 ἀληθὲς
352 383 381 410 δὲ
400 383 500 418 μᾶλλον
522 381 592 410 εἷναί
607 393 697 419 φαμεν
722 385 752 411 τὸ
775 385 921 420 ὑφειμένον

126 430 157 454 ἐν
173 428 377 464 ὰνθρωπὸτητι,
398 430 443 456 καὶ
457 430 486 456 τὸ
498 430 630 465 ύψοῦσοαι
641 431 740 464 δοκεῖν,
755 432 847 458 καίτοι
860 433 921 463 ταῖς

126 476 166 506 εἰς
185 474 262 509 λῆξιν
283 474 470 510 διαπρέποντα
483 476 583 508 δόξαις.
607 476 717 512 Ἐπειδὴ
729 477 755 503 δὲ
769 478 801 512 τῇ
814 476 920 512 ἀνθρώ-

125 528 178 546 που
198 519 289 554 φύσει,
301 522 349 548 καὶ
365 523 474 557 μέτροις
488 524 544 554 τοῖς
557 522 618 549 καθ’
638 523 725 557 ἡμᾶς,
740 522 831 549 πάντα
846 523 921 549 ἐστὶν

124 566 229 592 ἄνωθεν
239 566 288 592 καὶ
306 568 381 602 παρὰ
397 567 477 599 Θεοῦ,
496 567 583 603 ταύτῃ
595 577 636 593 τοι
657 568 703 594 καὶ
720 568 792 602 μάλα
806 568 921 599 εἰκότως

125 611 158 645 τῇ
175 611 251 647 δεξιᾷ
265 611 312 639 τοῦ
333 613 441 648 Πατρὸς
457 613 590 648 ιῦςιοῦσοαι
610 613 729 648 λέγεται,
750 614 839 640 καίτοι
860 614 920 649 χεὶρ

125 655 258 691 ὑπάρχων
275 657 367 690 αὐτὸς,
391 658 469 693 καὶὴ
487 658 541 684 τῶν
556 658 624 684 ὅλων
647 659 813 693 δημιουργὸς
833 658 918 691 δεξιά.

128 701 224 736 Ἀθρει
243 702 271 728 δέ
294 712 339 737 μοι
357 703 439 729 πάλιν
454 704 500 730 τὸν
515 703 618 740 Κύριον
638 705 716 739 ἡμῶν
742 704 846 738 Ἰησοῦν
874 705 919 730 τὸν

124 747 243 782 Χριστὸν
258 748 437 783 ἀνθρωπίνως
450 751 498 785 μὲν
512 751 543 776 τὸ
558 750 671 785 Πνεῦμα
684 750 839 785 δεχόμενον,
851 751 920 785 πλη-

126 793 224 828 ροῦντα
240 795 269 821 δὲ
291 795 392 827 θεῖκῶς
411 797 462 831 τὴν
479 797 645 830 ἐπαγγελίαν
668 797 713 823 τοῦ
733 797 850 832 Πατρὸς,
875 797 920 823 διὰ

123 839 173 866 τοῦ
197 842 253 872 τοῖς
270 841 445 868 πιστεύουσιν
462 842 564 868 ἐνιέναι
578 843 607 868 τὶι
623 842 742 877 πνεῦμα,
758 843 805 869 καὶ
819 843 867 877 οὐχ
881 843 918 875 ὡς

972 251 1050 273 catus
1062 250 1104 273 est
1116 250 1204 273 tamen
1223 246 1249 272 in
1264 246 1404 280 gentibus:
1419 245 1538 272 creditus
1554 249 1594 272 est
1610 245 1634 271 in
1652 246 1764 279 mundo,

972 292 1124 320 honoratus
1142 297 1184 320 est
1195 292 1228 326 “,
1240 301 1249 317 ι
1277 297 1306 318 ut
1326 299 1406 319 verus
1425 292 1471 318 Det
1492 291 1581 318 Patris
1600 291 1702 323 Filius,
1720 292 1767 319 de-

971 339 1053 373 nique
1072 345 1177 365 summa
1199 338 1284 373 gloria
1304 338 1608 372 summaquediguitate
1632 339 1766 365 condeco-

972 390 1048 412 ratus
1067 388 1119 417 est,
1136 389 1228 418 utpote
1252 384 1322 411 Deus
1341 388 1414 410 esset
1449 384 1579 411 creditus.
1613 383 1706 418 Neque
1734 391 1768 410 ea.

972 437 1016 457 res
1037 429 1168 457 inusitata
1194 429 1218 456 ei
1249 434 1302 456 est.
1328 429 1425 456 Veram
1454 437 1571 464 namque
1593 430 1618 456 in
1648 430 1764 456 humana

972 481 1067 503 natura
1084 476 1283 507 humilitatem,
1305 484 1397 502 veram
1415 484 1524 503 rursum
1552 477 1578 502 in
1601 476 1766 503 exultatione

972 522 1165 549 sublimitatem
1181 522 1353 557 agnoscimus
1364 542 1372 554 ,
1394 522 1456 549 licet
1472 529 1519 548 sua
1542 522 1600 556 ipse
1617 521 1703 556 gloria
1718 529 1764 548 co-

971 572 1105 594 ruscaret.
1129 567 1261 601 Quoniam
1280 575 1345 593 vero
1382 567 1508 594 humana:
1528 569 1647 599 [λοισι-ω’,
1674 569 1765 594 huma-

971 619 1066 646 meque
1082 611 1246 638 conditionis
1267 614 1294 637 et
1313 611 1420 637 modulo
1450 611 1541 637 omnia
1569 611 1676 637 caelitus
1700 614 1727 636 et
1750 618 1763 635 a

970 657 1025 685 Deo
1042 659 1206 692 obveniuut;
1230 658 1289 684 ideo
1316 657 1422 688 Filius,
1447 665 1601 691 quanquam
1625 657 1648 683 is
1671 664 1764 684 secun-

970 705 1032 730 dum
1048 712 1077 731 se
1091 713 1187 732 manus
1204 705 1314 731 dextera
1330 709 1357 730 ct
1375 704 1495 730 omnium
1513 703 1602 738 opifex
1619 703 1670 734 sit,
1684 703 1761 740 171

970 755 1019 782 per
1032 747 1121 775 Patris
1136 748 1275 775 dexteram
1295 748 1355 782 jure
1374 748 1470 774 merito
1494 747 1628 774 exaltatus
1648 747 1765 773 dicitur.

971 793 1089 821 Observa
1127 794 1170 821 hic
1200 802 1306 821 rursum
1349 793 1492 820 Dominum
1527 799 1648 820 nostrum
1672 793 1762 820 Jesum

972 839 1112 868 Christum
1140 841 1290 868 secundum
1325 841 1470 867 humanam
1496 841 1604 874 quidem
1639 845 1763 866 naturam

124 886 278 922 ἀλλότριον,
301 887 358 914 ἀλλ’
375 888 413 920 ὡς
430 887 496 915 ἴδιον
514 888 608 915 αὐτοῦ.
635 889 707 923 Ἔφη
731 889 780 924 μὲν
795 890 850 925 γάρ
865 898 916 916 που

1009 886 1100 912 iritutn
1132 886 1273 920 accipere,
1304 886 1451 913 secundum
1479 886 1601 912 divinant
1621 893 1684 913 vero
1711 885 1764 912 hoc

123 932 191 964 Θεὸς
200 932 299 965 δι’ἑνὺς
314 933 368 960 τῶν
382 934 468 968 ἁγίων
479 935 636 971 προφητῶν,
649 936 690 962 ὅτι
708 944 717 960 ι
741 935 846 970 Ἐκχεῶ
861 935 915 962 ἀπὸ

123 977 173 1004 τοῦ
187 979 345 1015 Πνεύματός
362 989 412 1014 μου
431 980 477 1007 ἐπὶ
498 982 588 1008 πᾶσαν
611 982 709 1017 σάρκα.
730 991 740 1007 ι
763 981 866 1016 Πληροῐ
887 981 915 1008 δὲ

123 1025 206 1052 τοῦτο
219 1026 346 1062 Χριστὸς,
369 1026 406 1058 ὡς
422 1027 485 1054 ἴδιον
499 1028 580 1059 ἐνιεὶς
601 1029 658 1059 τοῖς
682 1028 861 1063 κεκλημένοις
884 1028 915 1054 τὺ

124 1071 250 1106 Πνεῦμα.
262 1072 359 1099 Καίτοι
369 1073 398 1098 τὸ
409 1072 541 1108 μετόχους
553 1073 696 1100 ἀποτελεῖν
706 1073 836 1099 δύνασθαί
844 1082 919 1104 τινας

124 1117 173 1143 τοῦ
189 1118 268 1151 ἁγίου
288 1118 459 1153 Πνεύματος,
473 1119 574 1154 πρέποι
588 1119 620 1146 ἂν
642 1119 692 1146 οὐκ
706 1119 842 1155 ἀνθρώπῳ
869 1128 919 1147 πο-

126 1164 188 1196 θὲν,
205 1164 264 1200 Θεῷ
278 1165 305 1191 δὲ
323 1165 424 1200 μᾶλλον
438 1166 478 1200 τῷ
493 1166 564 1192 κατὰ
579 1166 671 1200 φύσιν.
693 1158 861 1202 Ἐνήργηκεν
872 1165 919 1192 οὖν

124 1209 161 1235 τὰ
174 1209 220 1236 τοῦ
241 1210 309 1236 Θεοῦ
325 1211 372 1237 καὶ
394 1211 501 1246 Πατρὸς
522 1211 536 1236 ὁ
560 1212 634 1244 Υἱὸς,
653 1212 682 1238 τὸ
704 1212 816 1247 Πνεῦμα
832 1211 920 1242 διδοὺς

125 1255 218 1286 αὐτός.
240 1256 410 1291 Ἀνορωπὶνη
437 1257 528 1284 τοίνυν
555 1258 571 1292 ἡ
596 1257 688 1293 λῆψις,
713 1257 865 1293 θεοπρεπὲς
889 1257 918 1283 δὲ

125 1302 174 1328 καὶ
192 1302 262 1337 ὑπὲρ
276 1302 419 1337 ἄνθρωπον
435 1303 465 1329 τὸ
488 1304 517 1336 ἐξ
533 1303 598 1330 ἰδίου
616 1304 802 1339 πληρώματος
818 1304 863 1329 καὶ
879 1304 919 1334 είς

125 1348 237 1383 ἐτέρους
251 1350 342 1384 ἐκχεῖν
365 1349 414 1384 τὴν
434 1349 481 1376 τοῦ
505 1350 665 1385 Πνεύματος
684 1350 767 1378 δόσιν.
790 1350 856 1380 Θεὸς
873 1346 919 1374 οὖν

125 1392 182 1427 ἄρα
197 1393 272 1419 ἐστὶν
293 1394 321 1419 ἐν
344 1394 502 1430 ἀνθρωπεία
524 1395 615 1430 μοριςῇ
632 1394 761 1429 πεφηνῴς
787 1395 800 1420 ὁ
821 1394 918 1428 Λόγος,

126 1438 253 1473 σύνεδρος
266 1448 295 1465 τε
310 1440 354 1466 διὰ
367 1439 446 1467 τοῦτο
463 1441 501 1476 τῷ
514 1440 573 1476 Θεῷ
584 1441 631 1466 καὶ
647 1441 743 1476 Πατρί.

970 932 1030 966 ipso
1055 931 1144 959 Patris
1172 933 1306 966 promissa
1332 933 1473 959 exsolvere
1490 952 1497 963 ,
1528 933 1598 966 quod
1633 931 1763 967 Spiritum

969 982 1093 1005 sanctum
1114 985 1166 1004 non
1197 982 1324 1012 tauquam
1355 978 1389 1004 ab
1409 986 1438 1004 se
1459 978 1602 1009 alienum,
1628 979 1675 1005 sed
1704 985 1763 1004 tau-

970 1031 1051 1058 quam
1075 1024 1126 1051 sibi
1142 1024 1282 1058 proprium
1318 1019 1444 1051 tidelihus
1478 1024 1570 1051 mittit.
1601 1024 1671 1051 Deus
1691 1024 1763 1052 enim

971 1078 1019 1105 per
1035 1071 1180 1105 quemdam
1197 1079 1230 1098 ex
1259 1071 1361 1098 sanctis
1377 1070 1517 1106 prophetis
1538 1071 1638 1098 alicubi
1652 1071 1688 1098 ita
1713 1071 1762 1098 ait:

975 1125 984 1142 ι
1007 1116 1149 1143 Effundam
1174 1117 1206 1144 de
1232 1117 1336 1152 Spiritu
1371 1124 1431 1144 meo
1464 1125 1546 1152 super
1570 1125 1679 1144 omnem
1699 1125 1763 1144 car-

972 1171 1032 1190 nem
1045 1164 1077 1190 ⁸⁷.
1094 1173 1103 1189 ι
1129 1162 1204 1190 Hanc
1224 1169 1314 1190 autem
1339 1164 1548 1198 promissionem
1562 1163 1689 1190 Christus
1711 1164 1764 1190 Do-

971 1210 1060 1237 minus
1084 1214 1193 1243 praestat
1207 1231 1215 1242 ,
1238 1217 1298 1236 cum
1316 1209 1447 1244 Spiritum
1465 1214 1494 1236 ut
1519 1210 1656 1244 proprium
1674 1210 1707 1236 ad
1730 1209 1762 1236 ii-

974 1257 1035 1283 dem
1074 1257 1178 1283 vocatis
1204 1256 1335 1283 immittit.
1359 1257 1449 1290 Atque
1475 1256 1610 1290 Spiritum
1637 1261 1767 1284 sanctum

970 1303 1176 1336 quibuscunque
1209 1302 1313 1329 libitum
1328 1302 1410 1329 fuerit
1427 1309 1508 1337 posse
1525 1302 1656 1337 impertiri
1682 1302 1708 1328 id
1736 1302 1763 1329 in

971 1348 1108 1375 hominem
1125 1356 1295 1383 nequaquam
1313 1348 1461 1380 convenit,
1481 1348 1529 1375 sed
1558 1352 1661 1376 tantum
1677 1347 1702 1374 in
1718 1355 1765 1375 ve-

972 1402 1032 1421 rum
1061 1394 1268 1428 naturalemque
1298 1393 1394 1421 Deum.
1426 1393 1540 1427 Quando
1561 1393 1644 1428 igitur
1679 1392 1767 1419 Filius

972 1439 1105 1474 Spiritum
1131 1445 1255 1466 sanctmn
1273 1439 1438 1472 impertivit,
1465 1438 1538 1473 quod
1564 1438 1611 1465 Dei
1627 1443 1655 1466 et
1675 1437 1765 1465 I’atris

125 1490 188 1517 est,
204 1485 295 1514 eﬂicit.
318 1486 472 1514 Humanum
497 1488 608 1522 proinde
629 1489 757 1522 quiddam
778 1492 840 1519 est,
879 1487 1011 1521 Spiritum
1040 1486 1195 1520 suscipere;
1213 1486 1333 1513 divimnn
1356 1493 1423 1512 vero
1455 1492 1483 1512 et
1511 1492 1592 1519 supra
1614 1484 1763 1516 hominem,

125 1540 160 1559 ex
179 1534 285 1567 propria
313 1533 481 1568 plenitudine
503 1535 634 1570 Spiritum
658 1540 782 1562 sanetum
805 1536 831 1562 in
855 1535 921 1561 alios
941 1534 1090 1562 eﬂundere.
1117 1534 1234 1561 Verbum
1268 1534 1372 1568 itaque,
1391 1534 1462 1568 quod
1484 1533 1510 1560 in
1539 1533 1658 1560 humana
1676 1531 1765 1559 forma

125 1581 266 1615 apparuit,
296 1581 366 1609 Deus
383 1587 446 1610 est:
470 1584 541 1610 unde
568 1584 745 1619 consequitur
785 1589 814 1611 ut
835 1583 956 1618 ejusdem
976 1590 1084 1618 quoque
1101 1591 1162 1610 cum
1192 1583 1273 1610 Patre
1295 1583 1447 1618 majestatis
1469 1583 1517 1610 sit.

125 1636 195 1670 Περὶ
208 1637 413 1679 τοῦλέγεσθέιι
429 1639 743 1679 ἀει-αστῆζαξΧριᾳτὸν
751 1640 786 1667 ἐκ
802 1639 918 1674 ’νεκρῶν

1007 1649 1011 1665 ε
1025 1648 1055 1667 eo
1078 1640 1149 1667 quod
1171 1639 1293 1667 Christus
1308 1647 1358 1679 per
1373 1644 1512 1679 paternam
1529 1642 1652 1666 vmutem
1674 1644 1764 1664 resur-

329 1673 363 1699 ἐν
376 1673 500 1708 δυνάμει
518 1674 569 1701 τοῦ
585 1673 710 1709 Πατρός.

163 1729 227 1756 NA’.
255 1730 283 1756 '0
300 1730 443 1762 Θεσπέσιος
461 1731 564 1766 γράφει
587 1732 694 1764 Παῦλος
711 1733 776 1769 περὶ
790 1733 838 1760 τοῦ
853 1742 918 1768 προ-

126 1775 246 1810 πάτορος
268 1776 402 1811 Ἀϐραάμ·
420 1787 429 1802 ι
449 1778 505 1803 Οὐκ
517 1778 625 1814 ἐγράφη
640 1778 669 1805 δὲ
684 1778 718 1804 δι’
732 1779 812 1806 αὐτὸν
826 1779 914 1814 μόνον,

125 1821 167 1846 ὅτι
190 1821 316 1855 ἐλογίσθη
337 1821 411 1857 αύτῷ
433 1823 449 1857 ἡ
473 1823 564 1854 πίστις
585 1825 625 1856 εἰς
641 1824 832 1861 δικαιοσύνην·
850 1825 918 1852 ἀλλὰ

127 1867 174 1894 καὶ
191 1867 224 1893 δι’
237 1868 310 1902 ἡμᾶς
321 1889 328 1900 ,
344 1865 383 1901 οἷς
400 1869 491 1904 μέλλει
505 1869 660 1903 λογίζεσθαι
675 1873 731 1902 τοῖς
743 1871 918 1899 πιστεύουσιν

126 1913 174 1940 ἐπὶ
188 1913 233 1939 τὺν
248 1914 394 1949 ἐγείραντα
415 1914 519 1949 Ἰησοῦν
539 1915 585 1942 τὸν
610 1917 712 1952 Κύριον
728 1917 807 1952 ήμῶν
827 1919 860 1944 ὲκ
875 1927 918 1945 νε-

127 1959 215 1994 κρῶν·
233 1959 261 1991 ὃς
277 1960 412 1996 παρεδόθη
425 1961 470 1987 διὰ
483 1961 516 1988 τὰ
542 1962 752 1998 παραπτώματα
766 1964 856 1998 ἡμῶν,
870 1965 918 1990 καὶ

125 2005 230 2040 ἠγέρθη
250 2005 295 2032 διὰ
308 2006 357 2041 τὴν
377 2007 518 2034 δικαίωσιν
536 2008 626 2044 ἡμῶν.
648 2019 657 2034 ι
684 2009 741 2036 Μία
763 2010 812 2045 μὲν
825 2010 918 2044 θεότη-

125 2059 171 2083 τος
186 2051 277 2086 φύσις,
287 2052 315 2078 ὲν
328 2052 493 2080 ὑποστάσεσι
506 2053 534 2080 δὲ
547 2056 741 2090 προσκυνεῖται
753 2056 827 2090 τρισὶ
842 2056 918 2090 παρά

125 2104 155 2122 τε
172 2096 252 2131 ἡμῶν
269 2097 316 2123 καὶ
335 2097 390 2124 τῶν
416 2097 472 2124 ἄνω
490 2099 663 2133 πνευμάτων.
685 2100 759 2131 Μιᾶς
781 2099 809 2125 δὲ
834 2098 918 2134 οὔσης

126 2141 253 2176 θεότητος
275 2143 395 2178 ἁπάσης,
418 2144 529 2175 εἰκότως
544 2144 576 2179 δὴ
591 2145 670 2180 ἔργον
687 2145 719 2172 ἂν
741 2145 847 2179 γένοιτο
863 2146 917 2171 πᾶν

125 2187 215 2214 ὁτιοῦν
226 2188 278 2214 τῶν
288 2189 328 2215 ὅτι
343 2189 460 2224 μάλιστα
475 2190 634 2225 πρεπόντων
649 2191 718 2226 αὐτῇ
730 2199 759 2216 τε
774 2191 821 2217 καὶ
836 2191 915 2227 μόνῃ.

126 2234 279 2270 Πράττεται
295 2235 348 2270 γὰρ
362 2235 451 2262 πάντα
465 2236 540 2271 παρὰ
554 2236 600 2262 τοῦ
617 2236 683 2262 Θεοῦ
700 2237 747 2263 καὶ
762 2237 869 2272 Πατρὺς
883 2237 916 2263 δι’

125 2280 191 2306 Υἱοῦ
211 2280 239 2306 ὲν
264 2279 404 2316 Πνεύματι
416 2301 423 2307 .
442 2281 523 2307 Ὥστε
541 2281 592 2308 κᾶν
606 2283 630 2307 εξ
658 2282 764 2316 λέγοιτό
781 2291 832 2309 που
848 2282 916 2314 ζωο-

126 2328 212 2352 ποιεῖν
229 2327 243 2352 ὀ
256 2327 361 2362 Πατὴρ,
377 2328 520 2362 ἐνεργήσει
534 2328 642 2359 πάντως
655 2328 722 2354 αὐτὸ
737 2328 780 2356 διὰ
791 2328 838 2355 τοῦ
850 2329 916 2355 Υὶοῦ

125 2372 154 2397 ἐν
169 2371 238 2405 ἁγίῳ
255 2372 402 2406 Πνεύματι.
428 2372 488 2398 Κᾶν
509 2373 606 2408 ἐνεργῇ
620 2372 669 2407 τὴν
685 2373 757 2407 ζωὴν
777 2374 792 2399 ὁ
809 2374 871 2405 Tib;
888 2374 916 2400 ἓν

126 2426 158 2450 γε
182 2419 238 2448 τοῖς
254 2417 426 2453 δεόεημένοις
448 2418 498 2452 τῆς
522 2419 594 2453 ζωῆς
608 2439 615 2451 ,
641 2419 698 2445 ἀλλ’
723 2420 753 2445 οὺ
785 2420 846 2454 δίχα
869 2420 916 2446 τοῦ

125 2463 268 2497 ὁμοουσίου
291 2464 397 2499 Πατρός
410 2473 416 2479 ·
437 2464 494 2500 ἔχει
510 2465 565 2500 γὰρ
592 2466 621 2491 ἐν
646 2466 735 2501 ἑαυτῴ
749 2466 795 2492 τὸν
816 2467 915 2501 Γεννή-

127 2518 221 2536 σαντα,
247 2510 301 2536 Καὶ
330 2510 394 2544 γοῦν
418 2510 470 2546 ἔφη
493 2511 603 2545 σαφῶς⁶
631 2521 640 2537 ι
674 2512 733 2538 Ἀπ’
750 2512 869 2547 ἐμαυτοῦ
885 2513 916 2539 οὺ

125 2553 214 2580 λαλῶ·
232 2555 245 2581 ὁ
260 2555 287 2581 δὲ
312 2555 406 2592 Πατὴρ
426 2556 439 2581 ὁ
453 2557 482 2582 ἐν
503 2557 565 2591 ἐμοὶ
590 2556 688 2591 μένων,
710 2559 781 2584 ποιεῖ
797 2558 830 2584 τὰ
848 2558 916 2593 ἔργα

126 2600 217 2632 αὐτός.
235 2610 244 2625 ›
262 2601 320 2627 Κᾶν
335 2602 359 2627 εἰ
373 2603 402 2628 τὸ
416 2602 529 2637 Πνεῦμα
542 2603 646 2636 λέγοιτο
660 2604 739 2630 τοῦτο
752 2604 829 2639 δρᾷν,
843 2605 917 2638 ἐνερ-

125 2646 206 2682 γήσει
226 2647 333 2678 πάντως
345 2647 383 2679 ὡς
395 2649 504 2683 πνεῦμα
519 2649 600 2684 ζωῆς·
615 2650 688 2685 ζωὴν
703 2650 730 2676 δὲ
744 2648 814 2677 εἷναί
828 2660 918 2686 φαμεν

127 2692 198 2719 κατὰ
212 2693 293 2726 φύσιν
309 2693 354 2720 τὸν
367 2694 433 2720 Θεὸν
448 2695 494 2721 καὶ
512 2696 621 2731 Πατέρα
632 2716 639 2727 ,
662 2697 708 2722 καὶ
724 2697 769 2722 τὸν
785 2696 814 2729 ἐξ
832 2697 916 2724 αὐτοῦ

125 2738 291 2773 γεννηθέντα
309 2739 383 2767 Υἰόν.
403 2740 507 2766 υύκοῦν
519 2740 628 2775 λέγεται
647 2741 697 2776 μὲν
711 2743 724 2767 ὁ
743 2742 834 2778 Πατὴρ
849 2743 916 2769 ἀνα-

127 2785 226 2818 στῆσαι
241 2785 358 2821 Χριστὸν
374 2787 406 2812 ὲκ
421 2786 524 2822 νεκρῶν
538 2797 544 2804 ·
565 2788 613 2822 οὐχ
638 2788 792 2823 εὑρήσομεν
818 2788 846 2814 δὲ
870 2789 915 2814 τὸν

163 2853 207 2881 ’Ἴ
223 2852 342 2882 Timoth.
359 2862 399 2889 lli,
421 2853 458 2882 16.
514 2856 534 2871 ²“
552 2854 606 2883 Jecl
624 2863 655 2888 :.-,

758 2856 778 2871 ³⁵
796 2856 874 2885 Iunt.
889 2865 925 2892 tr,
939 2858 984 2892 25,
1003 2858 1046 2887 25.

1256 1676 1354 1702 remisse
1373 1675 1480 1701 dicitur.

1007 1731 1048 1758 LI.
1069 1732 1179 1758 Divinus
1201 1731 1300 1759 Paulus
1322 1731 1355 1759 de
1376 1731 1532 1766 patriarcha
1561 1730 1700 1758 Abraham
1726 1729 1765 1757 ita

972 1778 1082 1805 scribit:
1104 1788 1113 1804 ι
1134 1778 1191 1805 Non
1214 1783 1255 1805 est
1271 1783 1361 1805 autem
1384 1778 1516 1812 scriptum
1540 1781 1651 1812 propter
1675 1776 1764 1811 ipsum

973 1829 1089 1857 lautum,
1104 1825 1164 1858 quia
1183 1828 1336 1858 reputatum
1351 1828 1392 1851 est
1405 1823 1441 1850 illi
1457 1823 1490 1851 ad
1505 1823 1657 1858 justitiam;
1674 1823 1721 1850 sed
1736 1827 1765 1850 et

972 1875 1083 1905 propter
1098 1878 1156 1902 nos,
1167 1870 1266 1905 quibus
1282 1869 1452 1904 reputabitur
1462 1870 1637 1897 credentibus
1649 1869 1673 1896 in
1688 1877 1763 1902 eum,

971 1916 1016 1950 qui
1033 1916 1176 1943 suscitavit
1193 1915 1284 1943 Jesum
1302 1915 1446 1943 Dominum
1462 1920 1585 1943 nostrum
1601 1923 1616 1942 a
1633 1915 1765 1942 mortuis:

971 1963 1016 1997 qui
1029 1962 1143 1989 traditus
1156 1966 1198 1989 est
1214 1966 1324 1996 propter
1335 1962 1432 1989 delicta
1447 1966 1552 1995 nostra,
1569 1966 1596 1989 et
1612 1961 1764 1989 resurrexit

972 2014 1081 2042 propter
1103 2008 1327 2042 jnstiticationem
1350 2012 1472 2035 nostram
1482 2008 1515 2033 ’⁸.
1533 2017 1542 2034 ι
1571 2007 1629 2035 Una
1655 2007 1763 2041 quidem

972 2054 1060 2080 (leitas
1077 2054 1103 2079 in
1119 2054 1205 2080 tribus
1218 2054 1344 2087 personis
1356 2053 1486 2080 adoratur
1499 2058 1557 2080 tum
1573 2061 1587 2080 ιι
1604 2052 1692 2085 nobis,
1706 2057 1762 2079 tum

971 2100 1053 2125 etiam
1073 2108 1087 2125 ιι
1109 2099 1236 2134 supernis
1255 2099 1308 2126 illis
1332 2099 1485 2134 spiritibus.
1505 2099 1571 2126 Cum
1595 2103 1685 2126 autem
1710 2105 1764 2125 una

971 2145 1103 2172 duntaxat
1119 2145 1247 2172 divinitas
1259 2146 1385 2177 exsistat,
1402 2145 1500 2172 merito
1519 2146 1601 2172 totius
1614 2152 1682 2179 opus
1701 2152 1764 2172 ceu-

972 2197 1056 2225 selur,
1079 2192 1208 2226 quidquid
1228 2196 1316 2226 potest
1329 2192 1363 2218 ab
1382 2191 1426 2218 illa
1446 2199 1500 2218 una
1518 2191 1675 2226 procedere.
1692 2190 1764 2216 Deus

972 2237 1053 2264 Pater
1072 2245 1191 2272 namque
1204 2238 1296 2264 omnia
1310 2246 1357 2271 per
1366 2237 1463 2264 Filium
1478 2243 1605 2272 operatur
1619 2237 1644 2263 in
1659 2236 1764 2271 Spiritu

971 2289 1076 2310 sancto.
1095 2283 1184 2316 Quare
1204 2283 1227 2310 si
1245 2283 1327 2310 Pater
1351 2283 1490 2310 viviﬁcare
1511 2283 1619 2313 dicitur,
1645 2283 1761 2317 idipsum

932 2317 957 2346 D
971 2330 1083 2356 omnino
1097 2338 1145 2364 per
1159 2329 1257 2357 Filium
1272 2330 1298 2356 in
1317 2330 1420 2364 Spiritu
1437 2334 1531 2356 sancto
1543 2334 1672 2363 praestare
1683 2328 1763 2355 intel-

971 2376 1104 2410 ligitur".
1121 2377 1237 2403 Rursum
1252 2377 1273 2403 si
1287 2376 1370 2403 Filius
1387 2377 1412 2403 in
1427 2377 1468 2403 his
1483 2375 1528 2410 qui
1544 2376 1597 2402 vita
1612 2376 1763 2402 destituun-

973 2428 1027 2454 tur,
1048 2422 1130 2448 rilam
1150 2422 1256 2449 allicere
1278 2422 1457 2457 pra-dicatur;
1476 2423 1526 2448 hoc
1550 2422 1636 2456 ipsum
1660 2422 1764 2455 absque

971 2469 1162 2496 eoessentialis
1178 2469 1267 2496 Patris
1289 2469 1481 2503 cooperatione
1497 2468 1603 2495 eiiicere
1617 2476 1670 2494 non
1684 2472 1762 2502 pute-

972 2520 1025 2548 tur,
1039 2520 1070 2542 ut
1085 2515 1131 2549 qui
1145 2515 1220 2541 illum
1238 2514 1283 2548 qui
1297 2521 1359 2542 eum
1379 2515 1481 2549 genuit,
1496 2514 1522 2540 in
1541 2514 1632 2548 seipse
1650 2521 1762 2540 manen-

972 2566 1026 2588 tem
1044 2568 1151 2595 semper
1172 2561 1267 2588 habeat
1284 2569 1290 2586 :
1309 2561 1390 2595 .Ego,
1407 2561 1495 2595 inquit
1512 2565 1612 2595 aperte,
1630 2568 1645 2586 a
1659 2559 1763 2593 meipso

970 2615 1022 2633 non
1047 2606 1161 2641 loquor:
1186 2606 1267 2632 Pater
1290 2607 1335 2640 qui
1362 2607 1389 2633 in
1416 2614 1460 2633 me
1485 2612 1586 2639 manet,
1613 2606 1669 2640 ipse
1697 2605 1763 2632 facit.

968 2660 1048 2686 opera
1059 2653 1092 2679 ³ο.
1108 2662 1117 2678 ι
1137 2652 1215 2686 172
1230 2651 1349 2678 Tandem
1361 2652 1383 2679 si
1403 2653 1515 2686 spiritus
1532 2653 1583 2679 hoc
1599 2652 1684 2686 ipsum
1696 2659 1761 2686 ope-

969 2704 1063 2731 ratur,
1088 2700 1198 2725 omnino
1220 2704 1247 2724 ut
1277 2699 1340 2725 vitae
1370 2699 1482 2733 spiritus
1518 2703 1655 2733 operatur.
1678 2697 1762 2732 Atqui

968 2745 1051 2772 Deum
1073 2745 1193 2776 Patrem,
1215 2750 1242 2772 et
1267 2745 1363 2772 Filium
1380 2746 1424 2780 qui
1451 2753 1483 2772 ex
1509 2745 1552 2772 illo
1578 2745 1685 2780 genitus
1705 2748 1759 2776 est,

966 2792 1113 2818 secundum
1141 2798 1265 2818 naturam
1291 2793 1370 2818 vitam
1394 2800 1454 2819 esse
1479 2792 1606 2819 dicimus.
1630 2792 1759 2826 Quamvic

1088 2860 1107 2875 τῖ’
1122 2858 1197 2888 Joau.
1215 2867 1238 2886 \'.
1256 2859 1299 2887 ‘21.
1340 2859 1360 2874 ³ο
1374 2858 1451 2888 Joau.
1467 2867 1521 2894 λιν,
1538 2859 1579 2887 HL
