1872 3057
124 126 194 155 “09

532 127 577 154 ΑΙ)
596 125 743 154 ΠίίίῖΙΝᾏΞ
764 127 806 154 Dii
828 126 939 155 RECTA
962 124 1039 154 FIDE
1058 126 1188 154 ORATIO
1206 127 1356 155 ALTERA.

1688 130 1756 158 Hii)

121 185 174 220 τὴν
191 184 301 219 ἰσότητα
314 184 360 220 τῆς
374 184 461 216 ἀξίας,
475 185 558 219 ἤγουν
573 185 726 214 αὑθεντίας,
743 185 916 220 διῃρημένων

994 185 1052 211 ηεεεο
1067 186 1244 217 contemtum,
1260 186 1365 212 naturis
1378 184 1485 212 interim
1500 187 1751 221 personisqucdivt-

124 232 179 258 τῶν
194 231 312 266 φύσεων.
338 232 379 262 εἰς
394 231 440 257 τὸν
462 231 535 262 τίνος
554 231 674 265 θάνατον
697 232 912 266 ἐϐαπτισθημεν.

125 278 157 304 El
174 277 224 313 μὲν
238 275 285 304 οὖν
303 277 394 308 ίδικῶς
413 278 452 308 εἰς
473 277 518 303 τὸν
535 277 581 303 τοῦ
601 277 668 304 Θεοῦ
683 278 779 311 Λόγον,
795 286 914 312 κατηγο-

127 323 244 358 ρήσομεν
259 322 381 356 ἐναργῶς
393 322 440 356 τῆς
456 322 595 357 ἀκηράτου
609 323 715 357 φύσεως
733 323 783 358 τὴν
799 322 914 357 φθορὰν,

126 369 172 395 καὶ
194 368 378 404 καθοριοῦμεν
401 369 513 395 θάνατον
528 368 577 402 τῆς
597 370 667 395 κατά
689 369 768 403 φύσιν
785 370 866 404 ζωῆς.
883 370 915 396 Εἰ

124 413 152 440 δὲ
165 413 197 448 δὴ
223 415 312 448 φαῖεν,
338 415 379 439 ὅτι
401 413 448 439 τοῦ
469 415 500 440 ὲκ
525 415 653 447 Tun-amo;
673 415 724 448 ὶδιᾳ
744 423 771 440 τε
797 415 843 440 καὶ
863 414 915 441 ἀνὰ,

125 459 209 494 μέρος
233 459 280 484 καὶ
299 459 361 485 καθ’
381 459 477 485 ἑαυτὸν
499 460 663 494 νοουμένου.
681 460 739 490 πῶς
753 460 783 485 οὺ
804 459 915 485 κάκεῖνό

123 511 204 536 φασιν
219 502 380 535 ἀναφανδὸν,
399 503 442 528 ὅτι
461 503 566 534 πάντως
585 503 666 534 αὖτις
683 504 724 538 εἴη
744 504 775 529 ἂν
790 505 804 530 ὁ
819 512 914 530 συντε-

123 547 258 582 ταγμένος
281 547 320 582 τῷ
337 549 423 583 Πατρὶ
447 549 492 574 καὶ
508 548 547 583 τῷ
566 550 635 583 ἁγίῳ
662 550 819 584 ΙΙνεύματι,
842 550 913 584 τάχα

123 602 174 620 που
195 593 243 620 καὶ
268 593 430 626 ἑξωσθέντος
455 594 505 628 τῆς
521 594 637 629 ἀληθοῦς
664 595 788 629 vitim-:0;
805 594 851 620 τοῦ
881 595 914 621 ἐκ

123 639 192 665 Θεοῦ
206 639 303 673 φύντος
317 640 404 673 Λόγου
415 660 423 671 ,
440 640 521 674 εἰπερ
534 639 592 666 ἐστὶ
604 639 718 666 θανάτου
732 640 864 671 δεκτικὸς.
884 636 914 667 οὗ

123 685 170 710 καὶ
185 686 225 716 εἰς
248 685 293 711 τὸν
310 684 424 711 θάνατον
452 685 675 721 βεϐαπτὶσμεοα;
707 686 777 712 Ἀλλ’
794 687 845 722 ὁρᾷ
862 694 914 712 που

123 729 234 760 πάντως
250 730 264 756 ὁ
281 729 342 755 νοῦν
358 730 427 764 ἔχων
442 729 656 765 διεγηγερμένον
672 730 720 766 τὴν
733 731 787 757 τῶν
803 731 914 757 ὲννοιῶν

123 775 248 801 ἀτοπίαν.
277 775 381 800 Οὐκοῦν
405 775 512 810 ἀνάγκη
537 776 617 808 νοεῖν,
640 776 680 801 ὅτι
704 776 824 810 γεγονὼς
851 776 914 803 καθ’

122 821 198 855 ἡμᾶς
212 821 225 845 ὁ
241 819 286 846 τοῦ
306 819 372 846 Θεοῦ
391 820 476 854 Λόγος
489 840 496 851 ,
518 822 601 856 σαρκὶ
617 821 751 847 πέπονθεν
767 822 848 848 ἑκὼν.
866 822 914 848 Βε-

972 231 1024 257 sint
1048 231 1268 262 subsistentibus,
1291 231 1308 258 ii
1334 239 1383 258 nos
1403 232 1528 263 doceant,
1550 233 1576 259 in
1603 233 1754 260 utrittsnatn

967 278 1080 300 Inottem
1102 275 1230 308 itaptizati
1251 276 1348 304 simus.
1363 275 1429 302 Nam
1447 277 1470 303 si
1488 277 1511 303 itt
1527 277 1609 304 divini
1626 277 1715 306 Vetbi.
1727 283 1756 305 ιιι

970 326 1094 346 seorsmn
1108 328 1155 354 per
1169 327 1198 347 se
1218 321 1309 348 animo
1324 322 1486 356 concipitur,
1505 329 1618 350 ntortem
1635 324 1755 358 baptiza-

966 369 1008 392 tos
1024 373 1073 391 nos
1091 367 1201 399 dicunt;
1215 366 1412 402 ineorruptibili
1428 374 1532 396 natura:
1553 370 1754 404 corruptionem

967 411 1046 446 plane
1060 412 1221 444 tribuemus,
1241 419 1268 439 et
1285 413 1320 440 illi
1336 417 1380 447 qui
1397 420 1492 449 suapte
1515 421 1609 442 natura
1628 417 1681 443 vita
1701 421 1753 451 est,

967 460 1082 482 mortem
1107 456 1284 484 ascribemus.
1303 458 1350 484 Siti
1365 464 1454 484 autem
1476 467 1524 486 nos
1541 460 1566 486 in
1590 459 1660 486 illius
1677 467 1756 486 utor-

966 504 1021 528 tem
1037 501 1142 528 ablutos
1160 502 1361 536 responderint.
1386 503 1431 537 qui
1455 505 1564 539 proprie
1585 512 1706 532 seorsum
1727 509 1755 534 et

967 555 1014 582 per
1044 555 1074 574 se
1106 556 1137 575 ex
1165 556 1242 575 sacra
1268 548 1378 584 Virgine
1405 555 1482 576 ottus
1507 550 1666 585 intelligitur
1683 559 1691 584 ;
1709 552 1755 586 qui

968 594 1025 621 ﬁeri
1037 599 1124 629 potest
1138 600 1178 628 ut,
1195 595 1268 622 illum
1285 596 1395 622 omnino
1412 604 1482 627 esse.
1495 597 1540 630 qui
1556 598 1677 631 ejusdem
1694 607 1756 625 eum

967 638 1046 665 Patre
1071 644 1097 666 et
1119 639 1222 674 Spiriltt
1243 644 1338 666 sancto
1366 641 1470 667 ordinis
1492 647 1518 668 et
1539 642 1678 677 dignitatis
1702 648 1756 674 est,

966 685 1068 712 dtserte
1084 694 1135 711 non
1155 686 1352 720 proﬁteantur;
1370 687 1487 715 fortasse
1510 689 1590 714 etiam
1608 689 1699 722 genito
1720 696 1755 715 ett

968 731 1021 757 Deo
1037 730 1125 757 Verbo
1144 738 1206 757 vera
1226 731 1356 758 iiliatioue
1371 733 1499 766 spoliato,
1515 734 1536 759 si
1559 734 1654 760 mortis
1672 742 1756 768 capax

967 776 1010 803 ille
1024 781 1076 808 est,
1092 777 1117 802 in
1141 776 1219 810 cuth
1237 782 1350 803 mortem
1369 777 1498 812 baptizati
1509 779 1622 806 stttnus?
1637 781 1669 805 At
1683 780 1756 814 quis,

966 830 1068 857 qua-so,
1081 823 1124 849 cui
1142 823 1222 849 modo
1239 831 1315 849 meus
1328 824 1426 857 vigeat.
1444 826 1615 852 manifestam
1628 827 1757 853 doctrina:

123 864 297 899 ἣαπτίσμεθα
322 866 378 899 γὰρ
402 865 488 896 οὕτως
506 866 546 896 είς
565 866 610 892 τὸν
626 867 708 892 αὑτοῦ
726 865 850 900 θάνατον,
877 867 915 899 ὡς

996 869 1047 902 tjus
1065 869 1261 895 absurdilalcm
1287 878 1339 896 noti
1357 870 1579 898 animadvertat?
1597 872 1757 899 Necessario

123 911 183 941 ἑνὸς
201 911 276 942 ὄντος
293 911 376 943 Υἱοῦ,
396 911 466 937 κατὰ
480 911 528 946 μὲν
545 912 594 946 τὴν
617 913 666 943 τῆς
687 912 812 948 θεότητος
831 913 913 948 φύσιν

123 957 247 988 ἀπαθοῦς
259 978 266 990 ,
282 957 403 992 παθητοῦ
418 958 446 983 δὲ
462 958 532 984 κατὰ
542 958 590 993 τὴν
605 960 703 993 σάρκα.
723 959 783 985 Ὅτι
797 959 824 985 δὲ
838 960 912 994 ἡμᾶς

122 1004 164 1034 εἰς
181 1002 329 1037 καινότητα
356 1002 429 1037 ζωῆς
455 1003 638 1038 μεταπλάττει
658 1004 775 1038 Χριστὸς
798 1004 842 1031 διὰ
861 1005 911 1040 τῆς

122 1048 317 1080 ἀναστάσεως,
334 1048 392 1079 πῶς
409 1047 441 1074 ἂν
455 1048 601 1075 ἐνδοιάσειὲ
617 1058 659 1080 τις
673 1057 681 1081 ;
696 1049 845 1084 παρίστησι
857 1051 911 1086 γὰρ

121 1094 197 1128 ἡμᾶς
214 1093 301 1128 ἑαυτῷ
318 1102 346 1119 τε
362 1094 409 1120 καὶ
428 1094 466 1129 τῷ
483 1095 570 1129 Πατρὶ
585 1094 650 1120 ὡσεὶ
667 1095 700 1120 ἐκ
720 1095 824 1129 νεκρῶν
845 1095 908 1128 ζῶν.

122 1148 183 1171 τας,
211 1140 280 1166 καθὰ
305 1140 460 1175 γέγραπται
476 1150 482 1156 ·
500 1151 509 1166 ι
523 1142 577 1167 Καὶ
602 1141 786 1173 ἀποθανόντας
812 1142 861 1177 μὲν
878 1144 911 1179 τῇ

122 1186 254 1221 ἁμαρτίᾳ.
271 1185 373 1218 ζῶντας
392 1186 420 1212 δὲ
432 1188 465 1222 τῇ
481 1186 646 1223 δικαιοσύνῃ.
671 1197 679 1213 ι

968 915 1058 949 itaque
1070 915 1242 942 statuendum
1268 920 1310 942 est
1332 915 1379 942 Dt'i
1394 917 1508 943 Verbum
1521 917 1610 945 simile
1627 919 1704 946 nobis
1719 919 1758 946 fa-

967 965 1040 988 ctum
1055 967 1116 988 esse
1141 966 1311 995 mortemque
1334 962 1360 988 in
1381 971 1464 989 carne
1479 964 1550 989 ultro
1562 964 1688 992 subiisse.
1702 964 1758 992 liac

966 1006 1037 1032 enim
1054 1006 1159 1032 ratione
1177 1006 1203 1032 in
1222 1011 1336 1033 mortetn
1351 1006 1423 1034 illius
1439 1008 1566 1041 baptizati
1578 1016 1682 1041 sumus,
1695 1018 1756 1036 cum

966 1060 1018 1079 non
1039 1052 1089 1079 nisi
1102 1059 1171 1079 unus
1186 1057 1290 1079 tantum
1307 1053 1344 1080 sit
1362 1053 1457 1087 Filius,
1472 1055 1518 1088 qui
1535 1055 1644 1088 quidem
1660 1063 1758 1082 serun-

965 1097 1027 1124 dmu
1041 1098 1192 1124 divinitatis
1207 1103 1332 1125 naturam
1352 1099 1408 1133 pati
1419 1100 1485 1126 nihil
1499 1100 1598 1134 potuit,
1608 1101 1756 1128 secundum

968 1145 1111 1171 humanam
1138 1149 1230 1171 autem
1263 1145 1360 1178 potuit.
1387 1145 1510 1172 Tandem
1542 1147 1614 1180 qttod
1632 1145 1758 1174 Christus

969 1198 1016 1225 per
1027 1191 1256 1217 resurrectionem
1275 1191 1300 1217 in
1317 1191 1380 1218 vita:
1399 1192 1547 1218 novitatem
1564 1199 1613 1218 nos
1625 1192 1757 1219 transfor-

123 1238 190 1262 ntet.
208 1233 232 1258 id
249 1233 274 1258 in
290 1233 469 1266 quaestionem
488 1240 541 1259 non
559 1234 641 1260 cadit.
666 1234 743 1261 Sistit
765 1234 838 1261 enim
861 1242 909 1261 nos
926 1236 1007 1262 veluti
1028 1243 1060 1262 ex
1079 1236 1194 1262 mortuis
1209 1236 1331 1263 viventes
1356 1241 1383 1263 et
1401 1237 1451 1264 sibi
1469 1242 1496 1263 et
1514 1237 1598 1266 Patri.
1619 1237 1757 1272 Scriptum

122 1281 165 1304 est
181 1284 295 1310 namque
319 1284 326 1302 ε

159 1324 222 1351 NI".
243 1334 252 1350 (
278 1325 309 1352 Et
327 1324 356 1351 δὲ
375 1325 406 1351 τὸ
427 1325 539 1360 Πνεῦμα
554 1325 599 1351 τοῦ
623 1325 779 1361 ἐγείραντος
807 1326 912 1361 Ἰησοῦν

122 1371 241 1406 Χριστὸν
259 1371 328 1397 οἰκεῖ
343 1371 371 1397 ἐν
383 1371 461 1405 ἡμῖν,
478 1371 492 1396 ὁ
511 1371 622 1406 ἐγείρας
636 1372 668 1397 ἐκ
684 1370 790 1406 νεκρῶν
809 1370 914 1406 Ἰησοῦν

123 1417 241 1451 Χριστὸν
258 1416 420 1450 ζωοποιήσει
437 1417 483 1442 xz‘.
499 1417 532 1442 τὰ
547 1417 631 1451 θνητᾶ
646 1416 759 1450 σώματα
775 1417 853 1452 ἡμῶν
870 1416 915 1442 διὰ

122 1463 170 1489 τοῦ
190 1462 356 1493 ἐνοικοῦντος
378 1461 461 1488 αὑτοῦ
476 1462 634 1497 Πνεῦμα-τος
655 1463 683 1488 ἐν
698 1463 764 1497 ἡμῖν
777 1462 800 1489 κ.
822 1474 831 1488 ι
853 1463 914 1498 Ζωὴ

124 1510 176 1544 μὲν
193 1510 250 1535 ἐστι
273 1509 343 1535 κατὰ
364 1508 445 1543 φύσιν
461 1508 475 1533 ὁ
497 1509 644 1543 μονογενὴς
662 1507 710 1534 τοῦ
724 1507 792 1534 Θεοῦ
812 1508 913 1542 Λόγοςο

123 1555 218 1590 ἐπειδὴ
226 1556 255 1582 δὲ
325 1554 432 1590 θανάτῳ
452 1555 565 1589 κάτοχον
580 1554 738 1590 ἠμπέσχετο
753 1555 831 1590 σῶμα
844 1575 851 1586 ,
868 1555 915 1581 καὶ
930 1571 951 1598 C

123 1602 216 1636 χάριτι
230 1601 281 1635 μὲν
304 1600 371 1626 Θεοῦ
390 1600 434 1627 διὰ
455 1600 505 1635 τῆς
524 1601 591 1632 ἰδίας
608 1601 708 1636 σαρκὸς
731 1601 800 1636 ὑπὲρ
815 1600 915 1632 παντὸς

124 1647 256 1680 ἐγεύσατο
270 1647 507 1678 Θανάτου,θεῖκῶς
525 1655 556 1681 γε
572 1647 624 1682 μὴν
640 1647 752 1678 ἀνεϐίω,
772 1657 781 1673 ι
798 1646 861 1674 καθ’
873 1647 915 1672 ὅτι.

123 1694 174 1719 οὐκ
188 1691 221 1728 ἦν
235 1693 347 1719 δυνατὸν
360 1692 519 1728 κρατεῖσθαι
532 1693 612 1719 αὐτὸν
629 1693 674 1718 ὑπ’
687 1692 769 1718 αὑτοῦ
785 1691 806 1718 Ῑ.
821 1704 830 1717 ι
842 1692 915 1718 Ταύ-

123 1747 160 1776 τῃ
172 1748 223 1772 τοι,
237 1739 342 1773 κατάγε
354 1740 416 1771 τοὺς
431 1739 532 1775 ἀρτίως
541 1739 608 1774 ἡμῖν
618 1738 797 1776 ἀποδοθγέντας
803 1738 898 1772 λόγους
906 1759 913 1770 ,

125 1775 276 1821 ἐγηγέρθαι
296 1786 405 1820 λέγεται
417 1785 494 1820 παρὰ
506 1785 552 1811 τοῦ
565 1784 681 1820 Πατρός.
698 1775 769 1820 Πλὴν
783 1786 870 1811 ἐκεῖνο
883 1785 914 1820 δὴ

125 1830 207 1858 πάλιν
235 1831 302 1866 φέρε
314 1830 346 1865 δὴ
356 1850 364 1862 ,
383 1830 449 1865 φέρε
464 1829 690 1865 καταθρήσωμεν,
704 1831 729 1856 εὶ
743 1829 826 1856 δοκεῖ’
842 1831 914 1856 Ζωο-

125 1877 249 1911 ιποιήσειν
260 1876 311 1912 ἔφη
323 1876 369 1902 τὸν
380 1876 489 1911 Πατέρα
501 1876 589 1903 καὶτὰ
600 1875 678 1911 ήμῶν
691 1875 805 1911 σώματα
815 1875 857 1902 διὰ
867 1874 914 1902 τοῦ

126 1920 284 1956 Πνεύματος
298 1921 381 1948 αὑτοῦ
392 1921 562 1952 ἐνοικοῦντος
574 1922 603 1947 ἐν
617 1922 693 1956 ἡμῖν·
705 1922 752 1947 καὶ
767 1922 865 1957 ἀληθὲς
873 1922 915 1948 ὅτι

125 1967 155 1993 τὺ
164 1967 259 2002 χρῆμά
267 1967 350 1999 ἐστιν,
360 1968 410 1993 οὐκ
422 1967 455 1993 ἂν
466 1967 610 1994 ὲνδοιάσειέ
625 1975 676 1997 τις·
694 1967 752 1993 ἀλλ’
765 1968 830 1993 αὐτὸ
841 1967 873 2002 δὴ
884 1966 915 1993 τὸ

126 2012 238 2047 Πνεῦμα
245 2012 276 2038 τὸ
284 2012 444 2044 ζωοποιοῦν,
455 2013 502 2039 καὶ
510 2012 591 2038 αὑτοῦ
600 2013 711 2047 Πνεῦμά
719 2013 777 2039 ἐστι
784 2012 912 2048 Χριστοῦ·

125 2058 279 2093 γέγραπται
295 2058 360 2093 γὰρ,
378 2058 419 2084 ἔτι
434 2059 550 2093 «Ὑμεῖς
566 2059 614 2093 μὲν
631 2059 681 2085 οὐκ
695 2059 758 2084 ἐστὲ
773 2060 801 2085 ἐν
816 2058 914 2094 σαρκὶ,

126 2102 184 2128 ἀλλ’
200 2103 228 2128 ὲν
245 2102 392 2138 πνεύματι,
412 2102 492 2137 εἴπερ
506 2103 618 2138 Πνεῦμα
631 2103 697 2129 Θεοῦ
711 2104 781 2129 οἰκεῖ
797 2104 826 2129 ἐν
840 2104 914 2138 ὑμῖν.

126 2147 158 2174 Ei
173 2148 202 2174 δέ
216 2157 257 2180 τις
269 2148 380 2183 Πνεῦμα
395 2147 513 2184 Χριστοῦ
526 2148 575 2174 οὑκ
592 2148 659 2184 ἔχει,
676 2145 754 2180 οὗτος
771 2149 821 2175 οὐκ
842 2149 915 2176 ἔστιν

126 2195 220 2222 αὐτοῦ.
243 2205 253 2221 ι
279 2196 333 2221 Καὶ
355 2195 437 2221 πάλιν
460 2196 524 2230 περὶ
552 2195 606 2221 τῶν
633 2195 718 2229 ἁγίων
745 2195 912 2222 ἀποστόλων·

357 1286 367 1302 ι
380 1276 476 1304 Mortui
490 1277 598 1311 quidem
619 1283 740 1312 peccato,
772 1279 894 1306 viventes
917 1283 1005 1306 autent
1016 1279 1130 1312 justitia:
1141 1279 1174 1306 ³⁵.
1195 1288 1204 1305 ι

1002 1326 1069 1354 Llll.
1085 1336 1095 1352 ι
1107 1327 1184 1360 Quod
1196 1327 1218 1353 si
1237 1326 1353 1360 Spiritus
1367 1334 1427 1361 eius
1443 1327 1488 1362 qui
1506 1327 1646 1354 suscitavit
1663 1328 1756 1355 .Irsum

966 1371 1103 1399 Christum
1121 1380 1135 1399 a
1153 1373 1275 1403 mortuis,
1295 1373 1399 1400 habitat.
1418 1373 1443 1399 itt
1468 1373 1555 1404 vobis,
1573 1374 1617 1407 qui
1636 1374 1756 1400 sust-ita-

967 1418 1005 1445 vit
1020 1419 1111 1445 Jesum
1125 1418 1263 1445 Christum
1280 1427 1293 1444 a
1322 1419 1448 1451 mortuis,
1463 1418 1610 1445 viviiicabit
1631 1420 1757 1446 mortalia

967 1472 1080 1499 corpora
1099 1471 1187 1491 vestra
1210 1473 1257 1498 per
1280 1464 1478 1491 inhabitantetn
1497 1463 1629 1498 Spiritutn
1644 1466 1703 1498 ejus
1730 1467 1757 1493 in

967 1511 1043 1538 vobis
1053 1511 1085 1538 ³⁸.
1104 1520 1114 1536 ι
1131 1511 1187 1537 Etsi
1211 1510 1380 1545 unigenitum
1402 1510 1447 1538 Dei
1465 1509 1582 1537 Verbunt
1607 1512 1756 1538 secundum

968 1563 1092 1584 naturam
1105 1557 1158 1583 vita
1171 1561 1229 1583 est:
1244 1561 1363 1583 attamen
1378 1557 1448 1590 quod
1464 1563 1565 1591 corpus
1580 1557 1659 1583 morti
1670 1557 1756 1584 obno-

969 1601 1043 1628 xium
1060 1601 1189 1634 induerit,
1213 1601 1292 1637 174
1313 1601 1398 1635 gratia
1423 1601 1466 1628 Dei
1481 1609 1529 1636 per
1545 1603 1682 1636 propriam
1697 1609 1758 1628 car-

967 1654 1089 1682 nem.pro
1101 1648 1226 1674 omnibus
1237 1652 1354 1682 gustavit
1370 1652 1485 1674 tttortetn
1497 1647 1518 1663 ³⁷
1533 1655 1540 1680 ;
1557 1655 1649 1673 verum
1665 1648 1756 1675 divina

966 1693 1068 1720 virtute
1083 1693 1116 1719 ad
1132 1694 1215 1719 vitam
1232 1693 1322 1726 rediit,
1339 1702 1348 1719 ι
1363 1699 1499 1726 quatenus
1515 1694 1682 1728 impossibile
1697 1700 1758 1722 erat

966 1745 980 1764 a
997 1743 1083 1765 tttorte
1099 1738 1173 1765 illum
1192 1738 1319 1765 teneri”.
1336 1748 1346 1764 ι
1361 1738 1402 1765 ()b
1419 1738 1467 1766 has
1490 1739 1582 1774 itaque
1605 1740 1724 1767 rationes
1739 1749 1756 1769 τι

966 1784 1046 1811 Patre
1063 1792 1078 1811 e
1094 1785 1206 1811 mortuis
1226 1787 1409 1812 exsuscitatus
1422 1785 1535 1812 dicitur.
1560 1784 1619 1813 Jam
1633 1793 1697 1813 vero
1710 1794 1757 1814 ac‘

966 1835 1070 1861 curate,
1091 1830 1113 1856 si
1130 1830 1247 1862 videtur,
1273 1831 1470 1864 expendamus.
1492 1831 1630 1864 quomodo
1647 1831 1755 1859 Patrem

967 1876 1090 1902 mortalia
1104 1883 1212 1911 quoque
1230 1881 1322 1903 nostra
1335 1883 1449 1910 corpora
1469 1884 1517 1911 per
1528 1877 1660 1911 Spirittttn
1677 1885 1756 1904 suunt

965 1922 1011 1956 qui
1029 1922 1134 1949 habitat
1157 1922 1182 1948 in
1200 1922 1289 1954 nobis,
1306 1922 1505 1949 viviﬁcaturum
1523 1923 1660 1958 praedicet.
1681 1923 1755 1950 Vivi-

967 1968 1057 1995 iirabit
1074 1968 1176 2001 itaque,
1193 1976 1280 2002 neque
1298 1969 1330 1995 de
1347 1968 1427 2002 hujus
1442 1970 1480 1996 rei
1493 1969 1608 1996 veritate
1631 1970 1756 1997 dubitare

967 2015 1028 2040 lit-et
1049 2023 1055 2041 :
1084 2020 1271 2041 verumtamen
1294 2014 1363 2042 idetn
1388 2015 1434 2042 ille
1463 2015 1586 2043 viviﬂcus
1617 2016 1755 2050 Spiritus.

965 2057 1065 2084 Christi
1085 2065 1194 2092 quoque
1214 2058 1336 2093 Spiritus
1351 2063 1403 2086 est.
1430 2058 1568 2094 Scriptum
1595 2065 1638 2088 est
1661 2061 1754 2088 enim:

968 2112 977 2129 ι
997 2104 1050 2131 Vos
1068 2112 1119 2131 non
1136 2105 1204 2132 estis
1219 2105 1244 2132 itt
1258 2112 1352 2138 carne,
1369 2107 1416 2133 sed
1442 2106 1470 2133 in
1494 2107 1609 2141 spiritu;
1625 2108 1647 2134 si
1665 2113 1755 2136 tamen

966 2149 1085 2184 Spiritus
1097 2151 1142 2177 Dei
1160 2151 1266 2178 habitat
1282 2151 1307 2177 in
1327 2151 1414 2178 vobis.
1433 2152 1460 2179 Si
1479 2154 1542 2187 quis
1562 2159 1652 2180 autem
1668 2153 1757 2188 Spirio

967 2201 1022 2222 tum
1044 2197 1145 2224 Christi
1171 2206 1224 2224 tton
1256 2197 1346 2228 habet,
1365 2198 1408 2224 hic
1424 2207 1478 2225 non
1496 2203 1535 2226 est
1564 2199 1664 2234 ejus”.
1686 2211 1695 2226 ι
1724 2201 1753 2227 Εἰ

129 2251 138 2266 ι
161 2241 296 2273 Ἐλθόντες
310 2241 338 2268 δὲ
355 2242 424 2267 κατὰ
438 2241 487 2277 τὴν
505 2241 622 2273 Μυσίαν,
643 2242 786 2276 ἐπείραζον
803 2243 843 2272 εἰς
863 2243 913 2276 τὴν

994 2251 1073 2269 usum
1092 2245 1124 2270 de
1151 2244 1254 2270 sanctis
1277 2245 1407 2278 apostolis
1434 2245 1471 2272 ita
1500 2245 1638 2273 srribitur.
1662 2256 1670 2271 ι
1685 2246 1753 2274 Cum

127 2287 251 2314 Βιθυνίαν
277 2287 462 2323 πορευθῆναι,
488 2288 536 2314 καὶ
562 2288 612 2313 οὐκ
639 2289 729 2314 εῖαπεν
756 2288 854 2319 αὐτοῦς
880 2287 910 2313 τὸ

126 2333 237 2368 Πνεῦμα
263 2333 309 2360 τοῦ
340 2334 437 2368 Ἰησοῦ.
467 2343 476 2359 ι
507 2334 572 2359 Ὅτε
597 2334 687 2359 τοίνυν
714 2334 779 2360 ἴδιόν
804 2334 861 2359 ἐστι
881 2333 912 2359 τὸ

126 2379 236 2415 Πνεῦμα
250 2381 296 2407 καὶ
309 2380 390 2406 αὐτοῦ
402 2380 448 2406 τοῦ
464 2380 663 2416 ἐγηγερμένον,
679 2381 768 2406 καίτοι
783 2380 829 2406 τοῦ
843 2380 909 2406 Θεοῦ

124 2426 171 2452 καὶ
193 2426 297 2460 ΙΙατρὸς
316 2425 511 2458 ζωοποιοῦντος
535 2427 609 2461 ἡμᾶς
633 2427 661 2452 ὲν
678 2425 832 2461 ΙΙνεύματι,
851 2426 911 2458 πῶς

125 2462 197 2497 ἐειτιν
216 2471 410 2506 ἀμφιϐάλλειν,
428 2473 468 2498 ὅτι
490 2473 648 2508 πέπρακται
666 2473 714 2507 μὲν
737 2473 801 2507 περὶ
817 2472 848 2499 τὸ
862 2474 909 2499 ἁν-

125 2518 259 2553 θρώπινον
279 2520 294 2554 ὴ
310 2518 467 2550 ἀνάστασις,
483 2519 619 2554 ὲνήργηκε
640 2519 667 2545 δὲ
682 2519 712 2545 τὸ
729 2519 822 2555 χρῆμα
841 2518 910 2553 μετὰ

124 2564 172 2591 τοῦ
182 2564 246 2590 ἰδίου
259 2565 365 2599 Πατρὶς
376 2565 390 2590 ὁ
403 2565 432 2598 ἐξ
451 2565 534 2592 αὑτοῦ
547 2566 617 2592 κατὰ
632 2565 712 2600 φύσιν
724 2565 789 2596 Θεὸς
805 2565 891 2599 Λόγος
902 2583 910 2596 ,

123 2608 155 2638 ob
169 2611 215 2637 καὶ
227 2610 291 2637 ἴδιόν
308 2612 366 2638 ἐστι
380 2611 409 2637 τὸ
425 2611 536 2648 Πνεῦμα
551 2612 581 2638 τὸ
594 2611 741 2644 ζωοποιοῦν
754 2619 761 2644 ;

160 2722 184 2739 ³⁵
195 2723 271 2749 Rom.
287 2722 384 2754 ",15.
432 2721 454 2737 “
466 2721 542 2748 Rom.
560 2728 617 2753 vut,
633 2721 674 2748 il.
714 2721 735 2736 ³⁷
754 2720 835 2747 Hebr.
857 2727 886 2751 tt,
905 2720 935 2747 i9

432 2721 454 2737 “
466 2721 542 2748 Rom.
560 2728 617 2753 vut,
633 2721 674 2748 il.

963 2289 1104 2315 venissent
1119 2293 1208 2315 autem
1231 2289 1257 2315 in
1271 2288 1397 2323 Mysiam,
1412 2290 1551 2316 tentabant
1568 2290 1606 2315 ire
1617 2289 1643 2315 iu
1661 2289 1754 2324 Bithy-

965 2334 1056 2366 niam;
1073 2338 1100 2360 et
1117 2342 1168 2360 nou
1188 2333 1313 2367 permisit
1328 2341 1375 2360 eos
1390 2334 1509 2367 Spiritus
1524 2334 1588 2362 Jesu
1599 2334 1634 2362 ιθ.
1656 2343 1665 2360 ι
1684 2334 1752 2362 Cum

965 2379 1083 2414 Spiritus
1094 2387 1158 2414 ergo
1170 2379 1254 2413 ipsius
1269 2387 1378 2414 quoque
1393 2379 1550 2407 exsuscitati
1566 2380 1691 2415 proprius
1706 2381 1750 2410 sit,

964 2425 1138 2459 quantumvis
1165 2425 1235 2451 Deus
1257 2424 1338 2451 Pater
1359 2425 1386 2452 in
1407 2425 1511 2459 Spiritu
1542 2433 1592 2453 nos
1614 2425 1752 2453 viviﬁcare

964 2469 1084 2502 dicatur;
1098 2469 1157 2502 quis
1173 2469 1295 2503 ambigat
1322 2471 1550 2497 resurrectionem
1564 2471 1589 2497 in
1605 2471 1751 2498 humanam

963 2521 1086 2541 naturam
1103 2515 1136 2541 ad
1160 2523 1221 2541 eum
1241 2515 1348 2542 modtnu
1373 2516 1515 2548 cecidisse,
1536 2520 1564 2542 ut
1582 2524 1641 2542 eam
1662 2521 1750 2542 tamen

963 2560 1033 2587 Deus
1052 2560 1170 2587 Verbum
1195 2569 1246 2587 una
1271 2569 1332 2588 cum
1353 2561 1441 2593 Patre,
1465 2569 1497 2588 ex
1517 2569 1573 2596 quo
1591 2562 1751 2588 naturaliter

962 2606 1093 2641 procedit.
1106 2606 1239 2637 elfecerit,
1257 2607 1335 2639 cujus
1349 2608 1471 2634 viviticus
1485 2607 1530 2634 ille
1550 2608 1668 2642 Spiritus
1689 2615 1751 2642 pro-

962 2652 1035 2686 prius
1053 2658 1162 2686 quoque
1181 2651 1308 2678 exsistit?

986 2719 1008 2735 ³⁸
1023 2719 1082 2746 Act.
1100 2726 1129 2750 Il,
1145 2718 1190 2746 94.
1245 2719 1267 2735 "
1281 2719 1357 2746 Rom.
1377 2727 1436 2751 vut,
1450 2719 1477 2747 9.
1534 2720 1555 2735 ⁸⁰
1572 2721 1631 2747 Art.
1646 2727 1689 2747 xvi
1721 2719 1748 2747 '.

673 2778 758 2806 Varia:
770 2778 899 2806 lectiones
913 2776 1013 2804 codicis
1030 2776 1209 2810 S‘eguictiaui.

159 2837 175 2859 Ιι
191 2838 265 2873 ὑμῖν.
305 2835 313 2856 ¹
330 2836 382 2863 ὑπὸ
395 2835 441 2863 τοῦ
455 2835 580 2864 θανάτου.
