1872 3057
135 128 202 156 ΝΗ

169 192 235 220 LIV.
253 201 262 218 ι
277 192 318 218 An
334 191 548 226 experimentum
563 192 683 225 quzcritis
698 191 767 226 ejus.
778 193 822 227 qui
839 192 865 218 in
881 199 922 218 me
939 195 960 222 Λ

134 241 254 274 loquitur
266 239 410 266 Christus:
425 239 471 273 qui
487 238 513 265 in
531 238 609 265 nobis
628 246 681 265 non
696 239 861 271 inlinuntur,
877 240 924 264 sed

132 290 229 320 potem
239 289 279 311 est
297 284 323 311 in
342 284 441 311 vobis?
457 283 523 310 Nam
539 284 591 311 etsi
607 284 755 311 cruciﬁms
772 289 814 312 est
830 292 862 311 ex
881 285 923 311 in-

134 331 272 361 firmitate.
282 330 330 356 sed
340 330 407 356 vivit
419 337 452 357 ex
465 329 566 356 virtute
580 329 710 357 Dei.Nam
725 334 752 356 et
764 338 813 356 nos
823 330 923 356 intirmi

134 384 227 404 minus
241 376 267 403 in
290 376 356 402 illo:
372 377 418 403 sed
432 376 555 402 vivemus
571 383 632 402 cum
651 383 684 402 e0
706 383 738 402 ex
756 376 857 402 virtute
878 375 923 401 Dn-i

134 423 161 450 in
172 422 248 449 vobis
260 421 294 448 ιι.
306 431 315 448 ι
326 420 453 449 Nonnulli
469 429 564 449 eorum
578 422 623 456 qui
643 422 827 452 crediderunt,
840 420 924 447 oilen-

134 468 237 496 sionem
252 468 284 495 de
306 467 421 495 Domino
436 472 530 495 nostro
544 467 608 495 .lesn
624 468 735 494 Christo
747 475 779 493 ex
795 475 925 501 quorum-

134 514 195 540 dam
223 514 396 542 sermonibus
418 514 507 548 passi,
531 514 558 540 in
584 514 717 548 ejusmodi
745 514 925 547 cogitationes

134 560 287 595 praccipites
300 561 424 587 abierant
439 569 446 586 :
466 560 494 587 Si
513 568 592 586 verus
609 560 677 586 licus
695 565 764 589 erat.
780 558 925 585 naturalis-

133 613 186 640 que
196 606 389 640 omnipotentis
400 605 445 632 Dei
457 605 807 637 Filius,eurhomicidarum
829 611 925 631 manus

135 659 189 678 non
205 652 318 687 ell'ugit?
335 660 396 679 nam
414 652 652 686 probrosissimam
667 653 693 679 in
708 659 788 678 cruce
810 656 924 677 mortem

134 698 306 732 perferendo.
327 697 441 730 intelligi
470 706 522 724 non
549 698 795 732 potest.quomodo
806 702 833 723 et
855 696 924 722 Dens

133 744 281 775 exstiterit,
298 749 325 771 et
340 743 558 779 cruciﬁgentinm
575 749 664 770 tamen
682 742 807 769 manibus
834 750 924 769 cesse-

133 789 178 821 rit,
194 789 350 823 nostrisque
371 789 578 815 inﬁrmitatibus
601 789 750 814 obstrictus
777 788 868 814 fuerit.
884 787 923 813 Ad

134 836 286 870 huiusmodi
309 841 399 863 autem
427 836 610 870 cogitationes
634 836 729 863 beatus
760 835 860 862 Paulus
888 835 922 861 ita

132 884 295 916 respondet:
311 881 340 909 Si
359 881 500 908 volueritis
519 882 588 916 apud
602 883 708 909 animos
731 887 838 909 vestros
853 882 925 908 serio
941 880 961 907 B

132 930 319 961 considerare,
331 929 490 963 qnisnamet
501 929 590 962 quatis
599 929 690 963 sitqui
701 929 727 956 in
741 936 784 955 me
795 929 923 962 lnquitur,

131 983 163 1002 ca
176 975 271 1002 sedulo
288 979 459 1010 reputantes,
469 982 530 1008 qua:
543 975 576 1001 ad
589 982 638 1001 nos
654 979 788 1009 spectant,
800 975 924 1001 idoneam

132 1029 193 1048 mox
221 1023 282 1048 nodi
306 1021 387 1056 hujus
406 1020 566 1047 solutionem
590 1022 742 1056 reperietis.
768 1021 826 1048 Non
851 1021 923 1048 enim

132 1069 257 1095 inﬁrmus
268 1067 319 1094 fuit
334 1068 359 1094 in
371 1068 459 1099 nobisl
478 1067 557 1103 175
571 1068 618 1095 sed
634 1076 681 1102 per
697 1067 826 1102 Spiritum
844 1074 923 1094 suum

131 1119 336 1148 prmpotentcm,
363 1114 491 1141 virtutem
517 1114 760 1148 eilicacitatemque
783 1117 923 1150 ostendit;

133 1161 211 1188 talem
234 1161 374 1193 nimirum,
387 1166 415 1188 ut
430 1162 499 1188 citra
515 1169 622 1188 onmem
640 1161 827 1190 diliicultatcm
840 1171 924 1198 quos-

132 1209 173 1235 vis
203 1209 367 1236 irruentium
399 1207 579 1234 tentationunt
608 1208 724 1242 impetus
752 1210 922 1244 propulsare,

131 1256 293 1289 cunctisque
316 1255 494 1282 al‘ﬂictionum
520 1254 666 1281 insnltibus
697 1254 821 1282 animose
847 1256 922 1283 obsi-

131 1307 204 1328 stere
226 1301 315 1328 liceat.
330 1300 399 1334 Quid
417 1301 503 1335 ergo?
523 1301 595 1328 dicet
607 1301 717 1336 aliquis,
734 1309 750 1328 ο
766 1301 859 1335 Paule,
888 1310 921 1329 an

131 1356 184 1374 non
214 1347 385 1374 inﬁrmitatis
407 1347 536 1374 indicium
561 1347 610 1374 l'nit
638 1355 747 1375 crucem
768 1349 924 1377 sustinere?

130 1393 205 1421 Itane
220 1401 285 1420 vero
299 1401 330 1421 ea
349 1402 392 1421 res
415 1395 523 1421 virtutis
538 1399 728 1429 argumentum
743 1396 871 1423 exstitit?
887 1404 921 1423 an

130 1440 246 1467 divian
272 1440 380 1467 Minime
406 1441 538 1475 gentium,
566 1440 664 1475 inquit.
696 1441 822 1476 Agnosco
849 1442 921 1468 enim

130 1486 205 1513 illum
227 1493 311 1513 carne
330 1486 495 1513 iulirmatum
515 1494 585 1519 esse,
609 1495 703 1514 rursus
720 1493 810 1515 autem
830 1489 920 1516 divina

130 1532 233 1558 virtute
248 1531 398 1558 revixisse:
417 1539 479 1558 nam
501 1532 571 1559 Deus
590 1537 687 1560 natura
710 1538 781 1560 erat.
803 1533 859 1560 Cur
874 1534 922 1570 igi-

134 1583 189 1610 tur,
203 1582 250 1605 aut
264 1577 400 1612 quomodo
415 1578 568 1606 inﬁrmatus
590 1579 653 1606 est?
674 1579 813 1614 proprium
836 1581 920 1608 etiam

130 1631 229 1659 corpus
241 1627 354 1650 mortem
368 1624 453 1651 nostri
469 1631 549 1651 causa
565 1625 709 1660 degustare
724 1625 829 1658 sinens.
845 1635 854 1652 ι
867 1634 922 1661 quo

132 1669 260 1697 nimirum
284 1676 333 1704 per
352 1675 467 1697 mortem
485 1670 636 1697 destrueret
665 1679 726 1698 eum
756 1672 801 1706 qui
824 1674 922 1700 mortis

130 1716 247 1744 habebat
266 1717 422 1752 imperium,
443 1717 495 1744 hoc
510 1721 551 1744 est
569 1717 726 1750 diabolum;
748 1723 775 1745 et
793 1719 922 1746 liberaret

129 1769 177 1790 eos
188 1763 233 1797 qui
249 1763 348 1790 timore
359 1762 455 1790 mortis
467 1770 515 1797 per
528 1767 612 1790 lotam
626 1764 708 1789 vitam
718 1763 828 1791 obnoxii
842 1770 921 1791 erant

129 1808 294 1836 servituti“.
315 1817 325 1834 ι
343 1809 410 1836 Cum
425 1809 508 1843 igitur
525 1808 633 1836 modica
645 1809 792 1836 secundum
810 1817 920 1838 carnem

130 1853 276 1880 infirmitas
292 1854 335 1881 his
355 1853 452 1881 salutis
463 1861 547 1881 causa
567 1854 705 1881 exstiterit
717 1855 762 1890 qui
779 1855 830 1882 sub
851 1856 922 1883 cmlo

129 1901 202 1930 sunt,
214 1898 349 1932 quomodo
364 1905 416 1925 non
439 1898 539 1933 oppido
555 1898 668 1926 decebat
692 1905 722 1926 ut
731 1907 792 1926 eam
808 1900 920 1928 inﬁrmi-

129 1948 213 1970 tatem
246 1944 361 1976 subiret,
383 1952 438 1979 quo
469 1950 586 1972 mortem
607 1946 780 1974 destrueret?
811 1949 921 1981 proprio

129 1989 229 2024 templo
246 1990 345 2017 iterum
360 1990 508 2023 viviﬁcato,
525 1991 653 2018 omnibus
676 1992 849 2019 admirationi
868 1998 919 2026 est,

130 2043 185 2064 non
203 2044 250 2070 per
266 2037 356 2064 carnis
373 2037 572 2068 inﬁrmitatem,
596 2039 643 2064 sed
665 2045 714 2072 per
730 2038 859 2065 virtutem
878 2040 920 2065 di-

128 2083 219 2110 vinam
235 2083 285 2110 hoc
297 2088 445 2117 przestans:
460 2092 469 2108 ι
482 2082 530 2110 Est
543 2083 614 2110 enim
630 2084 674 2110 ille
686 2084 772 2111 Patris
788 2084 872 2112 virtus
885 2086 919 2119 ⁸³,

129 2134 155 2156 et
170 2129 336 2156 resurrectio
365 2133 393 2155 et
420 2129 516 2156 vita“.
533 2138 542 2154 ι
569 2129 640 2156 Vivit
669 2130 761 2164 itaque
795 2138 919 2166 semper;

128 2176 184 2201 vita
201 2183 317 2209 namque
340 2180 392 2202 est.
409 2175 502 2210 Neque
516 2177 694 2203 dubitandum
721 2183 762 2204 est
789 2178 855 2213 quin
871 2187 920 2206 nos

129 2228 237 2255 quoque
251 2221 316 2247 olim
332 2221 385 2247 vita
407 2229 468 2248 cum
486 2222 531 2248 illo
546 2221 654 2249 fruituri
673 2223 770 2255 simus,
787 2225 832 2258 qui
850 2233 919 2251 nunc

935 1569 957 1598 C

630 126 658 154 S.
680 126 817 153 CYRILLI
835 124 1073 158 ALEXANDRINI
1094 123 1254 152 ARClllEl’.

1715 118 1780 147 NB

1010 193 1072 219 NA'.
1094 202 1102 218 ι
1123 193 1155 218 Ι·Ῐὶ
1171 192 1199 218 δὲ
1221 191 1335 227 δοκιμὴν
1355 191 1463 225 ζητεῖτε
1478 189 1525 216 τοῦ
1553 189 1584 214 ἐν
1604 186 1672 222 ἐμοὶ
1694 192 1714 206 II
1737 187 1780 214 λσ-

975 238 1086 270 λοῦντος
1107 237 1246 274 Χριστοῦ,
1271 238 1300 269 ὂς
1323 239 1363 269 εἰς
1386 238 1460 272 ἡμᾶς
1484 237 1536 263 οὐκ
1559 234 1698 264 ἀσθενεῖ,
1715 234 1780 260 σῦλα

974 286 1081 312 δυνατεί
1094 291 1106 304 υ
1121 286 1149 311 ὲν
1165 286 1239 320 ἡμῖν.
1261 284 1317 310 Καὶ
1333 285 1387 319 γὰρ
1418 285 1442 310 εἰ
1462 282 1629 318 ἐσταυρώθη
1651 281 1683 313 ἐξ
1703 281 1781 307 c156:-

975 331 1066 363 νείας,
1086 331 1154 358 ἀλλὰ
1170 331 1202 366 ζῇ
1226 331 1259 357 ἐκ
1279 331 1421 365 δυνάμεως
1443 329 1521 356 Θεοῦ.
1541 329 1600 355 Καὶ
1625 328 1684 362 γὰρ
1702 327 1782 361 ἡμεῖς

974 377 1142 412 ἀσθενοῦμεν
1162 377 1190 402 ὲν
1213 376 1306 411 αὐτῷ.
1332 375 1401 402 ἀλλὰ
1423 375 1546 410 ζήσομεν
1568 374 1622 400 σὺν
1646 371 1724 406 αὐτῷ
1751 372 1781 397 ἐκ

974 423 1116 458 δυνάμεως
1138 422 1206 449 Θεοῦ
1233 423 1273 454 εἰς
1292 422 1374 457 ὑμᾶς.
1392 431 1406 447 ιι
1432 419 1684 451 Ἐσκανδαλίζοντό
1708 427 1781 449 τινες

974 470 1029 496 τῶν
1057 468 1278 496 πεπιστευκότων
1293 469 1334 499 είς
1361 468 1408 494 τὸν
1435 467 1539 502 Κύριον
1567 466 1652 501 ἡμῶν
1675 464 1781 499 ’ῐησῦῦν

974 515 1020 542 τὸν
1032 515 1159 550 Χριστὸν,
1176 515 1245 550 τάχα
1266 523 1316 541 που
1330 514 1419 548 λόγοις
1432 514 1488 545 τοῖς
1504 513 1583 548 παρά
1596 520 1683 539 τινων
1700 512 1781 538 ἐπν-

975 561 1156 596 ηνεγμένοις⁴⁷
1186 561 1253 596 πρὸς
1289 560 1392 592 ἐννοίας
1411 559 1560 591 τοιαύτας·
1574 568 1579 572 ·
1594 559 1627 585 Ei
1651 557 1722 588 Θεὸς
1747 555 1780 592 ἦν

974 607 1099 642 ἀληθῶς,
1120 607 1167 633 καὶ
1182 607 1246 638 Υἱὸς
1269 606 1340 633 κατὰ
1356 608 1436 637 φύσιν
1457 605 1505 632 τοῦ
1521 606 1614 632 πάντα
1636 603 1779 639 ἰσχύοντος

975 653 1058 685 Θεοῦ,
1076 654 1135 686 πῶς
1151 654 1183 680 οὐ
1199 653 1292 688 διέδρα
1305 653 1356 684 τὰς
1371 652 1426 679 τῶν
1445 652 1590 687 φονὼντων
1608 650 1777 681 insnum;

974 700 1033 732 πῶς
1058 699 1086 726 δὲ
1101 700 1148 726 καὶ
1164 700 1315 734 ἀτιμότατα
1325 704 1337 724 P
1351 699 1397 725 τὸν
1413 698 1459 726 ἐπὶ
1474 697 1554 730 ξύλου
1571 697 1697 724 θάνατον
1711 697 1777 722 ἁνα-

973 747 1039 777 τλὰς
1052 768 1059 780 ,
1075 747 1125 773 οὐκ
1152 746 1185 773 ἂν
1204 747 1293 772 νοοῖτο
1316 745 1363 772 καὶ
1391 745 1463 780 μάλα
1491 744 1607 775 εἰκότως
1623 742 1776 776 ἀσθενῆσαι

974 794 1036 820 καθ’
1055 793 1128 827 ἡμᾶς
1139 813 1146 824 ,
1157 792 1205 818 καὶ
1219 791 1268 826 τῆς
1284 791 1338 817 τῶν
1356 790 1545 822 σταυρούντων
1563 789 1707 825 ἡττῆσθαι
1720 797 1776 823 χει-

976 841 1033 875 96;;
1045 839 1117 874 Πρὸς
1129 839 1161 874 δὴ
1172 838 1204 864 τὰ
1218 837 1307 865 τοιάδε
1323 837 1404 872 φησὶν
1421 838 1435 864 ὁ
1452 836 1596 868 Θεσπέσιος
1611 835 1734 867 Παῦλος·
1749 835 1776 861 El

976 886 1029 921 γὰρ
1042 885 1074 921 δὴ
1089 884 1228 920 βούλοισθε
1247 883 1406 919 δοκιμάζειν
1423 883 1512 918 ὀρθῶς
1522 904 1529 915 ,
1548 883 1590 914 τίς
1604 882 1640 909 ἂν
1658 883 1718 916 εῐη,
1732 883 1776 908 καὶ

978 933 1059 963 πόσος
1072 933 1086 958 ὁ
1105 930 1193 958 λαλῶν
1213 931 1241 957 ὲν
1255 930 1317 965 ἐμοὶ
1330 949 1338 961 ,
1352 929 1386 956 τὰ
1406 930 1468 956 καθ’
1487 929 1559 964 ὑμᾶς
1576 928 1684 959 αὐτοὺς
1702 928 1776 955 ὲννε-

976 978 1104 1013 νοηκότες
1117 997 1124 1008 ,
1141 976 1306 1012 ἀποχρῶσαν
1325 976 1457 1011 εὑρήσετε
1478 976 1529 1010 τὴν
1543 974 1716 1009 κατάληψιν.
1739 974 1775 1000 Οὐ

977 1024 1031 1060 γὰρ
1042 1024 1193 1059 ἠσθένησεν
1214 1024 1243 1048 ὲν
1261 1024 1337 1057 ἡμῖν,
1352 1022 1476 1057 ἀπέφηνε
1489 1021 1518 1048 δὲ
1535 1021 1639 1056 μᾶλλον
1652 1020 1778 1047 δυνατώ-

975 1079 1056 1097 τατον
1078 1075 1091 1095 q
1114 1070 1158 1096 διὰ
1183 1069 1231 1095 τοῦ
1253 1069 1319 1095 ἰδίου
1339 1068 1519 1103 Πνεύματος,
1541 1067 1614 1094 ὥστε
1641 1067 1777 1094 δύνασθαι

976 1116 1077 1148 παντὸς
1089 1115 1328 1150 κατευμεγεῦῆσαι
1343 1113 1498 1149 πειρασμοῦ
1510 1114 1558 1141 καὶ
1571 1114 1646 1149 μάλα
1661 1113 1775 1149 ῥᾳδίως,

975 1163 1022 1189 καὶ
1037 1164 1096 1194 ταῖς
1110 1163 1165 1189 τῶν
1182 1162 1276 1188 παθῶν
1296 1161 1401 1196 ἐφόδοις
1416 1160 1611 1196 ἀντιφέρεσθαι
1629 1160 1775 1191 νεανικῶς.

975 1209 1007 1235 Τί
1022 1207 1079 1242 οὖν,
1093 1205 1116 1235 ὦ
1132 1209 1238 1239 Παῦλε,
1255 1209 1321 1243 φαίη
1337 1217 1379 1239 τις
1391 1208 1436 1239 ἂν,
1462 1208 1513 1234 οὐκ
1529 1207 1675 1238 ἀσθενείας
1695 1207 1775 1242 ἔργον

975 1256 1028 1292 φὴς
1041 1253 1111 1282 εἶναι
1131 1256 1162 1282 τὸ
1176 1255 1321 1289 ὑπομεῖναι
1343 1254 1470 1289 σταυρδν,
1490 1253 1548 1280 ἀλλ’
1565 1253 1683 1285 ἔνδειξιν
1703 1251 1773 1278 εἶναι

973 1302 1006 1328 τὸ
1020 1302 1114 1337 χρῆμα
1128 1301 1285 1336 δυνάμεως;
1298 1298 1373 1336 1Ἀρα
1392 1300 1442 1334 τῆς
1457 1299 1630 1336 Θεοπρεποῦς
1643 1308 1650 1332 ;
1664 1299 1702 1326 Οὐ
1709 1308 1775 1334 μεν.

973 1347 1031 1379 οὖν,
1049 1347 1145 1381 φησίν.
1161 1346 1301 1382 Ὁμολογῶ
1315 1347 1368 1380 γὰρ
1382 1347 1463 1373 αὑτὸν
1479 1345 1663 1381 ὴσΟενηκέναι
1680 1346 1773 1381 σαρκὶ,

974 1393 1057 1428 ζῆσαι
1068 1393 1096 1419 δὲ
1110 1392 1192 1419 πάλιν
1205 1393 1236 1418 ὲκ
1247 1393 1388 1427 δυνάμεως
1400 1391 1480 1419 Θεοῦ·
1492 1391 1558 1423 Θεὸς
1567 1391 1623 1427 γὰρ
1634 1389 1669 1426 ἦν
1681 1391 1772 1425 φύσει.

974 1440 1036 1471 Πῶς
1047 1437 1093 1466 οὖν
1105 1439 1238 1474 ἠσθένησε
1251 1447 1257 1471 ;
1270 1439 1455 1475 Συγχωρήσας
1469 1438 1509 1473 τῷ
1525 1438 1584 1473 ἰδίῳ
1600 1438 1711 1474 σώματι
1729 1438 1774 1464 καὶ

974 1485 1090 1512 Οανὰτου
1102 1486 1253 1519 γεύσασθαι
1267 1485 1301 1512 δι’
1325 1486 1418 1520 ἡμᾶς,
1437 1494 1446 1510 ι
1473 1485 1517 1511 ἵνα
1529 1484 1574 1511 διὰ
1591 1485 1639 1512 τοῦ
1657 1485 1773 1512 θανάτου

974 1533 1135 1567 καταργήσῃ
1149 1531 1196 1558 τὸν
1211 1531 1242 1558 τὸ
1254 1531 1353 1567 κράτος
1370 1531 1465 1566 ἔχοντα
1481 1530 1529 1557 τοῦ
1542 1531 1662 1557 θανάτου
1673 1551 1680 1560 .
1695 1539 1772 1557 τουτ-

973 1577 1031 1604 έστι
1050 1578 1096 1604 τὸν
1125 1577 1261 1610 διάϐολον,
1277 1578 1324 1603 καὶ
1339 1577 1482 1612 ἀπαλλάξῃ
1497 1576 1610 1608 τούτους
1626 1578 1685 1603 ὅσοι
1699 1577 1772 1611 φὸὃῳ

973 1623 1088 1650 Θανάτου
1102 1623 1147 1650 διὰ
1162 1625 1263 1656 παντὸς
1275 1623 1323 1650 τοῦ
1342 1623 1393 1659 ζῇν
1410 1624 1497 1659 ἔνοχοι
1517 1621 1588 1658 ἦσαν
1602 1623 1740 1655 δουλείας.
1758 1633 1767 1648 ι

973 1671 1038 1697 Ὅτε
1051 1670 1142 1697 τοίνυν
1162 1670 1192 1696 τὸ
1205 1670 1354 1704 ἀσθενῆσαι
1369 1670 1467 1705 βραχὺ,
1486 1670 1558 1697 κατά
1569 1678 1601 1704 γε
1617 1670 1671 1705 τὴν
1683 1671 1772 1705 σάρκα

972 1717 1043 1751 φημὶ
1056 1737 1063 1748 ,
1080 1716 1218 1752 σωτηρίας
1239 1713 1274 1752 ἦν
1297 1715 1434 1752 πρόφασις
1455 1717 1512 1747 τοῖς
1527 1716 1580 1742 ἀνὰ
1604 1717 1698 1748 πᾶσαν
1723 1716 1771 1751 τὴν

972 1763 1019 1788 ὑπ’
1035 1763 1160 1797 οὐρανὸν,
1186 1762 1245 1794 ’πῶς
1266 1761 1316 1788 οὐκ
1340 1761 1394 1788 ἔδει
1422 1761 1521 1788 παθεῖν
1545 1761 1596 1797 τὴν
1613 1761 1768 1791 ἀσθένειαν,

972 1809 1016 1835 ἵνα
1031 1808 1064 1834 δι’
1080 1808 1166 1843 αὐτῆς
1183 1809 1346 1845 καταργήσῃ
1370 1808 1416 1834 τὸν
1440 1807 1573 1840 θάνατον;
1589 1808 1768 1843 Θαυμαζεται

972 1855 1053 1882 πάλιν
1065 1855 1111 1881 τὸν
1127 1853 1222 1881 ἑαυτοῦ
1233 1854 1410 1890 ζωοποιήσας
1420 1854 1485 1880 ναὸν
1496 1874 1503 1885 ,
1517 1854 1568 1880 οὐκ
1579 1854 1610 1887 ἐξ
1625 1854 1767 1885 ἀσθενείας

971 1899 1050 1926 τοῦτο
1077 1899 1217 1935 κατορθῶν
1243 1899 1398 1935 σαρκικῆς,
1421 1899 1477 1925 ἀλλ’
1503 1899 1540 1929 ὡς
1565 1900 1598 1925 ὲκ
1623 1899 1766 1934 δυνάμεως

972 1947 1050 1973 Θεοῦ·
1069 1945 1164 1972 ιἜστι
1177 1946 1204 1972 δὲ
1219 1946 1298 1977 αὐτὸς
1314 1945 1459 1981 ήδύναμις
1471 1945 1519 1972 τοῦ
1536 1946 1656 1980 Πατρὸς.
1671 1947 1688 1982 ἡ
1705 1946 1765 1972 dud-

972 2002 1066 2025 στασις
1079 1993 1127 2020 καὶ
1137 1995 1153 2028 ἡ
1169 1993 1236 2028 ζωή.
1245 2003 1253 2018 ι
1271 1995 1310 2029 Ζῇ
1323 1993 1470 2028 τοιγαροῦν
1478 1993 1533 2020 ἀεὶ·
1542 1993 1600 2029 ζωὴ
1614 1994 1670 2028 γάρ
1683 1995 1763 2020 ἐστιν.

973 2041 1034 2067 ’Ὁτι
1048 2040 1076 2067 δὲ
1091 2040 1138 2066 καὶ
1158 2041 1238 2075 ἡμεῖς
1253 2040 1373 2075 ζήσομεν
1388 2040 1437 2066 σὺν
1455 2040 1530 2075 αὐτῷ
1540 2060 1548 2072 ,
1565 2040 1765 2076 συιησθενηκόα

971 2095 1016 2118 τες
1029 2086 1104 2121 αὐτῴ
1116 2106 1123 2117 ,
1141 2086 1212 2112 κατά
1227 2094 1258 2118 γε
1275 2085 1305 2111 τὸ
1321 2084 1505 2120 ἀποθνήσκειν
1521 2086 1607 2118 τέως,
1627 2086 1652 2112 ει
1674 2087 1720 2112 καὶ
1739 2087 1766 2112 ἐν

971 2133 1078 2159 ἐλπίσιν
1093 2131 1176 2166 ἐσμὲν
1189 2131 1237 2166 τῆς
1250 2132 1290 2163 εὶς
1302 2131 1389 2157 αἰῶνα
1408 2131 1495 2167 ζωῆς,
1513 2131 1573 2164 πῶς
1589 2132 1664 2158 ἐστιν
1681 2133 1765 2167 ἀμφι-

972 2178 1079 2211 ϐαλεῖν;
1101 2178 1214 2204 Ἀνεϐίω
1228 2177 1283 2212 γὰρ
1296 2179 1328 2204 ἐκ
1343 2177 1449 2212 νεκρῶν
1461 2198 1469 2211 ,
1493 2177 1552 2209 ὁδὸς
1573 2179 1613 2210 εἰς
1631 2179 1707 2214 ζωὴν
1723 2188 1765 2213 γε-

971 2224 1057 2259 γονὼς
1078 2225 1111 2259 τῇ
1137 2224 1227 2258 φύσει.
1254 2223 1369 2259 Εἴρηται
1393 2223 1447 2259 γὰρ
1472 2224 1648 2260 πρωτότοκος
1673 2226 1706 2251 ἐκ
1725 2234 1765 2252 νε-

129 2267 211 2294 simul
220 2274 279 2294 cum
290 2267 334 2294 illo
344 2267 501 2294 inﬁrmitate
509 2267 644 2303 jactamur
655 2274 768 2297 mortem
781 2270 918 2304 obeundo,

1009 2270 1056 2301 ῶν,
1076 2279 1085 2295 ι
1113 2270 1161 2296 καὶ
1179 2279 1187 2294 ι
1203 2269 1313 2305 ἀπαρχὴ
1329 2269 1383 2296 τῶν
1398 2270 1620 2304 κεκοιμημένων.
1642 2280 1651 2295 ι

128 2314 252 2347 quamvis
275 2319 348 2341 certa
374 2319 482 2342 :eternre
509 2322 556 2350 spe
586 2320 780 2345 sustentemur.
805 2317 913 2346 Revixit
932 2319 1004 2347 enim
1028 2325 1061 2345 ex
1107 2317 1234 2348 mortuis,
1263 2322 1366 2344 natura:
1397 2322 1497 2344 nostra:

1545 2317 1596 2345 iter
1624 2319 1658 2344 ad
1683 2319 1763 2346 vitam

128 2360 274 2387 muniens:
309 2361 458 2394 appellatus
494 2366 537 2388 est
571 2362 643 2389 enim
679 2373 689 2388 ι
715 2365 915 2399 primogenitus
934 2374 968 2394 εν
1001 2365 1116 2391 mortuis
1127 2365 1161 2397 ⁵³,
1175 2374 1184 2390 ι
1204 2369 1232 2391 et
1253 2373 1262 2389 ι
1284 2364 1410 2399 primitize
1427 2365 1622 2392 dormientium
1635 2365 1691 2392 “.i

164 2404 217 2432 LV.
237 2414 246 2430 ι
264 2405 343 2432 Nune
358 2406 448 2432 anima
474 2414 531 2434 mea
548 2408 656 2434 turbata
671 2413 723 2434 est.
741 2408 772 2435 Et
799 2410 862 2444 quid
878 2411 919 2436 di-

128 2458 186 2478 eam
199 2451 212 2478 ι
229 2451 318 2484 Pater,
339 2452 412 2478 salva
436 2459 478 2479 me
495 2460 527 2479 ex
547 2453 599 2480 hac
620 2454 698 2481 hora.
728 2453 783 2482 Sed
809 2461 919 2490 propter

129 2497 180 2524 hoc
198 2497 259 2523 veni
280 2497 306 2524 in
329 2497 422 2524 horam
446 2501 516 2525 hanc
527 2499 560 2526 ".
581 2508 590 2524 ι
607 2514 639 2519 ——
662 2509 671 2525 ι
688 2499 782 2533 Pater,
799 2502 918 2529 clariﬁca

128 2541 225 2569 Filium
244 2547 318 2570 tuum
330 2542 363 2570 "‘.
381 2553 390 2569 ι
418 2543 450 2570 Et
463 2545 517 2571 alio
533 2545 592 2572 loco
618 2554 740 2573 rursum:
762 2557 770 2572 ι
789 2547 820 2574 Et
835 2549 919 2582 cmpit

129 2588 286 2616 contristari
313 2594 340 2616 et
364 2596 477 2618 Intestus
504 2598 574 2624 esse,
593 2597 620 2618 et
644 2592 731 2620 dixit:
754 2593 853 2621 Tristis
877 2599 919 2621 est

169 2664 188 2680 ⁶¹
205 2665 225 2691 ΙΙ
240 2665 303 2693 Cor.
321 2675 380 2696 xm.
395 2668 422 2699 ὅ,
437 2668 463 2694 4.

502 2669 524 2684 ⁴¹
538 2669 620 2697 llebr.
639 2678 657 2701 ι,
674 2671 717 2702 14,
736 2671 778 2698 i5.

132 2707 176 2732 xv,
189 2701 234 2728 20.

275 2702 297 2717 ’⁸⁷
314 2702 392 2730 Joan.
414 2712 462 2735 xu,
478 2703 522 2731 27.
563 2705 585 2720 ⁸⁸
598 2705 675 2733 Joan.
696 2714 763 2738 xvn,
782 2707 807 2733 1.

819 2671 864 2697 ⁸³1
882 2672 944 2699 Cor.
961 2679 980 2702 l,
993 2672 1040 2698 21.

1006 2410 1069 2436 NE'.
1088 2418 1097 2435 ‹
1111 2409 1169 2435 Νῦν
1186 2410 1202 2444 ἡ
1217 2409 1290 2445 ψυχή
1305 2418 1356 2444 μου
1371 2409 1551 2444 τευάρακται.
1568 2411 1625 2437 Καὶ
1636 2411 1664 2437 τί
1676 2411 1762 2444 sim;

970 2456 1081 2490 Πάτερ.
1098 2455 1184 2482 σῶσόν
1207 2464 1242 2489 με
1264 2456 1296 2482 ἐκ
1322 2455 1371 2490 τῆς
1392 2455 1467 2490 ὧρας
1486 2457 1601 2492 ταύτης.
1626 2457 1709 2483 Ἀλλὰ
1723 2457 1764 2483 διὰ

970 2501 1049 2528 τοῦτο
1060 2499 1142 2536 ἦλθον
1153 2502 1191 2532 εἰς
1200 2501 1250 2536 τὴν
1259 2501 1337 2537 ὥραν
1350 2502 1533 2536 ταύτην.›-‹
1540 2502 1644 2537 Πάτερ,
1654 2503 1763 2535 δόξασόν

971 2557 1018 2575 σου
1033 2549 1078 2575 τὸν
1088 2548 1159 2574 Υἱόν.
1181 2557 1189 2574 ι
1208 2548 1263 2574 Καὶ
1275 2548 1367 2574 πάλιν·
1384 2557 1393 2574 ι
1409 2549 1531 2584 Ἤρξατο
1547 2549 1704 2581 λυπεῖσθαι,
1719 2550 1763 2577 καὶ

970 2594 1126 2629 ἀδημονεῖν,
1146 2594 1192 2620 καὶ
1208 2594 1308 2628 λέγειν·
1323 2594 1479 2629 Περίλυπός
1498 2596 1574 2622 ἐστιν
1590 2596 1608 2631 ἡ
1623 2596 1699 2632 ψυχή
1717 2605 1762 2632 μου

1079 2672 1101 2687 ⁸⁸
1116 2671 1193 2699 Joan.
1210 2680 1248 2705 xi,
1262 2671 1307 2699 25.
1346 2673 1368 2688 ⁸⁵
1385 2673 1492 2702 Coloss.
1514 2681 1534 2706 I,
1555 2674 1597 2701 18.
1639 2675 1662 2692 ⁸⁸
1681 2676 1763 2704 lCor.

687 2773 773 2801 Variae
789 2774 920 2802 lectiones
936 2774 1040 2802 codicis
1051 2775 1234 2804 Seuuiertaui.

166 2845 188 2860 -
201 2842 276 2877 ἡμῖν,
313 2848 326 2862 ιλ
339 2843 473 2870 ἀδυνατεῖ.
511 2848 524 2862 ο
540 2844 760 2880 ἐπενηνεγμένοι.

802 2851 814 2870 ιι
832 2845 1009 2880 ἀτιμότατον.

1050 2850 1063 2870 ιι
1078 2845 1293 2880 δυνατωτάτους,
1308 2846 1372 2883 [vel]
1397 2847 1598 2883 δυνατωτάτην.
