1872 3057
95 97 159 127 141
165 100 182 128 5

521 100 566 127 ΑΙ)
585 88 737 127 ΒΕΕΙΝΛἏ
756 99 800 127 DE
820 100 933 129 RECTA
955 102 1033 130 FIDE
1051 104 1182 133 ORATlO
1200 107 1351 136 ALTERA.

1672 112 1744 142 MM

93 156 164 191 ἕως
187 159 316 187 θανάτου.
344 170 353 187 ι
372 161 428 188 Καὶ
450 161 540 188 πάλιν*
569 172 578 187 ι
601 162 657 188 Καὶ
671 163 799 198 φωνήσας
824 166 893 199 φωνᾷ

985 166 1042 193 lima
1059 174 1117 194 mea
1133 176 1218 203 usque
1233 170 1266 197 ad
1285 176 1398 199 mortem
1409 172 1442 199 ⁵⁵.
1463 182 1471 198 ι
1490 173 1520 200 Et
1536 181 1661 201 rursum:
1681 185 1690 200 ι
1709 176 1742 202 Et

97 205 217 240 μεγάλῃ
241 207 256 232 ό
286 206 409 241 Ἰησοῦς,
437 204 515 233 εἶπε*
542 208 652 244 Πάτερ,
683 210 723 240 εἰς
745 210 838 244 χεῖράς
855 219 901 236 σου

96 251 282 287 παρατίθημι
296 257 306 271 ι’
320 253 350 279 τὺ
362 253 471 289 πνεῦμά
487 263 548 289 μου.
566 264 574 280 ν
591 255 623 281 Οἱ
635 255 686 290 τῆς
712 255 901 290 Ἀπολιναρὶου

95 295 188 332 δόξης
213 297 364 333 ἡττώμενοι
394 301 441 326 καὶ
467 300 501 326 τὰ
531 300 606 335 αὑτῷ
632 300 763 328 δοκοῦντα
794 303 902 337 φρονεῖν

98 342 265 378 ᾑρημένοι,
282 344 454 379 ἐνιστάμενοι
470 354 500 371 τε
522 347 569 372 καὶ
584 346 709 381 λέγοντες
720 366 727 378 ,
745 346 848 381 ἄψυχόν
871 356 902 374 τε

100 390 158 416 καὶ
170 390 251 416 ἄνουν
266 391 400 426 ὑπάρχειν
419 392 464 418 τὸν
477 392 613 419 ἐνωθέντα
632 392 671 428 τῷ
690 393 768 427 Λόγῳ
782 393 854 426 ναὸν,
876 393 901 420 τί

99 433 143 469 δὴ
157 434 212 470 ἄρα
233 437 311 469 φαῖεν
326 436 370 470 ἂν,
392 437 570 472 γεγραφότων
591 439 657 473 ἡμῖν
676 438 711 465 τὰ
736 438 826 465 τοιάδε
846 438 901 465 τῶν

105 481 200 515 ἁγίων
213 482 415 516 εὐαγγελιστῶν
427 484 490 520 περὶ
503 484 549 510 τοῦ
561 484 669 511 πάντων
682 484 760 520 ἡμῶν
775 484 902 520 Σωτῆρος

102 527 248 562 Χριστοῦς
262 529 362 561 Πτοίας
379 529 428 564 μὲν
444 530 499 566 γὰρ
510 551 517 562 ,
533 532 581 558 καὶ
601 531 705 566 λύπης,
726 533 775 559 καὶ
793 532 847 559 τῶν
861 534 902 564 εἰς

103 573 211 600 δειλίαν
235 575 408 610 αἱτιαμάτων
424 576 600 609 ἁνεπίδεκτος
624 578 764 609 παντελῶς
789 579 832 613 εἴη
857 578 899 611 ἂν,

102 620 183 646 κατὰ
194 629 226 655 γε
240 621 270 646 τὸ
284 621 368 653 εἰκὸς,
383 622 399 656 ὴ
417 622 476 648 θεία
493 631 523 649 τε
540 625 587 650 καὶ
601 624 730 650 ἀνωτάτω
748 624 795 651 τοῦ
813 625 900 658 Λόγου

105 665 201 700 φύσις.
218 667 418 702 Παραιτήσεται
438 668 493 703 γὰρ
507 670 545 700 εἰς
560 668 633 696 ἂπαν
653 670 683 696 τὺ
704 670 732 696 ἐν
751 679 783 704 γε
797 670 901 702 τούτοις

106 709 180 738 εἶναι
195 720 260 738 ποτε
271 732 278 744 ,
292 712 338 739 καὶ
353 713 448 740 παθῶν
460 714 528 746 ὅλως
547 714 601 741 τῶν
626 715 687 742 καθ’
700 717 774 751 ἡμᾶς
789 718 839 742 οὐκ
855 717 901 742 ἀν-

106 757 210 791 έξεται.
229 758 314 794 Σῶμα
329 759 357 786 δὲ
381 760 464 786 πάλιν
479 760 581 796 ἄψυχόν
599 770 629 788 τε
653 762 700 788 καὶ
711 763 790 789 ἄνουν
803 762 852 789 οὐκ
868 763 900 789 ἂν

105 805 259 838 εἰσδέξαιτο
274 806 373 842 λύπην,
390 807 447 834 ἀλλ’
463 809 517 835 οὐδ’
530 809 562 835 ἂν
576 809 711 845 ἐπινοήσειέ
724 819 752 836 τι
765 810 820 837 τῶν
835 820 900 837 σκυ-

107 852 245 887 θρωπῶν,
272 852 288 888 ἢ
315 853 360 880 τὸν
382 854 415 880 ὲκ
438 854 493 880 τῶν
523 854 633 882 ἔσεσθαι
665 857 899 893 προσδοκωμένων

107 898 312 934 προαναθρήσει
326 899 418 932 φόϐον.
436 900 520 926 Πὰθοι
536 900 558 926 δ’
574 900 606 927 ἂν
621 901 656 928 τὰ
673 902 761 929 τοιάδε
781 903 853 929 κατά
867 912 899 938 γε

107 943 140 970 τὸ
158 945 251 975 πᾶσιν,
268 945 305 976 ὥς
318 954 349 979 γε
370 943 447 980 οἶμαι
460 966 467 978 ,
483 946 586 973 δοκοῦν.
609 947 688 983 Ψυχὴ
703 949 799 983 λογικὴ
813 958 898 976 κατα-

108 991 280 1026 σκεπτομένη
296 991 335 1026 τῷ
360 991 395 1026 νῷ
414 992 449 1018 τὰ
458 1001 488 1018 τε
505 992 556 1028 ἤδη
571 993 692 1028 παρόντα
702 1013 710 1026 ,
725 994 772 1021 καὶ
786 995 855 1030 πρός
867 1004 898 1029 γε

106 1036 213 1068 τούτοις
226 1037 261 1064 τὰ
281 1037 486 1074 συμϐησόμενα.
506 1040 568 1072 Πῶς
582 1039 628 1067 οῦν
638 1041 692 1076 ἄρα
707 1042 789 1077 φησιν
802 1043 816 1068 ὁ
834 1043 899 1078 Ἐμ-

108 1083 242 1118 μανουήλ⁸
261 1093 270 1109 ι
286 1084 343 1110 Νῦν
367 1086 383 1121 ἡ
399 1085 470 1120 ψυχή
489 1094 538 1120 μου
560 1087 747 1121 τετάρακται;
769 1098 778 1112 ›
792 1088 850 1120 πῶς
870 1089 898 1115 δὲ

106 1130 156 1156 καὶ
167 1129 268 1164 ἤρξατο
281 1129 423 1157 λυπεῖσθαι
449 1132 497 1158 καὶ
518 1132 684 1167 ἀδημονεῐνς
711 1134 727 1169 ἢ
748 1134 793 1160 καὶ
820 1136 897 1161 ποῖον

106 1174 177 1206 ὅλως
195 1176 236 1207 εἰς
258 1177 353 1211 χεῖρας
370 1176 418 1203 τοῦ
431 1177 498 1204 Θεοῦ
516 1179 562 1204 καὶ
577 1179 684 1214 Harpe;
696 1180 830 1215 παρέθετο
845 1180 896 1216 [τοι

107 1221 236 1257 πνεῦμα,
255 1223 280 1248 εἰ
295 1223 342 1249 καὶ
362 1223 411 1258 τῆς
428 1223 555 1259 θεότητος
568 1224 598 1251 τὸ
615 1225 709 1260 χρῆμά
731 1226 805 1252 ἐστιν
821 1227 898 1253 ἀλλό-

105 1276 193 1302 τριον,
207 1269 254 1295 καὶ
268 1269 335 1304 μηδὲ
347 1270 432 1304 μόνης
443 1270 548 1305 ἀψύχου
561 1272 679 1306 σαρκός;
696 1272 829 1308 Πρόδηλον
840 1270 896 1306 οὖν,

105 1314 150 1340 ὅτι
163 1314 273 1348 γέγονεν
295 1315 437 1351 ἄνθρωπος
450 1317 464 1342 ὁ
481 1317 637 1352 Μονογενὴς
650 1337 657 1348 ,
681 1318 731 1344 οὐκ
745 1318 848 1353 ἄψυχόν
868 1327 897 1345 τε

106 1359 156 1386 καὶ
182 1360 262 1386 ἄνουν
290 1360 369 1396 σῶμα
394 1361 494 1394 λαόὼν,
520 1362 717 1398 ὲμψυχωμένον
744 1364 773 1390 δὲ
797 1364 898 1400 μᾶλλον

104 1405 180 1441 ψυχῇ
202 1406 248 1432 καὶ
261 1406 375 1442 λογικῇ,
405 1407 451 1434 καὶ
467 1407 577 1439 τελείως
594 1408 694 1444 ἐχούσῃ
717 1409 788 1436 κατά
804 1418 836 1443 γε
852 1410 898 1436 τὸν

105 1453 175 1488 αὐτῇ
191 1453 328 1488 πρέποντα
348 1454 436 1487 λόγον.
457 1455 510 1481 Καὶ
527 1454 622 1490 ὥσπερ
639 1455 788 1482 οἰκειοῦται
805 1456 894 1483 πάντα

105 1499 142 1524 τὰ
154 1497 200 1524 τοῦ
216 1499 281 1525 ἰδίου
296 1499 433 1534 σώματος,
448 1500 520 1526 οὕτω
535 1500 582 1527 καὶ
596 1499 632 1527 τὰ
645 1500 695 1536 τῆς
708 1501 806 1536 ψυχῆς.
823 1502 896 1528 Ἔδει

105 1544 161 1578 γὰρ
175 1545 257 1571 αὐτὸν
271 1545 317 1571 διὰ
332 1546 432 1577 παντὸς
446 1545 561 1581 ὁρᾶσθαι
585 1546 747 1582 πράγματος
764 1547 896 1582 σαρκικοῦ

105 1591 154 1616 καὶ
168 1590 284 1625 ψυχικοῦ
301 1591 334 1618 δι’
349 1591 422 1627 ἡμᾶς
435 1596 445 1610 ³
462 1592 605 1627 γεγονότος
623 1593 647 1620 ί.
680 1593 780 1628 Ἐσμὲν
800 1593 829 1619 δὲ
849 1593 896 1621 καὶ

103 1637 188 1672 ἡμεῖς
203 1638 235 1663 ὲκ
251 1637 340 1672 ψυχῆς
352 1638 465 1673 λογικῆς
483 1647 513 1665 τε
527 1639 575 1666 καὶ
595 1639 730 1675 σώματος.
748 1640 852 1676 Ὥσπερ
867 1641 896 1667 δὲ

104 1684 285 1719 οἰκονομικῶς
308 1685 504 1720 συγκεχώρηκε
518 1687 551 1721 τῇ
569 1686 622 1722 ἰδίᾳ
640 1687 724 1721 σαρκὶ
737 1687 784 1713 καὶ
797 1687 896 1714 παθεῖν

105 1730 162 1757 ἔσθ’
177 1731 221 1757 ὅτε
247 1731 280 1757 τὰ
296 1731 350 1758 ἴδια
363 1751 370 1762 ,
385 1732 456 1758 οὕτω
472 1731 553 1758 πάλιν
569 1732 616 1759 καὶ
637 1734 670 1767 τῇ
687 1732 759 1767 ψυχῇ
779 1732 897 1768 συνεχώ-

107 1784 174 1811 ρησε
190 1776 224 1803 τὰ
237 1777 324 1803 οἰκεῖα
340 1777 445 1803 παθεῖν’
463 1777 511 1804 καὶ
525 1778 555 1804 τὸ
570 1778 620 1813 τῆς
641 1778 781 1810 κενώσεως
796 1778 896 1814 μέτρον

103 1823 241 1858 τετήρηκε
254 1823 390 1859 πανταχοῦ
401 1843 409 1855 ,
428 1823 517 1850 καίτοι
529 1824 596 1856 Θεὸς
609 1824 647 1851 ὣν
658 1824 737 1859 φύσει
746 1844 753 1857 ,
766 1825 813 1852 καὶ
826 1824 896 1860 ὑπὲρ

106 1869 198 1895 πᾶσαν
213 1869 261 1904 τὴν
284 1870 384 1897 κτίσιν.
401 1869 584 1905 Παρατίθεται
600 1870 628 1897 δὲ
650 1870 681 1897 τὸ
705 1870 771 1897 ἴδιον
788 1870 896 1906 πνεῦμα

105 1913 145 1950 τῷ
161 1914 221 1951 Θεῷ
243 1915 289 1942 καὶ
311 1915 416 1951 Πατρὶ,
432 1917 557 1942 τουτέστι
579 1916 628 1952 τὴν
655 1916 802 1944 ἑνωοεῖσαν
822 1916 896 1952 αὐτῷ

105 1960 206 1997 ψυχὴν,
225 1962 268 1988 ἴνα
283 1963 356 1998 ἡμᾶς
372 1963 418 1989 καὶ
433 1963 477 1990 διὰ
497 1963 592 1990 τούτου
614 1962 695 1989 πάλιν
715 1963 894 1999 εὖεργετήσῃ.

106 2007 194 2034 Πάλαι
209 2008 258 2043 μὲν
270 2009 325 2044 γὰρ
338 2009 573 2044 ἀπαλλαττόμεναι
583 2008 637 2035 τῶν
650 2008 785 2044 σωμάτων
797 2009 826 2034 ὲν
839 2009 895 2041 τοῖς

106 2054 160 2080 ὑπὸ
171 2053 252 2089 χθόνα
268 2056 364 2090 μυχοῖς
375 2056 403 2082 αἱ
416 2055 469 2082 τῶν
486 2054 638 2090 ἀνθρώπων
652 2054 737 2089 ψυχαὶ
753 2055 894 2090 κατεπέμ-

106 2106 203 2130 ποντο,
217 2098 369 2134 πληροῦσαι
389 2099 423 2126 τὰ
436 2098 484 2125 τοῦ
506 2099 623 2126 θανάτου
637 2100 759 2134 ταμιεῖα.
786 2099 894 2134 Ἐπειδὴ

105 2144 134 2170 δὲ
149 2145 265 2179 Χριστὸς
278 2145 309 2172 τὸ
321 2145 387 2172 ἴδιον
403 2145 515 2181 Πνεῦμα
529 2145 666 2181 παρέθετο
677 2145 716 2181 τῷ
727 2146 831 2181 Πατρὶ,
849 2146 896 2173 καὶ

954 210 1075 239 clamans
1097 220 1161 241 voce
1185 223 1280 249 magna
1306 215 1395 249 Jesus,
1416 218 1453 244 ait
1468 227 1475 245 :
1490 217 1582 250 Pater,
1602 219 1628 246 in
1648 228 1743 246 Inanus

959 259 1018 282 tuas
1030 259 1189 285 commendo
1205 261 1328 294 spiritum
1344 270 1432 289 meum
1441 263 1475 290 ⁵ο.
1492 272 1501 288 ι
1518 263 1568 297 Qui
1581 265 1741 298 Apollinarii

953 302 1108 335 opinionem
1130 311 1290 340 sequuntur,
1319 307 1496 344 ejusdemque
1520 311 1661 338 sententia:
1676 311 1743 338 sub-

953 349 1094 382 scribunt;
1109 350 1136 377 hi
1155 352 1280 386 lmnplum
1309 353 1363 381 Deo
1380 355 1494 386 unitum,
1519 355 1639 383 iuanime
1651 364 1682 383 ac
1700 364 1744 383 ra-

955 394 1027 421 tione
1044 396 1204 423 destitutum
1230 397 1315 426 fuisse
1330 401 1514 427 contendunt:
1535 402 1582 428 sed
1609 403 1674 436 quid
1692 403 1746 436 illi,.

953 441 1080 472 obsecro.
1103 443 1265 476 respondere
1280 450 1403 479 possunt.
1418 453 1479 473 cum
1494 453 1603 474 sanctos
1626 455 1740 483 evange-

954 485 1030 513 listas
1048 487 1111 514 talia
1132 489 1164 515 de
1185 490 1306 518 omnium
1332 497 1455 518 nostrmn
1479 493 1621 520 Salvatore
1645 494 1741 521 litteris

953 532 1105 565 prodidisse
1127 533 1314 567 legunt?Nam
1337 536 1418 572 176
1433 537 1518 571 cujus,
1532 546 1636 572 qua-so,
1657 539 1742 567 tristi-
1786 570 1791 580 τ

953 577 1007 609 tiae,
1036 583 1082 604 aut
1118 586 1211 606 eorum
1239 581 1363 608 omnium
1400 590 1458 616 qua:
1489 589 1590 610 metum
1614 590 1740 619 arguunt,

952 630 1057 651 summa
1076 624 1119 651 illa
1145 626 1288 661 divinaque
1307 628 1385 654 νοτ-Μ
1410 633 1504 655 natura
1523 630 1630 657 tandem
1655 639 1740 666 rapax

952 675 1012 695 esse
1023 669 1127 703 queat?
1140 669 1224 705 Major
1242 676 1285 698 est
1309 673 1392 704 enim,
1407 680 1487 707 quam
1506 682 1565 708 quae
1587 675 1740 703 istiusmodi

953 714 1033 741 rebus
1053 714 1105 741 ulla
1128 720 1204 749 parte
1227 717 1307 750 allici,
1333 723 1379 745 aut
1404 719 1465 745 ullis
1481 720 1592 748 omnino
1617 721 1742 749 humanis

953 760 1204 793 perturbationibus
1228 764 1393 790 commoveri
1425 764 1522 792 valeat.
1549 766 1582 793 At
1620 774 1684 794 vero
1714 768 1740 795 in

953 813 1051 840 corpus
1063 814 1214 841 sensusque
1228 809 1382 844 mentisque
1399 818 1506 845 expers,
1524 811 1641 839 tristitia:
1666 813 1741 840 dolo-

952 852 1022 879 risve
1039 860 1137 880 sensus
1155 853 1254 880 cadere
1267 862 1318 881 non
1345 861 1433 889 potest
1463 866 1470 883 :
1489 857 1535 885 sed
1554 865 1640 893 neque
1657 860 1741 886 mole-

950 898 1030 925 stiam
1045 898 1139 931 ullam,
1157 904 1202 926 aut
1219 900 1302 926 ullum
1316 902 1426 928 omnino
1444 910 1588 930 mterorem
1602 911 1634 931 ex
1652 904 1741 932 immi-

950 944 1072 972 nentiutn
1120 945 1354 973 incommodorum
1398 948 1556 982 provisione
1605 951 1740 986 concipiet

949 990 1113 1025 aliquando;
1139 990 1272 1026 ejusmodi
1295 997 1397 1025 autem,
1428 993 1491 1020 dum
1513 1002 1573 1028 qum
1596 997 1740 1029 prxseutia

950 1042 1024 1069 sunt,
1039 1042 1066 1064 et
1080 1037 1169 1065 adhuc
1185 1038 1274 1065 futura
1295 1040 1450 1073 trahuntur,
1470 1046 1559 1069 mente
1579 1048 1740 1077 pertractat.

950 1083 1039 1110 anima
1059 1084 1174 1111 rationis
1196 1089 1223 1111 ct
1238 1085 1424 1120 intelligentia:
1445 1094 1557 1121 compos
1578 1089 1632 1123 pati
1652 1089 1738 1117 solet:

950 1129 975 1155 id
992 1131 1063 1164 quod
1081 1137 1185 1162 omnes,
1202 1135 1231 1157 ut
1247 1136 1322 1165 puto,
1341 1132 1469 1160 fatentur.
1490 1133 1630 1167 Quomodo
1649 1136 1740 1171 itaque

949 1175 1110 1203 Etumanncl
1127 1177 1181 1204 ait:
1199 1186 1208 1202 ι
1226 1176 1302 1204 Nunc
1325 1179 1415 1205 anima
1433 1186 1490 1206 mea
1511 1181 1617 1208 turbata
1647 1181 1709 1208 est?
1726 1192 1736 1208 ι

949 1223 1084 1256 quomodo
1100 1224 1169 1250 idem
1189 1225 1289 1251 tazdere
1309 1232 1342 1252 ac
1373 1231 1488 1253 maestus
1510 1234 1570 1253 esse
1586 1227 1678 1261 erepit,
1694 1233 1740 1254 aut

948 1267 1054 1301 qualem
1071 1268 1179 1295 laudent
1195 1269 1320 1303 spiritum
1339 1270 1366 1297 in
1387 1279 1483 1298 manus
1496 1271 1584 1300 Patris
1600 1280 1739 1299 commen-

949 1312 1032 1345 davit,
1048 1313 1069 1339 si
1089 1314 1138 1341 lioe
1156 1319 1183 1341 et
1198 1322 1212 1341 ιι
1226 1315 1367 1343 divinitate
1381 1324 1493 1350 prorsus
1507 1317 1624 1344 alieuutn
1643 1323 1695 1350 est,
1711 1323 1740 1344 et

949 1367 963 1385 a
979 1367 1062 1386 carne
1074 1360 1130 1387 sola
1161 1360 1280 1388 inanima
1292 1362 1303 1388 ?
1315 1361 1491 1397 Perspicuum
1521 1369 1561 1390 est
1578 1372 1651 1398 ergo,
1670 1364 1739 1392 lini-

948 1404 1068 1437 genitum
1080 1411 1195 1440 corpore
1208 1413 1359 1440 assumpto,
1369 1415 1421 1434 uolt
1437 1408 1545 1442 quidem
1558 1409 1602 1435 illo
1615 1409 1737 1442 inanimi,

949 1454 996 1476 aut
1018 1456 1110 1478 mente
1138 1452 1280 1484 destituto,
1304 1454 1352 1480 sed
1375 1454 1465 1481 anima
1489 1455 1593 1482 ratione
1614 1456 1736 1490 pra-dita,

949 1496 1098 1531 eademque
1115 1499 1249 1532 perfecta,
1274 1499 1325 1526 hoc
1349 1505 1402 1533 est,
1419 1502 1511 1528 omnia
1536 1509 1595 1536 qua:
1618 1503 1649 1528 ad
1668 1502 1737 1529 illius

949 1541 1081 1569 rationem
1094 1544 1243 1577 pertinent,
1260 1546 1367 1578 sortita,
1385 1547 1522 1574 vivilicato
1535 1553 1563 1575 et
1581 1548 1735 1582 informata,

948 1584 1086 1613 hominem
1105 1586 1206 1614 factum
1229 1596 1298 1616 esse.
1328 1590 1362 1618 Et
1393 1592 1618 1626 quemadmodum
1645 1595 1735 1621 omnia

947 1640 1007 1667 quae
1028 1633 1069 1660 sui
1085 1635 1205 1669 corporis
1219 1641 1280 1662 sunt
1301 1637 1352 1664 sibi
1379 1638 1501 1669 ascribit,
1522 1639 1556 1665 ila
1579 1644 1607 1666 et
1628 1647 1658 1667 ea
1677 1648 1737 1675 quze

947 1679 980 1706 ad
994 1679 1111 1707 animam
1125 1685 1260 1714 spectant.
1284 1682 1400 1710 Necesse
1421 1684 1495 1721 euim_
1522 1684 1571 1711 fuit
1588 1690 1616 1712 ut
1633 1686 1659 1713 iu
1677 1685 1741 1714 om;

947 1724 1040 1756 nibus,
1057 1726 1114 1752 sive
1132 1734 1163 1752 ea
1182 1726 1215 1752 ad
1229 1727 1359 1759 animam,
1376 1728 1433 1754 sive
1450 1729 1484 1754 ad
1499 1736 1596 1764 corpus
1615 1731 1736 1765 pertine—

947 1775 1018 1803 rent,
1039 1771 1116 1799 uobis
1131 1772 1338 1799 assiniilaretur.
1354 1773 1518 1802 Constamus
1536 1780 1626 1803 autem
1641 1781 1666 1804 ct
1687 1767 1741 1804 nos.

946 1823 978 1843 ex
996 1817 1086 1844 anima
1101 1818 1223 1846 rationali
1241 1823 1268 1846 et
1283 1827 1407 1854 corpore.
1426 1820 1608 1854 Quamobrem
1624 1827 1653 1850 ut
1664 1831 1735 1850 non-

946 1869 1082 1896 nunquam
1097 1864 1212 1898 propria:
1229 1865 1303 1892 carni
1321 1873 1352 1892 ea
1368 1867 1426 1900 pati
1459 1867 1657 1900 dispensatorie
1671 1876 1735 1903 per-

946 1910 1069 1936 mittebat
1102 1917 1162 1944 quce
1187 1911 1276 1938 carnis
1303 1916 1367 1939 sunt
1395 1913 1524 1948 propria,
1554 1913 1594 1941 ita
1615 1915 1734 1942 animam

945 1962 994 1982 sua
1006 1963 1114 1990 quoque
1125 1957 1179 1990 pati
1194 1957 1328 1992 permisit.
1344 1958 1464 1994 Denique
1478 1959 1539 1987 licet
1553 1965 1650 1987 natura
1663 1961 1735 1988 Deus

945 2006 1028 2033 esset,
1039 2003 1167 2038 ornuique
1179 2009 1304 2030 creatura
1315 2005 1448 2038 superior.
1463 2013 1523 2040 qua:
1539 2010 1627 2034 tamen
1639 2007 1734 2034 exina-

946 2048 1058 2074 nitionis
1084 2053 1173 2082 erant,
1202 2057 1233 2076 ca
1261 2057 1370 2085 semper
1403 2057 1532 2079 accurate
1567 2053 1732 2080 observavit.

945 2092 1030 2121 Porro
1052 2099 1141 2121 autem
1164 2095 1288 2129 spiritum
1307 2105 1397 2129 suum,
1412 2097 1462 2125 hoc
1475 2102 1526 2131 esl,
1548 2099 1665 2126 animant
1682 2100 1734 2127 sibi

946 2140 1062 2174 unitam,
1080 2140 1135 2168 Deo
1149 2147 1176 2168 et
1193 2141 1266 2168 Patri
1287 2143 1470 2175 commendat,
1487 2149 1516 2170 ut
1528 2151 1598 2171 novo
1625 2152 1732 2172 rursum

105 2190 208 2226 ταύτην
229 2191 295 2226 ἡμῖν
318 2191 470 2218 ὲνεκαίνισε
492 2192 541 2226 τὴν
563 2191 631 2218 ὁδόν.
652 2190 820 2226 Βαδιούμεθα
841 2191 893 2226 γὰρ

985 2187 1079 2213 uelicio
1101 2194 1150 2221 per
1168 2187 1218 2214 hoc
1243 2195 1292 2214 nos
1310 2188 1438 2215 cumulet.
1457 2189 1598 2222 Quondam
1617 2198 1735 2226 namque

105 2237 155 2263 οὐκ
170 2238 209 2268 εἰς
229 2236 293 2272 ᾇδου
309 2237 407 2270 ποθὲν,
423 2236 545 2272 ἑψόμεθα
568 2236 597 2262 δὲ
622 2236 732 2271 μᾶλλον·
755 2236 803 2262 καὶ⁵
822 2236 893 2262 κατὰ

104 2282 184 2309 τοῦτο
202 2282 277 2319 αὐτῷ
290 2283 329 2318 τῷ
352 2283 441 2319 πιστῷ
455 2283 555 2320 κτίστῃ
563 2283 612 2314 τὰς
623 2282 729 2309 ἑαυτῶν
746 2282 894 2318 παρατιθέ-

107 2337 182 2363 μενοι
196 2329 284 2364 ψυχὰς
295 2350 302 2362 ,
315 2330 345 2356 ὲν
358 2329 464 2356 ἐλπίσιν
479 2330 563 2364 ἐσμὲν
585 2329 714 2360 ἀγαθαῖς·
737 2329 829 2364 ἐγερεῖ
843 2329 896 2363 γὰρ

105 2374 228 2407 ἅπαντας
242 2376 256 2402 ὁ
269 2375 396 2408 Χριστός.

951 2233 1076 2260 humanae
1089 2233 1185 2259 auium:
1207 2233 1367 2268 corporibus
1381 2239 1470 2262 exuta:
1486 2235 1520 2262 ad
1542 2236 1733 2264 subterraneos

950 2285 1075 2304 carceres
1100 2278 1321 2311 demittebantur,
1348 2280 1444 2307 mortis
1475 2281 1645 2315 receptacula
1680 2282 1735 2310 illic

945 2324 1114 2357 impletum:
1131 2328 1159 2350 at
1185 2332 1248 2351 vero
1265 2330 1441 2359 posteaquam
1466 2324 1590 2354 Christus
1609 2327 1734 2362 spiritum

945 2376 1023 2396 suum
1040 2369 1067 2396 iu
1099 2378 1196 2398 manus
1219 2369 1309 2397 Patris
1329 2372 1539 2404 commendavit,
1561 2372 1642 2400 etiam
1665 2373 1735 2401 hanc

947 2416 1016 2442 viam
1035 2416 1112 2443 nobis
1128 2417 1287 2444 demutavit.
1297 2416 1352 2444 Nec
1367 2417 1439 2444 enim
1458 2426 1529 2446 nunc
1546 2420 1735 2447 descendimus

109 2465 142 2491 ad
161 2464 272 2494 inferos.
290 2464 336 2491 sed
350 2464 446 2492 ducem
464 2469 586 2492 nostrum
601 2471 671 2498 pone
695 2463 897 2498 sulisequimur,
919 2462 1072 2496 animisque
1081 2463 1180 2490 nostris
1191 2463 1227 2489 illi
1237 2463 1318 2490 veluti
1331 2463 1384 2490 lida
1413 2463 1548 2492 conditori
1569 2465 1732 2497 commissis,

109 2511 241 2543 tantisper
253 2510 320 2536 bona
337 2517 384 2544 spe
396 2509 515 2537 vivimus
530 2510 617 2543 quoad
629 2509 755 2536 Christus
771 2509 912 2536 universos
933 2507 1043 2534 tandem
1060 2508 1092 2535 ad
1109 2509 1191 2535 vitam
1205 2509 1355 2536 revocabit.

143 2555 213 2588 NCT.
238 2564 246 2580 ι
262 2554 361 2587 Καθὼς
372 2555 514 2581 ἀπέστειλέ
533 2563 566 2590 με
590 2555 604 2581 ὁ
617 2554 671 2586 ζῶν
687 2555 792 2590 Πατὴρ,
815 2553 893 2588 κάγὼ

106 2601 144 2633 ξώ
158 2600 201 2627 διὰ
218 2600 264 2626 τὸν
280 2601 406 2636 Πατέρα”
421 2601 468 2627 καὶ
485 2602 500 2627 ὁ
514 2600 628 2636 τρώγων
644 2609 688 2635 με,
705 2600 828 2632 κάκεῖνος
842 2600 892 2635 ζή-

107 2654 147 2672 σει
162 2652 174 2666 ιι
198 2645 231 2672 δι’
247 2646 307 2680 ἐμέ.
321 2655 330 2672 ι
359 2646 461 2678 Ἡδέως
485 2647 518 2673 ἂν
544 2646 684 2682 ἐπυθόμην
705 2647 758 2674 τῶν
782 2647 822 2678 εἰς
846 2646 894 2673 δύο

153 2717 164 2731 ⁹
175 2714 272 2742 Matth.
288 2723 363 2749 nvt,
377 2715 424 2743 27.
462 2715 485 2731 '°
503 2715 568 2743 Luc.
584 2724 675 2748 xxtut,
690 2715 736 2744 46.

985 2552 1052 2579 LVI.
1071 2561 1080 2578 ι
1100 2553 1175 2580 Sicut
1189 2554 1263 2582 misit
1278 2562 1321 2582 me
1339 2555 1431 2582 vivens
1446 2554 1537 2588 Pater,
1551 2560 1578 2583 et
1589 2562 1638 2591 ego
1654 2556 1733 2592 177

947 2599 1009 2627 vivo
1021 2605 1132 2635 propter
1146 2599 1254 2626 Patrem
1273 2609 1280 2627 :
1297 2606 1324 2627 et
1341 2601 1386 2636 qui
1398 2602 1545 2629 manducat
1560 2609 1615 2634 me.
1633 2608 1661 2630 et
1675 2603 1733 2637 ipse

946 2646 1019 2674 vivet
1040 2651 1149 2682 propter
1169 2654 1212 2674 me
1225 2646 1259 2673 θ’.
1279 2655 1288 2672 ι
1306 2645 1434 2675 Libenter
1459 2647 1503 2676 hic
1518 2655 1565 2676 eos
1581 2648 1732 2684 interroga-

775 2716 797 2732 "
811 2715 890 2744 Joan.
903 2723 940 2747 vr,
953 2717 979 2744 5.

659 2774 746 2802 Varia:
763 2774 895 2803 lectiones
913 2775 1016 2803 codicis
1033 2774 1213 2810 Seguterlani.

144 2838 155 2853 τ
168 2833 361 2869 παρατίθεμαι.
404 2838 413 2852 ⁹
434 2834 492 2862 καθ’
506 2835 588 2870 ἡμᾶς.
631 2836 639 2854 ε
655 2835 795 2869 γεγονότα.

835 2839 847 2853 υ
867 2835 986 2871 ζήσεται.
