1872 3057
100 109 122 135 Ἰ
134 110 190 138 III?

529 109 575 136 AD
593 109 742 137 RECINAS
762 110 804 138 DE
827 110 939 138 RECTA
961 112 1041 139 FIDE
1059 111 1190 139 ORATIO
1210 111 1362 139 ALTERA.

1683 111 1754 140 HIS

103 169 212 206 ζωήνς
230 170 313 197 Τουτὶ
331 170 397 206 γὰρ,
410 169 498 206 οἶμαι,
516 171 582 206 φαίη
603 180 644 203 τις
666 172 709 199 ἄν.
727 172 802 207 Ἔχει
824 173 912 200 τοίνυν

1006 173 1091 201 'aliter
1114 173 1203 208 potius
1226 172 1306 207 quasi
1341 170 1546 200 subslantialem
1581 170 1699 198 fructum
1724 171 1752 198 in

103 216 157 248 ὡς
179 215 209 248 ἐξ
230 216 313 244 αὐτοῦ
335 216 405 243 κατὰ
428 216 510 251 φύσιν
537 217 677 252 ὑπάρχων,
700 217 729 243 ἐν
750 218 839 253 ἑαυτῷ
859 219 909 253 τὴν

105 262 203 298 ζωὴν,
217 263 283 289 καθὸ
297 264 397 290 νοεῖται
409 263 484 294 Θεός.
497 263 609 299 Δέχεται
622 264 649 290 δὲ
666 264 764 299 μᾶλλον
780 264 849 300 μετὰ
863 263 910 291 τοῦ

106 309 166 335 καὶ
183 309 287 344 κρίνειν
305 309 399 344 αὐτὴν,
415 310 505 336 καίτοι
521 310 617 345 κριτὴς
636 310 768 345 ὑπάρχων
781 310 908 343 ὡς’Θεός.

107 353 175 381 Καὶ
191 355 233 386 τίς
251 355 283 382 ἂν
299 356 341 391 εἴη
359 355 406 382 τοῦ
429 356 523 383 λαϐεῖν
537 357 550 383 ὁ
565 356 683 392 τρόπος,
706 357 804 390 διδάξει
824 357 910 391 λέγων

104 400 211 432 αὐτὸς,
225 401 266 428 ὅτι
281 409 290 426 ί
307 401 370 432 Υἱὸς
387 402 531 437 ἀνθρώπου
543 402 626 429 ἐστίν.
639 412 647 427 ν
661 403 698 428 0'3
714 402 767 438 γὰρ
785 402 850 429 [διον
862 403 911 429 ἀν-

111 446 231 481 θρώπου
241 446 272 473 τὸ
282 446 410 473 δύνασθαι
422 447 527 474 οἴκοθεν
538 447 610 483 ἔχειν
620 447 669 482 τὴν
681 448 762 482 ζωήν,
778 457 787 473 ι
803 447 912 483 Ἐπειδὴ

106 491 147 518 δὲ
170 492 234 518 ἴδιον
255 492 351 526 γέγονε
370 493 417 519 τοῦ
434 493 534 526 ζῶντος
561 494 650 528 Λόγου
675 494 705 519 τὸ
723 494 822 520 ἑνωθὲν
838 494 913 529 αὐτῷ

112 538 210 572 σῶμα,
226 538 311 574 ταύτῃ
331 547 371 565 τοι
387 539 434 565 καὶ
454 539 527 574 μάλα
541 540 669 572 εἰκότως,
685 539 722 571 ὡς
746 539 814 574 ἔχων
831 539 913 566 αὑτοῦ

109 585 169 620 τὴν
191 585 322 617 ζωοποιὸν
343 586 495 621 ἐνέργειαν,
521 586 613 613 λαϐεῖν
629 586 738 620 λέγεται
760 586 808 621 τὴν
828 585 913 620 ζωήν.

112 632 276 659 Οίκειοῦται
290 632 318 659 δὲ
335 632 416 659 πάλιν
428 633 457 659 τὸ
473 632 568 668 χρῆμα
583 632 674 665 αὐτὸς,
688 630 719 660 οὗ
731 632 778 658 καὶ
791 632 854 658 ἴδιον
869 632 915 666 γέ-

113 686 184 711 γονε
201 678 280 713 σῶμα
294 678 324 704 τὸ
342 678 462 713 εἰληφός.

965 220 1057 254 seipso
1069 220 1257 247 exsistenteni.
1277 219 1367 253 Atque
1393 218 1425 244 ad
1449 218 1575 245 eumdem
1599 218 1708 245 modum
1726 221 1754 245 et

964 267 1034 294 Filio
1055 275 1164 302 quoque
1189 267 1273 294 vitam
1291 265 1318 293 in
1335 266 1481 300 semetipso
1496 266 1596 293 habere
1615 265 1700 292 dedit.
1716 265 1752 292 Et

964 316 1101 349 quomodo
1116 314 1213 345 Filius,
1225 321 1288 341 cum
1303 313 1386 340 vitain
1404 320 1417 339 a
1435 313 1514 340 Patre
1526 313 1673 346 acceperit,
1685 311 1752 339 sub-

966 361 1128 387 stantialiter
1151 368 1211 388 eam
1234 360 1260 386 in
1281 367 1311 387 se
1331 359 1418 394 possit
1443 358 1567 386 habere?
1582 359 1610 385 Id
1627 365 1754 393 namque,

966 409 996 432 ut
1009 409 1085 439 puto,
1101 405 1201 440 aliquis
1214 404 1304 432 dicere
1320 405 1418 439 possit.
1434 403 1520 431 llabet
1537 411 1601 438 ergo
1615 408 1642 430 et
1657 402 1753 434 Filius,

966 457 1027 477 cum
1043 450 1076 477 ab
1095 450 1154 484 ipso
1165 449 1248 476 Patre
1263 450 1410 476 secundum
1425 453 1552 475 naturam
1565 449 1611 479 sit,
1630 447 1713 474 vitam
1727 447 1755 474 in

967 496 1067 530 seipso,
1087 501 1168 531 prout
1184 496 1254 523 Deus
1267 500 1328 523 est:
1346 500 1375 522 at
1389 502 1455 523 vero
1473 503 1525 522 una
1542 493 1755 528 cumjudicandi

966 546 1100 576 potestate
1130 541 1203 568 illam
1227 542 1368 575 accepisse
1398 540 1516 573 dicitur,
1541 545 1599 567 esto
1625 545 1655 566 ut
1680 539 1752 567 Deus

966 588 1086 615 omnium
1096 586 1178 621 judex
1192 588 1316 615 exsistat.
1330 587 1414 615 Porro
1422 592 1512 614 autem
1528 594 1587 622 qua:
1602 586 1755 621 suscipien-

967 633 993 659 di
1010 633 1237 666 exstiteritratio,
1262 634 1289 661 id
1318 634 1374 669 ipse
1402 634 1532 666 insinuat,
1564 634 1628 660 dum
1657 633 1754 660 addit:

970 687 979 703 ι
996 677 1065 711 Quia
1085 677 1170 705 Filius
1199 679 1315 706 hominis
1330 683 1382 706 est.
1402 688 1412 705 ι
1432 678 1489 706 Νοη
1516 679 1588 706 enim
1614 678 1754 712 proprium

112 728 162 750 est
181 724 283 750 homini
309 724 391 751 vitam
409 732 423 750 :i
445 725 591 758 semetipso
612 724 712 751 habere
729 731 809 757 posse
827 732 834 750 :
864 724 910 751 sed
931 723 993 758 quia
1030 731 1128 758 corpus
1152 724 1242 751 Verbo
1266 725 1370 751 unitum
1398 724 1514 752 viventis
1536 723 1616 750 Verbi
1656 723 1757 750 factum

115 774 161 795 est
186 769 336 804 proprium,
368 774 523 803 propterea,
546 776 572 796 ei
590 768 615 796 id
650 769 762 803 quidem
778 767 923 795 admodum
965 769 1166 801 convenienter,
1195 770 1279 796 vitam
1314 770 1452 804 accepisse
1481 770 1602 802 dicitur,
1630 774 1757 804 tanquam

114 817 255 844 viviticam
282 817 367 852 ipsius
389 817 527 844 actionem
554 816 670 844 habens.
686 816 754 843 Item
787 824 851 844 vero
881 816 938 851 ipse
957 817 984 844 in
1019 824 1048 844 se
1068 816 1208 851 transfert,
1231 817 1310 852 cujus
1335 818 1476 853 proprium
1502 818 1602 845 factum
1624 822 1665 845 est
1691 817 1757 845 illud

116 871 231 898 corpus,
253 864 323 898 quod
341 863 425 890 vitain
441 862 557 897 accepit.

111 936 185 962 ’Ὅτι
199 934 257 961 κᾶν
271 934 339 966 Υἱὸς
353 933 511 967 ἀνθρώπου
524 931 647 966 λέγηται
661 933 677 958 ό
693 931 830 966 Χριστὸς,
844 930 914 959 ἀλλ’

1006 933 1081 966 Quod
1103 932 1227 960 Christus
1247 941 1323 960 veru:
1346 933 1379 960 sit
1402 933 1479 965 Deus,
1500 933 1606 959 etiamsi
1633 932 1722 960 Filius

239 969 336 996 ὀὐδὲν
349 967 441 1004 ἧττόν
459 968 525 994 ἐστι
542 968 614 999 Θεὸς
630 967 784 1001 ἀληθινός.

155 1036 222 1062 NII'.
242 1034 328 1066 Αὐτός
341 1034 391 1060 πού
404 1043 484 1069 φησιν
495 1035 509 1060 ὁ
521 1033 624 1068 Κύριος
635 1033 714 1069 ἡμῶν
732 1033 835 1069 Ἰησοῦς
848 1034 915 1069 Χρι-

118 1082 193 1113 στός.
212 1092 220 1107 ι
237 1079 310 1116 Ἀρὰ
326 1089 358 1115 γε
371 1080 456 1107 ἐλθὼν
467 1081 481 1107 ό
498 1080 561 1111 Υἱὸς
577 1079 624 1106 τοῦ
641 1079 785 1117 ἀνθρώπου
803 1081 915 1117 εὑρήσει

117 1128 169 1162 τὴν
193 1128 284 1154 πίστιν
301 1128 346 1153 ἐπὶ
372 1127 422 1161 τῆς
441 1127 510 1161 γῆςς
526 1136 535 1152 ›
553 1127 621 1162 Φέρε
644 1127 676 1162 δὴ
697 1126 777 1154 πάλιν
799 1127 845 1154 τὸν
861 1127 916 1154 τῶν

119 1174 272 1209 εἰρημένων
285 1173 474 1208 βασανίζοντες
485 1173 557 1203 νοῦν,
572 1165 660 1199 ἑκέῖνο
673 1173 915 1209 περιαθρήσωμεν,

118 1221 202 1246 ποίαν
228 1220 339 1255 ζητήσει
364 1219 455 1245 πίστιν
472 1219 518 1245 ἐπὶ
541 1219 589 1254 τῆς
609 1219 660 1254 γῆς
683 1219 869 1255 ὑπονοστήσας
887 1219 916 1252 ἐξ

112 1265 243 1300 »οὐρανῶν
265 1266 278 1291 ὁ
302 1265 402 1300 Κύριος
427 1264 508 1299 ἡμῶν
528 1264 632 1299 Ἰησοῦς
656 1265 792 1299 Χριστός;
811 1266 842 1291 Εἰ
868 1266 916 1301 μὲν

119 1312 176 1348 γὰρ
193 1310 369 1338 πιστεύεσθαι
384 1310 453 1346 πρὸς
469 1310 547 1346 ἡμῶν
559 1310 656 1343 ἐθέλει,
668 1310 709 1337 ὅτι
722 1310 787 1342 Θεὸς
803 1311 852 1345 μὲν
867 1312 917 1338 οὐκ

119 1355 207 1387 ἔστιν,
223 1355 283 1381 οὐδὲ
298 1355 363 1386 Θεὸς
380 1355 499 1390 ἀληθῶς,
514 1354 657 1389 ἄνθρωπος
672 1355 700 1381 δὲ
715 1355 824 1390 μᾶλλον,
839 1356 917 1383 οὐδὲν

121 1403 192 1437 ἔχων
204 1402 258 1428 τῶν
270 1402 331 1428 καθ’
343 1402 415 1436 ἡμᾶς
429 1401 557 1427 ἐπέκεινα
567 1411 574 1416 ·
589 1400 647 1432 πῶς
658 1399 690 1427 ἂν
704 1401 850 1428 ἐνδοιάσειέ
863 1410 914 1435 τις,

120 1448 163 1473 ὅτι
176 1448 224 1483 τὴν
240 1447 344 1474 τοιάνδε
361 1446 496 1481 διάληψιν,
513 1446 597 1482 ἤγουν
615 1447 706 1472 πίστιν
720 1455 750 1473 τε
765 1448 812 1474 καὶ
825 1447 915 1482 δόξαν,

120 1496 152 1521 οὐ
172 1496 236 1530 παρ’
249 1495 314 1530 ἡμῖν
330 1494 439 1529 εὑρήσει
458 1493 570 1528 μᾶλλον,
591 1493 659 1520 ἀλλὰ
676 1494 741 1529 παρ’
759 1493 872 1529 Ἕλλησί
886 1503 916 1520 τε

122 1542 170 1568 καὶ
189 1541 342 1574 Ἰουὸαίοιςς
360 1540 559 1576 Εὶδωλολάτραι
575 1540 626 1575 μὲν
643 1540 698 1576 γὰρ
715 1541 762 1567 καὶ
774 1542 800 1567 οἱ
815 1542 847 1576 τῇ
861 1541 918 1567 κτί-

124 1597 166 1614 σει
183 1588 257 1622 παρὰ
270 1588 315 1614 τὸν
332 1587 452 1622 Κτίστην
471 1587 660 1623 λατρεύοντες,
675 1587 790 1622 σταυρὸν
804 1587 917 1614 ἀκούον-

1225 969 1338 995 hominis
1352 968 1509 1003 appelletur.

1004 1035 1094 1063 LVIII.
1123 1035 1257 1063 Dominus
1283 1040 1380 1062 noster
1403 1034 1483 1062 .Iesus
1505 1035 1633 1063 Christus
1657 1035 1758 1063 alicubi

969 1082 1007 1110 ita
1030 1082 1086 1110 ait:
1115 1091 1126 1108 ‹
1157 1081 1355 1108 Verumtamen
1383 1081 1468 1108 Filius
1492 1081 1611 1109 hominis
1637 1083 1759 1113 veniens,

969 1127 1180 1162 putasinveuict
1196 1128 1277 1155 [idem
1290 1128 1318 1154 in
1336 1133 1410 1154 terra
1423 1127 1471 1154 ην
1489 1137 1498 1154 ι
1517 1128 1639 1161 Agedum
1661 1128 1759 1155 horum

969 1175 1115 1202 verborum
1133 1182 1245 1201 sensum
1269 1174 1302 1201 ad
1321 1173 1439 1201 libellam
1454 1174 1650 1208 expendentes,
1668 1175 1762 1201 videa-

971 1219 1262 1254 inus,ecqualemnam
1287 1219 1367 1246 (idem
1404 1219 1536 1247 Dominus
1561 1225 1656 1247 noster
1680 1219 1761 1247 Jesus

969 1266 1098 1293 Christus
1121 1265 1186 1292 olim
1208 1273 1223 1292 e
1238 1265 1309 1293 coelo
1331 1273 1493 1292 reversurus
1519 1266 1619 1300 exiget.
1646 1265 1714 1293 Nam
1738 1267 1762 1293 si

970 1312 1052 1340 homo
1072 1316 1176 1339 tantum
1192 1311 1264 1339 nulla
1280 1319 1309 1339 re
1324 1313 1432 1339 caeteris
1453 1317 1583 1346 praestans
1599 1320 1612 1339 a
1630 1313 1683 1339 Deo
1706 1321 1759 1340 no-

971 1359 1013 1385 bis
1038 1358 1096 1385 vult
1115 1358 1201 1391 credi,
1224 1366 1278 1385 non
1304 1359 1388 1385 etiam
1415 1358 1503 1391 Deus,
1536 1363 1583 1385 aut
1608 1366 1689 1386 verus
1714 1359 1762 1386 Dei

970 1404 1069 1437 Filius,
1101 1404 1237 1432 neminem
1261 1404 1388 1431 dubitare
1402 1404 1533 1437 arbitror,
1557 1411 1648 1432 tamen
1670 1405 1762 1437 Iidem,

971 1450 1194 1483 aestimationem,
1215 1450 1257 1476 vel
1282 1450 1437 1484 opinionem
1460 1449 1531 1484 apud
1543 1457 1664 1484 paganos
1676 1455 1702 1476 et
1715 1449 1763 1477 Ju-

971 1496 1046 1523 dzeos
1061 1496 1151 1530 potius
1167 1500 1384 1529 eomperturuui,
1400 1502 1482 1529 quam
1499 1496 1570 1530 apud
1590 1503 1639 1522 nos
1652 1504 1659 1521 :
1673 1502 1762 1530 quan-

972 1542 1117 1576 doquidem
1146 1541 1306 1575 idololatrae,
1334 1540 1481 1575 caterique
1503 1541 1549 1575 qui
1575 1547 1620 1567 res
1635 1541 1762 1568 conditas

973 1588 1059 1622 ipsius
1078 1587 1158 1622 179
1174 1587 1332 1614 Conditoris
1357 1587 1418 1615 loco
1441 1593 1628 1619 venerantur,
1653 1594 1762 1614 crucem

122 1642 179 1664 τες,
199 1634 228 1659 ὃν
246 1633 374 1668 ὑπέμεινε
392 1633 423 1659 δι’
439 1633 524 1668 ἡμᾶς,
540 1634 587 1659 καὶ
603 1633 714 1668 προσέτι
730 1634 774 1660 τὸν
791 1633 916 1666 θάνατον,

1019 1639 1133 1660 mortem
1148 1640 1228 1667 quam
1249 1633 1335 1659 nostri
1356 1639 1438 1659 causa
1459 1631 1582 1666 pertulit,
1605 1632 1763 1663 audientes.

124 1678 239 1711 γελώςιν
256 1679 280 1704 οἱ
303 1678 436 1704 δείλαιοι·
462 1678 513 1704 κᾶν
537 1678 625 1710 εἴτις
655 1678 736 1705 αὑτὸν
761 1679 888 1714 ὀνομάζει
906 1683 920 1696 ι

123 1725 200 1756 θεὸν,
224 1724 398 1760 ἀναπηδῶσιν
420 1724 501 1756 εὐθὺς
518 1725 776 1761 ἀνθρωπολατρείαν
797 1724 866 1752 εἶναι
889 1726 920 1752 τὸ

120 1771 220 1805 ,χρῆμα
231 1774 245 1793 .V
260 1769 489 1804 διοριζόμενοιᾟῖ
503 1778 535 1803 γε
625 1771 656 1796 ὲκ
673 1771 823 1806 περιτομῆς
845 1779 915 1797 κατ-

127 1815 241 1850 εφύοντο
266 1816 312 1842 τοῦ
336 1815 479 1851 Σωτῆρος,
505 1816 631 1850 λέγοντες
660 1816 800 1852 ἐναργῶς·
823 1826 832 1842 ι
852 1817 919 1852 Περὶ

127 1862 209 1888 καλοῦ
233 1862 316 1898 ἔργου
335 1863 365 1888 οὐ
383 1861 529 1897 λιθάζομέν
547 1871 590 1894 σε,
615 1862 683 1889 ἀλλὰ
710 1863 775 1897 περὶ
793 1862 918 1898 βλασφη-

128 1909 209 1943 μίας·
232 1909 272 1935 ὂτι
290 1909 331 1942 σὺ,
354 1908 496 1943 ἄνθρωπος
523 1907 573 1941 ὢν,
597 1910 683 1940 ποιεῖς
706 1909 801 1935 ἑαυτὸν
817 1909 892 1935 Θεόν.
907 1918 916 1934 ι

129 1956 188 1981 "Oti
206 1955 295 1981 τοίνυν
311 1956 340 1981 οὺ
358 1956 407 1991 τὴν
429 1956 505 1991 παρά
523 1964 556 1990 γε
584 1957 639 1987 τοῖς
662 1955 850 1991 πλανωμένοις
873 1956 919 1982 πί-

129 2009 186 2028 στιν
204 2002 342 2036 ὲπιζητεί,
365 2002 415 2036 τὴν
436 2002 500 2038 παρ’
522 2003 588 2037 ἡμῖν
607 2002 634 2028 δὲ
657 2002 757 2035 μᾶλλον
776 2004 832 2034 τοῖς
852 2002 919 2038 ὀρθὰ

128 2049 235 2083 φρονεῖν
249 2048 367 2080 εἰωθόσι,
382 2049 457 2075 πᾶσά
471 2057 529 2080 πως
540 2049 647 2083 ἀνάγκη
661 2048 866 2079 διανενενκότας
879 2049 920 2079 εἰς

127 2095 254 2130 ἀλήθειαν
270 2094 421 2129 ὁμολογεῖν,
437 2095 478 2120 ὅτι
497 2095 562 2126 Θεὸς
576 2094 648 2121 κατὰ
665 2094 745 2129 φύσιν
758 2096 773 2121 ὁ
792 2094 839 2121 καὶ
854 2094 920 2126 Υἱὸς

127 2140 270 2176 ἀνθρώπου
285 2141 318 2167 δι’
339 2142 413 2176 ἡμᾶς
429 2141 563 2175 γεγονώς·
580 2142 623 2168 ἵνα
641 2141 679 2176 μὴ
694 2143 750 2172 τοῖς
772 2141 827 2168 τῶν
850 2142 919 2168 πλα-

128 2187 255 2222 νωμένων
270 2188 440 2223 ἐγκλήμασιν
455 2188 569 2220 ἑαυτοὺς
592 2188 718 2221 ἐνιέντες,
744 2188 870 2222 λάθωμεν
886 2187 920 2214 τὰ

129 2233 173 2259 ἴσα
193 2235 300 2269 φρονεῖν
317 2234 468 2269 ᾑρημένοι,
496 2234 544 2260 καὶ
563 2233 649 2269 μικρὰ
673 2233 830 2266 δοξάζοντες
855 2234 921 2269 περὶ

128 2278 256 2313 Χριστοῦ,
272 2279 398 2314 καθάπερ
410 2279 507 2314 ἀμέλει
523 2279 655 2306 κάκεῖνοι.

161 2412 225 2439 NG’.
245 2412 312 2448 Φησί
330 2422 381 2439 που
395 2413 513 2448 Χριστός
523 2421 530 2427 ·
549 2421 558 2438 ‹
573 2412 640 2439 Οὐδὲ
655 2412 709 2447 γὰρ
721 2413 735 2439 ὁ
750 2411 845 2448 Πατὴρ
859 2413 920 2448 κρί-

128 2468 168 2485 νει
190 2459 295 2491 οὐδένα,
312 2459 380 2486 ἀλλὰ
399 2461 488 2486 πᾶσαν
506 2459 555 2493 τὴν
575 2459 664 2494 κρίσιν
679 2459 764 2485 ἔδωκε
786 2459 825 2494 τῷ
845 2459 918 2494 rup-

130 2504 171 2530 ἕνα
188 2504 287 2536 πάντες
303 2505 403 2540 τιμῶσι
419 2504 465 2531 τὸν
483 2505 557 2536 Υἱὺν,
573 2503 663 2535 καθὼς
680 2504 781 2539 τιμῶσι
796 2503 841 2531 τὸν
863 2505 919 2530 Πα-

129 2551 205 2587 τέρα.
219 2560 227 2575 ι
246 2551 299 2576 Καὶ
315 2551 406 2582 πάλιν,
424 2551 492 2586 ὅπερ
509 2551 637 2586 ἐλέγομεν
654 2550 773 2586 ἀρτίως·
791 2559 800 2575 ι
816 2551 920 2585 Ὥσπερ

129 2596 183 2632 γὰρ
199 2596 212 2621 ὀ
229 2596 323 2631 Πατὴρ
341 2595 395 2631 ἔχει
418 2595 489 2631 ζωὴν
505 2597 534 2622 ἐν
549 2596 648 2631 ἐαυτῷ,
664 2595 751 2627 οὕτως
774 2595 858 2622 ἔδωκε
875 2596 923 2622 καὶ

165 2674 187 2692 ⁸³
203 2675 267 2703 Luc.
289 2683 364 2708 xvni,
378 2676 404 2703 8.
443 2675 467 2691 "
481 2675 559 2702 Joaii.
577 2683 603 2709 ς,
619 2675 659 2703 55.

972 1678 998 1704 iii
1018 1678 1142 1704 insanum
1166 1684 1229 1704 mox
1254 1677 1418 1704 cachinnum
1435 1677 1579 1703 solvuntur
1592 1677 1705 1710 miseri;
1724 1682 1761 1708 et,

971 1721 993 1748 si
1010 1721 1143 1754 quispiam
1165 1721 1249 1747 Deum
1262 1721 1337 1747 illum
1356 1721 1549 1753 nominaverit,
1568 1722 1764 1756 indigiiabundi

971 1767 1117 1793 confestim
1153 1766 1292 1799 resiliunt,
1319 1772 1346 1793 et
1371 1768 1424 1794 hoc
1440 1768 1686 1802 anthropolatriaiu
1702 1775 1764 1795 esse

971 1813 1114 1840 definiunt.
1137 1812 1222 1840 Judaei
1238 1821 1348 1848 quoque
1368 1815 1396 1841 in
1424 1815 1566 1842 Christum
1589 1816 1762 1850 insurgentes

971 1861 1059 1894 palatii
1075 1860 1213 1895 objectare
1238 1869 1292 1888 non
1312 1861 1475 1889 dubitabunt
1491 1871 1498 1889 :
1512 1872 1522 1887 ι
1543 1862 1580 1889 De
1594 1863 1665 1889 bono
1679 1870 1762 1897 opere

971 1914 1024 1933 non
1051 1907 1203 1942 lapidamus
1230 1912 1270 1940 te,
1295 1907 1342 1934 sed
1372 1908 1404 1934 de
1424 1907 1612 1943 blasphemia,
1631 1909 1694 1943 quia
1722 1914 1761 1941 tu,

971 1953 1052 1980 homo
1078 1961 1139 1983 cuin
1166 1953 1214 1986 sis,
1243 1953 1308 1981 facis
1341 1953 1458 1988 teipsum
1486 1955 1570 1982 Deum
1595 1954 1629 1981 ⁵⁸.
1654 1964 1663 1980 ι
1693 1954 1762 1982 Cum

970 1999 1101 2033 ejusmodi
1131 2008 1196 2036 ergo
1218 2000 1300 2028 Iidem
1327 2006 1474 2029 exacturus
1497 2009 1550 2028 non
1578 2002 1626 2034 sit,
1651 2002 1760 2036 qualem

970 2050 1096 2073 errantes
1123 2046 1234 2079 habent,
1260 2048 1307 2074 sed
1335 2048 1444 2082 qualem
1474 2055 1524 2075 nos
1553 2053 1687 2080 tenemus,
1714 2048 1762 2083 qui

971 2095 1048 2118 recte
1074 2099 1171 2126 sapere
1200 2094 1416 2122 consuevimus:
1448 2094 1590 2121 veritatem
1617 2101 1762 2129 sequentes

972 2137 1129 2164 necessario
1170 2138 1249 2165 fateri
1278 2144 1385 2173 oportet
1411 2147 1472 2166 eum
1499 2140 1544 2174 qui
1573 2142 1657 2167 nostri
1676 2148 1760 2167 causa

970 2182 1057 2210 Filius
1081 2184 1200 2212 hominis
1226 2184 1313 2212 factus
1344 2189 1396 2217 est,
1419 2185 1505 2212 Deum
1530 2193 1591 2212 esse
1612 2186 1760 2213 secundum

972 2234 1098 2256 naturam
1119 2237 1126 2255 :
1145 2237 1180 2257 ne
1198 2230 1324 2258 videlicet
1343 2231 1370 2259 in
1395 2231 1545 2258 errantium
1562 2232 1678 2258 crimina
1692 2231 1764 2258 ultro

973 2283 1022 2303 nos
1042 2275 1216 2310 objicientes,
1237 2284 1286 2311 per
1306 2277 1443 2304 inscitiam
1467 2277 1520 2304 illis
1533 2277 1632 2304 similia
1652 2285 1762 2312 sapere,

936 2315 1055 2357 Datque
1076 2322 1144 2350 adeo
1169 2323 1234 2350 vilia
1259 2324 1382 2358 quaedam
1408 2324 1441 2351 de
1460 2324 1570 2352 Christo
1595 2325 1707 2359 perinde
1731 2333 1763 2352 ac

975 2368 1012 2395 illi
1025 2368 1170 2404 hnaginari
1185 2370 1433 2404 deprehendamur.

1008 2413 1077 2442 LIX.
1098 2424 1107 2440 ι
1125 2414 1217 2450 Neque
1232 2416 1304 2442 enim
1323 2415 1414 2449 Pater,
1433 2417 1471 2443 ait
1493 2424 1599 2444 rursum
1623 2418 1761 2451 Christus,

971 2461 1075 2495 judicat
1095 2469 1273 2496 quemquam,
1290 2463 1337 2490 sed
1350 2471 1432 2490 omne
1447 2463 1577 2498 judicium
1589 2464 1663 2492 dedit
1676 2464 1763 2498 Filio;

975 2511 1003 2533 ut
1027 2514 1121 2534 omnes
1145 2506 1329 2534 honoriﬁceiit
1353 2507 1462 2541 Filium,
1485 2508 1556 2536 sicut
1580 2509 1765 2536 lionoriticant

974 2550 1083 2578 Patrem
1098 2551 1131 2579 ⁵⁷.
1154 2562 1164 2578 ι
1183 2551 1216 2578 Ει
1242 2551 1353 2583 iterum,
1378 2553 1450 2586 quod
1476 2554 1556 2580 modo
1580 2553 1761 2580 dicebamus:

977 2605 987 2621 ι
1009 2595 1087 2623 Sicut
1109 2596 1183 2624 enim
1202 2596 1282 2624 Pater
1300 2597 1383 2625 vitam
1401 2598 1483 2626 habet
1500 2599 1526 2626 in
1548 2598 1706 2634 semetipso,
1723 2598 1764 2626 sie

702 2675 724 2691 ⁵⁷
745 2674 823 2702 Joan.
839 2681 865 2706 ν,
880 2673 926 2708 22,
940 2674 987 2701 23.

678 2753 763 2781 Varia:
780 2752 910 2780 lectiones
923 2750 1023 2779 codicis
1040 2750 1219 2786 Seguicriani.

161 2841 177 2857 λι
190 2834 327 2872 ὀνομάζοι.
366 2838 380 2857 1
392 2835 518 2869 πρᾶγμα.

273 2884 410 2914 ΡΑτιιοι.
432 2881 489 2914 Cn.
506 2880 637 2912 LXXVI.
