1872 3057
134 107 202 136 tm

648 104 678 130 S.
698 101 835 130 CYRILLI
857 101 1089 129 ALEXANDRINI
1109 101 1268 129 ARCHIEP.

1717 97 1788 125 HE

136 169 210 196 dedit
238 170 265 195 et
290 167 359 194 Filio
381 166 464 194 vitam
484 164 585 192 habere
601 165 629 191 in
644 164 796 199 semetipso
814 173 821 191 :
836 168 863 191 et

1047 162 1092 198 Γὶᾠ
1107 163 1179 198 ζωὴν
1201 163 1273 198 ἔχειν
1292 163 1321 189 ὲν
1336 161 1425 198 ἑαυτῷ
1436 170 1444 178 ο
1461 162 1509 189 καὶ
1527 159 1660 194 ἐξουσίαν
1680 159 1786 186 Romae

136 217 262 240 testalem
286 212 359 240 dedit
386 211 412 238 ei
426 215 454 238 et
476 210 609 245 judicium
636 210 737 242 facere,
753 210 815 243 quia
836 209 923 236 Filius

136 260 254 287 hominis
279 264 321 285 est
346 257 381 285 ".
410 265 419 283 I
449 257 530 284 Canit
559 256 659 284 alicubi
686 256 784 284 beatus
809 255 921 283 David:

139 315 148 331 ι
165 305 297 339 Quoniam
322 302 395 330 Deus
414 301 503 336 judex
525 307 567 329 est
581 302 616 328 ⁸⁵.
638 311 647 327 ι
666 301 736 335 Quin
763 306 789 328 et
813 301 923 336 quidam

136 359 244 387 quoque
254 359 286 378 ex
301 350 401 378 Christi
419 349 561 384 discipulis
582 356 664 376 unum
681 348 810 384 judicem,
827 355 925 374 unum-

135 405 189 432 que
218 397 400 431 legislatorem
430 402 490 422 esse
515 394 610 422 scribit
634 394 668 422 η.
691 393 763 427 Ergo
785 390 924 426 iudicandi

135 446 283 471 auctoritas
307 443 332 469 in
355 441 459 468 nullum
484 440 567 468 alium
581 440 730 468 convenire
753 443 851 474 potest,
870 437 923 464 nisi

136 491 162 517 in
183 497 244 517 eum
261 488 348 515 solum
369 487 415 522 Qui
435 492 477 514 est
498 487 619 513 omnium
637 485 778 516 Dominus,
796 484 847 511 hoc
865 487 920 516 est,

136 536 162 563 in
188 535 283 562 Deum.
307 533 451 567 Quomodo
468 539 534 567 ergo
551 531 619 559 Filio
647 530 766 558 hominis
789 529 923 564 judicium

137 580 268 609 tradidit?
296 580 362 607 Nam
388 579 410 607 si
440 586 499 606 eam
523 578 561 605 illi
588 582 749 612 potestatem
769 576 844 608 fecit,
865 581 925 602 tan-

136 635 215 661 quam
234 627 278 654 ιιιιὶ
298 625 375 653 nobis
388 625 483 658 simili,
511 624 647 658 quomoda
679 630 759 650 verax
781 622 834 649 erit
861 623 923 648 dum

135 673 196 699 ait:
220 681 229 697 ‹
248 670 367 699 Gloriam
397 676 484 696 meam
509 669 589 695 alteri
612 675 666 695 non
692 667 763 694 dabo
786 667 832 693 “'1
857 675 866 692 ι
883 665 925 692 Ad

135 718 182 745 Dei
204 717 276 744 enim
293 715 406 750 gloriam
421 715 550 750 pertinet,
573 713 706 747 judicium
726 719 868 740 exercere.
895 711 924 740 Si

138 769 229 790 autem
243 761 415 797 iudiciariam
437 764 598 795 potestatem
623 758 693 786 Filio
716 759 753 786 ita
771 759 926 786 communi-

135 809 219 840 cavit,
246 812 275 834 ut
292 807 350 842 ipse
374 811 464 833 tamen
485 809 596 840 propter
617 804 776 832 substantia:
795 804 923 832 identita-

137 854 339 890 temjudicandi
351 852 396 886 jus
412 860 465 879 non
481 851 618 884 amiserit,
644 857 671 879 et
687 851 731 879 ille
749 851 925 878 nihilominus

135 902 181 936 qui
195 901 318 934 accepit,
333 899 418 927 Filius
437 899 472 926 sit
484 897 618 931 hominis,
642 898 778 932 quomodo
795 897 924 925 omnibus

136 946 309 975 manifestum
333 953 388 973 non
416 945 446 971 lit
476 944 609 976 Verbum,
632 949 742 979 propter
760 943 922 971 ineffabilem

136 994 209 1020 illam
233 1001 265 1020 ex
292 992 346 1019 Deo
373 990 454 1018 Patre
478 990 704 1025 generationem,
734 989 818 1016 Deum
845 997 922 1023 esse;

136 1040 262 1073 idemque
287 1044 406 1069 rursum,
429 1041 574 1071 propterea
600 1035 671 1070 quod
704 1035 779 1062 carni
807 1036 924 1067 unitum,

135 1085 303 1119 perindeque
322 1090 354 1110 ac
369 1090 418 1109 nos
433 1089 467 1109 ex
489 1081 602 1109 muliere
620 1087 713 1108 natum
729 1086 781 1112 est,
806 1081 924 1109 hominis

136 1131 234 1158 Filiqu
258 1129 339 1157 esse?
363 1128 430 1156 Cum
454 1135 519 1163 ergo
544 1127 646 1156 Judzeis
671 1127 758 1155 dicit:
785 1127 864 1155 «Cur
881 1135 925 1155 me

135 1175 259 1210 quaeritis
276 1174 430 1201 interﬁcere
446 1173 596 1206 hominem,
618 1174 664 1208 qui
683 1174 828 1201 veritatem
849 1174 924 1201 vobis

135 1222 241 1249 locutus
260 1228 319 1248 sum
335 1219 377 1247 "‘3
398 1229 407 1245 ι
425 1224 453 1246 et
471 1227 578 1246 rursum
603 1228 610 1247 :
630 1228 639 1245 ι
655 1218 741 1247 Nemo
758 1221 880 1248 ascendit
897 1222 924 1248 in

135 1267 234 1294 malum
261 1265 314 1292 nisi
344 1265 390 1300 qui
415 1265 555 1293 descendit
578 1266 612 1294 de
635 1265 717 1297 caelo.
734 1265 820 1294 Filius
835 1267 923 1293 homi-

135 1312 232 1346 nis";
260 1320 270 1338 ι
295 1316 322 1339 et
342 1311 439 1338 iterum
465 1320 473 1338 :
496 1319 507 1337 ι
544 1311 577 1338 Et
606 1311 679 1338 sicut
705 1311 812 1347 Moyses
840 1312 922 1347 180

135 1358 266 1386 exaltavit
289 1363 443 1389 serpentem
457 1357 483 1384 in
500 1358 620 1390 deserto,
642 1358 678 1384 ita
691 1358 805 1386 exaltari
820 1363 926 1394 oportet

135 1404 234 1432 Filium
259 1403 379 1431 hominis
395 1403 440 1436 “;
464 1412 474 1430 ›
492 1408 541 1430 aut
562 1411 624 1431 cum
650 1404 684 1431 de
701 1405 791 1439 seipso
809 1405 845 1431 ita
862 1405 899 1431 ait
916 1413 922 1431 :

138 1460 148 1476 ι
167 1449 251 1478 Filius
265 1450 337 1476 enim
355 1449 474 1477 hominis
487 1454 620 1479 venturus
631 1455 672 1477 est
690 1450 716 1477 in
732 1451 817 1484 gloria
835 1450 924 1479 Patris

135 1497 177 1524 sui
191 1504 252 1524 cum
269 1495 373 1530 angelis
391 1496 450 1522 suis
467 1495 509 1528 ⁸³;
528 1505 537 1521 ι
559 1501 587 1523 et
603 1496 700 1522 iterum
719 1504 726 1522 :
746 1506 755 1522 ι
778 1496 863 1529 Quem
881 1504 922 1523 me
936 1516 958 1545 ϐ

135 1544 228 1571 dicunt
245 1542 368 1570 homines
380 1549 439 1569 esse
453 1541 551 1569 Filium
568 1542 687 1569 hominis
701 1542 748 1569 “ﬁt
765 1552 774 1568 ι
793 1543 921 1577 denique,

135 1593 165 1615 ut
186 1588 266 1615 unico
282 1587 365 1614 verbo
385 1587 534 1618 absolvam,
555 1586 773 1622 quotiescunque
795 1587 822 1614 in
850 1587 925 1614 Scri-

135 1637 214 1668 ptura
247 1633 380 1660 divinitus
408 1633 539 1666 inspirata
570 1632 650 1659 homo
673 1633 840 1668 appellatur,
871 1642 924 1661 non

135 1680 273 1707 hominem
299 1686 422 1706 seorsum
455 1687 502 1712 per
527 1687 567 1712 se,
603 1678 694 1706 Verbo
721 1680 793 1714 quod
813 1688 846 1708 ex
869 1680 925 1708 Deo

134 1730 176 1753 est
189 1725 308 1757 secluso,
327 1729 416 1751 mente
436 1724 616 1758 concipimus.
644 1725 690 1751 sed
714 1725 804 1759 potius
832 1726 923 1752 credi-

135 1779 196 1798 mus
224 1770 272 1797 Dei
289 1769 410 1797 Verbum
427 1770 624 1805 dispensatorie
639 1775 748 1805 propter
766 1778 813 1797 nos
827 1770 923 1797 Filium

135 1816 256 1844 hominis
283 1815 394 1846 factum,
424 1815 568 1842 divinitate
586 1815 693 1841 interim
707 1815 780 1841 nulla
797 1822 830 1842 ex
847 1821 924 1849 parte

135 1862 235 1888 amissa
262 1865 308 1887 aut
335 1860 510 1892 labefactata,
547 1865 574 1887 et
595 1869 677 1887 unmn
696 1869 756 1888 esse
779 1861 922 1889 Dominum

135 1911 258 1933 nostrum
289 1906 381 1933 Jesum
411 1906 561 1934 Christ-um.
593 1906 626 1933 Et
658 1907 719 1934 ideo
753 1916 805 1935 non
835 1914 924 1942 potest

134 1960 241 1980 summa
263 1960 324 1979 cum
350 1953 490 1987 impietate
513 1953 688 1987 conjunctum
705 1960 845 1986 nunesse,
862 1960 924 1989 post

135 1997 299 2025 indivulsam
324 1997 398 2025 illaut
426 1998 692 2033 inseparabilemque
719 2000 846 2027 unionem
864 2008 924 2034 qua:

134 2051 243 2070 onmem
254 2043 366 2070 omnino
378 2048 405 2070 et
421 2043 521 2071 mentis
543 2048 569 2070 et
585 2044 700 2072 rationis
714 2050 823 2078 captum
842 2053 924 2074 exce-

134 2087 174 2114 dit
190 2087 347 2122 plurimum,
371 2088 394 2114 si
420 2088 482 2122 quis
497 2096 579 2115 unum
597 2088 623 2116 in
644 2089 711 2117 duos
726 2089 850 2118 Christos
877 2096 924 2119 aut

134 2132 205 2160 ﬁlios
220 2133 334 2160 dividat.
351 2133 488 2161 Cancrum
504 2134 527 2162 si
547 2134 590 2161 cui
609 2135 718 2163 animus
733 2141 817 2170 esset,
831 2138 922 2165 omnia

974 209 1049 244 αὑτῴ
1064 209 1112 235 καὶ
1128 209 1218 244 κρίσιν
1241 209 1339 239 ποιεῖν,
1357 208 1399 234 ὅτι
1419 207 1485 239 Υἱὸς
1515 205 1667 240 ἀνθρώπου
1687 205 1761 231 ἐστί,
1773 214 1784 230 ι

974 254 1077 280 Ψάλλει
1089 254 1118 281 δέ
1137 263 1187 281 που
1209 254 1256 280 καὶ
1271 254 1285 280 ὁ
1303 254 1437 289 μακάριος
1453 253 1537 280 Δαυΐδ
1549 261 1557 267 ”
1577 261 1588 278 ‹
1604 251 1669 277 Ὅτι
1686 252 1704 277 ὁ
1721 250 1787 282 Θεὸς

975 301 1069 336 κριτής
1096 301 1165 326 ἐστι.
1181 309 1190 325 ι
1213 300 1339 335 Γέγραφε
1355 300 1384 326 δὲ
1408 299 1456 326 καὶ
1479 301 1494 326 ὁ
1521 297 1609 326 αὺτοῦ
1632 296 1787 332 μαθητήςυ

979 355 987 372 ι
1004 343 1052 378 Εἷς
1071 346 1146 372 ἐστιν
1159 347 1173 373 ὁ
1190 345 1339 381 νομοθέτης
1356 346 1403 373 καὶ
1420 346 1530 382 κριτής.
1549 354 1559 370 ι
1580 343 1692 370 Οὐκοῦν
1720 343 1789 377 πρέ·

976 400 1021 419 ποι
1037 393 1069 419 ἂν
1083 393 1132 428 οὐχ
1153 387 1240 428 ἑτέρῳ
1261 393 1315 419 τινί
1334 392 1389 419 τῶν
1413 392 1499 418 ὄντων
1512 391 1543 418 τὸ
1560 390 1681 426 κρίνειν,
1714 389 1788 423 πλὴν

976 439 1017 466 ὅτι
1035 439 1107 474 μόνῳ
1122 439 1160 474 τῷ
1173 439 1219 466 ἐπὶ
1234 439 1343 466 πάντων
1357 438 1427 474 Θεῷ.
1443 438 1506 469 Πῶς
1521 434 1569 464 οὗν
1593 437 1702 463 ἔδωκεν
1718 435 1788 461 αὐτὸ

976 484 1015 519 τῷ
1038 485 1096 520 Υἱῴ
1119 484 1289 520 ἀνθρώπου;
1307 483 1339 511 Ei
1365 484 1414 519 μὲν
1442 481 1490 510 οὖν
1509 483 1548 514 ὡς
1571 482 1612 508 ἑνὶ
1637 481 1696 507 τῶν
1724 480 1787 506 καθ’

976 531 1060 567 ἡμᾶς,
1077 531 1136 562 πῶς
1157 531 1302 566 ἀληθεύσει
1326 531 1429 565 λέγων·
1450 539 1459 555 ‹
1478 530 1535 565 Τὴν
1558 528 1642 561 δόξαν
1662 535 1720 561 μου
1736 526 1787 561 οὐχ

977 577 1063 611 ἑτέρῳ
1079 576 1174 609 δώσως
1191 586 1199 602 ι
1220 575 1289 602 Θεοῦ
1312 576 1367 610 γὰρ
1390 576 1454 609 δόξα
1470 575 1501 602 τὸ
1524 573 1596 601 εἷναι
1614 573 1735 608 κριτήν.
1755 573 1786 598 E!

977 622 1004 649 δὲ
1015 623 1077 654 δοὺς
1086 623 1151 649 αὐτὸ
1163 622 1201 657 τῷ
1210 621 1267 658 Υἱῴ
1279 622 1329 648 οὐκ
1343 622 1395 654 ἔξω
1407 621 1502 655 γέγονε
1517 620 1564 646 τοῦ
1581 618 1688 655 κρίνειν
1699 617 1786 648 αὐτὸς

976 663 1088 704 διατὴν
1103 669 1256 704 ταυτότητα
1274 668 1325 703 τῆς
1339 668 1433 698 οὐσίας
1443 675 1451 682 ·
1466 667 1523 693 ἔστι
1536 666 1564 693 δὲ
1580 667 1594 692 ὁ
1608 664 1705 691 λαὸὼν
1720 663 1785 695 Tib;

977 714 1139 750 ἀνθρώπου·
1159 715 1218 746 πῶς
1241 715 1290 750 οὐχ
1308 715 1409 741 ἅπασιν
1426 713 1559 748 ὲνοιργὲςγ
1580 713 1622 739 ὅτι
1642 711 1714 742 Θεὸς
1734 710 1784 744 μέν

978 763 1052 789 ἐστιν
1072 763 1086 788 ὁ
1102 762 1187 795 Λόγος
1208 761 1254 788 διὰ
1277 761 1327 796 τὴν
1351 762 1383 788 ἐκ
1402 760 1470 787 Θεοῦ
1487 759 1594 794 Πατρὸς
1617 757 1784 793 ἀπόρρητσο

977 808 1116 843 γέννησιν,
1127 807 1142 834 ὁ
1152 807 1234 839 αὐτὸς
1247 807 1276 833 δὲ
1292 808 1339 833 καὶ
1356 807 1419 838 Υἱὸς
1438 805 1584 841 ἀνθρώπου
1599 804 1645 831 διὰ
1664 810 1695 829 το
1711 803 1783 838 ἠθῶ-

978 853 1039 880 σοαι
1063 853 1163 888 σαρκὶ,
1181 853 1228 879 καὶ
1253 852 1313 879 καθ’
1327 853 1403 887 ἡμᾶς
1420 851 1566 887 ὑπομεῖναι
1592 850 1729 884 γέννησιν
1752 849 1785 874 ὲκ

977 900 1126 935 γυναικός;
1141 900 1225 926 Ὅταν
1239 897 1286 926 οὖν
1300 899 1367 934 λέγῃ
1393 898 1460 933 πρὸς
1479 897 1629 927 Ἰουδαίους
1640 904 1648 910 ·
1670 905 1679 921 ι
1695 895 1731 920 Τί
1750 903 1783 929 με

977 946 1085 981 ζητεῖτε
1099 946 1262 972 ἀποκτεῖναι
1277 944 1432 980 ἄνθρωπον,
1445 943 1474 975 ὃς
1496 943 1547 978 τὴν
1563 942 1700 976 ἀλήθειαν
1717 941 1784 975 ὑμῖν

975 993 1125 1027 λελάληκα;
1141 1002 1150 1019 ι
1166 992 1220 1018 Καὶ
1234 991 1315 1018 πάλιν
1325 999 1331 1006 ·
1347 1001 1356 1016 ‹
1372 984 1425 1017 Καὶ
1440 990 1527 1020 οὐδεὶς
1542 987 1724 1022 ἀναΰὲὃηκεν
1743 987 1784 1018 εἰς

975 1039 1020 1067 τὸν
1034 1039 1156 1075 οὐρανὸν,
1174 1040 1198 1065 εἰ
1218 1039 1255 1074 μὴ
1271 1039 1285 1065 ὁ
1303 1038 1336 1064 ἐκ
1351 1037 1398 1064 τοῦ
1416 1036 1531 1072 οὐρανοῦ
1546 1035 1676 1065 καταϐὰς
1689 1036 1703 1060 ὁ
1717 1034 1784 1065 Υἱὸς

974 1087 1022 1113 τοῦ
1047 1085 1200 1122 ἀνθρώπου.
1218 1095 1227 1110 ι
1249 1085 1305 1112 Καὶ
1322 1084 1404 1111 πάλιν
1416 1092 1422 1099 ·
1440 1093 1449 1108 ι
1465 1083 1521 1110 Καὶ
1544 1081 1640 1113 καθὼς
1656 1081 1783 1114 Miami;

976 1133 1067 1168 ὖψωσε
1083 1133 1129 1159 τὸν
1147 1131 1210 1167 ὅφιν
1226 1132 1255 1158 ἐν
1279 1133 1312 1167 τῇ
1334 1132 1441 1166 ἐρήμῳ,
1465 1129 1553 1160 οὕτως
1577 1127 1726 1163 ὑψωθῆναι
1743 1127 1783 1152 δεῖ

974 1179 1020 1206 τὸν
1034 1179 1098 1205 Υἱὸν
1110 1177 1156 1205 τοῦ
1171 1177 1326 1213 ἀνθρώπου.
1341 1187 1350 1202 ι
1364 1177 1399 1203 ’Ἡ
1413 1177 1477 1203 ὅταν
1492 1175 1560 1211 λέγῃ
1575 1174 1642 1210 περὶ
1659 1173 1760 1200 ἑαυτοῦ
1772 1181 1780 1189 ο

977 1235 987 1252 ι
1004 1226 1103 1254 Μέλλει
1119 1225 1174 1260 γὰρ
1193 1225 1207 1251 ὁ
1223 1225 1286 1255 Υἱὸς
1308 1223 1356 1250 τοῦ
1374 1222 1518 1258 ἀνθρώπου
1540 1221 1676 1257 ἔρχεσθαι
1693 1221 1723 1246 ἐν
1746 1221 1780 1255 τῇ

974 1272 1036 1308 δόξῃ
1057 1271 1105 1298 τοῦ
1123 1271 1230 1308 Πατρὸς
1245 1269 1328 1298 αὑτοῦ
1348 1269 1417 1305 μετὰ
1430 1269 1485 1295 τῶν
1507 1268 1596 1302 ἁγίων
1615 1266 1756 1301 ἀγγέλων.
1768 1277 1777 1289 ι

975 1320 1029 1346 Καὶ
1043 1318 1141 1345 πάλιν
1158 1328 1166 1343 ι
1182 1317 1248 1344 Τίνα
1265 1325 1299 1352 με
1313 1316 1437 1350 λέγουσιν
1451 1315 1475 1341 οε
1495 1315 1638 1349 ἄνθρωποι
1649 1311 1722 1339 εἶναι
1734 1312 1779 1338 τὸν

975 1365 1040 1392 Υἱδν
1052 1364 1097 1392 τοῦ
1114 1363 1274 1400 ἀνθρώπου;
1290 1372 1299 1388 ι
1315 1362 1352 1389 ’Ἠ
1366 1362 1413 1388 καὶ
1428 1360 1612 1393 ἁπαξαπλῶς,
1630 1359 1731 1390 ὁσάκις
1746 1358 1779 1385 ἂν

975 1411 1118 1447 ἄνθρωπος
1136 1408 1300 1444 ὀνομάζεται
1322 1408 1398 1444 παρὰ
1417 1408 1450 1443 τῇ
1466 1405 1645 1441 Θεοπνεὺστῳ
1669 1405 1777 1441 Γραψῇ,

975 1458 1025 1484 οὐκ
1043 1456 1096 1491 ἰδίᾳ
1111 1456 1158 1482 καὶ
1175 1455 1226 1482 ἀνὰ
1244 1456 1326 1490 μέρος
1341 1454 1486 1490 ἄνθρωπον
1502 1450 1573 1479 εἶναι
1592 1460 1700 1487 φαμεν,
1715 1452 1777 1477 ἁπο-

977 1503 1145 1538 διαιροῦντες
1158 1501 1240 1529 αὐτοῦ
1276 1501 1321 1528 τὸν
1340 1501 1372 1527 ἐκ
1394 1499 1462 1526 Θεοῦ
1475 1499 1582 1534 nam;
1606 1499 1714 1532 Λόγον·
1733 1506 1776 1523 πι-

977 1547 1109 1582 στεύομεν
1132 1547 1161 1573 δὲ
1186 1546 1286 1582 μᾶλλον
1311 1546 1351 1572 ὃτι
1377 1545 1424 1572 καὶ
1445 1544 1510 1576 Θεός
1533 1544 1610 1570 ἐστιν
1630 1543 1774 1578 ἀληθινὸς,

975 1593 1069 1628 γέγονε
1085 1593 1112 1619 δὲ
1129 1593 1175 1619 καὶ
1199 1593 1262 1623 Υἱὸς
1283 1591 1427 1627 ἀνθρώπου
1442 1591 1475 1617 δι’
1497 1591 1576 1626 ἡμᾶς
1592 1590 1775 1624 οἰκονομικῶς

977 1639 1045 1673 μετὰ
1059 1639 1104 1665 τοῦ
1119 1640 1207 1673 μεῖναι
1220 1643 1231 1656 π
1252 1638 1327 1671 Θεὸς,
1353 1638 1399 1664 καὶ
1414 1635 1454 1669 εἷς
1471 1638 1529 1663 ἐστι
1547 1636 1653 1672 Κύριος
1671 1635 1775 1671 Ἰησοῦς

975 1684 1102 1718 Χριστός.
1121 1683 1232 1714 ’Λσεῦὲς
1247 1683 1274 1709 δὲ
1291 1682 1349 1708 λίαν
1367 1683 1397 1708 τὸ
1418 1682 1546 1717 διορίζειν
1567 1682 1606 1712 εἰς
1628 1681 1676 1707 δύο
1701 1681 1774 1712 υἱοὺς

976 1730 1022 1756 καὶ
1041 1729 1087 1755 δύο
1103 1728 1255 1763 Χριστοὺς,
1273 1729 1343 1763 μετὰ
1357 1728 1406 1763 τὴν
1426 1728 1613 1754 ἀδιάσπαστον
1628 1728 1739 1757 ἕνωσιν,
1756 1727 1772 1761 ῆ

975 1776 1023 1801 καὶ
1037 1774 1084 1801 νοῦ
1101 1774 1146 1800 καὶ
1160 1774 1238 1808 λόγου
1257 1775 1357 1806 παντὸς
1372 1774 1502 1800 ἐπέκεινά
1520 1774 1549 1799 τέ
1565 1774 1624 1800 ἐστι
1640 1774 1689 1800 καὶ
1705 1773 1773 1799 ἀνω-

975 1822 1058 1848 τάτω.
1075 1821 1129 1848 Καὶ
1145 1819 1178 1855 ἦν
1198 1821 1247 1855 μὲν
1271 1820 1335 1852 ἴσως
1355 1821 1384 1846 οὗ
1403 1819 1532 1855 δυσχερὲς
1556 1820 1628 1852 ἄγαν
1647 1822 1702 1850 τοῖς
1717 1819 1772 1845 ὲθὲ-

975 1867 1049 1894 λουςι
1067 1867 1220 1902 βασανίζειν
1243 1867 1353 1893 ἅπαντα
1372 1866 1407 1892 τὰ
1431 1866 1495 1901 περὶ
1509 1865 1628 1901 Χριστοῦ
1649 1874 1771 1902 γεγραμ-

977 1914 1061 1949 μένα,
1085 1914 1132 1940 καὶ
1156 1913 1287 1939 πλειόνων
1310 1913 1420 1939 ἐννοιῶν
1451 1912 1616 1948 ποιήσασθαι
1644 1912 1694 1947 τὴν
1718 1921 1768 1938 πα-

978 1960 1100 1995 ράθεσιν·
1120 1959 1178 1986 ἀλλ’
1196 1960 1275 1994 ἴσμεν
1292 1959 1321 1985 τὺ
1344 1958 1552 1993 γεγραμμένον·
1567 1967 1576 1983 r
1591 1958 1670 1984 Δίδου
1696 1958 1766 1992 σοφῷ

975 2006 1111 2041 ἀφορμὴν,
1135 2006 1182 2032 καὶ
1206 2005 1359 2040 σοφώτερος
1383 2005 1468 2031 ἔσται.
1485 2014 1494 2029 ι
1514 2004 1669 2039 Ποδηγήσει
1685 2005 1738 2038 γὰρ
1751 2005 1765 2030 ὁ

975 2051 1028 2078 τῶν
1044 2051 1112 2078 ὅλων
1131 2051 1196 2082 Θεὸς
1208 2051 1252 2077 διὰ
1272 2051 1318 2077 τοῦ
1333 2051 1412 2084 ἁγίου
1430 2050 1589 2085 Πνεύματος
1611 2050 1662 2081 τὰς
1680 2050 1767 2083 Θεοφι-

975 2098 1106 2129 λεστάτας
1132 2097 1209 2133 ὑμῶν
1233 2097 1342 2128 ἁκοὰςι
1367 2097 1409 2128 εἴς
1429 2105 1461 2130 γε
1484 2097 1513 2123 τὸ
1531 2096 1664 2123 δύνασθαι
1685 2097 1768 2131 ὀρθῶς

975 2146 1054 2172 νοεῖν.
1075 2144 1168 2179 Εὑρὼν
1184 2143 1238 2179 γὰρ
1252 2143 1324 2170 οὕτω
1338 2143 1456 2178 Χριστὸς
1473 2143 1501 2168 ὲν
1517 2142 1582 2177 ὑμῖν
1603 2142 1655 2177 τὴν
1679 2142 1768 2167 πίστιν

135 2186 196 2213 quae
221 2179 255 2207 de
276 2179 387 2207 Christo
412 2180 512 2208 litteris
542 2181 701 2215 consignata
729 2185 874 2215 exstant,d

1027 2190 1072 2224 .ινῆ
1087 2189 1134 2215 καὶ
1146 2188 1291 2224 ἀϐέϐηλον,
1308 2187 1474 2222 στεφανώσει
1489 2187 1623 2217 πλουσίως
1636 2187 1692 2218 τοῖς
1706 2186 1766 2212 ἅνω·

135 2225 243 2260 gentius
265 2226 433 2259 exaniinare,
461 2226 499 2254 illi
525 2227 620 2262 utique
634 2228 705 2255 haud
723 2229 803 2256 nimis
817 2229 874 2257 dilﬁl

1037 2234 1159 2268 ἀγαθοῖς,
1173 2234 1220 2260 καὶ
1234 2233 1450 2268 παμμακαριους
1463 2232 1609 2266 ἀποφανεῖ.
1625 2232 1704 2257 Πᾶσα
1717 2230 1765 2265 γὰρ

137 2270 208 2298 foret
229 2270 321 2305 plures
346 2272 437 2299 adhuc
460 2271 528 2300 alias
551 2274 703 2301 sententias
729 2275 803 2302 hisce
829 2276 876 2310 adj:

1025 2281 1055 2308 Iw
1069 2280 1145 2311 ἐλπὶς
1159 2281 1188 2306 ἐν
1200 2278 1318 2315 Χριστῷ,
1332 2279 1366 2305 δι’
1379 2277 1409 2305 οὗ
1422 2279 1469 2304 καὶ
1484 2278 1544 2314 μεθ’
1555 2274 1586 2304 οὗ
1600 2277 1638 2312 τῷ
1655 2277 1764 2312 Πατρὶή

134 2326 220 2353 gere;
239 2319 285 2346 sed
307 2319 438 2354 scriptum
457 2319 582 2346 novimus
601 2327 608 2346 :
626 2329 636 2346 (
657 2320 693 2347 Da
709 2322 824 2356 sapienti
842 2331 873 2351 oc

1024 2336 1040 2354 α
1055 2327 1102 2353 σὺν
1113 2326 1182 2361 ἁγίῳ
1195 2325 1335 2361 Πνεύματι
1347 2326 1387 2356 εἰς
1399 2326 1462 2356 τοὺς
1474 2324 1575 2356 αἰῶνας
1587 2324 1641 2350 τῶν
1653 2323 1762 2350 αἰώνων.

134 2365 254 2398 sionem,
277 2369 303 2392 ct
326 2364 477 2400 sapientior
490 2365 544 2392 erit
560 2365 591 2392 "'.
613 2375 621 2391 I
640 2365 836 2395 Universorum
851 2369 922 2397 Deus
982 2373 1079 2408 Ἀμήν.

134 2416 240 2437 ῐηεηιεδ
267 2415 382 2443 “Siras,
407 2410 617 2446 τεῘῖϐῖοείεείηικ
639 2413 836 2448 ίηιρθηιῑΐίεοεν
863 2425 911 2452 per
931 2419 1061 2454 Spiritum
1092 2423 1216 2445 sanctum
1248 2418 1359 2453 diriget,
1376 2422 1405 2445 nt
1438 2422 1544 2444 rectum
1567 2424 1679 2444 sensum
1695 2423 1763 2443 asse-

134 2456 180 2491 Ψιὶ
209 2456 331 2490 Ροεεῖιῖε-
363 2455 471 2483 Etenim
503 2456 628 2484 Chrislus
654 2457 783 2486 Dominus
810 2461 846 2488 ita
870 2470 918 2491 vos
956 2470 1139 2499 comparatas,
1161 2465 1212 2491 hoc
1245 2470 1297 2497 est,
1318 2466 1396 2491 ﬁrma
1416 2471 1448 2491 ac
1482 2463 1574 2491 stahili
1595 2463 1647 2490 ﬁde
1660 2467 1763 2490 ornatas

134 2502 287 2533 ίηνειιίευεν
313 2500 470 2528 εωῘεδιίὶΝιε
491 2500 569 2528 bonis
595 2501 698 2529 ὃίῖίὶῑίηι
726 2503 909 2540 locupletabit,
949 2509 1082 2544 longeque
1107 2509 1278 2537 heatissimas
1300 2509 1407 2537 efﬁciet.
1429 2509 1525 2537 Omnis
1556 2518 1675 2545 namque
1707 2517 1762 2546 spes

133 2553 225 2622 ἶ¹⁰⁵ί¹¹²
249 2550 277 2624 2‘
297 2549 410 2576 (Ἀπίδιο
425 2549 476 2576 δίω
494 2554 535 2576 εει
553 2558 559 2576 ί
578 2557 626 2585 βοΐ
641 2557 721 2585 quem
738 2557 765 2580 el
782 2561 843 2582 cum
863 2563 917 2590 quo
936 2557 1009 2584 Patri
1021 2565 1083 2584 cum
1095 2557 1198 2592 Spiritu
1218 2562 1312 2585 sancto
1345 2558 1381 2585 sit
1410 2558 1496 2592 gloria
1514 2558 1541 2585 in
1556 2557 1657 2585 smcula
1688 2565 1762 2585 saecu-

144 2605 232 2624 orum.
274 2605 345 2624 men.

144 2605 232 2625 orum.
249 2605 345 2624 mneo.

169 2666 191 2681 "'
203 2665 282 2703 {eam
294 2675 320 2697 v.
335 2667 380 2699 26,
394 2667 440 2696 27.
477 2667 499 2684 ‘9
513 2668 585 2695 Psal.
602 2677 675 2703 xux,
695 2670 722 2698 6.

134 2709 174 2733 ιιι,
191 2702 234 2728 15.
272 2702 294 2717 ⁵⁸
311 2703 375 2729 ibid.
391 2703 434 2729 Μ.
473 2703 495 2719 ⁸⁵
512 2703 605 2732 Matth.
624 2713 679 2738 xvi,
694 2706 739 2732 ‘27.

774 2672 797 2688 σο
812 2672 868 2700 Jac.
887 2681 923 2703 tv.
938 2674 980 2702 l2.
1020 2674 1041 2690 σι
1059 2673 1110 2702 lsa.
1128 2682 1222 2708 xum,
1239 2675 1282 2702 Η.
1339 2675 1362 2691 ⁶²
1378 2674 1454 2702 Joan.
1474 2681 1510 2701 vn

1020 2674 1041 2690 σι
1059 2673 1110 2702 lsa.
1128 2682 1222 2708 xum,
1239 2675 1282 2702 Η.
1339 2675 1362 2691 ⁶²
1378 2674 1454 2702 Joan.
1474 2681 1533 2708 vni,
1550 2673 1594 2701 40.
1653 2673 1676 2690 ⁸³
1688 2671 1758 2700 Joan.

779 2707 801 2723 ⁶⁶
818 2709 881 2736 ibid.
896 2710 940 2737 15.
980 2709 1001 2726 ⁸⁷
1015 2709 1096 2738 Prov.
1113 2718 1151 2742 ιιι,
1167 2710 1193 2737 9.

675 2763 761 2793 Variae
780 2765 912 2795 lectiones
924 2767 1025 2796 codicis
1041 2767 1220 2804 Segnieriani.

1339 2675 1362 2691 ⁶²
1378 2674 1454 2702 Joan.
1474 2681 1533 2708 vni,
1550 2673 1594 2701 40.

169 2820 180 2834 ι
193 2813 272 2842 εἶναι.
310 2821 319 2832 ·
336 2816 462 2848 διανοίας.
