1872 3057
108 129 130 158 Ι
137 129 187 157 HI

710 127 923 156 FRAGMENTA
946 126 1158 156 DOGMATICA.

1685 123 1756 154 “22

111 192 1735 210 Μ

719 278 1160 338 FRAGMENTA

410 388 468 425 EX
491 392 685 424 OPERIBUS
708 392 959 424 DOGMATICIS
981 392 1013 423 S.
1034 391 1196 423 CYRILLI
1217 390 1467 422 DEPERDITIS.

911 489 947 496 _

383 619 422 655 (Ι)
433 627 467 646 οε
484 625 623 647 summa:
635 626 753 647 paruero
773 626 822 646 seu
842 625 1103 647 TRANSNOHINATIONE
1120 625 1215 645 ABRAMI
1234 625 1259 645 1N
1278 624 1432 645 ABRAHAMUM
1449 615 1509 652 (l‘).

115 708 177 737 Τοῦ
195 708 281 744 ἁγίου
306 707 468 744 Κυρίλᾼοη,
493 707 532 744 avg
554 707 730 744 σοῦ-λόγου,
743 704 786 744 ριῦ
813 708 832 741 ἡ
849 707 909 734 ἐπι-

999 707 1154 742 ηειιζσῃνίιιί
1169 708 1280 744 extibro
1299 707 1342 734 cui
1355 707 1450 744 titulus
1464 715 1471 734 :
1491 705 1709 744 ιρεγηρησιναιὶο
1720 713 1754 744 ea:

154 742 252 778 γραφή
266 751 272 758 ·
293 752 303 769 ί
329 742 496 775 Ἀπόδειξις
518 742 567 778 διὰ
589 742 649 769 τῶν·
676 742 810 777 ἀρχῆθεν
831 751 912 778 γεγε-

153 777 292 817 ὺίημένων
315 779 403 817 091w?-
426 777 574 817 χρησμῶν.
587 778 649 810 τοῖς
668 777 840 817 astragalo];
857 786 912 804 πα-

153 814 306 859 τριάρχαις
328 813 394 856 resp),
415 813 472 846 τῆς
486 813 636 852 (ξμείψεῳς
659 813 707 839 καὶ
725 813 913 848 μεταθέσεως

156 857 216 876 των
244 849 389 876 Ιουδαιων
405 849 454 875 καὶ
469 856 528 874 των
543 848 639 875 ἐθνων
652 848 701 884 ('2).
722 857 732 874 ›

165 905 197 932 'H
213 905 261 932 τοῦ
282 905 406 940 Ἀϐραὰμ
418 904 610 939 ἁντωνομασία
619 905 799 940 κατείληπται
814 905 913 940 σημαί-

110 958 203 978 νουσα
225 951 270 977 τὸν
288 950 427 985 τριαδικὸν
449 949 566 984 ἀριθμὸν
590 949 645 977 τῶν
670 950 824 986 θεαρχικῶν
846 951 912 976 ὑπο-

113 997 257 1024 στάσεων·
282 996 343 1022 ἐπεὶ
360 996 414 1031 γὰρ
431 995 542 1031 Ἃϐραμ
569 995 716 1030 ὠνομάσθη
739 997 753 1022 ὁ
770 996 913 1026 θεσπέσιος

113 1043 304 1079 πατριάρχης,
324 1042 450 1078 Ἀϐραὰμ.
465 1042 660 1077 ἀντωνομάσοη
688 1041 790 1070 θεόθεν.
811 1042 842 1068 El
862 1042 912 1076 μέν

111 1097 161 1120 τις
179 1089 265 1116 ἕλοιτο
279 1088 474 1124 διερμηνεῦσαι
488 1087 573 1121 τουτὶ,
586 1087 634 1114 τοῦ
650 1088 780 1123 ὀνόματος
800 1087 832 1114 τὺ
845 1096 912 1122 προ-

113 1132 303 1169 καταρκτικὸν
324 1134 455 1168 στοιχεῖον
469 1133 499 1159 τὸ
520 1141 537 1159 α
559 1132 633 1166 ἄγων
652 1133 720 1167 μετὰ
742 1133 788 1159 τοῦ
808 1141 912 1168 συνημ-

116 1178 202 1213 μένου
215 1179 265 1208 καὶ
281 1177 502 1213 συμπελάζοντος
513 1177 597 1212 αὐτῷ,
609 1178 656 1204 τοῦ
673 1178 688 1213 β
707 1187 789 1214 φημι,
803 1178 913 1210 πάντως

114 1224 231 1260 εὑρήσει
257 1225 318 1251 καθ’
343 1224 552 1260 ὑπερῦιϐασμὸν
574 1224 621 1250 τοῦ
641 1224 710 1259 μετὰ
725 1224 756 1250 τὸ
770 1233 785 1260 ρ
809 1233 839 1257 α,
864 1233 913 1259 ση-

117 1271 216 1305 μαῖνον
240 1269 357 1304 Πατήρ·
383 1270 413 1296 τὸ
438 1271 493 1304 γὰρ
511 1269 579 1302 ἀϐὰ,
602 1269 702 1304 πατὴρ
729 1270 912 1305 ἑρμηνεύεται

113 1315 263 1350 δήπουθεν.
277 1315 308 1342 Et
323 1315 351 1341 δέ
365 1324 397 1350 γε
413 1315 493 1342 πάλιν
507 1315 678 1350 διῃρημένως
692 1315 721 1341 τὸ
740 1315 864 1351 δεύτερον
879 1317 911 1351 τῇ

114 1359 194 1386 θέσει
216 1362 356 1395 στοιχεῖον,
372 1360 445 1394 λέγω
465 1360 497 1395 δὴ
516 1360 546 1386 τὸ
562 1359 588 1396 β,
614 1360 683 1395 μετὰ
706 1360 753 1387 τοῦ
770 1361 912 1396 συνημμέ-

113 1415 165 1433 νου
181 1407 228 1433 aut
242 1407 458 1442 συμπελάζοντος
473 1406 547 1441 αὐτῴ
567 1415 593 1442 ρ,
609 1407 776 1442 διασαφῆσαι
791 1407 909 1443 θελήσει,

115 1453 201 1479 πάλιν
217 1453 327 1489 εὑρήσει
350 1453 410 1480 καθ’
427 1453 632 1489 ὑπερϐιὸασμὺν
650 1453 780 1485 ὡσαύτως
798 1454 844 1480 τοῦ
862 1454 911 1480 αὐ-

115 1498 167 1525 τοῦ
193 1507 221 1531 α,
248 1499 380 1534 σημαῖνον
404 1499 487 1531 Υὶός⁴
515 1499 546 1525 τὺ
569 1499 624 1534 γὰρ
646 1498 719 1532 βὰρ,
745 1499 802 1530 υἱὸς
824 1499 911 1533 ἑρμη-

117 1534 228 1571 νεύετάι
241 1544 385 1580 δήπουθεν,
404 1545 436 1571 Ei.
457 1544 485 1571 δὲ
507 1545 537 1571 τὸ
552 1544 659 1572 τελικὸν
676 1546 818 1580 στοιχεῖον,
839 1544 910 1579 λέγω

117 1589 153 1624 δὴ
166 1590 197 1616 τὸ
218 1599 247 1625 μ,
265 1589 334 1624 μετὰ
354 1590 400 1616 τοῦ
423 1591 596 1626 συνημμένου
621 1590 668 1617 καὶ
690 1589 911 1626 συμπελάζοντος

118 1636 196 1672 αὐτῷ
223 1636 447 1672 προσαναγνῶναι
479 1637 526 1664 καὶ
557 1637 724 1672 διασαφῆσαι
756 1636 910 1672 βουληθείη,

174 1727 198 1757 l)
212 1727 264 1754 MAI
281 1726 441 1753 Bibliotheca
454 1734 520 1752 nona
532 1725 652 1754 Patrum.
666 1725 710 1759 HI,
721 1726 783 1753 28L

174 1728 198 1757 1)
212 1728 264 1754 MAI
281 1728 441 1753 Bibliotheca
454 1734 520 1752 nona
532 1728 652 1754 Patrum.
667 1728 710 1759 HI,
721 1728 783 1753 285.

158 1728 210 1798 it‘)
223 1762 377 1798 Gennadius
393 1769 452 1795 cup.
469 1761 502 1788 57
524 1766 552 1788 et
576 1762 625 1798 alii
637 1761 914 1798 deititle_iiteinorant

120 1796 206 1825 libros
221 1797 314 1831 (Σεινὶίιὶ
330 1805 339 1822 ι
358 1796 396 1824 Do
417 1797 564 1831 Syuagoga:
579 1796 694 1823 del'ectu.
712 1806 721 1821 ι
740 1796 912 1830 Pastrengius

122 1839 213 1860 autem
230 1833 391 1859 Veronensis
408 1832 502 1859 St'l'iltll
516 1841 522 1858 :
535 1831 649 1858 Exstare
673 1832 799 1858 dicuntur
813 1836 840 1858 et.
852 1831 910 1857 libri

121 1868 216 1904 (ἴδ’τίμί
233 1867 270 1894 De
290 1867 438 1904 Synagogze
456 1867 572 1904 defectu.
585 1866 643 1904 ιΙιιιιι
658 1874 727 1904 vero
753 1874 813 1904 cum
832 1866 912 1904 istius

122 1902 163 1930 De
180 1903 327 1937 Synagaga:
339 1902 442 1936 defectu
456 1902 546 1935 operis
568 1902 710 1936 vestigium
728 1902 828 1928 nnllmu
845 1902 910 1928 mihi

122 1936 292 1968 occurreret,
310 1937 359 1971 legi
374 1937 482 1964 demum
498 1937 567 1970 apud
592 1937 750 1963 Uandininm
768 1937 793 1962 in
808 1936 894 1962 deseri

928 1383 949 1410 Β

997 741 1093 770 divinis
1110 744 1143 769 ad
1157 743 1269 777 inclyta:
1291 743 1456 776 patriarchas
1467 741 1619 777 editisﬁolim
1636 742 1752 768 oraculi:

998 779 1070 805 circa
1085 776 1257 804 mutationem
1271 785 1301 804 ac
1320 777 1519 804 translationem
1532 776 1688 803 Judworum
1710 781 1752 803 at-

997 821 1046 847 que
1056 814 1227 840 ethnicorum.
1251 822 1260 837 ι

997 901 1144 929 Abrahami
1158 900 1421 928 transnominatione
1443 899 1592 935 signiﬁcari
1614 900 1751 935 comperi-

963 955 1023 975 mus
1040 946 1189 975 ternarium
1204 954 1346 974 numerum
1358 946 1510 973 divinarum
1520 946 1675 973 sublimium
1688 954 1750 981 per-

962 999 1101 1020 sonarum.
1119 992 1186 1019 Nam
1212 999 1273 1019 cum
1299 991 1398 1019 Abram
1424 991 1606 1026 appellaretur
1635 992 1751 1027 inclytus

963 1038 1129 1072 patriarcha,
1140 1038 1278 1065 Abraham
1299 1037 1430 1064 divinitus
1444 1038 1675 1065 transnominatus
1689 1038 1750 1064 fuit.

962 1084 990 1112 Id
1004 1085 1026 1111 si
1042 1084 1104 1118 quis
1118 1083 1385 1118 voletinterpretari,
1400 1083 1518 1110 nominis
1542 1084 1651 1117 quidem
1679 1083 1752 1117 prio-

963 1138 1020 1158 rem
1042 1130 1161 1158 litteram
1175 1130 1209 1163 A,
1222 1137 1283 1156 cum
1302 1129 1428 1163 copulata
1452 1129 1502 1156 sibi
1522 1134 1550 1156 et
1578 1129 1702 1164 proxima
1720 1128 1750 1161 Β,

963 1176 1074 1204 omnino
1087 1175 1248 1210 comperiet,
1264 1174 1336 1202 facta
1360 1175 1442 1202 etiam
1466 1174 1626 1208 trajectione
1639 1174 1751 1200 alterius

962 1223 997 1254 A.
1012 1229 1073 1257 qute
1087 1227 1129 1249 est
1138 1225 1199 1256 post
1212 1221 1251 1254 Κ,
1268 1220 1423 1255 signiﬁcare
1443 1225 1566 1255 patrem:
1580 1221 1679 1247 etenim
1700 1219 1751 1246 aba

965 1268 1013 1304 (ὅ),
1034 1273 1133 1301 patrem
1150 1267 1372 1302 interpretamttr.
1392 1265 1432 1299 ISi
1456 1266 1544 1293 denuo
1556 1266 1704 1293 secundam
1723 1266 1750 1292 in

963 1315 1097 1349 positione
1111 1313 1240 1344 litteram.
1249 1312 1268 1339 Β
1284 1312 1407 1347 inquam,
1419 1312 1577 1347 separatim,
1587 1315 1614 1339 et
1623 1311 1750 1344 deinceps

965 1367 1027 1387 cum
1047 1359 1071 1386 ﬂ
1088 1365 1206 1393 quacum
1223 1358 1326 1390 unitur,
1342 1357 1478 1392 explicare
1492 1356 1617 1388 voluerit,
1637 1357 1749 1390 iterum,

962 1409 1024 1438 post
1043 1404 1067 1431 Α
1091 1403 1218 1438 ejectum,
1233 1403 1281 1438 ﬁlii
1299 1403 1522 1438 signiﬁcationem
1540 1403 1656 1437 reperiet
1673 1402 1748 1438 ('5').]

963 1450 1019 1479 Bar
1035 1451 1107 1479 enim
1121 1451 1168 1478 lilii
1181 1451 1242 1478 loco
1253 1455 1303 1478 est.
1314 1450 1391 1484 Quod
1403 1451 1425 1477 si
1440 1454 1604 1484 postremam
1620 1441 1749 1480 litteram.

963 1499 989 1526 id
1001 1503 1044 1526 est
1057 1498 1092 1531 Μ,
1105 1505 1165 1525 cum
1187 1497 1310 1531 copulata
1328 1495 1380 1524 sibi
1395 1501 1422 1523 et
1437 1496 1557 1530 proxima
1573 1495 1606 1529 A,
1621 1495 1711 1531 legere
1723 1500 1752 1522 et

963 1545 1099 1579 explicare
1111 1544 1171 1579 quis
1191 1544 1309 1571 voluerit
1333 1543 1471 1570 contrario
1499 1542 1605 1575 ordine,
1620 1542 1748 1574 inveniet,

964 1593 1101 1624 assumpta
1115 1588 1197 1616 simul
1209 1589 1302 1617 eadem
1317 1588 1350 1621 Β,
1368 1588 1496 1616 inveniet.
1509 1587 1628 1621 inquam,
1644 1587 1748 1621 signiﬁ-

965 1641 1056 1662 catum
1069 1633 1214 1660 altissimus
1225 1634 1245 1668 ἡ
1256 1640 1351 1668 reapse
1368 1633 1441 1660 enim
1465 1641 1522 1659 mar
1546 1633 1584 1668 (4)
1602 1633 1752 1667 explicatur

965 1724 1017 1756 cis,
1034 1730 1157 1758 peneque
1187 1731 1282 1750 omnes
1310 1727 1435 1750 auctores
1452 1723 1496 1757 qui
1517 1723 1550 1750 ad
1570 1723 1658 1750 locum
1674 1723 1749 1750 illum

964 1759 1102 1786 Geneseos
1133 1766 1198 1790 χιιι,
1215 1758 1242 1790 5,
1258 1759 1431 1785 commentati
1457 1763 1530 1788 sunt.
1551 1759 1668 1786 nominis
1690 1759 1749 1792 ejus

964 1799 1072 1828 etymon
1085 1794 1243 1826 attigerunt.
1266 1792 1338 1820 Duos
1359 1798 1462 1820 tantum
1483 1793 1622 1828 appellabo
1640 1802 1647 1820 ε
1668 1794 1748 1821 Glas-

964 1829 1033 1855 sium
1059 1831 1084 1855 in
1112 1828 1242 1862 Philolog.
1275 1836 1343 1854 sacr.
1355 1847 1364 1860 ,
1380 1833 1399 1855 t.
1413 1829 1433 1860 Ι,
1447 1829 1478 1855 de
1506 1836 1577 1855 nom.
1593 1835 1683 1862 propr.
1694 1848 1701 1857 .
1721 1833 1749 1855 et

965 1864 1083 1890 Ikeuium
1099 1863 1125 1890 in
1141 1865 1258 1891 secunda
1279 1871 1326 1889 sua
1350 1863 1551 1890 dissertatione.
1566 1864 1645 1897 Atqui
1662 1871 1694 1890 ex
1706 1864 1748 1891 his

967 1907 1046 1926 nemo
1061 1906 1131 1932 quos
1141 1906 1190 1932 ego
1204 1899 1328 1930 viderim,
1345 1898 1437 1932 Cyrilli
1456 1900 1506 1925 hoc
1527 1898 1705 1932 fragmentum
1719 1907 1749 1925 se

967 1934 1063 1968 legisse
1087 1934 1255 1960 demonstrat
1272 1942 1278 1960 :
1295 1934 1366 1967 quod
1395 1938 1482 1960 tanien
1512 1933 1612 1967 Cyrillo
1626 1934 1651 1960 in
1667 1941 1749 1968 argu-

123 1975 216 2006 ptione
233 1967 400 1999 bibliothecae
415 1967 604 1998 Laurentianze
617 1971 736 2005 plut.lX,
747 1971 807 1998 cod.
818 1971 912 2003 XXIV,
927 1967 948 1995 C
967 1967 1064 2006 tiarmn
1092 1975 1206 1996 numero
1225 1976 1281 2006 non.
1296 1973 1337 1995 est
1359 1968 1556 2006 deputandum;
1571 1967 1748 2006 nam_contra

124 2016 152 2041 ιι.
172 2007 215 2039 18,
228 2008 300 2034 inter
319 2012 442 2033 auctores
451 2015 464 2032 ιι
482 2006 572 2033 Niceta
595 2007 724 2033 Choniata
740 2008 766 2033 in
787 2014 833 2032 sua
850 2014 911 2039 par-

125 2043 173 2069 Iim
191 2043 278 2069 adhuc
293 2042 392 2068 inedita
407 2042 533 2074 Panoplia
550 2041 805 2076 citatus,Cyrilliani
820 2042 910 2074 opcris

124 2085 187 2104 enm
202 2078 306 2104 titulum
324 2085 403 2111 quem
413 2077 556 2106 scribimus
573 2084 634 2103 cum
652 2078 735 2111 ipsius
750 2077 840 2110 operis
855 2084 906 2102 non

124 2113 323 2139 conteumendo
353 2111 513 2144 fragmento.
533 2111 657 2138 l’rol'ecto
685 2112 800 2138 vidimus
826 2111 878 2137 dici
894 2119 908 2137 a

125 2147 225 2182 Cyrillo
256 2153 350 2182 nostro
370 2148 401 2173 ad
431 2146 496 2180 psal.
524 2154 657 2182 Lxxxvm,
679 2145 820 2182 52(0pp.
849 2154 907 2171 non.

125 2180 190 2209 edit.
212 2188 231 2210 ι.
248 2181 309 2216 II).
328 2182 564 2208 enmmtttutionem
591 2180 691 2214 Christi
707 2180 906 2215 intelligendam

125 2225 186 2244 esse
203 2218 362 2249 Ecclesium,
376 2218 438 2251 quia
451 2216 575 2251 Christus
594 2217 807 2251 Synagogamrin
821 2215 910 2242 Eccle-

126 2253 194 2279 siam
212 2259 287 2279 sinam
304 2250 491 2278 commutavit.
512 2250 596 2277 Porro
615 2250 707 2278 titulus
722 2258 737 2277 a
753 2250 845 2277 Niceta
858 2258 908 2277 no-

125 2288 168 2315 bis
179 2292 364 2318 conservatus,
378 2287 481 2313 videtur
497 2287 560 2312 milti
575 2287 721 2321 Synagogze
735 2287 909 2313 mutationem

128 2323 154 2349 in
168 2322 349 2349 Christianam
376 2322 533 2352 Ecclesium,
550 2329 610 2355 qua:
630 2329 661 2348 ex
680 2321 797 2348 ethnicis
814 2321 908 2354 prteci-

127 2365 179 2391 pue
205 2358 317 2389 coaluit,
337 2357 490 2389 signiﬁcare
505 2364 511 2383 :
527 2358 569 2383 cui
599 2356 637 2382 rei
665 2355 909 2391 sulfragaturlrag-

128 2397 248 2433 mentum
263 2392 333 2436 quod
349 2393 483 2436 sequitur,
502 2399 556 2436 Iseu
569 2391 726 2436 similitudo,
742 2391 907 2436 trrzinspomi-
923 2408 946 2436 υ

128 2428 245 2453 nationis
259 2425 368 2454 Abrami
386 2429 412 2453 in
427 2427 609 2453 Abrahamqu
624 2427 657 2453 ah
676 2427 733 2460 ipso
748 2425 801 2452 Deo
817 2425 905 2453 factae.

128 2462 222 2495 Itaque
247 2463 269 2489 si
291 2462 443 2495 conjectura
468 2469 527 2488 mea
552 2461 653 2495 aliquid
681 2462 761 2493 valet,
779 2461 909 2487 habemus

130 2498 246 2530 denique
275 2498 301 2523 in
321 2498 444 2524 manibus
464 2496 645 2530 fragmentum
669 2496 789 2530 praedicti
808 2496 908 2530 operis,

128 2533 199 2565 quod
215 2537 288 2558 certe
305 2531 398 2566 Cyrilli
410 2539 469 2558 esse
481 2532 589 2558 Nicetas
608 2536 732 2558 testatur.

164 2567 204 2592 Ad
217 2575 272 2592 rem
287 2565 357 2599 quoii
383 2568 489 2598 attinet,
510 2566 678 2600 exploratum
701 2571 743 2593 est
769 2565 908 2593 Philonem

128 2599 249 2627 Judaeum
263 2602 295 2627 de
308 2603 356 2628 hac
370 2602 515 2628 Ahrahami
542 2599 800 2627 transnominatione
815 2601 908 2628 saltent

130 2637 274 2669 quinquies
286 2637 413 2669 loculum,
426 2644 520 2670 nempe
533 2637 558 2662 in
572 2637 765 2670 Atlegoriarum
782 2637 850 2663 libro
867 2644 909 2667 nt,

129 2671 193 2697 edit.
210 2672 295 2706 Maug.
322 2677 340 2699 t.
358 2673 376 2703 1,
396 2680 420 2705 p.
443 2672 505 2702 105,
522 2677 548 2698 et
578 2671 615 2698 De
638 2671 780 2702 cherubim,
800 2680 826 2705 p.
847 2671 909 2703 159,

130 2714 235 2733 necnon
262 2707 298 2732 Ue
315 2707 475 2741 gigantibus,
486 2715 511 2739 p.
527 2707 590 2738 ΞΠ,
605 2712 632 2733 et
644 2707 760 2739 denique
775 2707 911 2740 copiosius

130 2741 157 2766 iu
174 2741 242 2768 libro
258 2741 295 2767 De
314 2743 447 2768 nominum
476 2742 628 2773 mutatione,
642 2748 685 2775 pp.
701 2741 764 2772 588,
778 2741 839 2773 5259,
856 2747 911 2768 tum

129 2776 210 2802 etiam
225 2783 244 2804 t.
270 2777 301 2807 ll,
321 2785 346 2811 p.
364 2777 406 2810 15,
429 2778 453 2803 in
469 2777 537 2803 libro)
559 2777 597 2803 De
624 2776 782 2802 Abrahamo.
802 2776 912 2803 Verum-

131 2815 220 2838 tamen
235 2812 299 2838 nihil
315 2812 395 2838 habet
407 2812 441 2839 de
460 2811 594 2838 Trinitate
607 2811 715 2839 Judazus
733 2812 812 2839 homo
823 2812 910 2838 Philo.

129 2845 309 2884 Hieronymus
323 2854 429 2883 quoque
442 2852 533 2876 noster
545 2848 571 2875 in
583 2846 783 2879 Quastiouibus
799 2846 912 2876 Hebrai-

963 2003 1070 2031 Jmlaeos
1086 2009 1260 2037 pugnantem,
1275 2003 1392 2036 ipsorum
1405 2003 1531 2030 methodo
1545 2011 1576 2031 ac
1588 2003 1667 2038 genio
1680 2011 1748 2038 pau-

963 2039 1046 2073 lisper
1058 2039 1196 2073 indulgere
1210 2046 1262 2065 non
1276 2038 1324 2064 fuit
1339 2039 1497 2065 absurdum.

998 2074 1141 2107 Reliquum
1157 2078 1198 2100 est
1211 2079 1239 2100 ut
1253 2073 1350 2104 dicam,
1363 2074 1499 2108 egregium
1510 2074 1561 2100 hoc
1575 2073 1666 2108 Cyrilli
1676 2073 1747 2108 frag-

962 2114 1082 2135 mentum
1105 2109 1203 2135 dchere
1231 2116 1273 2134 me
1299 2109 1461 2135 humanitati
1476 2116 1507 2135 ac
1532 2109 1689 2135 liberalitati
1709 2109 1744 2135 cl.

961 2151 993 2169 ac
1019 2143 1235 2170 reverendissimi
1260 2142 1389 2177 Gasparis
1414 2143 1544 2173 Bencinii.
1571 2143 1692 2170 canonici
1719 2149 1748 2170 et

960 2177 1150 2205 Richardiana:
1174 2177 1344 2205 bibliothecae
1362 2179 1387 2204 in
1403 2178 1557 2206 Florentina
1575 2179 1641 2205 urbe
1655 2179 1747 2212 praesi-

960 2214 1012 2244 dis,
1025 2213 1178 2240 Graecarum
1196 2213 1346 2240 litterarum
1364 2213 1531 2248 peritissimi,
1548 2218 1577 2240 ut
1602 2213 1660 2247 ejus
1684 2214 1745 2247 plu-

960 2249 1028 2274 rima
1046 2248 1134 2276 hacin
1150 2255 1178 2275 re
1196 2249 1293 2275 merita
1306 2249 1364 2275 orbi
1376 2249 1433 2282 jam
1449 2248 1492 2274 diu
1509 2249 1741 2275 demonstrarunt.

996 2284 1034 2317 (ἓ)
1047 2283 1102 2311 Hoc
1112 2288 1301 2318 argumentum
1316 2283 1512 2318 attingiteliam
1527 2283 1620 2310 titulus
1633 2283 1745 2317 Capituli

960 2319 1049 2352 quarti
1065 2317 1259 2352 Glaphyrorum
1271 2319 1298 2344 in
1311 2317 1455 2345 Leviticum
1472 2318 1564 2353 Cyrilli
1584 2319 1668 2345 nostri
1683 2317 1744 2344 Ὅτι

961 2353 1059 2389 συνέϐη
1071 2355 1164 2380 πεσεῖν
1178 2354 1228 2389 τὴν
1239 2353 1293 2380 τῶν
1310 2353 1443 2380 Ἰουδαίων
1454 2354 1617 2388 Συναγιιιγὴν
1633 2353 1661 2385 ἐξ
1670 2353 1745 2380 ἀπει-

960 2387 1034 2423 θείας
1047 2387 1058 2403 ’⁷
1071 2389 1148 2423 Quod
1162 2388 1192 2415 ob
1206 2387 1289 2415 suam
1306 2389 1497 2415 contumaciam
1527 2387 1635 2423 contigit
1666 2391 1745 2415 ruina

960 2422 1107 2458 Synagogie
1128 2422 1294 2450 Judworum.
1305 2423 1383 2450 Nulla
1407 2431 1469 2458 pars
1492 2430 1582 2451 tamen
1601 2422 1744 2458 'sequeutis

959 2459 1104 2492 tragmenti
1119 2459 1154 2485 ibi
1167 2459 1274 2492 legitur.

995 2494 1033 2528 (5)
1045 2494 1116 2529 Ergo
1128 2502 1161 2521 ex
1178 2494 1322 2520 Chaldaica
1347 2494 1436 2528 potius
1449 2501 1497 2521 seu
1525 2493 1647 2528 Syriaca,
1662 2501 1743 2529 quam

960 2537 991 2556 ex
1014 2528 1163 2556 vetustiore
1177 2529 1352 2556 Hebraeorum
1374 2529 1461 2563 lingua
1483 2529 1675 2562 interpretatur
1690 2528 1743 2563 Cy-

960 2564 1047 2595 rillus,
1059 2572 1156 2598 nempe
1175 2564 1224 2591 aba
1239 2571 1287 2599 pro
1298 2565 1347 2596 ab;
1364 2569 1392 2591 et
1417 2572 1478 2590 mox
1501 2564 1548 2589 bar
1564 2571 1612 2598 pro
1626 2564 1682 2590 ben.
1698 2564 1744 2590 Sic

961 2607 1056 2632 reapse
1067 2599 1135 2625 abba
1150 2605 1191 2626 ter
1210 2600 1237 2625 in
1257 2599 1331 2626 Novo
1348 2599 1531 2626 Testamento.

996 2635 1047 2669 (δ’)
1072 2636 1139 2667 Quae
1159 2635 1237 2661 uncis
1262 2634 1440 2669 includuntur
1457 2635 1586 2661 omiserat.
1606 2633 1693 2661 Maius
1714 2634 1743 2660 in

962 2669 1186 2704 interpretatione
1202 2677 1261 2697 sua.
1279 2668 1357 2696 Eutr.
1373 2669 1458 2697 Ρλτιι.

999 2705 1037 2738 (ll
1052 2704 1107 2732 Iloc
1124 2712 1231 2738 quoque
1253 2705 1406 2740 Syriacum.
1420 2705 1473 2732 Sed
1491 2711 1586 2735 miror,
1612 2710 1747 2737 quomodo

962 2747 1021 2765 mar
1037 2747 1085 2774 pro
1095 2748 1150 2766 ram
1163 2739 1394 2774 dicatnrilteapse
1409 2740 1481 2766 eitim
1492 2748 1549 2766 mar
1558 2740 1747 2770 estdomimte;

964 2783 1031 2806 ram,
1045 2775 1114 2802 altus
1130 2775 1171 2801 vel
1188 2775 1342 2804 altissimus.
1359 2775 1416 2804 Non
1432 2775 1514 2810 igitur
1529 2775 1604 2802 locus
1616 2778 1685 2810 erat
1704 2774 1746 2799 Ιιιι·

963 2811 1106 2839 metathesi
1119 2810 1281 2839 litterarum.
