1872 3057
142 161 211 189 1127

930 238 975 266 111.

636 159 665 187 s.
683 158 820 188 CYRILLI
838 150 1253 186 ALEXA'NDRINI'ARCHIEP.

1726 147 1797 176 ιιεε

700 311 733 330 ex
750 309 826 329 LIBRO
844 308 946 328 CONTRA
963 305 1134 327 svuususns
1145 295 1195 333 (l).

141 380 166 408 1.
184 380 299 415 Cyrillut
316 380 345 407 in
362 379 429 407 libra
449 379 573 406 adversus
584 386 646 415 gon
657 378 702 413 qui
729 383 927 415 naitlfaSFOit-
941 377 965 406 Α
979 377 1023 404 aio
1047 385 1054 404 :

175 412 287 450 fundunt
303 415 340 450 (2)
356 416 400 450 qui
422 415 532 448 incipit:
550 423 559 440 ι
577 413 663 441 Paulo
688 417 749 440 ante
774 413 856 440 locuti
881 412 927 438 diu

175 459 277 478 sumus.
299 460 308 476 ι

176 551 321 586 Quousque
332 552 439 580 tandem
459 551 579 579 nonnulli
593 551 703 586 scriptis
717 551 774 579 suis
793 555 927 583 astruent,

139 597 183 625 vel
199 597 369 624 somniabunt
384 597 484 632 potius,
500 597 579 624 Verbi
604 597 630 623 in
649 604 759 624 carnem
773 604 804 623 ac
818 596 930 630 sangui-

141 651 203 670 nem
215 643 432 674 conversionem.
451 644 597 670 amentium
614 643 699 670 instar
721 643 871 677 nugantes?
884 642 930 670 His

141 695 193 716 nos
218 688 331 716 dicimus
349 697 356 715 :
372 688 512 723 Evigilate,
530 688 598 716 ebrii
611 689 643 714 de
666 688 729 715 vino
749 693 850 716 vestro.
866 688 931 721 Quae

141 734 214 762 enim
225 739 313 761 vestra
327 739 368 762 est
383 735 415 761 de
425 738 520 760 natura
534 735 625 761 carnis
635 734 767 762 sententia
782 739 828 761 aut
845 734 928 766 notio,

143 781 184 808 vel
204 781 338 815 quomodo
350 780 550 808 inscrutabilem
560 781 718 808 scrutamini
729 780 775 807 Dei
786 781 931 807 naturam?

143 828 209 858 Quis
232 834 313 862 porro
340 827 438 854 audeat
463 834 519 854 rem
535 827 623 854 metiri
657 827 931 854 immensarabilem?

144 871 228 899 Nemo
243 877 316 900 certe
336 873 416 900 dicet.
429 880 508 899 nemo
537 873 597 900 sine
616 880 709 900 errore
727 873 846 904 deﬁniet.
865 881 932 908 qua—

145 926 206 944 nam
221 918 256 944 sit
274 919 402 953 prmditus
422 923 516 945 natura
547 918 629 952 Deus,
642 919 762 946 omnium
790 919 931 952 Dominus,

145 962 201 994 lux,
218 963 284 996 vita,
299 963 383 997 gloria
395 964 562 997 etpotentia,
579 964 624 992 ille
633 964 738 991 demum
751 965 795 999 qui
809 964 932 991 omnium

144 1016 234 1035 rerum
261 1014 385 1036 naturam
408 1010 493 1042 novit,
510 1015 537 1036 et
564 1010 693 1044 quidquid
710 1011 735 1037 in
763 1010 872 1037 homine
891 1015 934 1037 est

145 1055 256 1082 scientia
270 1063 318 1082 sua
338 1056 535 1090 complectitur.
560 1056 705 1091 Quousque
730 1057 837 1083 tandem
864 1064 932 1083 non-
948 1047 971 1077 Β

145 1102 211 1129 nulli
234 1101 420 1135 afﬁrmabunt,
442 1102 519 1130 Verbi
551 1102 649 1130 iactant
671 1103 698 1130 in
719 1107 854 1131 terrenttm
882 1104 933 1131 hoc

145 1156 245 1182 corpus
273 1149 459 1181 mutationem,
473 1149 498 1175 id
512 1153 554 1176 est
569 1149 652 1175 Deum
680 1147 796 1176 Verbum
822 1149 855 1176 de
870 1149 934 1175 Sllb-

144 1194 245 1220 stantia
260 1193 369 1228 propria
384 1193 533 1221 coniecisse
546 1193 598 1220 sibi
625 1193 815 1229 corpus,quod
839 1197 933 1220 nostro

145 1239 375 1266 consubstantiale
386 1239 439 1266 sit?
453 1238 484 1265 Ili
499 1238 625 1266 videlicet
645 1239 734 1273 primo
747 1238 855 1271 quidem
869 1245 930 1272 pro-

147 1284 267 1317 ﬁtentur,
285 1283 401 1312 Verbum
417 1292 432 1311 a
446 1285 591 1319 semetipso
620 1284 738 1312 alienum
766 1284 895 1317 evasiSSe,
908 1284 933 1311 id

145 1335 197 1362 est,
210 1330 265 1365 jam
279 1338 333 1357 non
345 1330 460 1365 amplius
474 1330 558 1357 Deum
573 1337 645 1362 esse,
655 1335 683 1357 ut
697 1330 761 1364 dixi,
771 1335 933 1362 creatorem,

144 1377 239 1409 vitam,
254 1377 376 1411 gloriam,
387 1376 532 1411 potentiam
543 1385 550 1404 :
561 1382 642 1411 atque
657 1377 738 1404 etiam
753 1377 851 1404 docent
874 1383 934 1403 eum

146 1423 173 1449 in
183 1429 302 1449 errorem
318 1430 396 1457 posse
422 1423 571 1454 incurrere,
585 1422 629 1449 cui
655 1421 780 1449 obnoxia:
804 1426 936 1448 creaturae

146 1472 230 1494 sunt:
248 1467 355 1502 aliaque
368 1467 522 1502 hujusmodi
535 1467 623 1495 eidem
641 1467 793 1494 attribuunt
818 1467 935 1502 pessima

146 1513 253 1547 oppido,
273 1517 300 1541 et
316 1514 372 1548 ipso
387 1513 506 1548 indigna.
519 1513 649 1548 Equidem
665 1513 840 1548 qumrendnm
857 1513 891 1540 ab
904 1521 936 1540 eo

146 1559 275 1592 arbitror,
293 1560 338 1593 qui
362 1559 432 1587 hanc
451 1560 607 1594 opinionem
631 1560 658 1586 in
688 1560 805 1586 medium
834 1559 935 1592 attulit,

147 1614 211 1633 num
241 1607 395 1641 passionum
421 1606 597 1640 ignominiam
618 1605 645 1632 in
672 1606 789 1633 Verbum
816 1606 937 1632 incidere

148 1660 259 1680 necesse
273 1652 371 1680 fuerit?
385 1653 472 1688 Atque
479 1652 537 1680 haec
546 1652 738 1680 nonnullorum
746 1652 838 1686 opinio
849 1659 938 1679 nonne

148 1699 253 1727 furiosa
267 1699 327 1726 est?
343 1699 469 1728 Profecto
486 1692 552 1725 nihil
572 1698 708 1725 amentius
719 1698 867 1732 excogitari
889 1705 937 1732 po-
952 1717 973 1746 α

150 1750 202 1772 test
219 1752 298 1778 quam
318 1745 356 1772 ita
381 1743 461 1771 Verbi
487 1749 612 1771 naturam
637 1743 799 1771 contumelia
817 1742 937 1770 afﬁcere.

149 1790 256 1824 Alioqui
284 1790 329 1824 qui
346 1789 403 1816 ﬁeri
429 1793 528 1824 posset,
550 1794 578 1816 ut
599 1789 646 1816 Dei
672 1797 768 1816 nomen
797 1788 939 1815 sublimius

150 1836 245 1870 quovis
256 1835 365 1864 nomine
381 1839 464 1868 esset,
477 1839 504 1862 et
518 1835 575 1870 ipse
596 1835 727 1862 Domintts
743 1835 872 1862 virtutum
898 1834 940 1862 io-

150 1882 209 1909 ret?
222 1882 274 1910 Sed
285 1883 356 1910 enim
366 1882 463 1917 aliquis
477 1882 593 1909 fortasse
613 1882 694 1913 dicet,
709 1881 779 1908 haud
792 1881 817 1908 id
829 1880 939 1916 quidem

151 1929 334 1956 necessarium
353 1927 449 1960 fuisse,
469 1919 565 1962 sponte
587 1932 676 1954 tamen
703 1928 738 1953 ita
757 1931 842 1954 semet
864 1934 940 1954 com—

151 1978 281 2007 mutasse,
301 1978 329 2000 ut
344 1974 491 2001 inevitabili
512 1973 630 2008 passioni
644 1973 779 2000 subesset.
794 1973 876 2008 Atqui
891 1981 940 2008 ego

191 2054 325 2083 'Malach.
345 2063 385 2089 ιιι,
403 2055 429 2082 6.
468 2054 561 2082 'Psal.
575 2063 611 2088 cr,
627 2054 672 2087 26,
688 2055 734 2082 27.

189 2134 229 2168 (1)
245 2134 284 2161 Ex
296 2133 424 2168 Apologia
439 2133 551 2160 Joannis
565 2133 741 2160 Caesariensis
759 2140 808 2166 pro
825 2133 941 2160 concilio

153 2169 365 2196 Cbalccdonensi
396 2176 456 2202 quae
485 2169 511 2194 in
542 2169 634 2195 codice
660 2168 774 2202 Syriaco
812 2168 942 2195 Vaticano

154 2209 287 2238 superest.
304 2219 338 2224 —
351 2203 401 2230 Mai
416 2203 542 2230 Biblioth.
562 2212 627 2230 nova
640 2202 763 2234 Patrum,
773 2203 807 2234 Il,
825 2202 888 2229 “5.

191 2239 230 2274 (2)
247 2239 279 2266 Ili
293 2239 400 2272 proprie
415 2238 574 2274 dicebantur
588 2238 757 2274 soyxyttxot,
775 2237 940 2274 confusanei,

156 2272 306 2307 cuiusmodi
323 2273 431 2310 fuerunt
445 2273 608 2310 Apollinaris
618 2279 645 2299 et
656 2273 837 2310 Eutychos,“
851 2272 942 2310 postea

158 2310 288 2340 Severus,
312 2309 357 2342 qui
378 2309 445 2335 duas
469 2308 569 2335 Christi
585 2312 696 2335 naturas
718 2309 744 2334 in
772 2308 852 2334 imam
878 2308 945 2335 adu-

154 2349 289 2372 naverunt
301 2350 381 2376 atque
400 2343 590 2370 confuderunt.
607 2343 676 2370 Hinc
688 2342 850 2369 Theodoreti
860 2343 944 2370 dialo-

155 2388 205 2414 sus
215 2383 309 2406 contra
320 2378 507 2414 Apollinarem
522 2378 680 2404 inscribitur
701 2377 878 2414 'Agtiyxu'toc,
895 2377 943 2405 In-

157 2414 294 2448 confusus.
319 2413 451 2447 Proprins
477 2418 566 2439 tamen
585 2414 682 2448 operis
698 2420 711 2438 a
732 2413 832 2448 Cyrrillo
849 2413 942 2448 scripti

157 2447 251 2476 titulus
265 2449 315 2476 fuit
327 2448 397 2475 κατὰ
413 2447 628 2479 Συνουσιαστῶν,
648 2453 740 2474 contra
760 2447 942 2482 Synusiastos,

160 2485 218 2511 sive
235 2490 327 2511 contra
346 2492 392 2510 eos
407 2484 528 2518 quiduas
539 2484 706 2510 substantias
722 2483 840 2510 divinam
856 2488 882 2509 et
895 2484 943 2510 Illl-

159 2528 267 2546 llmllﬂm
281 2520 315 2545 ita
331 2520 356 2545 in
371 2519 479 2546 Christo
491 2519 624 2545 adunatas
639 2519 759 2548 aiebant,
776 2523 804 2544 ut
819 2526 870 2544 tina
883 2523 944 2552 post

159 2555 351 2581 ndunationcm
367 2558 449 2582 esset.
465 2554 488 2581 Is
500 2561 593 2586 revera
604 2553 942 2588 titulusoperisCyrilliani

160 2591 198 2615 ita
222 2591 351 2615 recitatur
369 2589 401 2615 ab
419 2589 571 2622 Ephraantio
595 2589 764 2615 Antiocheno
788 2590 858 2622 apud
874 2588 945 2615 Pho-

161 2624 228 2650 tinm
241 2625 301 2650 cod.
319 2623 381 2653 929.
398 2632 424 2657 p.
436 2623 498 2655 796,
513 2624 584 2658 quod
607 2623 766 2651 vocabulum
789 2625 832 2650 vix
849 2623 944 2650 vellenti

161 2668 176 2685 ιι
193 2658 288 2685 Seolto
303 2659 465 2692 explicatum
484 2659 568 2686 fuisse
595 2659 693 2686 Latine
714 2664 807 2685 contra
831 2660 944 2686 consub-

161 2693 350 2726 stantialistus,
364 2702 397 2721 ne
419 2695 488 2721 forte
504 2693 665 2729 Eutychiani
691 2693 809 2721 haeretici
834 2702 944 2729 permu-

164 2734 255 2755 tentur
270 2736 330 2755 cum
347 2729 505 2756 orthodoxis
530 2729 735 2761 Ilomousianis;
749 2737 902 2764 quanquam
918 2729 945 2756 hi

162 2771 259 2796 reapse
275 2765 306 2789 tle
315 2765 468 2791 substantia
481 2765 569 2791 divina
592 2769 696 2790 tantunt
711 2764 867 2798 loquuntur,
887 2772 947 2798 quze

163 2799 257 2824 eadem
276 2798 301 2824 in
320 2798 400 2826 Patre
414 2799 537 2832 Filioque
553 2803 611 2832 est;
630 2799 666 2826 illi
683 2806 715 2826 ex
732 2800 835 2826 duabus
846 2800 947 2826 Christi

164 2833 268 2859 naturis
288 2833 402 2859 humana
421 2841 453 2860 ac
466 2834 555 2860 divina
574 2842 664 2864 uitaui,
680 2838 709 2860 ut
722 2834 788 2861 dixi.
801 2835 945 2861 iaciebant.

165 2865 291 2894 Sedcnim
304 2869 442 2896 commode
451 2868 548 2896 accidit
557 2873 585 2896 ut
596 2869 690 2896 titulus
705 2868 844 2904 Cyrilliani
857 2871 946 2903 operis

1076 375 1210 409 Quoniam
1253 370 1467 400 inconvertibilis
1510 373 1615 396 natura
1655 365 1705 393 Dei
1741 370 1794 398 est,

979 423 1072 457 utique
1086 430 1143 449 rem
1163 420 1253 454 seipso
1269 419 1405 453 indignam
1429 423 1512 452 agere
1530 413 1684 441 voluisset.

1123 468 1152 494 2.
1167 466 1242 494 Idem
1262 464 1377 500 Cyrillus
1395 464 1422 490 in
1433 463 1527 490 eodem
1544 459 1628 487 libro.

1016 513 1069 542 Sed
1084 513 1127 541 isti
1149 513 1266 540 fortasse
1277 510 1418 545 opinantes
1441 508 1535 536 dicunt
1558 507 1652 534 Deum
1667 502 1791 531 Verbum

980 567 1141 588 conversum
1165 558 1273 594 quidem
1294 557 1320 583 in
1333 562 1452 585 carnem.
1469 554 1518 581 sed
1538 560 1594 579 non
1613 555 1721 581 totum,
1741 556 1792 577 nec

981 607 1100 638 omnino,
1125 612 1174 632 nec
1199 605 1240 643 in.
1257 603 1394 630 omnibus.
1419 599 1673 628 Verumenimvero
1697 603 1792 623 nonne

980 653 1121 680 evidenter
1133 649 1283 678 insanietsi
1302 649 1363 684 quis
1378 647 1481 684 dicere
1509 649 1557 673 aut
1584 644 1706 672 credere
1726 642 1789 669 talia

981 697 1061 724 velit?
1074 696 1102 723 In
1114 695 1208 731 primis
1229 694 1305 721 aiunt
1331 692 1450 720 Verbum
1466 691 1538 718 haud
1559 697 1592 717 se
1618 693 1712 715 totum
1736 688 1790 714 im-

981 746 1104 769 mutasse
1120 741 1162 768 vel
1179 739 1384 767 conversionem
1407 745 1518 773 passum
1530 745 1538 763 :
1549 734 1657 763 deinde
1675 741 1743 761 eum
1759 734 1790 760 Ii-

982 789 1062 815 nibus
1089 786 1324 818 circumscribunt,
1355 784 1478 811 dicentes
1511 782 1603 816 ipsum
1625 780 1788 814 quantitate

982 832 1126 864 contineri.
1142 832 1199 859 loco
1213 831 1346 862 cohiberi,
1366 830 1416 857 sub
1431 828 1620 856 deﬁnitionem
1634 826 1755 854 cadere.
1765 830 1790 851 et

983 887 1044 907 cum
1066 879 1127 906 aliis
1152 879 1234 905 rebus
1260 875 1462 904 connumerari.
1479 873 1624 907 Quomodo
1650 877 1750 899 autem
1765 872 1788 897 lii

983 924 1131 952 adversarii
1143 924 1278 958 ignorant,
1288 929 1388 956 corpus
1398 921 1468 954 quod
1478 920 1513 947 sit
1525 917 1676 946 divisionis
1687 924 1788 951 capax.

983 970 1073 998 omnia
1090 976 1197 1003 semper
1225 968 1292 1003 pati,
1314 974 1375 1002 qua
1392 966 1503 1000 singulae
1530 969 1624 999 partes
1649 962 1714 997 ejus
1741 969 1789 996 pa-

984 1016 1088 1043 tittntur
1099 1015 1110 1041 ?
1122 1014 1213 1049 Neque
1225 1014 1297 1041 enim
1314 1013 1360 1039 uni
1381 1012 1567 1039 membrorum
1597 1009 1658 1044 pati
1677 1008 1787 1035 contin-

985 1065 1072 1096 geret,
1087 1060 1138 1087 nisi
1157 1060 1281 1086 universa
1305 1057 1427 1093 corporis
1441 1062 1539 1084 natura
1555 1055 1690 1091 patiendo
1715 1053 1786 1080 foret

984 1107 1110 1135 obnoxia.
1129 1106 1239 1133 Interim
1259 1105 1288 1132 hi
1313 1111 1362 1132 nos
1388 1108 1488 1138 cogunt
1513 1102 1548 1129 ad
1568 1101 1653 1129 verba
1674 1107 1785 1134 quoque

984 1154 1095 1181 minime
1109 1152 1186 1179 nobis
1197 1155 1346 1185 spontanea
1359 1149 1539 1177 descendere:
1552 1148 1599 1175 sed
1615 1147 1699 1174 venia
1711 1146 1786 1180 prius

985 1207 999 1225 a
1015 1199 1102 1226 Verbo
1121 1198 1168 1225 Dei
1184 1197 1328 1232 postulata,
1340 1196 1457 1224 dicimus
1466 1195 1549 1230 quod,
1568 1195 1590 1221 si
1610 1194 1685 1220 forte
1694 1197 1784 1219 muta-

985 1245 1076 1272 bilitas
1090 1244 1124 1271 ab
1143 1251 1176 1272 eo
1195 1251 1250 1271 non
1264 1247 1336 1271 esset
1353 1242 1452 1274 aliena,
1466 1248 1554 1275 neque
1569 1239 1607 1267 illi
1624 1237 1784 1273 impossibi-

986 1292 1020 1319 Iis
1034 1291 1092 1326 ejus
1107 1291 1144 1318 rei
1162 1290 1263 1325 passio,
1276 1289 1369 1323 utique
1389 1289 1424 1316 ad
1451 1287 1558 1315 Patrem
1582 1292 1697 1320 quoque
1720 1292 1783 1311 san-

987 1341 1113 1371 ctumque
1124 1335 1256 1370 Spiritum
1269 1334 1311 1361 vis
1322 1334 1401 1368 hujus
1413 1332 1591 1367 blasphemiae
1603 1330 1782 1366 perveniret:

987 1386 1043 1410 tota
1057 1386 1099 1409 est
1113 1381 1185 1408 enim
1199 1379 1440 1408 consubstantialis
1464 1378 1640 1406 sanctissima
1657 1376 1781 1403 Trinitas

987 1433 1015 1456 et
1045 1425 1233 1453 immutabilis.
1252 1425 1394 1459 Quodnam
1423 1431 1487 1451 vero
1514 1424 1600 1451 robur
1625 1421 1780 1449 inﬁrmitati

987 1478 1088 1500 nostra:
1110 1471 1329 1505 impetraremus,
1344 1469 1367 1497 si
1389 1469 1459 1497 Deus
1479 1476 1555 1503 atque
1580 1475 1612 1494 ac
1632 1474 1684 1494 nos
1713 1465 1781 1493 foret

988 1519 1122 1550 inﬁrmus,
1141 1522 1222 1552 atque
1254 1517 1280 1544 in
1308 1524 1340 1544 ea
1360 1515 1484 1543 converti
1503 1519 1605 1549 posset,
1624 1520 1687 1548 qua:
1707 1511 1782 1539 nobis

987 1564 1062 1592 eﬁ‘ari
1075 1572 1126 1590 non
1141 1563 1214 1595 licet,
1229 1563 1336 1591 etiamSi
1350 1562 1384 1589 ab
1399 1561 1461 1588 aliis
1484 1561 1586 1589 diserte
1607 1559 1681 1587 dicta
1705 1557 1780 1585 audi-

989 1609 1066 1636 mus?
1083 1608 1135 1636 Sed
1148 1618 1157 1634 ι
1173 1609 1260 1636 videte
1282 1615 1336 1639 me,
1363 1607 1451 1642 inquit
1471 1604 1702 1641 Scriptura,quia
1729 1603 1781 1637 ipse

989 1662 1061 1686 sum,
1076 1658 1103 1681 et
1119 1662 1172 1681 non
1189 1661 1248 1681 sum
1273 1657 1394 1681 mutatus
1407 1653 1427 1680 '.
1445 1662 1454 1678 ι
1473 1651 1542 1679 Τυηι
1554 1655 1583 1678 et
1603 1650 1684 1677 divus
1706 1648 1780 1676 Psal-

990 1701 1068 1728 mista
1082 1701 1180 1727 alicubi
1193 1701 1266 1728 canit
1283 1709 1289 1726 :
1309 1709 1318 1724 ι
1335 1698 1424 1733 Opera
1445 1705 1574 1725 manuum
1591 1702 1700 1723 tuarum
1722 1700 1779 1722 sunt

993 1746 1132 1780 cmlizipsi
1147 1745 1282 1781 peribunt,
1297 1749 1325 1772 tu
1347 1749 1439 1772 autem
1460 1750 1626 1778 permanes:
1645 1742 1695 1776 ipsi
1713 1746 1779 1768 rete-

995 1797 1105 1820 rascent
1123 1799 1218 1818 omnes
1241 1799 1290 1818 ceu
1310 1791 1517 1822 vestimentum,
1533 1794 1561 1816 et
1581 1793 1711 1822 tanquam
1727 1786 1777 1821 pal-

994 1837 1059 1864 lium
1075 1837 1193 1864 intertes
1202 1844 1259 1869 eos,
1276 1841 1304 1863 et
1328 1836 1517 1867 inverteutur;
1537 1834 1584 1862 sed
1602 1839 1630 1860 tu
1649 1833 1718 1860 idem
1740 1839 1777 1862 es.

993 1889 1021 1912 et
1036 1883 1098 1910 anni
1123 1883 1161 1910 ttti
1188 1891 1240 1910 non
1262 1883 1390 1910 Iinientur
1407 1883 1428 1908 ².
1452 1891 1461 1906 ι
1486 1879 1681 1908 Animadverte
1703 1879 1778 1913 igitur

994 1928 1127 1963 quomodo
1137 1927 1249 1955 edoctus
1263 1935 1278 1954 a
1292 1926 1346 1954 Deo
1364 1926 1509 1960 Propheta,
1524 1926 1558 1952 ad
1573 1929 1725 1952 creatarum
1737 1930 1777 1950 rc‘

995 1981 1054 2000 rum
1069 1978 1193 2000 naturam
1214 1972 1420 2000 mutabilitatem
1442 1971 1581 2003 amandat,
1596 1969 1674 2003 cujus
1688 1970 1723 1996 rei
1737 1975 1777 1994 ar-

996 2133 1067 2160 κατὰ
1093 2133 1299 2160 Συνουσιαστῶν
1331 2132 1422 2161 sexies
1452 2132 1581 2159 recitetnr
1600 2132 1627 2158 in
1650 2130 1776 2166 opusculis

997 2168 1099 2196 Graecis
1116 2176 1131 2194 a
1148 2175 1191 2195 me
1214 2169 1295 2197 editis
1308 2168 1406 2201 Script.
1433 2172 1482 2193 vel.
1507 2172 1526 2194 t.
1548 2165 1603 2197 VIII
1618 2175 1663 2201 pp.
1678 2166 1719 2198 10,
1737 2166 1774 2198 15,

996 2204 1042 2235 27.
1055 2203 1120 2234 ‘290.
1136 2203 1200 2236 995,
1216 2203 1278 2235 502,
1297 2211 1358 2232 cum
1388 2203 1514 2229 brevibus
1535 2202 1595 2237 ejus
1618 2202 1775 2236 fragmentis,

998 2246 1057 2272 quae
1072 2239 1171 2272 partim
1183 2246 1243 2264 cum
1255 2239 1298 2266 his
1309 2247 1323 2266 a
1343 2237 1447 2265 Joanne
1469 2237 1631 2264 Caesariensi
1656 2237 1774 2272 recitatis,

959 2275 981 2303 D
997 2270 1064 2299 mire
1073 2270 1242 2308 congruunt,
1253 2279 1282 2300 ut
1294 2278 1387 2308 postea
1403 2272 1566 2308 videbimus.
1582 2272 1680 2308 gentm
1695 2270 1773 2308 Syna-

996 2309 1096 2335 siastas
1122 2307 1292 2342 scripserant
1321 2308 1403 2335 etiam
1434 2307 1578 2342 Diodorus
1593 2307 1733 2342 Tarsensis
1751 2311 1774 2332 et

997 2342 1156 2370 Theodorus
1175 2340 1381 2377 Mopsustenus,
1413 2342 1528 2369 testibus
1562 2341 1689 2377 Facundo
1713 2340 1773 2367 Her-

996 2378 1129 2405 mianensi
1157 2378 1205 2405 lib.
1222 2376 1284 2411 vin,
1307 2385 1367 2412 cap.
1399 2377 1426 2405 1.
1459 2384 1562 2404 necnon
1589 2376 1700 2404 Leontio
1720 2376 1772 2412 adis.

996 2413 1110 2448 Eutych.
1135 2412 1206 2447 apud
1233 2411 1372 2440 Canisiu’m
1389 2411 1559 2448 Antimiect.
1578 2412 1703 2448 ed._nov.
1727 2411 1772 2443 LI,

995 2456 1022 2482 ι).
1035 2446 1098 2479 591,
1111 2449 1230 2482 itemque
1245 2449 1316 2482 apud
1332 2455 1375 2474 me
1383 2447 1477 2481 Spicil.
1491 2446 1569 2474 Rom.
1584 2451 1605 2474 t.
1616 2446 1650 2482 Χ,
1665 2451 1730 2480 part.
1746 2454 1770 2477 ιι,

995 2481 1041 2518 pp.
1057 2484 1100 2514 87,
1116 2483 1160 2510 88.
1175 2481 1295 2518 Denique
1306 2484 1390 2510 etiam
1413 2481 1770 2518 TheodotusAntiochenus,

995 2517 1034 2546 uti
1057 2518 1192 2545 aﬁirmant
1219 2519 1289 2553 apud
1315 2525 1358 2545 me
1383 2517 1550 2553 tom.rcit_._p.
1570 2517 1602 2544 10
1626 2517 1770 2553 Anastasius

996 2555 1150 2589 presbyter,
1167 2559 1201 2589 et
1223 2550 1352 2581 Leontius
1374 2560 1400 2587 p.
1416 2552 1477 2579 151.
1578 2551 1769 2589 versicolorem

997 2586 1140 2616 deﬁnierat
1160 2587 1231 2623 apud
1258 2588 1462 2615 Theodorelum
1477 2587 1548 2623 dial.
1564 2587 1613 2614 cit.
1628 2593 1654 2623 ρ.
1668 2586 1714 2612 I06
1723 2587 1770 2623 Au-

997 2624 1104 2651 tiochus
1119 2621 1293 2650 Ptoletnaitlis
1309 2630 1316 2649 :
1333 2623 1378 2657 Μὴ
1399 2622 1516 2657 συγχέῃς
1539 2623 1588 2653 τὰς
1602 2621 1708 2657 φύσεις,
1731 2621 1769 2647 καὶ

996 2660 1027 2685 οὺ
1048 2659 1195 2694 ναρκήπεις
1220 2659 1285 2694 περὶ
1310 2658 1359 2693 τὴν
1373 2656 1552 2694 νοὶκονομῖᾳν·
1582 2656 1647 2684 Νοιί
1665 2662 1768 2694 natura;

998 2692 1170 2729 confundere.
1196 2700 1220 2721 et
1245 2692 1317 2720 circa
1339 2692 1532 2719 incarnationis
1561 2692 1768 2729 ntysterittrtt_non

999 2726 1119 2763 torpebis.
1142 2728 1270 2756 Sedenim
1284 2733 1322 2754 tot
1346 2729 1409 2755 olim
1433 2732 1460 2754 el
1476 2733 1567 2761 postea
1596 2732 1689 2763 contra
1707 2726 1767 2763 illam

997 2761 1122 2791 htercsittt
1134 2764 1256 2798 scriptis,
1270 2771 1301 2789 ea
1315 2763 1492 2790 nihilomittus
1504 2763 1582 2789 vivax
1601 2761 1698 2798 residet
1709 2762 1766 2794 apud

995 2804 1098 2834 partem
1109 2795 1254 2826 maximam
1265 2798 1410 2834 §yrorum.
1418 2798 1620 2834 Armeniorum,
1631 2795 1766 2834 [Ethiopum

996 2832 1077 2868 atque
1093 2833 1250 2868 Coptorum.
1265 2832 1351 2861 Tanta
1364 2837 1406 2862 cst
1418 2832 1566 2868 prrejudicii
1580 2840 1613 2860 ex
1624 2832 1767 2866 antiquitate

997 2870 1114 2904 suscepti
1131 2869 1271 2897 tenacitas!
