1872 3057
129 157 142 185 Ι
150 157 201 186 429

722 153 934 181 FRAGMENTA
955 152 1162 180 DOGMATICA.

1683 146 1751 174 “30

129 220 255 250 ginnenta
271 213 415 241 ordinatim
429 213 524 241 recitat
534 213 628 240 dicens
643 213 701 240 fore
723 217 752 240 ut
770 213 832 240 coeli
859 219 922 239 con-
934 214 957 241 Α
971 212 1062 238 obrem
1071 211 1082 237 ἲ
1091 210 1170 237 Certe
1178 215 1241 236 caro
1253 208 1285 235 ad
1294 207 1320 234 id
1331 208 1426 241 sponte
1434 211 1482 232 sua
1493 210 1545 231 non
1557 202 1652 233 fertur,
1664 209 1752 236 neque

131 265 300 293 senescant;
322 267 447 294 supremo
473 264 562 286 autem
592 258 648 285 Deo
672 257 916 285 immutabilitatem

130 311 285 338 conservat,
300 306 386 339 ipsum
401 305 523 332 eumdem
543 304 599 331 fore
624 311 733 339 semper
759 307 841 338 atque
864 304 916 330 im-

130 351 287 379 mutabilem
303 356 416 377 testans.
427 349 511 377 Siculi
525 356 613 376 autem
624 357 676 376 non
700 353 741 376 est
752 349 915 376 credendum

130 397 212 424 ullam
226 404 288 424 esse
304 401 358 423 Iam
376 396 557 423 necessariam
584 403 651 427 rem,
669 401 728 429 qua:
744 393 822 421 Verbi
836 399 914 420 natu-

131 451 189 469 ram
207 443 232 469 in
249 443 275 469 id
298 445 464 474 convertere,
479 442 550 475 quod
573 447 668 475 reapse
682 448 734 467 non
750 444 803 473 cst,
819 443 915 474 queat:

131 488 170 514 ita
200 488 272 515 nulla
302 487 418 515 vicissim
444 492 567 514 creatura
596 487 628 513 ad
661 485 769 512 deitatis
791 489 916 512 naturam

131 537 250 570 migrare
271 534 385 568 poterit;
397 541 431 561 ne
445 534 526 560 multa
551 533 676 567 deinceps
691 533 714 559 ei
728 532 918 566 contingerent

131 580 358 611 inconvenientia,
380 587 440 614 quae
468 586 533 606 sane
555 578 725 605 inveniabilis
752 577 917 611 blasphemia

132 627 212 654 foret.
231 627 308 654 Certe
319 627 341 653 si
356 627 443 661 aliqua
452 631 577 653 creatura
588 625 620 651 ad
636 624 743 651 deitatis
758 628 857 651 statum
870 630 917 649 na-

132 673 257 700 turaliter
270 673 405 704 transiret,
421 675 499 699 nemo
510 671 564 705 jam
585 679 600 697 a
625 675 698 698 recta
722 669 831 696 deviare
855 676 918 696 sen~

132 720 216 747 tentia
231 719 377 751 videretur,
393 719 415 745 si
430 717 499 744 forte
515 717 616 744 diceret
632 723 690 743 eam
709 723 740 742 ex
756 715 841 742 nihilo
859 721 919 741 esse

131 766 242 798 factam,
257 766 304 793 sed
320 765 379 792 ideo
396 764 515 791 materia:
524 762 682 798 particulam
693 762 744 790 sibi
757 761 917 796 sumpsisse,

133 815 164 837 ut
179 810 324 838 exsisteret
342 818 349 837 :
367 814 422 836 tum
442 817 539 844 corpus
553 807 697 843 aliquando
716 806 875 834 exstiturum
891 806 917 832 in

133 855 287 883 substantia
315 863 369 882 non
396 854 529 889 corporali
552 863 559 880 ε
583 860 694 887 remque
717 851 850 879 visibilem
883 858 915 877 ac

134 902 218 929 tactui
240 900 467 935 subjectam,lieri
490 905 581 935 postea
607 898 767 926 invisibilem
794 903 821 924 et
844 896 916 923 nullo

135 952 209 975 tactu
232 947 417 974 sentiendam:
432 946 547 980 denique
570 953 669 979 corpus
694 944 757 971 illud
785 944 867 970 vitam
894 943 919 969 vi

134 993 252 1028 proprite
271 997 373 1020 natura:
387 992 496 1024 habere,
513 991 551 1018 uti
577 991 692 1017 Verbum
718 990 799 1016 vitam
813 997 827 1015 a
843 989 922 1015 Patre

135 1039 252 1072 accepit.
267 1038 349 1065 Aiunt
362 1037 471 1071 insuper
487 1037 573 1071 ipsum
591 1035 617 1063 in
633 1043 665 1063 ea
691 1035 840 1062 mutatione
855 1041 922 1060 con-

137 1085 394 1112 substantialitatem
409 1091 469 1111 eum
481 1088 578 1118 natura
591 1087 681 1110 nostra
693 1081 777 1109 fuisse
787 1082 922 1115 adepunn,

140 1139 176 1159 ne
188 1131 249 1166 quis
272 1131 342 1158 forte
355 1130 456 1157 diserte
478 1129 579 1156 diceret
603 1128 685 1154 vitam
699 1127 722 1154 ei
737 1135 789 1153 non
815 1127 922 1153 inesse:

137 1184 228 1211 neque
247 1183 306 1204 esse
326 1175 507 1206 inconfusnm,
521 1173 652 1208 quidquid
673 1172 809 1206 corrumpi
827 1175 923 1206 potest.

137 1221 207 1249 Tum
221 1221 392 1256 opinionibus
409 1220 467 1247 suis
486 1218 698 1254 dispensationis
712 1225 819 1244 carnem
838 1224 925 1251 oppu-

138 1267 301 1304 gnantJam
319 1274 368 1302 ego
389 1266 452 1301 quid
480 1265 586 1292 dicam?
603 1264 733 1291 Dominus
757 1264 826 1290 Deus
849 1263 926 1289 nobis

140 1313 278 1348 apparuit,
294 1317 324 1339 ut
349 1311 552 1345 corruptionem
577 1308 707 1336 adversus
723 1315 773 1335 nos
795 1307 927 1334 rebellan-

140 1365 193 1387 tem
202 1359 361 1390 destrueret,
371 1366 423 1385 non
434 1364 498 1384 vero
505 1360 534 1383 ιιι
544 1355 699 1383 ostenderet
713 1358 808 1380 natura
814 1361 837 1379 111
847 1360 925 1380 suam

141 1407 241 1434 factam
264 1413 324 1433 esse
353 1405 511 1439 participem
536 1400 744 1436 corruptionis:
773 1400 820 1427 sed
850 1406 926 1426 suam

141 1453 242 1479 factam
255 1459 317 1478 esse
332 1450 527 1478 demonstravit
541 1455 649 1475 carnem
666 1446 751 1478 illam,
769 1453 828 1480 quae
847 1444 926 1472 morti

141 1504 201 1527 erat
216 1497 378 1531 mancipata.
394 1496 447 1523 Sed
458 1494 603 1528 numjuste
620 1493 764 1527 aliquando
784 1491 930 1518 contendet

969 257 994 284 id
1016 263 1091 283 more
1108 262 1158 282 suo
1176 254 1277 289 appetit
1299 251 1465 280 naturalibus
1488 249 1606 277 motibus
1626 247 1746 274 incitata.

968 302 1038 337 Ergo
1055 301 1122 328 falso
1139 301 1273 327 diceretur
1286 306 1351 326 caro
1370 297 1403 324 ad
1421 304 1480 324 eum
1505 295 1584 321 linem
1604 292 1679 328 jussu
1704 291 1752 319 Dei

968 348 1049 375 Verbi
1067 346 1232 381 pervenisse.
1250 345 1290 370 An
1312 350 1375 370 vero
1396 338 1604 375 dispensationis
1619 337 1750 363 rationem

968 392 1175 421 abotninabilem
1187 389 1360 424 escogitavit,
1376 391 1405 414 ut
1418 393 1526 413 carnem
1541 384 1573 411 ad
1595 382 1752 416 dignitatem

967 439 1091 465 evexisse
1107 437 1164 470 ipso
1178 434 1266 462 Verbo
1293 433 1421 467 maiorem
1445 428 1753 459 detnonstraretﬁatque

967 487 996 510 ut
1011 491 1041 510 ea
1058 481 1208 517 pompatica
1235 477 1390 506 videretur?
1403 478 1491 509 Atque
1512 473 1661 501 audiendus
1681 471 1754 498 Psal-

968 530 1047 557 mista
1062 533 1102 556 est
1120 537 1127 555 :
1149 536 1159 552 ‹
1176 525 1315 554 Sacriﬁcia
1339 528 1367 550 et
1390 522 1541 549 oblationes
1570 527 1621 546 non
1649 517 1754 552 expeti-

967 575 1040 608 visti,
1055 573 1212 601 holocausta
1233 579 1280 606 pro
1305 575 1415 605 peccato
1426 566 1553 598 noluisti;
1569 571 1668 598 corpus
1688 563 1753 590 mihi

968 620 1088 655 parasti;
1105 619 1166 646 ideo
1181 617 1237 644 dixi
1251 625 1257 643 :
1272 616 1340 642 Ecce
1355 615 1444 641 venio.
1456 613 1534 639 l'nitio
1551 610 1609 637 libri
1625 609 1754 643 scriptum

968 671 1010 694 est
1023 665 1057 693 de
1074 672 1115 692 me
1128 663 1257 691 utfaciam
1270 661 1431 688 voluntatem
1444 665 1530 689 tuam,
1541 658 1610 683 Deus
1620 656 1641 681 ³.
1663 664 1678 680 ι’
1687 655 1755 686 Ergo

971 711 1097 739 Mosaicae
1127 709 1192 743 legis
1218 707 1350 735 sacrilicia
1367 704 1457 732 Patris
1473 703 1608 730 voluntate
1633 708 1684 728 non
1700 700 1758 726 exi-

969 763 1079 794 guntur,
1106 755 1191 790 magis
1220 760 1284 780 vero
1313 751 1465 779 incarnatio
1490 748 1570 776 Verbi
1596 745 1755 780 requiritur,

969 812 1065 840 nempe
1082 802 1139 838 ejus
1153 799 1322 829 humanatio.
1339 803 1368 824 ut
1383 804 1429 825 eos
1457 795 1503 830 qui
1532 794 1582 821 sub
1611 791 1680 820 coelo
1695 794 1758 817 sunt

970 837 1130 887 perliciatin
1147 847 1232 882 gratia
1243 853 1291 880 per
1304 843 1383 871 ﬁdem
1399 851 1406 870 :
1425 849 1505 876 quam
1523 847 1579 867 rem
1602 837 1758 865 misericor-

971 885 1021 923 dia:
1038 894 1164 929 pacisque
1183 899 1264 919 causa
1292 890 1365 922 fecit,
1389 891 1469 923 prout
1488 887 1542 913 Deo
1567 885 1675 919 dignum
1703 885 1758 908 est»

972 940 1092 974 Quonam
1106 926 1183 972 pacto
1195 937 1284 963 dicere
1291 935 1350 969 quis
1359 933 1429 959 ausit
1437 931 1532 958 iactam
1544 929 1577 956 ab
1589 929 1647 963 ipso
1655 926 1758 953 abomi-

972 985 1089 1013 nabilem
1115 982 1341 1018 dispensationem
1358 980 1441 1010 illam,
1457 984 1517 1011 qum
1532 976 1599 1002 adeo
1615 978 1656 1001 est
1676 979 1758 999 vene-

973 1031 1066 1058 rabilis
1094 1037 1125 1056 ac
1149 1017 1321 1055 salubris?id
1338 1025 1409 1060 quod
1433 1029 1527 1056 reapse
1558 1020 1713 1050 accidisset,
1735 1017 1757 1043 si

974 1079 1075 1103 mutata
1101 1073 1248 1101 divinitatis
1275 1076 1370 1098 natura
1399 1070 1426 1096 in
1455 1073 1581 1094 carneam
1603 1063 1757 1091 transisset.

974 1120 1073 1148 Paulus
1093 1118 1200 1152 quidem
1224 1113 1440 1150 sapientissimus
1463 1109 1579 1138 scribit:
1597 1116 1605 1132 α
1628 1107 1759 1134 Sanctum

976 1165 1032 1199 ejus
1043 1151 1149 1198 corpus,
1166 1162 1192 1188 in
1205 1169 1258 1195 quo
1274 1166 1368 1195 passus
1387 1162 1439 1189 est,
1456 1163 1515 1182 cum
1529 1155 1556 1181 in
1583 1151 1759 1180 tentatiouem

977 1196 1126 1242 incidit,ut
1150 1208 1189 1235 eis
1203 1207 1249 1242 qui
1269 1205 1388 1233 tentandi
1413 1203 1501 1230 forent
1516 1207 1593 1235 opem
1611 1199 1693 1226 ferret
1709 1196 1730 1222 ⁵.
1748 1205 1757 1220 ι

977 1257 1005 1284 Si
1020 1256 1103 1283 verba
1123 1254 1167 1280 illa
1181 1253 1209 1279 in
1227 1259 1276 1286 quo
1292 1257 1384 1284 passus
1405 1252 1442 1274 est
1460 1245 1589 1275 delcmus,
1602 1248 1706 1270 summa
1723 1239 1760 1266 rei

978 1303 1092 1334 deletur,
1109 1301 1227 1333 itemque
1246 1295 1406 1332 suppeditati
1434 1292 1512 1320 nobis
1534 1289 1627 1317 auxilii
1651 1293 1760 1320 scopus.

978 1348 1054 1383 Quod
1069 1348 1102 1379 si,
1123 1351 1152 1373 ut
1165 1345 1257 1372 volunt
1275 1343 1320 1377 qui
1344 1349 1375 1368 ea
1398 1340 1478 1366 verba
1503 1336 1683 1371 supprimunt,
1699 1339 1762 1358 caro

978 1396 1005 1423 in
1021 1394 1130 1423 deitatis
1144 1389 1320 1419 substantiam
1331 1386 1460 1415 transisse
1474 1384 1582 1414 dicitur,
1601 1386 1630 1407 ut
1645 1379 1672 1406 id
1690 1377 1761 1412 quod

980 1449 1032 1468 non
1051 1443 1110 1466 erat
1125 1438 1210 1468 lieret,
1227 1435 1280 1469 iam
1297 1433 1356 1467 ipsa
1371 1438 1436 1458 caro
1459 1427 1529 1456 haud
1545 1425 1657 1453 ulterius
1678 1421 1761 1449 menti

980 1491 1078 1514 nostra!
1093 1483 1313 1512 occurrit:secus
1331 1478 1403 1505 enim
1422 1484 1480 1511 qua:
1507 1471 1666 1501 mutationis
1693 1468 1763 1494 ratio

142 1514 201 1527 σιειι
217 1514 378 1531 Ιιιαιιιιγηιιι.
395 1514 447 1523 nihil
458 1514 520 1522 uuln
530 1514 603 1528 ,νυ-ν
620 1514 763 1527 ιιιιῚυ-..ηνν
786 1514 929 1518 ..ν-π--ηνν-

142 1543 250 1578 aliquis,
266 1543 348 1570 Deum
361 1541 477 1568 Verbum
496 1541 522 1567 in
547 1543 671 1567 naturam
691 1544 849 1572 corpoream
870 1543 930 1563 esse
944 1546 965 1574 ε
981 1534 1086 1564 fuisset,
1109 1531 1131 1558 si
1161 1528 1231 1564 quod
1246 1531 1314 1560 erat,
1333 1525 1359 1552 in
1381 1527 1451 1551 statu
1481 1529 1531 1549 suo
1552 1514 1764 1555 permansisset?

1285 1571 1291 1577 .
1337 1570 1418 1578 ...-_,_
1451 1566 1587 1578 ---μμ-...ιι
1613 1571 1626 1578 ,ι
1651 1561 1764 1578 m‘mlinn

144 1594 293 1620 mutatum,
313 1592 359 1616 aut
375 1595 453 1615 versa
469 1587 526 1614 vice
550 1593 659 1613 carnem
686 1584 719 1611 ad
737 1583 785 1611 Dei
803 1587 927 1609 naturam

145 1635 287 1669 migrasse,
302 1640 331 1661 ut
343 1634 395 1668 ipsi
415 1633 491 1660 ﬁeret
519 1629 779 1659 consubstantialis?
796 1627 863 1655 Num
880 1634 929 1654 nos

145 1688 177 1708 ea
202 1681 313 1708 credere
340 1683 456 1714 oportet,
482 1685 541 1714 qua:
569 1677 680 1704 omnino
711 1674 845 1703 credenda
873 1681 928 1700 non

145 1727 226 1755 sunt?

295 1771 321 1798 5.
336 1771 410 1798 Idem
423 1769 536 1806 Cyrillns
548 1770 575 1796 in
588 1768 677 1796 eodem
695 1767 771 1794 libro.

183 1817 302 1845 Verbum
316 1817 349 1844 de
365 1816 433 1843 cmlo
458 1816 613 1849 lapsum,et
636 1813 713 1847 cujus
737 1810 845 1846 propria
868 1816 932 1836 caro

150 1864 220 1891 facta
238 1867 288 1895 est,
303 1870 395 1890 revera
416 1862 448 1889 de
463 1861 532 1888 ccelo
555 1859 698 1887 advenisse
712 1858 820 1889 dicitur,
835 1856 932 1883 vitant-

147 1917 201 1945 que
216 1910 315 1937 mundo
341 1908 500 1936 contulisse.
513 1906 608 1933 Divina
635 1912 700 1931 caro
724 1908 766 1930 est
788 1903 890 1936 itaque,
904 1905 934 1926 ut

145 1955 200 1990 jam
215 1955 268 1982 dixi
285 1964 291 1982 :
310 1961 387 1981 nemo
401 1958 492 1980 tamen
517 1956 591 1979 recta
611 1951 716 1978 ratione
744 1948 934 1980 intellectuque

147 2003 289 2037 praeditus,
304 2001 405 2028 idcirco
421 1999 536 2026 Verbum
552 1999 579 2025 in
599 2003 710 2025 carnem
724 1998 858 2022 mutatum
874 1999 934 2019 esse

148 2048 198 2075 sibi
211 2046 391 2082 persuadebit.
406 2045 522 2072 Necesse
542 2048 583 2071 est
606 2043 678 2071 enim
698 2045 727 2068 ut
741 2038 933 2068 sublimissiina

148 2093 268 2120 omnium
284 2096 379 2118 natura
395 2097 491 2124 purum
507 2093 606 2116 statum
622 2087 747 2117 retineat,
764 2085 790 2112 id
811 2088 853 2111 est
869 2084 935 2109 sim-

149 2138 244 2173 plicem
255 2137 314 2164 sine
322 2136 434 2162 alterius
445 2133 645 2162 commistione,
663 2139 697 2159 ne
719 2130 789 2157 forte
812 2128 936 2155 videatur

149 2182 309 2216 composita,
327 2185 373 2208 aut
387 2181 554 2208 incremento
569 2178 703 2211 indigens,
719 2179 766 2202 aut
776 2173 934 2208 cujusquam

150 2229 189 2256 rei
207 2229 340 2264 particeps
367 2234 426 2262 qum
445 2230 568 2252 naturam
588 2230 664 2250 suam
693 2221 803 2248 minime
829 2219 933 2249 deceat,
950 2215 974 2245 D

150 2275 213 2302 dum
225 2274 252 2301 in
265 2279 367 2301 naturae
392 2272 533 2303 unitatem,
548 2270 604 2297 sive
624 2265 934 2296 consubstantialitatem

150 2321 287 2348 concurrit
296 2319 344 2355 (l).
358 2318 433 2345 Nunc
446 2317 516 2344 acuti
529 2315 682 2344 intellectus
692 2314 770 2341 oculo
780 2312 932 2346 opinionem

150 2366 383 2395 Confusaneorum
399 2368 562 2393 scrutemur,
577 2360 721 2388 dicentium
739 2365 847 2386 carnem
865 2355 935 2382 inel-

151 2411 224 2439 labili
247 2411 351 2438 rati0ne
365 2409 403 2436 sic
416 2415 477 2436 esse
495 2411 634 2438 mutataml
652 2410 681 2431 ut
697 2404 750 2431 Deo
765 2401 854 2429 Verbo
872 2409 938 2428 cono

152 2456 338 2485 substantialis
353 2453 480 2481 evaserit.
498 2452 553 2480 Cur
580 2451 618 2483 id,
631 2450 751 2484 inquam,
772 2452 818 2475 aut
837 2453 935 2481 quam-

197 2544 208 2560 ³
222 2544 294 2573 Psal.
310 2550 403 2574 χχχιιι,
418 2541 477 2568 7-9.
515 2541 526 2556 ⁵
537 2540 618 2568 llebr.
632 2546 662 2570 tt,
677 2537 721 2566 18.

191 2621 230 2658 (1)
245 2621 339 2648 Exstat
354 2618 507 2658 G_raece_liic
524 2615 678 2658 lofc‘usapud
692 2613 863 2658 ati‘asta'sium
875 2619 935 2658 prﬁ-

155 2647 294 2691 shvtérum
308 2663 323 2682 a
336 2655 414 2682 nobis
424 2655 529 2691 editum
548 2647 653 2691 scrip};
663 2655 711 2677 vet.
724 2654 748 2690 vt.
764 2647 817 2691 Vll,
833 2654 876 2691 pp;
888 2647 935 2691 10,

156 2682 201 2724 i5:
210 2682 257 2722 Ξῖ,
274 2698 333 2717 cum
348 2690 393 2716 vix
406 2689 509 2723 aliquot
521 2682 696 2724 varietatibus
709 2685 769 2724 sic“:
784 2682 936 2724 βυρίλλοι(

271 2715 345 2751 9ξᾶξᾶ
367 2715 599 2751 Συνοῦσιαστῶν
616 2721 717 2754 λόγου.
742 2718 799 2754 Nat
887 2715 938 2754 καὶ

156 2762 186 2793 ἐξ
201 2759 315 2796 οὐρανοῦ
330 2759 545 2796 καταβεβληκξναι
560 2751 678 2796 λέγξξσίιΣ
694 2754 740 2780 καὶ
753 2753 823 2792 ςωὴν
839 2751 938 2796 δὶδρναι

156 2787 196 2840 Et?)
208 2787 311 2840 κᾶσμβ),
327 2795 369 2840 δξὰ
382 2794 426 2820 τὸν
436 2787 538 2840 ἄὲωθεν
550 2787 636 2823 milia
652 2788 767 2825 οὐρανοῦ
784 2787 940 2840 κέταὸἀντσ.

181 2833 185 2840 ι
265 2839 271 2840 ,
311 2839 325 2840 η
369 2829 421 2840 sua
438 2837 454 2840 ..
471 2836 549 2840 ..μηη
561 2828 575 2840 .z
594 2825 675 2840 -.'...:.
693 2823 788 2840 A.‘,.n-..'m
824 2822 864 2840 εἴη
882 2821 929 2840 ιιὲυ

157 2822 247 2865 λόγον,
305 2821 357 2856 ’καὶ
369 2829 423 2855 ἰδία.
438 2828 577 2865 γέγφνεηίὴ
594 2821 678 2865 eripi:
688 2821 788 2864 outcon
805 2822 866 2865 θξίᾳ
881 2821 940 2856 μὲν,

158 2857 200 2899 ὡς’
217 2866 293 2902 ἔφην,
313 2865 401 2892 ἐστίν·
418 2857 449 2891 οὗ
468 2857 520 2899 {inv
542 2857 579 2888 ἔτί
595 2857 641 2888 καὶ
657 2860 696 2892 εἰς
722 2858 800 2894 etiam
818 2857 943 2892 θεότητος

977 1581 1043 1613 Quae
1067 1561 1293 1607 nostro-corpori
1317 1570 1420 1598 utilitas
1449 1566 1591 1594 accederet
1612 1571 1627 1590 a
1651 1561 1764 1597 mystico

979 1611 1127 1658 sanctoque
1146 1619 1291 1651 sacriﬁcio,
1307 1618 1383 1650 cujus
1401 1613 1520 1648 suscepti
1538 1611 1638 1638 factum
1650 1612 1765 1641 estpar-

980 1669 1082 1705 ticcps?
1095 1667 1208 1701 Quinam
1235 1664 1294 1698 ejus
1318 1663 1357 1690 rei
1379 1661 1482 1688 fructus
1504 1657 1573 1684 alius
1593 1655 1698 1685 luisset,
1714 1651 1765 1679 nisi

980 1697 1051 1751 quod
1072 1697 1188 1741 Verbum
1202 1697 1324 1737 naturam
1340 1713 1417 1735 suam
1435 1709 1539 1731 mutare
1551 1698 1698 1729 voluisset?
1711 1697 1766 1724 Cur

1544 1746 1550 1751 .
1602 1745 1618 1751 .,
1704 1742 1710 1748 .
1738 1741 1764 1751 ,_

982 1741 1058 1789 nobis
1074 1759 1132 1793 ipse
1152 1756 1264 1784 dixisset
1283 1763 1289 1780 :
1310 1763 1319 1779 ε
1337 1752 1391 1786 Εκο
1412 1757 1471 1777 sum
1490 1746 1568 1784 panis
1584 1745 1646 1772 vitae
1665 1742 1712 1778 qui
1733 1741 1767 1768 de

981 1807 1051 1835 caelo
1066 1788 1215 1835 descendit,
1230 1800 1383 1833 mundoque
1400 1797 1484 1824 vitam
1506 1799 1635 1821 aeternam
1661 1789 1718 1817 dat.
1735 1788 1768 1814 Et

982 1852 1070 1888 panis,
1083 1857 1162 1885 quem
1173 1855 1222 1882 ego
1239 1845 1339 1876 tribuo,
1358 1850 1417 1870 mea
1429 1848 1491 1868 caro
1507 1838 1602 1870 ρει,οὺ
1623 1836 1713 1864 mundi
1727 1834 1766 1861 vi-

984 1884 1049 1926 tam.
1066 1884 1116 1931 Qui
1131 1895 1277 1923 manducat
1303 1898 1389 1918 meam
1417 1893 1526 1915 carnem
1542 1890 1569 1912 et
1584 1884 1652 1911 bibit
1676 1888 1765 1908 meum

983 1941 1187 1978 sanguinem,in
1216 1946 1258 1965 me
1271 1941 1371 1969 manet,
1389 1939 1415 1962 et
1435 1941 1486 1967 ego
1510 1932 1536 1959 in
1552 1939 1584 1958 eo
1594 1930 1615 1956 '.
1631 1939 1641 1956 ι
1658 1928 1729 1962 Ergo
1744 1926 1767 1953 si

984 1974 1048 2017 caro
1063 1988 1089 2014 in
1103 1987 1128 2014 id
1144 1986 1216 2021 quod
1228 1991 1280 2011 non
1294 1986 1353 2010 erat
1381 1983 1482 2008 mutata
1497 1982 1549 2009 est,
1567 1979 1648 2011 atque
1673 1974 1705 2001 ad
1723 1980 1769 1999 su—

984 2035 1134 2062 blimiorem
1151 2036 1246 2059 natura
1262 2027 1370 2064 propria
1384 2025 1496 2061 gradum
1511 2022 1630 2053 transiit,
1646 2019 1671 2047 id
1683 2023 1728 2046 est
1744 2017 1768 2044 si

985 2089 1045 2108 cam
1060 2078 1140 2106 Verbi
1151 2078 1275 2105 voluntas
1291 2073 1466 2102 excelsiorem
1484 2070 1557 2100 fecit,
1574 2067 1650 2095 nobis
1662 2071 1771 2100 quoque

985 2127 1039 2153 vim
1051 2124 1129 2158 hujus
1140 2122 1272 2157 mysterii,
1289 2126 1386 2153 resque
1402 2117 1435 2144 ad
1449 2116 1474 2144 id
1488 2114 1653 2151 pertinentes
1665 2111 1770 2138 ratione

986 2171 1038 2200 alia
1053 2170 1143 2198 licebit
1160 2174 1298 2203 peragere.

1128 2235 1155 2263 4.
1172 2233 1248 2261 Idem
1265 2230 1379 2266 Cyrinus
1399 2229 1427 2255 in
1441 2226 1532 2255 eodem
1552 2224 1628 2251 libro.

1024 2306 1094 2340 Ergo
1105 2300 1301 2330 incarnationis
1316 2299 1410 2332 dogma
1430 2293 1571 2330 perspicua
1586 2297 1703 2325 veraque
1718 2288 1771 2316 lide

989 2336 1118 2380 crediiur.
1131 2349 1206 2382 Quod
1219 2347 1252 2378 si,
1273 2350 1302 2372 ut
1327 2340 1473 2371 adversarii
1500 2339 1602 2371 dicunt,
1617 2336 1720 2368 abiecta
1731 2338 1773 2361 est

989 2404 1063 2428 caro,
1078 2401 1105 2423 et
1121 2395 1146 2422 in
1159 2399 1283 2421 naturam
1304 2390 1382 2418 Verbi
1400 2392 1514 2420 mutata,
1533 2384 1604 2420 quod
1633 2383 1657 2410 ei
1674 2389 1704 2410 se
1724 2389 1772 2408 co—

990 2442 1103 2477 pulavit,
1119 2445 1305 2474 vanaquoque
1320 2435 1459 2469 evaderet,
1467 2440 1518 2460 una
1535 2439 1595 2459 cum
1612 2429 1702 2458 carnis
1715 2436 1774 2455 mu»

761 2537 772 2552 ³
782 2535 861 2564 Joan.
876 2542 914 2568 v1,
931 2531 1026 2561 51-55.

990 2609 1152 2644 μεταϐαλεῖν
1169 2606 1389 2644 ὐπρπτεύσοιλτις
1401 2605 1443 2644 ᾷν,
1458 2605 1523 2644 εἷιγε
1537 2604 1600 2644 γοῦν
1616 2603 1672 2637 ἔχει
1686 2597 1772 2644 tonsi:

989 2635 1185 2680 ἑέὸήκότανκαὶ
1203 2642 1369 2680 δᾳγματικῆς
1379 2635 1524 2680 ἐρτέχνίάς
1538 2635 1775 2680 ὲπισγῆμοναινὲεῖ

988 2670 1089 2715 ίίὰρ’τῇ
1103 2679 1210 2715 {troivng
1222 2670 1416 2715 ξίδιξιέκξινείὶετίι⁵
1430 2670 1560 2715 ἀξῖωτάτω
1572 2670 1669 2715 φύοίέε,
1687 2670 1772 2715 odiis:

990 2704 1051 2741 ἇδᾶι
1207 2712 1237 2738 τὸ
1260 2704 1598 2749 ἁπλοῦνῌκαζιὰσυμμιηίὲξ
1619 2707 1713 2749 ἐξέρξμ,
1728 2704 1775 2747 κριὶ

989 2750 1019 2776 τὺ
1042 2749 1079 2784 μὴ
1102 2739 1400 2784 συξντεῧεῖςςοςιιΑδξκεελῖνε
1422 2746 1450 2772 ἕν
1465 2739 1504 2779 γε’
1521 2739 1579 2784 ξοξς
1591 2739 1653 2769 καθ’
1665 2739 1775 2781 {euripi

1260 2773 1400 2819 δεδεῆσθᾳῖ
1417 2773 1713 2819 τξγέςῇαὶ-ἀάνθμφυοῦξ
1726 2773 1776 2799 αὐ-

993 2809 1041 2854 ’έῆς
1058 2809 1269 2854 spiritu-.5551;
1281 2809 1421 2854 κοιηξωνιαν
1432 2809 1517 2842 ἐλθὲῖν
1528 2814 1578 2848 τὴν
1592 2809 1620 2840 ἐὺ
1634 2809 1775 2842 iuuit/rm“

996 2851 1102 2890 φῦσεώς
1118 2851 1199 2889 ἤγων
1211 2851 1409 2887 ὁμοουσιότητι.
