1872 3057
127 129 193 157 "Si

623 133 652 163 S.
674 135 809 164 CYRILLI
827 136 1065 166 ALEXANDRINI
1087 139 1249 167 ARCHIEP.

1705 142 1779 170 “‘52

1724 157 1776 173 «Ιλῖ

126 189 230 217 latione
252 189 381 219 salutaris
410 191 471 219 fidei
501 198 602 222 nostrze
622 195 845 224 confcssio:imo
871 204 916 224 res
930 200 954 228 Α
968 205 1022 232 quo
1040 198 1072 224 de
1088 198 1159 226 ctelo
1173 199 1311 226 rediturus
1331 200 1410 231 est’,
1429 199 1493 227 hinc
1522 204 1634 227 constat
1659 207 1775 229 carnem

124 239 181 262 tota
207 236 435 269 pessumdaretur,
466 245 527 265 enm
554 239 671 267 indidem
691 248 818 269 manante
834 243 915 277 justi-

126 281 267 315 ticatione;
283 289 536 319 eonsequenterque
556 293 605 313 nos
629 287 718 314 adhuc
742 289 768 315 in
795 290 915 324 peccatis

126 328 227 355 nostris
240 336 390 363 manemus,
405 339 492 366 neque
507 337 628 360 veterum
646 334 787 369 culparum
807 341 915 363 nostra-

126 382 185 401 111111
196 375 291 402 sordes
307 377 437 404 discussa}
452 384 524 406 Slllll.

279 433 305 461 5.
324 434 400 461 Idem
417 434 533 470 Cyrillua
543 437 570 463 in
582 437 672 464 cadent
685 437 759 465 libro.

160 488 189 516 Si
206 497 269 518 caro
283 490 363 518 Verbi
373 500 387 518 a
398 498 497 520 nostra:
511 494 601 522 carnis
616 495 772 523 conditione
785 497 916 524 recessis-

124 541 176 568 set,
193 537 317 572 superior
343 538 422 565 uobis
437 539 544 571 effecta,
559 541 622 575 quia
646 542 672 568 in
695 542 823 570 deitatem
848 551 915 570 eon-

124 588 213 614 versa,
230 582 326 609 salutis
340 589 440 611 nostra:
458 585 531 613 basis
555 592 705 620 corrueret,
729 596 831 623 uosque
849 590 917 616 adeo

124 627 174 655 sub
186 629 281 656 mortis
291 630 447 665 peccatique
458 633 590 660 saevitiam
611 634 810 663 recidereums.
826 635 915 668 Sicut,

123 671 221 700 domus
236 675 341 702 murive
354 675 476 704 subrutis
489 678 589 706 inlimis
601 678 794 713 fundamentis,
809 681 918 708 univcr-

123 727 183 747 sum
201 722 345 750 aedilicium
364 724 541 758 dilaberetur,
553 731 581 752 et
605 727 734 761 quidquid
757 728 809 755 illis
825 728 918 756 tuleris

123 772 339 800 superstructum
366 768 471 801 fuerat;
493 771 528 796 ita
551 771 573 798 si
595 771 728 805 Uuigeniti
753 781 814 800 cunt
837 782 918 802 carne

123 812 290 847 dispensatio
305 821 370 841 vera
391 823 444 842 nou
462 820 545 849 esset,
563 824 607 844 res
620 823 719 845 nostrae
740 819 820 846 simul
837 824 918 854 atque

123 855 150 881 in
169 861 328 890 perpetuum
348 863 536 887 averterentur
562 865 590 887 et
613 862 728 889 intirtna:
751 865 856 891 tierent.
873 864 918 892 Sic
935 876 955 904 Β

123 901 167 928 aio
184 903 298 936 pariter,
317 905 388 938 quod
403 905 427 932 si
454 904 533 933 Verbi
550 915 616 934 caro
630 908 656 934 in
670 909 780 936 deitatis
792 914 918 937 naturam

123 953 228 975 mutata
244 948 350 984 fuisset,
360 952 515 979 necessario
535 958 617 988 atque
643 954 669 981 in
694 956 918 984 arteruumaFilii

124 994 244 1022 lmminis
264 996 444 1030 appellatione
468 999 617 1027 excideret.
641 1001 696 1027 Cur
718 1009 783 1037 ergo
809 1003 919 1038 sapien-

123 1038 247 1067 tissimus
259 1040 358 1068 Paulus
371 1042 488 1070 dixisset
505 1053 512 1070 :
528 1054 537 1070 t
565 1045 642 1074 Unus
655 1052 696 1074 est
712 1047 792 1080 Deus,
806 1054 832 1076 et
849 1057 919 1077 unus

123 1084 258 1112 mediator
283 1086 353 1114 inter
382 1087 466 1116 Deum
495 1095 522 1116 et
545 1090 677 1124 homines,
691 1093 771 1121 homo
794 1095 919 1123 Christus

124 1129 215 1163 Jesus,
238 1132 284 1167 qui
304 1133 378 1161 dedit
409 1135 529 1170 seipsum
558 1139 781 1175 redemptionem,
794 1149 842 1176 pro
866 1150 917 1170 no-

123 1176 167 1204 bis
182 1177 233 1204 °?t
253 1178 300 1206 Est
314 1179 371 1215 ipse
385 1182 519 1209 mediator
542 1189 571 1210 ut
592 1185 673 1217 Deus,
690 1186 816 1221 idemque
836 1189 918 1216 homo

123 1222 215 1255 simul,
236 1223 320 1251 Deum
348 1225 456 1254 Patrem
475 1229 553 1256 nobis
569 1230 699 1264 plaeans;
719 1232 774 1266 ipse
793 1241 863 1260 unus
876 1240 917 1262 est

124 1269 238 1296 inunica
253 1271 429 1306 adunatione,
449 1274 476 1301 in
493 1283 546 1310 qua
558 1283 624 1303 sane
642 1278 736 1312 grandi
760 1287 820 1306 cum
838 1281 917 1308 «Πιτθ-

123 1317 212 1343 rentia
247 1317 454 1354 distinguuntur
487 1327 591 1350 natura:
618 1324 793 1359 (l):e:edem
825 1331 915 1354 tamen

124 1369 291 1392 concurrunt
318 1366 401 1394 simul
428 1367 455 1395 in
478 1368 629 1403 Christum,
645 1377 673 1398 et
696 1372 723 1399 in
746 1373 915 1401 inconfusam

123 1409 316 1440 adunationem
333 1417 416 1448 atque
446 1414 634 1450 insolubilem;
652 1418 749 1445 similis
778 1418 850 1446 Patri
875 1426 916 1448 est

124 1457 235 1490 deitate,
244 1459 341 1487 similis
352 1461 430 1488 nobis
440 1461 623 1496 humanitate;
639 1471 721 1499 atque
729 1466 765 1492 ita
776 1468 917 1501 cognosci-

124 1508 168 1530 tur
187 1504 269 1532 homo
282 1506 408 1535 Christus
430 1507 509 1535 Jcsns
530 1510 663 1537 mediator
686 1517 789 1540 noster.
803 1513 879 1546 Quod
891 1515 914 1542 si

124 1549 316 1578 abominabilis
339 1552 366 1578 iu
393 1558 477 1584 eo,ut
501 1554 544 1581 isti
567 1556 748 1589 volunt,caro
774 1563 858 1591 esset,
876 1560 914 1586 rei
929 1557 951 1587 C

123 1602 229 1621 summa
245 1596 277 1623 de
291 1597 378 1624 medio
389 1598 540 1632 tolleretur,
560 1609 610 1628 nec
629 1601 686 1634 jam
705 1602 763 1636 ipse
780 1603 851 1630 inter
868 1611 917 1631 nos

122 1639 374 1676 Patremquesuum
391 1645 524 1672 mediator
542 1652 624 1674 esset.
644 1647 720 1675 Tunc
739 1654 828 1677 autem
844 1658 915 1685 quo-

123 1687 206 1714 modo
221 1688 253 1714 ad
270 1688 345 1716 illum
359 1692 551 1720 accederemus
562 1693 573 1719 ‘3
584 1699 632 1720 aut
647 1701 722 1722 certe
736 1696 796 1730 quis
810 1704 860 1724 nos
878 1697 915 1724 illi

123 1731 298 1761 admoveret?
311 1736 374 1769 quis
392 1738 500 1764 demum
509 1745 665 1773 superesset
673 1741 823 1769 mediator?
834 1741 917 1770 Divus

122 1776 224 1806 Paulus
239 1779 309 1808 dixit
335 1781 473 1810 hominem
487 1792 548 1811 esse
569 1787 837 1815 mediatorem.Tum
859 1789 916 1823 ipse

123 1823 248 1852 Christus
261 1826 385 1861 inquitzt
401 1828 486 1858 Nemo
501 1833 576 1858 venit
600 1833 633 1859 ad
661 1832 780 1866 Patrem,
795 1835 846 1862 nisi
869 1843 917 1870 per

123 1871 199 1898 me".
215 1881 224 1897 ι
246 1872 437 1902 Portentosum
463 1882 511 1912 est.
534 1885 600 1913 ergo
630 1884 657 1906 et
678 1879 784 1907 insania
805 1881 916 1916 plenum

124 1923 308 1946 commentum
320 1920 427 1949 illorum
440 1923 485 1957 qui
500 1929 612 1952 naturas
628 1925 809 1954 confundunt.

267 1976 293 2003 6.
317 1976 391 2004 Idem
415 1978 531 2014 Cyrillus
548 1982 575 2008 in
592 1985 681 2009 eodem
695 1983 772 2011 libro.

162 2039 173 2055 ι
189 2030 256 2058 Cum
271 2031 355 2061 Filius
366 2034 484 2063 hominis
498 2038 611 2070 venerit,
628 2047 691 2065 nttm
707 2039 734 2066 in
750 2045 822 2068 terra
835 2042 916 2070 fidem

123 2079 285 2108 inveniet“?
301 2091 310 2106 ι
336 2080 414 2108 Nunc
429 2083 574 2116 quaerimus
588 2085 622 2112 ab
634 2086 812 2119 adversariis.
825 2096 917 2122 quam-

122 2133 186 2152 nam
204 2126 277 2154 volet
304 2127 422 2155 hominis
444 2129 530 2157 Filius
553 2131 633 2158 fidem
655 2132 788 2165 invenire,
805 2142 866 2162 cum
883 2136 917 2164 de

123 2170 193 2197 ctelo
220 2170 367 2200 descendet
386 2174 456 2207 apud
481 2181 528 2202 eos
553 2176 598 2210 qui
616 2176 643 2203 in
662 2182 734 2204 terra
751 2182 916 2208 versantur?
950 2198 959 2202 -

123 2215 172 2242 Vel
188 2216 316 2250 quidnam
331 2218 365 2244 de
383 2225 416 2245 eo
443 2221 548 2254 opinari
569 2224 735 2256 possumus?
757 2223 828 2252 Num
846 2226 918 2255 forte
932 2238 954 2265 υ

123 2261 282 2296 abjecturus
301 2269 343 2290 est.
354 2263 415 2292 Filii
427 2265 546 2294 hominis
566 2269 764 2302 conditionem,
777 2278 811 2298 an
826 2273 915 2306 potius

121 2307 150 2335 in
165 2309 342 2338 similitudine
357 2316 450 2339 nostra
462 2320 616 2347 mansurus,
632 2320 661 2342 ut
675 2316 757 2344 homo
778 2325 838 2346 esse
856 2327 916 2347 cre-

123 2355 223 2382 datur?
238 2356 315 2390 Quod
346 2358 367 2385 si
385 2358 464 2394 longe
483 2359 600 2395 abesset,
614 2366 643 2389 ut
668 2363 755 2398 ipsum
783 2373 860 2399 mque
883 2374 916 2394 ac

121 2409 172 2430 nos
198 2403 335 2432 hominem
358 2411 484 2441 reputare
505 2414 656 2443 possemus,
676 2417 914 2446 consequenterne

122 2448 215 2476 dicere
239 2450 335 2479 liceret
351 2457 494 2480 venturum
523 2454 640 2484 fortasse
665 2464 715 2484 cett
733 2459 868 2486 hominem
886 2464 914 2486 ut

123 2495 202 2522 fidem
216 2496 242 2522 iu
256 2501 329 2524 terra
344 2498 472 2532 inveniat,
487 2505 514 2528 et
528 2509 580 2528 non
596 2503 686 2536 potius
704 2509 846 2532 venturum
864 2513 914 2533 ccu

123 2541 208 2569 Deum
227 2542 344 2571 Verbum
369 2545 485 2581 simplex
503 2552 531 2574 et
554 2549 657 2583 absque
677 2557 770 2583 carne,
792 2556 821 2579 ut
844 2552 915 2579 hanc

123 2587 203 2615 ﬁdem
218 2590 288 2624 apud
307 2595 450 2620 terrestres
478 2593 616 2621 inveniat?
632 2595 684 2623 Sed
709 2597 771 2631 quia
801 2598 915 2632 ipsemet

123 2635 268 2664 manifeste
275 2644 304 2664 se
315 2635 412 2664 Filium
427 2638 545 2668 hominis
555 2641 683 2669 vocitavit
692 2647 815 2677 tempore
831 2643 913 2670 etiatu

171 2714 286 2756 f_i__"l'im.
300 2726 331 2753 ιι,
347 2719 374 2747 5.
412 2720 512 2756 ’Joan.
529 2728 584 2755 xiv,
605 2721 632 2748 6.
671 2722 681 2738 ⁸
693 2723 758 2752 Luc.
771 2731 838 2756 xvn,
855 2724 879 2752 8.

125 2750 148 2766 η
158 2749 273 2787 Philipp.
291 2749 332 2788 in;
352 2756 397 2782 et.
437 2749 625 2790 “Hann/tv,
645 2758 689 2786 te.

919 2725 930 2740 ⁹
942 2723 1038 2753 Matth.
1055 2733 1130 2759 xxvi,
1146 2725 1172 2753 6.

967 245 1000 272 ab
1016 253 1048 272 eo
1063 245 1089 272 in
1105 245 1177 272 aliud
1192 245 1306 279 quodvis
1319 252 1370 272 nou
1389 244 1474 272 fuisse
1492 250 1642 276 mutatam.
1656 246 1710 272 sed
1719 247 1776 280 glo-

969 291 1066 318 riosam
1082 292 1152 324 apud
1164 299 1226 318 cum
1238 299 1357 323 manere,
1375 291 1628 325 incorruptibilem,
1641 293 1706 318 sine
1722 300 1778 319 ma-

967 338 1038 369 cula,
1049 337 1182 372 atqueilla
1199 337 1257 364 luce
1272 337 1420 371 fulgentem
1437 337 1470 362 ad
1485 346 1568 371 quam
1587 345 1670 364 nemo
1686 343 1777 372 potest

967 385 1108 411 accedere.
1123 384 1208 410 Porro
1226 384 1297 411 haud
1321 391 1382 410 cum
1404 383 1450 410 illo
1475 385 1608 415 tentti,nt
1634 385 1776 419 primitus,

967 429 1112 464 splendore
1130 430 1286 457 descendet.

1111 485 1136 511 7.
1154 485 1227 512 Idem
1248 486 1362 520 Cyrillus
1383 486 1410 512 in
1431 487 1523 513 eodem
1548 487 1629 512 Iibm.

1005 542 1032 570 Si
1049 551 1113 569 caro
1125 543 1185 576 ejus
1200 544 1232 570 ad
1251 548 1375 570 naturam
1389 543 1499 571 deitatis
1512 544 1599 577 ipsius
1615 544 1778 573 transisset.

965 588 1020 622 jam
1037 589 1121 616 Filius
1133 589 1251 616 hominis
1265 597 1325 616 esse
1339 589 1496 620 desineret;
1521 590 1671 624 palamque
1683 593 1778 616 Ouini-

970 635 1019 662 bus
1035 635 1111 662 fieret
1137 635 1250 670 gloriam
1271 635 1426 669 adoptionis
1451 635 1541 662 amitti
1567 644 1581 661 a
1601 636 1696 665 nobis,
1718 641 1778 661 tan-

970 689 1049 715 quam
1066 681 1090 708 si
1105 682 1316 716 primogenitum
1329 681 1399 708 inter
1410 680 1510 708 multos
1527 682 1663 709 fratres”
1673 682 1777 708 diutius

970 735 1024 754 non
1041 727 1214 755 haberemus.

1102 784 1147 812 .8.
1165 784 1240 812 Idem
1256 785 1371 821 Cyrillus
1384 786 1411 813 in
1424 787 1515 813 eodem
1533 786 1617 812 libro.

1007 843 1064 870 Non
1080 847 1194 877 apparet
1213 842 1333 870 Verbum
1357 851 1468 871 carnem
1493 849 1628 875 mutasse,
1646 850 1710 877 qua:
1736 844 1776 869 in-

969 890 1186 917 convertibiliter
1214 894 1243 916 et
1266 890 1369 925 absque
1384 890 1548 918 confusione
1565 889 1604 916 illi
1621 890 1775 924 conjuncta

969 942 1011 964 est
1024 938 1050 964 in
1060 937 1170 964 deitatis
1186 941 1294 963 natura.
1308 936 1376 963 illud
1393 937 1483 970 potius
1499 937 1696 966 observamus,
1718 944 1775 962 nte-

969 984 1023 1010 rito
1047 983 1120 1010 illam
1149 983 1234 1018 gloria
1253 991 1301 1010 sua
1328 983 1530 1018 magnificasse,
1558 983 1771 1016 honoribusque

969 1029 1024 1056 Deo
1040 1028 1138 1056 debitis
1153 1028 1417 1064 cumulasse:atquc
1437 1029 1473 1056 ita
1502 1034 1630 1062 tempore
1649 1036 1702 1055 suo
1713 1035 1775 1054 car-

968 1076 1010 1103 nis
1034 1083 1141 1111 quoque
1170 1075 1369 1110 dispensatoria
1398 1075 1550 1103 substantia
1564 1075 1611 1111 [de
1629 1073 1704 1101 caelo
1726 1075 1771 1100 dc-

968 1121 1198 1157 scendet]:quam
1223 1122 1345 1149 videntes
1359 1122 1541 1149 admiratione
1556 1122 1679 1156 perculsi
1697 1128 1771 1148 sunt.

970 1167 1046 1195 "anc
1062 1175 1157 1202 reapse
1174 1167 1268 1195 oculus
1282 1167 1360 1200 vidit,
1376 1169 1414 1195 uti
1431 1169 1563 1202 scriptum
1581 1173 1635 1196 est.
1657 1169 1773 1195 Sancto-

968 1222 1027 1240 rum
1044 1215 1117 1240 enitu
1135 1215 1291 1249 angelorum
1316 1222 1386 1241 unus
1411 1215 1576 1242 mirantibus
1601 1215 1663 1241 ait:
1686 1223 1696 1239 ε
1712 1214 1772 1239 Viri

968 1260 1155 1294 Galil:ci,quid
1169 1260 1268 1288 coelum
1278 1260 1434 1294 suspicitis?
1450 1260 1498 1287 llic
1507 1260 1589 1287 Jesus
1601 1261 1646 1295 qui
1660 1267 1771 1287 assum-

967 1314 1029 1341 ptus
1044 1311 1086 1334 est
1103 1315 1117 1333 a
1134 1307 1220 1339 vobis,
1240 1307 1279 1333 sic
1293 1307 1383 1333 veniet
1402 1307 1637 1341 quetuadmmlum
1663 1307 1771 1332 vidistis

967 1361 1028 1380 eum
1042 1359 1150 1380 euntetu
1163 1354 1189 1380 in
1205 1353 1288 1380 eteius
1299 1353 1332 1380 ¹¹.
1352 1363 1361 1379 ι
1377 1353 1445 1380 Nunt
1470 1353 1570 1380 dicturi
1586 1353 1654 1380 estis
1681 1353 1769 1379 visum

966 1407 1028 1427 esse
1042 1400 1075 1427 ab
1093 1400 1127 1427 iis
1144 1400 1289 1427 salientem
1310 1400 1343 1426 ad
1362 1400 1469 1426 Patrem
1499 1400 1604 1433 absque
1621 1399 1727 1426 carne?
1744 1399 1769 1425 id

966 1451 1009 1474 est
1026 1445 1113 1474 forma
1128 1452 1221 1473 nostra
1239 1446 1410 1480 indignanter
1422 1446 1540 1479 abiecta,
1550 1445 1606 1479 jam
1620 1454 1674 1472 non
1687 1446 1770 1473 fuisse

967 1492 994 1520 in
1007 1500 1122 1527 corpore
1140 1492 1251 1523 visibili.
1266 1493 1383 1527 ideoque
1404 1499 1434 1519 se
1447 1498 1639 1519 commutasse
1655 1493 1683 1519 in
1702 1492 1769 1518 invi-

966 1539 1071 1565 sibilein
1084 1538 1370 1573 incorrupIibilemqne
1386 1542 1515 1564 ttaturatu
1529 1538 1540 1563 ?
1553 1538 1631 1570 Quis.
1644 1538 1769 1571 inquam,

970 1585 1027 1611 hmc
1052 1584 1141 1610 dicere
1168 1583 1258 1610 ausit?
1275 1584 1321 1610 Sin
1335 1588 1431 1610 contra
1451 1583 1487 1610 ita
1511 1589 1645 1610 venturus
1663 1587 1716 1615 est,
1731 1583 1768 1609 uti

970 1630 1110 1661 ascendit,
1127 1629 1220 1663 quidni
1243 1636 1307 1656 vere
1327 1629 1445 1661 dicetur,
1460 1636 1522 1655 cum
1538 1629 1636 1656 eodem
1657 1635 1770 1662 corpore

970 1675 1100 1708 Verbum,
1117 1683 1170 1702 non
1196 1681 1286 1702 autem
1313 1676 1338 1702 in
1358 1681 1456 1702 natura
1475 1675 1595 1708 simplici
1613 1680 1641 1702 et
1667 1676 1768 1710 absque

969 1730 1060 1755 Cill'lle,
1077 1730 1138 1749 esse
1155 1721 1319 1749 VNIIIH'UIII?

1122 1779 1149 1807 9.
1170 1778 1244 1806 Idem
1256 1778 1372 1813 Cyrilltts
1386 1779 1412 1805 in
1428 1779 1518 1805 eodem
1533 1778 1610 1805 libro.

1004 1836 1043 1864 De
1053 1836 1163 1863 Christo
1176 1836 1285 1871 scripsit
1294 1836 1513 1871 sapientissimus
1524 1843 1636 1870 quoque
1650 1834 1765 1862 Paulus:

972 1891 982 1907 ‹
999 1883 1048 1915 Qui
1066 1882 1221 1909 immutabit
1247 1890 1345 1916 corptts
1372 1882 1536 1909 humilitatis
1563 1888 1676 1912 nostrzc,
1693 1882 1767 1908 utsit

970 1929 1058 1956 simile
1074 1928 1181 1963 corpori
1201 1929 1338 1963 glorite”.
1356 1937 1364 1953 ι
1382 1928 1452 1961 Quid
1475 1929 1508 1954 ad
1527 1928 1586 1954 ha'c
1613 1927 1764 1959 diecntilli,

969 1975 1015 2008 qui
1028 1982 1136 2001 carnem
1155 1979 1284 2000 mutatam
1300 1974 1375 2000 aiunt
1398 1974 1425 2000 in
1439 1973 1522 2001 Verbi
1539 1973 1688 2000 naturam?
1700 1973 1762 1999 Num

969 2026 1125 2047 sanctorum
1145 2027 1257 2054 corpora
1293 2020 1352 2046 ideo
1369 2024 1509 2045 mutantur
1524 2019 1672 2046 iudeitalis
1688 2022 1763 2045 natu-

971 2075 1041 2098 ram,
1064 2067 1126 2101 quia
1156 2068 1214 2100 ipsa
1243 2073 1353 2100 quoque
1384 2065 1537 2093 conformia
1563 2066 1633 2092 fiunt
1659 2065 1760 2099 corpori

969 2113 1061 2147 gloria:
1082 2113 1157 2146 ejus?
1173 2113 1266 2139 Nonne
1287 2119 1368 2139 mera:
1390 2119 1476 2147 gerrxe
1498 2115 1562 2138 sunt
1589 2113 1647 2138 tunc
1671 2119 1760 2139 eorum

969 2160 1064 2193 verba,
1093 2167 1153 2194 qua:
1177 2159 1285 2186 inscitia
1308 2159 1434 2186 scatent?
1449 2158 1477 2185 Si
1502 2166 1565 2185 caro
1590 2158 1625 2184 ad
1657 2158 1761 2184 dcitatis

970 2211 1105 2238 naturam,
1125 2210 1153 2232 ut
1167 2206 1254 2238 aiunt,
1271 2205 1389 2237 transiit,
1403 2212 1523 2238 quonam
1539 2205 1649 2230 demum
1665 2205 1691 2230 in
1704 2211 1760 2231 cor-

970 2260 1036 2287 pore
1049 2252 1119 2279 Deus
1134 2251 1253 2279 Verbum
1264 2251 1405 2279 versatur?
1418 2251 1465 2278 Est
1480 2251 1553 2278 enim
1565 2250 1655 2277 deitas
1671 2250 1756 2276 ineor-

970 2307 1063 2335 porca,
1093 2299 1291 2333 verissimeque
1309 2298 1424 2325 tlicimus
1458 2297 1560 2324 nemini
1588 2297 1674 2324 Deum
1707 2304 1760 2324 esse

969 2346 1144 2380 conspicuum
1160 2345 1193 2372 ¹¹.

1116 2403 1159 2430 10.
1176 2403 1250 2430 Idem
1261 2403 1376 2438 Cyrillus
1389 2405 1416 2430 in
1430 2404 1520 2430 eodem
1535 2403 1614 2429 libra.

1006 2460 1059 2488 Sed
1086 2460 1205 2488 fortasse
1226 2460 1318 2488 dicent
1347 2467 1458 2488 carnem
1471 2459 1545 2486 haud
1565 2459 1678 2486 omnin
1699 2460 1756 2486 sub-

969 2502 1098 2534 stantiam
1119 2515 1196 2534 suam
1208 2507 1349 2540 amisisse;
1367 2507 1414 2534 sed
1431 2514 1492 2534 eum
1509 2506 1564 2534 Dco
1578 2506 1669 2533 Verbo
1680 2510 1757 2533 semet

970 2552 1175 2580 commiscuisse
1191 2553 1307 2579 naturali
1319 2553 1435 2586 quadam
1446 2553 1624 2578 adunatioue.
1636 2552 1691 2586 Ego
1701 2559 1756 2579 vero

969 2599 1105 2633 quomodo
1120 2599 1162 2626 his
1179 2606 1337 2631 occurram,
1354 2599 1505 2634 praesertim
1522 2599 1587 2633 quia
1612 2599 1754 2625 humanum

969 2644 1143 2672 ratiocinium
1160 2645 1238 2673 iubis
1255 2649 1353 2680 torpet,
1373 2652 1462 2680 ncqtte
1476 2645 1600 2680 propria,
1623 2651 1653 2671 ut
1666 2645 1702 2671 ita
1717 2645 1755 2671 di-

1215 2726 1236 2742 ¹⁰
1249 2725 1327 2753 Rom.
1347 2734 1406 2758 vut,
1421 2726 1466 2754 ‘29.
1534 2726 1554 2742 “
1567 2726 1628 2753 Act.
1646 2734 1663 2758 ι,
1684 2726 1723 2754 Η.

161 2829 770 2876 i1)ViﬂesbieetiamquanlopereCyrillus
797 2838 942 2868 abhorreat
961 2847 976 2867 a
996 2839 1090 2869 Severi
1110 2839 1307 2876 Mouopbysitae
1332 2841 1483 2873 sententia,
1508 2840 1554 2874 qui
1583 2847 1673 2868 tamen
1689 2838 1752 2867 illius

126 2862 194 2892 falso
211 2866 402 2895 auctoritatem
419 2869 468 2897 sibi
482 2862 680 2903 praetendebat:
