1872 3057
93 192 110 221 ι
116 193 170 221 455

690 190 902 220 FRAGMENTA
924 190 1132 220 DOGMATICA.

1661 196 1732 224 ΗΜ

95 259 172 282 cttn,
197 249 222 276 itt
239 249 379 284 provincia
392 251 541 278 versatur?
553 250 619 277 Nam
635 250 676 278 vel
690 259 754 278 caro
773 252 890 278 inmuta-
906 255 928 280 Α
943 258 1019 278 suam
1047 259 1252 287 personamque
1276 253 1380 286 amisit,
1396 261 1446 280 nec
1472 253 1591 288 priorem
1610 261 1669 281 cum
1686 255 1733 282 iilo

94 298 162 325 bilis
186 301 238 329 est,
268 297 381 332 ideoque
412 298 439 324 in
464 296 545 324 Verbi
573 302 697 324 naturam
720 306 773 325 non
800 304 889 325 muta-

97 344 243 371 tur...vel
260 343 285 370 in
304 343 328 370 id
349 351 457 378 semper
479 349 599 371 mutatur
622 345 693 379 qttod
725 351 802 371 antea
830 345 887 379 ipsa

96 394 239 422 nctterat;
258 396 338 423 quam
364 390 542 417 mulationem
572 390 634 417 dtttn
660 391 771 424 patitur.
802 391 837 417 ab
857 398 888 417 ea

97 436 248 463 stabilitate
272 436 387 462 discedit
412 444 472 470 qua:
498 436 580 463 Deum
595 437 682 469 decet,
697 442 776 471 atque
792 437 824 464 ab
845 437 888 464 illa

99 490 154 516 qua
173 482 333 508 naturaliter
355 482 499 509 fruebatur
524 484 680 510 securitate.
700 483 776 510 'l‘unc
798 489 888 510 autem

98 535 217 562 quonam
234 528 296 561 jure
323 529 403 555 homo
424 533 513 562 posset
534 529 681 563 appellari?
705 528 815 555 luteriut
843 537 888 555 sa-

98 573 207 607 pienter
224 579 354 606 recteque
371 574 583 601 existimandum
602 574 693 606 credo,
711 574 811 600 nullam
832 582 889 600 retu

98 625 232 651 creatam,
246 620 277 647 ad
293 620 400 647 deitatis
418 627 496 654 posse
512 626 636 647 naturain
652 628 769 655 unquam
794 628 890 649 assur-

100 673 175 700 gere,
190 666 226 698 id,
252 666 372 700 inqttam,
388 667 458 693 inter
487 667 664 701 impossibilia
694 669 889 695 numerantium

100 717 152 739 est.
172 712 247 744 Quod
263 713 285 739 si
302 712 328 739 lii
348 712 418 740 forte
444 713 540 739 idonea
558 719 716 747 argumenta
740 714 891 748 rcpereriut

102 758 136 785 ad
153 759 369 793 persuadendum
380 759 437 786 fore
453 765 490 791 ut,
505 760 530 786 iit
544 760 718 794 perutislioue
733 767 891 787 naturarum

102 809 183 840 atque
199 805 359 838 insertioue,
375 806 556 840 proprietates
569 806 648 833 unius
667 806 703 832 ita
725 814 892 834 conserven-

104 856 149 877 tttr
165 856 194 878 ut
213 859 265 878 non
280 853 517 879 communicentur
544 853 633 885 alteri,
649 858 813 887 maneatque
828 861 892 888 per-

102 896 175 924 fecta
199 897 367 932 singularum
406 898 539 930 definitio,
569 899 611 924 his
637 905 702 925 sane
725 899 892 933 argumentis

103 947 215 970 utantur
229 952 236 970 :
248 948 311 970 tunc
326 944 398 971 enim
428 951 477 971 nos
505 945 698 975 concedamus.
715 945 891 979 pertuistioue

103 989 270 1023 huiusmodi,
294 991 364 1018 haud
396 998 503 1018 omnem
539 991 661 1018 veritatis
695 991 747 1018 vim
783 992 890 1025 perittti.

104 1033 166 1070 [(l)
182 1034 373 1063 Verumtamen
387 1037 408 1062 si
426 1035 496 1063 forte
514 1037 605 1064 dicattt
634 1045 743 1064 carnem
770 1043 796 1065 et
823 1037 892 1065 Ver-

102 1081 166 1108 buttt
185 1089 216 1109 eo
231 1083 310 1109 tuodo
324 1083 395 1110 inter
408 1091 437 1109 se
462 1083 541 1110 mista
564 1091 617 1118 qtto
637 1083 730 1118 liquidi
762 1085 892 1112 humores

102 1127 202 1160 solent,
226 1128 360 1162 quomodo
385 1129 511 1163 ignorant
538 1128 651 1164 liquida,
686 1137 745 1164 qua
773 1130 890 1157 invicem

101 1177 300 1207 temperantur,
323 1174 416 1200 vinum
443 1180 507 1208 puta
530 1182 562 1201 ac
588 1174 716 1207 mel,jam
743 1183 797 1202 non
825 1183 891 1209 pura

102 1227 213 1247 manere
242 1225 271 1246 ut
299 1226 388 1252 erant,
411 1221 458 1247 sed
483 1221 578 1247 aliena:
599 1222 758 1248 substantia:
784 1229 892 1249 assum-

103 1266 238 1299 ptione,in
252 1265 323 1292 aliud
339 1266 466 1300 quiddam
482 1267 674 1294 transmutari?
689 1267 716 1295 Si
729 1276 795 1302 ergo
815 1269 892 1294 aiunt

103 1317 260 1339 concretant
296 1312 381 1339 fuisse
409 1320 470 1339 etttn
490 1312 579 1340 Verbo
598 1321 722 1345 carnem,
737 1315 892 1341 necessario

102 1366 214 1393 prorsus
239 1359 382 1386 dicendum
409 1365 451 1387 est
470 1366 614 1395 utramque
641 1361 774 1387 dictarunt
801 1369 890 1388 rerum

103 1410 118 1430 a
137 1411 187 1431 suo
204 1405 294 1438 priere
310 1409 382 1432 statti
411 1406 582 1438 discessisse,
599 1407 774 1442 mediumque
788 1407 892 1442 aliquid

102 1457 136 1477 ex
154 1456 268 1485 utraque
284 1452 450 1484 confectum,
462 1452 569 1479 diversa
590 1461 701 1487 prorsus
712 1458 807 1481 natura
820 1463 890 1490 prte-

102 1496 201 1529 tlitttm,
228 1505 308 1531 quatit
331 1502 411 1525 antea
440 1506 483 1525 res
500 1504 614 1533 utraqtte
640 1501 779 1534 partiatim
803 1501 892 1538 erat.]

101 1540 181 1569 Nunc
202 1550 251 1576 ego
272 1543 444 1571 adversarios
470 1544 604 1572 Sciscitari
629 1545 733 1578 vellem,
751 1554 830 1581 quem
858 1547 892 1574 ad

102 1592 203 1615 statum
219 1590 349 1616 transisse
366 1595 461 1624 putent
475 1591 556 1618 Verbi
575 1597 700 1618 naturam
727 1593 790 1619 dum
818 1594 893 1620 carui
908 1601 929 1629 ρ

102 1635 185 1662 niista
201 1636 259 1663 est?
277 1637 496 1671 quandoquidem
516 1637 542 1663 in
558 1638 647 1672 priore
662 1643 737 1666 certe
753 1644 823 1666 stattt
840 1648 892 1666 non

103 1682 260 1716 mansisset,
286 1690 356 1709 anne
367 1683 522 1710 commistio
534 1683 651 1710 Verbum
671 1692 686 1710 a
703 1685 810 1719 propria
825 1693 892 1712 cou-

102 1727 208 1755 ditione
223 1728 368 1762 depulerit,
380 1736 411 1754 ac
427 1736 473 1755 sua
491 1728 592 1755 virtute
608 1730 735 1756 tuiutterit
763 1731 795 1756 ad
826 1731 893 1757 infe-

103 1775 178 1801 riora
196 1774 368 1801 detractum?
387 1773 434 1800 Sin
452 1774 614 1801 alterutrum
645 1775 722 1802 aiunt
747 1776 895 1810 perfectius

104 1821 273 1854 apparuisse,
292 1820 362 1847 hanc
382 1820 490 1854 quidem
521 1820 715 1854 perfectionem
743 1822 817 1848 carni
849 1830 896 1855 po-

105 1867 161 1894 tius
176 1866 373 1893 attribuendatn
392 1871 549 1899 censerent;
566 1872 705 1894 constaret
719 1868 790 1894 etiitn
810 1868 894 1902 ipsam

105 1914 139 1939 ad
164 1913 350 1940 sublimiorem
380 1918 482 1940 statuttt
500 1918 633 1940 evertam.
650 1913 698 1940 Siti
727 1921 792 1941 vero
818 1922 896 1942 secus

105 1964 158 1990 εει,
176 1958 350 1993 Verbumque
365 1959 454 1992 politis
469 1959 501 1985 atl
521 1967 576 1986 rem
597 1959 729 1986 minorem
748 1965 834 1987 semel
853 1962 896 1987 in-

107 2005 231 2036 ciinavit,
247 2012 311 2031 tium
342 2011 406 2030 caro
435 2003 523 2030 Verbo
548 2004 651 2035 nocuit,
675 2004 754 2031 sictiti
790 2010 895 2031 nosmet

108 2055 204 2086 gravat
217 2055 310 2077 nostra
339 2049 458 2076 natura?
473 2048 526 2076 Nos
556 2050 662 2076 interitu
694 2055 766 2077 recte
783 2050 896 2077 dicimus

111 2097 228 2125 Verbum
258 2101 345 2123 semet
372 2096 404 2122 ad
436 2096 652 2122 exiuanitionem
678 2096 832 2129 demisisse,
851 2104 897 2122 no-

108 2148 250 2176 stramque
270 2141 384 2167 fortuatu
401 2141 592 2175 assumpsisse,
607 2141 676 2167 haud
695 2149 758 2168 sane
772 2147 801 2168 ut
818 2141 898 2175 quid-

108 2197 189 2224 quam
205 2189 230 2214 iti
247 2196 295 2214 sua
319 2195 348 2214 se
364 2195 474 2222 passum
491 2192 588 2213 natura
619 2187 832 2220 demonstraret,
850 2188 896 2214 sed

109 2242 138 2262 ut
154 2242 203 2262 nos
229 2235 261 2261 de
291 2241 371 2260 carne
397 2234 523 2268 erigeret,
541 2234 586 2268 qui
616 2242 696 2260 carne
716 2239 743 2260 et
767 2234 898 2269 sanguine

109 2281 243 2314 coutpacti
261 2287 366 2311 smnus,
382 2284 461 2313 atqtie
474 2278 509 2305 ab
526 2279 642 2305 humana
669 2279 825 2306 conditione
843 2279 898 2306 ele—

109 2333 198 2359 vatus,
212 2326 255 2352 Dei
267 2326 335 2352 ﬁlios
349 2325 476 2363 ellitzeret.
491 2324 538 2351 Siti
557 2329 662 2356 contra,
675 2330 704 2351 Iit
727 2325 769 2351 isti
788 2329 897 2352 vetera-

111 2378 183 2400 tores
200 2373 285 2403 aiuut,
303 2371 474 2398 commiscuit
504 2379 532 2397 se
563 2371 639 2398 carni
668 2371 798 2402 Verbum,
818 2376 898 2405 atque

111 2420 138 2446 id
155 2419 224 2454 quod
243 2426 295 2444 nou
318 2417 406 2443 fut-rat
422 2417 547 2444 effectum
572 2421 625 2448 est,
645 2418 781 2451 quomodo
810 2417 897 2450 ipsutu

111 2474 159 2493 sua
175 2466 305 2499 dignitate
326 2464 458 2490 tititttitttttt
475 2464 535 2497 jure
548 2468 687 2497 negarent.
699 2471 751 2490 non
767 2463 897 2497 intelligo.

111 2512 153 2538 Au
181 2518 244 2538 vero
269 2511 332 2537 dtitti
352 2510 399 2536 Dei
426 2510 533 2536 affectat
551 2509 768 2541 similitudinem,
785 2509 897 2535 fortnam

148 2587 172 2604 ιδ
181 2587 203 2614 ll
216 2588 278 2615 Cor.
294 2588 382 2620 v,16.
422 2587 442 2602 ⁸⁵
454 2587 533 2614 Rom.
551 2595 609 2620 vui,
626 2587 651 2613 8.

150 2669 188 2703 (Ι)
199 2668 361 2704 Sequentetn
375 2666 467 2704 Cyrilli
484 2670 700 2704 partetn,‘quatu
717 2663 792 2703 uncis
812 2663 899 2690 inelu-

114 2699 213 2737 ditittis,
234 2699 299 2730 inire
311 2699 480 2729 conservavit
495 2701 588 2727 Grch
601 2699 898 2737 Jttstitiianusimpera-

170 2735 371 2773 ‘udlogmatica
391 2738 423 2763 ad
447 2738 593 2773 monachos
618 2735 817 2773 alouophysitas
841 2735 898 2773 epi-

172 2782 192 2807 χ
214 2768 294 2807 quam
314 2781 362 2799 nos
378 2773 456 2806 primi
475 2772 616 2807 edidimus
627 2769 723 2807 script.
739 2774 788 2807 vet:
802 2773 827 2807 _l.
841 2768 899 2807 AVII.

115 2803 229 2845 Luiergo
245 2818 270 2844 p.
288 2808 340 2845 295
363 2803 399 2834 ita
422 2807 540 2845 legitur}
562 2805 591 2831 '0
610 2804 751 2845 évftyiorg'
768 2803 901 2845 ξύριλλρς

115 2845 186 2872 κατὰ
196 2839 255 2871 "ubi
282 2841 487 2869 Συνουσιαστῶν
509 2840 581 2874 λέγει
605 2839 678 2866 τάδε·
695 2849 703 2864 ι
722 2840 752 2865 ΕΞ
770 2839 799 2865 δὲ
814 2839 851 2869 ὡς
872 2841 900 2864 ὲν

115 2880 190 2913 τάξει
208 2879 298 2914 ὑγρῶν
316 2876 603 2914 ἁναμεμίχθαιμφασῇν
620 2875 854 2914 ριᾉλῄλοις-σὰρκα
870 2882 899 2914 “re

117 2905 337 2950 τὲῶς
353 2905 488 2947 ipp/imit.“
502 2905 543 2937 ait
557 2910 592 2937 τὰ
614 2905 738 2944 ἀλλήλοις
754 2905 899 2944 ἁνσίκιρνά-

692 2586 802 2613 “.loan.
820 2594 851 2617 tt,
867 2586 910 2612 l9.

940 297 1124 331 aequalitatem
1157 299 1278 331 retinuit,
1301 300 1347 326 sed
1368 299 1515 327 humiliore
1533 299 1592 327 loco
1618 299 1732 334 depres-

940 349 1011 375 sum,
1030 348 1130 369 naturrc
1146 343 1292 378 gloriaeque
1314 352 1370 370 sua:
1385 344 1598 371 deminutionem
1621 352 1737 380 passum.

940 389 1002 416 est?

1084 436 1127 462 Η.
1147 435 1220 462 Idem
1233 435 1347 470 Cyr-illus
1365 437 1391 462 t'u
1404 437 1497 463 eodem
1510 436 1588 464 libro.

977 492 1198 520 Molestissituutu
1211 498 1252 519 est
1275 493 1389 520 tolerare
1405 494 1505 528 aliquid
1522 501 1537 520 e
1558 494 1650 520 multis
1673 502 1733 528 qua:

942 538 985 564 isti
1001 538 1095 565 dicunt
1115 538 1239 572 pessimis
1259 547 1264 565 :
1287 538 1466 572 quamobrem
1489 538 1595 565 videtur
1619 538 1684 564 mihi
1700 539 1732 564 ab

942 585 984 612 his
999 585 1125 612 absurdis
1139 585 1311 619 opinionibus
1326 584 1518 612 recedendum.
1533 583 1639 619 Ergone
1656 592 1732 610 cout-

942 631 1096 658 utistioneut
1122 631 1259 666 fugimus?
1271 631 1371 665 Utique
1393 632 1521 658 damnaui
1537 631 1638 665 pariter
1655 631 1689 656 ab
1701 639 1731 657 ea

942 682 1049 704 scatens
1074 677 1199 704 vitamus.
1219 676 1298 703 Aliud
1321 684 1429 712 quoque
1457 681 1645 711 argumentum
1672 684 1734 710 pro-

943 722 1041 756 fereut,
1055 723 1145 750 divum
1162 723 1267 750 scilicet
1287 722 1399 749 Paulum
1413 723 1449 749 ita
1460 723 1623 750 scribentem
1636 731 1642 749 :
1654 731 1662 747 ι
1676 721 1732 749 Etsi

942 769 1081 797 Christum
1100 770 1126 796 iii
1147 777 1230 797 carne
1245 769 1378 802 novimus,
1391 777 1462 796 nunc
1479 777 1531 796 non
1549 769 1613 796 item
1629 769 1661 795 ¹⁴.
1675 779 1684 795 ι
1704 769 1732 796 Si

943 823 1007 850 ergo
1023 816 1137 843 dicimus
1151 816 1289 843 Christum
1312 816 1339 843 in
1365 824 1447 843 carne
1466 816 1521 850 jam
1540 824 1592 842 non
1611 815 1732 850 agnosci,

943 862 1098 888 necessario
1112 869 1221 888 carnem
1237 862 1263 888 iti
1279 861 1362 888 Verbi
1380 866 1504 888 naturain
1523 866 1653 888 mutatam
1664 860 1735 887 allir-

944 914 1060 938 mautus,
1081 912 1111 933 ιιι
1133 912 1261 941 tanquam
1289 907 1334 933 Dei
1368 915 1431 934 caro
1461 912 1633 942 agnoscatur.
1651 907 1733 940 Atqui

943 952 1040 986 aliqttis
1056 952 1189 979 forsanad
1202 952 1258 979 haec
1270 953 1343 979 illico
1355 955 1530 987 responderet
1542 961 1550 980 :
1564 961 1625 979 tium
1635 951 1734 980 Paulus

943 1007 1004 1025 cum
1020 999 1052 1025 de
1069 999 1145 1025 nobis
1163 999 1253 1025 aiebat
1271 1007 1278 1025 :
1298 1008 1307 1023 t
1325 998 1375 1032 Qui
1396 999 1422 1025 iti
1438 1006 1524 1026 carne
1540 1004 1613 1032 sunt,
1628 998 1736 1033 placere

942 1045 997 1072 Deo
1011 1049 1166 1080 nequeunt;
1185 1053 1233 1072 vos
1251 1051 1341 1072 tamen
1357 1046 1428 1073 haud
1444 1046 1468 1072 iu
1483 1053 1565 1072 carne
1575 1045 1734 1077 versamini,

942 1092 989 1119 sed
1003 1092 1029 1118 in
1044 1092 1140 1126 spiritu
1152 1092 1183 1123 η,
1195 1101 1204 1117 ›
1218 1099 1263 1124 an,
1279 1092 1399 1126 inquam,
1413 1100 1495 1119 cartie
1506 1100 1555 1119 nos
1567 1098 1593 1119 et
1604 1092 1737 1125 sanguine

942 1144 1036 1164 carere
1062 1137 1247 1171 cognoverat?
1273 1138 1344 1172 Iirgo
1362 1138 1413 1164 hoc
1432 1137 1465 1164 de
1485 1137 1655 1171 incorporeis
1681 1137 1736 1171 Spi-

944 1183 1042 1210 ritibus
1063 1183 1142 1210 dixit.
1158 1182 1245 1210 Porro
1273 1184 1368 1217 quidni
1387 1183 1513 1210 stolidum
1531 1183 1737 1209 detestandum-

942 1237 996 1264 que
1009 1230 1056 1260 sit,
1070 1230 1093 1257 si
1108 1231 1169 1264 quis
1181 1237 1302 1261 carnem,
1318 1230 1344 1256 id
1359 1234 1400 1257 est
1419 1229 1509 1256 carnis
1531 1229 1671 1263 passiones
1686 1228 1738 1254 Do-

942 1277 1018 1304 mino
1043 1277 1190 1303 attribuat?
1215 1277 1345 1303 Servatur
1369 1277 1441 1303 ettitti
1465 1276 1587 1302 omnium
1612 1275 1739 1301 Christus

943 1322 1135 1349 itnmaeulatus
1163 1328 1215 1355 est,
1243 1327 1324 1355 atque
1352 1321 1426 1348 omni
1453 1321 1581 1355 peccandi
1610 1320 1740 1347 facultate

943 1377 1050 1396 carens.
1063 1370 1129 1396 Cum
1143 1375 1232 1395 autent
1248 1369 1268 1395 si
1281 1367 1380 1394 dicitur
1393 1367 1420 1394 iit
1439 1375 1520 1394 carne
1536 1375 1587 1394 non
1599 1366 1737 1399 cognosci,

944 1415 1150 1450 intelligeudtun
1173 1419 1214 1441 est
1229 1422 1290 1441 eum
1304 1414 1331 1440 iit
1358 1413 1566 1440 infirmitatibus
1579 1412 1670 1439 carnis
1682 1411 1737 1446 jam

943 1470 997 1490 non
1009 1462 1147 1496 cognosci.

1080 1507 1123 1534 l2.
1144 1506 1219 1533 Idem
1236 1505 1352 1541 Cyrillus
1366 1506 1392 1532 in
1407 1505 1496 1532 eodem
1514 1505 1592 1532 libro.

981 1564 1118 1598 Jejuuavit
1146 1564 1363 1599 igitur,e<uriit,
1392 1563 1474 1597 longo
1504 1563 1602 1590 itinere
1622 1563 1740 1589 lassatus

946 1617 998 1643 est,
1015 1611 1133 1644 itemque
1161 1609 1235 1636 cruci
1266 1608 1336 1635 littus
1364 1609 1430 1635 obiit
1446 1615 1453 1635 :
1467 1613 1548 1642 atque
1572 1608 1631 1634 hare
1648 1608 1739 1634 omnia

945 1664 1089 1692 perpessus
1101 1661 1153 1687 est,
1166 1655 1236 1682 haud
1251 1660 1339 1681 tamen
1354 1654 1380 1680 itt
1396 1654 1505 1680 deilatis
1522 1660 1617 1680 itatttra
1631 1653 1741 1688 (neque

946 1704 1018 1731 enim
1034 1703 1177 1737 itnaginari
1199 1703 1262 1729 licet
1274 1701 1430 1736 passibiletu
1448 1708 1508 1728 csse
1523 1700 1641 1727 divinam
1657 1704 1738 1726 natu-

947 1757 1003 1776 ratu
1016 1749 1036 1783 ),
1053 1750 1100 1775 sed
1120 1749 1147 1775 in
1171 1755 1254 1775 carne
1267 1755 1315 1774 sua
1331 1747 1432 1782 potius.
1447 1746 1507 1774 Jatu
1525 1754 1586 1773 cum
1603 1746 1660 1780 ipse
1684 1742 1740 1772 vita

947 1795 983 1822 sit
1001 1798 1170 1827 mortemque
1186 1793 1346 1824 calcaverit,
1360 1793 1505 1819 hutuauatn
1521 1791 1599 1818 nobis
1617 1794 1739 1816 naturam

947 1841 980 1867 ad
995 1839 1278 1873 iucorruptibilitatem
1292 1838 1431 1871 vitamque
1445 1835 1665 1870 reuovavithse
1673 1843 1740 1862 vero

948 1894 1019 1913 nunc
1046 1885 1119 1912 omni
1135 1885 1253 1912 humana
1279 1883 1437 1910 infirmitate
1453 1889 1546 1910 carere
1561 1881 1739 1916 conspicitur,

948 1933 1028 1960 sicuti
1042 1937 1116 1959 recte
1132 1931 1234 1958 dictum
1247 1931 1312 1958 fuit:
1326 1938 1425 1964 nempe
1447 1930 1473 1956 in
1487 1936 1568 1956 carne
1580 1936 1632 1955 non
1644 1936 1741 1962 cogno-

949 1979 1043 2010 scitur,
1059 1978 1083 2004 id
1094 1981 1134 2004 est
1145 1977 1172 2004 in
1183 1976 1274 2004 carnis
1285 1976 1453 2007 inﬁrmitate,
1465 1981 1493 2001 ut
1503 1974 1540 2001 ait
1551 1968 1741 2008 mysteriorum

948 2025 1007 2060 ejus
1024 2024 1158 2050 minister.

1087 2071 1131 2097 15.
1150 2069 1225 2096 Idem
1239 2067 1354 2103 Cyrillus
1369 2068 1395 2094 in
1408 2069 1499 2094 eodem
1522 2067 1600 2093 libro.

985 2128 1052 2155 Cum
1070 2132 1162 2153 autem
1193 2130 1320 2158 tuortem,
1332 2125 1418 2150 nostri
1436 2131 1531 2155 causa,
1547 2123 1573 2149 in
1598 2128 1679 2148 carne
1694 2126 1742 2155 gu-

950 2179 1058 2207 stasset,
1074 2173 1176 2207 pariter
1196 2179 1258 2198 ctitn
1275 2178 1390 2204 corpore
1406 2169 1539 2196 ascendit.
1561 2169 1682 2202 Cumque
1693 2167 1742 2193 Ju-

942 2222 1069 2248 -(l;l.'0l‘lllll
1098 2220 1183 2246 turbae
1208 2217 1425 2251 praedixissetu
1450 2214 1588 2241 Dcstruite
1614 2213 1741 2247 tentplttiu

916 2271 936 2297 D
951 2268 1010 2298 hoc,
1035 2271 1061 2293 et
1087 2266 1173 2292 tribus
1200 2263 1296 2290 diebus
1321 2269 1416 2289 rursus
1442 2262 1543 2294 erigant
1562 2260 1600 2293 ¹⁸;
1620 2269 1628 2284 ι
1648 2266 1741 2285 revera

954 2316 1135 2339 restauratum
1161 2315 1205 2336 est
1226 2309 1297 2343 quod
1320 2308 1409 2335 fuerat
1434 2303 1614 2334 destructum.
1630 2306 1742 2332 Destru-

949 2364 1020 2384 ctaut
1029 2365 1092 2384 vero
1101 2363 1211 2383 carnem
1224 2355 1350 2386 dicimus,
1365 2362 1417 2380 nou
1428 2353 1507 2380 Verbi
1522 2357 1657 2384 naturam,
1670 2351 1742 2386 quod

951 2405 1008 2431 fieri
1021 2403 1125 2437 nequit.

1093 2449 1136 2476 14.
1155 2448 1231 2474 Idem
1245 2447 1360 2482 Cyrillus
1372 2446 1398 2472 in
1416 2446 1506 2472 eadem
1519 2444 1596 2471 libro.

986 2506 1045 2534 .latu
1059 2515 1119 2533 cum
1137 2505 1266 2540 apostolis
1281 2505 1338 2538 ipse
1354 2508 1447 2530 uoster
1467 2502 1593 2530 Salvator
1616 2501 1744 2529 Christus

955 2671 1023 2696 μενοι
1038 2661 1092 2687 τῶν
1114 2661 1216 2695 ὑγρῶν,
1228 2659 1299 2692 οἶνος
1320 2661 1386 2697 φέρε
1408 2662 1496 2688 εἰπεῖν
1510 2660 1557 2697 xdt‘t
1576 2659 1647 2697 μέλι,
1664 2659 1678 2686 ὅ
1695 2660 1743 2697 μὲν

952 2695 1032 2732 ἦσαν,
1049 2697 1102 2722 εἰσὶ
1116 2697 1244 2731 καθαρῶς
1255 2695 1362 2729 οὐκέτι,
1373 2697 1522 2732 προσλήψει
1534 2696 1564 2732 rat
1581 2696 1680 2730 μᾶλλον
1694 2695 1744 2732 τῆς

952 2730 1116 2768 ἔτεροειὸοὖς
1131 2730 1283 2768 ποιότητῡς.
1300 2733 1339 2763 εἰς
1353 2730 1446 2768 erepo“;
1458 2730 1669 2767 τἰμεοίσταταη
1681 2730 1744 2768 ορκτ

955 2765 1002 2793 οὔεί
1017 2769 1041 2793 εἰ
1067 2767 1270 2801 συγκεκρᾶσθαι
1282 2765 1481 2802 omnip-16,19
1490 2765 1538 2802 ἑὴν
1553 2768 1651 2802 σάρκα,
1668 2765 1744 2792 πᾶσά

956 2811 1013 2834 πως
1030 2802 1136 2836 ἀνάγκη
1152 2802 1239 2837 λέγειν
1254 2802 1383 2837 ἑκάτερον
1394 2811 1448 2828 των
1460 2802 1662 2837 ὠνομασμένων
1677 2801 1736 2826 ἀπ’)-

955 2838 1051 2872 στῆναι
1069 2838 1118 2872 μὲν
1132 2835 1181 2863 τοῦ
1199 2835 1268 2863 εἶναι
1289 2837 1302 2863 ὃ
1316 2835 1360 2872 ἦθ’
1376 2837 1405 2863 ἓν
1426 2837 1454 2864 δέ
1469 2847 1495 2864 τι
1509 2835 1538 2863 -έδ
1555 2838 1655 2870 ἀμφοῖν
1676 2837 1744 2872 ἀπρ..

954 2869 1172 2907 τελέσαίμέσον,
1198 2869 1417 2908 ἑτεροφυέξνπου
1440 2873 1558 2905 πάντως,
1575 2869 1685 2907 ἢνὸπερ
1711 2869 1744 2905 ἦν

953 2909 1082 2942 ἑκάτερον
1110 2908 1161 2934 ἀνὰ
1185 2908 1277 2942 μέρος,
1293 2918 1301 2933 ι
