1872 3057
137 170 209 198 H55

137 284 286 311 manusque
317 277 474 309 habentem,
498 286 582 312 seque
612 285 664 304 nou
705 285 765 305 esse
796 277 922 312 spiritum

137 323 278 350 manifeste
291 323 515 351 demonstraverit
529 333 536 357 ;
549 324 660 359 curjam
677 324 821 358 quisquam
835 322 925 357 suspi-

137 374 216 395 cetur
233 375 342 396 carnem
367 377 427 397 esse
451 375 580 397 mutatam
599 370 625 396 iu
646 369 756 397 deitatis
785 374 924 400 naturam,

139 421 228 448 neque
243 414 345 449 aliquid
360 422 478 449 passam,
497 423 585 449 neque
606 416 770 442 destructum
798 419 924 447 mortem,

139 468 202 486 cum
223 460 249 487 in
277 461 360 487 vitam
381 465 442 495 post
476 462 585 488 tertium
609 462 679 488 diem
704 461 794 494 rediit,
817 461 927 495 suisque

138 507 278 542 discipulis
293 507 469 542 conspicuum
484 515 513 534 se
526 507 608 534 fecit?

278 574 321 601 15.
344 574 417 602 Idem
433 575 548 610 Cyrillus
559 575 587 602 in
599 576 688 603 eodem
705 575 783 603 libro.

176 640 242 674 Quis
254 646 408 668 sanctorum
426 641 534 669 Patrum
547 643 603 669 hmc
616 647 669 669 tam
682 643 746 669 dura
757 643 888 676 praedixit,
902 648 929 670 et

139 685 324 720 impossibilia,
333 695 381 714 nec
392 687 474 714 hilum
487 689 607 714 veritatis
620 688 764 715 habentia?
781 688 847 720 Quis
868 696 930 722 apo-

140 731 321 758 stolorumaut
329 732 551 766 evangelistarum
561 733 640 760 verba
651 733 801 767 hujusmodi
809 733 931 767 protulit?

140 775 264 804 Profecto
285 785 374 804 nemo.
393 777 599 805 Coufuudantur
617 779 707 812 itaque
728 778 773 812 qui
795 786 828 805 ex
850 779 931 806 conle

141 827 200 852 suo,
215 828 267 848 non
276 829 309 848 ex
319 822 422 849 Domini
436 830 483 849 ore
495 823 650 857 loquuntur,
666 824 701 850 uti
711 824 840 858 scriptum
849 824 930 850 est".

178 867 231 893 Nos
245 872 333 894 autem
343 868 510 895 orthodoxis
529 868 632 903 legibus
643 869 756 903 subjecti
769 889 776 900 ,
794 876 854 903 qua:
877 873 930 896 tant

636 173 665 202 S.
686 172 821 201 CVRILIJ
841 172 1073 201 ALEXANDRINI
1090 172 1251 200 ARCIIIEP.

136 231 301 265 persuaserit
317 239 346 259 se
363 231 397 258 de
417 236 509 260 morte
522 232 696 266 suscitatum,
711 239 821 260 carnem
836 232 918 265 pedes
933 234 956 262 Α

1710 166 1781 195 H55

1100 232 1143 260 l8.
1169 231 1243 259 Idem
1265 230 1380 267 Cyrillus
1403 230 1432 257 in
1450 229 1545 256 eodem
1563 226 1643 253 libro.

1014 288 1067 315 Sed
1089 278 1233 315 Diodorum
1256 295 1362 323 quoque
1378 287 1534 314 audiamus.
1555 283 1604 311 Sin
1621 289 1691 310 vero
1709 287 1739 309 ιιι
1755 283 1782 310 id

978 334 1047 361 dicis
1062 335 1095 361 de
1108 333 1257 365 Nazareno,
1271 341 1367 368 nempe
1377 333 1398 360 si
1409 332 1548 359 hominem
1559 328 1685 364 appellas
1695 328 1781 360 hunc,

978 382 1022 414 qui
1035 386 1189 414 assumptus
1201 379 1262 412 fuit,
1275 379 1387 407 ostende
1401 378 1494 410 nobis,
1506 376 1573 403 nihil
1585 373 1782 405 dissimulans.

979 432 1118 453 externam
1130 434 1283 461 personam;
1296 431 1423 460 tuamque
1433 424 1534 451 diserte
1549 422 1723 449 sententiam
1735 428 1783 447 es—

979 480 1059 506 pone,
1079 480 1165 505 neque
1183 479 1294 499 carnem
1312 472 1457 498 inanimem
1476 471 1562 498 dicas.
1575 483 1613 489 —
1629 467 1718 501 Atqui
1732 473 1781 493 au-

981 519 1086 546 dientes
1097 523 1123 545 tu
1137 518 1229 546 fallere
1240 523 1328 552 putas,
1344 517 1406 552 quia
1416 521 1574 543 constanter
1590 521 1643 541 nos
1657 512 1783 539 aﬂirma-

981 565 1068 590 vimus
1091 571 1200 590 carnem
1218 570 1267 598 pro
1280 570 1327 590 sua
1348 563 1452 589 ratione
1471 569 1503 588 ac
1521 565 1620 587 natura
1634 558 1753 585 diﬂ'efre
1765 566 1778 582 ει

983 609 1080 642 Verbo.
1099 610 1169 644 quod
1195 609 1230 636 de
1248 608 1302 635 Deo
1314 608 1393 635 Patre
1407 612 1498 635 natum
1518 611 1573 634 est.
1597 605 1664 632 Haec
1687 609 1782 630 tamen

981 655 1087 690 propria
1097 656 1153 689 ejus
1162 663 1226 682 caro
1241 655 1291 682 fuit
1303 660 1413 690 propter
1431 652 1644 689 inseparabilem
1664 650 1782 684 conjun-

980 701 1108 728 ctioneui.

1122 758 1166 785 l9.
1190 757 1263 784 Idem
1278 756 1392 792 Cyrillus
1406 756 1433 782 in
1446 756 1534 782 eadem
1550 755 1633 781 libro.

1018 813 1074 841 lino
1087 814 1177 848 potius
1191 821 1259 840 unus
1276 813 1401 847 idemque
1419 811 1505 839 Filius
1515 814 1566 842 est,
1585 814 1616 836 ut
1634 807 1782 846 perspicue

983 860 1166 894 cognoscitur,
1177 859 1210 886 de
1218 859 1367 885 substantia
1380 857 1427 884 Dei
1441 855 1530 883 Patris
1542 854 1698 882 secundum
1712 852 1782 879 diri-

143 911 284 946 diligeuter
301 913 416 940 stabilita
432 913 491 944 fuit.
504 914 639 941 sectanda:
648 919 803 941 sanctorum
822 913 930 940 Patrum

1014 910 1108 936 tatem,
1121 910 1146 931 et
1157 913 1190 931 ex
1203 904 1278 931 uobis
1290 903 1437 931 secundum
1450 901 1663 929 humanitatem.
1679 897 1783 931 Nempe

144 963 224 985 recta:
235 958 362 985 doctrina:
369 966 477 993 operam
489 960 593 991 demus;
603 967 688 993 neque
699 960 776 986 vanis
786 959 934 986 vociferan-

144 1003 211 1030 tium
219 1004 420 1035 nonuullorum,
432 1004 477 1039 qui
489 1005 554 1031 nihil
568 1005 728 1038 intelligunt,
738 1004 818 1031 dictis
829 1004 935 1031 auscul-

145 1054 242 1081 temus,
252 1049 286 1076 ita
296 1054 323 1075 ut
332 1057 390 1084 qua:
397 1050 506 1077 minime
514 1050 608 1078 decent
618 1051 773 1084 opinemur:
783 1051 829 1078 sed
837 1051 935 1086 ubique

145 1093 253 1121 veritati
270 1093 448 1126 adhaerentes,
469 1101 640 1130 mentemque
658 1104 796 1123 sacrarum
812 1097 935 1131 Scriptu—

146 1147 238 1166 rarum
249 1140 368 1168 oraculis
379 1140 562 1174 iutendentes,
578 1142 700 1169 dicamus
714 1142 818 1169 Domini
827 1150 936 1170 carnem

147 1185 314 1220 intelligente
327 1187 416 1213 anima
430 1187 682 1220 esseinformatam,
694 1195 808 1223 eamque
819 1188 936 1216 divinam

147 1231 299 1264 credamus,
314 1232 523 1267 immaculatam,
537 1234 694 1269 gloriosam,
708 1235 821 1269 ideoque
834 1240 860 1262 et
870 1235 938 1263 alios

149 1276 330 1304 viviﬁcantem
353 1285 385 1304 ac
407 1278 632 1310 sanctificantem,
654 1283 745 1314 utpote
771 1288 831 1314 quae
857 1281 937 1308 Verbi

148 1323 257 1357 propria
272 1322 333 1354 luit,
347 1331 362 1350 a
377 1323 430 1350 Deo
442 1323 522 1351 l’atre
535 1330 562 1352 et
576 1333 627 1352 non
641 1325 749 1353 aliunde
759 1326 852 1360 geniti;
866 1334 939 1353 eam-

148 1377 202 1403 que
226 1377 363 1404 nunquam
377 1377 486 1398 caruem
505 1371 532 1398 in
550 1375 673 1399 naturam
687 1372 795 1400 deitatis
809 1376 938 1400 mutatam

148 1414 322 1442 afﬁrmemus.

151 1469 196 1496 ιο.
209 1469 322 1497 Sanctus
333 1469 451 1498 συγῑιιιη
464 1471 491 1497 in
499 1470 564 1498 libra
571 1471 696 1498 adversus
707 1470 851 1498 Diodorum
865 1471 942 1498 Tarii

188 1489 196 1496 .
209 1479 322 1497 nanctus
333 1479 352 1497 ιι
375 1479 451 1498 mnu
464 1479 564 1498 munra
571 1479 696 1498 adversus
707 1479 851 1498 Utoaorum
865 1479 878 1498 ι
887 1480 940 1498 am

186 1505 334 1539 episcopum
346 1479 396 1540 ὅ),
421 1506 466 1540 qui
481 1506 592 1537 incipit:
610 1515 619 1531 ι
633 1507 699 1532 Ante
724 1507 813 1532 omnia
836 1508 940 1538 ueritas,

185 1547 263 1579 quam
278 1540 342 1566 m'lu't
356 1541 487 1576 coarguit,
502 1549 599 1575 nosque
613 1541 665 1575 ipsi
677 1546 744 1568 recte
757 1541 790 1569 de
805 1541 853 1568 illa
869 1541 940 1576 loqui

186 1583 313 1602 ηουιηιυε.
334 1584 344 1601 ι

187 1641 286 1675 Quidni
308 1642 451 1676 oportebat
467 1641 501 1669 ab
514 1649 547 1670 eo
565 1643 653 1677 potius
668 1643 859 1676 demonstrari,
877 1642 941 1678 quid

153 1688 224 1715 inter
237 1688 327 1715 carnis
343 1692 370 1715 et
385 1687 495 1715 deitatis
505 1688 633 1715 attributa
645 1689 774 1716 intersit?
788 1689 839 1716 Aio
851 1689 942 1722 igitur,

154 1727 181 1759 in
194 1732 306 1768 singulis
317 1741 400 1767 nuper
412 1733 558 1759 nominatis
570 1733 659 1766 rebus,
672 1734 728 1760 sive
741 1734 878 1768 corporeis
886 1733 943 1760 sive

155 1786 243 1810 secus,
256 1785 364 1805 carnem
387 1785 448 1805 esse
468 1786 527 1812 qua:
544 1779 577 1805 de
590 1779 706 1806 humana
731 1779 816 1806 forma
836 1784 943 1813 sumpta

155 1823 222 1857 luit;
232 1823 346 1851 Verbum
359 1828 452 1851 autem
464 1824 534 1858 quod
548 1832 562 1851 e
574 1824 660 1852 Patris
670 1825 818 1852 substantia
833 1825 941 1859 prodiit.

157 1869 233 1896 llaud
251 1869 352 1897 idcirco
372 1873 461 1896 tamen
486 1869 643 1897 dividendus
661 1872 687 1897 in
705 1871 773 1898 duos
787 1876 829 1898 cst
848 1870 943 1897 unicus

158 1915 202 1943 ille
216 1919 306 1942 noster
319 1914 448 1942 Dominus
465 1913 544 1942 Jesus
556 1915 689 1943 Christus.

296 1983 338 2009 Π.
368 1981 440 2009 Idem
454 1981 568 2017 Cyrillus
583 1983 609 2009 in
624 1983 714 2010 eodem
727 1983 804 2010 libro.

196 2049 315 2078 Dicimus
335 2051 441 2078 Domini
462 2058 570 2078 carnem
596 2050 685 2077 anima
704 2050 868 2085 intelligente
885 2057 946 2077 csse

160 2096 318 2124 animatam.
338 2097 415 2131 Smpe
429 2105 477 2124 nos
493 2097 544 2124 hoc
558 2096 691 2128 diximus,
710 2101 738 2124 et
756 2105 827 2124 nunc
841 2104 946 2132 quoque

161 2148 218 2170 retu
235 2142 269 2169 ita
284 2150 315 2170 se
329 2143 429 2170 habere
444 2143 531 2170 denuo
543 2142 716 2170 allirmamus.

199 2218 220 2235 "
232 2218 333 2246 Jerem.
349 2226 446 2252 xxxut,
464 2218 508 2246 l6.

984 952 1065 978 etiam
1088 950 1230 985 propheta,
1253 949 1290 975 uti
1313 949 1426 983 Moyses,
1448 946 1598 981 appellatus
1615 944 1680 974 fuit,
1702 943 1783 969 item-

985 1004 1038 1031 que
1046 996 1078 1023 de
1089 997 1172 1030 stirpe
1186 995 1302 1022 Davidis.
1315 994 1406 1028 Neque
1419 992 1477 1026 eius
1490 998 1622 1026 agnomen
1636 995 1781 1016 removea-

986 1049 1061 1073 mus;
1081 1048 1142 1067 nam
1158 1040 1365 1075 dispensationis
1378 1039 1437 1074 ejus
1449 1039 1576 1065 virtutem
1590 1036 1784 1067 rationemque

986 1089 1052 1116 satis
1072 1088 1206 1115 naviums.
1230 1086 1322 1121 Neque
1342 1086 1448 1121 proprie
1471 1085 1600 1119 templum
1619 1082 1686 1113 iuit,
1709 1081 1782 1114 quod

987 1134 1084 1161 attinet
1099 1133 1131 1160 ad
1146 1132 1205 1167 ejus
1216 1137 1351 1165 naturam;
1367 1131 1468 1158 etenim
1481 1129 1564 1157 Deum
1582 1136 1645 1156 esse
1658 1130 1780 1161 apparet.

987 1180 1063 1213 Quod
1079 1181 1100 1207 si
1115 1180 1212 1207 auium
1224 1187 1238 1205 a
1251 1186 1365 1213 corpore
1372 1185 1421 1205 suo
1431 1176 1630 1211 separationem
1645 1172 1782 1209 permisit,

988 1230 1110 1260 separata
1126 1225 1300 1252 nihilominus
1311 1224 1343 1251 ad
1356 1231 1417 1251 eum
1431 1221 1598 1257 pertinebat,
1613 1219 1688 1246 baud
1703 1225 1783 1245 secus

989 1280 1068 1307 quam
1084 1272 1196 1306 singulis
1209 1271 1285 1298 nobis
1296 1269 1434 1306 propriqu
1451 1275 1560 1303 corpus.

990 1338 1034 1365 20.
1055 1337 1129 1364 Idem
1142 1337 1259 1372 Cyrillus
1275 1337 1302 1363 in
1319 1336 1407 1372 eodem
1425 1335 1501 1372 libro.
1522 1333 1629 1372 (Exstat
1649 1331 1694 1372 hic
1710 1331 1782 1372 locus

1025 1375 1104 1399 etiam
1117 1368 1187 1405 apud
1203 1371 1324 1399 Severum
1339 1368 1531 1398 Antiocltenunt
1541 1371 1568 1396 in
1582 1376 1660 1403 opere
1675 1368 1782 1398 inedita,

1026 1409 1095 1443 quod
1113 1407 1265 1434 inscribitur
1284 1405 1472 1439 Pbilalethes.)

1029 1475 1170 1511 Proprium
1180 1479 1221 1502 est
1233 1475 1323 1509 itaque
1333 1473 1431 1501 divinae
1444 1477 1557 1505 natura,
1571 1476 1601 1499 ut
1616 1475 1681 1498 ante
1693 1471 1780 1516 omnia

993 1519 1089 1546 secula
1103 1518 1148 1545 sit.
1166 1517 1304 1545 Peculiare
1319 1516 1421 1551 pariter
1434 1515 1515 1543 Verbi
1531 1514 1654 1548 ejusdem
1673 1513 1740 1546 l'uit.
1755 1513 1782 1540 ut

994 1565 1138 1600 postremis
1158 1563 1322 1598 temporibus
1343 1569 1427 1589 carne
1447 1561 1589 1596 praeditum
1614 1566 1781 1587 nasceretur.

994 1611 1078 1638 Porro
1089 1610 1216 1637 nativitas
1226 1608 1283 1643 ejus
1295 1611 1327 1635 de
1338 1607 1460 1643 Virgine,
1474 1614 1555 1634 causa
1566 1605 1658 1633 Verbo
1670 1613 1723 1632 non
1736 1605 1782 1632 l’uit

992 1655 1151 1685 exsistendi.
1161 1654 1208 1682 sed
1214 1654 1272 1688 ejus
1283 1653 1309 1680 in
1318 1660 1400 1680 carne
1412 1651 1652 1679 manifestationis.
1662 1649 1781 1677 Perfecto

994 1709 1046 1729 non
1065 1706 1106 1728 est
1123 1699 1238 1727 Verbum
1256 1699 1370 1726 mortale
1383 1699 1416 1725 de
1431 1697 1549 1728 mortali,
1565 1698 1613 1725 sed
1629 1697 1663 1724 de
1680 1697 1781 1723 vivente

994 1747 1075 1774 Patre
1087 1747 1195 1773 vivens:
1208 1745 1398 1780 propriumque
1407 1745 1492 1778 ipsius
1502 1744 1598 1774 evasit.
1611 1744 1657 1778 qui
1669 1743 1723 1769 vita
1733 1747 1780 1773 est,

996 1789 1107 1817 mortale
1117 1797 1214 1823 corpus
1226 1789 1258 1815 de
1270 1789 1374 1815 mortali
1384 1794 1487 1820 natum,
1497 1792 1523 1814 et
1532 1788 1612 1814 morti
1625 1787 1778 1814 obnoxium:

997 1838 1027 1860 ut
1043 1833 1070 1860 in
1086 1833 1130 1860 illo
1144 1840 1204 1859 cum
1222 1838 1309 1859 morte
1317 1833 1480 1867 conﬂigens,
1498 1837 1551 1859 ete
1562 1833 1679 1859 mortuis
1695 1840 1779 1859 resur-

997 1886 1077 1913 gens,
1094 1878 1131 1906 .in
1154 1878 1438 1913 incorruptibilitatem
1463 1878 1490 1905 id
1510 1879 1597 1913 ipsum
1620 1879 1780 1913 vindicaret,

998 1924 1132 1958 mortique
1150 1925 1274 1959 superius
1289 1925 1504 1957 demonstraret,
1521 1925 1630 1952 etiamsi
1648 1925 1674 1952 id
1690 1930 1778 1952 natura

999 1979 1046 1998 sua
1069 1972 1094 1997 in
1117 1971 1210 1997 tuortis
1229 1971 1363 2005 mancipio
1381 1976 1450 1998 erat.
1472 1971 1614 1999 Debilitata
1636 1976 1678 1999 est
1699 1977 1779 1998 autem

999 2023 1071 2044 IIlOl'S
1086 2023 1118 2043 ex
1134 2024 1188 2051 quo
1204 2024 1264 2043 cum
1285 2017 1347 2043 vitae
1362 2023 1475 2051 corpore
1492 2017 1615 2051 prmlium
1638 2018 1780 2045 conseruit.

1136 2085 1182 2111 Ἦ.
1206 2084 1279 2111 Idem
1293 2084 1407 2119 Cyrillun
1418 2093 1446 2112 in
1457 2087 1546 2112 eodem
1558 2086 1637 2114 libra.

1035 2141 1112 2169 Nunc
1121 2140 1249 2173 breviter,
1264 2141 1286 2169 si
1299 2141 1398 2176 placet,
1411 2142 1643 2176 transgredientes
1655 2142 1689 2169 ad
1699 2141 1780 2169 consi-

201 2311 239 2347 (l)
253 2311 395 2338 Liberatus
405 2309 576 2347 diaconusiu
593 2309 737 2340 Bt'evirtria,
752 2316 812 2347 cap.
829 2308 873 2347 l0.
886 2308 944 2335 sic:
962 2310 984 2336 Ι)
998 2317 1040 2347 ιιι,
1055 2308 1261 2347 _6._rccitatum,
1274 2315 1287 2334 a
1303 2308 1403 2347 nostris
1419 2308 1460 2335 his
1478 2308 1598 2347 dill'erre.
1612 2308 1714 2347 Contra
1728 2310 1782 2347 Dio-

165 2343 283 2381 Cyrilltts
313 2351 365 2372 tres
389 2346 492 2381 scripsit
513 2345 597 2381 libros
619 2346 744 2381 adversus
767 2343 946 2381 Diodorumet

167 2379 341 2412 Theodorum,
354 2380 430 2414 quasi
446 2379 598 2406 Nestoriuni
609 2379 736 2413 dogmatis
749 2383 880 2414 auctores.
891 2379 948 2405 Alia

167 2422 291 2444 veterum
309 2415 342 2443 de
360 2412 410 2442 hac
439 2421 469 2441 re
494 2412 650 2441 testimonia
676 2413 783 2448 collegit
809 2412 950 2440 Fabricius

166 2451 194 2479 in
212 2451 245 2478 Β.
262 2450 308 2477 Gr.
322 2450 365 2478 ed.
381 2457 442 2476 nov.
453 2453 473 2476 t.
487 2449 532 2481 IX,
545 2456 571 2482 p.
585 2449 718 2482 495.quaa
729 2449 867 2475 cumulare
883 2455 950 2482 opus

167 2493 222 2513 non
235 2490 287 2517 est,
299 2485 449 2519 praesertim
463 2484 524 2518 quia
538 2492 589 2511 non
598 2485 687 2519 'pauca
699 2484 804 2519 illorum
819 2483 950 2509 librorum

169 2517 318 2555 fragmenta
340 2521 366 2546 in
388 2517 481 2555 quinta
497 2518 615 2553 generali
625 2519 727 2555 synodo
736 2517 829 2555 ‘collat.
845 2525 863 2555 _v
880 2518 950 2544 reci-

170 2552 276 2587 taniur;
293 2552 460 2589 quibusralia
473 2552 540 2580 nova
560 2552 758 2589 nuncauobis
771 2552 904 2580 accedunt
917 2561 949 2579 ex

171 2590 291 2624 Syriacis
298 2588 464 2617 bibliothecae
470 2589 608 2624 Vaticana:
617 2588 852 2624 codicibuseruta.
863 2588 952 2619 Quare

172 2623 272 2652 frustra
296 2629 338 2652 est
360 2624 502 2651 Facundus
519 2623 721 2650 Hermianensis
747 2623 794 2650 lib.
811 2630 870 2654 vut,
882 2623 909 2653 6,
926 2627 953 2649 et

173 2660 248 2691 alibi,
264 2660 327 2686 dum
340 2659 372 2686 de
381 2658 472 2694 Cyrilli
489 2659 563 2685 libris
576 2662 670 2694 contra
683 2657 854 2694 Theodorum
872 2657 951 2684 dubi-

174 2699 233 2721 tare
246 2694 312 2726 vult.
327 2694 388 2728 quia
403 2692 507 2727 rnempe
527 2700 620 2727 parum
647 2692 670 2719 ei
690 2692 785 2728 placet,
798 2692 876 2718 talem
893 2697 952 2718 tan-

175 2735 287 2763 tumque
313 2727 399 2755 virum
431 2729 602 2755 adversatum
635 2727 896 2763 luissegl‘beodoro,
912 2727 956 2754 cui

176 2765 233 2797 ipse
246 2761 308 2790 "toto
333 2772 381 2790 suo
407 2771 488 2797 opere
509 2762 702 2796 patrocinatur.
717 2761 835 2788 Facundi
861 2763 954 2789 falsum

176 2799 330 2831 opinionem
347 2799 413 2825 alios
438 2798 569 2831 quosdam
600 2797 787 2830 participasse,
803 2804 835 2823 ex
859 2799 953 2824 eodem

177 2833 304 2859 Liberato
327 2841 386 2865 cap.
413 2833 459 2858 cit.
492 2832 690 2863 ιίομιιοδυὶιιιιιε.
715 2833 834 2865 Denique
856 2833 956 2858 adnoto

177 2867 356 2902 fragmentum
381 2868 445 2895 item
470 2866 608 2901 (iyrilliani
635 2866 751 2900 operis-ti
768 2866 894 2895 Facundo
906 2868 952 2895 lib.

1002 2344 1060 2369 dori
1085 2343 1275 2376 Theodorique
1308 2343 1424 2370 infantes
1443 2344 1606 2379 _sententias
1631 2346 1781 2379 gravissime

1001 2379 1138 2414 invehitur
1152 2379 1270 2414 Cyrillus
1284 2379 1364 2412 epist.
1385 2379 1418 2414 ad
1438 2377 1570 2405 Joannem
1583 2377 1712 2406 Antioch.
1726 2383 1779 2414 (ep.

1001 2413 1035 2439 59
1047 2414 1065 2443 ).
1080 2413 1139 2446 Quo
1158 2413 1216 2440 loco
1233 2413 1315 2440 etiam
1333 2413 1447 2447 poenitet
1469 2421 1531 2440 eum
1548 2415 1620 2447 quod
1647 2414 1707 2442 illos
1724 2415 1779 2441 olim

1002 2448 1159 2482 imprudens
1178 2449 1327 2479 laudasset,
1339 2448 1419 2482 cujus
1444 2449 1484 2475 rei
1511 2449 1589 2475 testis
1605 2454 1647 2476 est
1663 2449 1780 2477 Leontius

1004 2483 1041 2509 De
1058 2484 1146 2513 sectis,
1166 2488 1219 2509 act.
1237 2490 1274 2514 Iv,
1287 2483 1313 2519 ΞΔ
1326 2483 1370 2519 ubi
1401 2488 1491 2519 tamen
1514 2484 1661 2519 adnotatur
1675 2485 1779 2519 Chryso—

1003 2523 1122 2545 stomum
1137 2525 1244 2552 quoque
1256 2522 1282 2545 et
1297 2517 1426 2544 Basilium
1441 2518 1538 2545 iisdem
1562 2518 1717 2546 hominibus
1728 2517 1776 2545 iau'

1004 2554 1064 2580 dem
1080 2553 1249 2584 attribuisse,
1268 2558 1409 2587 propterea
1432 2553 1504 2586 quod
1527 2553 1645 2580 Ariauos
1670 2553 1778 2581 Macedo-

1005 2589 1079 2615 nium
1101 2592 1128 2615 et
1151 2587 1333 2622 Apollinarem
1356 2588 1562 2615 refutavissent.
1583 2588 1612 2615 lu
1635 2589 1778 2615 collectione

1005 2624 1132 2650 canonica
1148 2622 1280 2650 Ebediesu
1296 2622 1448 2649 Nestori-ani
1465 2623 1584 2657 (p.150)
1599 2629 1614 2649 a
1628 2624 1705 2650 nobis
1717 2624 1775 2650 edita

1007 2656 1102 2692 Script.
1118 2664 1165 2684 uel.
1186 2662 1205 2684 ι.
1218 2657 1251 2689 Χ,
1271 2657 1412 2689 Diodorus,
1426 2657 1584 2685 Theodorus
1599 2662 1683 2693 atque
1695 2658 1777 2685 Nesto-

1008 2693 1195 2720 riusdicuntur
1206 2698 1287 2720 sectae
1298 2693 1435 2726 splendida
1447 2697 1474 2719 et
1486 2693 1661 2720 sanctissima
1675 2693 1777 2719 lumina-

1009 2728 1058 2755 ria.
1071 2727 1222 2763 Fuitigitur
1234 2735 1381 2762 congruum
1399 2733 1428 2754 ut
1446 2727 1576 2763 Cyrillus.
1591 2727 1708 2755 Nestorii
1723 2734 1778 2754 stre-

1008 2763 1156 2790 nuissimus
1186 2763 1369 2793 adversarius,
1390 2769 1485 2789 contra
1510 2763 1659 2789 Diodorum
1686 2770 1777 2797 quoque

1008 2803 1089 2832 atque
1115 2797 1286 2825 Theodorum
1314 2805 1389 2824 arma
1417 2798 1683 2831 expediret.Conl‘er
1707 2799 1777 2825 etiam

1007 2832 1132 2861 l'hotium
1149 2833 1218 2868 apud
1239 2841 1288 2861 nos
1305 2832 1398 2867 Spicil.
1415 2832 1492 2861 Rom.
1515 2837 1534 2860 t.
1551 2833 1585 2867 Χ,
1601 2843 1628 2869 p.
1640 2833 1701 2861 436.
