1872 3057
95 198 107 226 ι
119 199 169 228 £57

695 201 907 230 FRAGMENTA
927 202 1136 232 DOGMATICA.

1658 200 1728 229 ηδε

95 259 243 287 Cerandam
267 259 421 288 Servatoris
440 261 525 288 nostri
546 260 646 289 Christi
663 269 823 297 personam,
841 264 883 291 di-
898 266 921 295 Α
936 265 1082 299 potentiam
1093 285 1100 295 .
1117 269 1145 292 et
1162 264 1264 299 reliqua
1282 263 1383 292 omnia.
1398 263 1468 290 Caro
1482 262 1574 297 utique
1589 262 1726 289 crescebat

94 313 202 332 versam
218 313 280 332 esse
294 305 475 340 comperimus
489 311 624 339 naturam,
640 307 683 335 cui
698 309 820 343 imposita
830 315 884 337 est.

98 352 209 379 Interim
222 352 280 386 ipse
298 359 411 386 persona
431 352 599 387 hypostatica
611 357 652 380 est
663 359 743 389 atque
752 355 884 387 absoluta,

96 398 252 424 humanitas
262 403 289 424 et
299 397 426 425 divinitas
439 406 446 432 ;
459 398 610 434 diciturque
620 407 740 427 summus
753 401 884 435 pontifex.

95 442 183 470 factor
197 448 223 469 ct
234 442 332 470 factus.

231 496 276 524 22.
301 496 376 524 Idem
394 497 509 533 Cyrillus
528 500 555 526 in
571 500 659 527 eodem
670 500 749 528 libro.

135 553 187 581 Sed
203 553 321 581 fortasse
338 559 364 581 tu
380 555 467 582 dicis:
491 556 561 591 Ergo
578 564 631 583 non
647 557 778 584 habitavit
795 558 822 584 in
840 558 886 584 illo

96 599 236 634 plenitudo
249 600 373 627 universa
391 601 541 628 divinitatis
558 609 685 636 corporea
700 603 815 630 ratione.
831 602 885 631 Ve-

96 653 158 672 rum
176 646 237 678 hoc,
261 645 383 680 inquam,
407 651 467 679 est;
485 655 617 682 nemoque
635 655 721 675 sacra:
739 647 887 682 Scriptura}

96 691 272 718 contradicit.
298 690 353 720 Nos
378 696 466 719 tamen
488 693 603 720 dicimus
629 693 690 721 Filii
717 695 885 721 divinitatem

98 736 171 763 haud
193 737 280 765 alieno
292 738 328 764 -in
348 745 477 772 corpore,
501 739 547 766 sed
569 738 596 766 in
617 746 667 766 suo
677 740 767 774 potius
788 740 887 775 templo

96 781 247 814 habitasse,
266 782 339 810 velut
349 782 375 809 in
393 783 504 810 homine
516 783 618 817 anima,
632 791 691 819 quae
706 784 790 811 liceta
800 792 882 812 carne

97 826 366 860 dill'crens,'attamen
384 836 438 855 una
454 836 514 856 cum
536 837 616 856 carne
629 835 753 856 naturam
767 830 887 857 hominis

98 871 214 905 perﬁcit,
225 878 253 900 ut
263 873 299 900 sit
311 873 407 900 Petrus
420 874 460 901 vel
473 874 582 901 Paulus.
596 874 653 902 lloc
668 875 721 902 imo
734 875 886 903 evidentius

99 917 128 943 in
149 917 257 946 Christo
278 923 328 946 est.
361 919 453 954 Neque
476 925 564 947 tamen
587 920 687 948 idcirco
706 921 819 948 dicimus
841 921 886 948 Dei

99 963 218 991 Verbum
231 965 327 992 animae
335 965 423 993 otIicio
432 966 459 993 in
471 973 583 1001 corpore
594 966 728 999 functum,
740 974 798 1000 quae
805 968 890 1001 pessi-

101 1016 146 1035 ma
161 1010 350 1038 nonnullorum
364 1011 456 1045 opinio
465 1016 517 1044 est,
530 1011 575 1038 sed
587 1016 709 1038 sanctum
722 1012 781 1046 ejus
793 1019 890 1046 corpus

100 1054 269 1089 intelligente
280 1057 368 1084 anima
380 1057 494 1085 dicimus
507 1065 566 1085 esse
580 1058 740 1086 animatum.

242 1111 288 1140 ‘25.
312 1112 387 1140 Idem
398 1113 513 1148 Cyrillus
531 1113 557 1140 in
573 1114 660 1141 eodeni
673 1114 749 1141 libro.

139 1166 187 1193 Dei
198 1166 316 1194 Verbum
328 1176 392 1196 vere
405 1169 430 1195 in
443 1169 570 1197 omnibus
580 1170 729 1203 perfectum
740 1174 792 1202 est,
805 1178 891 1206 neque

104 1211 272 1240 incremento
282 1213 391 1247 indiget.
404 1214 500 1242 Natum
510 1220 598 1242 autem
610 1215 757 1250 perfectum
770 1216 803 1243 de
814 1216 892 1243 Patre

105 1261 158 1289 cst,
174 1258 303 1293 sapientia
320 1261 352 1287 de
365 1260 512 1295 sapientia,
528 1261 647 1296 potentia
664 1261 698 1288 de
712 1262 842 1295 potentia.
860 1262 893 1288 Et

105 1302 168 1336 quia
181 1309 275 1331 natura
292 1304 460 1333 immutabile
476 1311 526 1340 est,
540 1306 607 1333 nihil
621 1306 645 1333 ei
656 1306 784 1341 templunt
799 1306 825 1333 in
839 1314 894 1341 quo

105 1348 182 1376 stetit
206 1350 308 1384 nocuit,
338 1351 385 1379 sed
413 1351 560 1386 perfectam
585 1352 696 1380 retinuit
721 1352 894 1387 sapientiam,

939 311 1041 338 viribus
1059 310 1186 345 paulatim
1203 314 1290 342 aucta,
1311 313 1391 344 prout
1406 308 1532 336 humanae
1548 312 1650 334 natura!
1664 307 1726 342 jura

939 355 1039 382 ferunt.
1058 355 1177 383 Verbum
1199 359 1287 381 autem
1313 353 1390 380 carni
1408 353 1511 380 unitum
1534 351 1662 387 paulatim
1677 358 1725 378 sa-

939 401 1066 436 pientiam
1092 407 1168 427 suam
1190 398 1391 431 manifestabat,
1414 404 1473 432 quas
1495 397 1615 431 corporis
1636 396 1726 423 incre-

939 451 1059 473 mentum
1071 445 1263 477 comitabatur,
1274 448 1301 471 et
1312 444 1434 479 corporis
1446 450 1474 470 se
1485 447 1595 470 staturae
1603 442 1726 469 adamas-

938 491 989 518 sim
1008 491 1239 518 accommodabat.

1070 547 1115 575 24.
1139 547 1213 574 Idem
1230 546 1346 582 Cyrillus
1363 547 1390 572 in
1406 546 1494 572 eodem
1511 546 1589 572 libro.

975 602 1044 637 Ergo
1051 602 1083 629 ad
1092 602 1297 630 similitudinem
1310 607 1428 629 nostram
1439 601 1572 635 particeps
1581 599 1630 627 fuit
1637 600 1727 628 carnis

939 654 966 676 et
978 649 1126 684 sanguinis.
1138 649 1258 684 Cumque
1270 653 1382 676 mortem
1395 649 1468 675 carui
1481 647 1726 681 suwapplicuisset,

940 695 1081 729 ipsamque
1102 699 1215 721 tuortem
1245 695 1440 726 destruxisset,
1463 701 1575 728 corpora
1604 693 1727 720 mortalia

940 745 1032 767 nostra
1047 724 1081 767 ad
1097 740 1376 775 incorruptibilitatem
1388 739 1505 771 direxit,
1523 743 1552 766 ιιι
1567 746 1727 766 carneorum

940 787 1123 813 membrorum
1137 786 1262 814 rebellem
1276 786 1358 821 legem
1371 785 1405 813 ab
1416 792 1447 812 ea
1460 784 1602 820 tyrannide
1614 791 1665 818 qua
1679 791 1728 810 nos

941 831 1078 866 premebat
1090 830 1226 864 tlejieeret.
1244 830 1329 857 Secus
1343 830 1415 857 enim
1431 830 1484 856 vita
1499 829 1577 856 morti
1591 836 1642 856 non
1656 833 1729 855 esset

941 877 1089 909 dominata,
1104 876 1157 903 nisi
1168 876 1286 903 Verbum
1300 875 1419 903 mortalis
1430 875 1551 909 corporis
1561 874 1654 901 fuisset
1667 881 1730 908 par-

942 922 1025 956 ticeps
1039 931 1046 948 :
1066 929 1151 956 neque
1167 922 1229 948 item
1243 921 1418 956 cupiditatum
1428 919 1589 947 naturalium
1604 919 1729 946 stimulus

943 973 1050 994 retusus
1066 966 1171 998 luisset,
1188 967 1237 993 nisi
1251 966 1333 994 Verbi
1346 973 1444 1001 corpus
1459 973 1491 993 ex
1504 966 1620 993 humana
1636 968 1728 991 nostra

943 1018 1039 1040 natura
1055 1018 1191 1046 sumptum
1206 1011 1314 1038 fuisset.

1078 1067 1124 1095 25.
1149 1067 1224 1094 Idem
1238 1066 1354 1102 Cyrillus
1370 1067 1397 1093 in
1413 1066 1501 1093 eodem
1517 1065 1596 1092 libro.

981 1124 1129 1153 lnanimem
1142 1125 1213 1151 haud
1228 1124 1343 1151 dicimus
1358 1130 1467 1150 carnem
1482 1122 1554 1149 illam
1570 1120 1658 1148 Verbo
1671 1118 1732 1145 ltiti-

944 1176 1007 1203 tam,
1026 1179 1086 1205 qua:
1100 1171 1133 1197 de
1148 1171 1252 1197 semine
1269 1170 1378 1197 Davidis
1397 1173 1449 1196 est.
1466 1166 1572 1195 Nemini
1591 1166 1653 1193 item
1672 1165 1731 1200 opi-

944 1217 1002 1244 nari
1020 1217 1082 1244 licet
1099 1217 1216 1244 Verbum
1237 1217 1336 1250 templo
1353 1223 1403 1243 suo
1419 1219 1514 1242 sancto
1533 1214 1620 1241 instar
1634 1212 1731 1238 anima:

944 1262 1152 1298 intellectusque
1163 1263 1257 1290 fuisse.
1274 1262 1367 1296 Neque
1381 1267 1517 1296 postremo
1539 1259 1624 1291 illum,
1638 1258 1682 1292 qui
1698 1257 1732 1284 de

945 1309 1049 1337 semine
1064 1313 1117 1342 est,
1133 1316 1182 1344 per
1195 1316 1225 1337 se
1235 1309 1321 1336 solum
1337 1308 1473 1343 appellare
1491 1306 1587 1334 Filium
1602 1304 1731 1333 solemus.

411 1491 444 1510 EX
459 1490 544 1511 LIBRIS
557 1491 658 1512 CONTRA
677 1490 835 1511 THEODORUM
853 1492 1055 1513 MOPSUESTENUM
1070 1494 1103 1514 ET
1119 1493 1250 1514 DIODORUM
1267 1492 1424 1513 TARSENSEI.

109 1549 137 1577 l.
155 1550 259 1578 Sancta
278 1554 410 1580 memoria:
434 1553 490 1589 (ιλ
499 1553 594 1588 Cyrilli
614 1562 646 1581 es:
660 1555 746 1588 primo
760 1554 828 1583 libro
845 1563 889 1582 eo-
907 1560 928 1589 ο
951 1557 1062 1583 verbum
1087 1560 1200 1583 vocatur
1224 1555 1315 1587 homo,
1342 1561 1394 1581 non
1410 1556 1453 1580 est
1470 1551 1557 1578 factus
1578 1550 1659 1577 homo
1675 1553 1734 1574 ma-

221 1595 279 1613 rum
294 1596 358 1622 quos
369 1594 459 1615 contra
472 1588 634 1616 Theodorum
646 1590 761 1624 scripsit.

418 1653 588 1674 TlIEODORUS.

145 1701 175 1729 Si
190 1703 247 1736 quis
265 1702 326 1729 velit
337 1702 441 1730 abusive
452 1707 477 1729 et
497 1701 596 1729 Filium
611 1702 660 1729 Dei
677 1701 760 1729 Deum
780 1701 894 1729 Verbum

110 1747 196 1781 ﬁlium
211 1747 295 1774 David
314 1748 461 1780 nominare,
480 1752 587 1782 propter
605 1747 653 1774 Dei
676 1746 753 1774 Verbi
771 1747 896 1781 temptant

110 1795 179 1827 quod
193 1801 225 1819 ea:
242 1792 327 1820 David
339 1798 377 1820 est
389 1813 396 1824 ,
417 1794 549 1825 nominet,
561 1798 585 1819 et
601 1793 677 1820 illum
695 1793 739 1827 qui
751 1797 789 1820 est
806 1801 838 1820 ea:
853 1801 896 1819 se-

110 1839 181 1865 mine
193 1838 288 1870 Dauid,
303 1837 402 1865 Filium
414 1837 473 1870 Dei,
493 1839 578 1873 gratia
594 1847 645 1865 non
665 1842 762 1865 natura
775 1838 896 1872 appellet,

112 1883 246 1910 naturales
260 1887 349 1917 patres
367 1891 418 1910 non
437 1884 574 1918 ignorans,
600 1891 680 1918 neque
698 1883 817 1910 ordinem
832 1883 896 1910 sub-

111 1934 233 1957 vertens.‘
249 1937 329 1964 neque
343 1937 401 1956 eum
421 1930 466 1963 qui
482 1929 654 1963 incorporalis
673 1934 722 1961 est,
740 1930 822 1956 etiam
839 1936 898 1955 cor-

112 1985 160 2010 pus
178 1976 286 2007 dicens;
308 1980 332 2002 et
349 1980 410 2002 ante
422 1974 520 2002 secula
534 1983 565 2001 ea:
583 1975 646 2007 Deo,
663 1979 686 2001 et
706 1982 738 2001 ea:
752 1974 849 2006 David,
873 1978 898 2000 et

112 2029 228 2057 passum,
249 2026 274 2048 et
298 2021 480 2056 impossibile;
504 2029 608 2054 corpus,
632 2029 684 2047 non
707 2026 743 2047 est
776 2020 899 2054 incorpo-

114 2069 189 2100 rale;
208 2067 276 2103 quod
299 2073 337 2094 est
359 2068 493 2099 deorsum,
515 2075 567 2094 non
594 2071 631 2094 est
658 2067 814 2097 desursum;
830 2065 898 2100 quod

114 2120 154 2142 est
177 2119 237 2142 ante
260 2115 369 2146 secula,
396 2122 448 2141 non
473 2118 510 2140 est
531 2121 563 2140 ea:
587 2113 686 2140 semine
709 2112 815 2143 David;
830 2110 900 2147 quod

114 2169 223 2196 passum
250 2165 298 2194 est,
318 2168 370 2187 non
391 2164 430 2186 est
452 2159 621 2193 impossibile.
644 2158 698 2185 Nec
714 2158 782 2185 enim
795 2158 848 2184 ista
864 2157 898 2183 ad

116 2208 235 2234 eumdem
248 2206 406 2233 intellectum
422 2206 608 2232 obuertuntur:
624 2212 684 2238 qua:
694 2209 754 2230 sunt
767 2204 896 2238 corporis,

186 2232 251 2278 sunt
270 2232 328 2278 Dei
342 2249 419 2277 Verbi
434 2258 443 2277 :
463 2255 488 2277 et
519 2257 576 2284 quas
593 2232 654 2276 sunt
671 2248 719 2274 Dei
740 2232 818 2275 Verbi
837 2232 899 2283 pro;
917 2238 940 2267 D
954 2232 1024 2284 Pe,“

116 2299 186 2333 prio,
211 2305 263 2324 non
285 2297 380 2324 [tabent
396 2304 501 2330 corpus.
525 2294 645 2321 Naturas
665 2293 848 2328 conﬁteantur,
877 2298 901 2320 et

117 2344 326 2379 dispensationes
347 2351 398 2369 non
416 2342 585 2376 abnegemus.

442 2404 581 2425 (ῖϊιιιιιυε.

155 2457 205 2491 Qui
226 2456 290 2484 dicit
305 2460 431 2491 oportere
446 2462 500 2482 non
521 2452 650 2488 abnegari
673 2452 900 2488 dispensationes,

121 2502 300 2530 humanitatis
317 2501 475 2536 mysterium
490 2499 600 2527 omnino
610 2498 742 2526 eradicat.
760 2498 904 2525 Prresumit

122 2548 196 2576 cutim
209 2548 310 2580 dicere,
328 2546 399 2582 quod
415 2553 502 2580 neque
516 2545 604 2573 factus
621 2549 663 2572 est
678 2545 759 2572 homo
778 2544 905 2579 unigeni-

123 2600 167 2622 tus
183 2594 229 2621 Dei
245 2593 361 2621 Verbum
372 2614 380 2626 ,
407 2599 494 2626 neque
508 2599 541 2619 ex
557 2591 660 2619 semine
677 2591 801 2625 apparuit
816 2589 905 2616 sancti

124 2640 209 2667 David
227 2649 234 2667 :
254 2640 302 2667 sed
323 2639 438 2666 filiorum
453 2637 602 2665 introducit
614 2642 708 2671 aperte
734 2635 905 2667 dualitatem,

125 2685 284 2720 inaequalem
308 2688 431 2711 naturam
457 2687 485 2710 et
509 2682 604 2710 falsam
621 2682 739 2709 nomine.
763 2681 819 2708 Hoc
834 2680 905 2708 enim

125 2732 197 2767 quod
224 2731 333 2759 abusive
358 2729 467 2762 dicitur,
494 2729 648 2756 omnimodo
668 2728 787 2755 ostendit
813 2727 906 2760 utique

126 2779 198 2814 quod
220 2786 284 2805 vero
305 2785 357 2804 non
381 2781 423 2804 est
448 2776 500 2803 hoc
527 2775 598 2810 quod
619 2774 741 2802 dicitur:
769 2777 908 2800 tnutuatur

127 2825 199 2853 enim
222 2824 333 2851 alterius
357 2822 571 2857 appellationem.
593 2821 663 2856 Ergo
684 2821 706 2848 si
726 2819 837 2848 abusive
860 2818 908 2847 Dei

164 2912 204 2948 (Ι)
221 2912 316 2946 Mansi,
329 2911 442 2945 Count,
463 2915 482 2938 ι.
499 2910 545 2944 lx,
564 2917 589 2944 ιν.
603 2907 668 2936 πο.

947 1601 1053 1629 nifeste.
1072 1601 1100 1628 Si
1116 1601 1228 1628 abusive
1242 1600 1327 1628 Filius
1339 1604 1367 1626 ct
1379 1598 1451 1626 Deus
1464 1597 1509 1624 ille
1520 1595 1566 1631 qui
1579 1602 1611 1622 ex
1626 1593 1731 1621 semine

945 1652 987 1674 est
999 1646 1094 1678 David,
1110 1653 1197 1680 neque
1216 1645 1286 1671 Deus
1303 1651 1390 1678 neque
1404 1642 1489 1669 Filius
1500 1645 1595 1668 natura
1610 1642 1638 1666 et
1655 1637 1728 1664 veri-

947 1699 1004 1722 tate
1019 1699 1070 1722 est.
1088 1693 1165 1720 Falsa
1176 1692 1260 1726 igitur
1279 1693 1304 1719 in
1319 1697 1433 1725 utroque
1449 1689 1506 1716 ham
1527 1685 1689 1722 appellatio,
1705 1688 1734 1710 et

946 1741 1003 1774 ipsa
1019 1746 1062 1766 res
1073 1746 1133 1765 esse
1147 1739 1245 1765 merito
1260 1737 1422 1771 intelligitur
1438 1745 1444 1763 :
1461 1738 1574 1767 uterque
1588 1731 1663 1761 enim
1682 1730 1735 1757 hoc

947 1785 1112 1818 nominatur,
1128 1784 1199 1819 quod
1213 1790 1264 1810 non
1283 1786 1334 1810 est.

1198 1840 1226 1867 2.
1245 1838 1287 1866 Es;
1300 1838 1389 1865 eodem
1406 1836 1483 1863 libra.

1258 1901 1426 1923 TlIEODORUS.

984 1956 1017 1983 Et
1031 1955 1149 1983 convenit
1170 1962 1214 1981 eos
1241 1953 1285 1988 qui
1310 1952 1372 1979 bene
1386 1950 1505 1985 sapiunt,
1525 1945 1735 1983 quandoquidem

948 2002 1081 2029 naturales
1101 2006 1189 2036 patres
1215 1999 1366 2035 putarimus,
1390 2004 1470 2031 neque
1497 1995 1580 2022 Deum
1613 1992 1736 2023 Verbum,

949 2049 1033 2076 David
1056 2048 1095 2075 uel
1121 2047 1234 2075 Abrahae
1255 2046 1342 2080 [ilium
1355 2044 1502 2074 nominare,
1522 2041 1567 2068 sed
1581 2040 1709 2074 factorem
1724 2044 1734 2064 :

950 2103 1030 2130 neque
1054 2102 1147 2128 corpus
1176 2097 1237 2120 ante
1259 2091 1357 2119 uacula
1387 2097 1419 2117 ea;
1443 2088 1543 2118 Patre,
1573 2086 1617 2113 sed
1649 2092 1736 2112 semen

950 2140 1062 2167 Abrahte
1086 2145 1110 2167 et
1135 2138 1221 2166 David
1236 2146 1268 2165 ea:
1285 2137 1372 2164 Maria
1389 2140 1492 2163 natum.
1512 2132 1548 2160 Et
1561 2141 1621 2160 cum
1637 2132 1669 2158 de
1685 2140 1736 2158 nu-

951 2186 1081 2213 turalibus
1110 2184 1291 2213 nativitatibus
1314 2183 1346 2210 sit
1365 2182 1444 2214 ratio,
1461 2187 1541 2214 neque
1556 2178 1650 2205 Mariae
1664 2176 1736 2211 ﬁlius

1038 2240 1093 2259 esse
1112 2230 1223 2258 Verbum
1237 2229 1414 2257 existimetur.
1437 2226 1559 2254 Mortalis
1582 2225 1650 2252 enim
1666 2231 1737 2250 mor-

957 2277 1036 2303 talem
1059 2279 1165 2310 generat
1188 2274 1328 2301 secundum
1349 2278 1483 2302 naturam,
1507 2275 1530 2297 et
1550 2277 1655 2303 corpus,
1668 2267 1737 2302 quod

956 2323 1007 2350 sibi
1021 2321 1106 2349 simile
1123 2325 1172 2348 est.
1193 2320 1266 2347 Duas
1287 2319 1437 2346 nativitates
1453 2316 1525 2344 Deus
1553 2314 1666 2342 Verbum
1686 2321 1738 2340 non

957 2369 1093 2400 sustinuit,
1106 2375 1186 2394 unam
1200 2366 1304 2401 quidem
1323 2369 1384 2392 ante
1397 2363 1508 2396 swcula,
1523 2362 1634 2388 alteram
1650 2365 1738 2387 autem

958 2414 984 2441 in
999 2414 1098 2440 ultimis
1118 2411 1275 2446 temporibus
1287 2418 1298 2437 :
1312 2411 1357 2438 sed
1375 2418 1407 2437 ea:
1422 2408 1503 2435 Patre
1518 2406 1623 2443 quidem
1641 2411 1739 2432 natura

954 2461 1056 2495 genitus
1072 2464 1119 2492 est,
1139 2458 1262 2492 templum
1280 2464 1339 2484 vero
1350 2455 1419 2490 quod
1431 2462 1463 2482 ea:
1480 2454 1568 2480 Maria
1585 2457 1677 2479 natum
1687 2456 1737 2484 est,

955 2515 988 2534 ea:
999 2506 1055 2541 ipsa
1069 2512 1142 2532 utero
1158 2504 1208 2531 sibi
1221 2502 1370 2538 fabricavit.

1275 2564 1414 2585 CYNLLUS.

993 2616 1020 2644 5.
1045 2615 1144 2643 Deinde
1173 2616 1256 2642 breve
1284 2613 1444 2649 procedens,
1464 2616 1491 2638 ct
1505 2611 1668 2646 quibusdam
1692 2619 1741 2646 per

960 2662 1078 2690 medium
1099 2659 1267 2694 interpositis
1285 2660 1381 2686 iterum
1398 2657 1482 2684 dixit:

1270 2720 1438 2742 TIIEODORUS.

996 2773 1061 2804 Cum
1080 2781 1140 2800 vero
1152 2773 1184 2800 de
1198 2772 1311 2799 salutari
1323 2770 1515 2804 dispensatione
1531 2769 1600 2795 ratio
1613 2772 1739 2798 ntovetur,

960 2823 984 2846 et
999 2818 1067 2845 Deus
1084 2822 1190 2845 vocetur
1202 2817 1289 2849 homo,
1312 2823 1363 2842 non
1381 2813 1450 2849 quod
1465 2814 1512 2840 hoc
1526 2812 1612 2848 factus
1627 2815 1677 2845 est,
1698 2811 1744 2839 sed
