1872 3057
147 188 215 216 “39

635 187 664 213 S.
684 184 822 214 CYlllLLl
842 184 1074 212 ALEXANDRINI
1095 183 1258 211 ARCIllEP.

1714 182 1782 210 Hi0

144 248 214 282 quod
237 245 283 273 hoc
303 246 443 278 assumpsit
460 253 468 271 :
488 251 510 271 et
536 245 613 271 homo
632 244 711 276 Deus,
735 252 785 270 non
803 248 929 277 tanquam
945 250 966 277 Α
982 243 1041 269 (lem
1065 249 1154 276 neque
1172 241 1270 268 Filium
1284 248 1389 272 verum,
1405 248 1493 275 neque
1511 240 1600 267 Deum
1617 247 1679 266 esse
1695 239 1781 268 dicis:

146 291 426 326 incircuntscriptibilis
439 291 536 325 factus,
553 298 598 316 nec
610 290 703 323 ultique
715 290 861 320 exsistens;
876 296 931 314 cor-

146 347 195 370 pus
217 338 283 364 enim
310 342 365 363 erat
384 342 407 363 et
425 341 480 370 post
501 337 718 362 resurrectionem
738 334 881 368 palpabile,
908 339 931 360 et

147 382 199 408 tale
216 386 345 415 receptant
367 385 403 408 est
424 381 451 407 iu
475 380 580 412 caelum,
599 385 622 406 et
646 380 683 406 sic
701 380 781 406 veniet
805 380 871 405 sicut
887 386 929 405 re-

147 431 249 460 reptum
261 431 311 452 est.

468 489 605 508 οῑιιιιιυε.

183 536 253 563 Ecce
276 535 354 570 plane
370 541 396 563 et
417 536 556 563 evidenter
570 540 666 562 contra
681 535 799 562 divinam
821 535 931 570 quidem

149 583 233 609 fertur
253 583 440 617 Scripturam;
469 583 596 616 reprobat
622 589 686 608 Vero
708 581 806 608 Christi
836 584 935 616 myste-

150 630 230 662 rium,
251 635 278 656 et
298 629 374 663 quasi
394 629 510 662 increpat
534 628 616 654 Deum
631 627 763 658 Verbum,
782 627 854 661 quod
871 634 933 660 pro-

150 679 209 708 pter
224 681 273 701 nos
287 674 500 701 exinanitioncm
514 674 568 707 pati
584 673 668 699 voluit
686 681 694 706 ;
719 677 746 699 et
760 672 830 706 quod
847 672 935 698 lactus

149 725 191 745 est
209 719 298 749 homo.
317 719 480 746 contristare
501 719 615 745 videtur.
635 717 767 744 lnterimit
784 717 856 744 cuitu
877 724 935 743 om-

149 766 216 792 nino
238 765 477 796 bumauationem,
500 770 527 791 et
549 764 680 791 adversus
705 763 866 790 ineﬂ‘abilem
892 769 936 789 sa-

149 811 279 845 pientiam
299 811 404 838 extollit
425 819 467 842 se,
496 818 564 844 pene
586 809 801 837 dicensJudaice
815 809 935 836 oumium

149 862 274 883 nostrum
294 856 427 883 Salvateri
452 856 562 883 Christo
579 865 585 882 :
611 865 620 881 ι
644 855 681 882 De
697 855 767 882 bono
786 861 868 889 opere
883 862 935 880 non

150 908 176 928 te
193 902 353 936 lapidamns,
369 903 415 928 sed
431 904 463 928 de
483 902 660 936 blasphemia,
674 901 744 936 quod
759 906 796 934 ιιι,
817 909 879 928 cum
899 901 937 927 sis

151 947 246 979 homo,
260 947 325 973 facis
343 951 367 974 te
387 947 468 973 Deum
487 947 531 972 ¹⁷⁶.
552 957 560 971 ι
581 947 680 973 Audiat
701 946 781 980 igitur
797 947 934 972 dicentem
953 945 973 971 Β

151 997 244 1026 aperte
259 999 267 1018 :
281 1001 290 1016 ι
311 992 338 1019 Si
361 992 443 1027 igitur
465 1001 517 1018 non
537 992 606 1018 facio
621 999 701 1025 opera
719 992 809 1018 Patris
824 992 887 1021 mei.
901 999 935 1018 ne

151 1038 217 1065 mihi
232 1039 350 1071 credite;
383 1039 404 1065 si
422 1046 485 1065 vero
500 1038 581 1069 facio,
608 1038 671 1065 licet
691 1038 754 1064 mihi
771 1047 821 1064 non
833 1038 929 1064 creda-

152 1084 196 1115 tis,
220 1084 346 1118 operibus
370 1085 437 1110 meis
458 1085 560 1110 credite
579 1084 611 1110 ιη.
636 1093 644 1109 ι
672 1083 738 1110 Cum
759 1084 830 1109 enim
853 1083 936 1110 sciret

151 1131 224 1165 quod
243 1131 333 1157 divina
356 1131 455 1156 virtute
473 1134 500 1156 et
521 1135 654 1162 potestate
672 1130 808 1159 utebatur,
827 1133 852 1155 et
874 1136 935 1154 cmi

151 1177 320 1210 apparuisset
338 1176 418 1202 homo
433 1175 477 1202 Dei
490 1175 618 1205 Verbum,
641 1174 757 1208 abnegat
772 1175 858 1208 ipsum
874 1181 936 1200 esse

151 1222 247 1253 Deum,
263 1227 289 1248 et
307 1221 332 1248 in
349 1221 458 1248 homine
475 1221 560 1255 magis
571 1220 706 1247 habitasse
723 1220 789 1246 dicit
803 1228 877 1251 eum,
903 1225 932 1246 ut

152 1266 199 1294 Dei
217 1267 333 1294 Verbum
351 1267 429 1293 nobis
442 1266 575 1292 hominum
598 1266 753 1292 ostenderet
768 1266 934 1292 adorandum

151 1318 178 1339 et
197 1321 262 1346 pura
275 1313 384 1340 deitatis
397 1313 582 1339 nominatione
598 1313 771 1340 honoratum.
788 1312 935 1338 Convictus

154 1359 235 1392 igitur
264 1363 305 1384 est
333 1358 472 1393 ignorasse
502 1358 614 1385 omnino
648 1358 775 1385 virtutem
812 1359 934 1392 mystcrii

154 1404 266 1431 Christi.

403 1461 430 1488 ὅ.
447 1461 489 1487 Ea:
508 1460 596 1486 eodeni
612 1460 691 1486 libro.

465 1525 631 1544 THEODORUS.

191 1573 243 1600 Sed
265 1574 288 1600 si
311 1582 384 1603 caro.
406 1574 478 1605 dicit.
506 1579 563 1600 erat
587 1582 645 1608 quae
666 1574 794 1608 cruci/im
811 1581 939 1608 est.quo-

154 1619 232 1646 modo
255 1620 294 1646 sol
316 1620 407 1646 radios
431 1620 534 1650 avertit.
559 1625 582 1646 et
611 1620 723 1646 tenebra’
751 1624 975 1654 occupaueruntc

155 1671 236 1692 totam
259 1671 365 1697 terram,
379 1670 402 1692 et
415 1671 596 1697 terrmmotus,
616 1670 641 1692 et
656 1670 736 1699 petris
757 1666 940 1698 dirumprbau-

156 1716 210 1743 tur,
224 1717 248 1738 et
268 1713 364 1738 mortui
384 1712 552 1746 resurgebant
570 1712 589 1726 ¹³
602 1712 613 1738 ἳ
628 1711 698 1744 Quid
714 1712 795 1746 igitur
807 1713 899 1738 dicunt
916 1716 940 1738 et

156 1758 188 1784 de
208 1759 356 1784 teuehrisin
380 1758 497 1792 [Egi/pta
521 1758 600 1790 factis
627 1759 674 1785 sub
697 1763 812 1792 tempore
836 1759 940 1786 Mosis:

157 1811 209 1830 non
233 1803 258 1829 in
281 1804 365 1830 tribus
384 1804 473 1836 horis,
489 1806 532 1830 sed
550 1806 576 1830 in
591 1805 675 1830 tribus
695 1804 786 1831 diebus
802 1805 848 1831 ὀἳ
868 1804 940 1836 Quid

157 1855 215 1874 vero
230 1847 261 1874 de
278 1848 339 1875 aliis
353 1856 400 1881 per
416 1848 507 1874 Mosen
523 1849 604 1882 factis
620 1849 755 1875 miraculis
768 1869 775 1881 ,
797 1854 820 1874 et
836 1857 882 1882 per
895 1848 942 1875 Je-

157 1901 215 1919 sttnt
229 1893 312 1926 Nave,
336 1895 379 1928 qui
399 1895 479 1920 solent
500 1901 570 1920 stare
585 1894 647 1928 fecit
660 1895 692 1925 “,
706 1895 751 1929 qui
768 1895 807 1921 soi
820 1895 867 1920 sub
885 1902 942 1928 rege

159 1936 273 1964 Euthia
288 1942 311 1963 et
325 1943 420 1971 prttter
436 1943 560 1964 natumut
577 1944 735 1965 retroversus
747 1943 783 1964 est
799 1939 822 1954 ’⁸
836 1940 847 1964 ?
861 1937 893 1964 Et
911 1939 942 1965 de

159 1983 251 2010 Eliswi
267 1984 402 2019 reliquiis,
424 1992 482 2018 quw
509 1990 645 2010 mortuum
670 1986 890 2011 resuscitaverunt
904 1985 944 2010 "‘2

159 2029 190 2056 Si
207 2030 276 2056 enim
301 2030 381 2056 Deum
399 2029 508 2056 Verbum
529 2039 633 2064 passum
652 2039 707 2057 esse
722 2030 871 2063 ostendunt,
885 2039 943 2065 qua?

160 2075 188 2101 in
214 2080 328 2109 tempore
347 2076 431 2102 crucis
453 2076 523 2109 facta
542 2080 620 2107 sunt,
642 2081 664 2102 et
690 2081 794 2110 propter
815 2077 944 2102 hominem

161 2129 214 2146 non
239 2122 380 2147 concedunt
405 2130 435 2148 ea
458 2122 531 2156 facta
555 2129 633 2148 esse:
649 2127 672 2148 et
689 2130 748 2156 qua!
760 2123 807 2148 sub
831 2127 944 2156 tempore

163 2166 245 2193 Mosis
266 2173 372 2201 propter
391 2176 472 2202 genus
496 2168 618 2200 Abrahw,
642 2174 666 2194 et
689 2176 748 2202 qua:
767 2169 813 2194 sub
831 2174 944 2202 tempore

160 2213 225 2239 Jesu
246 2211 320 2239 Nave
339 2218 362 2239 et
388 2213 509 2240 Haec/tite
523 2213 591 2248 regis
605 2221 655 2240 non
673 2218 760 2240 erunt.
781 2213 810 2240 Si
825 2222 883 2240 vero
896 2214 944 2239 illa

161 2263 267 2292 propter
283 2258 438 2286 Judworum
468 2259 593 2293 populum
614 2260 749 2286 miracula
772 2260 845 2293 facta
870 2265 942 2290 sunt,

161 2304 244 2331 multo
266 2306 348 2339 magis
368 2313 425 2339 qua:
448 2306 475 2331 in
497 2313 573 2331 cruce
591 2310 698 2339 propter
717 2304 766 2331 Dei
787 2303 862 2331 Verbi
881 2309 944 2331 tem-
959 2293 982 2320 D

161 2350 244 2383 plum.

485 2415 623 2435 CYRILLUS.

200 2481 210 2498 ‹
225 2471 410 2506 Stupel‘actum
429 2478 470 2500 est
490 2474 587 2500 coelum
610 2481 691 2507 super
715 2482 775 2506 noc,
791 2480 818 2501 et
830 2478 942 2500 contre-

162 2518 232 2544 muit
255 2518 368 2551 amplius
390 2519 571 2551 vehementer,
599 2519 663 2545 dicit
685 2519 813 2546 Dominus
830 2520 862 2546 “.
883 2528 892 2544 ›
923 2518 944 2546 Ο

164 2562 362 2590 intolerabilem
382 2563 596 2598 malignitatem!
617 2565 639 2591 0
652 2565 768 2599 linguam
790 2565 944 2599 loquentem

165 2607 336 2642 iniquitatem
351 2609 480 2636 adversus
495 2609 587 2642 Deum,
606 2614 633 2636 et
649 2615 763 2636 mentem
780 2610 806 2636 in
824 2610 944 2636 altitudi-

166 2661 227 2680 nem
248 2661 332 2681 cornu
356 2656 547 2683 extollentem!
574 2655 672 2682 Parum
686 2663 747 2682 esse
776 2656 822 2682 tibi
840 2654 947 2682 videtur

166 2699 275 2727 ullixum
290 2707 352 2728 esse
366 2701 437 2736 ligno
455 2701 596 2729 Dominum
612 2702 721 2736 glorite?
738 2701 821 2735 Quem
838 2706 863 2728 tu
882 2702 944 2736 qui-

204 2778 236 2793 "'
251 2775 328 2804 Joan.
349 2787 375 2809 Χ,
392 2778 438 2805 55.
476 2779 497 2794 ’⁸
510 2779 574 2805 ibid.
592 2779 635 2812 57,
651 2779 695 2806 25-8.

170 2820 217 2844 xx,
237 2811 281 2839 10.
318 2813 342 2828 ’³
355 2813 386 2839 IV
400 2813 466 2848 Reg.
485 2821 545 2844 xm,
563 2814 607 2840 2|.
646 2814 781 2842 “lerunt.
799 2822 828 2846 ιι,
846 2815 886 2841 l2.

210 2889 250 2924 (1)
266 2889 307 2917 Al.
325 2898 392 2925 cam,
405 2890 465 2918 scil.
479 2891 603 2926 gratiam.
621 2890 705 2918 ἰΙΑιιι).

734 2780 754 2794 ¹⁹
767 2779 859 2806 Matth.
870 2787 953 2811 xxv",
969 2778 998 2804 Pii
1005 2779 1063 2806 -53.

983 295 1032 314 nos
1045 293 1133 313 autem
1151 287 1297 318 credimus,
1319 288 1390 320 quod
1405 292 1445 313 est
1460 294 1527 313 vere
1549 286 1639 313 Filius
1654 290 1681 312 et
1702 284 1783 314 Deus.

983 338 1090 360 creator
1103 338 1130 359 et
1147 333 1236 366 cpifcx
1250 334 1381 360 omnium.
1411 332 1507 367 Neque
1533 333 1609 359 enim
1628 337 1688 358 erat.
1703 332 1784 359 homo

983 379 1152 413 simpliciter,
1177 379 1223 405 sed
1242 380 1269 406 in
1285 379 1375 414 specie
1392 379 1525 410 humana,
1545 379 1594 413 qni
1619 383 1663 405 est
1675 385 1712 404 es
1734 379 1785 404 Dm

984 424 1064 451 Patre
1080 424 1148 451 Deus
1162 423 1299 451 Verbum:
1321 432 1373 450 non
1394 424 1605 450 translationem
1631 423 1674 449 vel
1698 428 1785 449 muta-

986 470 1097 502 tionem,
1111 478 1170 503 quze
1185 475 1227 497 est
1238 471 1265 497 in
1283 478 1364 497 carne
1381 478 1488 504 passus,
1508 470 1604 496 unitus
1618 476 1684 496 vero
1698 470 1784 503 magis

986 514 1010 541 ci
1028 516 1174 542 secundum
1199 515 1279 542 [idem
1297 522 1437 542 sacrarunt
1459 514 1644 541 Litterarum.
1669 513 1724 540 Iste
1738 516 1782 548 qui

986 561 1013 588 in
1028 568 1110 588 carne
1129 569 1233 594 passus,
1250 566 1275 588 et
1291 569 1440 595 suspensus
1454 562 1480 588 in
1495 561 1571 596 ligno
1582 565 1637 592 est,
1650 560 1782 587 miracula

986 607 1051 635 fecit
1063 607 1089 633 in
1105 607 1233 642 Egypto,
1253 607 1278 634 in
1303 608 1428 635 omnibus
1444 615 1493 641 per
1512 607 1672 642 sapientem
1690 606 1783 633 Mosen

986 662 1063 682 suam
1076 654 1189 689 gloriam
1208 654 1396 681 manifestans.

1237 709 1264 736 5.
1283 709 1326 736 E1:
1339 709 1430 735 eodem
1443 708 1522 736 libro.

1300 773 1470 793 TREODORUS.

1023 821 1116 848 Gratia
1142 820 1244 853 Filius,
1265 822 1311 853 qui
1330 829 1362 848 ex
1388 821 1478 849 Maria
1500 826 1539 848 est
1570 820 1663 853 homo,
1687 825 1784 846 natm

988 875 1047 894 vero
1060 867 1128 893 Deus
1147 866 1268 894 Verbum.
1284 866 1360 899 Quod
1380 875 1440 893 vero
1456 871 1493 893 est
1509 866 1672 900 gratiamon
1685 871 1783 891 natura

988 919 1025 940 est
1041 921 1050 940 :
1067 918 1092 940 et
1107 913 1176 948 quod
1192 918 1229 940 est
1247 919 1356 945 natura,
1384 921 1436 940 non
1449 914 1550 947 gratia,
1572 921 1627 939 non
1646 913 1701 938 duo
1722 912 1784 946 filii.

988 959 1217 994 Sufﬁciatcorpori
1239 960 1309 994 quod
1326 967 1358 985 ex
1379 960 1453 985 nobis
1475 963 1526 990 est,
1548 959 1698 985 secundum
1722 966 1784 991 gra-

988 1005 1053 1030 tiam
1074 1003 1180 1037 ﬁliatio,
1209 1003 1314 1038 gloria,
1344 1003 1554 1034 immortalitas,
1579 1010 1633 1036 quo
1658 1002 1784 1035 templum

988 1049 1037 1077 Dei
1057 1049 1132 1076 Verbi
1148 1050 1247 1083 factum
1263 1054 1300 1076 est
1312 1056 1322 1074 .'
1341 1057 1391 1075 non
1412 1057 1493 1082 supra
1510 1055 1638 1075 naturam
1652 1047 1780 1078 aleretur,

988 1101 1012 1121 et
1027 1094 1096 1120 Deus
1115 1093 1225 1120 Verbum
1240 1102 1286 1128 pro
1298 1094 1384 1120 debita
1400 1102 1416 1120 η
1436 1094 1509 1120 nobis
1525 1095 1682 1128 gratiarum
1701 1093 1783 1118 actio-

990 1148 1021 1167 ne
1037 1148 1086 1167 non
1106 1141 1257 1175 injurietur.
1282 1139 1314 1166 Et
1336 1148 1395 1174 quit
1416 1145 1454 1166 est
1475 1139 1576 1173 injuria
1592 1139 1605 1165 1’
1618 1139 1785 1172 Componere

989 1185 1076 1218 ipsum
1097 1193 1156 1211 cum
1180 1193 1298 1218 corpore,
1326 1191 1350 1211 et
1381 1191 1474 1218 putare
1501 1192 1560 1210 eum
1583 1184 1621 1210 ad
1639 1183 1786 1217 perfectas:

989 1231 1147 1266 ﬁliutionem
1164 1231 1280 1265 corporis
1296 1231 1423 1265 indigere.
1439 1229 1532 1264 Neque
1548 1230 1605 1263 ipse
1619 1229 1693 1255 Deus
1719 1228 1781 1255 Ver-

991 1277 1051 1302 bum
1069 1276 1121 1302 vult
1136 1276 1248 1310 seipsum
1272 1275 1372 1302 Filium
1389 1276 1472 1301 Dauid
1488 1283 1554 1307 esse,
1567 1275 1614 1301 sed
1627 1274 1762 1301 Dominus
1774 1281 1785 1300 :

990 1331 1084 1356 corpus
1107 1331 1165 1349 vero
1190 1323 1278 1349 vocari
1300 1322 1387 1356 [illum
1409 1321 1512 1353 David,
1541 1329 1594 1348 non
1625 1321 1712 1349 solum
1733 1329 1783 1347 non

990 1370 1101 1401 invidit,
1116 1369 1162 1395 sed
1173 1370 1252 1395 etiam
1267 1374 1372 1403 propter
1385 1369 1435 1395 hoc
1452 1368 1582 1403 pervenit.

1315 1441 1457 1462 CIRILIJIS.

1028 1502 1100 1537 Ergo
1122 1502 1251 1536 quoniam
1275 1502 1345 1536 quod
1372 1506 1416 1528 est
1441 1501 1541 1536 gratia,
1555 1508 1610 1529 non
1627 1506 1738 1534 natura,
1755 1507 1781 1528 et

993 1548 1063 1582 quod
1081 1553 1123 1574 est
1143 1553 1251 1579 natura,
1266 1556 1318 1574 non
1332 1547 1418 1582 gratia
1430 1569 1437 1580 ,
1455 1555 1509 1574 non
1524 1553 1588 1574 sunt
1601 1547 1649 1574 ﬁlii
1670 1549 1724 1574 duo
1738 1555 1779 1574 se-

994 1595 1110 1621 cundum
1126 1599 1198 1620 tuam
1218 1594 1360 1621 rationem.
1377 1593 1428 1626 Qui
1449 1593 1535 1629 gratia
1557 1593 1669 1627 quidem
1685 1599 1713 1619 et
1729 1601 1780 1619 non

993 1647 1089 1668 natura
1119 1641 1203 1668 Filius
1219 1645 1270 1673 est,
1290 1648 1341 1667 non
1360 1646 1400 1667 est
1418 1647 1481 1666 vere
1494 1640 1577 1672 titius,
1595 1645 1722 1671 superest
1736 1647 1779 1665 au-

993 1691 1045 1713 tem
1070 1690 1099 1712 ut
1120 1691 1204 1712 staret
1226 1693 1296 1712 veru:
1319 1684 1458 1711 liliationis
1474 1684 1559 1719 gloria
1579 1684 1605 1710 in
1626 1691 1659 1710 eo
1673 1684 1722 1718 qui
1741 1690 1778 1710 est

993 1736 1087 1758 natura
1101 1736 1128 1757 et
1145 1738 1197 1757 non
1217 1731 1313 1765 gratia,
1332 1730 1358 1756 id
1374 1734 1427 1762 est,
1449 1730 1476 1755 in
1492 1729 1545 1756 Deo
1560 1729 1662 1760 Verbo,
1681 1729 1727 1763 qui
1742 1734 1780 1754 est

992 1785 1024 1804 ex
1040 1776 1094 1803 Deo
1116 1777 1208 1803 Patre.
1234 1776 1367 1809 Expulsus
1387 1775 1536 1810 estigitur,
1553 1774 1628 1801 sicut
1643 1774 1711 1804 dixi,
1726 1781 1779 1800 esse

993 1831 1019 1852 et
1030 1825 1081 1852 dici
1094 1824 1176 1851 Filius
1191 1824 1237 1851 Dei
1251 1824 1374 1850 Christus
1384 1822 1473 1854 Jesus,
1491 1829 1538 1856 per
1551 1829 1634 1856 quem
1653 1826 1681 1847 et
1699 1819 1776 1846 salii-

994 1870 1065 1897 licati
1082 1878 1185 1901 sumus,
1213 1874 1326 1896 mortem
1348 1868 1406 1901 ejus
1427 1868 1634 1897 annuntiantes,
1653 1871 1680 1892 el
1696 1865 1777 1892 conii-

995 1921 1082 1944 tcntcs
1108 1916 1344 1943 resurrectionem.
1370 1914 1486 1941 Verbum
1518 1914 1590 1940 enim
1622 1913 1685 1939 ﬁdei
1708 1912 1773 1946 quod

995 1963 1181 1996 praldicamus,
1206 1962 1239 1987 ad
1262 1961 1340 1987 istam
1357 1968 1406 1987 nos
1427 1959 1628 1986 confessionem
1647 1958 1775 1992 producit.

995 2008 1064 2042 Ergo
1088 2008 1113 2034 in
1133 2007 1267 2033 hominem
1292 2007 1358 2033 tides
1380 2010 1433 2038 est,
1449 2010 1476 2032 et
1493 2012 1545 2030 non
1569 2007 1595 2030 in
1617 2011 1681 2030 eum
1698 2004 1778 2038 quiet

995 2059 1089 2080 natura
1105 2058 1131 2080 et
1146 2061 1209 2080 vere
1228 2053 1273 2079 Dei
1298 2052 1380 2078 Filius
1407 2056 1458 2078 est.
1483 2052 1511 2077 Si
1530 2051 1602 2077 enim
1617 2058 1715 2076 verum
1733 2054 1779 2081 est,

995 2100 1039 2134 qui
1058 2100 1124 2126 dicit
1147 2100 1233 2133 gratia
1263 2099 1421 2125 tiliatiuncm
1449 2098 1575 2124 sortitum
1603 2105 1666 2124 esse
1687 2098 1778 2130 ipsum,

997 2144 1160 2170 multitudini
1182 2144 1295 2169 liliorum
1314 2143 1564 2173 connumerabitur,
1589 2142 1615 2168 id
1640 2146 1684 2168 est
1700 2142 1779 2170 nobis,

995 2187 1094 2221 quibus
1107 2195 1221 2220 superna
1239 2187 1323 2220 gratia
1339 2187 1495 2213 tiliationem
1511 2187 1607 2217 donat,
1628 2195 1638 2211 ι
1657 2188 1689 2212 ad
1705 2194 1777 2220 qnam

996 2233 1083 2259 vocati
1105 2240 1197 2259 S|llllll5
1212 2240 1260 2267 per
1282 2232 1371 2259 Jesnm
1395 2232 1545 2264 Christum,
1565 2232 1611 2266 qui
1629 2239 1662 2258 ex
1683 2232 1780 2258 semine

997 2278 1080 2304 David
1102 2282 1144 2304 est
1165 2278 1311 2304 secundum
1334 2286 1445 2304 carnem
1462 2277 1495 2303 ³⁸.
1515 2287 1524 2303 ι
1542 2277 1572 2304 Et
1586 2282 1693 2304 certum
1707 2283 1731 2303 te
1743 2277 1779 2303 fa-

996 2325 1050 2352 ciat
1070 2325 1162 2351 dicens
1190 2324 1298 2350 divinus
1312 2324 1498 2358 evangelista:
1517 2333 1526 2348 ι
1546 2323 1597 2356 Qui
1622 2330 1691 2349 vero
1706 2329 1778 2349 acce-

995 2375 1092 2404 perunt
1104 2378 1164 2397 eum
1181 2370 1230 2405 (l),
1246 2370 1319 2396 dedit
1333 2370 1371 2396 eis
1383 2373 1545 2404 potestatem
1563 2369 1635 2395 lilios
1651 2369 1700 2395 Dei
1717 2368 1777 2399 ﬁeri,

996 2415 1170 2443 credentibus
1190 2417 1216 2442 in
1233 2416 1342 2442 nomine
1359 2415 1427 2449 ejus.
1447 2424 1456 2440 ι
1471 2415 1572 2441 Deinde
1587 2415 1725 2447 quomodo
1739 2414 1778 2447 qui

996 2462 1030 2488 ab
1045 2462 1129 2488 altero
1148 2463 1237 2488 datam
1256 2462 1414 2496 dignitatem
1443 2461 1582 2488 liliationis
1600 2462 1717 2487 sortitus
1731 2465 1777 2493 est,

996 2512 1023 2533 et
1037 2507 1113 2533 nobis
1134 2506 1200 2540 ipsis
1221 2507 1323 2534 donare
1344 2514 1395 2532 non
1418 2514 1495 2532 suam
1511 2506 1609 2541 magis,
1626 2508 1675 2533 sed
1692 2506 1778 2539 acqui-

996 2552 1074 2579 sitam
1089 2552 1113 2578 ei
1131 2549 1448 2586 cxtrinsecus'gratiam?

1034 2607 1067 2634 Et
1080 2612 1137 2641 post
1153 2617 1237 2643 putica
1251 2615 1261 2634 :
1278 2608 1354 2635 Dedit
1374 2608 1492 2643 seipsum
1512 2609 1537 2635 in
1554 2608 1774 2635 examinatione":

997 2655 1093 2687 Filius,
1116 2660 1143 2681 et
1164 2662 1223 2682 cum
1237 2656 1263 2682 in
1278 2657 1404 2682 omnibus
1427 2661 1500 2683 esset
1524 2655 1678 2689 perfectus,
1704 2654 1775 2680 voluit

998 2701 1053 2736 pati
1069 2700 1262 2734 humilitatem,
1285 2706 1311 2728 ct
1330 2702 1478 2728 secundum
1500 2709 1612 2727 carnem
1627 2708 1661 2727 ex
1675 2700 1775 2726 muliere

1628 2778 1653 2794 η
1664 2778 1700 2806 tv
1715 2778 1772 2814 Reg.

1102 2779 1125 2793 ²⁰
1137 2778 1221 2806 Exod.
1238 2786 1266 2811 ι,
1284 2778 1328 2806 22.
1368 2779 1390 2794 ²¹
1405 2777 1486 2807 Josue
1498 2786 1526 2811 ι,
1543 2778 1589 2805 i2.

925 2815 947 2830 ¹⁵
963 2814 1041 2840 Rom.
1063 2821 1082 2846 ι,
1097 2813 1123 2840 5.
