1872 3057
109 174 178 202 Hii

712 171 923 199 FRAGMENTA
945 170 1156 199 DUGSIATlCA.

1671 173 1740 201 14-12

107 234 248 261 sustinere
266 233 448 267 nativitatem,
462 237 489 260 et
510 232 659 268 appellatus
671 238 713 260 est
727 233 798 259 ﬁlius
811 233 899 258 Λιπα-
915 234 937 261 Α
952 238 1011 257 rntn
1042 231 1225 265 apostolorum
1251 235 1278 258 et
1304 231 1531 266 evangelistarum
1569 233 1740 268 impatienter

110 279 154 306 hze
167 283 194 306 et
211 279 308 306 David.
329 280 387 307 Non
404 280 519 307 miratus
532 287 561 306 es
575 284 629 306 tam
646 280 743 306 bonum
758 279 898 313 dispensa-

112 325 194 353 tionis
219 325 377 358 artiﬁcium,
403 327 490 360 magis
515 333 580 352 vero
600 325 777 360 reprehendis
798 329 900 359 mystc-

112 372 183 398 rinm
203 380 210 398 :
232 371 358 404 iniuriam
380 379 440 398 esse
458 371 551 399 dicens
568 372 781 398 incarnationem
798 370 898 405 Unige-

111 417 175 449 niti.
197 418 323 452 inerepas
351 419 494 445 consilium
518 417 567 445 Dei
588 423 615 445 et
633 418 723 445 Patris
745 427 751 445 :
769 418 900 444 inclamas

109 471 177 490 vero
192 464 272 490 etiam
291 464 378 498 ipsum
395 463 504 496 Filium,
522 464 566 499 qui
586 464 640 498 pati
656 464 739 490 voluit
752 468 861 497 propter
874 467 899 489 te

109 510 337 537 exinanitionem.
361 509 428 537 Cum
454 511 535 544 igitur
559 510 679 536 audieris
706 510 840 536 dicentem
865 510 899 535 ad

109 555 250 582 caelestem
267 555 375 582 l’atrem
397 560 424 582 et
449 557 544 583 Deum.
564 565 573 581 ι
595 555 764 582 Sacriﬁcium
781 560 808 582 et
825 555 899 581 obla-

111 601 213 627 tionem
238 601 365 634 noluisti,
405 601 562 628 holocausta
593 606 620 628 et
642 609 690 635 pro
716 601 813 627 delicto
844 608 896 627 non

109 649 267 681 postulasti,
283 655 380 682 corpus
393 652 481 674 autem
495 647 632 681 perlecisti
648 647 712 674 mihi
731 656 738 674 :
754 651 809 674 tum
823 647 877 674 dixi
891 653 898 672 :

108 692 180 719 Ecce
197 693 276 719 venio
293 701 300 719 :
316 692 343 718 in
369 692 458 726 capite
486 692 546 719 libri
572 693 704 726 scriptum
729 697 771 718 cst
786 692 818 718 de
844 699 898 725 me,

110 743 141 763 ut
156 736 252 763 faciam
273 737 439 763 voluntatem
455 741 539 770 tuam,
566 737 646 769 Deus,
671 736 742 763 volui
758 737 801 770 ";
817 746 826 762 ι
847 745 899 763 non

110 789 186 810 recta
208 783 328 816 cogitare
350 783 464 810 forsitan
486 782 584 809 Filium
601 783 635 810 de
651 791 698 810 sua
713 783 798 817 gloria
815 783 898 810 dices.

108 829 199 864 Elegit
212 831 283 856 enim
297 829 419 863 corporis
437 829 642 864 perfectionem,
666 835 692 856 et
709 836 761 856 non
779 828 823 855 alii
841 837 900 855 ma—

109 877 151 910 gis
167 876 278 907 laetam,
292 876 338 902 sed
352 875 403 902 sibi
422 875 570 902 secundum
591 876 672 902 verba
691 874 899 909 ipsius,Corpus

108 922 178 948 enim
194 921 337 955 perfecisti,
351 921 417 948 dicit
436 929 443 947 :
459 920 523 948 licet
537 920 657 947 audieris
676 920 790 947 Paulum
803 921 897 947 dicen-

108 973 164 994 tem
193 968 226 994 de
245 967 298 994 Deo
322 967 411 994 Verbo
435 975 471 994 τί
494 967 564 1002 Ergo
588 967 650 1000 quia
682 966 730 993 ﬁlii
753 966 900 1001 participes

109 1018 173 1041 sunt
189 1014 331 1048 sanguinis
345 1018 372 1040 et
388 1013 492 1044 carnis,
505 1018 532 1039 et
553 1013 611 1047 ipse
622 1012 748 1039 similiter
764 1012 900 1046 particeps

109 1059 199 1086 factus
215 1065 257 1087 est
279 1060 437 1086 earumdem
454 1059 498 1091 ‘7;
519 1069 528 1084 ι
548 1065 575 1085 et
597 1059 637 1086 sit:
660 1059 768 1092 sapiens
781 1059 899 1086 Joannes

107 1107 205 1132 scribit
223 1114 229 1132 :
249 1115 259 1131 ‹
281 1106 312 1133 Et.
329 1107 445 1133 Verbum
467 1113 531 1133 caro
543 1106 643 1132 factum
658 1109 710 1135 est.
725 1109 752 1132 el
766 1105 900 1132 habitavit

107 1154 136 1180 in
151 1153 229 1180 nobis
244 1153 286 1185 ‘3;
302 1162 311 1178 ι
330 1161 409 1186 surge
422 1159 515 1179 contra
535 1159 581 1179 eos
598 1151 740 1179 clamans:
766 1151 828 1178 Non
851 1160 898 1184 pro

106 1199 196 1225 debila
218 1199 368 1232 gratiarum
389 1199 494 1225 actione
513 1206 529 1224 a
552 1197 626 1224 nobis
649 1197 802 1232 injurictur,
828 1197 899 1223 Deus

114 1245 226 1272 Verbum
239 1253 290 1272 non
303 1245 391 1279 factus
408 1249 445 1271 est
462 1252 534 1276 caro,
549 1244 616 1270 Deus
640 1243 751 1270 Verbum
768 1252 819 1270 non
835 1251 899 1277 par-

107 1291 188 1324 ticeps
212 1291 261 1324 fuit
285 1298 342 1317 vere
362 1289 498 1324 sanguinis
518 1295 541 1315 et
561 1290 648 1315 carnis
662 1297 671 1316 :
686 1289 808 1315 similiter
825 1288 899 1314 nobis

107 1344 161 1362 non
175 1341 253 1363 natus
267 1342 304 1363 est
315 1338 459 1363 secundum
479 1343 582 1362 carnem
600 1343 631 1362 ea:
644 1335 763 1365 muliere,
784 1342 835 1360 non
852 1342 900 1367 ap-

106 1382 220 1416 pellatus
231 1387 268 1409 est
282 1382 355 1416 ﬁlius
375 1381 472 1408 David.
486 1381 544 1408 Hoc
560 1382 640 1413 enim,
655 1381 725 1415 quod
740 1385 764 1407 et
777 1380 899 1406 nomina-

106 1429 132 1454 ri
150 1436 209 1454 eum
242 1428 371 1462 injurium
395 1433 442 1459 est,
465 1433 488 1455 et
507 1435 558 1454 non
572 1427 717 1453 secundant
740 1426 898 1453 voluntatem

105 1473 201 1507 ipsius,
220 1474 350 1507 quomodo
368 1474 424 1508 pati
440 1473 564 1500 voluisset
575 1474 588 1500 7
603 1473 655 1500 Sed
673 1480 732 1506 nos,
748 1480 764 1499 ο
779 1474 896 1507 sapiens.

106 1520 261 1554 gloriﬁcare
278 1520 471 1547 consuevimus
488 1520 571 1547 Deum
582 1525 610 1547 et
623 1519 743 1551 Patrem,
758 1519 819 1553 quia
835 1526 897 1545 cor-

106 1574 157 1599 pus
173 1565 320 1601 perfecerit
338 1565 426 1594 Filio:
444 1571 472 1593 et
487 1567 574 1600 ipsum
588 1573 652 1593 vero
667 1565 782 1592 dicimus
798 1564 894 1591 Filium
910 1582 931 1611 ο

105 1611 207 1637 factum
230 1619 359 1642 carnem,
382 1612 407 1639 id
426 1617 469 1639 est
492 1612 638 1644 hominem,
659 1618 766 1645 passum
786 1611 895 1645 quidem

104 1663 167 1682 esse
182 1661 295 1691 propter
313 1664 362 1683 nos
376 1656 603 1689 exinanitionem,
622 1661 649 1683 et
664 1661 765 1683 nostrae
780 1664 897 1691 pauper-

106 1702 171 1729 tatis
186 1703 293 1729 subisse
311 1702 505 1735 humilitatem,
522 1703 708 1737 permansisse
725 1710 790 1729 vero
812 1707 839 1728 et
858 1702 897 1728 sic

106 1748 204 1778 Deum,
229 1753 256 1775 et
275 1748 373 1775 Filiutn
391 1755 486 1775 verum
506 1748 553 1775 Dei
574 1753 601 1775 et
628 1748 729 1775 Patris.
756 1749 897 1781 Quomodo

107 1795 190 1828 igitur
207 1803 259 1822 non
284 1795 367 1822 voluit
388 1795 473 1821 Filius
490 1795 626 1822 nominari
644 1795 741 1828 David,
757 1795 780 1822 si
799 1795 895 1822 burna-

107 1846 187 1868 natus
202 1847 253 1874 est,
270 1845 298 1868 et
312 1841 363 1868 hoc
377 1849 429 1868 non
446 1841 571 1868 invitus?

105 1898 133 1924 ϋ.
147 1897 190 1924 Ea:
207 1898 293 1931 prima
308 1898 379 1933 libro,
401 1903 500 1925 sancta:
527 1900 661 1925 memor-ite
684 1898 789 1933 Cyrilli,
814 1899 846 1926 de
865 1907 895 1926 eo

140 1934 209 1967 quod
226 1941 295 1960 unus
312 1938 349 1960 est
362 1932 492 1967 Christus,
515 1939 605 1960 contra
625 1932 797 1961 Theodorum.

141 1990 210 2018 Sunt
228 1991 318 2023 enitn,
339 1995 402 2018 sunt
418 1991 464 2026 qui
482 1991 692 2027 Redemptorem
709 1998 736 2021 et
752 1994 893 2021 Dominum

103 2045 184 2064 suum
204 2043 314 2073 negant,
339 2042 366 2065 et
382 2038 480 2065 Filium
499 2039 611 2074 quidem
628 2048 721 2067 verum
735 2040 781 2067 Dei
806 2039 894 2068 Patris

104 2091 158 2111 non
170 2083 263 2111 dicunt
279 2092 340 2111 eutn
355 2092 426 2116 esse,
444 2085 490 2119 qui
509 2085 534 2112 in
552 2085 656 2112 ultimis
685 2086 776 2113 saeculi
791 2091 895 2121 tempo~

105 2130 182 2157 ribus
207 2138 239 2157 ex
263 2130 379 2157 muliere
408 2131 556 2157 secundum
582 2139 693 2158 carnem
723 2133 893 2160 nativitatem

104 2180 217 2210 propter
241 2183 290 2202 nos
317 2175 466 2208 sustinuit,
503 2176 662 2210 apparuisse
686 2181 776 2204 autem
807 2179 893 2213 magis

104 2221 164 2248 orbi
193 2226 326 2248 terrarum
355 2221 439 2248 Deum
463 2226 598 2248 recentem
615 2227 643 2249 et
656 2229 804 2257 posterum,
824 2225 893 2251 ﬁlia-

105 2267 188 2294 tionis
217 2266 329 2301 gloriam
361 2268 532 2294 extrinsecus
558 2268 721 2301 acquisitam
750 2269 893 2297 habentem

105 2313 177 2339 sicut
197 2315 224 2339 et
245 2319 304 2345 nos,
327 2317 354 2339 et
375 2313 452 2346 quasi
472 2313 633 2346 quibusdam
655 2314 815 2342 adulterinis
826 2315 892 2350 'glo-

105 2359 220 2385 riantem
243 2359 405 2390 honoribus,
434 2363 462 2385 ut
480 2358 537 2392 jam
555 2359 768 2394 anthropolatria
782 2365 810 2387 et
825 2361 892 2388 nihil

104 2404 176 2431 aliud
197 2409 280 2436 esset,
303 2408 330 2432 et
354 2404 485 2431 adoretur
507 2405 588 2432 homo
608 2404 706 2439 aliquis
719 2413 782 2432 cum
795 2412 889 2434 saneta

105 2450 237 2478 Trinitate
246 2455 301 2478 tam
317 2458 332 2477 a
348 2451 437 2481 nobis.
451 2458 533 2485 quam
546 2458 561 2478 a
573 2452 677 2479 sanctis
694 2452 816 2487 angelis:
834 2452 893 2480 haec

104 2497 215 2531 quidam
237 2497 315 2523 valde
330 2497 450 2531 superbi,
467 2501 496 2523 et
510 2504 607 2531 magna
620 2498 771 2535 sapientes
783 2499 808 2525 in
821 2499 891 2526 divi-

106 2549 201 2568 narum
225 2541 429 2576 Scripturarum
451 2542 582 2576 scientia,
605 2544 663 2570 suis
687 2545 796 2579 scriptis
815 2545 891 2573 inse-

106 2591 237 2613 ruerunt:
254 2591 282 2613 et
296 2587 367 2614 sicut
382 2587 449 2614 dicit
468 2588 590 2615 omnium
604 2588 734 2616 Dominus
749 2597 889 2624 perunutn

105 2637 261 2661 sanctorum
283 2633 485 2668 prophetarum,
507 2642 516 2658 ‹
538 2633 663 2667 laqueum
677 2634 772 2661 statuit
786 2635 819 2662 ad
832 2643 892 2662 cor-

106 2677 268 2710 rumpendos
281 2678 405 2704 homines
419 2678 468 2704 ".3
491 2677 559 2710 Quid
569 2680 641 2705 enim
658 2679 729 2706 aliud
747 2680 793 2711 sit,
810 2688 891 2716 quam

105 2723 220 2757 laqueus
242 2728 270 2750 ct
290 2723 458 2756 scandalum,
481 2724 573 2759 lingua
595 2725 706 2759 loquens
724 2727 847 2760 distorta,
866 2733 893 2754 et

107 2769 194 2797 sacris
217 2769 329 2797 Litteris
357 2769 545 2803 abhorrentia,
571 2776 599 2798 et
624 2771 762 2799 traditioni
781 2778 891 2800 saneto-

142 2858 165 2874 "
176 2857 247 2886 Psal.
263 2866 357 2891 χχχιχ,
372 2859 431 2886 7-9.
445 2859 525 2887 Hebr.
543 2869 580 2892 l.\',
602 2861 660 2888 6-9.

699 2863 721 2877 ’⁷
733 2862 814 2890 Hebr.
826 2871 853 2893 ll,
869 2863 912 2891 14.

107 2892 130 2910 ³ο
143 2893 215 2922 Psal.
235 2895 333 2927 “11,6.
372 2895 391 2910 ιι
404 2895 469 2922 ima.
489 2896 550 2929 u-s;
566 2896 648 2924 ιιυιπ.
664 2905 693 2931 ιι,
712 2897 788 2934 0-3.,
808 2897 830 2914 υ
843 2899 907 2926 ibid.
925 2898 951 2926 8.
990 2892 1097 2928 a'niidf
1110 2901 1135 2928 9.

954 277 1133 304 resistentia?
1156 276 1345 304 Recusandum
1370 278 1452 311 igitur
1467 286 1513 306 eos
1527 279 1571 314 qui
1590 284 1642 306 tam
1660 279 1740 308 malis

953 322 1039 356 culpis
1064 323 1173 349 obnoxii
1199 327 1271 355 sunt,
1295 323 1350 351 sive
1365 325 1390 349 in
1410 324 1479 351 vivis
1500 329 1572 359 sunt,
1595 325 1651 352 sive
1673 332 1737 352 non.

952 368 993 394 Ah
1010 368 1055 395 illo
1067 369 1139 396 enim
1155 369 1227 403 quod
1244 375 1332 401 nocet,
1349 370 1476 398 recedere
1487 373 1668 398 necessarium
1679 375 1738 402 est;

951 420 978 441 et
1000 415 1102 442 nonad
1126 423 1270 450 personam
1292 416 1439 450 respicere,
1469 417 1516 444 sed
1543 417 1569 445 id
1594 418 1664 453 quod
1684 418 1740 445 Deo

952 462 1051 496 placet,
1068 467 1175 497 oportet
1190 463 1374 490 considerare.

1140 520 1166 546 7.
1179 519 1222 546 Ea:
1237 520 1351 547 secundo
1365 520 1431 547 libra
1444 520 1548 555 Cyrilli.

1262 585 1431 605 TIlEODORUS.

990 654 999 670 t
1019 643 1087 677 Quid
1104 650 1145 672 est
1159 646 1239 672 homo
1252 646 1323 679 quod
1347 652 1449 673 memor
1464 654 1493 673 es
1509 646 1566 679 ejus
1581 647 1592 674 ?
1607 653 1653 674 aut
1667 648 1738 676 ﬁlius

952 691 1079 721 hominis.
1098 692 1169 726 quod
1188 692 1282 719 visitas
1297 700 1357 719 eum
1371 692 1415 719 3“'2
1435 702 1443 718 ι
1463 692 1667 721 Consideremus
1684 696 1737 730 igi-

952 744 1005 768 tur,
1031 738 1090 771 quis
1116 738 1192 764 homo
1215 738 1264 769 sit,
1289 739 1321 765 de
1346 747 1398 772 quo
1418 740 1539 772 stupescit
1565 745 1588 766 et
1613 741 1739 773 miratur,

951 785 1020 818 quod
1048 783 1202 818 Unigenitus
1223 785 1347 819 dignatus
1372 790 1407 812 est
1427 785 1484 819 ejus
1505 787 1657 812 memoriam
1679 787 1740 813 risi-

952 831 1131 865 tationcmque
1160 830 1257 864 facere.
1284 830 1336 858 Sed
1356 832 1424 864 quod
1450 832 1552 866 quidem
1572 840 1623 859 non
1639 833 1740 859 dictqu

951 881 988 902 est
1015 877 1046 903 tle
1068 877 1155 908 omni,
1186 879 1214 903 in
1240 878 1419 910 superioribus
1445 878 1655 905 demonstratum
1681 885 1739 906 est:

950 923 1020 957 quod
1037 927 1125 950 autent
1144 931 1194 949 non
1209 924 1240 950 de
1258 932 1310 950 uno
1330 924 1454 958 quolibet,
1472 928 1497 950 et
1512 925 1560 951 Itoc
1575 931 1673 952 certum
1687 931 1737 952 est.

952 967 985 994 Ut
1008 974 1094 994 autent
1120 969 1209 995 omnia
1237 969 1490 1002 malet-mittamus,
1518 971 1587 1005 quod
1618 971 1741 998 omnibus

949 1012 1102 1039 credibilius
1117 1018 1165 1046 est,
1182 1013 1354 1047 apostolicum
1374 1015 1551 1042 testimonium
1566 1017 1738 1050 accipiamus.

951 1058 1046 1084 Scribit
1075 1059 1157 1092 igitur
1184 1058 1327 1092 Apostolus
1351 1060 1386 1085 ad
1410 1057 1544 1092 Ilebrtnos,
1570 1069 1682 1088 narrans
1708 1063 1740 1088 de

951 1103 1066 1134 Christo,
1083 1111 1278 1140 personamque
1292 1112 1367 1130 suam
1384 1113 1437 1132 non
1459 1106 1644 1139 acceptabilem
1668 1109 1739 1140 apud

949 1158 992 1176 eos
1010 1149 1179 1183 conﬁrmans,
1193 1150 1230 1176 ita
1245 1150 1327 1182 dicit;
1341 1150 1499 1184 testiﬁcatus
1514 1156 1551 1178 est
1565 1161 1624 1179 vero
1636 1153 1736 1179 alicubi

949 1196 1058 1230 quidam
1075 1194 1184 1222 dicens:
1202 1205 1211 1220 ί
1230 1196 1299 1229 Quid
1324 1201 1365 1223 est
1391 1196 1471 1223 homo
1486 1198 1556 1231 quod
1579 1206 1683 1225 memor
1709 1208 1740 1227 es

949 1241 1017 1275 ejus,
1049 1246 1096 1268 aut
1115 1241 1186 1269 ﬁlius
1202 1242 1330 1273 hominis,
1354 1243 1425 1277 quod
1447 1243 1542 1271 visitas
1557 1244 1641 1271 cuin?
1657 1245 1740 1272 Mino-

950 1288 1014 1314 rasti
1029 1294 1090 1314 eum
1107 1287 1185 1321 paulo
1200 1288 1290 1315 minus
1307 1288 1341 1315 ab
1358 1289 1478 1324 angelis,
1496 1290 1579 1324 gloria
1593 1296 1619 1318 et
1637 1291 1739 1319 honore

949 1333 1087 1360 coronasti
1102 1341 1176 1365 eum,
1190 1339 1217 1360 et
1229 1335 1395 1361 constituisti
1409 1343 1471 1362 eum
1489 1344 1570 1370 supra
1589 1345 1671 1372 opera
1686 1346 1740 1364 ma-

949 1387 1032 1406 nunm
1065 1385 1197 1406 tuarum:
1229 1381 1321 1407 omnia
1358 1380 1498 1415 subjecisti
1533 1383 1584 1409 sub
1623 1383 1738 1417 pedibus

949 1426 1006 1458 ejus
1023 1426 1043 1441 ³¹
1058 1434 1065 1457 ;
1081 1435 1089 1451 ι
1104 1431 1128 1452 et
1143 1434 1201 1452 cum
1217 1426 1395 1453 testimonium
1413 1427 1536 1459 dixisset,
1563 1428 1738 1463 interpretans

949 1471 1033 1505 ipsum
1057 1472 1146 1498 intulit
1166 1480 1175 1498 :
1195 1481 1204 1497 t
1223 1472 1398 1506 Suhjiciemlo
1424 1479 1514 1500 autem
1541 1474 1644 1507 omnia,
1670 1475 1738 1501 nihil

948 1516 1117 1545 dimisitnon
1135 1518 1296 1550 subjectum.
1322 1517 1401 1545 Modo
1423 1523 1513 1546 autem
1529 1520 1645 1546 nondum
1665 1521 1738 1547 vidc-

950 1569 1010 1588 mus
1021 1563 1112 1588 omnia
1129 1562 1152 1589 ei
1174 1562 1295 1596 subjecta
1315 1562 1348 1589 ³³.
1372 1572 1382 1587 ι
1409 1562 1442 1589 Et
1457 1564 1512 1598 quis
1526 1564 1603 1590 homo
1621 1569 1668 1596 est,
1690 1565 1737 1591 do-

949 1616 1009 1634 cens
1024 1615 1082 1640 nos,
1100 1609 1224 1642 quoniam
1240 1608 1350 1634 dubitur:
1368 1614 1425 1635 erat
1446 1618 1462 1635 α
1485 1618 1545 1636 voce
1564 1611 1653 1645 posita
1666 1612 1738 1645 apud

949 1653 1053 1679 beatum
1078 1653 1175 1685 David,
1200 1655 1289 1680 intulit
1311 1663 1320 1681 .'
1338 1664 1347 1680 t
1372 1654 1455 1682 Paulo
1478 1660 1567 1683 autem
1592 1657 1684 1684 minus
1704 1660 1738 1683 ab

948 1698 1053 1732 angelis
1073 1699 1236 1726 minoratutn
1257 1700 1380 1727 videmus
1402 1699 1505 1733 Jesunt,
1534 1707 1645 1736 propter
1675 1711 1737 1737 pas-

948 1744 1051 1771 sionem
1079 1746 1174 1771 mortis
1201 1745 1286 1780 gloria
1315 1751 1341 1773 et
1369 1747 1474 1775 honore
1494 1753 1654 1776 coronatum
1673 1749 1705 1775 ³³.
1724 1760 1734 1775 ι

948 1790 978 1817 Si
1000 1792 1083 1826 igitur
1098 1800 1132 1818 ea:
1151 1791 1302 1827 Evangeliis
1326 1794 1431 1828 quidem
1459 1795 1606 1827 erudimur,
1630 1796 1664 1822 atl
1681 1796 1736 1822 00--

948 1837 1047 1863 minum
1064 1838 1163 1864 dixisse
1180 1838 1283 1865 beatum
1304 1839 1390 1866 David
1409 1841 1496 1866 omnia
1517 1849 1575 1874 qua:
1590 1846 1649 1867 sunt
1665 1842 1739 1876 psal-

948 1882 995 1915 mi,
1018 1887 1042 1909 et
1061 1887 1166 1914 ca’tera.
1193 1889 1218 1910 et
1240 1884 1313 1918 quod
1335 1892 1440 1912 memor
1461 1894 1501 1917 es,
1528 1891 1552 1912 et
1580 1887 1686 1919 visitas,
1712 1893 1736 1913 et

948 1930 1102 1962 :ninorasti,
1129 1935 1152 1956 et
1181 1931 1331 1964 subjecisti,
1364 1939 1396 1958 ea:
1421 1932 1546 1965 Apostolo
1568 1941 1626 1960 vero
1641 1932 1735 1960 Iesum

947 1985 1002 2003 esse
1013 1977 1150 2009 discimus,
1167 1977 1199 2003 de
1215 1985 1266 2008 quo
1280 1977 1387 2009 loquens
1402 1978 1487 2006 David
1502 1979 1576 2010 dicit,
1590 1980 1661 2014 quod
1678 1982 1738 2014 ejus

947 2030 1047 2048 memor
1072 2027 1118 2054 est,
1140 2028 1163 2048 et
1185 2023 1254 2056 quod
1270 2031 1329 2050 eum
1345 2024 1468 2056 visitavit,
1492 2025 1537 2051 sed
1560 2026 1638 2052 etiam
1662 2028 1733 2061 quod

948 2067 1037 2092 omnia
1053 2067 1162 2101 subjecit
1182 2068 1215 2100 ei,
1236 2076 1296 2094 cum
1316 2068 1397 2102 paulo
1419 2069 1505 2095 minus
1520 2070 1552 2096 ab
1568 2071 1669 2104 angelis
1684 2073 1736 2098 mi-

948 2117 1065 2138 norasset
1096 2121 1165 2146 eum,
1191 2119 1289 2140 cessate
1311 2113 1348 2140 vel
1381 2114 1424 2141 cia;
1446 2115 1590 2150 aliquando
1610 2125 1626 2143 (ι
1649 2124 1735 2145 vestra

946 2157 1120 2190 impudentia,
1141 2164 1325 2192 cognoscentes
1343 2159 1413 2194 quod
1424 2164 1533 2194 oportet.
1555 2160 1653 2188 Videtis
1663 2164 1734 2189 enim

946 2203 1081 2230 hominum
1099 2204 1307 2237 sceleratissimi,
1323 2211 1422 2240 quanta
1437 2211 1593 2234 naturarum
1605 2213 1642 2235 est
1659 2209 1735 2244 diffe-

947 2248 1042 2280 rentia,
1058 2250 1128 2283 quod
1141 2249 1183 2275 Ιιὶε
1196 2250 1300 2282 quidem
1315 2251 1479 2284 stupefactus
1496 2258 1545 2283 est,
1562 2253 1624 2287 quia
1638 2260 1662 2281 et
1679 2263 1734 2281 me-

949 2302 1006 2320 mor
1022 2302 1077 2321 csse
1095 2295 1206 2322 hominis
1225 2296 1360 2330 dignatur,
1380 2302 1404 2323 et
1416 2297 1522 2325 visitare
1542 2307 1611 2332 eum,
1624 2307 1733 2328 uetera—

948 2347 1056 2374 rumque
1071 2342 1224 2374 participem
1246 2342 1342 2377 facere,
1365 2352 1475 2377 quarunt
1498 2352 1557 2371 eum
1580 2347 1733 2380 participem

945 2386 1005 2419 fecit
1021 2395 1030 2413 .'
1051 2387 1095 2414 ille
1108 2396 1166 2414 vero
1181 2397 1195 2414 e
1208 2390 1343 2417 contrario
1364 2391 1488 2424 miratur,
1505 2393 1575 2424 quod
1597 2398 1732 2420 tantorum

947 2432 1076 2466 particeps
1095 2441 1150 2460 esse
1168 2442 1248 2468 supra
1271 2443 1346 2462 suam
1366 2443 1488 2463 naturam
1509 2433 1605 2465 meruit
1625 2447 1635 2465 :
1650 2444 1674 2465 et
1691 2440 1733 2466 ltic

947 2479 1051 2512 quidem
1082 2484 1206 2515 tanquam
1236 2481 1390 2515 beneﬁcium
1411 2484 1476 2511 dans
1502 2485 1677 2519 miriﬁcatur,
1707 2491 1734 2513 et

946 2533 1042 2559 magna
1061 2531 1202 2560 prwstans,
1225 2532 1250 2554 et
1272 2537 1351 2562 supra
1365 2537 1490 2556 naturam
1509 2531 1566 2565 ejus
1579 2532 1623 2563 qui
1638 2541 1732 2559 conse-

944 2571 1035 2605 quitur
1062 2572 1216 2606 beneﬁcium
1240 2581 1249 2599 :
1275 2575 1320 2601 ille
1341 2584 1400 2602 vero
1425 2581 1550 2611 tanquam
1578 2578 1730 2612 beneﬁcium

945 2624 1113 2651 consequens,
1139 2623 1162 2645 et
1186 2619 1303 2654 majora,
1328 2628 1406 2654 quam
1420 2626 1468 2654 est,
1487 2622 1519 2648 ab
1533 2630 1563 2649 eo
1574 2623 1730 2656 suscipiens.

1270 2683 1407 2703 CHIIHJJS.

982 2729 1070 2757 Sohrii
1096 2735 1184 2758 estote
1205 2731 1227 2747 ³⁵
1251 2732 1320 2759 ebrii
1341 2740 1373 2760 ex
1390 2733 1453 2760 vino
1469 2741 1573 2767 eorum,
1598 2734 1731 2762 declamet

946 2775 1044 2809 aliquis
1059 2775 1098 2803 sic
1113 2777 1269 2804 errantibus
1283 2788 1288 2804 :
1302 2787 1310 2803 ι
1324 2777 1443 2812 lmpone,
1460 2780 1550 2812 homo,
1569 2785 1619 2807 tute
1634 2780 1732 2814 lingat:

952 2864 1060 2905 "intra:
1073 2873 1097 2905 ἰ,
1177 2901 1194 2905 υ
1212 2867 1317 2905 ﬁl’sal.
1334 2875 1388 2905 Lvt,
1402 2867 1432 2902 7;
1452 2877 1544 2901 cxux,
1558 2868 1593 2905 ϐλ
1610 2876 1682 2900 cxtt,
1694 2867 1724 2895 ll.

1177 2901 1219 2929 ³⁸1
1236 2902 1308 2930 Pctr.
1325 2911 1349 2935 ν,
1367 2904 1392 2930 8.
