1872 3057
147 172 158 200 I
168 172 217 201 “5

664 170 694 198 S.
713 169 852 199 CYlilLLl
870 167 1104 198 ALEXANDRINI
1123 167 1284 196 ARCHIEP.

1726 163 1782 192 1444

145 233 245 260 ostium
271 235 298 258 et
324 237 410 259 seram
430 229 453 246 "
470 238 477 257 :
495 236 572 257 cessa
596 237 681 257 cornu
712 230 741 257 in
767 229 937 256 altitudinem
953 230 974 258 Α
988 229 1055 255 duo:
1072 228 1143 261 ﬁlios
1160 227 1287 255 dicemus.
1302 226 1356 254 Sed
1367 234 1425 253 ecce
1441 230 1465 253 et
1485 223 1582 252 Filius
1605 222 1697 250 dictus
1710 228 1745 249 est
1758 225 1781 250 is

145 276 289 309 extollens,
297 279 324 303 et
333 275 446 310 loquens
454 275 627 310 iniquitatem
636 275 780 302 adversum
792 275 873 302 Deum
883 274 916 301 ³⁸.
923 283 933 299 ι

146 322 294 356 Quousque
311 321 426 349 insultas
440 321 553 355 patienti
569 320 700 348 Christo?
715 319 743 347 ln
760 325 850 347 mente
866 319 936 347 habe

145 368 217 402 quod
234 367 365 402 scriptum
385 371 428 395 est
442 374 457 394 a
470 366 562 394 divino
578 365 661 394 Paulo
678 375 685 393 :
707 375 716 392 ί
737 366 784 394 Sic
798 373 862 394 vero
875 374 937 401 pec-

147 418 243 440 cantes
257 413 283 440 in
303 413 413 445 fratres,
437 417 465 440 et
489 413 674 447 percutientes
688 419 782 439 eorum
800 411 936 439 inilrmam

146 459 353 492 conscientiam,
381 459 408 486 in
435 458 574 486 Christum
599 458 719 493 peccatis
744 458 777 485 ".
808 468 818 484 ι
847 457 880 484 Et
908 462 937 484 ut

146 505 248 539 aliquid
274 505 358 532 etiam
385 513 419 533 ex
449 505 617 540 propheticis
646 505 743 539 loquar
773 504 934 532 codicibus:

149 561 158 577 ι
176 550 329 579 Justilicata
351 557 415 579 sunt
430 551 550 579 Sodoma
563 559 596 578 ex
613 555 649 584 te,
667 551 802 585 superasti
817 557 936 585 pagano-

147 606 206 625 rum
222 598 414 630 verbositates,
439 606 508 633 quas
529 597 652 625 fecerunt
670 601 765 624 contra
782 596 934 628 Christum,

146 644 288 672 stultitiam
324 644 512 671 existimantes
540 651 647 670 crucem
673 642 707 674 ³⁸,
735 651 744 668 ι
778 641 845 669 nihil
874 648 936 668 esse

145 691 288 718 ostendisti
321 689 443 718 Iudaica!
475 690 608 724 superbia:
640 689 767 716 crimina.
799 687 937 714 Minorare

146 737 299 771 praesumis,
320 741 347 764 et
365 737 435 771 quod
449 736 482 763 ad
507 742 533 763 te
559 735 685 770 pertinet,
705 733 827 762 detrahis
844 733 878 760 ad
897 733 937 759 in-

146 781 256 808 famiam
279 789 340 808 eutn
361 781 407 816 qui
433 788 566 816 supernas
590 780 668 807 sedes
685 779 826 810 concedet,
841 784 868 805 et
885 785 936 805 una

146 834 208 854 cum
223 827 276 855 Deo
289 832 316 854 et
333 826 413 854 Patre
424 826 547 853 eatndem
561 826 652 853 sedem
672 826 763 852 habet.
782 825 849 852 Eum
864 825 936 852 enim

146 874 192 908 qui
205 881 238 901 ex
249 873 364 901 mortuis
381 873 543 905 resurrexit,
560 872 586 899 in
601 872 711 900 sedibus
724 872 832 899 deitatis
843 872 938 899 sedere

147 919 212 947 dicit
245 919 465 954 sapientissimus
494 918 604 945 Paulus.
631 917 706 944 Dixit
740 918 832 950 enirn,
864 917 936 952 quod

149 975 159 992 ι
180 965 259 993 talem
279 965 410 992 habemus
425 964 574 998 principem
592 964 775 995 sacerdotum,
799 963 844 997 qui
862 963 938 989 sedet

146 1011 174 1038 in
195 1011 305 1038 dextera
328 1011 401 1037 sedis
428 1009 581 1043 maiestatis
602 1009 629 1036 in
652 1008 771 1036 excelsis
785 1008 818 1042 ",
833 1008 880 1043 qui
895 1012 937 1035 est

146 1065 229 1092 super
252 1064 360 1083 omnem
378 1055 574 1090 Principatum,
602 1061 629 1082 et
643 1055 821 1087 Potestatem,
838 1059 865 1082 et
883 1054 937 1082 Do-

147 1103 333 1135 minationem,
352 1107 379 1130 et
396 1109 493 1130 nomen
508 1103 579 1137 quod
596 1103 762 1134 nominatur,
776 1109 829 1129 non
847 1101 935 1128 solum

151 1150 178 1177 in
194 1149 245 1177 hoc
262 1148 372 1182 saeculo,
393 1149 440 1175 sed
463 1153 491 1175 et
511 1148 537 1174 in
556 1148 647 1174 futuro
663 1146 697 1174 “.
714 1147 844 1174 Flectitur
865 1147 938 1174 enim

148 1196 173 1223 ei
190 1202 269 1223 omne
291 1201 372 1230 genu,
397 1198 425 1221 et
450 1193 541 1220 omnis
569 1192 659 1228 lingua
688 1193 842 1226 confitetur,
867 1192 939 1227 quod

149 1240 279 1268 Dominus
296 1239 378 1266 Jesus
397 1239 521 1266 Christus
537 1238 562 1265 in
575 1238 661 1273 gloria
678 1242 720 1265 est
740 1238 785 1265 Dei
801 1237 889 1265 Patris
904 1237 938 1265 “.

148 1287 182 1314 Et
195 1286 256 1320 quis
276 1290 319 1312 est
340 1285 387 1319 qui
404 1285 431 1312 in
450 1284 493 1311 his
513 1288 556 1312 est
573 1288 702 1318 tanquam
724 1283 816 1311 Deus?
837 1283 936 1310 lterum

148 1332 217 1359 idem
238 1331 295 1366 ipse
317 1329 482 1364 explanavit,
499 1329 543 1364 qtti
557 1328 617 1363 ejus
633 1329 825 1364 mysteriorum
840 1335 934 1356 sacer-

148 1377 196 1404 dos
216 1381 268 1403 est.
291 1375 365 1402 Dixit
377 1375 460 1406 enim,
474 1375 545 1409 quod
563 1383 572 1400 α
589 1374 742 1402 exinanivit
754 1374 885 1409 seipsum,
906 1374 934 1401 in

147 1420 324 1448 similitudine
345 1420 465 1448 hominis
489 1419 577 1447 factus
601 1425 653 1451 est,
678 1424 706 1447 et
731 1419 757 1446 in
782 1419 875 1447 habitu
897 1419 939 1447 itt-

147 1471 244 1495 ventus
258 1472 387 1501 tanquam
415 1466 515 1494 homo:
536 1470 563 1493 et
580 1465 736 1493 humiliavit
763 1466 882 1501 seipsum
899 1465 938 1493 fa-

147 1518 207 1540 ctus
223 1512 353 1540 obediens
377 1519 463 1546 usque
489 1512 522 1539 ad
548 1518 683 1545 mortemI
711 1514 825 1539 mortem
848 1516 937 1540 atttem

147 1559 237 1586 crucis
250 1558 283 1584 “.
302 1557 433 1585 Flectitur
457 1558 538 1592 igitur
557 1565 638 1585 omne
653 1565 722 1594 genu
740 1557 891 1586 caelestium
908 1562 936 1585 et

149 1604 320 1632 terrestrium
342 1609 369 1632 et
386 1605 536 1631 inferorum
552 1605 576 1632 ei
594 1604 639 1639 qui
657 1612 766 1632 crucem
784 1604 933 1632 sustinuit:

147 1658 228 1685 quem
248 1650 323 1686 puris
345 1655 371 1678 et
390 1649 455 1677 solis
471 1649 647 1677 humanitatis
662 1649 797 1677 mensuris
811 1649 936 1684 injiciens

147 1696 334 1727 adversarius,
363 1696 521 1723 memoriam
544 1699 570 1723 et
594 1695 778 1723 visitationem
802 1695 936 1722 meruisse

150 1742 214 1768 dicit
230 1749 244 1768 a
261 1741 315 1768 Deo
329 1741 428 1772 Verbo,
443 1749 503 1768 cum
519 1745 594 1768 certe
607 1746 714 1776 oportet
729 1743 800 1768 scire
814 1745 841 1768 et
855 1749 935 1776 sape-

150 1795 190 1818 re,
209 1788 278 1822 quod
295 1795 346 1814 non
360 1787 427 1814 alter
438 1786 510 1814 Detts
529 1787 646 1815 Verbum
660 1791 720 1814 erat
735 1792 833 1822 praeter
845 1787 934 1821 ipsum

149 1833 235 1860 Filius
254 1833 399 1868 separatim
424 1838 453 1859 et
478 1840 525 1867 per
551 1837 666 1867 partem,
693 1833 738 1867 qtti
767 1841 801 1860 ex
831 1833 937 1860 semine

153 1878 246 1910 David,
263 1879 332 1906 sicut
356 1878 431 1910 dicit,
457 1878 559 1905 homo:
579 1877 625 1905 sed
655 1883 713 1905 erat
742 1878 800 1913 ipse
821 1885 855 1905 ex
881 1877 936 1905 Deo

149 1923 229 1951 Patre
246 1923 317 1951 Deus
339 1923 469 1954 Verbum,
487 1923 580 1950 'faetus
599 1924 747 1950 secundum
769 1931 830 1956 nos,
854 1923 936 1950 homo

147 1969 284 2000 videlicet,
300 1974 326 1995 et
346 1977 397 1995 non
416 1969 497 1995 alium
513 1970 658 2003 quemdam
678 1970 767 2004 magis
792 1977 873 2004 quam
891 1977 936 1996 se-

150 2015 237 2050 ipsum
252 2015 405 2042 visitatione
417 2019 444 2041 et
457 2014 586 2041 memoria
598 2014 721 2048 dignaris.

387 2083 414 2110 8.
433 2082 464 2109 Et
476 2091 508 2110 ea:
522 2083 612 2110 eodem
628 2083 705 2110 libro.

457 2147 626 2167 THEODORUS.

183 2209 327 2236 Certabunt
335 2208 395 2242 jam
406 2207 438 2234 ab
450 2208 600 2242 impudente
616 2215 704 2242 pugna
715 2208 727 2235 7
737 2207 860 2234 desistent
876 2216 935 2235 vero

148 2263 214 2282 enim
226 2255 404 2285 contentione,
419 2253 600 2280 erubescentes
612 2254 746 2280 dictorum
759 2253 935 2280 evidentiam?
952 2270 973 2297 Β

148 2301 247 2328 Multos
265 2301 348 2332 enim,
360 2301 433 2332 dicit,
447 2300 518 2332 ﬁlios
534 2301 560 2326 in
578 2300 689 2334 gloriam
704 2300 850 2326 ducentem.
867 2299 934 2327 Ecce

148 2348 231 2382 igitur
251 2347 279 2373 in
302 2347 405 2373 ratione
428 2346 566 2379 ﬁliationis
589 2354 779 2373 connumerana
795 2346 937 2380 Apostolus

147 2398 254 2426 apparet
271 2397 434 2426 assumptum
452 2393 583 2418 hominem
600 2392 712 2424 caeteris,
726 2400 777 2418 non
791 2393 935 2419 secundant

147 2438 216 2473 quod
234 2437 357 2464 similiter
379 2436 433 2462 illis
448 2436 589 2470 [iliationis
613 2437 744 2469 particeps
763 2441 812 2468 est,
836 2437 881 2463 sed
893 2444 935 2462 se-

147 2483 262 2510 cundum
281 2482 351 2517 quod
366 2482 489 2509 similiter
501 2482 615 2516 gratiam
628 2481 770 2515 assumpsit
784 2481 933 2515 ﬁliationis,

146 2529 245 2556 deitate
262 2528 319 2555 sola
337 2527 484 2554 naturalem
499 2527 653 2561 ﬁliationem
663 2527 820 2561 possidente.
829 2526 934 2554 Certum

148 2575 218 2601 enim
235 2579 275 2602 est
290 2574 368 2608 illud,
386 2574 456 2608 quod
468 2573 606 2608 ﬁliationis
616 2573 700 2608 gloria
716 2578 812 2608 prit'ter
827 2577 934 2600 ca'teros

146 2621 264 2647 homines
286 2621 350 2646 inest
369 2620 392 2646 ei
410 2620 541 2653 prwcipue
563 2627 609 2653 per
629 2620 757 2645 unitatem
776 2626 834 2652 quit
848 2618 933 2644 estad

146 2666 231 2691 illum.
249 2665 323 2692 Unde
343 2670 366 2692 et
387 2665 414 2691 in
438 2666 495 2698 ipsa
511 2673 572 2690 voce
592 2663 757 2698 signiﬁcante
775 2663 884 2694 Filium,
901 2663 934 2689 si-

148 2711 246 2737 militer
260 2712 340 2738 etiam
362 2710 406 2737 ille
424 2710 663 2744 comprehenditur.
691 2709 743 2736 Sed
756 2710 934 2736 sermocinan-

148 2760 192 2782 tur
214 2756 249 2782 ad
266 2763 331 2782 nos:
353 2755 382 2782 Si
395 2758 446 2782 duo
460 2755 576 2790 perfecta
589 2755 678 2781 dicitis
702 2755 772 2781 omni
796 2755 884 2786 modo,
909 2759 932 2780 et

183 2844 206 2859 ³⁸
219 2844 289 2870 l‘sal.
307 2851 368 2873 οη,
390 2844 417 2870 5.
452 2844 473 2860 ¹⁶
485 2851 575 2875 Lxxtv,
589 2844 615 2877 5,
633 2843 664 2871 6.

164 2879 244 2912 κει.
283 2878 304 2894 ιι
319 2878 434 2913 Philipp.
449 2886 479 2912 ιι,
497 2879 596 2912 ιο,ιι.
637 2879 738 2906 "ibid.
755 2879 822 2913 7,8.

699 2843 740 2870 ³⁷1
756 2843 819 2870 Cor.
834 2851 894 2874 Vltt,
912 2842 954 2875 Η,
973 2843 1016 2869 12.

861 2879 884 2896 ⁸³
895 2879 971 2906 .loan.
989 2886 1008 2911 ι,
1026 2878 1069 2906 14.

986 274 1076 301 diuina
1097 274 1239 307 Scriptura
1261 281 1307 308 per
1333 273 1461 306 seipsum,
1487 271 1642 298 divinitate
1669 275 1777 304 excepta,

988 320 1092 347 caeteris
1114 320 1263 347 hominibus
1281 323 1496 351 connumeratus,
1527 321 1552 344 et
1582 324 1639 343 non
1654 315 1714 350 jam
1726 317 1781 342 dies

986 364 1098 391 dicimus
1118 363 1198 398 ﬁlios.
1227 363 1301 390 Unde
1320 371 1380 391 vero
1407 362 1493 390 Filius
1515 362 1544 389 in
1566 360 1736 395 confessione
1750 368 1781 387 est

982 410 1067 445 juste,
1088 410 1212 443 quoniam
1241 415 1397 436 naturarum
1411 409 1506 436 divisio
1535 408 1697 435 necessario
1717 407 1781 433 debet

986 463 1148 489 permanere,
1176 459 1200 482 ct
1225 463 1344 490 persona:
1373 455 1458 482 unitio
1478 453 1686 489 indiuipabilis
1701 458 1781 480 cuto-

987 501 1050 527 diri.

1309 565 1449 587 CYRILLUS.

1023 622 1104 658 Papae
1121 623 1274 651 insaniam!
1294 623 1432 659 Ignoravit
1453 621 1638 650 omnifariam
1665 620 1778 648 altitudi-

988 677 1049 697 nem
1064 670 1185 706 mySterii
1205 669 1318 701 Christi,
1337 670 1383 704 qui
1408 669 1445 696 ita
1464 669 1576 704 frigidis
1590 673 1619 695 et
1637 667 1780 702 puerilibus

987 716 1078 742 verbis
1092 715 1210 742 conlisus
1229 719 1280 742 est.
1305 714 1382 747 Quod
1408 719 1499 741 autent
1523 719 1551 741 et
1573 713 1680 748 prolati
1697 713 1780 748 scripti

987 762 1113 788 virtutem
1133 761 1244 788 mininte
1272 760 1409 795 intelligit,
1429 765 1534 788 rectam
1565 767 1636 786 vero
1661 759 1779 786 semitam

988 807 1116 838 declinat.
1137 811 1165 834 et
1185 806 1351 834 transfertur
1372 807 1469 833 iterum
1495 806 1521 833 itt
1546 805 1721 833 sceleratam
1738 805 1781 832 sibi

989 853 1158 888 propositam
1185 853 1376 885 intentionem,
1406 853 1499 880 statim
1529 851 1685 880 docemus.
1713 850 1780 884 Quod

953 903 973 931 Β
988 900 1060 927 enim
1074 905 1138 927 ante
1155 900 1247 927 omnia
1268 899 1388 927 studium
1406 899 1430 927 ei
1451 903 1502 932 est,
1520 907 1624 934 purum
1642 898 1726 926 nobis
1742 899 1783 925 bo-

990 945 1091 972 minem
1106 945 1175 973 velle
1187 947 1379 973 demonstrare
1399 952 1594 973 consessorem
1608 945 1700 978 Patri,
1717 950 1744 972 et
1755 946 1782 972 ab

990 991 1118 1019 universa
1133 997 1260 1019 creatura
1279 997 1409 1026 tanquam
1427 992 1511 1019 Deum
1525 992 1716 1024 adorandutn,
1732 991 1783 1025 ipse

988 1037 1067 1064 testis
1088 1037 1266 1072 ingredietur.
1278 1036 1327 1064 His
1348 1038 1421 1065 enim
1436 1037 1482 1071 qui
1500 1037 1658 1064 secundum
1672 1037 1782 1071 gratiam

989 1081 1038 1109 ﬁlii
1061 1087 1145 1116 sunt,
1170 1087 1198 1110 et
1224 1083 1349 1110 humanae
1382 1082 1549 1109 multitudini
1581 1090 1783 1110 connumerans

989 1135 1061 1160 eum,
1081 1127 1161 1156 Verbi
1175 1128 1302 1156 deitatem
1316 1128 1402 1156 solam
1420 1136 1491 1156 vero:
1507 1128 1657 1156 ﬁliationis
1673 1128 1779 1164 gloriam

990 1175 1090 1202 habere
1111 1175 1262 1209 contendit,
1284 1183 1352 1210 pene
1372 1176 1455 1203 etiam
1479 1175 1631 1211 increpans
1652 1183 1716 1202 eum
1740 1176 1779 1209 qui

989 1227 1101 1256 propter
1111 1229 1160 1249 nos
1175 1222 1390 1249 exinanitionem
1406 1222 1462 1256 pati
1480 1221 1568 1249 voluit
1587 1231 1594 1249 :
1612 1222 1660 1248 vel
1673 1221 1780 1248 forsitan

989 1268 1071 1295 etiam
1096 1268 1232 1303 objiciens
1257 1267 1429 1295 inhonestam
1450 1275 1528 1296 suam
1553 1267 1726 1295 dementiam
1743 1268 1781 1293 di-

989 1313 1096 1348 scipulo
1115 1314 1218 1342 dicenti
1234 1323 1241 1341 :
1260 1323 1269 1339 ι
1287 1314 1321 1341 Et
1333 1313 1451 1341 Verbum
1467 1321 1532 1342 caro
1548 1313 1654 1342 factum
1672 1318 1714 1341 est
1726 1313 1777 1340 ".r

990 1358 1136 1387 Sciendum
1153 1359 1235 1394 igitur
1252 1359 1336 1394 quod,
1351 1359 1414 1387 licet
1425 1367 1521 1394 ‘unum
1536 1359 1639 1387 alicubi
1654 1359 1739 1391 dicat,
1758 1363 1782 1386 et

989 1412 1041 1432 non
1061 1405 1148 1440 magis
1162 1405 1233 1432 duos
1251 1405 1331 1438 ﬁlios,
1349 1405 1462 1440 eiiciens
1476 1406 1588 1433 omnino
1612 1413 1678 1433 esse
1700 1405 1778 1432 Deum

989 1455 1017 1478 et
1032 1450 1129 1478 Filium
1143 1458 1216 1485 eutn,
1237 1452 1284 1486 qui
1301 1452 1373 1479 sicut
1387 1452 1444 1487 ipse
1456 1451 1532 1484 dicit,
1556 1451 1590 1479 de
1613 1451 1723 1479 semine
1741 1456 1779 1478 est

989 1496 1095 1530 David;
1125 1497 1159 1524 ad
1185 1497 1272 1524 solum
1303 1497 1388 1525 refert
1414 1497 1499 1525 Deum
1524 1497 1649 1525 Verbum
1679 1497 1726 1532 qui
1751 1504 1781 1524 ex

990 1542 1047 1570 Deo
1063 1542 1144 1570 Patre
1164 1548 1219 1576 est,
1244 1551 1315 1571 verae
1338 1544 1478 1572 ﬁliationis
1500 1543 1630 1579 gloriam.
1649 1544 1709 1572 Hoc
1724 1551 1782 1571 vero

950 1584 972 1614 C
989 1589 1056 1616 nihil
1083 1589 1156 1616 aliud
1179 1594 1233 1622 est,
1261 1590 1332 1618 sicut
1360 1590 1427 1622 dixr,
1455 1598 1535 1626 quam
1562 1598 1616 1618 non
1646 1591 1783 1626 suscipere

990 1635 1100 1662 modum
1129 1635 1307 1663 humanitatis
1331 1646 1338 1664 :
1368 1637 1480 1664 omnino
1508 1641 1600 1664 autem
1626 1637 1783 1664 interimere

989 1681 1231 1715 dispensationem,
1251 1689 1300 1716 per
1315 1689 1396 1717 quam
1412 1686 1439 1710 et
1462 1681 1530 1710 salvi
1545 1682 1612 1710 facti
1626 1690 1736 1713 sumus.
1755 1689 1780 1710 et

989 1733 1105 1754 mortem
1128 1732 1155 1755 et
1179 1733 1321 1762 peccatum
1351 1728 1550 1762 transivimus,
1579 1733 1610 1756 et
1638 1728 1781 1757 diabolica

989 1773 1111 1800 avaritiae
1127 1773 1221 1809 iugum
1235 1774 1420 1809 deposuimus.

1242 1841 1269 1870 9.
1286 1842 1329 1870 Ea;
1345 1843 1436 1870 eodem
1453 1842 1530 1870 libro.

1300 1918 1467 1939 THEODORUS.

1026 1979 1110 2006 Nemo
1125 1979 1240 2012 artiﬁcia
1255 1980 1490 2014 interrogationum
1508 1980 1670 2014 decipiatur.
1690 1980 1781 2016 Flayio

989 2026 1085 2052 tiosum
1106 2026 1176 2052 enim
1194 2031 1248 2057 est,
1274 2026 1402 2059 deponere
1425 2026 1529 2061 quidem
1552 2030 1654 2052 tantam
1680 2027 1780 2053 testium

989 2072 1098 2105 nubem,
1120 2072 1262 2098 secundum
1279 2072 1349 2106 quod
1373 2072 1513 2106 Apostolus
1536 2072 1605 2098 dixit
1627 2072 1670 2104 “,
1690 2074 1781 2099 astutia

989 2121 1076 2143 autem
1110 2117 1361 2151 interrogationibus
1400 2117 1537 2151 deceptos,
1570 2117 1780 2144 aduersariorum

988 2163 1057 2196 parti
1072 2163 1206 2197 conjungi.
1225 2163 1291 2195 Qucc
1306 2172 1364 2190 vero
1378 2168 1448 2196 sunt,
1462 2172 1520 2198 quia
1539 2172 1599 2190 cum
1624 2169 1684 2190 arte
1704 2165 1781 2191 inter-

989 2208 1101 2242 rogant?
1120 2207 1242 2235 lIominis
1265 2209 1380 2243 genitrix
1401 2209 1500 2241 Maria,
1522 2218 1556 2236 an
1581 2209 1631 2236 Dei
1644 2209 1780 2244 genitriz.’

988 2252 1034 2285 Et.
1050 2254 1094 2288 qui
1111 2254 1251 2288 cruciﬁxus
1266 2259 1303 2281 est
1313 2274 1320 2287 ,
1335 2259 1424 2281 utruut
1448 2255 1519 2282 Deus
1530 2275 1538 2287 ,
1562 2263 1596 2282 an
1612 2256 1714 2282 homo?
1730 2255 1781 2282 Sed

987 2298 1098 2324 istorum
1118 2299 1222 2333 quidem
1240 2305 1310 2326 certa
1334 2305 1372 2326 est
1396 2300 1525 2327 absolutio
1544 2306 1569 2327 et
1591 2309 1625 2327 ea:
1651 2301 1694 2327 his
1723 2309 1780 2334 quae

985 2344 1158 2378 prcedizimus
1187 2345 1216 2371 in
1242 2347 1390 2380 responsis,
1417 2355 1476 2380 qui:
1499 2347 1533 2373 ad
1559 2347 1780 2382 interrogationes

987 2390 1094 2424 fuerunt
1110 2398 1119 2417 τ
1134 2395 1221 2418 tamen
1235 2400 1293 2418 vero
1305 2391 1422 2424 dicatur,
1439 2397 1464 2418 et
1474 2392 1532 2426 jam
1546 2401 1625 2425 nunc,
1637 2401 1698 2428 quia
1709 2401 1780 2420 corn-

985 2437 1108 2470 pendiose
1133 2438 1288 2471 respondere
1309 2443 1427 2471 oportet,
1459 2443 1487 2464 ut
1509 2439 1586 2465 nulla
1613 2440 1651 2466 eis
1678 2439 1779 2466 occasio

986 2483 1092 2509 astutia:
1107 2483 1279 2518 relinquatur.
1293 2483 1359 2510 Cum
1375 2484 1457 2519 igitur
1473 2485 1648 2520 interrogant,
1665 2485 1779 2512 hominis

986 2529 1110 2562 genitrias,
1125 2537 1159 2556 an
1170 2529 1220 2556 Dei
1231 2530 1346 2564 genitria:
1358 2534 1396 2556 est
1412 2529 1500 2556 Maria
1514 2531 1525 2549 ⁷
1536 2531 1646 2557 dicatur
1660 2540 1676 2557 a
1694 2532 1776 2561 nobis,

987 2573 1102 2607 Utraque
1118 2582 1128 2600 :
1152 2582 1232 2600 unum
1258 2574 1362 2609 quidem
1392 2580 1489 2601 natura
1510 2576 1557 2607 rei,
1581 2576 1696 2602 alterum
1720 2584 1776 2602 mo

985 2621 1122 2647 relatione.
1151 2620 1273 2648 Hominis
1296 2622 1365 2648 enim
1389 2622 1508 2657 genitria:
1529 2626 1569 2648 est
1594 2623 1774 2653 naturaliter,

985 2665 1107 2697 quoniam
1123 2666 1200 2692 homo
1213 2672 1270 2692 erat
1287 2667 1315 2693 in
1331 2671 1405 2693 utero
1420 2667 1527 2699 Eorice,
1541 2667 1588 2702 qui
1600 2673 1625 2694 et
1641 2669 1704 2694 inde
1718 2677 1775 2701 pro-

985 2709 1061 2735 ceasit
1077 2717 1086 2735 :
1102 2709 1150 2736 Dei
1173 2715 1260 2736 autem
1284 2711 1414 2745 geniti-ix,
1434 2712 1560 2746 quoniam
1577 2712 1651 2739 Deus
1675 2717 1731 2739 erat
1752 2714 1774 2738 ia

985 2755 1089 2782 homine
1116 2762 1194 2789 nato,
1221 2765 1272 2784 non
1295 2759 1323 2784 in
1346 2766 1376 2785 eo
1403 2759 1616 2794 circumscriptus
1636 2762 1774 2786 secundum

1056 2843 1078 2859 ³⁸
1090 2844 1187 2872 Ezech.
1203 2853 1258 2877 xvr.
1277 2846 1322 2873 52.

1123 2846 1188 2885 lc_c_h._
1203 2853 1258 2877 xw.
1277 2846 1322 2885 53.
1362 2846 1384 2864 "
1397 2847 1480 2876 llcbr.
1497 2854 1555 2881 vnt,
1572 2848 1598 2875 i.

1108 2879 1224 2916 "(Helm
1240 2889 1288 2915 xu,
1308 2882 1333 2909 1.

1639 2848 1662 2865 δ’
1675 2847 1771 2883 Epties.
