1872 3057
108 162 169 191 1665

106 269 217 297 Inntatis.
234 267 326 302 Itaque
341 270 450 300 utraque
463 264 568 299 quidem
584 264 636 290 dici
646 264 749 297 justum
765 268 814 295 est,
832 271 884 289 non

106 321 185 342 autem
201 314 342 340 secundant
361 310 473 338 similent
491 311 628 336 rationem.
651 309 706 336 Nec
729 310 798 336 enim
815 311 882 336 sicut

106 362 174 387 homo
191 360 216 385 in
234 363 307 385 utero
322 362 350 384 ut
365 361 430 384 esset
443 357 553 390 suscepit
579 355 695 386 initium,
709 355 747 382 sic
766 359 792 381 et
815 355 884 382 Deut

112 406 225 433 Verbum.
247 403 314 430 Erat
331 403 399 430 enim
414 407 475 430 ante
489 410 591 429 onmem
606 405 765 428 creaturam.
789 399 884 436 Itaque

105 456 127 478 et
138 455 244 485 utraque
255 448 418 483 dicijustum
435 452 482 479 est,
497 451 521 474 et
536 451 672 481 utrumque
687 454 777 473 eorum
792 454 884 472 secun-

106 498 161 524 dum
172 496 304 531 propriam
318 495 458 521 rationem.
474 492 549 520 Idem
567 498 654 519 autent
677 493 883 526 respondendum

106 549 127 570 et
146 543 167 570 si
192 544 365 576 interrogant,
386 539 457 567 Deus
484 539 625 572 cruciﬁxus
652 544 700 571 est,
725 547 760 565 an
786 538 884 566 homo?

105 589 169 624 quod
182 592 292 622 utraque
305 587 422 621 quidem,
438 594 489 612 non
506 590 592 612 autem
605 585 748 611 secundant
775 584 883 611 similem

106 636 237 663 rationem.
254 633 325 660 Nam
342 633 383 659 hic
402 632 505 668 quidem
525 631 667 664 cruciﬁxus
688 634 737 662 est,
756 634 843 663 utpote
859 633 883 656 et

105 682 246 717 passionem
260 680 412 713 suscipiens,
428 683 452 706 et
469 678 538 712 ligno
557 677 660 712 afﬁxus,
679 681 704 703 et
727 676 760 703 ab
781 675 883 702 Judteir

105 729 219 754 detentus
231 735 241 753 :
258 726 302 753 ille
314 730 414 758 autent,
433 724 503 760 quod
522 728 576 751 erat
591 730 651 750 cum
670 723 726 756 ipso
740 722 883 749 secundum

104 771 252 808 prtedictam
265 778 383 797 causam.

420 833 559 854 CYRILLUS.

697 156 907 185 FRAGMENTA
929 155 1137 184 DOGMATICA.

107 230 232 254 naturam,
247 221 292 248 ted
305 219 373 256 quod
392 219 418 246 in
434 227 464 245 eo
479 222 516 245 est
533 217 675 245 secundum
693 218 817 252 a/fectum
841 226 886 244 νο-
901 219 924 247 Α

1651 151 1720 181 ΙΗΕ

1257 220 1396 241 εγιιιιιυε.

970 282 1103 309 Insaniam
1120 281 1200 315 igitur
1213 287 1275 308 esse
1293 280 1378 311 dicis,
1393 278 1461 306 velle
1478 285 1573 313 sapere
1588 282 1677 310 recte,
1693 282 1721 306 et

935 329 961 356 in
978 333 1068 356 meme
1084 327 1183 355 habere
1197 334 1288 353 veram
1305 331 1333 353 et
1349 330 1448 353 rectam
1465 331 1492 352 et
1509 324 1718 352 inadulteratant

935 373 1036 401 tidem?
1053 381 1114 400 cum
1140 377 1213 400 certe
1238 373 1331 406 plenos
1356 379 1496 399 sermones
1517 371 1630 398 insani-te
1649 371 1722 398 dicat

934 418 1032 452 aliquis
1048 425 1119 450 esse,
1144 422 1171 445 et
1189 416 1270 444 valde
1290 417 1397 448 merito,
1412 424 1458 444 eos
1479 416 1524 450 qui
1549 415 1718 450 unigenitum

936 463 983 490 Dei
998 463 1115 490 Verbum
1137 463 1271 498 abnegant
1296 462 1479 490 introductum
1505 469 1564 489 esse
1587 469 1602 488 a
1625 462 1679 489 Deo
1694 467 1723 489 et

934 509 1014 537 Patre
1027 510 1053 536 in
1070 509 1161 536 orbem
1181 515 1313 536 terrarum
1328 516 1388 535 cum
1403 508 1489 535 factus
1503 514 1544 535 est
1561 507 1722 541 homoiQul

934 556 1006 583 enim
1045 555 1190 582 secundum
1232 559 1355 581 naturam
1393 559 1419 580 et
1451 553 1630 581 diﬂ'erentiant
1663 553 1722 581 aliis

934 602 1059 629 omnibus
1085 601 1207 634 superior
1231 605 1287 633 est,
1313 600 1438 634 quoniam
1466 604 1507 627 est
1535 604 1641 627 creator
1676 607 1723 626 eo-

934 655 1011 680 rum,
1034 652 1061 675 et
1085 651 1187 674 tantum
1211 647 1251 674 eis
1273 646 1486 674 substantialiter
1509 646 1634 681 superior
1663 651 1722 679 est,

934 693 1120 728 superpositus
1156 697 1220 724 est,
1255 698 1386 727 quantum
1420 696 1461 718 est
1498 693 1585 719 miuor
1618 691 1723 719 factura

935 739 1050 771 factore,
1074 739 1212 773 ingressus
1231 742 1273 765 est
1295 738 1321 764 in
1342 737 1436 764 orbem
1461 742 1595 763 terrarum
1617 737 1723 771 quando

936 785 1085 819 appellatus
1106 789 1147 812 est
1163 792 1225 820 pars
1238 784 1306 818 ejus,
1322 784 1468 811 secundutn
1488 784 1559 818 quod
1577 784 1657 811 homo
1673 791 1723 818 ap—

935 831 1035 866 paruit.

136 883 246 918 Insuper
265 888 353 911 atttem
369 882 411 910 his
428 882 510 910 infert
529 882 620 910 statim
634 877 796 916 procederis,
813 879 884 914 quod

978 888 1008 914 Et
1025 891 1082 922 post
1110 895 1205 922 pauca.
1235 886 1319 914 Miror
1349 894 1412 914 vero
1441 886 1625 913 adversarium
1655 886 1724 914 seri-

104 930 245 958 cruciiixus
261 931 341 957 homo
358 933 417 956 erat
443 928 546 956 habens
565 928 648 955 Deum
674 924 882 954 iuﬁabitantem.

137 977 235 1004 lterum
253 975 359 1011 Cyrilli.
373 975 443 1008 Quid
457 974 536 1007 dicis,
558 981 575 1001 ο
589 974 676 1005 fortis,
705 972 751 1000 Dei
769 971 885 1007 genitrix

103 1027 158 1050 erat
173 1028 267 1049 sancta
283 1021 374 1056 Virgo,
393 1021 462 1056 quod
482 1025 547 1047 nato
562 1027 594 1046 ex
615 1019 672 1054 ipsa
693 1019 764 1046 Deus
786 1018 884 1049 inerat.

104 1069 225 1096 habitans
258 1068 404 1095 secundum
446 1067 532 1094 solum
566 1065 691 1093 aifectum
718 1062 886 1091 voluntatis?

105 1114 182 1141 Istam
198 1122 259 1141 esse
280 1113 398 1140 afﬁrmas
420 1112 572 1140 unitatem?
586 1112 655 1147 Ergo
676 1118 736 1138 cum
760 1110 841 1137 etiam
859 1109 885 1136 in

105 1161 180 1188 nobis
194 1160 257 1194 ipsis
271 1160 437 1186 mansionem
467 1158 547 1186 faciat
570 1158 641 1185 Deus
662 1157 796 1184 exsistens
820 1155 886 1182 Ver-

104 1205 164 1233 bum
181 1205 323 1242 (inhabitat
337 1206 408 1232 enim
422 1204 564 1231 animabus
588 1207 743 1230 sanctorum
760 1209 807 1236 per
824 1208 887 1228 san-

103 1258 175 1281 ctum
199 1250 351 1286 Spiritum),
377 1251 566 1278 conﬁtearisne
601 1248 747 1276 secundum
771 1247 886 1274 similem

104 1300 212 1327 modum
221 1298 302 1325 etiam
317 1305 366 1325 nos
376 1297 450 1332 ipsos
468 1296 500 1323 ad
519 1296 607 1331 ipsum
623 1294 723 1322 habere
738 1293 888 1320 unitatem?

104 1344 154 1374 Ubi
168 1345 250 1379 igitur
266 1343 423 1371 miraculum
447 1341 568 1378 mysterii
584 1341 684 1368 Christi
709 1340 823 1373 aspiciat
839 1339 888 1366 ali-

105 1391 186 1426 quis?
202 1389 268 1417 Nam
292 1388 510 1424 quandoquidem
528 1386 649 1414 creditur
670 1386 816 1413 secundum
839 1391 889 1411 nos

106 1437 186 1465 homo
202 1436 259 1464 ﬁeri
275 1435 345 1463 Deus
360 1434 489 1467 Verbum,
505 1432 631 1460 mirabile
648 1437 690 1458 est
711 1439 775 1458 vere
789 1436 889 1465 myste-

105 1483 186 1515 rium,
203 1486 230 1509 et
243 1481 357 1509 oriretur
371 1481 466 1515 utique
476 1478 574 1513 aliquis
593 1479 644 1505 hoc
659 1478 756 1504 merito
768 1481 796 1504 et
807 1476 890 1503 vehe-

105 1533 218 1555 menter.
236 1527 264 1554 Si
287 1531 376 1554 autem
398 1527 423 1553 in
437 1525 547 1552 homine
573 1524 696 1551 habitare
716 1523 823 1550 dicatur
846 1529 890 1549 se-

105 1575 221 1601 cundum
235 1573 359 1601 affectum
377 1571 532 1604 voluntatis,
556 1571 637 1598 aliam
654 1570 735 1597 habet
757 1569 888 1596 rationem

106 1626 150 1646 res
172 1617 392 1653 dispensationis.
424 1616 571 1644 .‘l'leruimus
595 1615 683 1647 enim,
711 1614 781 1641 sicut
807 1613 889 1644 dixit,

104 1664 237 1699 ejusmodi
261 1664 385 1699 gratiam,
418 1663 463 1697 qui
489 1663 551 1694 iide,
580 1669 640 1696 quae
670 1661 696 1687 in
727 1660 813 1694 ipsmn
838 1664 889 1691 cst,

104 1710 301 1744 splenduimus.
317 1709 375 1737 Non
395 1709 467 1736 enim
483 1708 581 1742 aliquis
603 1707 696 1742 utique
717 1705 800 1738 dicat,
821 1705 891 1739 quod

105 1763 160 1782 non
180 1755 332 1782 voluntarie
347 1755 418 1782 inest
432 1753 510 1781 nobis
525 1761 532 1780 :
555 1752 640 1788 magis
655 1759 719 1779 vero
740 1751 892 1778 voluntarie

104 1801 164 1829 sive
179 1801 325 1828 secundum
343 1801 507 1828 voluntatem
527 1799 638 1826 insitam
659 1798 683 1824 ei
705 1797 739 1824 ad
762 1804 811 1824 nos
828 1796 892 1823 θιγε-

105 1852 180 1874 ctum
196 1846 309 1874 fecerat.
327 1846 380 1874 Scd
400 1854 448 1873 nec
465 1853 481 1873 a
497 1853 579 1873 carne
592 1849 693 1872 sanctae
707 1843 826 1878 Virginis
845 1843 893 1869 ini-

105 1893 175 1920 tium
192 1894 315 1920 essentiaz
330 1892 457 1920 habuisse
473 1892 588 1919 dicimus
603 1890 686 1917 Deum
702 1889 830 1922 Verbum,
846 1888 892 1922 qui

104 1939 346 1967 consubstantialis
361 1944 402 1966 est
417 1938 492 1965 Patri
509 1947 515 1964 :
533 1942 591 1965 erat
614 1937 685 1964 enim
710 1943 816 1970 semper
841 1942 891 1961 una

103 1994 168 2013 cum
184 1994 217 2013 eo
233 1986 385 2014 subsistens
400 1995 406 2013 :
425 1985 509 2020 magis
523 1989 614 2012 autem
630 1983 730 2010 scimus
745 1981 892 2009 secundum

104 2039 159 2060 nos
181 2031 281 2059 iactant
305 2039 366 2059 esse
386 2031 534 2058 hominetn.
558 2030 649 2063 Itaque
673 2033 726 2055 lam
748 2027 819 2061 juste
845 2026 893 2053 Dei

103 2078 225 2113 genitrix
241 2077 346 2104 dicatur
363 2085 377 2103 a
396 2077 473 2104 nobis
488 2080 581 2103 sancta
601 2073 694 2108 Virgo,
708 2080 788 2106 quam
805 2071 893 2098 homi-

103 2125 150 2151 nis
166 2123 294 2158 genitrix,
309 2130 370 2150 cum
385 2127 459 2150 certe
473 2121 621 2150 secundum
635 2126 746 2148 carnem
759 2117 893 2146 Christum

102 2169 269 2205 peperisset.

937 934 1033 967 psissc,
1050 934 1120 968 quod
1135 940 1272 966 nunquam
1285 932 1500 966 coniunctionem
1514 934 1545 960 ad
1559 933 1642 960 Deum
1655 932 1724 959 Ver-

937 979 998 1006 bum
1014 979 1156 1006 meruisset
1167 983 1192 1005 et
1205 977 1294 1010 Iesus,
1305 979 1355 1005 nisi
1366 979 1440 1013 prius
1450 979 1637 1006 iuunaculatus
1653 982 1726 1005 esset

937 1024 1048 1050 eifectus
1064 1030 1112 1058 per
1139 1025 1305 1050 unctionem.
1323 1022 1388 1050 Nunt
1410 1024 1517 1058 quidem
1534 1024 1650 1056 primum
1667 1024 1724 1050 dis-

934 1070 1022 1105 iungit
1033 1069 1174 1096 manifeste
1180 1074 1207 1096 et
1214 1069 1329 1096 discerni
1336 1074 1354 1101 ι,
1363 1073 1454 1103 aperte
1465 1070 1531 1096 duos
1538 1070 1631 1096 dicens
1642 1069 1722 1095 Illius.

938 1116 1039 1144 Deinde
1054 1116 1134 1148 dicat,
1151 1116 1260 1150 quando
1273 1115 1343 1142 sicut
1357 1115 1395 1142 ait
1411 1115 1598 1142 immaculatns
1613 1113 1726 1142 euectus

938 1166 989 1194 cst,
1015 1167 1041 1188 ct
1064 1162 1096 1188 ad
1122 1162 1204 1189 Deum
1224 1160 1342 1188 Verbum
1368 1161 1584 1195 conjunctionem
1610 1161 1724 1192 meruit,

939 1213 1028 1235 utrum
1045 1215 1077 1234 ex
1093 1207 1151 1241 ipso
1166 1212 1255 1239 utero,
1268 1211 1313 1233 aut
1327 1213 1388 1233 cum
1405 1206 1541 1233 tricesimo
1557 1213 1628 1232 anno
1642 1211 1725 1234 esset.

939 1253 1065 1281 Pervenit
1079 1253 1187 1287 quidem
1205 1253 1238 1279 ad
1254 1252 1411 1285 Jordancm,
1427 1252 1551 1286 quaesivit
1567 1259 1630 1279 vero
1644 1252 1726 1278 etiam

939 1298 1050 1325 Joannis
1065 1298 1228 1332 baptismum
1245 1297 1278 1324 “.
1296 1297 1323 1324 Si
1340 1297 1448 1332 quidem
1464 1305 1496 1324 ex
1518 1303 1595 1324 utero
1617 1302 1728 1325 sanctus

939 1348 1022 1376 esset,
1048 1343 1183 1378 quomodo
1206 1343 1271 1370 dicit
1290 1347 1414 1370 sanctum
1431 1342 1497 1370 eﬂici
1522 1351 1598 1375 eum,
1624 1347 1651 1370 et
1673 1351 1726 1370 non

940 1391 1025 1426 tangis
1044 1390 1122 1417 esse?
1142 1389 1218 1423 Quod
1238 1389 1310 1416 enim
1331 1389 1432 1416 dicitur
1456 1389 1527 1421 ﬁeri,
1549 1389 1660 1416 omnino
1681 1397 1728 1415 ne-

939 1444 1016 1463 cesse
1037 1441 1079 1463 est
1102 1436 1252 1470 intelligere
1273 1437 1344 1467 quod
1369 1443 1421 1462 non
1447 1440 1506 1462 erat
1529 1435 1600 1469 quod
1627 1434 1726 1462 factum

940 1488 992 1509 est.
1010 1482 1057 1508 Sin
1073 1486 1162 1508 autem
1177 1485 1237 1507 erat
1258 1484 1367 1507 sanctus
1383 1487 1498 1514 semper,
1521 1485 1548 1506 et
1565 1480 1616 1506 hoc
1630 1486 1683 1506 non
1701 1479 1727 1505 in

942 1534 1062 1563 tempore
1078 1527 1165 1554 factus
1180 1530 1232 1559 est,
1256 1526 1390 1560 quomodo
1410 1526 1474 1552 dicit
1496 1525 1626 1560 Spiritum
1648 1532 1729 1559 super

942 1583 1002 1601 emn
1019 1573 1168 1604 devolasse,
1183 1578 1209 1600 et
1231 1571 1423 1606 conjunctione
1447 1571 1556 1606 dignum
1575 1571 1662 1605 ipsum
1683 1571 1731 1597 de-

943 1625 1122 1650 monstrasse,
1144 1622 1171 1646 et
1194 1618 1329 1646 addidisse
1350 1617 1374 1644 ei
1398 1617 1469 1652 qttod
1490 1617 1603 1644 deerat?
1625 1617 1657 1643 Et
1679 1617 1730 1644 hoc

942 1666 1013 1693 enim
1032 1666 1058 1692 in
1085 1665 1145 1692 aliis
1165 1665 1222 1692 suis
1247 1664 1336 1699 posuit
1358 1663 1443 1691 libris.
1469 1662 1537 1696 Quid
1559 1664 1632 1690 enim
1652 1668 1729 1694 erat,

943 1713 1015 1746 quod
1030 1712 1139 1738 omnino
1154 1711 1185 1737 ad
1208 1710 1449 1737 sanctiﬁcationem
1465 1710 1558 1736 dcerat
1578 1709 1601 1736 ei
1624 1716 1655 1736 ex
1672 1709 1731 1743 ipso

943 1763 1031 1787 ulcro.
1047 1757 1132 1791 magis
1147 1763 1211 1783 vero
1225 1761 1251 1783 et
1266 1761 1329 1782 ante
1344 1755 1490 1782 secundum
1507 1762 1615 1782 carnem
1632 1754 1731 1781 nativi-

944 1808 1026 1829 tatem
1042 1807 1135 1829 sancto
1155 1807 1182 1828 et
1199 1801 1386 1833 immaculato,
1403 1806 1430 1827 et
1451 1800 1628 1828 sanctificanti
1654 1808 1730 1827 crea-

945 1849 1056 1876 turam?
1071 1848 1138 1875 Cum
1155 1848 1239 1882 igitur
1253 1847 1335 1880 dicat,
1354 1848 1425 1881 quod
1442 1855 1493 1873 non
1511 1847 1602 1879 utique
1617 1847 1730 1873 uternis-

944 1900 984 1921 set
1009 1895 1088 1922 Jesus
1112 1894 1331 1928 conjunctionetn
1358 1894 1391 1920 ad
1415 1893 1497 1919 Deum
1521 1893 1653 1925 Verbum,
1679 1893 1731 1919 nisi

943 1941 1018 1975 prius
1041 1940 1229 1966 immaculatus
1254 1939 1366 1967 effectus
1388 1944 1473 1971 esset,
1498 1939 1626 1973 plurimas
1650 1938 1730 1966 simul

944 1986 1131 2013 accusationes
1153 1986 1282 2012 adversus
1303 1993 1352 2012 sua
1375 1984 1467 2012 scribit
1484 1984 1647 2018 vaniloquia.
1663 1983 1731 2011 Nam

946 2033 1060 2066 primum
1076 2032 1183 2066 quidem
1201 2031 1357 2059 indecenter
1372 2030 1449 2064 dicit,
1467 2030 1598 2057 meruisse
1614 2040 1621 2057 ι
1635 2030 1732 2057 deinde

945 2077 1074 2112 disjungit
1093 2077 1118 2103 in
1135 2076 1255 2103 alterum
1272 2075 1417 2110 separatim
1433 2074 1541 2107 Filium,
1564 2076 1610 2110 qui
1633 2083 1666 2102 ex
1688 2082 1733 2102 se-

945 2123 1017 2149 tnine
1033 2127 1073 2149 est
1089 2122 1181 2154 David,
1201 2129 1279 2156 quem
1297 2122 1383 2156 ipsum
1408 2121 1493 2148 solutn
1519 2121 1663 2154 separatim
1685 2120 1732 2147 Je-

946 2175 1006 2195 sum
1023 2167 1163 2194 nominare
1179 2166 1348 2201 impudenter
1362 2166 1511 2193 contendit.
1534 2166 1574 2192 Ad
1590 2167 1657 2199 haec,
1679 2166 1731 2193 im-

143 2215 178 2242 Et
192 2221 248 2250 post
265 2215 331 2242 alia.
353 2215 420 2242 Cum
438 2214 511 2242 enim
535 2201 579 2240 adi
595 2212 813 2247 explanationem
842 2211 932 2247 hocD
949 2214 1113 2241 maculatum
1139 2212 1207 2239 etlici
1232 2220 1293 2239 eum
1323 2212 1422 2244 dicere,
1451 2217 1578 2246 tanquam
1602 2211 1654 2239 hoc
1680 2211 1731 2238 ali-

102 2263 278 2298 propositum
291 2267 342 2294 est,
358 2261 429 2296 quod
445 2265 486 2288 est
501 2268 509 2287 :
529 2270 538 2287 ι
554 2260 620 2287 Cum
635 2258 780 2286 introducit
792 2258 894 2293 primo-

102 2309 230 2343 genitum
251 2308 276 2334 in
291 2308 383 2335 orbem
399 2313 541 2339 terrarttm,
557 2307 622 2334 dicit
638 2315 645 2332 :
662 2305 694 2332 Et
705 2305 818 2332 adorent
832 2311 893 2331 eum

104 2354 228 2381 universi
241 2353 327 2389 angeli
345 2353 390 2380 Dei
407 2353 440 2387 ”,
461 2363 470 2379 ι
488 2352 582 2380 scribit
597 2353 692 2380 iterum
707 2351 747 2379 sic
763 2359 771 2378 :

389 2420 433 2448 to.
455 2426 620 2448 rueononus.

144 2477 214 2511 Qui:
228 2483 264 2505 est
279 2478 360 2513 igitur
376 2477 420 2512 qui
441 2477 468 2504 in
483 2477 569 2504 orbem
594 2482 724 2504 terrarum
747 2475 896 2503 introduci-

102 2528 165 2556 tur,
179 2529 202 2550 et
216 2524 419 2550 dominationem
436 2523 493 2558 ejus
510 2523 599 2556 incipit
626 2521 706 2558 [forte
728 2519 845 2557 accipit].
863 2521 895 2547 de

101 2577 162 2604 qua
178 2569 201 2595 ei
226 2574 251 2595 et
267 2570 372 2595 adorari
392 2569 424 2595 ab
447 2569 545 2603 angelis
567 2568 735 2602 acquiritur?
755 2566 811 2594 Nec
828 2567 897 2593 enim

102 2615 245 2642 insaniens
269 2615 366 2649 aliquis
388 2615 459 2642 dicat
480 2614 563 2640 Deum
596 2613 707 2641 Verbum
730 2621 783 2640 esse
812 2614 898 2640 intro-

103 2662 232 2692 ductum,
259 2661 304 2696 qui
332 2661 421 2687 omnia
448 2669 499 2687 non
524 2660 655 2687 exstantia
673 2659 744 2694 fecit,
769 2659 897 2694 ine/fabili

103 2704 170 2740 ejus
189 2705 284 2732 virtute
301 2705 400 2732 donans
414 2706 450 2731 eis
464 2709 493 2730 ut
510 2710 603 2731 essent.

150 2781 268 2810 “Hebr.
283 2789 302 2815 t,
323 2782 350 2815 6,
388 2782 513 2810 “Matth.
533 2790 563 2815 ll,
578 2782 650 2810 t—t7.

150 2863 190 2898 (ι)
206 2862 277 2891 Citat
292 2862 364 2890 hunc
378 2861 465 2891 locum
479 2862 606 2891 Leontius
621 2861 640 2890 l.
658 2869 700 2895 tu,
718 2862 787 2897 apud
802 2861 892 2890 Cinis.
914 2865 932 2888 t.
951 2860 984 2889 IV
996 2861 1084 2896 Antiq.
1099 2859 1158 2889 lect.
1176 2867 1203 2896 p.
1224 2860 1268 2889 93.
1285 2859 1374 2888 HM“).

946 2260 1054 2294 quando
1080 2265 1133 2285 non
1163 2259 1317 2289 habentem,
1347 2258 1489 2292 plurimam
1519 2258 1570 2285 hoc
1598 2258 1677 2286 habet
1704 2263 1733 2285 et

946 2305 1151 2339 blasphemiam.
1169 2304 1266 2332 Uuitus
1289 2305 1360 2332 enim
1384 2305 1454 2332 Deus
1477 2304 1593 2331 Verbum
1618 2312 1650 2332 ex
1674 2305 1733 2339 ipso

949 2356 1024 2378 utero
1039 2352 1114 2378 carni
1130 2358 1195 2383 atrae,
1212 2358 1281 2378 unus
1301 2355 1370 2382 erat,
1392 2354 1419 2378 et
1439 2350 1478 2378 sic
1497 2356 1524 2377 et
1544 2351 1733 2378 immaculatus

948 2395 1049 2428 Filius,
1067 2395 1184 2422 Sanctus
1198 2397 1369 2429 Sanctorum,
1394 2400 1420 2422 et
1445 2395 1477 2422 de
1498 2402 1547 2431 sua
1568 2394 1735 2429 plenitudine.

951 2440 1080 2474 Spiritum
1109 2440 1176 2468 dans
1201 2448 1253 2467 non
1278 2440 1363 2467 solum
1388 2439 1559 2472 hominibus,
1583 2440 1629 2466 sed
1651 2439 1734 2467 etiam

950 2494 1067 2518 sursum,
1082 2491 1110 2514 et
1125 2487 1152 2514 in
1165 2486 1235 2517 caelo
1258 2486 1464 2513 rationabilibus
1483 2485 1637 2512 virtutibus.

1203 2564 1248 2591 tt.
1265 2563 1299 2590 Et
1314 2569 1371 2599 post
1385 2572 1479 2598 pauca.

1262 2636 1425 2656 THEODORUS.

987 2704 1025 2740 (t)
1044 2713 1053 2730 ‹
1072 2703 1218 2732 Multitarie
1230 2703 1376 2739 multisque
1395 2703 1482 2732 modis
1496 2703 1560 2732 olim
1579 2703 1649 2732 Deus
1663 2703 1739 2732 locu-
