1872 3057
143 149 214 178 1M7

617 147 645 175 S.
664 146 802 175 CYRILIJ
823 143 1060 173 ALEXANDRlNl
1083 142 1242 171 AnClllEP.

1723 137 1786 164 1448

145 213 189 235 tus
204 207 326 242 patribus
340 207 367 234 iu
383 206 531 241 prophetis,
549 205 576 233 in
604 206 759 234 novissimis
778 205 872 233 diebus
893 205 937 232 his
952 209 974 236 Α
990 202 1124 230 Theodori
1142 202 1230 236 sequi,
1246 208 1299 228 non
1314 199 1510 227 absolutionem
1536 197 1562 225 ei
1582 195 1787 224 accusationum

145 253 250 280 loculus
264 257 309 280 est
322 253 400 280 nobis
415 253 439 279 itt
463 251 531 279 Filio
546 252 579 284 ⁸⁷,
597 261 606 278 ›
624 252 677 279 Per
698 251 797 278 Filium
814 252 883 278 enim
897 251 937 277 Io-

144 303 220 326 cutut
234 302 271 325 est
290 297 363 324 nobis
377 305 386 323 .'
405 303 555 324 certantes!
574 305 642 329 vero,
658 297 727 332 quod
749 297 780 323 de
802 301 936 330 assumpto

144 345 258 371 nomine.
282 353 290 369 ι
313 343 363 371 Cui
394 344 466 370 enim
491 344 559 370 dixit
582 343 728 378 aliquando
753 342 934 378 angelorum:

146 389 230 416 Filius
246 396 322 416 meus
336 396 366 416 es
383 394 420 422 tu,
432 397 481 424 ego
498 389 578 416 hodie
594 389 672 424 genui
691 394 715 416 te
730 388 772 415 ‘3?
791 398 800 414 ι
825 387 936 414 Nullum

146 435 219 465 dicit.
249 436 403 469 participem
429 435 490 469 fecit
519 435 657 470 dignitati:
686 433 760 461 Filii.
786 433 844 460 ΙΙοε
866 434 935 460 enim

145 480 215 514 quod
229 481 307 514 dixit,
324 482 403 516 genui
418 485 462 513 te.
478 482 554 516 quasi
571 489 617 516 per
639 481 689 508 hoc
709 480 936 515 participationem

145 526 284 560 ﬁtiatianis
298 527 370 553 dedit
381 535 390 553 :
405 528 511 554 omnino
534 535 592 554 vero
613 532 702 561 aperte
718 526 818 553 nullout
838 525 936 552 habena

147 573 181 598 ad
199 571 281 598 Deum
307 572 417 599 Verbum
435 573 659 604 communionem,
677 578 784 607 apparet
805 573 854 599 hoc
868 572 936 607 quod

147 619 244 644 dictum
261 623 309 644 est.

471 673 609 692 εῐκιιιιυε.

182 710 263 738 Certe
280 717 306 738 ίιι
330 712 355 738 in
377 711 597 744 allocutionibus,
614 720 681 746 quas
705 711 769 739 fecit
792 712 824 738 ad
847 713 936 746 bapti-

146 758 257 790 zandus,
277 758 374 784 iterum
398 757 468 784 dixit
492 759 560 785 idem
586 758 769 786 Theodorus:
794 758 852 785 Hoc
877 767 937 785 vero

148 811 199 830 non
215 811 246 829 ea:
260 803 332 830 nobis
344 804 407 837 ipsis
424 804 569 831 invenimus
585 805 773 837 testimonium,
791 806 835 832 sed
848 813 880 831 ea:
896 805 938 831 di-

147 848 206 874 rina
231 849 316 875 edocti
339 857 430 876 sumus
456 847 611 883 Scriptura,
641 850 766 884 quoniam
797 855 820 876 et
848 851 936 877 beatus

989 249 1071 281 facit;
1099 249 1184 283 magis
1211 255 1275 275 vero
1304 247 1475 282 grandiorem
1505 245 1644 272 adversus
1674 250 1737 270 eum
1763 243 1786 270 in

989 294 1191 321 damnationem
1215 293 1286 329 [Ῑογ.
1311 289 1590 326 condemnationem]
1618 290 1785 324 operabitnr.

989 340 1056 366 Dum
1072 340 1143 366 enim
1163 339 1257 366 liceret
1272 339 1296 366 ei
1316 344 1470 366 sanctorum
1494 337 1609 364 Patrum
1637 335 1723 362 rectis
1736 343 1786 361 ver-

988 385 1030 412 bis
1053 390 1080 412 et
1101 385 1282 411 immaculatis
1304 385 1337 411 de
1359 385 1460 411 deitate
1485 382 1666 410 sermonibus
1690 381 1785 415 potiri,

989 432 1168 467 praeposuisse
1184 431 1354 466 dignoscitur
1372 429 1479 457 veritati
1501 429 1690 456 mendacium.
1714 428 1784 454 Prae-

988 479 1106 506 termisit
1119 478 1191 506 enim
1207 486 1267 513 qua:
1284 479 1391 505 illorum
1407 483 1490 511 sunt;
1516 476 1607 511 magis
1623 482 1693 502 vero
1708 475 1784 510 elegit

989 526 1111 560 turpibus
1127 527 1282 557 adhaarere,
1305 529 1333 552 et
1355 529 1408 551 tam
1425 524 1549 551 distortis
1567 523 1712 550 lmtiﬁcare
1726 529 1783 549 ser-

990 571 1126 598 monibus.
1140 571 1217 598 ilunc
1233 579 1296 598 vero
1309 572 1355 606 qui
1369 571 1449 597 talem
1467 571 1551 597 habet
1573 569 1745 596 voluntatem
1760 575 1785 594 et

988 617 1165 650 dementiam,
1183 617 1208 644 in
1227 617 1277 644 hoc
1294 617 1438 644 desiluisse
1463 616 1585 651 iuculpet
1608 615 1727 649 aliquis,
1744 623 1785 640 ar-

989 663 1076 690 bitror
1088 668 1116 689 et
1129 663 1205 689 valde
1226 663 1334 690 tnerito.
1357 663 1506 698 Oportebat
1526 663 1600 689 enim
1626 661 1782 688 memoria'n

989 710 1090 737 habere
1110 710 1274 737 sanctissimi
1295 709 1388 742 Pauli,
1411 710 1490 743 plane
1511 709 1664 736 scribentis
1688 709 1781 734 nobis:

990 766 1001 781 ί
1022 755 1115 782 Estote
1142 757 1289 790 prudentes
1315 755 1488 782 nmnmularii
1509 763 1518 781 :
1543 755 1637 780 omnia
1660 753 1781 787 probate.

988 802 1059 835 quod
1076 802 1176 828 bottmn
1194 805 1234 827 est
1254 805 1342 827 tenete
1357 809 1364 827 :
1382 801 1416 826 ab
1434 799 1507 826 omni
1520 799 1614 833 specie
1640 797 1711 823 mala
1727 799 1783 823 abs,-

991 847 1075 875 tiuete
1094 853 1149 875 'vos
1166 848 1199 873 ".
1221 857 1230 873 ι
1250 847 1326 880 Quod
1342 852 1369 873 et
1388 854 1469 880 agerc
1490 846 1582 878 soliti,
1602 853 1654 872 nos
1675 850 1702 872 ct
1722 845 1782 872 soli-

147 893 249 922 l‘aulus
264 895 302 922 ita
317 895 402 922 dicit:
429 904 438 920 ι
461 895 498 922 Ex
516 881 620 930 quibus
641 881 767 923 Christus
787 897 936 923 secundum
954 881 976 910 Β
991 894 1085 921 dorum
1109 895 1267 928 proltatores
1285 893 1388 921 imitari
1411 892 1592 924 festinantes,
1613 892 1661 937 illi:
1679 892 1781 926 quidem

146 949 270 974 carnem,
285 941 331 976 qui
349 946 390 968 est
412 949 495 976 super
516 942 607 968 omnia
633 941 704 969 Deus
720 942 753 974 δῖ,
773 952 782 968 t
801 952 852 970 non
870 943 940 977 quod

146 995 179 1014 ea:
195 987 298 1014 Judavis
313 992 336 1014 et
352 988 495 1014 secundant
511 996 616 1014 carnem
630 994 678 1021 est,
695 989 739 1023 qui
760 996 838 1022 super
850 989 938 1015 omnia

147 1034 216 1060 Deus
231 1041 288 1066 est;
303 1035 346 1061 sed
365 1034 414 1060 ltoe
433 1035 540 1069 quidem
561 1035 595 1061 ad
615 1035 821 1069 signiﬁcandam
843 1036 938 1061 huma-

147 1089 207 1106 nam
221 1086 344 1106 naturam
365 1080 446 1113 dixit,
464 1089 543 1115 quant
558 1081 590 1106 ab
608 1080 756 1107 Israelitico
774 1089 867 1115 genere
881 1089 938 1108 esse

145 1125 254 1158 sciebat,
271 1125 337 1152 illud
356 1131 443 1152 autem
460 1126 494 1152 ad
518 1126 705 1153 astendemlam
726 1127 842 1153 divinam
859 1131 940 1154 natu-

147 1180 219 1202 ram,
245 1180 322 1207 quam
339 1179 420 1206 supra
454 1172 543 1198 omnia
566 1177 590 1198 et
614 1173 734 1199 omnibus
759 1173 937 1200 dominantem

144 1217 243 1244 sciebat
260 1226 269 1244 :
288 1227 296 1243 ι
310 1218 332 1245 Ο
343 1218 428 1251 surdi,
445 1218 546 1252 audite,
561 1224 600 1251 et,
616 1220 690 1250 czrci,
708 1219 798 1246 videte
810 1220 845 1252 ",
866 1229 875 1245 ι
893 1227 939 1248 ac-

148 1264 275 1290 tlamavit
291 1264 388 1299 aliquis
405 1269 560 1292 sanctorum
577 1267 617 1292 eis
637 1265 682 1300 qui
697 1265 806 1293 fuerunt
827 1272 859 1293 ex
875 1274 940 1293 san-

146 1310 228 1344 guine
243 1310 334 1338 lsrael.
354 1310 409 1345 Ego
424 1316 515 1338 autent
539 1311 670 1344 arbitror,
686 1317 713 1340 ct
736 1312 812 1339 valde
832 1311 938 1344 metito,

146 1356 198 1383 hoc
213 1362 302 1390 aptum
318 1364 379 1384 esse
397 1364 448 1384 non
466 1357 638 1388 habentibus,
651 1357 693 1385 vel
710 1366 762 1384 non
783 1358 939 1386 volentibus

146 1407 222 1428 recte
238 1402 388 1437 intelligere
404 1403 506 1431 Christi
522 1404 693 1439 mysterium.
706 1403 774 1430 Nam
790 1404 940 1431 obetecavit

147 1450 255 1484 quidem
275 1450 345 1477 Deus
360 1450 452 1477 stcculi
471 1451 550 1478 istius
575 1450 769 1485 intelligentias
789 1451 938 1478 inﬁdelium

147 1500 175 1522 et
191 1495 358 1531 intelligibile
376 1497 402 1523 in
427 1502 517 1523 meme
542 1503 569 1523 et
589 1496 615 1523 in
639 1497 721 1524 corde
738 1504 790 1523 non
807 1497 939 1524 habentes

147 1542 245 1570 merito
264 1547 426 1569 erraverunt
442 1543 476 1569 “.
496 1542 523 1569 Si
541 1550 605 1569 vero
624 1543 734 1577 quidam
754 1544 817 1569 sunt
840 1542 940 1569 illumi-
953 1557 975 1586 ο

149 1589 216 1620 nati,
232 1589 317 1623 magis
330 1596 394 1616 vero
408 1589 491 1616 etiam
508 1589 664 1616 doctoribus
680 1589 881 1620 connumerati,
892 1590 939 1623 qui

143 1634 282 1661 similibus
297 1635 400 1662 morbis
416 1635 507 1663 nescio
523 1636 659 1670 quomodo
671 1636 772 1663 detenti
789 1641 863 1669 sunt,
876 1637 940 1670 quid

147 1680 219 1707 aliud
244 1681 284 1708 eis
309 1681 409 1715 aliquis
430 1681 570 1715 acclamet,
586 1689 666 1716 quam
691 1682 742 1709 hoc
762 1683 832 1716 quod
855 1689 869 1708 a
885 1681 940 1709 Deo

147 1727 250 1754 dictum
278 1732 321 1754 est
349 1735 397 1761 per
421 1736 505 1754 unttm
533 1732 689 1755 sanctorum
718 1728 937 1763 proitlietarutn:

147 1783 159 1798 ‹
179 1773 255 1806 Quod
272 1773 386 1808 laqueus
408 1773 471 1800 [acti
494 1773 559 1801 estis
578 1774 693 1808 speculae
719 1775 744 1801 in
769 1774 938 1807 visitatione,

145 1825 174 1846 et
189 1819 258 1846 sicut
283 1820 349 1846 retia
373 1824 486 1847 extensa
503 1820 528 1846 in
543 1821 701 1852 statumine,
717 1828 798 1854 quam
820 1821 868 1855 qui
894 1829 939 1848 ve-

147 1871 258 1897 nantur,
272 1866 444 1892 coritixcruul.
456 1866 500 1892 5’?
519 1875 528 1892 ι
547 1865 597 1899 Qui
614 1867 685 1893 euint
710 1867 938 1902 quamplurimatn

146 1910 292 1937 utilitatem
316 1910 445 1945 subjectis
462 1912 548 1944 magis
572 1912 661 1938 facere
683 1912 792 1944 debent,
817 1912 860 1939 isti
884 1912 940 1940 fue-

146 1960 210 1983 runt
224 1961 251 1982 et
266 1956 388 1990 laqueus,
404 1961 431 1983 et
447 1962 513 1988 rete.
530 1961 556 1983 et
573 1957 694 1984 scandali
713 1959 833 1991 occasio,
851 1963 878 1986 et
893 1967 939 1993 pc-

148 2009 256 2028 taurum
272 2002 382 2029 inferni.
399 2003 434 2029 Et
449 2003 499 2030 ista
523 2003 583 2030 dico
606 2004 721 2030 miratus
743 2004 819 2030 valde
830 2024 837 2036 ,
856 2009 884 2032 et
900 2006 939 2030 vi-

143 2046 212 2073 dere
228 2054 280 2073 non
296 2051 391 2081 potens
406 2048 438 2073 ad
458 2048 521 2082 quid
539 2048 650 2083 respicit
674 2048 788 2076 intentio
812 2050 940 2077 adversa-

148 2092 191 2118 rii.
207 2090 275 2118 Nam
292 2092 434 2119 confessus
448 2093 612 2127 estquidem
632 2094 783 2127 evidenter,
797 2095 868 2130 quod
892 2103 940 2130 per

145 2137 246 2164 filium
263 2137 367 2164 locutus
382 2143 426 2165 est
444 2139 521 2165 nobis
536 2139 607 2166 Deus
621 2145 648 2167 et
672 2140 753 2167 Pater
769 2150 775 2168 :
797 2149 856 2168 esse
876 2150 939 2168 vero

148 2184 228 2210 istum
246 2184 312 2210 dicit
334 2189 503 2224 assumptum
530 2185 677 2220 hominem,
696 2187 798 2214 nullam
825 2188 940 2215 habente

990 947 1050 975 qua:
1065 944 1129 968 sunt
1146 940 1235 974 turpia
1254 945 1281 967 et
1299 940 1414 974 reprobo
1439 940 1565 974 dogmata
1590 939 1782 973 reprobamus.

990 987 1153 1022 suscipimus
1173 995 1239 1014 vero
1259 991 1287 1013 et
1309 986 1386 1013 valde
1409 986 1526 1012 libenter
1543 986 1637 1013 omnia
1660 993 1722 1019 quze
1743 993 1783 1012 re-

991 1033 1135 1068 splendent
1147 1033 1219 1060 clara
1236 1032 1360 1059 veritatis
1377 1032 1592 1066 pulchritudine.
1606 1032 1708 1058 lterum
1724 1039 1784 1058 vero

992 1079 1070 1106 nobis
1091 1080 1158 1106 ratio
1176 1084 1351 1106 convcrtetur
1369 1079 1402 1106 ad
1417 1079 1560 1106 decentem
1578 1079 1603 1105 ei
1621 1083 1649 1105 et
1666 1079 1784 1112 proposi-

992 1131 1045 1152 tam
1062 1126 1143 1153 viam.
1160 1125 1260 1161 Scripti
1278 1131 1342 1153 sunt
1358 1126 1441 1161 igitur
1456 1134 1471 1151 a
1487 1126 1558 1152 bono
1578 1125 1724 1152 Theodoro
1739 1125 1782 1150 ad-

989 1179 1086 1199 versus
1103 1171 1228 1198 haeresim
1251 1171 1416 1199 Arianorum
1440 1177 1468 1198 et
1490 1171 1723 1199 Eunomianorutn
1747 1171 1784 1196 vi-

990 1218 1059 1252 ginti
1081 1226 1149 1253 pene
1176 1225 1289 1244 numero
1311 1218 1353 1244 vel
1379 1217 1524 1252 ampliores
1552 1217 1631 1249 libri,
1659 1226 1709 1244 nec
1734 1226 1783 1244 nou

991 1265 1073 1291 etiam
1088 1264 1147 1296 alii,
1163 1264 1376 1298 interpretantes
1388 1264 1562 1298 evangelicos
1577 1269 1606 1290 et
1620 1263 1784 1298 apostolicos

991 1310 1094 1338 libros:
1113 1317 1182 1345 quos
1200 1311 1311 1345 quidem
1333 1310 1442 1338 labores
1468 1310 1551 1337 nollet
1571 1311 1674 1345 aliquis
1695 1311 1783 1338 incre-

991 1363 1065 1390 pare,
1083 1356 1170 1391 magis
1193 1361 1282 1382 autem
1302 1356 1416 1383 decreto
1433 1355 1554 1383 studium
1577 1356 1742 1387 honorat-et,
1762 1357 1782 1382 si

991 1402 1093 1429 inesset
1115 1403 1155 1429 cis
1177 1402 1332 1436 dogmatum
1357 1402 1504 1429 rectitude.
1528 1401 1557 1428 Si
1583 1410 1652 1429 vero
1675 1402 1782 1436 quidam

991 1453 1066 1476 extra
1087 1449 1251 1476 destinatum
1267 1448 1399 1480 amhulct,
1417 1453 1446 1475 et.
1466 1453 1567 1475 rectam
1586 1449 1662 1475 viam
1681 1449 1783 1475 verita-

993 1495 1028 1522 tis
1043 1495 1211 1530 relinquens,
1228 1503 1276 1530 per
1293 1496 1418 1523 semitam
1439 1500 1482 1522 eat
1501 1495 1664 1527 distortam,
1680 1495 1783 1530 simpli~

991 1542 1150 1576 ciorumque
1164 1543 1247 1570 corda
1260 1542 1401 1575 vulneret,
1423 1542 1639 1568 adulteratorum
1664 1542 1706 1569 eis
1725 1542 1786 1575 inji-

991 1588 1067 1614 ciens
1090 1588 1275 1615 intellectuum
1297 1589 1421 1621 semina,
1442 1592 1507 1615 tunc
1528 1588 1703 1622 requiescere
1733 1596 1785 1615 non

991 1634 1050 1661 sine
1063 1634 1162 1661 damno
1177 1636 1231 1661 erit
1246 1634 1286 1662 eis
1303 1635 1349 1669 qui
1368 1635 1475 1670 populis
1491 1635 1657 1670 praesident,
1679 1643 1786 1662 merce—

991 1681 1052 1707 dem
1070 1688 1133 1707 vero
1150 1681 1290 1708 habebunt
1314 1685 1342 1708 et
1364 1681 1490 1713 lucrum,
1510 1682 1533 1708 si
1553 1682 1694 1708 resistant.
1715 1679 1787 1715 Ergo

990 1727 1119 1761 quoniam
1137 1727 1162 1753 in
1178 1727 1220 1754 his
1243 1727 1320 1754 libris
1340 1727 1397 1754 sive
1422 1728 1566 1755 memorati
1588 1729 1640 1756 viri
1664 1729 1786 1755 conseri-

991 1773 1046 1807 ptis
1057 1780 1117 1807 qua:
1129 1774 1208 1800 tnodo
1224 1773 1437 1807 nominavimus,
1455 1775 1564 1802 inventa
1581 1779 1645 1802 sunt
1662 1775 1785 1809 quzcdam

991 1819 1092 1846 ultima:
1110 1819 1258 1854 impietatis
1273 1820 1362 1854 plena,
1376 1821 1512 1855 quomodo
1534 1825 1595 1847 erat
1614 1828 1784 1855 consequens

991 1864 1061 1891 velle
1076 1865 1187 1891 tacere?
1203 1865 1304 1892 Dividit
1319 1866 1391 1893 enim
1416 1866 1583 1893 individuum
1607 1867 1744 1894 Christum
1759 1872 1786 1892 et

991 1918 1041 1945 pro
1054 1918 1108 1937 uno
1124 1910 1194 1937 Filio
1216 1911 1374 1939 dualitatem
1392 1912 1458 1938 colit
1479 1920 1493 1939 a
1516 1912 1634 1940 veritate
1656 1913 1784 1940 exciden—

992 1961 1062 1990 tem,
1089 1961 1117 1984 et
1143 1958 1222 1992 quasi
1251 1958 1326 1985 falsis
1351 1959 1507 1986 nominibus
1534 1960 1696 1986 coloratam.
1718 1959 1783 1986 Nam

991 2003 1075 2030 Deum
1093 2003 1224 2037 Verbum,
1240 2005 1285 2039 qtti
1303 2013 1335 2032 ex
1355 2005 1410 2032 Deo
1423 2005 1504 2033 Patre
1515 2011 1569 2037 est,
1585 2007 1724 2034 hominem
1739 2015 1783 2033 γυ-

991 2050 1046 2076 cari
1065 2049 1142 2081 dicit,
1160 2058 1214 2077 non
1230 2055 1318 2077 tamen
1333 2051 1425 2078 ethoc
1442 2051 1542 2079 factum
1559 2059 1622 2080 esse
1637 2053 1782 2079 seettndum

992 2097 1152 2129 veritatem;
1176 2097 1315 2124 hominem
1336 2105 1401 2125 vero
1415 2106 1476 2125 eum
1499 2099 1545 2133 qui
1568 2107 1602 2125 ex
1626 2099 1712 2126 Maria
1727 2105 1782 2129 est,

990 2144 1060 2169 sicut
1080 2143 1156 2175 dicit,
1174 2152 1252 2178 quem
1275 2150 1303 2172 et
1321 2152 1431 2172 carnem
1452 2150 1543 2172 astute
1561 2146 1641 2173 nobis
1665 2147 1785 2172 nominat

991 2188 1017 2214 in
1033 2189 1124 2215 multis
1140 2189 1205 2216 locis
1223 2189 1307 2216 Deum
1333 2190 1441 2224 quidem
1463 2190 1530 2217 dicit
1553 2195 1580 2217 et.
1602 2191 1703 2218 Filium
1721 2191 1783 2221 Dei.

146 2229 203 2256 Deo
220 2229 307 2257 Verbo
322 2230 356 2257 ad
373 2230 424 2257 hoc
438 2231 539 2258 dictum
556 2233 786 2261 communionem.
799 2234 939 2266 Quomodo
957 2234 980 2262 D
995 2242 1047 2261 non
1061 2240 1152 2262 autem
1169 2236 1219 2263 hoc
1230 2243 1292 2263 esse
1308 2236 1457 2264 secundum
1473 2237 1628 2264 veritatem.

145 2274 230 2308 igitur
249 2283 301 2301 non
318 2276 446 2303 omnibus
464 2276 606 2303 manifesta
623 2282 665 2304 est
684 2278 815 2306 adversus
830 2279 937 2306 beatum

149 2321 260 2347 l'attlunt
277 2320 424 2355 calumnia,
445 2322 533 2356 magis
545 2330 610 2350 vero
626 2323 711 2358 ipsius
724 2325 846 2352 veritatis
858 2333 938 2352 accu-

148 2366 237 2393 satio?
264 2374 314 2394 nee
341 2367 413 2394 enini
438 2369 477 2395 sic
502 2368 636 2396 intellexit
661 2371 792 2404 Spiritum
814 2377 938 2398 sanetum

150 2412 254 2439 habens
275 2413 430 2448 Apostolus.
446 2414 544 2441 lterum
566 2422 632 2442 vero
655 2416 760 2443 derivat
783 2417 938 2452 dogmatqu

150 2458 340 2486 rectitudinetn
359 2459 392 2486 ad
407 2468 484 2487 suam
499 2462 663 2495 placcntiam
681 2462 864 2491 adversarius.

149 2514 192 2542 12.
202 2513 244 2541 Ex
258 2515 372 2542 secundo
386 2515 461 2552 libro
471 2515 566 2551 Cyrilli
581 2518 693 2551 episcopi
711 2519 889 2552 Alea‘andriw,
906 2521 938 2547 de

188 2558 219 2576 eo
230 2551 299 2584 quod
314 2559 381 2577 unus
396 2555 433 2577 est
451 2551 583 2584 Christus,
597 2559 690 2580 contra
712 2551 887 2582 Theodorum.

184 2607 260 2641 Quod
281 2613 371 2635 tamen
394 2608 480 2636 voluit
508 2609 607 2644 impius
641 2610 783 2638 Nestorius
810 2612 937 2646 dogmata

183 2685 205 2701 ⁸⁷
217 2685 299 2713 Hebr.
319 2695 337 2719 ι,
355 2688 380 2717 ι,
395 2687 422 2714 ’2.

478 2687 621 2713 “ibid.5.
673 2687 792 2714 M’Rom.
822 2696 860 2720 Ix,

150 2720 173 2735 ⁵³
187 2720 196 2746 l
212 2720 308 2749 Thess.
326 2730 352 2754 ν,
368 2723 413 2755 ‘21,
427 2723 473 2749 22.

511 2721 534 2738 ⁵⁵
545 2721 640 2749 Matth.
657 2731 736 2755 xxttt,
753 2724 798 2751 10.

187 2792 224 2825 Η)
244 2793 342 2819 lterum
358 2800 391 2820 ex
406 2793 568 2819 Bibliotheca
582 2793 658 2823 Maii.
677 2798 697 2820 t.
712 2792 749 2825 ll,
766 2801 792 2828 p.
808 2794 869 2820 455.

188 2827 226 2860 t2)
247 2828 316 2860 Ergo
329 2836 360 2853 ex
377 2829 461 2854 tribus
474 2828 528 2854 illis
541 2829 626 2857 libris.
644 2835 711 2862 quos
724 2827 831 2855 veteres
846 2830 938 2855 dicunt

153 2869 169 2888 ι
184 2862 283 2896 byrilto
298 2869 410 2896 scriptos
427 2867 519 2890 contra
546 2863 691 2890 Diodorum
709 2871 739 2890 ac
753 2863 936 2897 'l'heodorum,

969 2691 1056 2718 “lsa.
1090 2700 1155 2726 sui,
1181 2693 1225 2720 18.

991 2303 1034 2330 15.
1058 2303 1173 2330 Sanctus
1196 2303 1312 2339 Cyrillus
1331 2305 1369 2339 Η)
1389 2305 1417 2331 in
1438 2307 1554 2332 secundo
1573 2306 1642 2333 libro
1664 2307 1785 2333 adtersus

1029 2338 1202 2376 Theodorum,
1215 2338 1368 2376 rqttirincipit
1384 2349 1392 2366 :
1411 2351 1420 2366 ‹
1442 2341 1467 2367 Ii
1483 2343 1528 2376 qui
1542 2351 1648 2368 sat-rum
1664 2351 1730 2376 puro
1745 2345 1786 2368 iu-

1026 2374 1144 2401 tellectus
1159 2375 1235 2401 oculo
1251 2375 1349 2401 librum
1364 2377 1477 2403 scrutati
1488 2374 1553 2403 sunt
1570 2377 1620 2412 (‘2).
1640 2387 1650 2403 ι

1028 2432 1172 2466 Discipulis
1185 2433 1274 2459 aiebat
1288 2441 1294 2459 :
1315 2442 1325 2458 ι
1345 2432 1486 2461 Neminem
1500 2434 1527 2461 in
1542 2439 1612 2461 terra
1626 2436 1785 2469 magistrum

991 2478 1147 2512 appelletis;
1162 2487 1232 2506 unus
1245 2484 1287 2506 est
1299 2481 1369 2507 enim
1384 2480 1480 2507 doctor
1494 2485 1584 2508 vester
1593 2481 1759 2508 Christus“.
1774 2491 1783 2507 ι

992 2523 1060 2550 Dum
1079 2523 1115 2550 ita
1131 2525 1268 2558 apostolos
1286 2526 1458 2558 hortabatur,
1474 2526 1547 2553 ltattd
1564 2531 1641 2553 certe
1658 2528 1785 2554 deitatem

993 2577 1007 2596 a
1020 2570 1118 2597 visibili
1131 2578 1244 2605 corpore
1255 2572 1415 2606 separabat;
1430 2579 1517 2606 neque
1532 2572 1590 2606 ipse
1601 2572 1729 2600 Christus
1742 2580 1785 2599 se-

994 2620 1047 2642 met
1063 2616 1096 2642 ab
1112 2617 1202 2642 anima
1218 2623 1244 2643 et
1260 2625 1341 2644 carne
1358 2617 1473 2644 divisum
1489 2619 1644 2652 reputabat.
1663 2618 1708 2645 Sic
1722 2625 1786 2653 ergo

1285 2694 1305 2710 ⁵¹
1319 2694 1338 2721 ll
1352 2695 1416 2723 Cor.
1434 2703 1471 2728 tv,
1491 2696 1514 2724 ι.
1573 2696 1678 2725 “Osee
1705 2705 1730 2730 v,
1759 2698 1784 2725 L

991 2797 1095 2830 primus
1106 2805 1210 2836 _reapse
1231 2804 1325 2826 contra
1350 2799 1496 2826 Diodorum
1521 2806 1595 2831 erat,
1617 2802 1670 2828 duo
1688 2801 1788 2836 reliqui

992 2839 1085 2860 contra
1106 2832 1291 2868 Theodorum,
1313 2840 1341 2863 ut
1360 2843 1394 2863 ex
1416 2836 1537 2870 ipsorum
1559 2837 1644 2864 initiis
1666 2832 1788 2866 constat.
