1872 3057
127 146 200 175 1H9

730 142 939 172 FRAGMENTA
958 141 1165 173 DOGMATICA.

1687 145 1757 175 1450

128 211 192 239 cum
207 203 278 231 Deus
291 207 363 231 esset
376 207 403 230 et
417 202 508 234 homo,
524 209 622 237 nempe
637 202 735 230 visibili
751 202 837 230 forma
854 211 913 231 ser:
928 206 951 234 Α
964 207 1007 230 cta
1027 207 1079 230 est.
1099 203 1146 231 Sic
1164 202 1291 230 Dominus
1308 203 1372 230 dum
1394 203 1420 230 in
1435 202 1554 239 Virginis
1571 208 1649 231 utero
1666 211 1755 237 esset,

129 256 191 281 vus,
209 248 382 279 intellectuali
400 249 494 276 notitia
514 248 655 279 Dominus,
672 248 782 275 deitatis
799 249 916 277 excelsi-

130 300 213 323 tatem
228 295 279 322 sub
293 294 386 322 humili
402 294 580 322 humanitatis
594 301 676 321 sensu
692 293 797 322 celabat
812 305 819 322 :
837 295 916 322 vicis-

129 342 236 376 simque
258 340 373 368 visibilis
397 340 521 375 corporis
544 339 744 372 humilitatem,
767 339 917 368 divinitatis

129 388 249 416 eﬂicacia
260 387 418 416 extollebat.

276 444 387 474 laturus
404 444 588 473 CESARIENSIS
605 453 770 474 auso-rum.

166 510 254 539 Locus
275 510 476 545 suprascriptus
498 518 513 537 a
538 511 642 546 Cyrillo
665 515 758 546 contra
782 509 916 538 Theodori

130 546 283 574 doctrinam
301 546 463 580 productus,
482 545 620 573 auctorem
640 546 720 573 habet
735 545 916 580 Theophilum

129 581 341 609 Alexandrinum
355 581 523 615 episcopum.

167 616 332 652 Cyrillusin
354 616 407 652 alia
430 616 564 643 sententia
586 615 706 652 ejusdem
734 615 795 644 libri
821 620 916 652 contra

131 650 264 679 Theodori
279 650 448 682 doctrinam;
464 658 524 684 qua:
538 651 669 684 particttla
685 655 773 678 exstat
788 652 814 678 in
831 650 916 685 prima

130 687 164 713 ad
180 685 339 713 Cledonium
356 686 468 719 epistola
485 685 788 720 GregoriiNazianzeni
806 688 840 713 ad
856 686 916 713 Cle-

130 722 251 748 dnnium.
266 720 364 753 Incipit
380 719 555 754 fragmentum
569 727 578 746 :
596 719 634 747 Ne
650 721 772 748 homines
790 721 834 749 isti
849 721 916 748 alios

130 756 277 818 delcipiapt.
291 755 393 783 Desinit
408 763 418 782 :
433 756 518 784 Totus
532 755 614 783 homo
628 756 654 782 in
670 761 811 791 peccatum
828 758 917 791 lapsus

131 798 162 818 re
172 798 232 818 mea
246 798 288 818 ur.

131 792 288 827 retineatur.

269 846 314 874 Η.
335 846 408 874 Idem
424 845 540 881 Cyrillus
555 846 583 873 in
597 847 688 874 eodem
702 846 781 874 libro.

970 252 1051 283 atque
1066 248 1100 275 ad
1115 248 1187 275 illius
1201 247 1379 275 substantiam
1397 247 1486 275 adhuc
1500 248 1638 280 attineret,
1651 249 1755 275 honore

970 293 1030 321 Filii
1041 294 1162 320 carebat.
1172 292 1240 320 Cum
1252 297 1342 321 atttem
1353 293 1539 321 conformatus
1549 297 1601 326 est,
1612 294 1754 329 templum-

970 346 1023 373 que
1040 337 1086 365 Dei
1098 337 1179 366 Verbi
1195 336 1307 365 eﬂ'ectus
1324 341 1434 371 recepto
1449 336 1610 372 Unigenito,
1626 337 1755 364 honorem

970 384 1086 411 nominis
1101 383 1212 419 adeptus
1227 389 1268 411 est
1278 404 1286 415 ,
1300 391 1334 411 ex
1349 391 1404 418 quo
1419 383 1456 410 illi
1472 383 1558 419 gloria
1575 383 1690 410 accessit
1705 383 1755 417 (l).

1033 440 1077 468 18.
1097 440 1172 468 Idem
1187 440 1303 476 Cyrillus
1319 444 1416 467 contra
1431 440 1541 467 Diodori
1554 440 1692 475 scriptum.

1005 507 1230 535 Prteclarissime!
1249 507 1311 538 Aio.
1321 507 1404 535 verba
1416 513 1476 541 qute
1493 514 1573 534 nemo
1589 506 1692 540 docttit,
1708 507 1755 534 sed

970 560 985 579 a
1000 557 1025 580 te
1039 552 1145 588 publice
1158 553 1380 587 pronuntiantur,
1393 551 1561 586 gravissimis
1573 552 1700 579 sordibus
1713 552 1754 578 in-

969 597 1087 632 quinari.
1101 597 1200 626 Sancta
1216 598 1260 625 illa
1275 605 1353 629 caro.
1368 604 1429 632 quae
1442 596 1533 624 Mariae
1547 597 1609 629 iuit.
1623 597 1679 631 iam
1694 597 1756 624 inde

970 650 986 670 a
998 643 1086 677 primo
1098 648 1244 677 conceptus
1257 647 1407 677 momento,
1420 644 1477 671 sive
1491 643 1518 670 in
1532 647 1609 670 utero
1621 643 1757 671 exsisten-

969 690 1026 721 tiae,
1043 693 1136 716 sattcta
1157 689 1218 723 fuit,
1238 694 1333 724 utpote
1352 689 1456 717 Christi
1477 696 1576 723 corpus
1595 697 1602 715 :
1621 695 1757 722 nemoque

970 734 1010 762 vel
1024 738 1133 762 tenuem
1148 735 1271 762 concedit
1284 734 1416 770 temporis
1430 733 1514 762 fuisse
1528 734 1688 766 articulum,
1702 741 1756 768 quo

971 780 1013 807 illa
1027 781 1179 808 communis
1192 780 1354 814 czeterisque
1368 780 1497 807 carnibus
1510 779 1607 806 similis
1621 778 1714 810 fuerit,
1727 784 1757 805 ttt

970 833 985 852 a
999 830 1026 853 te
1039 826 1140 853 dictum
1153 831 1195 854 est
1204 846 1211 858 ,
1226 831 1255 853 et
1269 833 1320 853 non
1336 826 1426 860 potius
1436 824 1517 852 Verbi
1533 831 1606 852 caro.

171 910 181 927 t
203 901 270 929 Cum
286 901 446 936 Unigenitus
461 909 491 929 se
506 901 705 934 ittcarnaverit,
720 902 767 936 qui
781 902 836 928 vita
851 908 909 928 sua-

1004 901 1008 920 ζ
1023 892 1122 920 SEVERI
1136 893 1301 936 ΑΝτΙρΞΙξξ-ΖΝΙΙ
1315 900 1444 936 AIPOLOGIA
1459 900 1509 920 PRO
1522 899 1606 936 οξξιιε
1620 900 1669 936 Srl‘JO
1683 899 1753 924 QUOD

131 951 177 982 pte
193 952 288 974 natura
303 950 355 978 est.
372 954 496 981 regressa
512 951 553 974 est
568 947 601 974 ad
616 947 699 974 vitam
716 952 811 973 natura
827 946 917 974 homi-

133 993 186 1020 nis.
200 992 258 1028 Ipse
270 999 336 1020 vero
348 997 428 1026 caput
441 992 563 1020 omnium
578 995 632 1024 est,
646 992 763 1027 ideoque
775 991 918 1019 viviﬁcans

133 1038 197 1066 illud
219 1039 310 1066 Patris
327 1037 444 1065 Verbum
456 1045 566 1066 carnem
587 1038 638 1066 sibi
661 1037 798 1073 propriam
822 1037 919 1065 ascivit

131 1092 193 1120 qute
212 1085 239 1112 in
259 1084 355 1112 mortis
376 1084 509 1119 mancipio
529 1088 600 1115 erat,
618 1088 648 1110 ut
669 1084 733 1111 dum
753 1091 813 1111 eam
836 1083 917 1110 morti

131 1130 345 1165 corruptelteque
360 1130 528 1164 superiorem
542 1129 671 1161 eliiccret,
689 1130 760 1157 idem
777 1129 854 1156 nobis
869 1130 917 1156 do-

132 1183 197 1204 num
219 1176 411 1210 impcrtiretur.
429 1176 519 1210 Atque
539 1179 568 1202 ut
590 1176 617 1203 in
639 1175 736 1203 mortis
755 1180 916 1210 potestatem

132 1223 228 1249 Atlami
244 1229 326 1249 causa
345 1222 498 1256 incidimus,
515 1222 550 1249 ita
569 1229 617 1257 per
631 1221 770 1249 Christum
787 1229 802 1248 a
821 1221 918 1249 mortis

132 1269 235 1295 savitia
248 1267 364 1301 liberali,
377 1267 466 1296 denuo
479 1267 615 1296 tendimus
627 1268 661 1295 ad
675 1267 916 1295 immortalitatem.

133 1335 178 1362 15.
201 1335 273 1362 Idem
287 1335 400 1370 Cyrillus
412 1335 441 1362 in
453 1335 530 1362 tertia
543 1341 634 1362 contra
648 1334 813 1370 Theodorum
831 1334 919 1370 Mops-

167 1372 258 1398 uestia:
269 1369 418 1405 episcopum
438 1371 520 1401 libro.
532 1371 578 1404 qui
591 1371 703 1405 incipit:
723 1379 732 1396 t
749 1369 847 1397 Nostra
864 1369 920 1403 [or-

167 1408 238 1434 sitan
254 1406 331 1432 verba
347 1407 415 1432 dura
431 1410 503 1433 sunt.
521 1414 531 1432 ι

167 1473 236 1502 Διιᾶί
252 1480 301 1501 nos
317 1473 407 1508 itaque
421 1477 503 1508 atque
515 1472 647 1508 intellige,
660 1480 677 1501 ο
690 1473 782 1506 horno,
796 1473 919 1509 mysterii

132 1519 356 1555 profunditatem,
368 1520 439 1554 quod
452 1527 514 1546 cum
527 1526 668 1547 sacrorum
683 1519 811 1547 librorum
825 1521 919 1547 ortho-

1023 935 1191 956 ttvscntst'run
1205 927 1379 960 Pltilaletlter,
1394 934 1420 954 tu
1435 934 1530 954 CODICE
1543 928 1613 955 VAT.
1628 928 1692 955 Srtt.

1069 985 1114 1013 l9.
1135 984 1209 1012 Idem
1223 983 1339 1019 Cyrillus
1354 984 1480 1012 adversus
1494 984 1652 1012 Diodorum.

1005 1051 1091 1080 Sicuti
1107 1052 1190 1080 etiam
1207 1052 1277 1079 idem
1293 1051 1410 1079 Verbum
1421 1072 1429 1084 ,
1447 1052 1481 1080 de
1497 1051 1587 1080 Patris
1603 1052 1753 1080 substantia

968 1099 1102 1134 genitum.
1120 1098 1266 1126 Abrahami
1290 1105 1382 1126 semen
1407 1098 1433 1125 in
1455 1104 1539 1125 carne
1560 1098 1755 1132 apprehendit,

970 1145 1050 1179 idque
1071 1151 1120 1178 per
1137 1144 1349 1178 dispensationis
1369 1143 1543 1178 mysterium,
1562 1143 1621 1170 sine
1641 1143 1758 1178 propria!

970 1189 1128 1218 substantia
1150 1189 1323 1217 detrimento.
1348 1188 1453 1216 Etenim
1478 1196 1540 1216 cum
1565 1194 1638 1216 esset
1661 1194 1756 1216 natura

973 1237 1058 1268 Deus,
1075 1241 1155 1263 verus
1171 1243 1280 1271 quoque
1299 1236 1418 1263 hominis
1435 1235 1521 1263 Filius
1539 1235 1630 1264 tactus
1645 1240 1687 1264 est
1704 1245 1711 1263 :
1730 1241 1758 1263 et

970 1281 1017 1317 qui
1032 1280 1116 1308 Filius
1130 1280 1204 1308 Patri
1221 1282 1275 1309 Deo
1290 1285 1344 1314 est,
1357 1289 1411 1308 non
1428 1286 1471 1309 est
1485 1281 1523 1309 illi
1538 1285 1695 1315 extraneus,
1709 1289 1757 1309 tte-

970 1334 1023 1362 que
1035 1326 1132 1354 falsum
1147 1327 1207 1354 Filii
1222 1334 1320 1354 nomen
1335 1327 1405 1362 gerit
1419 1335 1426 1354 :
1441 1327 1542 1355 etenim
1556 1335 1651 1362 reapse
1664 1335 1696 1355 ex
1712 1327 1758 1354 illo

970 1377 1050 1400 natus
1062 1377 1103 1401 est
1114 1372 1242 1400 inell'abili
1254 1380 1410 1408 arcanaque
1423 1373 1513 1406 modo,
1525 1381 1679 1409 quanquam
1691 1382 1758 1402 tton-

971 1419 1022 1446 nisi
1034 1419 1061 1446 in
1072 1425 1154 1446 carne
1163 1423 1226 1454 post
1237 1419 1430 1447 adunationem
1441 1423 1632 1454 cognoscatur.
1642 1418 1681 1446 'l'tt
1692 1427 1758 1455 ergo

971 1465 1034 1493 dum
1047 1465 1106 1499 ejus
1121 1465 1308 1493 tantummodo
1323 1465 1578 1493 transmutationem
1593 1466 1715 1494 admittis
1731 1467 1757 1494 in

970 1518 1079 1539 carnem
1098 1511 1244 1539 inanitnem
1264 1511 1460 1546 intellectuque
1475 1516 1630 1545 carentem,
1648 1513 1757 1539 unicum

131 1567 213 1594 doxia
226 1573 362 1601 scopoque
374 1566 519 1593 consentit.
534 1565 626 1593 Deitas
638 1573 653 1593 a
667 1574 760 1598 carne,
774 1566 801 1593 id
813 1571 856 1593 est
870 1566 909 1593 Ιιιι·

1004 1565 1046 1584 um
1066 1557 1093 1585 in
1116 1557 1184 1585 duos
1206 1556 1305 1584 dividis
1329 1556 1410 1590 ﬁlios,
1432 1557 1573 1585 veritatem
1597 1558 1666 1585 hanc
1687 1558 1758 1593 qttod

133 1620 213 1641 mana
229 1618 340 1645 natura,
354 1611 442 1640 dili'ert
460 1612 610 1640 secundum
628 1611 767 1646 utriusque
783 1611 918 1646 propriam

132 1658 276 1686 rationem.
295 1658 379 1686 Secus
399 1657 535 1693 quomodo
555 1657 634 1684 nobis
654 1657 751 1684 similis
768 1657 918 1689 evasisset,

132 1703 350 1739 quandoquidem
363 1703 410 1731 Dei
421 1702 539 1731 Verbum
553 1703 579 1730 in
591 1709 640 1730 suo
652 1709 764 1737 prorsus
774 1706 845 1730 statu
858 1710 920 1737 per-

133 1749 250 1777 mansit?
265 1749 363 1777 Verttm
382 1749 405 1777 si
425 1750 501 1777 carni
518 1749 576 1784 ejus
593 1749 800 1784 inseparabilem
817 1750 920 1776 aduna-

132 1796 233 1823 tionem
248 1795 390 1828 attribuas,
403 1802 492 1829 neque
505 1802 564 1822 eam
579 1802 627 1822 sua
640 1799 716 1823 veste
730 1795 843 1830 spolies,
857 1795 917 1822 uni-

132 1849 194 1868 cum
215 1846 279 1868 tunc
300 1841 397 1868 Filium
418 1841 546 1869 adorabis
566 1841 638 1869 Patri
660 1841 919 1869 consubstantialem

132 1887 285 1919 divinitate,
297 1886 376 1915 ttobis
390 1888 453 1914 item
467 1887 724 1915 consubstantialem
739 1887 918 1914 humanitate.

133 1934 218 1962 Porro
229 1935 274 1968 qui
290 1934 327 1961 ita
341 1933 445 1969 opinari
458 1933 620 1967 decernunt,
633 1933 673 1961 eis
686 1933 814 1961 Christus
827 1933 917 1961 ittmett

134 1981 287 2016 suppeditat
301 1980 335 2007 ad
350 1980 451 2008 suimet
463 1980 621 2016 mysterium
635 1980 864 2015 cognoscendum.

269 2047 314 2075 l6.
333 2046 408 2075 Idem
424 2047 540 2082 Cyrinus
555 2048 583 2074 in
598 2048 688 2075 eodem
703 2047 780 2074 tibro.

168 2102 291 2132 llominis
310 2111 371 2138 qua!
391 2104 419 2131 in
439 2104 549 2131 Christo
570 2108 613 2132 est
634 2108 748 2137 natura,
771 2104 919 2131 honoratur

111 2171 115 2176 .
133 2159 200 2180 sane
220 2158 252 2177 ac
270 2151 471 2184 sattctilicatur;
488 2155 675 2179 verumtamen
697 2155 830 2186 quatenus
849 2150 920 2177 Deus

132 2203 184 2231 est,
202 2198 337 2233 baptismo
353 2204 407 2224 non
428 2197 574 2232 indigebat,
592 2203 679 2231 neque
696 2196 814 2231 Spiritus
830 2197 918 2224 sancti

133 2244 215 2276 dono,
227 2243 443 2278 quandoquidem
458 2242 544 2277 ipsum
558 2242 690 2276 Spiritum
705 2242 775 2270 idem
790 2244 881 2270 donat.

134 2311 171 2339 Ex
190 2318 300 2339 mam’ro
315 2309 463 2337 Philalethe
480 2310 579 2338 SEVERI
596 2316 764 2337 nartocustu
781 2316 808 2336 tu
825 2315 919 2337 comas

376 2345 492 2373 Srtmco
508 2345 659 2373 VATICANO.

134 2402 178 2429 Π.
197 2401 329 2429 Diodorus
341 2400 417 2428 Tarsi
430 2400 566 2434 episcopus
579 2399 653 2433 impii
664 2398 782 2426 Nectarii
794 2398 919 2434 magister

429 2435 478 2471 [ita
494 2434 622 2470 scripsit].

167 2503 234 2530 Cum
248 2503 335 2530 adhuc
348 2502 440 2530 Maria
452 2505 524 2529 esset
537 2508 602 2528 caro
615 2500 671 2533 illa,
684 2500 798 2528 necdum
810 2507 919 2527 assmu-

133 2553 194 2583 pta,
212 2553 318 2576 terrena
332 2553 406 2581 erat,
425 2554 512 2582 neque
527 2547 661 2574 ullatenus
675 2553 690 2573 a
706 2547 812 2574 steteris
827 2546 919 2574 carni-

133 2596 183 2622 bus
197 2594 338 2621 ditl‘erebat
351 2602 358 2621 :
371 2593 419 2621 sed
433 2593 460 2620 in
475 2593 614 2620 nativitate
627 2593 736 2620 demum
752 2592 855 2620 honore
869 2599 919 2619 au-

184 2685 210 2719 t)
231 2683 312 2711 Vides
326 2687 418 2719 ptam
434 2683 556 2711 haeresim
572 2682 774 2715 Nestorianam.
790 2690 870 2718 quam
888 2683 914 2710 in

134 2724 265 2752 sequente
279 2719 431 2752 fragmento
444 2719 564 2746 retundit
578 2718 705 2753 Cyrillus.

170 2755 209 2790 (2)
229 2754 349 2788 lntellige
368 2753 518 2790 apologiam
537 2758 631 2790 contra
653 2753 798 2790 orienples
813 2753 916 2790 episco-

153 2787 266 2816 os.'Sed
287 2787 432 2816 tainen'de
452 2787 578 2823 capitulis
599 2795 706 2822 quoque
727 2787 860 2815 Theodori
883 2796 915 2815 ac

153 2798 192 2816 05.
213 2798 266 2816 aeu
287 2798 376 2816 tamen
399 2798 432 2816 (Ie
453 2798 578 2823 Cﬂplllﬂls
599 2798 706 2822 quoque
732 2798 860 2815 ιιιεοαυτι
883 2798 914 2815 at:

134 2798 245 2853 Biodori
265 2832 279 2850 a
300 2832 329 2851 se
349 2823 471 2850 refutatis
490 2825 608 2858 loquitur
622 2822 739 2857 Cyrillus
762 2824 788 2850 in
801 2824 914 2857 epistola

135 2861 170 2887 ad
183 2860 309 2887 Acacium
324 2858 523 2886 Mcliteuensent
536 2859 691 2893 episcopum
706 2861 766 2894 (ep.
783 2858 829 2893 40)
844 2868 850 2886 :
868 2858 914 2885 ln-

295 2905 435 2938 ΡΑτιιυι.
453 2906 510 2936 GR.
527 2905 574 2936 ω(
585 2904 663 2935 XVI.

970 1611 1041 1630 unus
1055 1603 1092 1630 sit
1106 1602 1190 1632 Filius
1205 1602 1287 1638 impie
1302 1609 1444 1638 respuens.

1000 1669 1038 1697 Ex
1055 1677 1142 1697 EADEI
1159 1669 1259 1697 Savsnt
1274 1670 1443 1698 Anrtocusttt
1458 1678 1588 1698 nomen
1604 1678 1629 1698 IN
1642 1678 1732 1699 suum:

1310 1713 1418 1733 CODICE.

1063 1762 1108 1790 90.
1131 1762 1207 1789 Idem
1223 1761 1341 1797 Cyrillus
1358 1762 1483 1790 adversus
1501 1763 1659 1792 Diodorum.

1006 1818 1082 1853 Stepe
1095 1818 1150 1852 iam
1164 1818 1291 1852 diximus,
1304 1825 1358 1853 quo
1373 1822 1495 1853 tempore
1508 1819 1687 1854 eapitulorutn
1700 1828 1759 1848 om-

971 1865 1045 1892 nium
1058 1865 1209 1899 apologiam
1222 1864 1422 1900 quodatnmodo
1438 1864 1552 1893 fecimus
1565 1865 1616 1901 (2),
1630 1874 1682 1894 non
1697 1875 1760 1902 pro—

970 1916 1063 1946 pterea
1081 1910 1155 1945 quod
1175 1914 1280 1937 naturae
1299 1910 1333 1936 ad
1354 1910 1547 1938 adunationem
1567 1902 1757 1945 accesserunt,

970 1955 1074 1984 idcirco
1092 1956 1250 1984 dualitatem
1267 1955 1311 1991 (in
1328 1955 1455 1993 Christo)
1471 1964 1532 1984 esse
1549 1957 1756 1985 admittendam.

970 2001 1076 2030 Etenim
1096 2001 1168 2029 sicut
1179 2002 1272 2034 homo,
1285 2001 1408 2037 quamvis
1424 2010 1460 2030 ex
1477 2002 1568 2030 anima
1586 2002 1711 2030 rationali
1731 2008 1758 2031 et

969 2054 1084 2083 corpore
1102 2048 1280 2082 compositus,
1297 2055 1368 2075 unus
1385 2052 1427 2075 est
1443 2055 1531 2082 neque
1547 2049 1573 2076 in
1591 2048 1647 2076 duo
1661 2049 1758 2078 dividi-

971 2099 1025 2126 tur,
1043 2094 1124 2128 idque
1143 2098 1229 2121 totum
1247 2093 1349 2121 dicitur
1365 2093 1464 2121 animal
1484 2094 1616 2122 rationale
1631 2102 1664 2123 ac
1683 2103 1758 2123 mor-

970 2139 1032 2173 tale,
1045 2146 1199 2175 quanquam
1213 2147 1309 2175 reapse
1322 2147 1375 2167 una
1390 2139 1417 2166 in
1430 2145 1508 2175 parte
1521 2141 1647 2174 mortale,
1661 2141 1689 2169 in
1705 2142 1758 2170 alia

970 2185 1116 2218 rationale;
1134 2185 1175 2212 sic
1189 2185 1273 2212 etiam
1292 2184 1465 2218 Emmanuel,
1482 2192 1546 2213 eum
1561 2187 1598 2214 sit
1615 2195 1701 2220 unus,
1717 2188 1759 2215 di-

935 2231 957 2260 ι)
972 2231 1084 2258 vinitate
1096 2234 1124 2257 et
1135 2230 1301 2257 humanitate
1311 2235 1450 2264 constans,
1461 2238 1576 2266 quarum
1588 2240 1636 2267 per
1645 2241 1675 2261 se
1686 2238 1758 2261 utra-

973 2283 1025 2311 que
1041 2276 1160 2310 perfecta
1176 2279 1233 2307 est.
1251 2276 1320 2303 idem
1339 2276 1410 2303 Deus
1425 2281 1466 2304 est
1480 2280 1508 2304 et
1525 2278 1620 2310 homo.
1638 2279 1759 2307 manalis

972 2327 1000 2349 et
1012 2322 1172 2349 immortalis
1180 2342 1189 2355 ,
1203 2323 1358 2356 temporalis
1369 2328 1397 2350 et
1409 2322 1485 2357 prior
1495 2323 1623 2351 omnibus
1635 2324 1757 2359 saeculis,

972 2364 1112 2402 palpabilis
1122 2372 1149 2395 et
1160 2367 1350 2403 impalpabilis,
1362 2368 1476 2395 visibilis
1487 2374 1515 2395 et
1526 2368 1679 2398 invisibilis.
1691 2370 1758 2398 Nam

972 2412 995 2439 si
1018 2412 1063 2440 ille
1084 2417 1179 2440 natura
1203 2420 1251 2441 sua
1275 2413 1445 2445 immortalis,
1467 2413 1534 2441 nihil
1559 2417 1719 2450 sumpsisset
1742 2423 1758 2443 a

972 2457 1079 2484 mortali
1097 2461 1205 2490 natura,
1224 2458 1250 2485 id
1267 2462 1308 2485 est
1323 2458 1471 2485 Abrahami
1489 2459 1603 2492 semine,
1620 2459 1693 2487 haud
1710 2468 1759 2488 nos

971 2502 1096 2537 equidem
1111 2503 1231 2531 renovati
1246 2510 1368 2531 essemus
1383 2509 1465 2538 atque
1480 2504 1513 2531 ad
1529 2504 1758 2534 immortalitatem

972 2549 1071 2583 erecti;
1090 2556 1215 2585 vanaque
1237 2555 1329 2577 nostra
1352 2550 1418 2578 lides
1440 2551 1526 2584 foret,
1544 2554 1572 2579 et
1594 2551 1621 2580 iu
1642 2553 1760 2586 peccatis

973 2594 1074 2621 nostris
1091 2594 1178 2622 adltuc
1189 2594 1354 2628 jacercmus.

970 2684 1063 2717 spec-tis
1082 2683 1211 2712 Theodori
1230 2692 1262 2711 at:
1281 2683 1392 2711 Diodori
1409 2683 1494 2716 libris,
1512 2692 1576 2720 quos
1598 2685 1760 2719 scripserunt

970 2727 1022 2746 non
1039 2721 1072 2746 de
1089 2720 1270 2747 incarnatione
1286 2719 1433 2754 Unigem‘ti,
1450 2720 1496 2746 sed
1515 2719 1599 2755 magis
1615 2725 1708 2747 contra
1725 2721 1762 2746 in-

970 2755 1166 2789 cat'natiortem,
1181 2756 1257 2788 posui
1272 2755 1365 2788 aliqua
1379 2761 1413 2781 ea:
1427 2754 1568 2789 capitulis,
1584 2760 1608 2781 et
1623 2763 1675 2789 quo
1689 2756 1761 2789 potui

968 2790 1046 2816 modo
1060 2790 1210 2816 contradixi
1224 2790 1274 2822 eis,
1288 2789 1427 2816 declarans
1441 2790 1638 2817 «(ruminatione
1653 2798 1761 2824 pronus

969 2825 1073 2859 plenam
1088 2832 1143 2852 esse
1158 2826 1313 2852 sententiam
1330 2825 1458 2859 ipsorum.

1564 2901 1602 2933 46
