1872 3057
123 154 189 184 1451

118 212 155 240 Εἰ
170 219 367 245 ρυεετιοιιιιιυε
385 212 482 239 Seueri!
497 212 660 239 ANTIM‘IIFNI
674 221 726 240 cun
741 221 902 247 HERETICIS,
918 216 940 243 Α

346 254 371 275 tu
389 254 449 274 suo
465 254 523 274 con.
542 247 605 274 SYIt.
623 247 691 275 Var.

216 287 358 332 2|..ltlrm
374 303 487 338 Cyrillus
503 304 626 331 adversus
645 303 800 331 Diodorum.

156 361 286 387 Sanctum
301 360 373 387 enim
387 364 430 387 est
445 367 476 387 ac
490 360 551 387 sine
566 366 678 394 peccato
691 368 790 395 corpus
803 361 905 388 Christi

121 407 168 434 Dci
188 406 394 441 Servatorisque
411 406 495 433 nostri
515 415 522 433 :
540 411 567 433 et
583 407 653 440 quod
670 407 778 441 quidem
796 408 828 433 ad
846 407 905 434 cul—

121 460 182 487 pum
203 451 308 484 attinet,
324 450 379 486 jam
400 451 463 479 inde
484 460 498 478 a
520 452 608 486 primo
629 453 823 480 incarnationis
847 460 905 480 mo-

122 502 214 524 mento
229 497 433 531 incormptibile
448 498 511 531 fuit,
527 502 608 532 atque
622 498 648 525 in
664 505 696 525 ea
711 499 840 532 qualitate
853 505 906 525 non

121 548 163 570 est.
181 543 206 570 ci
225 542 277 569 ulla
294 542 432 570 nobiscum
450 543 603 569 communio
620 543 660 570 vel
679 543 827 570 similitudo
845 554 851 571 :
866 547 908 570 et-

121 587 193 614 enim
215 587 267 615 alia
287 588 381 622 quavis
403 594 433 614 re
454 587 531 614 nobis
550 593 591 615 est
609 588 706 615 similis
727 593 906 622 praeterquam

120 633 210 668 culpa.
224 632 376 668 Ceteroqui
390 633 513 660 eamdem
527 639 636 659 carnem
650 632 828 667 eumdemque
842 641 908 660 san-

122 679 231 714 guinem
246 679 286 706 uti
298 686 346 706 nos
357 678 540 713 participavit,
550 683 580 705 ut
593 678 630 705 ait
642 678 786 713 Apostolus
797 679 829 705 ".
840 678 862 706 0
872 679 907 706 mi

122 725 270 752 reverenda
281 725 326 760 qui
340 725 421 752 stulta
435 732 467 752 ac
480 725 635 759 turpissima
647 725 728 752 verba
742 724 848 758 eﬂ‘utis;
862 734 908 752 sa-

122 778 199 798 crum
216 771 324 805 quidem
341 778 439 806 corpus
455 771 520 799 illud
536 771 570 798 de
586 770 669 798 Maria
686 776 825 805 sumptum
837 791 845 804 ,
864 771 908 798 ine-

124 816 245 844 lirmitati
258 821 316 844 erat
328 817 485 848 obnoxium,
498 816 544 844 sed
558 821 647 843 tamen
658 815 713 850 jam
728 816 789 843 inde
803 818 837 844 ab
850 817 909 852 ejus

123 862 304 890 concretionis
316 863 402 895 initio,
413 869 440 891 et
453 863 478 890 itt
493 867 570 890 utero
582 862 773 895 subsistentia,
784 868 906 889 sanctmn

124 907 218 942 utique
235 914 342 942 semper
357 907 422 939 fuit,
441 907 504 942 quia
521 906 623 934 Christi
641 913 740 941 corpus
755 911 829 938 erat,
849 906 907 933 nul-

124 954 234 986 lumque
257 953 385 988 temporis
409 952 579 980 intervallum
607 951 666 985 fuit,
688 959 741 986 quo
765 952 829 979 illud
855 960 908 980 non

125 999 284 1033 possederit.
300 999 383 1026 Porro
399 998 522 1034 simplex,
543 1003 572 1025 ut.
589 998 639 1031 ais,
657 1003 707 1030 est,
725 999 831 1026 caeteris
846 1006 910 1026 car-

125 1044 204 1072 nibus
218 1050 416 1079 comparatum.

124 1102 170 1129 29..
184 1102 248 1129 Iosu
260 1102 394 1130 Cvntttus
403 1111 470 1130 aruo
484 1102 583 1131 Seram
595 1110 796 1132 Αροιοαετιςιιιι
807 1110 912 1131 cos-ras

161 1137 294 1165 JIILIANUII
312 1137 592 1170 ihucamtsssensn,
606 1148 631 1166 ιιι
645 1146 740 1168 comet-2
749 1138 812 1166 Sru.
825 1138 893 1167 Var.

160 1193 336 1229 Participavit
353 1195 435 1230 igitur
450 1202 527 1229 atque
547 1202 579 1222 ac
601 1203 650 1223 nos
672 1203 783 1223 carnem
803 1200 831 1223 et
851 1203 913 1223 san-

126 1242 244 1277 guinem,
268 1247 298 1268 ut
320 1242 346 1269 in
368 1248 451 1268 carne
472 1249 519 1268 sua
543 1242 706 1269 dmmotiitttn
733 1247 911 1277 oppugnaret,

127 1295 213 1322 eoque
227 1287 374 1321 proﬂigato.
388 1287 511 1314 mortalia
525 1293 614 1315 nostra
628 1296 742 1323 corpora
754 1289 787 1315 ad
800 1289 910 1315 immor-

129 1326 257 1360 talitatem
270 1333 438 1366 transferret,
447 1334 567 1368 jugoque
580 1333 646 1368 legis
657 1334 841 1366 subtraheret,
854 1341 914 1368 qua:

127 1380 257 1407 adversus
277 1380 396 1407 membra
416 1380 505 1407 carnis
528 1381 716 1415 prosvaluerat.
738 1380 814 1407 Haud
836 1382 914 1408 aliter

128 1426 210 1452 vitam
227 1430 396 1459 mortemque
414 1425 484 1453 inter
499 1433 529 1453 sc
546 1425 639 1460 ι)ιωίἰο
655 1426 824 1453 committere
839 1431 914 1460 pote-

129 1476 182 1503 rat,
201 1471 251 1498 nisi
269 1471 376 1498 mortali
394 1479 507 1506 corpore
524 1479 589 1499 usus
605 1471 712 1503 fuisset.
729 1479 817 1506 neque
835 1471 912 1505 cupi-

128 1518 243 1546 ditatum
261 1524 415 1545 nostrarunt
431 1518 570 1545 stimulum
586 1518 748 1552 obtudisset,
765 1518 816 1546 nisi
833 1519 865 1545 de
882 1518 914 1546 [i-

130 1569 237 1599 gtnento
251 1569 344 1592 nostro
359 1571 457 1598 corpus
472 1565 642 1600 sumpsisset.
929 1565 950 1594 C

128 1629 168 1657 Ex
185 1637 273 1658 unts
292 1629 389 1658 Seven
409 1637 543 1692 anvsnssus
560 1630 695 1692 .Ivumumt
707 1629 803 1658 Hauc.
823 1637 849 1657 ιιι
867 1638 916 1658 co-

411 1672 471 1692 DICE
506 1673 549 1692 VII.
587 1673 634 1692 Ατ.

411 1672 471 1692 DICE
485 1672 549 1692 δγιι.
567 1672 634 1693 ΥΛΤ.

230 1721 277 1750 25.
297 1721 373 1749 Idem
387 1721 503 1757 Cyrillus
518 1722 643 1750 adversus
659 1722 816 1750 Diodorum.

163 1778 227 1806 Hzec
243 1783 300 1810 est.
316 1786 332 1806 ο
348 1783 440 1805 noster
456 1778 571 1811 sodalis,
588 1782 693 1806 natura:
710 1779 835 1806 humanm
849 1779 917 1807 deti-

129 1825 211 1858 nitio,
230 1832 289 1859 qua:
310 1824 409 1852 dicitur
425 1824 577 1852 substantia
597 1824 738 1855 animalis.
756 1825 916 1858 rationalis,

131 1875 212 1906 atquc
229 1870 362 1898 mortalis.

224 1929 270 1956 9.4.
291 1928 365 1956 Idem
381 1928 497 1964 Cyrillus
510 1928 634 1956 adversus
646 1927 821 1956 Theodorum.

165 1987 212 2016 Ille
232 1992 322 2015 autem
343 1995 390 2015 orc
412 1994 462 2015 suo
480 1986 605 2018 dilatato,
626 1991 654 2014 et
674 1986 772 2014 laxatis
795 1986 918 2020 blasphe-

131 2035 194 2063 mia
206 2034 331 2065 habenis,
345 2034 413 2061 dixit
427 2033 528 2064 Christi
544 2032 730 2068 imperfectam
743 2033 917 2060 sanctitatem

133 2083 232 2113 luisse,
248 2086 336 2114 neque
353 2079 413 2114 eius
430 2079 537 2106 culmen
555 2079 679 2113 attigisse
693 2083 840 2113 antequam
857 2078 918 2113 Spi-

132 2129 203 2156 ritus
219 2131 330 2155 sanctus
347 2125 397 2153 sub
416 2125 548 2153 columbae
568 2125 658 2160 specie
678 2125 705 2152 in
723 2133 785 2153 eum
804 2125 919 2153 descen-

133 2173 228 2203 disset.
244 2171 342 2207 Quidni
360 2175 450 2199 autem
465 2171 602 2207 perfectus
617 2170 694 2199 erat?
707 2170 788 2199 Certe
816 2171 863 2206 qui
877 2176 920 2199 est

612 155 640 183 S.
659 155 798 202 CYRILLI
819 155 1028 184 FRAGMENTA
1050 155 1257 184 DOGMATICA.

1683 152 1757 181 M52

956 212 1141 248 imperfectus,
1156 217 1266 247 peccato
1279 217 1374 238 carere
1389 208 1482 245 nequit
1495 219 1502 238 :
1517 209 1622 238 etenim
1637 209 1685 244 qui
1701 217 1754 236 una

956 259 982 286 in
1000 262 1076 293 parte
1092 262 1203 286 sanctus
1220 257 1351 289 creditur,
1367 256 1395 284 in
1412 257 1465 283 alia
1482 256 1610 284 inﬁrmus
1627 261 1752 290 putatur.

954 304 1061 339 Alioqui
1077 305 1186 339 quinam
1202 304 1253 331 iste
1267 303 1390 331 derectus
1404 306 1474 336 erat,
1489 309 1570 337 quem
1587 302 1611 329 ei
1629 301 1753 336 Spiritus

955 355 1067 378 sanctus
1087 349 1238 385 supplevit,
1255 353 1285 376 ut
1307 348 1390 376 altera
1412 355 1520 383 quoque
1541 355 1606 383 pars
1628 347 1754 382 perfecta

956 397 1096 428 evaderet,
1113 400 1195 430 atque
1211 394 1310 422 diaboli
1328 394 1458 429 impetum
1475 394 1634 428 frangeret,
1652 398 1683 420 ut
1701 393 1753 419 ad-

955 440 1095 469 versarius
1113 439 1228 467 asserit?
1245 438 1330 466 Porro
1348 445 1401 466 non
1417 442 1530 466 sanctus
1548 437 1754 470 tantummodo,

956 491 983 515 et
1003 486 1111 522 quidem
1133 484 1333 520 perfectissime
1353 487 1428 518 erat,
1446 491 1542 512 verum
1565 484 1650 511 etiam
1672 483 1754 518 plena

958 534 1076 569 potentia
1096 532 1120 559 is
1138 531 1266 566 praeditus
1283 533 1358 563 erat,
1374 530 1421 565 qui
1441 529 1550 557 dolores
1567 534 1652 563 atque
1669 536 1757 556 omne

957 585 1044 613 genus
1058 577 1223 605 inﬁrmitatis
1238 576 1362 604 sanabat.
1375 590 1411 595 —
1421 574 1488 603 Cum
1505 575 1576 601 Deus
1590 579 1689 608 suapte
1705 581 1755 600 na.

959 630 1019 652 tura
1040 628 1125 657 esset,
1145 629 1280 658 verosque
1301 621 1348 650 Dei
1369 621 1460 649 Patris
1482 620 1579 653 Filius,
1601 621 1753 647 lnnnanam

960 670 1074 697 formam
1084 669 1135 697 sibi
1147 669 1245 701 induit,
1255 675 1332 696 suam
1345 667 1448 695 faciens
1458 674 1571 694 carnem
1583 666 1658 693 illam
1670 674 1754 700 quam

960 716 993 742 de
1009 719 1102 743 sancta
1116 714 1226 749 Virgine
1244 713 1374 749 sumpsit,
1393 720 1453 748 qua:
1472 712 1596 748 proiecto
1615 719 1682 739 caro
1704 711 1753 738 Dei

959 765 1011 793 est,
1025 766 1053 788 et
1068 765 1201 796 petestate
1216 760 1306 787 divina
1324 759 1437 794 pollens.
1452 759 1554 786 Idcirco
1568 758 1699 785 Christus
1711 758 1753 785 vi-

960 807 1072 834 viﬁcans
1087 814 1194 842 quoque
1209 806 1274 840 fuit,
1288 809 1316 834 et.
1331 805 1520 834 intirmitatum
1536 809 1662 836 sanator,
1678 811 1755 830 mor-

961 853 1050 888 tisque
1065 853 1230 880 destructor.

1055 898 1103 926 25.
1124 897 1198 926 Idem
1215 898 1333 933 Cyrillus
1349 898 1476 926 adversus
1494 897 1655 924 Diodorum.

995 953 1086 981 Audes
1098 953 1180 981 etiam
1196 953 1329 981 herilibus
1342 953 1438 981 formis
1452 953 1527 981 illurn
1542 953 1675 984 induere,
1690 952 1755 986 qui,

961 1004 990 1027 ttt
1005 1000 1056 1032 ais,
1071 999 1151 1027 homo
1164 1003 1206 1027 est
1221 1000 1254 1027 de
1267 998 1363 1032 Maria,
1377 1004 1405 1027 et
1418 999 1464 1033 qui
1480 999 1559 1026 initio
1572 1006 1588 1025 a
1605 999 1686 1026 nobis
1700 997 1757 1024 nul-

961 1044 1067 1072 latenus
1081 1044 1204 1072 diversus
1217 1048 1276 1071 erat
1289 1048 1336 1071 aut
1349 1044 1483 1078 superior,
1497 1044 1544 1071 sed
1559 1048 1655 1078 postea
1669 1042 1758 1069 multo

960 1092 1106 1120 conamine
1123 1090 1186 1118 Filii
1205 1098 1304 1118 nomen
1323 1090 1492 1125 gloriamque
1511 1090 1632 1116 divinam
1653 1095 1758 1123 prome-

962 1138 1030 1165 ritus
1049 1141 1101 1169 est,
1120 1141 1213 1172 postea
1235 1144 1316 1172 quam
1339 1137 1446 1164 scilicet
1466 1136 1500 1163 de
1519 1140 1615 1163 ventre
1639 1135 1756 1162 exierat.

963 1183 1046 1219 Igitur
1061 1184 1130 1216 duo,
1150 1188 1176 1210 te
1195 1187 1340 1215 censente.
1358 1187 1422 1210 sunt
1441 1183 1504 1215 lilii;
1525 1188 1667 1216 novusque
1687 1181 1758 1208 Deus

962 1234 1005 1258 est
1022 1229 1156 1262 Christus,
1174 1229 1222 1265 qui
1242 1237 1257 1256 a
1277 1229 1333 1257 Deo
1351 1229 1552 1265 supernaturali
1572 1229 1679 1255 honore
1696 1227 1759 1254 alic-

963 1281 1024 1303 ctus
1041 1280 1093 1308 est,
1109 1275 1195 1310 magis
1214 1275 1354 1310 aliquanto
1372 1282 1454 1310 quam
1475 1274 1586 1309 reliquae
1602 1279 1756 1305 creatum;

965 1327 994 1348 ut
1009 1329 1070 1348 cum
1089 1321 1207 1355 simplici
1224 1321 1333 1349 homine
1348 1321 1478 1348 adoretur
1494 1321 1516 1348 is
1533 1322 1581 1355 qui
1598 1320 1677 1354 lapsu
1694 1326 1760 1346 tetn‘

965 1367 1051 1402 poris,
1069 1374 1119 1394 nec
1138 1367 1189 1394 nisi
1208 1367 1259 1394 sub
1276 1367 1358 1394 ﬁnem
1376 1367 1488 1402 gloriam
1506 1366 1640 1402 possedit,
1662 1365 1759 1392 factus-

965 1421 1018 1449 que
1035 1418 1076 1442 est
1091 1411 1234 1441 Trinitatis
1251 1413 1495 1447 complementum,
1514 1417 1613 1440 natura
1633 1412 1758 1447 aqualis.

1064 1470 1110 1499 26.
1130 1469 1208 1498 Idem
1223 1470 1340 1506 Cyrillus
1355 1470 1479 1498 adversus
1497 1469 1656 1496 Diodorum.

1001 1528 1123 1565 {Namque
1140 1534 1170 1557 ut
1188 1537 1282 1565 passus
1299 1529 1407 1557 dolores
1426 1529 1453 1556 in
1471 1536 1564 1561 carne,
1581 1528 1759 1556 nihilominus

968 1576 995 1604 in
1011 1583 1066 1603 suae
1082 1576 1191 1604 deitatis
1205 1581 1301 1603 natura
1316 1575 1491 1611 impassibilis
1507 1575 1607 1601 mansit
1624 1583 1632 1601 :
1649 1575 1690 1601 sic
1706 1575 1758 1604 aio.

967 1627 995 1648 et
1010 1621 1072 1648 dum
1087 1625 1234 1654 cresceret,
1248 1620 1398 1656 perfectum
1413 1620 1526 1647 omnino
1539 1619 1635 1646 fuisse.
1650 1618 1683 1646 Et
1698 1627 1757 1646 cum

969 1666 1100 1701 sapientia
1123 1666 1216 1702 augeri
1239 1667 1414 1698 credebatur,
1438 1671 1502 1693 tunc
1523 1665 1581 1700 ipse
1605 1665 1759 1692 redundans

969 1712 1109 1747 sapientia:
1124 1711 1184 1740 I'Ons
1198 1716 1268 1746 erat,
1285 1719 1299 1739 a
1314 1718 1368 1746 quo
1381 1711 1473 1739 caueri
1488 1718 1582 1738 omnes
1597 1710 1757 1744 sapientiam

971 1759 1107 1787 hauriunt.

1352 1804 1398 1832 27.

971 1863 1005 1891 Β.
1020 1863 1112 1899 Cyrilli
1130 1864 1298 1899 Alexandria!
1317 1871 1350 1890 ea:
1389 1863 1443 1891 Τοῦ

1019 1898 1095 1930 opere
1127 1904 1219 1926 contra
1250 1898 1349 1926 Diade-

1020 1942 1088 1960 rum.

1471 1862 1629 1897 μακαρίου
1651 1861 1758 1897 lt’rp/J-

1420 1896 1477 1925 λού
1494 1896 1718 1929 Ἀλεξανδῑείης
1728 1896 1759 1922 ὲιι

1420 1933 1474 1960 τοῦ
1489 1933 1565 1960 κατὰ
1581 1932 1734 1965 Διοδώρου.

1007 1990 1071 2024 Sed,
1080 1998 1097 2017 ο
1109 1992 1228 2026 sapiens,
1239 1991 1347 2026 inquam

970 2044 1039 2072 ego,
1070 2037 1160 2064 anima
1188 2038 1295 2071 quidem
1321 2041 1349 2065 et.

970 2090 1070 2118 corpus
1084 2083 1117 2110 ad
1133 2083 1249 2111 hominis
1267 2083 1350 2118 origi-

973 2135 1035 2155 nem
1052 2129 1196 2163 pertinent,
1211 2136 1299 2164 neque
1314 2129 1350 2157 al-

974 2177 1105 2202 terutrum
1123 2176 1259 2210 praecedit.

1427 1990 1509 2025 Ἀλλ’,
1530 1987 1553 2018 ὦ
1571 1989 1653 2024 σοφὲ,
1682 1988 1761 2023 φαίην

1384 2037 1429 2069 ἂν,
1443 2037 1517 2072 ψυχὴ
1545 2035 1596 2071 μὲν
1612 2035 1660 2062 καὶ
1686 2034 1761 2068 σῶμα

1384 2083 1454 2119 πρὸς
1475 2081 1620 2117 ἀνθρώπου
1647 2079 1751 2113 γένεπιν

1385 2130 1433 2156 καὶ
1442 2129 1491 2156 οὐκ
1502 2129 1535 2155 ἂν
1546 2127 1709 2163 προανίσκει
1721 2126 1763 2152 θα-

1385 2175 1464 2210 τέρου
1478 2174 1602 2210 θάτερον.
1768 2164 1771 2167 ’

923 2239 967 2269 IV.

638 2315 674 2335 ex
692 2314 775 2335 orsae
790 2315 921 2336 ADVERSUS
938 2316 1178 2338 rsconnouacnos
1195 2311 1245 2345 (l).

168 2374 260 2404 Sancti
275 2375 368 2411 Cyrilli
383 2383 416 2402 ea:
430 2375 607 2402 antirrhelicis
622 2374 783 2402 sermonibus
798 2380 890 2401 contra

999 2379 1033 2406 οὗ
1048 2379 1135 2414 ἁγίου
1158 2379 1314 2418 Κυρζλλῳ
1327 2377 1362 2404 ἐκ
1385 2372 1460 2418 ζὼν-
1470 2376 1545 2418 traria
1557 2373 1763 2418 Πγευματομὰ-

399 2421 661 2449 Pneumatomachos.

171 2478 289 2513 Digitum
311 2477 360 2505 Dei
383 2476 452 2505 solet
472 2475 612 2510 Scriptura
633 2475 769 2511 appellare
790 2475 920 2510 Spiritum

1137 2410 1428 2448 κων-’ἀντιρῤητικών
1441 2412 1541 2446 λόγων
1554 2410 1605 2445 (Ξ).

1015 2473 1151 2500 Δάκτυλον
1174 2471 1242 2498 Θεοῦ
1264 2471 1358 2499 καλεῖν
1370 2467 1424 2496 οἶδε
1449 2468 1545 2503 Γραφὴ
1559 2467 1590 2494 τὸ
1613 2467 1724 2501 Πνεῦμα
1736 2467 1763 2492 τδ

138 2511 277 2555 sanctum,
295 2523 374 2550 sicuti
392 2522 517 2550 Christus
533 2522 601 2549 dixit
619 2529 627 2549 :
647 2530 657 2547 ι
679 2522 710 2549 Si
727 2529 777 2557 ego
794 2522 821 2548 in
839 2522 916 2556 digit:

999 2527 1064 2553 γιον,
1080 2518 1171 2550 καθὼς
1197 2517 1245 2544 καὶ
1256 2517 1271 2543 ὁ
1287 2515 1405 2551 Χριστὸς
1425 2514 1555 2550 εἴρηκεν·
1567 2522 1577 2538 ι
1597 2513 1630 2539 Εἰ
1645 2512 1673 2538 δὲ
1687 2513 1715 2538 ἐν
1728 2511 1763 2547 τῷ

138 2569 183 2597 Dei
196 2569 277 2604 ejicio
287 2568 448 2596 daemonia"
457 2577 481 2600 ;ι
498 2568 523 2594 id
537 2568 607 2603 quod
621 2567 689 2595 alius
698 2566 916 2602 evangelista,tlt'

999 2565 1098 2600 ικτύλῳ
1113 2563 1180 2591 Θεοῦ
1195 2563 1318 2591 ἐκϐάλλω
1330 2562 1365 2589 τὰ
1377 2561 1514 2597 δαιμόνια·
1523 2570 1531 2585 ι
1542 2560 1612 2595 ὅπερ
1629 2559 1709 2590 ἄλλος
1721 2558 1762 2584 εὖ·

137 2615 239 2650 Spiritu
256 2614 302 2642 Dei
314 2624 324 2640 ι
340 2614 414 2642 dicit.
429 2613 475 2641 Sic
491 2613 552 2641 item
569 2614 708 2641 dexteram
728 2613 916 2648 brachiutnqut

999 2610 1150 2647 γγελιστὴς,
1166 2620 1175 2636 ι
1196 2612 1224 2638 ὲν
1236 2609 1375 2646 Πνεύματι
1389 2608 1486 2641 Θεοῦ,ι
1503 2607 1590 2635 εἶπεν.
1608 2607 1724 2642 Ὁμοίως
1737 2605 1761 2632 δὲ

173 2693 197 2710 ³⁵
208 2692 289 2721 Iiebr.
305 2701 336 2726 tt,
351 2693 395 2720 Η.
422 2693 457 2712 ’⁵⁸
468 2692 533 2720 Luc.
551 2699 588 2724 ιι,
603 2691 648 2719 20.
686 2691 708 2707 ⁸⁷
721 2691 818 2719 Matth.
834 2698 882 2724 xu,
893 2690 940 2718 28.

121 2793 125 2797 .
173 2771 211 2805 (ι)
231 2771 270 2798 Et
283 2772 385 2806 synodo
408 2770 705 2806 Byzaﬁntinarradrversus
715 2768 921 2797 Pneutnatoma-

138 2804 204 2833 chos
220 2814 264 2837 ap.
280 2804 340 2836 Mai.
358 2804 451 2840 Spici'l.
467 2805 543 2832 Rom.
557 2805 592 2837 Χ,
608 2804 653 2832 40.

175 2840 213 2875 (‘2)
235 2839 325 2867 Sancti
346 2840 438 2875 Cyrilli
460 2847 601 2875 sermones
620 2840 811 2868 antirrlteticos
830 2839 923 2875 laudat

142 2875 310 2910 Ephrmtuius
329 2874 482 2910 patriarcha
502 2874 685 2904 Antiocheuus
706 2876 776 2911 apud
798 2874 921 2903 Pltotium

973 2768 1035 2796 cod.
1051 2774 1160 2799 ccrxu,
1177 2768 1229 2795 col.
1243 2766 1296 2794 793
1313 2765 1360 2792 lin.
1374 2773 1382 2792 :
1398 2763 1533 2800 Κύριλλος
1549 2764 1578 2789 ὲν
1597 2763 1659 2800 ταῖς
1680 2761 1761 2800 dig-if,-

975 2803 1071 2865 Ῠήσεσί
1086 2797 1163 2837 φησι.
1178 2801 1327 2835 Ceteroqui
1344 2797 1524 2841 cototl'erendus
1540 2802 1582 2824 est
1599 2799 1670 2841 ιιιερι
1687 2797 1760 2830 Cyril-

986 2846 1016 2865 us
1034 2837 1102 2865 ODD.
1120 2843 1140 2864 ι.
1160 2836 1182 2863 V
1200 2838 1283 2865 [nunc
1302 2835 1370 2865 VIII]
1385 2844 1410 2861 ιιι
1423 2834 1567 2863 Thesauro.
1587 2841 1612 2865 p.
1627 2833 1687 2860 009.
1702 2833 1759 2859 Itrtu

986 2833 1016 2865 us
1034 2833 1102 2872 Opp:
1118 2833 1140 2864 I.
1160 2836 1182 2863 ν
1200 2833 1370 2873 [nunc-VIII]
1385 2834 1567 2873 itt_7_'ltesrturo.
1587 2833 1687 2873 p;'§59.
1702 2833 1759 2859 Itrtu

976 2874 1047 2908 apud
1059 2868 1110 2901 'n'os
1127 2874 1152 2900 itt
1169 2868 1370 2901 commentario
1383 2870 1415 2897 ad
1433 2869 1534 2897 Lucam
1553 2877 1593 2900 ιι,
1608 2868 1655 2895 9.0.
