4004 6202
397 337 452 429 it
1372 367 1446 424 As.
1483 365 1757 424 CYRIIJJ
1789 365 2259 424 arumnam
2291 367 2612 425 ARCHIEP.
3571 382 3637 430 τε

395 487 573 543 sauris
592 485 851 551 condunt,
875 484 1061 554 sicque
1087 482 1320 553 gaudent
1343 482 1394 536 in
1424 481 1489 536 iis
1513 496 1631 551 quae
1655 497 1720 536 cx
1743 481 1960 537 solertia

2068 484 2260 547 ίενται,
2312 483 2407 536 καὶ
2452 482 2572 536 λίαν
2617 483 2906 553 ἀσμένωςο
2953 488 3184 553 καὶτοῖς
3236 489 3495 543 ἐσωτάτω
3539 491 3637 563 τῆς

395 575 733 645 collegerint,
763 584 822 628 ut
849 574 939 629 alii
979 575 1192 642 quidam
1223 569 1511 625 saeculares
1545 585 1667 625 cum
1699 570 1961 626 vel.lndi-

2066 575 2271 628 ἐαυτῶν
2303 573 2480 644 ψυχῆς
2520 576 2927 630 ἐναποκλείουσι
2965 577 3254 650 θησαυροῖς
3273 597 3288 612 ο
3315 581 3635 648 ἐπιγάννυν-

395 684 489 725 cas
517 659 758 738 gemmas
805 665 887 721 vel
911 680 1099 719 aurum
1137 663 1292 717 avide
1313 661 1675 727 cumularunt,
1701 661 1810 716 imo
1835 677 1963 716 vero

2064 680 2154 716 ται
2177 661 2234 714 δὲ
2271 660 2412 714 οὕτω
2443 664 2553 724 τοῖς
2588 663 2646 728 ἐξ
2670 663 2935 734 εὐμαθίας
2959 668 3412 738 συνειλεγμένοις,
3439 671 3637 723 ὡσανεὶ

397 759 565 814 multo
593 759 762 829 magis
803 775 816 810 :
851 755 1232 811 «Praestanlior
1265 753 1405 807 enim
1435 760 1519 807 est
1538 753 1798 822 sapientia
1835 751 1961 821 lapi-

2065 751 2160 808 καί
2195 770 2342 816 τινες
2363 752 2551 824 ἐτεροι
2582 755 2694 808 τῶν
2728 756 2870 809 κατὰ
2905 758 2996 810 τὸν
3039 757 3172 827 βίον,
3213 760 3245 828 ἢ
3276 760 3456 823 λίθους
3491 761 3637 826 τινὰς

398 851 554 905 dibus
590 848 867 920 pretiosis,
904 858 956 902 et
1001 860 1161 900 omne
1185 844 1441 898 eximium
1477 859 1584 898 non
1619 851 1702 898 est
1749 843 1838 897 illa
1883 843 1964 897 (li-

2078 841 2302 909 Ἰνδικὰς
2415 845 2610 917 χρυσὸν
2650 845 2944 916 ἀπλήστως
2978 851 3465 919 συναγηγερκότες,
3489 852 3636 920 ςμᾶλ-

399 955 613 1010 εηυιη,›
639 939 778 993 sicut
801 938 1060 1008 scriptum
1097 945 1181 990 est
1201 936 1240 988 ¹.
1280 935 1540 1005 Oportere
1571 944 1748 988 autem
1771 950 1964 990 censeo

2065 935 2154 989 λον
2185 937 2264 998 δέ,
2289 938 2385 989 καὶ
2413 937 2494 990 ἐτι
2526 937 3117 1008 μειζόνως·ιΚρεῖσσον
3150 940 3256 1010 γὰρ
3291 942 3451 1009 σοφία
3477 942 3637 995 λίθων

399 1029 670 1098 sapientes
719 1027 870 1082 viros
909 1038 966 1082 et
1010 1026 1260 1089 solertes,
1296 1039 1360 1079 ac
1409 1025 1710 1080 divinorum
1750 1025 1964 1092 dogma-

2065 1025 2371 1078 πολυτελῶν
2391 1043 2404 1059 ·
2431 1028 2537 1079 πᾶν
2573 1027 2631 1080 δὲ
2672 1026 2892 1096 τίμιον,
2913 1028 3013 1080 οὐκ
3043 1028 3190 1091 ἄξιον
3216 1030 3408 1098 αὐτῆς,
3439 1051 3458 1083 ι
3495 1034 3637 1087 καθὰ

401 1132 512 1174 ιιιιη
553 1120 779 1190 peritos,
811 1118 928 1186 ejus
954 1126 1254 1187 opportune
1283 1115 1593 1169 meminisse
1621 1116 1674 1184 2
1698 1115 1838 1184 quod
1883 1124 1965 1170 est

2066 1118 2392 1187 γέγραπται.
2426 1118 2637 1186 Χρῆναι
2657 1119 2712 1171 δέ
2741 1136 2882 1189 φημι
2908 1119 3054 1183 τοὺς,
3079 1120 3237 1190 οἵπερ
3257 1121 3322 1172 ἂν
3353 1125 3504 1190 σοφοὶ
3526 1123 3633 1194 [ἵσ.

398 1226 428 1264 a
455 1210 686 1280 quodam
717 1224 746 1264 e
777 1208 980 1264 sanctis
1011 1206 1292 1276 discipulis
1326 1206 1588 1281 scriptum
1624 1224 1636 1259 :
1669 1225 1686 1257 ι
1717 1204 1959 1272 Fratres,

2067 1201 2168 1260 ὦσι
2196 1207 2394 1278 σοφοὶ],
2429 1209 2523 1260 καὶ
2551 1209 2820 1278 ἀγχίνοοι,
2852 1209 2949 1262 καὶ
3002 1209 3111 1262 τῶν
3151 1210 3311 1264 θείων
3355 1213 3637 1281 δογμάτων

399 1301 620 1370 probate
664 1299 892 1370 spiritus
933 1297 977 1352 si
1006 1312 1070 1351 ex
1104 1296 1213 1351 Deo
1248 1297 1438 1353 sunt'.
1470 1313 1489 1346 ›
1527 1295 1723 1350 Beatus
1752 1310 1964 1364 quoque

2066 1298 2434 1369 ἐπιστήμονες
2457 1339 2470 1363 ,
2519 1299 2920 1370 διαμεμνῆσθαι
2950 1301 3253 1371 ,χρησίμως
3300 1304 3639 1370 γεγραφότος

397 1393 598 1449 l'aulus
625 1393 856 1448 donatas
883 1405 1002 1446 esse
1036 1389 1240 1445 sanctis
1265 1388 1572 1446 hominibus
1599 1389 1728 1443 dicit
1758 1389 1964 1443 discre-

2063 1387 2210 1450 τινὸς
2247 1388 2356 1442 τῶν
2386 1389 2559 1458 ἁγίων
2617 1389 2873 1460 μαθητῶν
2895 1405 2910 1420 ο
2956 1409 2977 1440 ι
3011 1391 3284 1460 Ἀδελφοὶ,
3316 1392 3634 1461 δοκιμάζετε

400 1487 572 1540 tiones
597 1484 881 1554 spirituum
902 1480 990 1536 "lt.
1007 1479 1141 1535 Nam
1172 1480 1264 1550 qui
1293 1481 1498 1547 dicunt,
1518 1477 1963 1541 DominusJesus,

2065 1478 2133 1534 τὰ
2162 1481 2476 1552 πνεύματα,
2507 1484 2554 1534 εί
2587 1483 2652 1534 ἐκ
2684 1481 2776 1535 τοῦ
2809 1482 2944 1536 Θεοῦ
2977 1483 3104 1538 εἱσι.
3143 1501 3160 1534 ι
3205 1484 3551 1554 Δεδωρῆσθαι
3576 1485 3633 1536 δὲ

400 1578 452 1632 id
493 1591 599 1631 non
654 1572 810 1628 aliter
842 1577 1002 1640 quam
1050 1581 1146 1638 per
1191 1569 1450 1638 Spiritum
1503 1576 1746 1622 sanctum
1779 1568 1966 1636 utique

2064 1575 2178 1637 τοῖς
2217 1575 2394 1643 ἁγίοις
2432 1575 2566 1645 φησὶ
2596 1576 2690 1629 καὶ
2717 1575 2744 1627 ὁ
2773 1575 3059 1639 θεσπέσιος
3088 1575 3298 1639 Παῦλος
3337 1577 3637 1647 διακρίσεις

400 1670 582 1724 dicent
610 1681 626 1720 :
656 1674 712 1720 at
737 1677 867 1719 vero
891 1661 980 1732 qui
1005 1676 1068 1716 ex
1103 1659 1373 1729 imperitia
1395 1657 1762 1727 blasphemam
1791 1658 1845 1710 in
1872 1671 1964 1712 eos

2066 1668 2412 1737 πνευμάτων.
2437 1669 2498 1720 Οί
2525 1667 2624 1738 μὲν
2649 1669 2756 1738 γὰρ
2781 1666 3048 1736 λέγοντες,
3073 1668 3154 1720 ὅτι
3176 1667 3380 1739 Κύριος
3413 1670 3633 1739 Ἰησοῦς,

401 1761 639 1829 linguam
683 1755 888 1820 laxant,
925 1761 981 1806 et
1008 1751 1116 1804 illis
1143 1749 1268 1818 quia
1303 1757 1450 1803 recte
1484 1762 1677 1818 sapere
1705 1748 1964 1802 decreve-

2067 1761 2222 1825 φαῖεν
2253 1757 2319 1810 ἂν
2349 1758 2449 1828 οὐχ
2502 1757 2702 1828 ἑτέρως
2732 1759 2884 1822 αὐτὸ,
2922 1757 3059 1828 πλὴν
3095 1759 3177 1825 ὅτι
3213 1758 3300 1811 διὰ
3344 1758 3437 1810 τοῦ
3479 1760 3635 1827 ἁγίου

405 1862 558 1917 runt,
608 1848 994 1921 propemodum
1045 1846 1233 1900 dicunt
1309 1846 1596 1897 anathema
1649 1841 1856 1908 Iesum,
1911 1841 1962 1894 id

2067 1848 2419 1918 Πνεύματος·
2457 1847 2512 1902 οῖ
2535 1865 2598 1916 γε
2641 1849 2746 1917 μὴν
2776 1848 2833 1912 ἐξ
2866 1849 3105 1919 ἀμαθίας
3151 1849 3506 1919 παλίμφημον
3549 1851 3634 1902 ἐπ’

401 1945 587 2012 utique
627 1957 692 1994 ex
723 1937 1024 1993 Beelzebub
1055 1936 1310 1990 instinctu
1342 1935 1563 1989 faciunt.
1592 1933 1821 2004 Oportet
1863 1935 1966 2002 igi-

2065 1939 2250 2002 αὐτοῖς
2299 1937 2548 2006 γλῶσσαν
2601 1939 2838 2002 ἀνέντες,
2893 1939 2985 1992 καὶ
3026 1939 3094 1991 δι’
3137 1932 3211 1992 ὧν
3255 1939 3388 2007 ὀρθὰ
3423 1942 3635 2010 φρονεῖν

401 2044 491 2087 tur
531 2041 589 2085 ut
639 2029 922 2084 exercitati
977 2027 1043 2094 ad
1081 2025 1269 2087 omnia
1316 2023 1586 2079 subtiliter
1630 2033 1684 2077 et
1716 2033 1967 2078 accurate

2065 2028 2379 2098 ἐγνώκασι,
2441 2028 2722 2098 μονονουχὶ
2764 2027 3016 2096 λέγοντες
3073 2028 3317 2097 ἀνάθεμα
3394 2027 3632 2097 Ἰησοῦν,

402 2120 701 2192 probanda,
747 2127 803 2172 et
839 2115 1082 2189 pervigili
1135 2123 1350 2168 utentes
1393 2113 1572 2170 animo
1610 2112 1964 2182 Quorumdam

2065 2119 2222 2173 τοῦτο
2240 2118 2410 2190 δρῷεν
2433 2119 2612 2181 ἆν,ὼς
2634 2119 2739 2170 ἀπό
2760 2136 2822 2187 γε
2841 2117 2934 2171 τοῦ
2955 2118 3301 2183 Βεελζεόούλ.
3332 2120 3423 2170 Δεῖ
3455 2119 3519 2188 δὴ
3545 2113 3637 2170 οὖν

401 2212 602 2281 scripta
635 2210 896 2278 legamus,
943 2216 997 2262 et
1035 2206 1164 2276 quid
1197 2204 1267 2259 de
1295 2212 1479 2259 nostro
1509 2204 1749 2258 omnium
1783 2202 1968 2257 Salva-

2067 2208 2174 2279 άρα
2195 2207 2408 2270 λεπτῶς
2426 2224 2484 2260 τε
2507 2205 3071 2278 καὶδιεσμιλευμένως
3090 2208 3400 2278 δοκιμάζειν
3424 2207 3637 2262 ἅπαντα

405 2314 522 2359 tore
583 2303 801 2357 Christo
853 2299 1183 2369 loquantur,
1231 2295 1520 2366 diligenter
1577 2295 1965 2363 exquiramus,

2076 2300 2550 2371 μεμελετηκότας,
2603 2302 2696 2353 καὶ
2745 2299 2820 2370 νῷ
2877 2300 3285 2371 διεγηγερμένῳ
3328 2301 3641 2371 χρωμένους

401 2393 714 2463 Optimeque
751 2390 1026 2444 imitemur
1063 2386 1473 2456 probatissimos
1519 2399 1581 2440 ac
1602 2385 1968 2455 peritissimos

2071 2389 2488 2459 περιτυγχάνειν
2529 2391 2678 2459 ἡμᾶς
2716 2392 2830 2452 τοῖς
2863 2406 3024 2442 τινων
3073 2391 3500 2459 συγγράμμασι,
3548 2387 3641 2441 καὶ

403 2483 812 2547 nummularios,
849 2481 940 2551 qui
991 2479 1190 2548 probos
1234 2492 1484 2532 nummos
1525 2477 1837 2555 admittunt,
1867 2475 1968 2528 fal-

2074 2477 2379 2546 βασανίζειν
2403 2478 2689 2548 εὐτέχνως,
2717 2478 2922 2548 οὕσπερ
2946 2479 3010 2531 ἂν
3037 2482 3270 2530 ποιοῖντο
3299 2479 3487 2543 λόγους
3511 2478 3640 2546 περὶ

402 2590 493 2632 sos
541 2585 719 2629 autem
772 2581 828 2627 et
876 2571 1210 2626 adulteratos
1270 2568 1513 2622 studiose
1557 2566 1827 2634 rejiciunt.
1891 2568 1970 2620 Ad

2071 2566 2164 2620 τοῦ
2183 2569 2398 2622 πάντων
2421 2569 2577 2639 ήμῶν
2597 2569 2848 2638 Σωτῆρος
2865 2567 3104 2640 Χριστοῦ
3125 2586 3137 2598 ο
3162 2566 3559 2636 ἀπομιμεῖσθαί
3579 2584 3637 2618 τε

403 2681 564 2736 quam
621 2678 734 2718 rem
788 2675 884 2716 nos
927 2662 1117 2716 beatus
1150 2659 1350 2714 Paulus
1396 2658 1687 2722 hortatur,
1736 2657 1968 2712 dicens:

2074 2657 2168 2710 καὶ
2204 2657 2349 2727 μάλα
2378 2657 2572 2727 ὀρθῶς,
2605 2659 2731 2720 τοὺς
2761 2659 2840 2710 ὅτι
2877 2657 2938 2724 δὴ
2976 2655 3207 2723 μάλιστα
3234 2653 3508 2724 δοκίμους,
3545 2657 3638 2708 καὶ

408 2773 427 2806 ι
459 2754 639 2809 Estote
686 2751 839 2819 probi
886 2748 1230 2805 nummularii
1268 2747 1493 2802 :omnia
1537 2746 1778 2815 probate,
1833 2746 1973 2813 quod

2074 2752 2498 2820 ἐμπειροτάτους
2519 2751 2625 2801 τῶν
2645 2747 3095 2817 ἀργυροπρατῶν,
3117 2749 3166 2800 οἶ
3201 2749 3511 2818 προσίενται
3541 2751 3639 2820 μέν

405 2849 604 2902 bonum
627 2854 710 2900 est
734 2851 942 2898 tenete:
974 2841 1041 2894 ab
1077 2839 1222 2894 ninni
1256 2839 1438 2908 specie
1469 2837 1606 2892 mala
1631 2836 1916 2890 abstinete.
1949 2853 1966 2886 ι

2073 2839 2182 2893 τῶν
2211 2837 2558 2906 νομισμάτων
2588 2839 2649 2888 τὸ
2681 2837 3024 2908 εὐδοκιμοῦν,
3053 2839 3358 2910 ἀπόϐλητον
3385 2841 3439 2893 δὲ
3470 2845 3641 2894 ποιεῖ-

406 2939 500 2994 Est
526 2937 689 2991 etiam
727 2933 925 3003 alioqui
981 2942 1135 3001 turpe
1170 2933 1222 2984 in
1270 2928 1462 2998 primis
1499 2937 1555 2982 et
1578 2925 1896 2986 absurdum,
1927 2924 1972 2975 si

2074 2927 2194 2977 σθαι
2236 2925 2593 2989 σπουδάζουσι
2619 2927 2677 2979 τὺ
2708 2930 3061 3000 παράσημον,
3093 2933 3185 2984 καὶ
3218 2933 3641 3002 μεμωμημένον.

405 3041 529 3082 cum
577 3027 628 3080 in
676 3025 836 3078 rebus
881 3023 948 3076 ad
997 3022 1138 3076 hanc
1173 3020 1336 3073 vitam
1385 3018 1781 3084 pertinentibus
1828 3009 1974 3063 nullo

2073 3013 2179 3066 Καὶ
2211 3014 2346 3084 πρός
2377 3031 2441 3082 γε
2489 3015 2647 3069 τοῦτο
2690 3019 2838 3087 ἡμᾶς
2871 3021 2899 3072 ό
2931 3020 3195 3091 μακάριος
3224 3022 3433 3086 Παῦλος
3469 3039 3647 3092 παρα-

410 3117 567 3170 modo
593 3113 732 3184 quod
761 3112 814 3166 in
845 3126 957 3166 rem
983 3110 1052 3162 sit
1083 3105 1350 3174 negligere
1378 3103 1677 3162 videamur,
1709 3097 1816 3150 imo
1847 3109 1973 3148 vero

2074 3103 2252 3175 θήγει,
2295 3104 2498 3173 λέγων’
2548 3124 2566 3156 ι
2609 3106 2827 3160 Γίνεσθε
2862 3110 3118 3179 τρόφιμοι
3165 3112 3240 3181 (1)
3289 3114 3643 3181 τραπεζῖται·

408 3207 622 3276 plurimi
673 3203 848 3256 facere
891 3198 1206 3252 studeamus
1248 3207 1312 3248 ea
1351 3205 1580 3266 quorum
1642 3203 1745 3256 ope
1786 3186 1970 3254 splen-

2076 3195 2250 3248 πάντα
2276 3195 2623 3266 δοκιμάζετε,
2654 3198 2716 3251 τὸ
2744 3199 2906 3254 καλὸν
2964 3202 3251 3271 κατέχετε*
3300 3203 3406 3255 ἀπὸ
3447 3205 3650 3269 παντὸς

409 3299 531 3353 dide
557 3296 737 3349 vivere
761 3292 942 3354 liceat,
974 3303 1060 3342 res
1084 3285 1322 3341 vicissim
1357 3285 1491 3336 adeo
1521 3295 1705 3336 sacras
1733 3287 1976 3333 contem-

2079 3287 2252 3350 εἴδους
2293 3287 2530 3357 πονηροῦ
2559 3289 2849 3359 ἀπέχεσθε.
2889 3311 2906 3343 ι
2944 3293 3100 3345 Ἐστι
3137 3293 3193 3345 δέ
3228 3294 3291 3363 δὴ
3323 3295 3417 3346 καὶ
3448 3296 3650 3366 ἑτέρως

410 3401 624 3450 namus,
663 3392 718 3437 et
744 3382 970 3437 salutem
1011 3379 1204 3432 animae
1242 3389 1337 3446 pro
1366 3371 1532 3426 nihilo
1569 3371 1848 3434 ducamus,
1884 3367 1977 3421 sed

2080 3376 2411 3448 πάναισχρὸν
2443 3395 2502 3431 τε
2525 3379 2618 3431 καὶ
2653 3380 2904 3444 ἀκαλλὲς,
2932 3383 3023 3435 ἐπὶ
3067 3383 3165 3454 μὲν
3195 3387 3307 3447 τοῖς
3337 3385 3474 3438 κατὰ
3503 3386 3650 3439 τόνδε

412 3477 559 3531 illam
586 3477 636 3529 in
672 3473 856 3529 foveas
883 3481 939 3525 et
961 3482 1175 3523 caenum
1208 3465 1548 3534 dejiciamus,
1581 3463 1708 3514 dum
1734 3473 1978 3528 quocun-

2078 3468 2169 3520 τὸν
2200 3469 2312 3538 βίον
2357 3471 2646 3540 πράγμασι
2695 3473 2815 3526 κατ’
2853 3472 3041 3526 οὐδένα
3082 3473 3281 3544 τρόπον
3312 3476 3459 3544 ἡμᾶς
3507 3476 3659 3544 ἡφει-

413 3581 517 3639 que
565 3566 777 3620 libitum
827 3561 990 3616 fuerit
1026 3559 1092 3614 iis
1125 3559 1214 3628 qui
1258 3554 1403 3624 loqui
1435 3552 1672 3623 gestiunt
1715 3565 1838 3639 qua;
1872 3563 1977 3639 non

2078 3558 2312 3630 δηκότας
2344 3560 2572 3630 ὁρᾶσθαι
2622 3561 2716 3614 τοῦ
2754 3562 3038 3625 τελοῦντος
3076 3563 3155 3626 είς
3201 3563 3417 3632 ὄνησιν,
3460 3567 3654 3636 πειρᾶ-

412 3637 684 3720 convenit,
732 3650 1045 3723 projicimus
1091 3647 1327 3701 animum
1376 3656 1406 3696 a
1440 3655 1568 3696 vero
1599 3637 1980 3708 conspiciendo

2082 3649 2204 3702 σθαι
2231 3651 2288 3703 δὲ
2320 3650 2519 3720 μᾶλλον
2555 3669 2620 3704 πε
2633 3653 2685 3723 pi.
2716 3653 2907 3707 πολλοῦ
2957 3657 3226 3707 ποιεῖσθαι
3279 3655 3451 3722 φιλεῖν
3491 3656 3560 3708 τὰ
3585 3655 3655 3708 δι’

412 3750 681 3815 clausum,
718 3762 780 3801 ac
812 3745 1082 3799 nolentem
1131 3739 1428 3808 inquirere,
1463 3732 1591 3804 quid
1623 3747 1654 3786 e
1703 3731 1866 3785 rebus
1910 3729 1982 3782 le-

2080 3733 2156 3792 ὧν
2188 3739 2254 3792 ἂν
2299 3740 2510 3808 γένοιτο
2559 3741 2748 3811 βιῶναι
2793 3743 3095 3815 λαμπρῶς·
3149 3745 3413 3814 ἀλογῆσαι
3447 3745 3502 3797 δὲ
3547 3746 3658 3799 τῶν

413 3841 516 3895 etis
539 3849 745 3896 rectum
772 3837 844 3890 sit
872 3842 926 3889 et
952 3833 1104 3898 utile,
1137 3830 1266 3900 quid
1303 3828 1428 3883 item
1461 3837 1799 3896 perversum,
1830 3831 1884 3876 et
1914 3820 1982 3874 ab

2081 3831 2224 3885 οὕτω
2253 3833 2486 3894 σεπτῶν,
2515 3835 2610 3886 καὶ
2637 3835 2904 3888 ποιεῖσθαι
2932 3835 3062 3905 παρ’
3079 3836 3232 3888 οὐδὲν
3251 3836 3348 3906 τὴν
3369 3837 3468 3906 τῆς
3481 3837 3659 3907 ψυχῆς

415 3938 670 3986 accurata
718 3926 902 3998 regula
937 3926 1250 3993 dOgmatum
1301 3919 1562 3980 alienum,
1615 3924 1670 3970 et
1711 3914 1981 3981 jacturam

2085 3924 2358 3996 σωτηρίαν
2380 3940 2393 3954 ⁸
2427 3923 2640 3995 βόθροις
2661 3941 2718 3977 τε
2757 3925 2927 3996 αὐτὴν
2955 3925 3286 3993 ἐγκαθιέναι,
3315 3927 3408 3979 καὶ
3428 3926 3659 3996 τέλμασι

415 4013 656 4077 inferens
689 4033 809 4088 quae
851 4015 918 4070 ad
951 4015 1124 4084 ipsam
1158 4009 1426 4082 pertineat
1455 4008 1713 4070 animam,
1747 4006 1844 4074 pro
1880 4017 1983 4071 qua

2085 4013 2220 4084 πρὸς
2253 4013 2314 4067 τὸ
2356 4013 2547 4069 δοκοῦν
2581 4015 2768 4078 ἁπλῶς
2818 4018 2932 4078 τοῖς
2982 4015 3227 4069 ἐθέλουσι
3275 4016 3476 4077 λαλεῖν,
3519 4017 3552 4070 ἃ
3583 4017 3662 4088 μὴ

415 4111 640 4181 aqualis
679 4109 1031 4164 commutatio
1064 4105 1207 4159 nulla
1253 4112 1337 4156 est
1388 4102 1527 4170 apud
1576 4111 1671 4152 eos
1713 4106 1862 4150 certe
1894 4094 1984 4162 qui

2086 4105 2384 4177 προσῆκεν,
2416 4106 2528 4158 ἔσθ’
2568 4107 2656 4158 ὅτε
2698 4108 3220 4177 παραρῤιπτοῦντας
3262 4107 3352 4158 τὸν
3387 4107 3530 4169 νοῦν,
3559 4109 3664 4160 οὐκ

417 4202 705 4272 sapiunt“.
738 4197 1115 4252 Examinanda
1147 4203 1274 4248 sunt
1306 4193 1488 4260 igitur,
1530 4199 1584 4244 et
1611 4187 1828 4255 quidem
1857 4187 1986 4240 sub-

2086 4196 2396 4264 ὰναμύοντα
2429 4195 2564 4264 πρὸς
2595 4195 2655 4246 τὸ
2684 4195 2884 4264 ἀληθὲς
2904 4236 2918 4258 ,
2952 4195 3072 4246 οὔτε
3117 4196 3224 4264 μὴν
3267 4195 3519 4248 ἐθέλοντα
3559 4213 3665 4247 πο-

421 4291 688 4354 tilissime,
713 4302 830 4356 quae
852 4286 917 4340 de
949 4285 1144 4338 divinis
1176 4281 1518 4350 dogmatibus
1541 4277 1853 4331 scribuntur
1882 4293 1896 4326 :
1925 4289 1988 4328 ac

2087 4283 2511 4352 λυπραγμονεῖν,
2538 4284 2590 4336 τί
2619 4284 2718 4352 μέν
2745 4287 2860 4336 ἐστι
2890 4285 2996 4335 τῶν
3026 4285 3448 4353 ἀνεγνωσμένων
3475 4287 3659 4356 ὀρθὸν,

423 4381 470 4435 si
502 4378 623 4449 quis
658 4387 805 4431 recto
840 4375 1032 4428 itinere
1079 4371 1146 4424 ad
1181 4384 1404 4436 scopum
1449 4381 1727 4421 sacrarum
1763 4364 1983 4417 Littera-

2089 4371 2181 4423 καὶ
2210 4370 2553 4440 ὀνησιφόρον,
2581 4371 2634 4422 τί
2669 4370 2728 4422 δὲ
2773 4370 2835 4440 δὴ
2863 4371 2922 4423 τὸ
2954 4371 3296 4441 διάστροφον,
3327 4374 3421 4424 καὶ
3456 4372 3666 4442 δογμα-

424 4488 542 4526 rum
589 4468 777 4534 tendit,
809 4475 863 4520 et
909 4473 1136 4520 certam.
1164 4462 1216 4515 in
1268 4461 1351 4514 his
1401 4471 1695 4527 veramque
1735 4455 1984 4510 semitam

2091 4464 2250 4531 τικῆς
2297 4462 2581 4533 ἀκριϐείας
2635 4462 2994 4532 ἐπιϐεϐηκὸς,
3026 4463 3119 4517 καὶ
3167 4465 3369 4535 ζημίαν
3403 4466 3669 4536 ἐμποιοῦν

424 4561 715 4633 percurrit,
765 4559 810 4614 is
845 4568 1158 4612 nostrarum
1207 4566 1424 4622 quoque
1468 4548 1857 4604 sententiarum
1909 4561 1988 4598 re-

2092 4517 2282 4624 τὴνείς
2302 4517 2470 4624 αὐτὴν
2497 4517 2712 4624 ὁρῶσαν
2736 4517 3027 4627 ψυχῖὴνίξς
3051 4517 3297 4621 (hvmi-Eiet:
3317 4517 3489 4619 οὐδὲν,
3515 4517 3673 4629 παρά

424 4659 568 4706 ctum
621 4650 737 4718 ejus
784 4649 889 4703 iter
931 4643 1350 4716 approbantium
1395 4641 1584 4709 plausu
1636 4639 1983 4708 excipiatur:

2093 4660 2157 4710 γε
2177 4647 2288 4707 τοῖς
2322 4645 2529 4716 ἀρτίοις
2558 4644 2656 4716 τὴν
2693 4647 2884 4717 φρένα.
2911 4647 3275 4718 Δοκιμαστέον
3298 4643 3390 4701 οῦν
3415 4648 3542 4720 ἄρα,
3572 4651 3672 4702 καὶ

423 4742 563 4812 quod
593 4742 639 4796 si
692 4739 941 4807 frigidam
992 4746 1050 4792 et
1097 4734 1329 4801 futilem,
1359 4743 1416 4788 et
1453 4733 1828 4796 adulteratam,
1879 4729 1987 4784 imo

2094 4735 2213 4789 λίαν
2255 4736 2468 4807 ίσχνῶς,
2500 4737 2596 4801 τὰς
2632 4739 2760 4808 περὶ
2791 4738 2898 4791 τῶν
2929 4738 3087 4792 θείων
3113 4739 3399 4808 δογμάτων
3431 4757 3675 4811 συγγρα-

422 4849 556 4891 vero
585 4834 749 4889 etiam
779 4831 1140 4900 perniciosam
1173 4827 1476 4898 legentibus
1499 4825 1804 4880 orationem
1833 4824 1985 4886 texit,

2096 4827 2202 4894 φάς
2221 4843 2235 4857 ·
2261 4827 2363 4880 κᾶν
2389 4827 2488 4897 μέν
2515 4844 2598 4891 τις
2632 4827 2700 4880 ἴοι
2729 4829 2848 4881 κατ’
2874 4830 3001 4882 εὐθὺ
3025 4830 3116 4882 τοῦ
3143 4832 3346 4883 σκοποῦ
3368 4830 3474 4883 τῶν
3501 4832 3671 4900 ἱερῶν

423 4926 608 4982 audiat
636 4919 702 4978 ab
737 4922 986 4978 omnibus
1016 4933 1032 4974 :
1067 4939 1085 4970 ι
1119 4919 1224 4974 Sed
1268 4917 1421 4972 nobis
1455 4915 1769 4984 loquamini,
1805 4925 1860 4969 et
1886 4928 1988 4966 an-

2096 4918 2460 4988 Γραμμάτων,
2493 4921 2586 4972 καὶ
2608 4920 2707 4988 τὴν
2735 4920 2793 4972 ἐν
2821 4938 2883 4989 γε
2906 4923 3143 4974 τουτοισὶ
3173 4922 3338 4992 σαφῆ,
3373 4922 3466 4975 καὶ
3491 4917 3671 4974 ἁπλα-

501 5103 517 5133 ⁸
545 5100 702 5155 Prov.
737 5114 822 5164 ιιι,
855 5095 1023 5153 14-ιῦ
1057 5113 1071 5162 ;
1108 5092 1334 5158 vm,19.
1410 5091 1473 5143 ἰ
1509 5089 1662 5146 Joan.
1693 5107 1765 5156 iv,
1801 5091 1854 5147 l.
1931 5091 1998 5122 ³³⁵
2028 5089 2082 5143 lt

1453 5091 1473 5143 ι
1509 5089 1662 5146 Joan.
1693 5107 1765 5156 tv,
1801 5091 1854 5147 l.
1931 5091 1998 5122 ³³⁵
2028 5089 2047 5143 l
2074 5091 2196 5147 Cor.
2235 5108 2335 5156 an,
2377 5093 2458 5148 l0.
2531 5095 2552 5125 '
2587 5093 2774 5151 Matth.
2806 5111 2914 5162 xvt,
2943 5096 3030 5151 26.

1694 5245 1853 5301 ΑΝΤ.
1895 5245 2170 5303 AGELLll
2209 5248 2440 5305 NOTAE.

499 5412 578 5487 (17)
614 5413 764 5469 Hanc
795 5420 1115 5467 sententiam
1143 5406 1591 5487 Cyrillus_trihui_t
1624 5407 1782 5487 beato
1817 5407 1981 5464 Paulo
2081 5408 2265 5487 verba,
2315 5409 2503 5487 Omnia
2527 5408 2804 5487 “probate,
2852 5417 2958 5487 etc.
2985 5405 3251 5487 Qzeterum
3287 5409 3674 5487 Epiphanius,

428 5493 483 5538 et
507 5477 714 5537 'ci'tatur
749 5495 1131 5550 nonnunquam
1165 5477 1200 5533 εἰ
1231 5477 1980 5550 veteribus__GracisLaucto-
2079 5481 2346 5550 adversus
2372 5480 2740 5550 Appellianos,
2787 5478 2956 5550 refert
3001 5478 3241 5545 Apellem
3287 5477 3680 5547 in'Evangelio

411 5555 600 5618 "ribus,
637 5553 730 5607 sed
765 5552 890 5604 nulli
926 5547 1074 5604 certo
1115 5549 1324 5602 auctori
1374 5547 1686 5602 ascrihitur.
1733 5547 1832 5602 Ubi
1885 5564 1980 5601 au-
2080 5547 2133 5618 id
2167 5547 2433 5617 scriptum
2458 5547 2595 5603 'esse
2628 5549 2856 5611 dixisse,
2892 5549 2945 5600 in
2994 5562 3092 5618 suo
3141 5551 3371 5606 fortasse
3395 5590 3409 5616 ,
3447 5566 3551 5603 non
3615 5551 3677 5602 in

428 5633 538 5676 tem
586 5616 658 5677 sit
707 5624 758 5674 in
803 5619 1038 5690 Aposdoli
1087 5618 1360 5690 Epistolis,
1396 5633 1501 5690 non
1527 5618 1842 5690 _invenitur,_
1879 5619 1979 5671 nisi
2081 5617 2182 5690 hoc
2205 5616 2486 5690 certegqno
2516 5617 2760 5690 Ecclesia
2797 5619 2995 5671 utitur.
3031 5616 3158 5690 Erat
3187 5633 3368 5690 autem
3398 5621 3452 5672 in
3479 5632 3682 5690 egem-

431 5691 570 5745 forte
604 5701 792 5746 auctor
824 5683 874 5743 in
928 5683 1165 5756 Epistola
1210 5683 1382 5753 prima
1399 5688 1481 5760 _ad
1527 5685 1982 5741 Thessalonicen-
2078 5687 2320 5755 pluribus
2351 5683 2876 5760 (ἓὶγεςίετρόφιμοι,
2913 5701 3037 5760 cum
3080 5688 3162 5760 sit
3193 5689 3472 5760 legendum
3514 5683 3678 5740 δόκι-

431 5776 520 5817 ses
549 5760 692 5816 illam
733 5760 939 5826 habuit,
976 5755 1026 5813 in
1054 5771 1156 5826 qua
1185 5764 1311 5813 sunt
1341 5755 1504 5810 etiam
1534 5769 1651 5823 qua:
1677 5765 1977 5825 sequuntur
2083 5771 2196 5824 μοι,
2228 5767 2286 5813 ut
2321 5760 2458 5814 citat
2486 5755 2823 5829 Epiphanius
2856 5758 3048 5812 eodem
3076 5757 3240 5814 libro,

3393 5969 3639 6052 .-‘u.
