4004 6202
404 362 478 415 t3
1520 350 1886 412 ADVERSUS
1922 352 1976 410 Nl

2076 353 2323 419 l'ORIUM
2360 360 2490 422 LIB.
2520 367 2572 423 Ἰ.
3608 388 3674 442 Η

412 475 680 549 νεστάτην
730 468 940 547 διᾴττοι
986 467 1193 545 τρίϐον,
1246 473 1693 570 κατακροτείσθω
1743 474 1836 570 καὶ
1868 475 1976 547 πρὸ

2076 481 2356 539 .nuntiate
2405 485 2562 542 nobis
2624 485 2786 543 aliam
2840 490 3277 550 seductiouem".
3314 513 3332 547 ι
3383 497 3527 570 Ergo
3577 517 3671 560 aut

410 569 573 641 ἡμῶν
607 569 735 631 ταῖς
764 568 851 631 είς
881 566 1154 637 ὀρθότητα
1197 563 1439 634 ψήφοις·
1486 565 1532 617 εί
1564 564 1621 618 δὲ
1641 563 1869 637 ψυχρὸν,
1905 567 2003 621 καὶ

412 662 678 734 ἐξίτηλον,
713 661 809 715 καὶ
851 652 1292 730 μεμωμημένον,
1337 656 1536 727 μᾶλλον
1569 657 1625 710 δὲ
1652 658 1747 712 καὶ⁴
1773 657 1999 731 ὀλέθρου

412 754 675 825 πρόξενον
734 755 849 814 τοῖς
899 747 1312 820 ἐντευξομένοις
1356 747 1634 817 ὲξυφαίνοι
1675 748 1767 802 τὸν
1818 749 1996 818 λόγον,

409 847 659 900 ἀκουέτω
713 843 869 915 παρὰ
920 840 1177 894 πάντων·
1217 858 1235 891 ι
1271 838 1433 893 Ἀλλὰ
1460 840 1592 909 ἡμῖν
1638 839 1868 906 λαλεῖτε,
1902 843 1997 895 καὶ

408 935 771 1003 summa
823 933 958 1002 ἡμῖν
1018 931 1213 1001 ἑτέραν
1277 929 1565 1002 πλάνησιν.
1606 949 1626 981 ι
1691 932 1902 987 Οὐκοῦν
1958 934 1991 1003 ἢ

409 1025 747 1077 ποιείτωσαν
774 1020 835 1073 τὸ
870 1019 1093 1091 δένδρον
1123 1018 1311 1084 καλὸν,
1347 1018 1558 1072 καὶτὸν
1588 1018 1797 1091 καρπὸν
1827 1021 1993 1076 αὑτοῦ

414 1116 610 1177 καλὸν,
629 1114 669 1184 ἢ
694 1113 1016 1165 ποιείτωσαν
1038 1109 1100 1163 τὺ
1127 1110 1347 1181 δένδρον
1379 1109 1611 1181 σαπρὸν,
1633 1110 1839 1166 καὶτὸν
1858 1129 1994 1185 καρ-

419 1206 529 1258 πον
572 1203 736 1258 αὒτοῦ
778 1202 996 1272 σαπρόν.
1036 1219 1056 1252 ι
1098 1200 1160 1254 '0
1194 1200 1292 1272 μὲν
1315 1200 1423 1269 γὰρ
1457 1201 1663 1269 ἀγαθὸς
1707 1202 1993 1274 ἄνθρωπος

429 1298 497 1350 ὲκ
542 1296 633 1349 τοῦ
676 1293 874 1362 ἀγαθοῦ
908 1292 1195 1364 θησαυροῦ
1237 1291 1340 1361 τῆς
1389 1292 1621 1362 καρδίας
1663 1294 1827 1348 αὑτοῦ
1856 1312 1991 1367 προ-

417 1387 573 1455 φέρει
603 1386 669 1439 τὰ
691 1385 873 1452 ἀγαθά
891 1398 906 1411 ·
933 1384 962 1435 ό
989 1383 1048 1436 δὲ
1080 1383 1319 1453 πονηρὸς
1354 1382 1640 1451 ἄνθρωπος
1669 1385 1733 1439 ἐκ
1768 1385 1863 1440 τοῦ
1893 1404 1991 1442 πο-

409 1476 583 1548 νηροῦ
613 1474 888 1546 θησαυροῦ
917 1475 1019 1544 τῆς
1051 1472 1279 1543 καρδίας
1305 1472 1470 1525 αὑτοῦ
1502 1473 1768 1546 προφέρει
1797 1476 1867 1530 τὰ
1890 1495 1989 1531 πο..

408 1567 584 1636 νηρά,
620 1585 640 1616 ι
674 1564 816 1618 κατά
856 1581 921 1631 γε
966 1563 1066 1634 τὴν
1105 1562 1314 1633 ἀψευδῆ
1347 1561 1443 1617 τοῦ
1474 1564 1740 1637 Σωτῆρος
1779 1568 1983 1638 φωνήν·

408 1674 434 1706 ι
463 1654 739 1708 Ἐσκότισε
776 1652 1009 1724 μὲνγὰρ
1056 1654 1086 1707 ό
1129 1651 1264 1716 Θεὸς
1311 1653 1407 1706 τοῦ
1455 1653 1653 1717 αἰῶνος
1682 1655 1872 1709 τούτου
1918 1657 1988 1711 τὰ

403 1745 653 1817 νοήματα
684 1744 797 1798 τῶν
829 1743 1081 1798 ἀπίστων
1113 1742 1429 1815 αἱρετικῶν,
1455 1744 1536 1806 είς
1558 1742 1618 1796 τὸ
1645 1743 1720 1815 μὴ
1747 1741 1984 1814 αὐγάσαι

2104 570 2157 641 3
2185 570 2388 628 faciant
2415 574 2664 633 arborem
2687 579 2906 645 bonam,
2940 592 2995 637 et
3020 582 3253 641 fructum
3287 584 3406 655 ejus
3427 591 3669 662 bonum;

2104 667 2197 714 aut
2228 658 2433 717 faciant
2464 664 2714 721 arborem
2764 668 2988 738 malam,
3022 681 3092 745 .et
3119 672 3350 731 fructum
3384 678 3513 748 :ejus
3556 658 3671 739 ma;

2100 747 2272 803 lum".
2313 769 2333 802 ι
2367 751 2549 810 Bonus
2585 757 2730 812 enim
2773 758 2935 817 homo
2977 762 3045 819 de
3088 765 3344 824 thesauro
3375 747 3557 829 cordis
3583 775 3675 839 sui

2097 838 2309 908 profert
2360 841 2500 897 bona
2537 846 2752 903 :malus
2803 860 2983 905 autem
3029 852 3190 909 homo
3238 870 3311 912 ex
3356 848 3499 916 malo
3550 862 3669 919 the-

2097 943 2261 985 sauro
2291 934 2470 989 cordis
2502 936 2584 990 sui
2625 938 2830 1018 profert
2866 942 3039 1010 mala;
3071 962 3092 996 ι
3122 953 3182 1000 ιιι
3216 948 3498 1007 verissime
3546 952 3667 1010 Sal-

2094 1026 2252 1073 vator
2290 1031 2475 1078 noster
2503 1025 2635 1082 dicit
2656 1028 2699 1081 ⁸.
2742 1047 2760 1080 ι
2790 1029 3113 1089 Obscuravit
3140 1037 3284 1091 enim
3320 1038 3463 1096 Deus
3505 1043 3665 1115 hujus

2092 1109 2279 1165 smculi
2343 1123 2553 1172 mentes
2606 1118 2904 1176 infidelium
2966 1123 3382 1199 haereticorum,
3438 1141 3500 1188 ut
3559 1150 3665 1192 non

2093 1197 2297 1269 fulgeat
2355 1203 2683 1265 illuminatio
2739 1211 3017 1285 Evangelii
3073 1217 3258 1295 gloria:
3311 1197 3601 1282 Christi’:
3637 1245 3657 1280 ι

2091 1290 2388 1362 multisque
2413 1297 2586 1353 modis
2612 1299 2664 1354 in
2696 1315 2938 1360 errorem
2974 1290 3195 1364 abducti
3226 1320 3373 1367 sunt.
3405 1312 3662 1372 Nonnulli

2090 1381 2234 1435 enim
2270 1383 2507 1441 Verbum
2549 1402 2615 1443 ex
2663 1389 2774 1447 Deo
2805 1393 2965 1451 Patre
2998 1400 3239 1469 genitum
3270 1404 3526 1463 Genitore
3556 1411 3660 1466 mi-

2091 1485 2276 1526 norem
2309 1487 2430 1531 esse
2462 1477 2671 1544 dicunt,
2706 1483 2915 1548 miseri,
2947 1496 3002 1542 et
3038 1499 3349 1547 extraneum
3377 1497 3658 1554 servilem-

2086 1575 2195 1631 que
2224 1577 2534 1623 mensuram
2575 1570 2651 1626 illi
2694 1573 2936 1632 tribuam
2970 1593 3076 1635 non
3118 1581 3365 1639 horrent.
3398 1588 3501 1643 Alii
3530 1604 3659 1645 vero

2089 1652 2314 1722 impium
2345 1668 2400 1712 et
2426 1657 2757 1719 eﬂ‘renatum
2788 1668 3153 1726 os‘exacuunt
3186 1674 3445 1733 adversus
3480 1679 3656 1750 Spiri-

2090 1753 2200 1799 tum
2236 1754 2507 1817 sanetum,
2541 1760 2600 1805 ut
2620 1751 2741 1820 iure
2773 1758 3169 1827 propheticum.
3183 1762 3311 1819 illud
3346 1766 3397 1821 in
3424 1782 3519 1825 eos
3549 1771 3654 1827 dici

400 1839 496 1891 τὸν
533 1835 819 1907 φωτισμὸν
860 1835 954 1888 τοῦ
991 1834 1331 1917 Εύαγγελίου
1364 1834 1464 1904 τῆς
1499 1833 1661 1905 δόξης
1705 1834 1801 1888 τοῦ
1845 1836 1976 1907 Χρι-

2088 1836 2303 1904 possit:
2340 1856 2360 1889 ι
2391 1836 2501 1894 Vos
2546 1851 2728 1897 autem
2779 1847 3042 1915 accedite,
3076 1848 3169 1904 filii
3219 1850 3426 1922 iniqui,
3468 1870 3654 1914 semen

400 1927 531 1981 στοῦ
548 1945 563 1961 ·
590 1947 610 1979 ο
648 1928 1034 1998 πεπλάνηνται
1056 1926 1116 1980 δὲ
1137 1914 1513 1997 πολυτρόπως.
1540 1926 1607 1981 Oi
1636 1926 1737 1998 μὲν
1763 1928 1872 1999 γὰρ
1890 1928 1982 1983 τὸν

398 2020 467 2072 ἐκ
490 2017 629 2072 Θεοῦ
657 2018 877 2089 Πατρός
901 2018 1074 2086 φύντα
1100 2016 1294 2085 Λόγον,
1313 2017 1370 2069 ἐν
1402 2016 1579 2087 μείοσι
1602 2017 1695 2071 τοῦ
1726 2035 1982 2091 γεγεννη-

398 2110 558 2173 κότος
592 2106 738 2162 εἶναί
771 2108 833 2161 τέ
858 2124 1022 2176 φασιν
1058 2109 1109 2161 οἱ
1135 2108 1381 2171 δείλαιοι,
1429 2108 1524 2161 καὶ
1554 2108 1614 2161 τὸ
1653 2108 1889 2179 ἕκφυλόν
1918 2129 1976 2166 τε

407 2199 506 2251 καὶ
528 2198 894 2269 δουλοπρεπὲς
908 2197 1063 2269 ,αὐτῷ
1096 2198 1501 2269 προσνέμοντες
1535 2198 1756 2271 μέτρον,
1787 2202 1848 2256 οὐ
1878 2218 1979 2256 κα-

415 2287 840 2357 ταπεφρίκασιν.
872 2289 937 2341 οἱ
964 2288 1023 2341 δὲ
1050 2288 1126 2359 τῷ
1172 2288 1316 2359 ἁγίῳ
1345 2288 1625 2359 Πνεύματι
1662 2290 1724 2344 τὸ
1764 2292 1979 2348 ἀνόσιόν

425 2390 488 2425 τε
515 2375 613 2427 ut
630 2376 857 2445 ἀκρατὲς
883 2377 1233 2447 ὲπιθήγοντες
1254 2376 1451 2448 στόμα,
1470 2379 1695 2455 δικαίως
1720 2381 1977 2437 ἀκούουσι

411 2462 519 2514 τοῦ
561 2466 847 2533 προφήτου
883 2466 1156 2535 λὲγοντος
1199 2487 1218 2520 ‹
1253 2467 1449 2538 Ὑμεῖς
1487 2469 1545 2523 δὲ
1592 2473 1974 2543 προσαγάγετε

397 2544 529 2614 ὧδε,
562 2552 673 2603 υἱοὶ
695 2551 925 2622 ἄνομοι,
947 2557 1155 2626 σπέρμα
1181 2558 1379 2629 μοιχῶν
1403 2559 1498 2613 καὶ
1526 2561 1731 2632 πόρνης
1752 2578 1765 2593 ⁸
1790 2564 1850 2617 ἐν
1870 2564 1976 2619 τίνι

396 2642 832 2713 ὲνετρυφήσατε,
870 2645 969 2695 καὶ
990 2646 1084 2697 ἐπὶ
1113 2646 1215 2700 τίνι
1232 2649 1469 2718 magna
1494 2650 1556 2704 τὸ
1584 2651 1762 2723 στόμα
1783 2653 1936 2725 ὑμῶν
1957 2694 1972 2720 ,

392 2731 493 2788 καὶ
508 2733 602 2787 ἐπὶ
622 2732 733 2787 τίνι
764 2732 1068 2804 ἐχαλάσατε
1087 2735 1186 2809 τὴν
1208 2738 1455 2808 γλῶσσαν
1474 2741 1660 2814 ὑμῶψς
1684 2744 1797 2815 Οὐχ
1817 2745 1976 2815 ὑμεῖς

399 2827 522 2879 ἔστε
551 2826 722 2880 τέκνα
756 2828 1053 2893 ἀπωλείας,
1087 2830 1311 2903 σπέρμα
1341 2833 1575 2905 ἄνομονς
1611 2834 1750 2888 Ἀλλ’
1776 2836 1973 2891 ἐκεῖνοι

398 2918 503 2988 μὲν
524 2918 884 2991 πορεύσονται
917 2919 996 2991 τῷ
1023 2922 1236 2977 ἑαυτῶν
1264 2925 1425 2995 φωτὶ,
1460 2927 1557 2981 καὶ
1594 2927 1799 2997 φλόγας
1824 2931 1974 3002 stipi-

397 3026 618 3065 σκουσιν
647 3009 757 3082 [Ian
782 3012 1118 3085 εὑρήσουσι],
1138 3013 1208 3079 ἃς
1228 3016 1535 3082 ἐξέκαυσαν
1562 3019 1736 3073 αὐτοί.
1759 3039 1779 3072 ο
1796 3022 1974 3093 Ἦμᾶς

395 3099 455 3153 δὲ
511 3100 839 3168 ἀκόλουθον,
888 3097 971 3166 οἷς
1004 3102 1299 3177 ὀρθότητος
1342 3107 1497 3179 μέλει
1517 3146 1535 3173 ,
1575 3110 1738 3180 σοφόν
1780 3129 1838 3165 τε
1880 3113 2041 3221 καὶ-ο

399 3191 602 3221 ι.,...ι;
632 3193 833 3221 ,ληικν
877 3196 1089 3221 ι...ι---.
1141 3198 1251 3221 -3.-.
1279 3199 1439 3221 la_!_--.
1482 3201 1571 3221 ob,
1632 3202 1681 3221 se
1852 3220 1855 3221 ,
1918 3207 1942 3221 ε

397 3191 604 3263 ἀκριϐῆ
632 3193 723 3248 τὸν
748 3195 833 3263 ἐφ’
875 3196 1092 3270 ἑκάστῳ
1139 3198 1251 3252 τῶν
1278 3199 1440 3254 θείων
1477 3201 1765 3273 δογμάτων
1798 3207 1969 3260 ποιεῖ-

401 3280 525 3334 σθαι
574 3282 767 3352 λόγον·
817 3288 914 3339 καὶ
956 3288 1059 3357 τῆς
1107 3290 1333 3344 ἐκείνων
1380 3292 1782 3365 ἀθυροστομίας
1829 3312 1971 3368 παρ-

393 3373 663 3428 αιτεῖσθαι
712 3374 781 3430 τὰ
812 3378 1167 3449 ἐγκλήματαο
1200 3382 1288 3435 ἵνα
1332 3385 1407 3455 μή
1453 3401 1507 3437 τι
1542 3387 1845 3453 πταίοντες,
1874 3390 1969 3445 καὶ

391 3464 806 3535 ἁμαρτάνοντες
836 3470 917 3531 είς
943 3469 1072 3531 τοὺς
1098 3470 1382 3540 ἀδελφοὺς,
1423 3462 1747 3545 πλήττοντές
1775 3495 1833 3531 τε
1871 3480 1970 3533 αὺ-

392 3555 505 3608 τῶν
530 3556 627 3626 τὴν
664 3557 971 3629 συνείδησιν
1015 3559 1369 3630 ἀσθενοῦσαν,
1402 3564 1483 3628 εις
1521 3566 1758 3638 Χριστὸν
1787 3569 1968 3641 ἀμαρ-

388 3648 667 3718 τάνωμεν.
703 3648 1096 3722 ’Δκουσώμεθα
1126 3651 1238 3723 [ιον.
1262 3654 1629 3729 ἀκουσόμεθα]
1649 3658 1759 3729 γὰρ
1786 3658 1969 3730 λέγον-

390 3755 483 3803 τος
512 3740 675 3803 εὐθύς
694 3759 708 3771 ·
744 3759 763 3792 ι
790 3742 914 3794 Ὀτι
943 3745 995 3795 εί
1015 3745 1046 3797 ό
1070 3744 1260 3815 ἐχθρὸς
1284 3746 1528 3801 ὠνείδισέ
1560 3766 1649 3819 με,
1685 3750 1970 3823 ὑπήνεγκα

392 3830 461 3882 ἂν
482 3847 498 3859 ’
531 3831 628 3884 καὶ
661 3831 713 3883 εἰ
741 3832 769 3885 ό
799 3831 975 3901 μισῶν
1003 3850 1073 3903 με
1109 3834 1198 3888 ἐπ’
1227 3835 1329 3905 ἐμὲ
1357 3838 1965 3911 ὲμεγαλορῤημόνησεν,

396 3920 639 3991 ὲκρύϐην
682 3922 749 3978 ἂν
799 3926 896 3979 ἀπ’
926 3926 1114 3980 αὐτοῦ.
1146 3927 1219 3980 Σὺ
1268 3926 1359 3990 δὲ,
1414 3927 1667 4000 ἄνθρωπε
1722 3931 1966 4002 ίσόψυχε,

399 4011 631 4080 ἡγεμὼν
657 4031 777 4083 μου,
807 4006 1133 4086 καῖγνωστέ
1160 4033 1294 4089 μου’
1322 4018 1383 4083 ὃς
1412 4021 1505 4073 ἐπὶ
1547 4022 1611 4075 τὸ
1640 4022 1773 4077 αὐτὸ
1807 4023 1968 4092 ὲγλύ-

410 4102 588 4164 κανάς
628 4121 717 4173 μοι
748 4105 1037 4178 ἐδέσματα·
1071 4111 1132 4163 ὲν
1166 4109 1246 4181 τῷ
1274 4111 1409 4181 οἴκῳ
1437 4110 1534 4165 τοῦ
1562 4112 1697 4166 Θεοῦ
1732 4114 1966 4185 ἐπορεύ-

402 4190 582 4263 θημεν
624 4195 684 4247 ἐν
724 4198 964 4270 ὁμονοίᾳ,
998 4218 1016 4248 ι
1050 4198 1191 4252 Ἀλλ’
1222 4200 1289 4254 ῐοι
1323 4202 1423 4270 μὲν
1454 4203 1530 4266 ὡς
1569 4202 1780 4274 ἐχθρῶν
1807 4207 1968 4261 ταυτὶ

392 4282 660 4350 κεφαλὰς,
699 4285 750 4338 οἳ
773 4285 871 4356 τῆς
896 4285 992 4340 τοῦ
1025 4286 1280 4357 Σωτῆρος
1310 4288 1468 4359 ἡμῶν
1497 4288 1966 4359 καταστρατεύονοε

386 4391 484 4428 ται
504 4374 687 4446 δόξης,
714 4380 811 4430 καὶ
837 4379 1050 4450 τρυφὴν
1077 4379 1338 4450 ἡγοῦνται
1365 4380 1464 4443 τὰς
1499 4383 1580 4444 εἰς
1616 4382 1778 4435 αὐτὸν
1798 4381 1962 4452 βλασ-

2084 1926 2456 1983 adulterorum
2485 1940 2538 1985 et
2571 1935 2875 1991 meretricis
2904 1955 2917 2003 ;
2943 1938 2997 1993 in
3036 1954 3195 2009 quem
3217 1943 3470 2000 oblectati
3499 1949 3654 2017 estis,

2082 2021 2139 2067 et
2166 2013 2217 2068 in
2248 2030 2408 2086 quem
2431 2021 2725 2089 aperuistis
2754 2039 2816 2079 os
2850 2036 3111 2095 vestrum,
3140 2040 3196 2086 et
3224 2031 3277 2087 in
3309 2048 3469 2104 quem
3506 2013 3656 2096 laxa;

2080 2105 2183 2160 stis
2225 2105 2461 2178 linguam
2499 2116 2776 2170 vestram?
2805 2114 2996 2173 Nonne
3023 2134 3119 2176 vos
3160 2124 3291 2180 estis
3342 2126 3436 2182 filii
3469 2133 3653 2199 perdi-

2084 2196 2266 2265 tionis,
2311 2214 2495 2259 semen
2527 2204 2768 2276 iniquum
2790 2209 2876 2264 “7
2920 2211 3026 2268 Sed
3056 2213 3130 2269 illi
3157 2218 3374 2285 quidem
3406 2196 3652 2279 ambula-

2078 2287 2217 2346 bunt
2249 2291 2301 2347 in
2332 2292 2537 2351 lumine
2562 2313 2683 2365 suo,
2714 2308 2765 2355 et
2797 2300 3043 2360 flammas
3075 2306 3353 2366 invenient
3381 2326 3519 2382 quas
3548 2314 3650 2385 ipsi

2080 2385 2447 2442 accenderunt
2472 2389 2537 2445 “.
2569 2408 2589 2441 ι
2631 2390 2795 2449 Nobis
2835 2403 3036 2465 autem,
3068 2400 3268 2469 quibus
3307 2412 3514 2460 rectum
3546 2408 3653 2463 iter

2076 2480 2162 2527 est
2183 2487 2349 2540 curae,
2383 2479 2637 2534 convenit
2666 2483 2944 2552 sapienter
2967 2494 3022 2541 et
3047 2499 3302 2545 accurate
3323 2494 3391 2545 de
3421 2494 3650 2563 singulis

2080 2560 2280 2617 divinis
2308 2564 2652 2633 dogmatibus
2684 2569 2853 2640 loqui,
2884 2589 3185 2645 cavereque
3233 2593 3298 2633 ne
3332 2560 3548 2637 illorum
3593 2585 3645 2638 in

2076 2650 2342 2722 loquendo
2372 2658 2694 2735 temeritatis
2735 2664 2940 2720 crimen
2977 2667 3339 2738 incuri-alnus,
3375 2689 3446 2729 ne
3475 2677 3648 2734 offen-

2076 2742 2265 2798 dentes
2300 2754 2355 2800 et
2394 2734 2680 2815 peccantes
2729 2752 2782 2806 in
2826 2756 3045 2823 fratres,
3083 2768 3139 2814 et
3169 2734 3538 2830 percutientes
3568 2766 3648 2821 in-

2077 2832 2286 2890 firmam
2329 2839 2565 2907 ipsorum
2606 2847 3017 2915 conscientiam,
3056 2851 3108 2906 in
3135 2852 3412 2910 Christum
3454 2873 3644 2927 pecce-

2076 2938 2194 2979 mus
2220 2923 2285 2979 ³³.
2322 2925 2471 2984 Illico
2494 2931 2638 2985 enim
2665 2935 2948 2992 audiemus
2979 2953 3101 2994 eum
3135 2942 3402 3000 dicentem
3423 2923 3478 3001 ιι
3501 2948 3646 3015 Quo-

2075 3013 2224 3071 niam
2266 3018 2311 3073 si
2356 3018 2610 3078 inimicus
2663 3040 2817 3081 meus
2851 3028 3221 3090 maledixisset
3238 3076 3255 3095 κ
3275 3037 3430 3103 mihi,
3481 3042 3645 3096 susti-

2074 3109 2315 3165 nuissem
2345 3111 2570 3184 utique;
2613 3124 2669 3171 et
2698 3117 2745 3172 si
2791 3118 2837 3173 is
2868 3120 2961 3190 qui
3007 3124 3197 3179 oderat
3225 3142 3330 3193 me,
3362 3145 3524 3200 super
3557 3148 3643 3187 me

2073 3212 2268 3269 magna
2318 3201 2533 3259 locutus
2582 3204 2798 3274 fuisset,
2842 3209 3245 3270 abscondissem
3292 3232 3382 3273 me
3412 3220 3641 3284 forsitan

2070 3288 2238 3363 abeo
2273 3308 2289 3346 :
2323 3300 2378 3348 tu
2403 3307 2554 3362 vero,
2587 3297 2751 3353 homo
2780 3302 3071 3371 unanimis,
3092 3305 3197 3360 dux
3225 3322 3377 3363 meus
3400 3318 3456 3365 et
3475 3320 3641 3367 notus

2071 3394 2242 3447 meus,
2281 3385 2372 3451 qui
2411 3386 2573 3441 simul
2618 3405 2827 3446 mecum
2859 3393 3044 3450 dulces
3073 3398 3326 3469 capiebas
3366 3401 3538 3469 cibos,
3588 3405 3639 3458 in

2069 3470 2232 3527 domo
2258 3473 2353 3529 Dei
2376 3477 2769 3538 ambulavimus
2792 3496 2912 3538 cum
2939 3500 3206 3544 consensu
3236 3488 3301 3545 ³³.
3340 3509 3361 3543 ι
3395 3490 3502 3548 Sed
3525 3494 3641 3550 hac

2068 3561 2124 3617 in
2166 3566 2342 3635 capita
2377 3568 2717 3627 inimicorum
2760 3585 2993 3642 vertant,
3022 3578 3114 3648 qui
3140 3579 3340 3636 bellum
3378 3586 3640 3641 adversus

2070 3653 2371 3714 Salvatoris
2401 3661 2568 3715 nostri
2599 3661 2827 3732 gloriam
2859 3678 3234 3736 susceperunt,
3276 3677 3333 3726 et
3363 3672 3638 3742 coniectas

2069 3743 2122 3798 in
2168 3761 2290 3801 eum
2351 3748 2715 3820 blasphemias
2771 3768 2870 3823 pro
2931 3757 3141 3816 deliciis
3199 3761 3422 3818 habent.
3468 3763 3637 3821 Nobis

2067 3844 2271 3903 autem,
2305 3850 2366 3893 ut
2390 3840 2515 3903 dixi,
2558 3857 2979 3902 consentaneum
3007 3858 3092 3913 est
3134 3857 3633 3921 aenecessarium,

2066 3927 2158 3996 qui
2189 3942 2253 3983 ea
2288 3944 2479 4000 sapere
2506 3934 2785 3991 studemus
2812 3952 2932 4008 qua:
2962 3939 3039 3994 illi
3079 3942 3314 4009 placent,
3348 3947 3635 4014 providere

2067 4031 2135 4071 ne
2173 4032 2355 4075 sermo
2409 4031 2594 4077 noster
2642 4039 2671 4077 a
2707 4027 2935 4082 veritate
2983 4029 3056 4083 sit
3099 4041 3358 4097 muretus,
3387 4046 3480 4088 aut
3525 4036 3633 4091 alio

2066 4106 2321 4176 quopiam
2355 4110 2560 4175 tendat,
2600 4125 2664 4166 ac
2694 4124 2906 4182 spectet
2934 4117 3004 4172 ad
3047 4118 3266 4174 inanem
3306 4121 3630 4192 vanitatem,

2068 4196 2137 4265 is,
2191 4198 2431 4268 inquam,
2486 4202 2577 4272 qui
2628 4204 2694 4259 ad
2744 4205 2986 4262 subditos
3032 4208 3286 4277 habetur,
3343 4214 3437 4268 sed
3484 4220 3630 4287 quod

2066 4299 2217 4345 recte
2263 4290 2502 4360 prolatus
2557 4294 2650 4358 sit,
2683 4295 2853 4364 ipsius
2883 4298 3128 4355 veritatis
3177 4300 3437 4374 suffragio
3477 4322 3629 4363 com-

2069 4381 2375 4438 mentietur.
2426 4380 2553 4437 Ha-c
2604 4391 2786 4440 autem
2834 4402 2900 4441 eo
2948 4388 3094 4453 dico,
3143 4392 3270 4461 quia
3317 4395 3372 4449 in
3432 4395 3629 4454 librum

388 4466 621 4535 φημεας’
637 4469 786 4537 ἡμᾶς
799 4468 881 4533 δὲ,
900 4469 976 4532 ὡς
991 4470 1149 4542 ἔφην,
1167 4470 1455 4524 ἀκόλουθόν
1468 4487 1529 4524 τε
1552 4471 1647 4525 καὶ
1664 4472 1960 4541 ἀναγκαῖον

2076 4474 2352 4541 quemdam
2401 4488 2431 4527 a
2472 4477 2705 4545 quodam
2753 4480 3111 4545 compositum
3174 4482 3361 4553 incidi,
3416 4487 3468 4542 in
3523 4504 3633 4560 quo

384 4558 519 4620 τοὺς
536 4558 606 4611 τὰ
623 4560 773 4629 αὐτῷ
788 4559 1050 4615 δοκοῦντα
1075 4563 1290 4633 φρονεῖν
1313 4561 1736 4630 σπουδάζοντας,
1769 4565 1843 4634 μὴ
1863 4565 1962 4636 τῆς

386 4647 649 4716 ἁληθείας
669 4652 1157 4722 ὲκκεκομισμένον,
1174 4652 1340 4724 ἤγουν
1356 4652 1588 4725 ἑτέρωσέ
1615 4670 1707 4707 ποι
1727 4653 1963 4727 διᾴττον-

382 4756 483 4802 τα,
507 4742 603 4794 καὶ
628 4742 923 4796 νενευκότα
938 4744 1074 4814 πρὸς
1103 4743 1164 4797 τὸ
1181 4743 1551 4813 ὲξίτηλον,τὸν
1572 4744 1708 4816 πρός
1728 4760 1793 4813 γε
1820 4747 1964 4817 φημὶ

378 4831 515 4896 τοὺς
529 4832 636 4885 ὑπὸ
656 4836 836 4903 χεῖρα,
852 4834 947 4887 καὶ
959 4836 1082 4897 ταῖς
1101 4835 1181 4898 είς
1203 4834 1473 4906 ὀρθότητα
1491 4834 1696 4906 ψήφοις
1716 4835 1776 4902 ἐξ
1792 4837 1964 4909 αὐτῆς

380 4924 487 4991 τῆς
518 4924 783 4995 ἀληθείας
832 4922 1280 4994 στεφανούμενον.
1307 4926 1419 4979 Καὶ
1452 4924 1626 4979 ταῦτά
1654 4943 1817 4997 φημι,
1855 4929 1963 4981 τινὶ

374 5014 494 5068 τῶν
528 5013 752 5084 βισλίων
783 5014 1092 5086 περιτυχὼν
1138 5014 1246 5068 ὑπό
1276 5032 1372 5069 του
1414 5015 1833 5089 συντεθειμένῳ,
1863 5019 1959 5072 καὶ

380 5105 592 5176 πολλὴν
626 5106 728 5177 μὲν
760 5105 940 5177 ἔχοντι
971 5105 1082 5160 τῶν
1108 5106 1337 5177 ὁμιλιῶν
1377 5106 1478 5178 τὴν
1506 5106 1774 5178 ἄθροισιν,
1812 5126 1956 5164 στοι-

385 5194 547 5264 χηδὸν
568 5194 648 5257 δὲ,
689 5197 787 5248 καὶ
822 5195 898 5258 ὡς
948 5196 1006 5249 ἐν
1038 5194 1191 5258 τάξει
1218 5195 1509 5266 κειμένων,
1538 5197 1870 5268 ὴμοιρηκόσι
1898 5198 1957 5252 δὲ

272 5296 285 5303 ‘
389 5286 506 5336 κατ’
538 5285 732 5341 οὐδένα
758 5287 959 5357 τρόπον
985 5287 1082 5341 τοῦ
1109 5286 1436 5357 κατέχεσθαι
1467 5286 1597 5342 δεῖν.
1631 5288 1744 5341 Καὶ
1768 5289 1820 5341 εί
1856 5289 1959 5357 μὲν

380 5371 598 5444 εἴρηταί
636 5393 695 5429 τι
723 5376 877 5447 παρὰ
903 5376 1000 5431 τοῦ
1035 5378 1500 5450 συγγεγραφότος,
1529 5378 1559 5431 ὃ
1585 5380 1706 5441 ταῖς
1743 5380 1825 5443 εἰς
1861 5379 1958 5451 λή-

372 5462 481 5535 θην
523 5466 858 5538 ἀποδημίαις
906 5469 1221 5541 ἠφανίζετο,
1254 5468 1357 5525 κᾶν
1399 5468 1581 5541 ᾠήθην
1627 5469 1758 5536 δεῖν,
1801 5470 1959 5541 σιγὴν

2066 4561 2215 4616 tnttlti
2280 4572 2436 4618 erant
2492 4567 2735 4637 congesti
2793 4582 3071 4627 sermones
3119 4587 3217 4642 per
3264 4577 3530 4635 elementa
3574 4591 3631 4639 et
3691 4637 3694 4640 .

2061 4654 2210 4708 velut
2250 4655 2440 4712 ordine
2495 4657 2760 4728 dispositi,
2812 4660 3069 4733 nullaque
3108 4667 3258 4722 ratio
3314 4670 3384 4724 εἰ·
3418 4671 3625 4743 deerat,

2061 4748 2350 4816 quominus
2381 4749 2603 4805 retineri
2639 4763 2839 4821 posset.
2864 4752 2922 4826 4
2955 4755 3033 4810 Ac
3060 4755 3106 4810 si
3133 4772 3163 4812 a
3190 4759 3463 4829 scriptore
3484 4763 3629 4833 ejus-

2061 4837 2209 4891 modi
2239 4838 2443 4910 aliquid
2473 4841 2676 4899 dictum
2710 4854 2874 4911 esset,
2905 4846 3049 4916 quod
3079 4848 3337 4907 oblivioni
3370 4854 3623 4931 traditum

2066 4940 2434 4994 evanesceret,
2474 4932 2660 4991 forsan
2706 4936 2894 5006 utique
2938 4940 3251 4998 statuissem
3296 4951 3353 4998 et
3380 4945 3513 5000 mihi
3554 4947 3632 5002 si-

2063 5016 2279 5074 lendum
2312 5035 2455 5086 esse,
2500 5034 2557 5079 et
2598 5026 2810 5082 caeteris
2844 5029 3233 5086 consulendum
3277 5041 3336 5087 ut
3372 5033 3513 5089 idem
3549 5035 3628 5091 fa.

2061 5119 2282 5175 cerent,
2343 5127 2410 5167 ne
2459 5113 2643 5172 multis
2698 5117 2819 5173 aliis
2863 5120 3199 5189 posterisque
3250 5123 3449 5180 nostris
3500 5136 3625 5182 nota

2063 5212 2243 5257 essent
2278 5210 2386 5258 tam
2411 5203 2643 5261 absurde
2678 5217 2897 5278 tamque
2927 5210 3298 5276 imprudenter
3327 5214 3495 5271 dicta.
3518 5217 3626 5273 Sed

2062 5293 2190 5360 quia
2225 5292 2677 5364 blasphemiarum
2709 5300 2862 5355 turba
2891 5300 2944 5355 in
2973 5314 3039 5356 eo
3065 5300 3203 5356 libro
3237 5314 3495 5389 congesta
3520 5316 3627 5373 est,
3696 5314 3701 5319 '

2061 5392 2117 5438 et
2153 5384 2375 5439 multum
2417 5387 2677 5444 adversus
2713 5388 2963 5457 dogmata
2995 5389 3242 5447 veritatis
3270 5384 3624 5450 declamatum

2062 5479 2119 5527 et
2168 5472 2561 5545 oblateratum,
2604 5477 2877 5546 quomodo
2928 5493 3037 5535 non
3097 5482 3467 5539 necessarium
3526 5483 3628 5540 fuit

449 5669 474 5700 ⁸
500 5669 608 5722 lsa.
630 5681 761 5727 xxx,
799 5668 885 5721 l0.
964 5670 985 5701 "
1014 5670 1203 5724 Matth.
1231 5672 1440 5735 $11.55.
1518 5677 1538 5707 "
1569 5674 1697 5732 ibid.
1730 5674 1818 5729 55.
1901 5676 1921 5707 ’
1948 5672 1991 5729 ll
2023 5674 2146 5731 Cor.
2179 5691 2254 5744 tv,
2286 5679 2337 5732 4.
2420 5680 2459 5712 ¹⁰
2494 5680 2594 5736 Isa.
2618 5695 2756 5747 LVII,
2789 5683 2841 5738 4.
2922 5683 2962 5714 “
2991 5680 3096 5739 lsa.
3131 5684 3296 5747 1.,ll.
3372 5681 3459 5757 ⁸⁸]
3489 5684 3616 5742 Cor.

454 5756 493 5785 ι-
536 5737 625 5785 12-
708 5736 750 5767 ¹³
778 5737 919 5785 Psnl-
948 5755 1055 5785 LIV-
1091 5741 1280 5785 13-15-
3660 5780 3675 5785 -

367 5755 495 5805 vni,
536 5737 625 5794 12.
708 5736 750 5767 ¹³
777 5737 919 5793 Psal.
948 5755 1056 5807 LIV,
1091 5741 1280 5795 13-15.
