4004 6202
437 319 504 373 15
1466 317 1523 370 S.
1539 333 1550 353 ν
1571 312 1846 372 οϊιιιωμι
1882 309 1984 367 AL]

2086 310 2351 368 ANDRINI
2389 310 2708 369 ARCHIEP.
3607 325 3685 374 4m

433 431 813 501 propemodum
830 438 904 486 ~ut
933 429 1363 501 accingeremur,
1393 435 1463 482 et
1504 442 1604 497 pro
1634 425 1811 484 salute
1840 425 1984 482 lecto

2113 442 2173 477 τε
2198 423 2343 494 ἔχειν
2363 423 2544 490 αὐτὸς,
2561 424 2654 478 xui
2678 425 2884 494 ἑτέροις
2915 429 3313 499 συμϐουλεῦσαι
3335 433 3505 487 τοῦτο,
3521 435 3679 507 δρᾷνο

431 539 549 576 rum
581 532 934 590 certaremus,
959 539 1036 580 ne
1065 523 1228 577 ullum
1258 537 1326 576 ex
1369 535 1432 576 ea
1471 537 1530 577 re
1561 522 1819 576 damnum
1847 529 2000 589 pate—

430 622 638 676 rentur,
674 627 739 666 ac
765 613 1053 668 discerent
1086 611 1264 681 potius
1301 610 1569 680 iacturam
1619 625 1685 666 ex
1717 624 2001 680 perperam

428 702 587 756 dictis
620 705 1023 771 provenientem
1051 713 1281 758 strenue
1325 702 1786 774 repellere‘lvNam
1816 704 2004 760 beatus

427 791 668 847 Joannes
725 793 868 848 illius
929 793 1150 848 tonitrui
1206 809 1237 848 a
1286 795 1570 851 Salvatore
1606 798 1847 852 omnium
1908 811 2003 851 no-

428 895 598 940 strunt
635 884 853 940 Christo
901 894 984 939 est
1015 885 1316 955 appellatus
1337 887 1407 951 “,
1433 901 1514 942 -ac
1548 891 1762 955 merito,
1811 896 1868 941 ut
1909 885 2002 956 qui

429 992 679 1046 magnum
726 976 979 1046 quiddam
1024 984 1078 1031 et.
1131 977 1405 1032 insolitum
1449 977 1666 1044 eti‘atus,
1718 993 2004 1049 propemo-

425 1069 552 1123 dum
604 1066 790 1120 orhem
840 1065 1023 1121 sonitu
1073 1067 1438 1133 concusserit,
1489 1078 1544 1124 et
1585 1079 1759 1125 terras
1799 1070 2000 1125 tonitru

426 1155 701 1210 terruerit.
726 1153 777 1210 ls
801 1157 946 1209 enim
975 1155 1101 1210 illud
1130 1155 1436 1211 venerabile
1458 1157 1616 1227 plane
1643 1171 2003 1226 magnumque

425 1246 813 1301 incarnationis
843 1245 1114 1316 Unigeniti
1158 1250 1471 1318 mysterium
1500 1249 1701 1318 optime
1727 1249 1998 1304 declarat:

420 1333 550 1388 dicit
578 1335 721 1388 enim
755 1351 769 1388 :
805 1353 823 1386 ι
858 1333 914 1388 ln
941 1335 1210 1405 principio
1233 1348 1352 1391 erat
1383 1336 1643 1404 Verbum,
1672 1347 1726 1392 et
1755 1336 1996 1393 Verbum

417 1436 538 1480 erat
567 1426 710 1496 apud
739 1426 934 1493 Deum,
975 1436 1028 1482 et
1062 1429 1200 1484 Deus
1234 1440 1353 1484 erat
1381 1430 1614 1486 Verbum
1644 1446 1659 1486 :
1690 1432 1869 1486 omnia
1905 1447 2000 1500 per

416 1517 592 1586 ipsum
621 1516 761 1572 facta
792 1527 940 1584 sunt,
973 1527 1026 1574 et
1063 1520 1178 1574 sine
1213 1520 1329 1589 ipso
1364 1519 1568 1576 factum
1601 1531 1685 1578 est
1712 1523 1848 1577 nihil
1874 1523 1939 1576 ιδ.
1969 1541 1990 1576 ι

418 1608 519 1665 Ubi
548 1624 678 1666 vero
713 1621 967 1666 accurate
1001 1620 1055 1667 et
1099 1613 1338 1682 expolite
1382 1616 1637 1686 mysteria
1667 1616 1909 1680 tradidit,
1943 1627 1998 1672 et

418 1701 764 1773 Unigenitum
795 1713 872 1758 et
918 1702 1084 1758 Deum
1133 1721 1272 1772 esse,
1335 1717 1390 1760 et
1422 1722 1488 1762 cx
1541 1709 1651 1762 Deo
1699 1709 1991 1763 secundum

423 1805 671 1850 naturam
729 1795 1078 1850 ineﬂ‘abiliter
1136 1796 1761 1867 natum..pronuntiavit,
1811 1811 1988 1851 rerum

419 1886 660 1940 omnium
707 1897 1007 1941 creatorem
1034 1896 1198 1956 atque
1223 1887 1506 1956 factorem,
1533 1896 1646 1942 tum
1669 1888 1920 1958 denique,
1939 1898 1993 1942 et

413 1977 632 2045 quidem
671 1976 722 2030 in
772 1983 1036 2046 tempore,
1087 1980 1546 2048 sapientissimam
1581 1977 1727 2033 illam
1770 1988 1992 2048 propter

407 2083 513 2124 nos
547 2083 614 2122 ac
654 2083 751 2139 pro
790 2070 949 2126 nobis
994 2079 1201 2139 gestam
1235 2071 1693 2141 dispensationem
1731 2084 1990 2126 enarrare

415 2160 650 2225 orditur,
687 2170 742 2216 et
788 2161 908 2216 ait:
947 2179 965 2212 ι
1001 2160 1069 2215 Ει
1101 2161 1339 2218 Verbum
1386 2177 1517 2218 caro
1543 2161 1744 2218 factum
1785 2170 1888 2227 est,
1935 2171 1991 2215 et

414 2253 678 2307 habitavit
707 2253 760 2308 in
790 2254 946 2308 nobis
973 2265 1056 2309 :et
1078 2255 1308 2310 vidimus
1331 2254 1560 2325 gloriam
1591 2255 1729 2324 ejus,
1761 2252 1984 2323 gloriam

411 2344 565 2409 quasi
597 2342 871 2414 Unigeniti
919 2361 947 2399 a
985 2344 1168 2414 Patre,
1198 2347 1413 2415 plenum
1453 2349 1641 2418 gratiae
1687 2357 1739 2402 et
1789 2349 1988 2402 verita-

413 2433 480 2486 tis
505 2433 568 2486 ¹⁶.
602 2452 620 2484 ι
667 2436 746 2490 Ac
803 2433 1033 2490 Verbum
1090 2451 1306 2490 carnem
1345 2437 1503 2503 dixit,
1549 2448 1607 2492 ut
1642 2453 1792 2493 verae
1846 2438 1988 2492 illius

413 2525 652 2592 unionis,
684 2540 803 2594 quae
830 2527 1086 2582 nimirum
1119 2527 1414 2582 secundum
1449 2529 1764 2596 hypostasin
1803 2529 1984 2582 consi-

411 2617 653 2681 deratur,
691 2618 799 2672 vim
851 2621 1196 2675 declararet:
1231 2621 1283 2674 in
1329 2634 1394 2676 eo
1438 2631 1616 2674 autem
1659 2621 1802 2689 quod
1827 2620 1983 2673 illum

413 2708 468 2758 in
499 2706 656 2762 nobis
695 2706 972 2764 habitasse
1010 2709 1162 2775 dicit,
1203 2724 1311 2763 non
1342 2709 1474 2763 sinit
1502 2710 1824 2781 intelligere,
1851 2708 1989 2764 ‘Ver-

413 2798 538 2849 bum
587 2795 716 2850 illud
760 2799 1056 2852 secundum
1109 2809 1355 2854 naturam
1403 2814 1468 2853 ex
1502 2798 1609 2854 Deo
1653 2801 1880 2862 editum,
1933 2801 1986 2854 in

401 2899 684 2943 terrenam
733 2903 954 2944 carnem
999 2891 1166 2946 fuisse
1205 2903 1492 2947 mutatum.
1533 2893 1782 2948 Putasset
1814 2894 1983 2958 enim,

407 2990 466 3034 nt
500 2982 725 3050 opinor,
778 2983 1046 3053 quispiam
1096 2985 1187 3053 qui
1233 3000 1338 3040 non
1395 2985 1684 3040 admodum
1737 2986 1979 3046 calleret,

2110 515 2186 577 ῶς
2237 515 2304 566 ἂν
2349 513 2425 584 μὴ
2463 513 2676 577 πολλοῖς
2725 513 2952 586 ἑτέροις,
2983 519 3077 571 xui
3122 522 3236 582 τοῖς
3273 521 3390 591 μεθ’
3417 523 3564 592 ἡμᾶς
3598 524 3682 586 εἴη

2109 603 2385 674 γνώριμα,
2421 603 2492 655 τά
2539 601 2735 666 οῦτωςι
2761 605 3027 671 ἐκτόπως,
3076 608 3171 661 xui
3215 610 3501 681 ἀτημελῶς
3534 615 3682 684 είρηο

2104 693 2268 764 μένα.
2307 693 2524 762 Ἐπειδὴ
2551 692 2606 746 δέ
2639 693 2959 764 δυσφημιῶν
2989 697 3144 767 ὄχλος
3176 699 3572 773 ἐνσεσώρευται
3604 704 3682 773 τῷ

2087 783 2318 853 βιϐλίῳ,
2368 785 2463 836 καὶ
2498 784 2662 855 πολλή
2707 802 2795 848 τις
2828 786 3048 855 γέγονεν
3078 792 3111 860 η
3159 793 3530 864 κατάρρησις,
3573 795 3682 848 τῶν

2094 876 2205 945 -τῆς
2249 876 2508 945 ἀληθείας
2561 876 2980 932 καθυλακτοῦσα
3033 881 3360 953 δογμάτων,
3406 887 3523 950 πῶς
3579 888 3679 940 οὐκ

2088 967 2402 1034 αναγκαῖον
2431 967 2578 1036 ἡμᾶς
2629 970 2912 1039 μονονουχὶ
2943 973 3036 1023 καὶ
3071 973 3561 1040 ἁνταποδύσασθαι,
3587 981 3680 1032 xui

2106 1055 2480 1127 ύπεραθλῆσαι
2507 1058 2613 1112 τῶν
2638 1059 3061 1130 ἐντευξομένων,
3089 1063 3164 1127 ὼς
3190 1063 3254 1118 ἂν
3283 1068 3355 1137 μή
3381 1085 3432 1120 τι
3459 1069 3678 1122 πάθοιεν

2105 1146 2356 1201 ἐντεῦθεν
2378 1151 2438 1202 τὸ
2465 1149 2684 1221 βλάϐος,
2721 1153 2912 1207 εἰδεῖεν
2956 1154 3013 1207 δὲ
3047 1156 3245 1225 μᾶλλον
3278 1159 3678 1229 ἀποκρούεσθαι

2103 1238 2388 1306 γεννικῶς,
2423 1241 2522 1310 τὴν
2548 1242 2656 1294 ἀπό
2685 1259 2747 1310 γε
2779 1243 2884 1297 τῶν
2910 1243 3011 1297 οὐκ
3038 1244 3212 1315 ὀρθῶν
3238 1246 3544 1316 εἰρημένων
3581 1248 3678 1318 ζη-

2106 1331 2266 1400 μίαν,;
2300 1331 2359 1384 'O
2381 1332 2480 1403 μὲν
2507 1333 2615 1406 γάρ
2647 1333 2932 1398 θεσπέσιος
2955 1337 3206 1407 Ἰωάννης
3230 1338 3342 1400 υἱὸς
3361 1339 3679 1408 ὠνόμασται

2088 1425 2336 1497 ,βροντῆς
2365 1427 2516 1498 παρὰ
2557 1428 2658 1490 τοῦ,
2695 1428 2918 1483 πάντων
2946 1431 3105 1500 ἡμῶν
3135 1432 3385 1503 Σωτῆρος
3415 1432 3676 1504 Χριστοῦ,

2101 1519 2196 1572 xui
2222 1519 2366 1589 μάλα
2395 1519 2644 1585 εἰκότως,
2667 1521 2834 1576 διά-τε
2859 1523 2920 1576 τὸ
2943 1524 3225 1594 μονονουχὶ
3255 1527 3578 1597 κατακτυπῆ
3589 1544 3676 1578 σαι

2099 1611 2198 1680 τῆς
2233 1611 2324 1664 ὑπ’
2362 1613 2620 1683 οὐρανὸν,
2673 1614 2766 1668 xui.
2818 1614 3259 1686 καταϐροντῆσαι
3303 1617 3404 1687 τῆς
3431 1617 3558 1687 γῆς,
3600 1618 3677 1682 ὡς

2103 1701 2243 1770 μέγα
2287 1719 2338 1754 τι
2388 1703 2482 1754 καὶ
2511 1703 2746 1768 ἐξαίσιον
2815 1705 3072 1776 εἰρηκώς.
3125 1709 3414 1778 Διατρανοί
3457 1709 3566 1780 γάρ
3611 1703 3673 1762 εὖ

2100 1792 2247 1862 μάλα
2280 1793 2380 1863 τῆς
2417 1794 2889 1867 ἐνανθρωπήσεως
2911 1797 3005 1851 τοῦ
3029 1799 3367 1867 Μονογενοῦς
3392 1800 3451 1852 τὸ
3481 1801 3676 1855 σεπτὸν

2095 1882 2332 1954 ἀληθῶς,
2368 1886 2462 1938 xui
2497 1886 2642 1957 μέγα
2688 1890 3020 1958 μυστήριον·
3061 1889 3167 1959 ἔφη
3205 1890 3302 1959 μὲν
3337 1891 3482 1962 ,γάρ’
3525 1911 3543 1942 ι
3585 1893 3673 1944 Ἑν

2094 1975 2234 2046 ἀρχῇ
2261 1970 2329 2046 ἦν
2353 1978 2382 2030 6
2411 1977 2604 2045 Λόγος,
2644 1979 2741 2031 xui
2772 1981 2800 2032 6
2820 1981 2992 2045 Λόγος
3019 1977 3086 2052 ἦν
3114 1982 3248 2052 πρὸς
3273 1983 3364 2035 τὸν
3395 1982 3546 2048 Θεὸν,
3581 1983 3674 2036 xui

2092 2065 2223 2130 Θεὸς
2254 2065 2321 2138 ἦν
2345 2069 2372 2120 6
2391 2070 2565 2138 Λόγος
2586 2086 2600 2100 '
2634 2071 2814 2125 πάντα
2843 2073 2910 2126 δι’
2931 2073 3096 2126 αὑτοῦ
3125 2075 3359 2142 ἐγένετο,
3383 2077 3473 2129 καὶ
3502 2075 3672 2146 χωρίς

2092 2156 2258 2210 αὑτοῦ
2293 2158 2510 2227 ἐγένετο
2537 2161 2658 2214 οὐδὲ
2693 2163 2770 2216 ἓν.
2797 2183 2816 2214 ι
2847 2164 3067 2236 Ἐπειδὴ
3101 2165 3159 2218 δέ
3193 2166 3423 2236 ἀκριϐῆ,
3464 2169 3558 2220 xui
3583 2185 3672 2218 τε·

2089 2249 2455 2321 τορνευμένην
2494 2252 2792 2323 ἐποιήσατο
2823 2254 2919 2325 τὴν
2961 2256 3370 2325 μυσταγωγίαν,
3402 2258 3493 2309 xui.
3540 2255 3672 2308 Θεὸν

2091 2341 2425 2412 ὑπάρχοντα,
2455 2345 2550 2396 καὶ
2583 2345 2648 2398 ἐκ
2681 2345 2816 2399 Θεοῦ
2842 2347 2988 2401 κατὰ
3025 2350 3187 2417 φύσιν
3217 2350 3540 2419 exaggam;
3575 2365 3671 2415 γε-

2089 2449 2250 2504 γεννη
2260 2434 2419 2503 μένον
2433 2436 2679 2504 ἀπέφηνε
2695 2437 2784 2490 τὸν
2815 2440 3115 2509 Μονογενῆ,
3145 2439 3391 2508 κτίστην,
3408 2438 3498 2490 xui
3519 2455 3670 2506 ποιη-

2087 2525 2186 2592 τὴν
2216 2524 2322 2577 τῶν
2344 2526 2502 2590 ὅλων,
2529 2527 2649 2578 τότε
2676 2527 2761 2595 δὴ,
2793 2527 2910 2579 τότε
2934 2530 3028 2580 xui
3055 2527 3174 2580 λίαν
3200 2530 3291 2580 ἐπὶ
3323 2525 3532 2596 καιροῦ,
3567 2528 3666 2596 τῆς

2092 2617 2372 2684 πανσόφου
2402 2617 2588 2670 λοιπὸν
2617 2617 2682 2670 δι’
2709 2620 2855 2688 ἡμᾶς
2872 2635 2928 2670 τε
2957 2619 3050 2670 xui
3073 2617 3209 2687 ὑπὲρ
3229 2616 3383 2686 ἡμῶν
3412 2635 3663 2694 πεπραγ-

2077 2705 2260 2776 ,μένης
2292 2708 2607 2778 οἰκονομίας
2643 2709 2898 2776 ἄρχεταισ
2919 2706 3010 2757 καί
3050 2723 3202 2774 φησι⁹
3239 2725 3259 2756 ι
3285 2705 3393 2760 Καὶ
3427 2711 3455 2760 6
3493 2711 3664 2777 Λόγος

2089 2793 2227 2865 σάρξ
2253 2795 2487 2862 ἐγένετο,
2507 2795 2600 2846 xui
2623 2795 2930 2863 ἐσκήνωσεν
2951 2795 3007 2845 ἐν
3030 2795 3179 2864 ἡμῖν’
3204 2797 3297 2848 καὶ
3317 2796 3663 2868 ἐθεασάμεθα

2085 2884 2184 2950 τὴν
2211 2881 2366 2944 δόξαν
2393 2881 2578 2946 αὑτοῦ,
2606 2882 2762 2947 δόξαν
2788 2882 2862 2945 ὡς
2885 2885 3223 2951 Μονογενοῦς
3253 2890 3404 2958 παρά
3424 2890 3660 2959 Πατρός,

2085 2970 2299 3040 πλήρης
2335 2972 2553 3041 χάριτος
2587 2973 2680 3025 καὶ
2713 2973 2990 3044 ἀληθείας.
3020 2995 3036 3027 υ
3062 2977 3248 3048 Σάρκα
3280 2980 3378 3049 μὲν
3420 2982 3528 3051 γὰρ
3557 2981 3659 3052 ἔφη

407 3072 663 3141 quidnam
695 3073 766 3128 sit
813 3074 904 3128 illa
947 3075 1123 3129 divina
1157 3085 1213 3130 et
1235 3076 1381 3129 ultra
1424 3089 1537 3129 rem
1575 3088 1789 3127 omnem
1831 3088 1982 3132 crea-

2086 3059 2174 3114 τδν
2213 3061 2407 3128 Λόγον,
2434 3063 2534 3132 τῆς
2569 3064 2805 3136 ἀληθοῦς
2855 3067 3122 3133 ἐνὼσεως,
3160 3070 3320 3140 δῆλον
3352 3071 3407 3123 δὲ
3441 3073 3522 3124 ὅτι
3564 3073 3665 3143 τῆς

403 3174 520 3220 tam
546 3165 649 3220 sita
676 3174 892 3231 natura,
926 3181 1043 3222 eam
1074 3167 1306 3220 fortasse
1331 3164 1645 3220 mutationis
1675 3166 1838 3219 etiam
1857 3178 1981 3219 esse

404 3270 696 3324 capacem,
747 3255 1199 3325 propriorumque
1244 3256 1524 3310 abonorum
1573 3269 1695 3324 qua:
1739 3255 1840 3309 sibi
1887 3270 1982 3324 per

404 3346 696 3400 essentiam
729 3355 856 3400 sunt
905 3346 1088 3413 insita,
1132 3345 1512 3417 negligentem,
1543 3346 1605 3400 in
1641 3344 1787 3399 aliud
1817 3346 1980 3415 quid-

406 3437 547 3506 piam
584 3437 855 3490 diversum
887 3438 953 3491 ab
989 3452 1054 3491 eo
1090 3438 1232 3506 quod
1275 3445 1358 3493 est
1388 3438 1786 3507 quodammodo
1821 3437 1981 3506 dege-

405 3541 634 3592 nerare;
680 3536 734 3581 et
782 3526 1192 3582 atterationibus
1229 3541 1294 3581 ac
1334 3527 1724 3582 mutationibus
1764 3542 1831 3580 ex
1875 3527 1978 3579 im-

405 3598 620 3687 proviso
637 3617 902 3672 subditam
925 3618 990 3672 ad
1009 3630 1382 3674 creaturarum
1401 3633 1682 3674 mensuras
1713 3617 1900 3687 redigi.
1922 3616 1976 3673 Id

405 3723 533 3763 vero
566 3709 718 3764 nefas
755 3724 876 3764 esse
908 3725 1149 3779 prorsus
1179 3710 1324 3778 (lixa
1357 3723 1590 3779 namque
1635 3716 1718 3764 est
1749 3708 1841 3763 Dei
1882 3723 1978 3762 na-

402 3810 549 3864 tura,
576 3806 632 3853 et
663 3799 716 3852 in
746 3798 943 3869 quibus
971 3809 1074 3861 est,
1107 3809 1392 3867 permanet
1425 3800 1786 3868 inconcussa)
1820 3808 1980 3853 testa-

402 3901 488 3945 tus
519 3899 605 3944 est
646 3903 768 3944 cum
820 3890 957 3944 dixit
989 3908 1004 3943 :
1037 3908 1056 3941 ι
1084 3889 1363 3945 Habitavit
1397 3892 1448 3943 in
1485 3892 1677 3955 nobis;
1711 3911 1729 3940 ι
1760 3890 1810 3958 5
1848 3891 1975 3944 Ver-

401 3984 527 4035 bum
562 3981 817 4036 nimirum
853 3983 1018 4036 etiam
1049 3997 1179 4037 caro
1209 3982 1669 4048 lactum.-Quibus
1708 3985 1760 4036 in
1799 3983 1976 4037 verbis

399 4084 453 4127 et
487 4071 908 4143 dispensationis
943 4075 1265 4144 sapientiam
1296 4076 1590 4144 prudenter
1625 4078 1896 4145 exposuit,
1924 4089 1978 4133 et.

398 4164 812 4234 vigilantissime
843 4166 1006 4231 cavit,
1039 4181 1108 4220 ne
1144 4171 1266 4236 quis
1312 4170 1483 4236 ipsius
1511 4167 1673 4224 Verbi
1725 4182 1973 4226 naturam

2084 3150 2205 3204 καθ’
2241 3151 2539 3205 ὑπόστασιν
2568 3155 2888 3226 νοουμένης,
2920 3158 3235 3226 ἐμφανίζων
3265 3162 3361 3232 τὴν
3391 3162 3620 3233 δύναμιν
3642 3178 3659 3195 ⁸

2081 3239 2169 3294 διὰ
2196 3240 2251 3293 δὲ
2292 3241 2384 3293 τοῦ
2418 3243 2513 3296 xui
2555 3245 2613 3296 ἐν
2649 3247 2782 3315 ἡμῖν
2814 3248 2977 3301 αὑτὸν
3024 3250 3302 3320 σκηνῶσαι
3333 3251 3530 3318 λέγειν,
3560 3255 3666 3307 οὐκ

2083 3331 2267 3402 ἐφίησι
2291 3337 2429 3386 νοεῖν
2456 3335 2537 3397 είς
2562 3335 2742 3406 σάρκα
2757 3336 2854 3406 τὴν
2886 3340 2995 3392 άπὸ
3019 3343 3127 3411 ,γῆς
3153 3341 3244 3394 τὸν
3261 3342 3335 3394 ἐκ
3352 3341 3486 3394 Θεοῦ
3518 3345 3663 3398 κατὰ

2083 3422 2244 3490 φύσιν
2277 3427 2666 3497 μεταχωρῆσαι
2695 3429 2888 3496 Λόγον.
2924 3431 3092 3502 ’ῼήθη
3129 3432 3228 3502 μὲν
3259 3433 3344 3497 ἂν,
3375 3430 3548 3504 οἶμαι,
3575 3436 3662 3499 τὶς

2079 3514 2187 3568 τῶν
2216 3516 2277 3568 ού
2328 3516 2448 3570 λίαν
2475 3518 2864 3597 ἠκριϐωκότων
2893 3521 2920 3574 ὅ
2954 3523 3008 3574 τί
3043 3523 3174 3575 ποτέ
3201 3527 3348 3578 ἐστιν
3387 3527 3418 3594 ἠ
3451 3527 3568 3578 θεία
3601 3543 3662 3579 τε

2081 3609 2173 3660 xui
2197 3609 2458 3680 γεννητοῦ
2496 3611 2695 3674 παντὸς
2727 3612 2985 3666 ἐπέκεινα
3023 3615 3206 3684 φύσις,
3243 3618 3382 3687 τάχα
3419 3635 3520 3671 που
3569 3619 3665 3670 xui

2078 3699 2289 3770 τροπῆς
2336 3697 2473 3754 εἶναι
2505 3701 2760 3774 δεκτικὴν
2812 3704 3004 3776 αὐτὴν,
3051 3708 3146 3759 καὶ
3195 3709 3662 3781 καταρᾳθυμῆσαι

2084 3793 2186 3864 μὲν
2221 3793 2480 3849 δύνασθαι
2523 3793 2634 3848 τῶν
2669 3796 2836 3860 ἰδίων,
2875 3799 2967 3851 xui
3013 3799 3286 3864 ούσιωδῶς
3325 3803 3459 3874 αὐτῇ
3491 3821 3666 3874 προσ-

2079 3885 2403 3953 πεφυκότων
2427 3883 2672 3952 ἀγαθῶν,
2705 3888 3011 3957 μεταφῦναι
3039 3890 3093 3942 δὲ
3129 3889 3318 3962 ὥσπερ
3353 3895 3433 3956 είς
3474 3894 3666 3963 ἕτερόν

2079 3995 2152 4040 τι,
2174 3977 2303 4048 παρ’
2325 3977 2461 4048 ὅπερ
2479 3978 2617 4044 ἐστὶ,
2634 3979 2725 4031 καὶ
2749 3983 2862 4042 τοῖς
2891 3981 2988 4052 τῆς
3012 3982 3242 4046 κτίσεως
3270 3985 3664 4052 ἐγκαθικέσθαι

2082 4068 2324 4140 μέτροις,
2348 4069 2688 4134 άλλοιώσεσι,
2715 4070 2811 4123 xui
2833 4073 3163 4142 μεταϐολαῖς
3197 4074 3662 4144 ἀδοκήτωςὺπεν-

2080 4161 2416 4230 ηνεγμένην.
2459 4161 2603 4212 Ἀλλ’
2627 4161 2709 4212 ὅτι
2734 4161 2792 4212 τὸ
2816 4161 3006 4230 χρῆμά
3040 4164 3184 4214 ἐστιν
3212 4165 3491 4233 ἀμήχανον
3521 4183 3666 4218 παν-

398 4253 782 4318 calumnietur,
815 4264 1069 4324 tanquam
1099 4273 1164 4311 ex
1204 4261 1505 4313 mutatione
1542 4269 1596 4314 et
1621 4262 1975 4318 conversione

2086 4252 2276 4315 τελῶς,
2310 4253 2622 4323 ἐρήρεισται
2654 4251 2762 4323 γὰρ
2795 4255 2828 4322 ἡ
2857 4253 2952 4304 τοῦ
2985 4253 3120 4306 Θεοῦ
3147 4256 3327 4322 φύσις,
3361 4257 3455 4308 xui.
3485 4258 3668 4326 ἀκραι-

400 4357 530 4396 caro
563 4344 633 4396 sit
661 4340 887 4397 factum.
929 4344 1242 4400 Asserimus
1276 4348 1439 4416 igitur
1478 4349 1642 4403 etiam
1677 4351 1802 4419 ipsi,
1832 4351 1976 4406 viro-

2086 4344 2264 4397 Βαντον
2293 4344 2404 4414 ἔχει
2438 4345 2535 4416 τὴν
2559 4345 2643 4413 ἐφ’
2669 4339 2750 4408 οἷς
2781 4345 2896 4397 ἐστι
2917 4344 3192 4415 διαμονὴν,
3228 4349 3665 4418 μεμαρτύρηκεν

399 4449 519 4488 rum
555 4433 819 4488 divinitus
853 4435 1187 4504 loquentium
1217 4437 1526 4508 indagando
1571 4455 1814 4509 sceputn,
1859 4455 1914 4496 et
1941 4457 1971 4496 a

2086 4435 2246 4488 εἰπὼν
2261 4436 2374 4498 τὸ,ι
2398 4436 2738 4506 Ἐσκήνωσεν
2766 4437 2822 4488 ἐν
2851 4439 3001 4506 ἡμῖν’
3025 4430 3233 4490 »καίτοί
3253 4439 3390 4509 σὰρξ
3418 4441 3666 4508 γεγονὼς

398 4527 524 4579 tidei
553 4526 737 4596 regula
764 4527 908 4582 nulla
933 4544 1001 4583 ex
1031 4538 1182 4598 parte
1233 4533 1556 4601 recedendo,
1586 4531 1736 4587 illum
1765 4548 1829 4588 ex
1864 4529 1972 4590 Deo

395 4618 693 4672 secundum
740 4630 1010 4686 naturam,
1064 4621 1214 4676 illum
1274 4621 1655 4693 Unigenitutn,
1685 4625 1833 4680 illum
1881 4628 1974 4698 qui

394 4716 480 4763 est
523 4710 577 4762 in
611 4709 734 4764 sinu
759 4709 937 4768 Patris
961 4712 1023 4778 ¹⁷,
1071 4728 1167 4782 per
1205 4730 1364 4785 quem
1397 4719 1582 4771 omnia
1655 4730 1713 4774 et
1769 4721 1823 4774 in
1867 4737 1974 4791 quo

395 4801 577 4854 omnia
609 4800 674 4867 “,
710 4804 960 4872 quamvis
1011 4816 1138 4860 ante
1174 4807 1356 4860 omnia
1391 4807 1586 4862 szecula
1630 4819 1685 4863 et
1720 4818 1970 4880 tempora

395 4891 668 4960 propriam
692 4891 917 4947 haberet
935 4895 1332 4962 exsistentiam,
1361 4906 1414 4950 et
1436 4912 1651 4965 semper
1674 4900 1970 4954 simulcum

393 4980 650 5037 Genitore
680 4982 1021 5052 subsisteret,
1057 4985 1110 5039 in
1132 4987 1396 5042 extremis
1419 4987 1599 5042 saeculi
1639 4991 1971 5058 temporibus

391 5076 464 5130 ad
500 5074 864 5131 voluntariam
893 5076 1318 5133 exinanitionem
1365 5079 1730 5144 descendisse,
1769 5093 1821 5135 et
1859 5079 1971 5136 for-

395 5181 537 5223 mam
572 5167 715 5220 servi
763 5167 1068 5236 suscepisse
1091 5169 1157 5235 ",
1199 5169 1304 5235 hoc
1336 5179 1443 5234 est,
1481 5181 1668 5225 nostra
1713 5172 1966 5238 subiisse,

391 5269 446 5312 et
480 5259 752 5330 hominem
799 5260 1194 5328 dispensatorie
1233 5260 1435 5315 factum
1483 5278 1605 5317 esse
1632 5303 1647 5329 ,
1700 5264 1969 5319 assimila-

395 5361 617 5418 tumque
650 5348 907 5405 fratribus
945 5367 1039 5419 per
1078 5354 1282 5416 omnia,
1333 5367 1397 5407 eo
1433 5355 1575 5422 quod
1623 5355 1968 5424 participavit

389 5440 642 5501 similiter
672 5441 820 5496 carni
870 5452 926 5497 et
965 5445 1211 5513 sanguini
1229 5446 1274 5476 ¹⁰
1313 5455 1409 5501 :et
1456 5447 1531 5499 ita
1585 5449 1867 5502 nobiseum
1909 5457 1966 5503 et

468 5642 510 5670 “
541 5640 706 5693 Marc.
738 5640 926 5703 ttt,i7.
1005 5642 1048 5675 “
1079 5638 1232 5698 Joan.
1261 5659 1300 5709 t,
1331 5644 1440 5699 1-5.
1525 5644 1567 5677 ¹⁸
1595 5643 1730 5702 Ibid.
1768 5645 1854 5700 14.

390 5710 434 5739 ²⁰
465 5709 626 5765 llchr.
665 5725 724 5778 tt,
761 5711 950 5765 14-17.

1965 5645 2201 5720 "_Joatt.
2234 5646 2273 5711 1,
2311 5645 2395 5701 l8.
2477 5644 2518 5676 ⁸⁸
2551 5639 2705 5699 Joan.
2755 5656 2834 5708 XI,
2867 5642 2956 5697 '56.

2078 4529 2107 4580 6
2134 4527 2332 4596 Λόγος·
2375 4530 2470 4580 xui
2501 4527 2560 4580 τὺ
2602 4528 2702 4596 τῆς
2729 4528 3042 4598 οἰκονομίας
3076 4528 3238 4598 σοφὸν
3273 4531 3536 4600 ἐντέχνως
3567 4533 3664 4600 ἐξ-

2077 4619 2376 4691 ηγούμενος
2398 4635 2414 4651 ο
2446 4621 2541 4672 xui
2577 4619 2638 4672 τό
2666 4635 2728 4687 γε
2760 4619 2835 4690 μὴ
2863 4620 2972 4673 δεῖν
3013 4620 3108 4691 τὴν
3159 4620 3253 4673 τοῦ
3283 4622 3458 4689 Λόγου
3494 4625 3664 4690 φύσιν

2079 4711 2536 4782 συκοφαντεῖσθαι
2565 4713 2700 4782 πρός
2743 4729 2909 4777 τινος,
2958 4713 3034 4774 ὼς
3065 4714 3244 4783 σάρκα
3282 4717 3664 4786 γεγενημένην

2075 4807 2134 4874 ἐξ
2156 4805 2516 4870 ἀλλοιώσεως,
2543 4807 2638 4858 xui
2661 4805 3023 4877 παρατροπῆς
3056 4802 3114 4859 εὖ
3142 4807 3286 4876 μάλα
3314 4807 3658 4877 τετηρηκώς,

2072 4897 2254 4969 Φαμὲν
2287 4892 2380 4950 οὖν
2428 4896 2536 4967 ἄρα
2564 4896 2659 4948 xui
2689 4898 2853 4966 ἡμεῖς
2880 4896 3058 4959 αὐτοὶ,
3089 4897 3180 4949 τὸν
3225 4898 3332 4948 τῶν
3375 4895 3661 4966 θεηγόρων

2077 4989 2492 5060 ἱχνηλατοῦντες
2545 4987 2768 5052 σκοπὸν,
2830 4989 2925 5042 xui
2963 4989 3054 5041 τὸν
3096 4988 3195 5057 τῆς
3238 4988 3474 5047 πίστεως
3523 4986 3659 5054 ὅρον

2070 5081 2192 5136 κατ’
2220 5079 2408 5133 οὐδένα
2457 5079 2658 5150 τρόπον
2707 5078 3072 5142 ἐκϐαίνοντες,
3106 5078 3199 5129 τὸν
3236 5080 3299 5129 ἐκ
3331 5074 3466 5127 Θεοῦ
3508 5077 3663 5132 κατὰ

2070 5173 2257 5243 φύσιν,
2297 5172 2389 5225 τδν
2423 5172 2727 5242 Μονογενῆ,
2758 5171 2850 5224 τὸν
2889 5172 2947 5223 ἐν
2986 5169 3205 5231 κόλποις
3241 5167 3370 5220 ὄντα
3411 5163 3506 5218 τοῦ
3539 5168 3662 5221 Πα-

2067 5267 2218 5339 τρὺς,
2245 5266 2336 5319 τὸν
2376 5267 2443 5319 δι’
2490 5259 2552 5318 οῦ
2585 5265 2782 5328 πάντα,
2824 5263 2916 5315 xui
2953 5263 3011 5313 ἐν
3045 5254 3089 5326 ᾧ
3117 5259 3186 5312 τά
3229 5259 3427 5322 πάντα,
3469 5258 3665 5314 καίτοι

2067 5360 2169 5428 τὴν
2196 5357 2303 5427 πρὸ
2335 5356 2536 5418 παντὸς
2577 5353 2794 5414 αἰῶνος,
2841 5351 2934 5403 xui
2955 5349 3162 5420 χρόνων
3195 5347 3369 5418 ίδικὴν
3414 5346 3659 5419 ὕπαρξιν

2067 5449 2278 5520 ἔχοντα,
2301 5450 2397 5501 xui
2423 5447 2510 5502 usi
2539 5443 2985 5514 συνυφεστηκότα
3017 5440 3096 5511 τῷ
3113 5441 3484 5511 γεγεννηκότι,
3515 5438 3657 5493 καθ-

3060 5643 3101 5677 ¹⁹
3137 5640 3370 5714 Philipp.
3401 5655 3474 5707 tt,
3505 5640 3563 5709 6,
3590 5640 3648 5700 7.
