4004 6202
385 370 452 423 ιτ
1424 417 1434 424 η
1500 354 1886 417 Αθγειιευε·
1907 355 1979 409 Νι

2083 351 2308 409 '0RIUM
2349 353 2490 410 LIB.--
2519 355 2560 410 Ι.
3588 365 3651 420 ιε
3707 354 3711 356 ν

399 475 608 530 ικέσθαι
659 472 761 541 μὲν
791 472 874 533 εἰς
923 468 1172 522 ἑκούσιον
1223 468 1457 521 κένωσιν
1505 472 1564 523 ὲν
1603 471 1850 540 ἐσχάτοις
1890 469 1979 525 τοῦ

2089 479 2287 525 nostrae
2317 470 2546 525 similem
2579 470 2812 525 subiisse
2841 475 3265 542 generationem,
3304 487 3356 532 ct
3389 494 3652 535 suascar.

389 567 585 628 αἰῶνος
609 564 848 633 καιροῖς,
872 561 966 614 καὶ
999 560 1214 631 μορφὴν
1235 558 1423 613 δούλου
1454 560 1654 626 λαϐεῖν,
1685 562 1982 627 τουτέστιν,

393 658 455 708 ἑν
485 658 596 716 τοῖς
635 651 760 705 καθ’
790 652 942 721 ἡμᾶς
971 648 1249 718 γενέσθαι,
1303 648 1396 702 καὶ
1446 647 1734 719 ἄνθρωπον
1782 652 1984 704 οἰκονο-

397 747 594 817 μικῶς,
629 742 972 813 ὁμοιωθῆναί
1007 758 1066 793 τε
1093 744 1209 804 τοῖς
1236 740 1484 808 ἀδελφοῖς
1510 741 1876 806 κατὰ-πάντα,
1898 743 1985 797 διὰ

391 838 488 892 τοῦ
526 835 854 906 μεταλαχεῖν
903 832 1106 902 ὁμοίως
1159 831 1385 901 αἵματος
1426 830 1519 882 καὶ
1567 831 1766 901 σαρκός
1785 849 1798 862 ο
1843 833 1985 887 οὕτω

393 947 454 982 τε
485 928 602 999 μεθ’
619 927 802 996 ἡμῶν,
825 927 920 977 καὶ
943 925 1041 993 τὴν
1066 921 1186 975 καθ’
1205 923 1354 992 ἡμᾶς
1379 923 1670 992 ὑπομεῖναι
1691 925 1948 994 γέννησιν
1967 941 1979 953 ·

395 1021 494 1073 καὶ
526 1019 628 1087 τῆς
674 1018 809 1078 ἰδίας
839 1016 1044 1085 σαρκὸς
1075 1014 1176 1084 τὴν
1222 1014 1300 1076 είς
1332 1013 1394 1066 τὸ
1440 1009 1577 1066 εἶναι
1625 1015 1856 1084 πάροδον
1905 1016 1984 1077 είς

402 1111 602 1164 ἑαυτὸν
639 1108 940 1172 ἀναλαϐεῖν,
981 1107 1076 1159 καὶ
1113 1107 1174 1158 οὐ
1197 1105 1456 1176 δευτέρας
1484 1105 1659 1175 ἀρχῆς
1685 1109 1784 1176 τῆς
1814 1108 1894 1170 εις
1923 1108 1983 1158 τὸ

408 1197 557 1252 εἶναι
613 1198 916 1266 δεδεημένον
942 1213 957 1227 ο
998 1192 1068 1266 ἦν
1119 1198 1228 1265 γὰρ
1281 1197 1338 1248 ὲν
1371 1197 1536 1265 ἀρχῇ,
1571 1197 1664 1249 καὶ
1691 1197 1822 1260 Θεὸς
1860 1193 1926 1266 ἦν
1955 1198 1983 1248 6

417 1291 618 1356 Λόγοςο
659 1287 771 1340 ἀλλ’
801 1289 889 1339 ἴνα
934 1287 998 1339 τὸ
1041 1284 1383 1356 ἀνθρώπινον
1427 1285 1981 1358 ἁνακεφαλαιὼσηται

408 1379 578 1446 γένος,
613 1380 835 1449 ἀπαρχὴ
884 1378 1102 1430 πάντων
1152 1377 1382 1447 δευτέρα
1427 1377 1577 1446 μετὰ-
1613 1378 1711 1449 τὴν
1756 1378 1981 1450 πρώτην

400 1471 646 1537 ἐκείνην,
681 1469 995 1536 τικτόμενος
1028 1467 1173 1520 κατὰ
1204 1468 1382 1538 σάρκα
1427 1471 1490 1520 ὲκ
1530 1468 1808 1536 γυναικὸς,
1841 1469 1980 1523 κατὰ

401 1560 504 1622 τὰς
525 1559 764 1626 Γραςράς.
790 1557 948 1611 Οῦτω
971 1557 1078 1627 γὰρ
1097 1557 1411 1627 ἐπτώχευσε
1443 1558 1692 1622 πλούσιος
1718 1559 1814 1624 ὢν,
1836 1561 1981 1630 ἡμᾶς

399 1653 481 1708 είς
509 1651 598 1703 τὸν
641 1649 770 1702 [διον
802 1649 1154 1718 ἀνακομίζων
1182 1648 1435 1715 πλοῦτον,
1464 1650 1558 1702 καὶ
1588 1649 1676 1702 διὰ
1705 1653 1805 1720 τῆς
1850 1652 1981 1702 ἑνω-

399 1739 589 1808 θείσης
617 1739 765 1808 αὐτῷ
797 1738 999 1809 σαρκὸς
1045 1741 1256 1804 πάντας
1294 1740 1432 1810 ἔχων
1476 1742 1532 1793 ἐν
1582 1742 1777 1812 ἑαυτῷ.
1820 1741 1979 1798 Οῦτω

2090 563 2172 616 nis
2243 561 2454 614 initium
2511 570 2568 614 ut
2632 576 2692 615 ea
2754 578 2876 618 esse
2945 565 3244 635 inciperet,
3303 569 3357 622 in
3419 572 3651 640 seipsum

2087 653 2389 716 suscepisse
2432 654 2593 706 :‘nun
2646 653 2788 720 quod
2841 654 3012 709 altero
3063 657 3220 712 initio
3278 659 3542 730 indigeret
3598 674 3655 716 ut

2086 752 2270 798 esset:
2305 759 2430 798 nam
2477 753 2597 799 erat
2632 744 2682 798 in
2731 745 3017 814 principio,
3071 756 3126 801 et
3183 749 3322 804 Deus
3369 762 3485 806 erat
3523 751 3655 807 Ven-

2088 833 2252 888 hurn:
2286 833 2378 888 sed
2423 841 2501 887 ut.
2529 833 2824 888 secundum
2871 849 3089 890 carnem
3138 839 3464 893 exmuliere
3508 842 3656 908 geni-

2088 930 2209 985 tus,
2255 922 2548 976 secundum
2597 923 2991 991 Scripturas",
3051 936 3171 995 post
3213 928 3358 981 illam
3419 930 3652 998 priorem

2087 1015 2254 1068 altera
2302 1015 2542 1068 omnium
2591 1015 2868 1070 hominum
2919 1016 3074 1084 origo
3111 1015 3650 1083 faetus,.lmmamnn

2086 1120 2255 1174 genus
2300 1106 2702 1174 recapitularet.
2761 1108 2851 1162 Sic
2901 1123 3092 1177 nempe
3145 1125 3348 1180 pauper
3387 1113 3486 1166 fuit
3531 1130 3652 1168 cum

2087 1196 2235 1249 dives
2281 1203 2446 1259 esset,
2498 1203 2556 1248 ut
2596 1211 2692 1250 nos
2723 1196 2790 1249 ad
2846 1211 2972 1250 suas
3022 1211 3151 1266 opes
3204 1211 3482 1254 revocaret
3501 1203 3568 1268 “,
3601 1211 3655 1258 et

2085 1302 2180 1356 per
2214 1287 2417 1341 unitam
2463 1287 2564 1342 sibi
2613 1303 2828 1342 carnem
2867 1303 3058 1342 omnes
3099 1290 3151 1344 in
3191 1292 3372 1360 seipso
3410 1294 3653 1349 contine-

2088 1387 2186 1432 ret.
2222 1377 2312 1432 Sic
2348 1392 2579 1446 namque
2619 1378 2778 1447 plane
2804 1379 3104 1448 consepulti
3146 1396 3266 1435 cum
3303 1382 3524 1438 Christo
3557 1399 3654 1454 per

2084 1477 2329 1522 sanctum
2382 1469 2733 1535 baptismum,
2783 1479 2838 1523 et
2887 1473 3320 1536 conresuscitali,
3353 1489 3557 1539 smnus,
3601 1485 3656 1530 et

2084 1553 2430 1607 consedimus
2479 1554 2528 1607 in
2570 1555 2902 1622 coelestibus,
2943 1547 2996 1608 u't
3043 1559 3265 1627 scripsit
3316 1561 3403 1615 ille.
3454 1571 3655 1633 myste-

2087 1645 2288 1700 riorum
2343 1647 2721 1716 dispensator,
2776 1649 2862 1703 ille
2909 1664 3086 1718 praeco
3135 1663 3189 1706 et
3229 1653 3546 1722 Apostolus,
3599 1666 3655 1710 et

2086 1739 2517 1806 evangelicarnm
2554 1741 2728 1809 legum
2762 1745 3017 1798 sacerdos
3048 1745 3481 1814 sapientissimus
3513 1746 3653 1802 Pau-

398 1805 699 1898 γὰρ,ὀῦτω
735 1805 1166 1900 -συντεθάμμεθα
1224 1805 1445 1901 μὲνῃτῷ
1491 1805 1844 1904 Χριστῷϐιὰ
1882 1834 1975 1887 τοῦ

2085 1830 2263 1885 lus”.
2327 1831 2643 1887 Necessaria
2696 1843 2779 1887 est
2834 1833 2997 1903 igitur
3067 1835 3131 1888 ad
3191 1837 3431 1905 mysterii
3491 1837 3648 1891 ﬁdem

395 1919 552 1985 ἁγίου
582 1918 981 1989 βαπτίσματος,
1023 1912 1476 1991 ωνεγηγέρμεθα
1503 1921 1579 1986 δὲ,
1599 1921 1694 1976 καὶ
1719 1923 1978 1978 συνεκαθ-

395 2009 594 2077 ίσαμεν
613 2012 672 2061 ἐν
708 2013 819 2072 τοῖς
845 2010 1209 2081 ἐπουρανίοις.
1228 2011 1477 2082 Γέγραφε
1498 2012 1606 2082 γὰρ
1635 2011 1808 2077 οὕτως
1825 2015 1853 2067 6
1869 2013 1976 2068 τῶν

397 2100 564 2153 αὑτοῦ
604 2102 918 2171 μυστηρίων
945 2103 1168 2173 ταμίας,
1201 2105 1229 2156 6
1260 2101 1458 2174 κήρυξ,
1489 2105 1584 2157 καὶ
1629 2105 1972 2172 Ἀπόστολος,

404 2192 503 2243 καὶ
527 2192 637 2242 τῶν
675 2194 1035 2261 εὖαγγελικῶν
1062 2195 1452 2267 θεσπισμάτων
1488 2197 1789 2269 ἰερουργὸς,
1820 2200 1849 2252 ό
1891 2217 1978 2253 σου

417 2279 661 2348 ιςιώτατος
693 2283 926 2346 Παῦλοςι
958 2286 1273 2354 ’Δναγκαῖον
1301 2286 1610 2357 τοιγαροῦν,
1646 2290 1726 2351 εἰς
1758 2288 1974 2360 τὴνντοῦ

431 2370 718 2436 μυστηρίου
743 2373 926 2425 πίστιν.
949 2389 1008 2424 τε
1024 2374 1159 2445 ὁμοῦ
1187 2375 1634 2446 καὶπαράδειξιν
1663 2378 1886 2448 ἀκριϐῆ,
1916 2379 1977 2431 τὸ

414 2457 524 2524 τῆς
553 2457 787 2527 ἀληθοῦς
814 2463 1041 2527 ὶνὼσεως
1081 2467 1286 2536 χρῆμα,
1337 2467 1439 2537 τῆς
1483 2468 1607 2520 καθ’
1655 2470 1971 2537 ὑπόστασιν,

403 2545 575 2613 λέγω,
609 2547 698 2599 ἵνα
730 2551 829 2602 καὶ
861 2553 890 2603 ὁ
922 2556 1017 2622 τῆς
1048 2556 1179 2607 κατὰ
1214 2557 1387 2628 σάρκα
1430 2560 1731 2632 γεννήσεως
1775 2561 1973 2629 τρόπος

400 2633 493 2686 τοῦ
524 2636 870 2704 Μονογενοῦς
891 2641 953 2692 τὸ
975 2643 1362 2716 ἀνεπίπληκτον
1393 2648 1511 2721 ἔχῃ,
1537 2651 1597 2702 οὐ
1635 2650 1772 2721 πρὸς
1803 2650 1976 2722 ῦπαρ-

401 2723 505 2790 ξιν,
537 2727 614 2789 ὡς
641 2727 798 2796 ἔφην,
844 2731 1179 2803 κεκλημένου
1215 2737 1496 2807 δευτέραν·
1537 2741 1699 2814 αὐτος
1721 2743 1830 2812 γάρ
1858 2744 1974 2796 ἐστι

397 2816 507 2869 τῶν
531 2817 743 2871 αἰώνων
772 2821 800 2872 6
843 2825 1104 2893 ποιητήςο
1148 2827 1338 2880 ἑαυτὸν
1379 2829 1436 2880 δὲ
1485 2830 1682 2899 μᾶλλον
1718 2831 1975 2894 καθέντος

395 2907 756 2976 οἰκονομικῶς
781 2912 858 2972 εἰς
888 2911 1286 2985 ἀνθρωπότητα
1315 2917 1383 2968 δι’
1408 2920 1576 2987 ἡμᾶς,
1599 2920 1694 2971 καὶ
1727 2918 1853 2982 τοὺς
1877 2921 1974 2989 τῆς

395 2998 496 3050 ἀνθ
506 3001 815 3068 ρωπότητος
843 3002 944 3054 οὐκ
973 3004 1341 3073 ἁτιμάσαντος
1373 3008 1587 3078 νόμους,
1631 3009 1884 3080 ἑλομένου
1918 3011 1974 3062 δὲ

399 3090 607 3159 μᾶλλον
640 3091 778 3160 μετὰ
799 3093 897 3162 τῆς
929 3095 1127 3164 σαρκὸς
1161 3097 1253 3150 καὶ
1284 3099 1385 3169 τὴν
1417 3099 1516 3169 τῆς
1548 3103 1750 3171 σαρκὸς
1782 3103 1974 3172 γέννη-

401 3199 514 3243 σιν,
541 3183 610 3246 ὡς
636 3184 786 3247 ἰδίαν,
806 3185 967 3254 ἔχειν.
987 3188 1257 3260 Ταύτῃτοί
1282 3208 1462 3261 φαμεν
1481 3193 1811 3262 γεγενῆσθαι
1834 3193 1975 3247 κατὰ
2001 3180 2042 3201 υ

404 3274 580 3343 σάρκα
626 3276 714 3326 τὸν
753 3277 841 3327 ἀεὶ
884 3280 1300 3349 συνυπάρχοντα
1332 3283 1410 3352 τῷ
1440 3285 1634 3355 Πατρί.
1669 3284 1976 3354 Κατέκρινε

395 3364 508 3435 γὰρ
528 3365 667 3418 οὕτω
692 3368 792 3437 τὴν
823 3369 1096 3439 ἁμαρτίαν
1119 3375 1176 3424 ὲν
1199 3376 1265 3443 τῇ
1292 3376 1478 3444 σαρκὶ,
1503 3376 1596 3428 καὶ
1623 3377 1977 3446 κατήργηκεν

392 3459 456 3510 ὲν
482 3460 616 3527 ἡμῖν
646 3459 750 3511 τοῦ
775 3460 1004 3514 θανάτου
1037 3463 1098 3516 τὸ
1129 3466 1349 3534 κράτος,
1393 3465 1512 3519 καθ’
1541 3469 1688 3537 ἡμᾶς
1717 3469 1974 3536 γεγονὼς,

394 3552 425 3602 6
463 3549 539 3619 μὴ
563 3550 718 3614 εἰδὼς
747 3554 1048 3623 ἁμαρτίαν,
1069 3557 1097 3607 6
1127 3556 1184 3607 ὲν
1207 3549 1251 3623 ᾧ
1281 3557 1485 3628 ζῶμεν,
1521 3559 1616 3612 καὶ
1658 3558 1975 3629 κινούμεθα,

395 3641 493 3694 καὶ
518 3644 704 3712 ἐσμέν.
731 3645 872 3696 Ἀλλ’
901 3645 1000 3698 οὐκ
1028 3641 1124 3698 οἶδ’
1141 3647 1287 3711 ὅπως
1309 3648 1553 3702 ἀδικοῦσί
1576 3667 1719 3713 τινες
1743 3651 1850 3703 τῶν
1875 3651 1976 3720 τῆς

410 3733 743 3803 Ἑκκλησίας
770 3736 1059 3806 δογμάτων
1088 3737 1148 3790 τὸ
1187 3737 1480 3810 ἱερώτατον
1511 3741 1726 3806 κάλλος,
1760 3741 1855 3794 καὶ
1879 3741 1977 3810 τὴν

400 3826 565 3893 ἁγίαν
620 3844 680 3878 τε
736 3829 829 3882 καὶ
885 3829 1160 3896 πάναγνον
1204 3831 1476 3901 ῥυτιδοῦσι
1536 3832 1835 3900 Παρθένον,
1897 3835 1977 3897 εἰς

401 3916 613 3986 ἀκαλλῆ
641 3917 949 3990 σαθρότητα
972 3921 1081 3973 τῶν
1120 3922 1266 3975 ἰδίων
1287 3923 1423 3994 αὐτῇ
1449 3922 1562 3994 [ίσ.
1585 3923 1776 3997 αὐτὴν]
1811 3943 1977 3978 κατα-

409 4008 729 4076 κομίζοντες
752 4011 982 4077 ἐννοιῶν,
1008 4014 1102 4066 καὶ¹
1126 4012 1296 4080 ξένων
1320 4017 1455 4084 ἡμῖν
1495 4015 1824 4086 εὑρημάτων
1857 4018 1978 4069 ὲπι-

416 4095 740 4165 τειχίζοντες
764 4101 1250 4174 ὄχλον.Γράφονται
1275 4106 1374 4176 μὲν
1402 4108 1530 4176 γὰρ,
1553 4109 1628 4170 ὡς
1655 4105 1814 4175 νόθην
1835 4107 1974 4167 τινὰ.

411 4185 508 4240 καὶ
526 4189 626 4240 οὐκ
651 4191 842 4258 εὐφυᾶ,
866 4193 1064 4262 μᾶλλον
1091 4194 1151 4248 δὲ
1176 4194 1251 4257 ὡς
1279 4195 1424 4264 πέρα
1445 4195 1645 4258 παντὸς
1672 4194 1856 4248 ἰοῦσαν
1885 4194 1976 4248 τοῦ

402 4282 735 4353 καθήκοντος
749 4285 1031 4356 ).όγου,τὴν
1050 4289 1332 4354 Θεοτόκος
1347 4288 1552 4358 φωνὴν,
1572 4289 1637 4358 ἦν
1658 4289 1750 4342 ἐπὶ
1766 4289 1831 4359 τῇ
1849 4288 1978 4358 ἁγίᾳ

403 4375 668 4446 Παρθένῳ
694 4378 1105 4456 συντεθείκασιν.
1136 4382 1184 4432 οί
1221 4381 1328 4452 πρὸ
1351 4381 1506 4451 ἡμῶν
1537 4382 1682 4448 ἅγιοι
1705 4381 1973 4451 Πατέρες’

2079 1920 2238 1975 simul
2291 1931 2348 1977 et
2401 1922 2468 1976 ad
2531 1933 2738 1978 certam
2785 1924 3336 1991 demonstrationem,
3391 1928 3505 1994 ipsa
3561 1943 3648 1982 res

2079 2027 2239 2079 vera),
2280 2015 2574 2069 secundum
2623 2015 2956 2087 hyposlasim
3013 2020 3542 2088 inquamyuuionis,
3595 2029 3652 2074 ut

2079 2102 2164 2155 illa
2209 2117 2425 2172 quoque
2460 2103 2754 2157 secundum
2800 2120 3019 2160 carnem
3059 2107 3330 2178 Unigeniti
3371 2109 3651 2177 generatio

2079 2194 2498 2261 reprehensione
2528 2205 2706 2258 vacet,
2745 2211 2866 2250 cum
2909 2213 3011 2252 non
3046 2199 3112 2252 ad
3151 2200 3402 2262 alterum,
3434 2209 3490 2255 ut
3514 2199 3648 2265 dixi,

2079 2283 2287 2338 initium
2320 2283 2616 2339 exsistendi
2647 2285 2718 2338 sit
2753 2296 3013 2342 vocatus:
3051 2304 3175 2342 nam
3225 2288 3339 2356 ipse
3368 2297 3447 2343 est
3473 2303 3647 2342 saecu-

2079 2375 2253 2428 lorum
2299 2373 2479 2444 opifex
2511 2390 2526 2428 :
2565 2377 2658 2428 sed
2690 2375 2870 2445 potius
2902 2377 3142 2447 seipsum
3186 2387 3408 2447 propter
3447 2392 3544 2431 nos
3583 2377 3648 2432 ad

2077 2467 2469 2521 immanitatem
2520 2467 2820 2533 demiserit,
2856 2483 3030 2537 neque
3061 2468 3364 2536 neglexerit
3401 2469 3651 2520 humanae

2077 2566 2283 2609 natura:
2335 2556 2505 2623 leges.
2546 2557 2638 2610 sed
2695 2570 2798 2608 una
2849 2571 2970 2610 cum
3024 2571 3186 2610 carne
3238 2556 3646 2623 generationem

2077 2662 2293 2716 quoque
2317 2648 2497 2701 carnis
2526 2646 2732 2702 habere
2759 2646 3010 2702 voluerit.
3043 2647 3153 2704 Hac
3177 2649 3385 2703 ratione
3416 2648 3649 2703 dicimus

2077 2741 2276 2793 factum
2304 2754 2428 2793 esse
2449 2739 2745 2792 secundum
2783 2754 3013 2794 carnem
3033 2755 3154 2794 eum
3190 2740 3280 2810 qui
3313 2753 3528 2808 semper
3566 2747 3652 2796 est

2077 2845 2197 2882 cmn
2244 2829 2402 2883 Patre
2425 2829 2489 2883 ’⁸.
2529 2828 2618 2883 Sic
2671 2845 2902 2899 namque
2936 2831 3209 2883 damnavit
3259 2839 3540 2899 peccatum
3594 2828 3646 2882 in

2075 2919 2330 2980 carne",
2375 2927 2430 2970 et
2473 2918 2741 2972 destruxit
2798 2920 2848 2971 in
2907 2919 3063 2973 nobis
3117 2920 3306 2972 mortis
3360 2919 3645 2988 imperium

2076 3008 2246 3062 nostri
2303 3007 2498 3062 similis
2547 3007 2810 3070 factus",
2867 3009 2956 3062 ille
2998 3009 3086 3076 qui
3140 3010 3416 3062 nesciebat
3459 3025 3652 3077 pecea-

2078 3107 2189 3150 tum
2216 3097 2283 3163 ²⁷,
2331 3095 2384 3150 in
2413 3111 2522 3166 quo
2557 3096 2809 3162 vivimus,
2861 3105 2913 3150 et
2946 3111 3248 3159 movemur,
3267 3106 3329 3150 et
3365 3100 3635 3155 sumus”.

2077 3189 2264 3259 aSed
2303 3189 2486 3244 nescio
2529 3188 2800 3257 quomodo
2837 3187 3078 3242 nonnulli
3115 3187 3441 3256 dogmatum.
3470 3186 3649 3243 Eccle—

2080 3281 2174 3333 sia:
2202 3278 2637 3334 sacratissimum
2677 3277 2928 3332 decorem
2967 3277 3192 3341 violant,
3229 3261 3292 3331 ἐι
3329 3286 3568 3332 sanctam
3595 3286 3650 3332 et

2079 3380 2286 3426 castam
2347 3369 2618 3439 Virginem
2677 3370 2822 3440 rugis
2872 3371 3179 3435 maculant,
3220 3371 3344 3425 dum
3400 3371 3542 3424 illam
3593 3369 3648 3425 in

2082 3472 2294 3530 turpem
2343 3475 2565 3516 suorum
2613 3476 2868 3515 sensuum
2907 3462 3224 3515 inanitatem
3273 3461 3565 3526 deducunt,
3599 3473 3653 3515 et

2081 3567 2344 3608 novorum
2392 3563 2824 3607 commentorum
2881 3554 3096 3608 turbam
3149 3553 3303 3606 nobis
3344 3553 3498 3623 quasi
3535 3569 3650 3608 mu-

2081 3663 2198 3701 rum
2241 3647 2525 3716 objiciunt.
2576 3647 2708 3702 Nam
2757 3663 2946 3703 vocem
2990 3650 3148 3713 hanc,
3195 3647 3446 3718 Deipara,
3489 3663 3648 3716 quam

2080 3738 2250 3792 sancti
2287 3739 2454 3794 nostri
2485 3738 2674 3794 Patres
2715 3739 2779 3792 ad
2831 3749 3077 3794 sanctam
3104 3734 3384 3811 Virginem
3413 3740 3653 3794 cohone-

2081 3832 2331 3886 standam
2396 3841 2836 3902 composuerunt,
2887 3841 3142 3901 tanquam
3190 3834 3405 3888 notlrant
3445 3846 3500 3887 et
3546 3831 3649 3887 mi-

2081 3922 2226 3976 nime
2254 3923 2566 3991 ingenuam,
2608 3924 2715 3977 imo
2757 3939 2882 3978 vero
2913 3925 3073 3994 longe
3117 3939 3144 3976 a
3193 3924 3531 3979 convenienti
3568 3937 3652 3976 ra-

2079 4015 2226 4067 tione
2247 4023 2510 4067 remotam
2541 4023 2797 4068 accusant
2821 4031 2834 4078 ;
2861 4028 3134 4081 unumque
3165 4015 3446 4067 Dominum
3464 4014 3649 4068 Iesum

2079 4103 2360 4159 Christum
2413 4103 2641 4158 seorsim
2688 4103 3066 4170 distinguunt,
3119 4101 3173 4170 in
3227 4103 3468 4170 duosque
3515 4104 3652 4158 divi-

2081 4193 2216 4249 dunt
2271 4193 2408 4248 ﬁlius
2454 4194 2755 4248 :aulernnt
2802 4194 2963 4249 etiam
3010 4207 3038 4246 a
3092 4192 3202 4248 Deo
3247 4193 3423 4249 Verbo
3469 4196 3654 4250 carnis

2081 4286 2388 4355 passiones,
2418 4285 2666 4354 quamvis
2690 4285 2798 4354 pati
2831 4285 2976 4340 illum
3010 4285 3060 4339 in
3093 4286 3306 4355 propria
3336 4295 3532 4341 natura
3549 4302 3652 4356 qua

2083 4376 2225 4431 Deus
2274 4376 2622 4446 intelligitur,
2669 4390 2738 4430 ne
2799 4390 2896 4429 nos
2952 4375 3170 4445 quidem
3225 4377 3501 4442 dicamus,
3560 4378 3653 4433 sed

400 4467 638 4520 διιστᾶσι
669 4468 726 4520 δὲ
749 4470 852 4522 ἀνὰ
878 4470 1042 4540 μέρος
1065 4471 1353 4542 τέμνοντες
1383 4473 1463 4535 εἰς
1494 4472 1642 4536 υἰοὺς
1661 4472 1757 4525 δύο
1776 4472 1866 4526 τὸν
1887 4472 1979 4524 ἕνα

2088 4467 2268 4537 potius
2289 4467 2354 4520 ad
2392 4466 2565 4535 ipsum
2608 4480 2713 4520 una
2763 4480 2884 4518 cum
2928 4480 3092 4519 carne
3124 4467 3403 4536 passiones
3442 4481 3656 4536 quoque.

406 4560 613 4629 Κύριον
648 4560 858 4628 Ἰησοῦν
874 4562 1134 4630 Χριστόν⁸
1156 4563 1492 4633 ἀποφέρουσι
1519 4563 1576 4615 δὲ
1611 4563 1704 4616 καὶ
1733 4562 1825 4616 τοῦ
1847 4563 1980 4616 Θεοῦ

400 4651 582 4718 Λόγου
599 4651 667 4704 τὰ
682 4654 780 4721 τῆς
798 4653 997 4723 σαρκὸς
1012 4655 1360 4723 πάθη,καίτοι
1377 4655 1568 4708 παθεῖν
1583 4655 1742 4708 αὑτὸν
1754 4657 1832 4718 εἰς
1847 4655 1982 4710 ἰδίαν

399 4741 588 4811 φύσιν,
602 4742 738 4795 καθὸ
760 4747 958 4796 νοεῖται
981 4744 1132 4809 Θεὸς,
1153 4746 1271 4799 οὐδὲ
1295 4747 1452 4816 ἡμῶν
1469 4747 1785 4817 εἰρηκότων⁸
1802 4749 1977 4801 ἀνατι-

397 4832 607 4883 θέντων
627 4831 684 4884 δὲ
722 4833 920 4900 μᾶλλον
959 4834 1107 4904 αὑτῷ
1140 4835 1284 4903 μετὰ
1311 4835 1420 4904 τῆς,
1456 4835 1670 4906 σαρκὸς.
1700 4835 1794 4888 καὶ
1816 4833 1884 4887 τὰ
1910 4837 1976 4904 τῇ

397 4925 572 4994 σαρκὶ
599 4923 986 4993 συμϐεϐηκότα
1011 4924 1180 4995 πάθη,
1217 4926 1304 4978 ἵνα
1329 4925 1615 4988 καίαὺτὸς
1649 4926 1979 4996 ὁμολογῆται

396 5013 630 5082 ωτήρ·
669 5013 748 5081 τῷ
768 5013 878 5083 γὰρ
911 5013 1136 5082 μώλωπι
1173 5014 1337 5069 αὐτοῦ
1368 5017 1526 5086 ἡμεῖς
1560 5017 1811 5086 ίάοημεν,
1841 5017 1982 5068 κατά

399 5104 461 5156 τὸ
485 5104 879 5175 γεγραμμένον
902 5122 917 5136 ο
939 5108 1053 5158 ’καὶ
1105 5107 1510 5177 μεμαλάκισται
1567 5107 1664 5178 μὲν
1698 5108 1860 5170 αὐτὸς
1892 5107 1980 5160 διὰ

406 5196 501 5255 τὰς
529 5195 804 5266 ἁμαρτίας
832 5196 1010 5266 ἡμῶν,
1041 5199 1220 5250 καίτοι
1253 5197 1345 5251 τοῦ
1380 5197 1572 5250 παθεῖν
1614 5199 1706 5251 τὸν
1746 5197 1978 5267 μαλακι-

413 5285 544 5353 σμδν
573 5285 925 5349 ἀνεπίδεκτος
959 5285 1063 5340 ὤν’
1105 5287 1428 5356 σεσώσμεθα
1453 5287 1511 5339 δὲ
1543 5289 1706 5358 ἡμεῖς
1726 5286 1816 5339 τὸν
1843 5287 1981 5358 ὑπὲρ

406 5373 565 5442 ἡμῶν
590 5375 959 5439 ἀναλαϐόντος
1010 5377 1238 5431 θάνατον
1269 5375 1356 5429 διὰ
1406 5375 1499 5428 τοῦ
1547 5375 1674 5429 ίδίου
1708 5375 1980 5447 σώματος.

399 5465 756 5537 Πειράσομαι
789 5467 851 5521 δὲ.
899 5467 1044 5539 ἅπερ
1079 5469 1216 5538 ἔφην
1253 5451 1517 5534 ἐπιδεῖξαι
1575 5469 1782 5538 σαφῶς.
1825 5469 1982 5522 Ἀνα-

2089 4558 2270 4612 carnis
2322 4557 2656 4623 referamus,
2717 4564 2778 4608 ut
2820 4556 2995 4625 ipsum
3053 4571 3267 4626 quoque
3319 4557 3652 4614 Salvatorem

2088 4648 2640 4703 conﬁteamur:nam
2696 4646 2812 4716 ejus
2863 4646 3034 4701 livore
3080 4648 3256 4701 sanati
3309 4663 3538 4714 sumus,
3597 4661 3657 4704 ut

2088 4739 2352 4808 scriptum
2388 4746 2472 4792 est
2495 4738 2564 4802 ”,
2593 4744 2648 4792 et
2677 4737 2982 4791 inﬁrmatus
3018 4747 3100 4791 est
3133 4739 3250 4806 ipse
3277 4749 3499 4808 propter
3531 4755 3658 4808 per.-

2088 4841 2206 4886 cata
2237 4833 2446 4894 nostra,
2477 4828 2722 4895 quamvis
2751 4828 2970 4882 minime
3002 4843 3171 4898 capax
3203 4840 3345 4884 esset
3373 4829 3658 4883 inﬁrmita-

2094 4921 2164 4975 tis
2191 4936 2205 4972 :
2237 4933 2441 4987 nosque
2477 4917 2668 4972 salvati
2710 4931 2898 4974 sumus
2933 4917 3057 4971 dum
3107 4917 3193 4970 ille
3222 4932 3318 4986 per
3348 4931 3501 4970 suum
3531 4931 3656 4970 cor-

2089 5026 2188 5080 pus
2221 5021 2447 5063 mortcm
2483 5018 2722 5062 nostram
2763 5008 3025 5075 suscepit.
3053 5007 3306 5062 Couabor
3341 5006 3508 5074 igitur
3538 5023 3658 5076 qua:

2088 5103 2195 5157 dixi
2228 5102 2384 5171 plane
2430 5111 2756 5156 monstrare.
2811 5101 2927 5156 .lant
2974 5102 3118 5155 enim
3165 5099 3282 5168 ejus
3324 5099 3414 5168 qui
3457 5099 3654 5157 librum

2088 5193 2442 5263 conscripsit,
2492 5208 2655 5248 voces
2695 5193 2981 5248 recitabo:
3013 5201 3067 5244 et
3119 5191 3298 5258 priore
3352 5191 3472 5246 loco
3522 5207 3658 5262 quas

2089 5285 2297 5351 ciludit,
2335 5284 2462 5340 dum
2495 5299 2708 5352 vocem,
2731 5284 2981 5352 Deipara,
3026 5282 3316 5338 immodice
3358 5285 3652 5354 reprehen-

2091 5376 2262 5431 deret.
2305 5375 2409 5431 Sed
2439 5376 2563 5445 quia
2600 5389 2764 5444 stepe,
2802 5373 3145 5428 cumeadem
3193 5374 3425 5428 inculcat
3468 5375 3654 5438 verba,

2096 5484 2192 5523 nos
2229 5483 2442 5537 quoque
2486 5469 2575 5536 qui
2631 5467 2706 5520 illi
2741 5467 3115 5532 adversamur,
3146 5467 3360 5522 easdem
3416 5477 3659 5534 repetere

475 5672 522 5702 ³⁸
546 5671 723 5736 Galat.
748 5685 820 5729 tv.
854 5670 907 5723 4.
985 5668 1087 5722 "Il
1113 5667 1235 5722 Cor.
1259 5665 1444 5728 vm,9.
1521 5666 1566 5696 "
1596 5665 1750 5736 Rom.
1776 5680 1850 5730 νι,
1881 5665 1914 5718 4
1952 5685 1966 5732 ;

2083 5666 2190 5719 hes.
2226 5683 2284 5729 ιι,
2309 5668 2360 5719 6.
2440 5668 2485 5697 ’δ
2514 5665 2739 5736 limini.
2768 5667 2822 5722 ’5.
2900 5668 2943 5701 ’³
2968 5668 3122 5726 Rom.
3148 5684 3262 5734 vni,
3285 5669 3338 5723 3.
3417 5669 3461 5700 ³⁸
3493 5668 3651 5724 llebr.

398 5754 467 5808 ιι,
507 5741 592 5795 Η.

673 5734 714 5773 ιν
743 5739 787 5795 ιι
818 5743 944 5797 αυτ,
979 5754 1031 5808 ν,
1067 5739 1156 5794 at.
1227 5738 1271 5768 ’⁸
1303 5739 1422 5791 Act.
1454 5749 1586 5804 χιιι,
1625 5735 1714 5790 28.
1794 5737 1838 5768 ²⁹
1864 5737 1966 5793 lsa.

2087 5737 2188 5803 1,5
2224 5754 2236 5802 ;
2279 5736 2467 5792 Matth.
2496 5751 2616 5805 vni,
2645 5735 2730 5792 Π.
