4004 6202
420 351 483 407 19
1399 358 1454 413 S.
1497 357 1768 413 ΕΥΒΙὶιί
1804 356 2271 416 ALEXANDRINI
2308 363 2624 420 ARCHIEP.
3586 363 3658 416 (ὶο
3739 441 3753 457 ⁸

375 536 380 540 ν
417 471 715 526 sententias
733 485 953 528 necesse
984 481 1086 537 est,
1121 474 1262 538 date,
1296 473 1540 537 obsecro,
1568 475 1725 530 nobis
1746 476 1956 530 veniam

2091 479 2375 552 γνώσομαι
2400 483 2510 553 γὰρ
2532 484 2633 554 ἠδη
2659 484 2758 546 τὰς
2778 485 2871 538 τοῦ
2896 484 2956 538 τὸ
2993 461 3192 554 βιϐλίον
3221 479 3659 551 συγγεγραφότος

416 561 506 628 qui
538 577 642 616 non
684 574 873 632 spome
898 566 963 617 ad
1001 565 1160 617 verba
1203 562 1391 618 eadem
1425 564 1668 618 ileranda
1712 566 1975 632 venimus,

2097 571 2281 639 φωνάς
2303 587 2316 602 ⁸
2349 572 2442 626 καὶ
2475 574 2581 642 πρό
2607 590 2671 641 γε
2694 573 2801 627 τῶν
2830 575 3002 629 ἄλλων
3027 575 3259 636 ὲκείνας,
3293 572 3348 626 αῖ
3375 569 3659 639 γεγόνασιν

414 652 509 706 sed
552 667 871 723 quacunque
919 655 1061 709 illius
1095 656 1380 709 verborum
1420 670 1616 724 scopus
1648 657 1842 726 pergit,
1879 658 1979 713 ilii-

2088 661 2256 732 αὐτῷ,
2290 661 2390 731 τῆς
2418 665 2701 730 Θεοτόκος
2732 667 2912 736 φωνῆς
2938 666 2999 718 οὑ
3033 661 3653 737 μετρίως-κατειρηκότι.

413 741 534 793 dem
566 741 642 796 illi
685 745 1073 798 occurrendum
1105 759 1224 798 esse
1263 745 1626 800 decrevimus.
1678 747 1767 802 Sic
1813 749 1978 818 igitur

2099 752 2316 824 Ἐπειδὴ
2347 753 2403 806 δὲ
2433 754 2746 818 πλειστάκις
2773 754 2857 807 διὰ
2887 756 2996 809 τῶν
3027 755 3434 825 αὑτῶνὲρχεται
3455 751 3653 820 λόγων,

413 829 692 885 dixitcum
729 848 910 887 vocem
948 833 1091 887 illam
1143 834 1472 904 improbaret
1523 837 1576 891 in
1624 847 1806 892 sancta
1857 837 1979 893 Vir-

2082 843 2374 897 ἀντανιστα
2381 843 2575 914 μένους
2589 844 2642 897 δὲ
2659 845 2754 898 καὶ
2771 846 2919 916 ἡμᾶς
2930 845 3019 899 διὰ
3036 845 3140 898 τῶν
3157 845 3333 898 αὑτῶν
3353 843 3485 897 ἱέναι
3507 842 3657 894 πλει-

412 922 553 988 sine,
579 923 826 994 Deipara,
856 927 1068 996 inquam
1104 945 1118 980 :
1684 924 1696 934 '

2090 933 2280 998 στάκις
2311 933 2550 998 ἐννοιῶν,
2575 935 2892 1003 ἀναγκαῖον,
2911 937 3025 989 δότε
3053 935 3137 1003 δὴ,
3159 935 3273 988 δότε
3299 931 3650 1014 συγγνώμην⁹

411 1011 474 1070 οὑ
504 1017 820 1068 ταυτοεπεῖν
843 1017 1159 1087 ᾑρημένοις,
1185 1019 1299 1072 ἀλλ’
1323 1014 1468 1091 ᾗπερ
1495 1021 1560 1074 ἂν
1591 1023 1660 1075 ἴοι
1691 1021 1798 1074 τῶν
1829 1021 2037 1076 ἐκείνου
2066 1021 2240 1092 λόγων
2270 1027 2298 1078 ό
2329 1025 2548 1089 σκοπὸς,
2580 1026 2752 1097 ταύτῃ
2775 1027 2865 1079 καὶ
2899 1029 3029 1096 ἡμῖν
3058 1025 3440 1094 ἀντιφέρεσθαι
3459 1027 3566 1078 δεῖν
3591 1011 3652 1078 εὖ

415 1102 561 1170 μάλα
598 1105 966 1173 διεγνωκόσιν,
994 1109 1137 1179 Ἔφη
1176 1111 1355 1165 τοίνυν
1389 1111 1504 1178 ὡδὶ,
1534 1111 1631 1184 τὴν
1675 1113 1768 1166 ὲπί
1805 1130 1869 1182 γε
1903 1117 1971 1185 τῇ
2011 1115 2142 1187 ἁγία
2175 1117 2440 1188 Παρθένῳ
2501 1117 2974 1188 κατακιϐδηλεύων
3042 1118 3247 1186 φωνὴν,
3289 1117 3431 1185 φημὶ
3473 1115 3526 1167 δὲ
3553 1115 3653 1184 τὴν

414 1195 697 1261 Θεοτόκος
709 1216 724 1232 ο
1727 1259 1738 1264 ν.

481 1283 724 1341 Nss'ros.
749 1286 947 1359 [δωρεὴ
974 1290 1170 1360 inquit,
1195 1293 1315 1348 illos
1330 1294 1509 1364 rogavi
1531 1296 1644 1366 (eos
1666 1298 1872 1352 scilicet
1891 1299 1978 1366 qui

2153 1298 2500 1371 [⁸11ρώτησα,
2533 1297 2686 1365 φησὶ,
2724 1294 2980 1357 πολλάκις
3021 1293 3218 1356 αὑτοὺς
3262 1293 3441 1360 (δῆλον
3479 1293 3535 1345 δὲ
3572 1294 3655 1349 ὅτι

411 1371 510 1440 ipsi
533 1377 1020 1447 contradicebant),
1046 1377 1182 1434 Num
1208 1381 1472 1436 Deitalem
1497 1383 1676 1439 dicitis
1701 1401 1766 1438 ex
1790 1397 1978 1440 sancta

2079 1391 2204 1453 τοὺς
2235 1387 2613 1454 ἀντιλέγοντας
2629 1384 2835 1454 αὑτοῦ)’
2853 1384 2964 1453 Τὴν
2998 1383 3230 1451 θεότητα
3249 1382 3434 1447 λέγετε
3463 1399 3653 1450 γεγεν-

413 1462 635 1534 Virgine
667 1469 890 1522 natam?
916 1469 995 1524 Ad
1026 1471 1139 1526 lucc
1169 1473 1329 1526 verba
1375 1474 1518 1529 illico
1549 1475 1836 1530 resiliunt:
1873 1476 1978 1530 Ec-

2083 1479 2281 1547 νῆσθαι
2316 1479 2379 1530 ἐκ
2405 1479 2504 1548 τῆς
2538 1475 2701 1544 ἁγίας
2733 1474 3050 1546 Παρθένου;
3089 1471 3463 1540 Ἀποπηδῶσιν
3493 1473 3654 1536 εὑθὺς

409 1557 551 1624 quis,
602 1557 872 1626 inquiunt,
922 1569 1073 1616 tanto
1106 1561 1456 1632 blasphemiae
1502 1566 1691 1620 morbo
1737 1567 1970 1632 laborat,

2085 1569 2222 1640 πρὸς
2247 1568 2307 1621 τὸ
2338 1569 2487 1638 ῥῆμα
2508 1584 2522 1598 ο
2553 1567 2661 1619 Καὶ
2687 1564 2793 1628 τίς,
2817 1563 2974 1632 φασὶ,
3004 1561 3273 1630 τοσαύτην
3305 1561 3653 1631 βλασφημίαν

414 1657 472 1701 nt
501 1663 622 1717 quae
658 1651 916 1720 templum
964 1655 1168 1723 genuit,
1205 1654 1439 1724 Spiritus
1481 1659 1654 1713 sancti
1703 1674 1887 1728 opera,
1924 1662 1974 1714 in

2086 1661 2249 1722 νοσεῖ,
2279 1657 2418 1710 ὥστε
2451 1655 2666 1725 ἐκείνην
2703 1654 2801 1723 τὴν
2827 1652 3164 1722 γεννήσασαν
3195 1649 3285 1702 τὸν
3314 1649 3440 1702 ναὸν
3472 1649 3652 1717 λέγειν

409 1750 469 1789 ea
503 1736 670 1792 Deum
705 1739 877 1809 ipsum
908 1752 1148 1796 creatum
1178 1745 1362 1798 dicat!
1395 1744 1594 1801 Deinde
1622 1762 1746 1803 cum
1771 1750 1836 1803 ad
1865 1750 1977 1804 Inee

2081 1747 2234 1817 παρά
2259 1746 2352 1800 τοῦ
2402 1743 2719 1813 Πνεύματος
2746 1742 2837 1795 τὸν
2879 1741 3010 1793 Θεὸν
3053 1741 3110 1792 ὲν
3156 1739 3341 1809 ἐκείνη
3373 1739 3647 1806 ἐκτίσθαις

410 1826 641 1896 subjicio
680 1849 693 1884 :
732 1831 871 1899 Quid
909 1833 1070 1902 igitur
1099 1835 1334 1890 absurde
1362 1836 1559 1890 dicitur
1588 1853 1616 1891 a
1647 1839 1820 1904 nobis,
1853 1855 1974 1894 cum

2080 1834 2211 1889 Εἶτα
2238 1838 2364 1889 ὅταν
2387 1835 2652 1902 ἐπαγάγω
2678 1833 2814 1910 πρὸς
2835 1831 3030 1896 ταῦτα,
3057 1829 3122 1882 Τί
3151 1825 3241 1883 οὖν
3270 1829 3468 1882 ἄτοπον
3493 1831 3653 1902 ἡμεῖς

409 1931 594 1972 vocem
627 1920 766 1974 hanc
799 1920 994 1977 ell'erre
1026 1925 1238 1992 quidem
1269 1927 1577 1991 suademus,
1609 1929 1702 1982 sed
1730 1929 1795 1982 ad
1826 1945 1971 1982 com-

2077 1927 2307 1997 λέγομεν
2333 1924 2794 1996 συμϐουλεύοντες
2821 1922 2997 1991 λέγειν
3029 1922 3128 1992 τὴν
3160 1920 3364 1990 φωνὴν,
3395 1921 3486 1973 κα)⁵
3508 1919 3653 1991 ἔρχε-

410 2021 574 2061 nume
617 2008 828 2066 duabus
878 2013 1090 2067 naturis
1136 2013 1491 2082 signiﬁcatum
1540 2017 1802 2085 pergere?
1839 2017 1974 2072 Tum

2080 2019 2201 2071 σθαι
2239 2018 2332 2071 ἐπὶ
2369 2016 2429 2070 τὸ
2471 2017 2648 2069 κοινὸν
2698 2015 3093 2085 σημαινόμενον
3123 2013 3230 2065 τῶν
3279 2012 3372 2065 δύο
3401 2012 3648 2080 φύσεων;

408 2109 540 2148 vero
565 2106 754 2164 putant
801 2099 1179 2170 blasphemum
1215 2116 1335 2156 esse
1381 2105 1525 2170 quod
1568 2105 1800 2159 dicimus
1829 2123 1841 2159 :
1870 2107 1976 2158 Ant

2077 2110 2210 2163 Τότε
2243 2108 2522 2179 νομίζεται
2561 2109 2744 2170 αὑτοῖς
2783 2103 2922 2159 εἶναι
2971 2105 3286 2175 βλάσφημον
3329 2103 3388 2156 τὸ
3427 2103 3654 2173 λεγόμε-

407 2197 591 2255 aperte
628 2191 888 2246 conﬁtere
917 2192 1257 2247 divinitatem
1295 2207 1361 2246 ex
1406 2194 1562 2248 beata
1611 2194 1779 2250 Maria
1824 2197 1975 2266 geni-

2076 2215 2192 2253 νον’
2237 2200 2307 2252 Ἦ
2339 2198 2671 2270 ὁμολόγησον
2704 2197 2890 2267 σαφῶς
2922 2195 3150 2263 θεότητα
3196 2192 3550 2263 γεγεννῆσθαι
3586 2194 3655 2248 ὲκ

409 2284 538 2342 tam,
569 2289 662 2332 aut
697 2281 742 2334 si
789 2291 846 2335 ut
880 2280 1246 2352 blaspliemam
1277 2283 1419 2354 fugis
1451 2285 1593 2339 hanc
1626 2300 1834 2350 vocem,
1878 2302 1974 2339 cur

2076 2291 2176 2361 τῆς
2213 2290 2494 2361 μακαρίας
2550 2289 2791 2359 Μαρίας,
2845 2288 2879 2358 ἢ
2938 2288 3154 2355 φεύγων
3205 2285 3280 2347 ὼς
3331 2283 3657 2354 βλάσφημον

404 2367 496 2436 qui
529 2369 714 2424 eadem
740 2379 903 2442 atque
926 2386 1026 2442 ego
1051 2373 1206 2439 dicis,
1239 2383 1290 2429 te
1317 2375 1456 2429 haud
1489 2377 1665 2431 dicere
1687 2377 1908 2431 simulas
1927 2376 1971 2447 ?]

2076 2383 2173 2451 τὴν
2226 2379 2429 2451 φωνὴν,
2479 2379 2533 2432 τί
2575 2378 2643 2432 τά
2681 2377 2821 2434 αὑτά
2857 2395 2946 2449 μοι
2997 2376 3208 2444 λέγων,
3262 2374 3530 2445 ὑποκρίνῃ
3577 2373 3657 2445 μὴ

2073 2470 2253 2532 λέγειν
2269 2470 2306 2532 ;]
2807 2489 2810 2493 '

473 2542 524 2612 7
551 2541 690 2614 Ergo
714 2559 777 2598 ex
811 2545 894 2600 liis
915 2559 1035 2614 quae
1065 2547 1402 2616 dicis,atque
1433 2548 1594 2600 etiam
1624 2548 1812 2602 nescio
1837 2563 1972 2616 quo-

2093 2507 2102 2521 .
2207 2487 2281 2532 ιν;
2807 2489 2810 2493 ν

2073 2467 2353 2614 “bene;
2394 2555 2475 2622 οἷς
2520 2557 2654 2626 ἔφης
2700 2554 2880 2618 αὑτὸς,
2911 2553 3005 2606 καὶ
3044 2551 3150 2622 μὴν
3179 2549 3271 2602 καὶ
3300 2549 3512 2617 φρονεῖν
3549 2545 3653 2600 οὐκ

401 2632 563 2687 modo
595 2635 934 2689 sentiendum
963 2645 1144 2706 putas,
1175 2637 1241 2692 de
1276 2639 1340 2692 iis
1363 2639 1455 2707 qui
1487 2645 1674 2693 contra
1699 2641 1968 2705 sentiunt,

2073 2649 2166 2706 οἷδ’
2199 2652 2348 2714 ὅπως
2391 2647 2582 2717 ἀξιοῖς,
2610 2647 2662 2699 οἱ
2691 2646 2760 2699 τὰ
2789 2643 3000 2699 ἐναντία
3047 2637 3378 2702 δοξάζοντες,
3425 2651 3650 2704 μεμαρ-

401 2731 590 2790 aperte
613 2725 981 2781 testimonium
1019 2727 1196 2783 fertur
1224 2730 1385 2783 etiam
1425 2740 1527 2784 tuae
1554 2732 1702 2785 vocis
1749 2731 1971 2785 confes-

2071 2739 2334 2811 τύρηνται
2381 2736 2567 2806 σαφῶς
2600 2735 2690 2786 καὶ
2730 2732 2814 2783 διὰ
2847 2731 2945 2798 τῆς
2982 2728 3080 2796 σῆς
3107 2724 3312 2794 φωνῆς.
3344 2723 3512 2795 ὀρθὴν
3551 2724 3651 2781 καὶ

401 2811 572 2879 sione,
599 2823 798 2870 rectam
820 2816 940 2872 illos
964 2833 1028 2875 ac
1053 2835 1235 2874 veram
1269 2821 1594 2876 sententiam
1629 2824 1697 2877 de
1722 2833 1966 2878 nostru‘u

2073 2829 2483 2892 ἁπλανεστάτην
2515 2824 2612 2892 τὴν
2650 2820 2742 2872 ἐπί
2769 2836 2832 2886 γε
2874 2818 2953 2888 τῷ
3001 2817 3219 2871 πάντων
3245 2815 3402 2885 ⁴ἡμῶν
3433 2817 3650 2887 Σωτῆρι

400 2904 638 2958 omnium
670 2904 1183 2966 SalvatoreChristo
1208 2921 1411 2976 tenere,
1441 2923 1495 2966 et
1519 2912 1676 2967 fidem
1711 2914 1762 2967 in
1789 2915 1973 2966 animo

2071 2915 2309 2986 Χριστῷ,
2341 2911 2646 2981 ποιούμενοι
2699 2909 2890 2975 δόξαν,
2927 2910 3022 2962 καὶ
3071 2908 3254 2961 πίστιν
3298 2906 3510 2976 ἔχοντες
3567 2908 3651 2970 είς

402 2993 620 3060 habere,
653 3012 813 3065 quam
851 3000 886 3052 ii
919 3001 1011 3071 qui
1047 3001 1116 3056 ab
1151 3003 1307 3058 initio
1331 3003 1430 3072 ipsi
1467 3005 1743 3067 viderunt,
1775 3011 1828 3054 et
1861 3001 1965 3053 mi-

2071 3006 2213 3067 νοῦν,
2232 3005 2298 3074 ἢν
2315 3005 2433 3065 ταῖς
2458 3000 2806 3071 Ἐκκλησίαις
2829 2999 3276 3070 παραδεδώκασιν
3295 3001 3343 3052 oi
3361 2999 3456 3051 ἀπ’
3475 2999 3650 3068 ἀρχῆς

400 3084 557 3140 nistri
581 3085 800 3142 inierunt
829 3093 1120 3153 sermonis.
1144 3093 1560 3159 divinorumque
1582 3089 1963 3159 mysteriorum

2073 3093 2337 3148 αὑτόπται
2366 3091 2460 3145 καὶ
2490 3089 2758 3161 ὑπηρέται
2785 3089 3066 3160 γενόμενοι
3091 3086 3186 3142 τοῦ
3217 3088 3398 3156 λόγου;
3420 3087 3516 3140 καὶ
3538 3086 3649 3139 τῶν

400 3189 708 3234 nostrorum
738 3183 1048 3236 sacerdotes
1089 3181 1602 3248 dispensatore-sque
1644 3179 1827 3234 ﬁdeles
1859 3179 1966 3234 Ec-

2073 3185 2231 3239 θείων
2251 3183 2409 3255 ἡμῶν
2433 3182 2746 3254 μυστηρίων
2767 3181 3057 3252 ἱερουργοὶ,
3081 3179 3176 3233 καὶ
3195 3179 3387 3249 ταμίαι
3405 3179 3644 3248 γνήσιοι·

399 3268 578 3324 clesiis
606 3270 946 3324 tradiderunt
981 3271 1048 3326 ³ο.
1080 3269 1211 3324 Jure
1251 3270 1394 3326 enim
1438 3280 1690 3338 tanquam
1740 3269 1967 3324 inscitiae

2073 3276 2420 3330 ἀποσείονται
2471 3274 2569 3344 μὲν
2609 3273 2716 3342 γὰρ
2762 3272 2855 3324 καὶ
2903 3271 3047 3340 μάλα
3075 3268 3270 3338 ὀρθῶς,
3305 3268 3379 3330 ὡς
3408 3268 3652 3337 ἀμαθίας

398 3373 729 3429 summaeque
777 3361 1070 3430 impietatis
1117 3362 1339 3417 evidens
1381 3372 1757 3430 argumentum
1811 3377 1965 3416 aver-

2071 3383 2130 3419 τε
2155 3363 2288 3434 ὁμοῦ
2317 3363 2409 3416 καὶ
2440 3363 2540 3431 τῆς
2581 3363 2659 3424 είς
2695 3360 2864 3432 ἄκρον
2907 3359 3145 3431 ἡκούσης
3172 3358 3486 3421 δυσσεϐείας
3514 3358 3652 3410 ἀπό-

398 3459 590 3505 santur
619 3451 700 3504 vel
735 3451 850 3506 sola
894 3452 1300 3508 existimatione
1337 3452 1628 3521 concipere
1651 3493 1666 3519 ,
1725 3452 1854 3506 illud
1897 3467 1962 3507 ex

2072 3455 2234 3521 δειξιν
2267 3454 2490 3524 ἐναργῆ,
2522 3453 2582 3505 τὸ
2634 3453 2736 3506 κᾶν
2787 3451 2916 3519 γοῦν
2962 3451 3212 3521 οἰηθῆναι
3259 3451 3438 3520 μόνον,
3462 3450 3551 3501 τὸν
3584 3449 3653 3502 ὲκ

411 3539 517 3594 Deo
539 3539 703 3595 Patre
730 3541 968 3597 Verbum
994 3542 1061 3596 ad
1093 3541 1388 3598 secundum
1414 3543 1626 3598 initium
1649 3551 1706 3597 ut
1734 3557 1855 3599 esse
1883 3544 1964 3597 in-

2073 3545 2210 3599 Θεοῦ
2251 3546 2463 3616 Πατρὸς
2496 3545 2668 3612 Λόγον
2702 3544 2781 3605 είς
2811 3542 2982 3614 ἀρχὴν
3027 3541 3120 3594 τοῦ
3169 3536 3306 3594 εἶναι
3350 3538 3653 3607 κεκλῆσθαι

401 3633 609 3700 ciperet
642 3642 892 3688 vocatum
913 3648 1054 3699 esse,
1090 3634 1174 3688 vel
1205 3642 1404 3690 sancta:
1449 3632 1692 3702 Virginis
1741 3649 1961 3688 carnem

2078 3635 2354 3708 δευτέραν,
2391 3636 2560 3705 ἤγουν
2605 3636 2706 3702 τῆς
2754 3633 2890 3694 ιδίας
2932 3629 3220 3700 ὑπάρξεως
3267 3627 3422 3696 ῥίζαν
3461 3625 3659 3694 ὥσπερ

400 3739 512 3780 sua:
537 3725 870 3780 exsistentias
893 3724 1034 3780 velut
1077 3725 1309 3780 radicem
1338 3725 1626 3794 quamdam
1645 3725 1962 3794 accepisse:

2080 3728 2214 3793 τινὰ,
2247 3725 2344 3797 τῆς
2379 3725 2540 3793 ἁγίας
2572 3723 2850 3795 Παρθένου
2898 3721 2992 3792 τὴν
3037 3720 3216 3790 σάρκα
3260 3717 3474 3772 λαϐεῖν·
3509 3715 3661 3784 πλὴν⁴

399 3816 494 3868 sed
527 3821 705 3869 tamen
742 3817 912 3885 ipsam
950 3815 1042 3870 Dei
1093 3816 1408 3887 genitricem
1458 3823 1697 3880 vocant,
1752 3823 1813 3870 ut
1845 3830 1965 3885 quae

2074 3817 2399 3888 ὀνομάζουσι
2416 3814 2676 3867 Θεοτόκον
2702 3811 2892 3892 αὐτὴν,
2912 3810 2988 3872 ὼς
3008 3807 3378 3862 ἀποτεκοῦσαν
3405 3802 3655 3875 δηλονότι

401 3904 548 3959 illum
570 3905 998 3971 Emmanuelem,
1034 3907 1125 3978 qui
1161 3921 1226 3962 ex
1258 3916 1451 3962 natura
1485 3906 1627 3962 Deus
1656 3915 1761 3971 est,
1793 3920 1958 3975 pepe-

2078 3909 2205 3963 Θεὺν
2235 3909 2364 3960 ὄντα
2407 3904 2550 3959 κατά
2579 3902 2740 3972 φύσιν
2773 3901 2864 3953 τὸν
2896 3897 3244 3970 Ἐμμανουήλ
3267 3914 3280 3929 θ
3311 3896 3500 3964 γέγονε
3542 3893 3659 3965 γὰρ

400 3993 533 4048 rerit
566 4009 579 4046 :
615 4009 738 4049 nam
799 3995 931 4050 illud
983 3994 1217 4053 Verbum
1279 3998 1478 4052 factum
1525 4005 1607 4052 est
1656 3997 1966 4064 nobiscum,

2079 4001 2196 4071 μεθ’
2224 3997 2382 4071 ἡμῶν
2409 3996 2542 4058 Θεὸς
2587 3993 2663 4046 ὢν
2709 3989 2891 4062 φύσει,
2923 3991 3021 4044 καὶ⁹
3057 3988 3198 4058 ὑπὲρ
3230 3988 3374 4058 ἡμᾶς
3401 3987 3428 4037 ο
3455 3984 3655 4051 Λόγος.

401 4088 543 4155 quod
571 4102 639 4143 ex
671 4099 865 4145 natura
899 4090 1040 4146 Deus
1067 4100 1122 4146 et
1153 4107 1316 4161 supra
1341 4107 1439 4147 nos
1464 4101 1604 4146 erat.
1631 4090 1770 4146 Num
1801 4092 1970 4161 igitur

2080 4088 2200 4162 Ἀρ*
2221 4087 2314 4144 οὖν
2339 4083 2419 4152 οἷς
2443 4085 2684 4149 δοξάζειν
2700 4082 2971 4150 ἐγνώκασι
2999 4078 3255 4134 τάναντία
3279 4075 3474 4145 φασίν;
3506 4073 3661 4143 Ἐρεῖ

402 4177 470 4232 iis
523 4192 642 4245 qua:
673 4183 912 4235 sentiunt
968 4183 1240 4236 contraria
1283 4182 1581 4236 asserunt?
1613 4182 1766 4236 Dicet
1798 4183 1966 4249 enim,

2074 4183 2205 4250 γὰρ,
2237 4175 2412 4250 οἶμαι,
2442 4179 2525 4239 τις
2552 4173 2659 4227 τῶν
2692 4173 2758 4225 τὰ
2792 4173 2932 4225 αὑτά
2965 4188 3046 4222 σοι
3074 4170 3290 4240 φρονεῖν
3318 4165 3612 4236 ᾑρημένων
3640 4180 3655 4195 ·

402 4278 461 4323 ιιι
499 4278 648 4336 puto,
685 4271 952 4339 quispiam
1001 4285 1065 4324 ex
1114 4272 1180 4324 iis
1226 4270 1318 4338 qui
1366 4281 1542 4326 tecum
1578 4272 1824 4326 sentiunt
1860 4287 1873 4325 :
1909 4272 1967 4326 Si

2077 4273 2140 4326 Et
2186 4270 2259 4341 μὴ
2277 4270 2375 4340 τὴν
2403 4267 2494 4320 τοῦ
2507 4267 2677 4332 Λόγου
2703 4262 2864 4332 φύσιν
2887 4261 3131 4329 γέννημα
3145 4257 3344 4327 σαρκὸς
3359 4252 3498 4308 εἶναι
3523 4254 3658 4324 φὴς,

401 4359 564 4414 Verbi
597 4369 842 4415 naturam
877 4361 1083 4431 prolem
1113 4377 1235 4417 esse
1256 4362 1438 4416 carnis
1467 4377 1632 4432 negas
1654 4401 1670 4427 ,
1705 4371 1759 4416 et
1789 4371 1840 4418 te
1872 4365 1972 4419 hoc

2079 4362 2168 4415 καὶ
2204 4360 2312 4415 τῶν
2351 4360 2430 4420 εἱς
2461 4356 2618 4408 τοῦτο
2657 4352 2852 4406 σαυτὸν
2881 4350 3244 4412 ἀπαλλάττεις
3287 4345 3660 4416 αἰτιαμάτων,

401 4452 630 4508 crimine
665 4453 866 4510 liberas
891 4493 906 4519 ,
934 4454 1204 4525 quomodo
1229 4454 1393 4524 igitur
1419 4465 1661 4509 sanctam
1687 4455 1964 4526 Virginem

2083 4451 2190 4515 πῶς
2236 4450 2299 4521 δὴ
2347 4449 2454 4520 ἁρα
2491 4447 2622 4499 Θεὸν
2653 4446 2960 4514 ἀποκυῆσαι
3003 4441 3299 4494 διαϐεϐαιοῖ
3348 4439 3444 4510 τὴν
3488 4437 3664 4507 ἁγίαν

402 4546 679 4614 peperisse
710 4545 880 4600 Deum
909 4546 1108 4600 asseris
1133 4547 1156 4600 ?
1192 4547 1298 4601 Sed
1325 4547 1370 4600 is
1397 4561 1426 4600 a
1455 4547 1608 4601 nobis
1629 4561 1659 4601 e
1689 4548 1966 4602 contrario

2081 4543 2378 4615 Παρθένον;
2412 4536 2831 4594 Ἀντακούσεται
2857 4535 2916 4588 δὲ
2947 4533 3082 4604 πρὸς
3111 4531 3266 4602 ἡμῶν
3293 4548 3306 4560 ·
3342 4530 3530 4600 Σάρκα
3555 4545 3662 4596 γε·

405 4638 588 4693 audiet
631 4659 643 4694 :
689 4639 918 4694 Carnem
956 4639 1155 4693 factum
1203 4653 1322 4694 esse
1368 4639 1500 4693 illud
1531 4653 1596 4693 ex
1651 4637 1763 4694 Deo
1806 4638 1966 4694 Patre

2082 4635 2258 4691 νέσθαι
2287 4635 2451 4703 φησὶν
2478 4633 2511 4702 ἡ
2538 4628 2892 4689 θεόπνευστος
2921 4622 3113 4694 Γραφὴ
3139 4622 3230 4674 τὸν
3265 4623 3328 4673 ὲκ
3362 4618 3496 4672 Θεοῦ
3538 4619 3663 4671 Πα-

407 4729 642 4784 Verbum
674 4731 752 4783 ait
781 4730 1060 4800 Scriptura
1084 4730 1344 4789 divinitus
1393 4731 1679 4798 inspirata,
1729 4730 1835 4784 hoc
1864 4740 1968 4794 εει,

2084 4729 2203 4801 πρὸς
2229 4726 2422 4794 Λόγον,
2452 4722 2746 4784 τουτέστιν,
2774 4716 3109 4810 ἁσυγχύτως⁸
3137 4730 3194 4765 τε
3240 4713 3336 4810 καὶ
3365 4710 3485 4765 καθ’
3519 4710 3665 4810 find:

406 4819 557 4874 carni
586 4821 704 4876 sine
732 4819 1052 4876 confusione
1089 4829 1141 4875 et
1164 4821 1458 4877 secundum
1488 4822 1820 4892 hypostasim
1853 4823 1973 4875 uni-

2082 4799 2266 4872 στασιν
2299 4813 2560 4885 ὲνωθῆναι
2594 4809 2793 4881 σαρκί·
2845 4809 2903 4862 οὑ
2938 4805 3046 4876 γὰρ
3082 4800 3148 4875 ἦν
3179 4802 3454 4871 ἀλλότριον
3485 4799 3663 4892 αὑτοῦ

408 4922 518 4966 tum
554 4931 567 4967 :
611 4927 784 4983 neque
806 4914 947 4968 enim
979 4913 1210 4968 alienum
1247 4913 1315 4968 ab
1361 4929 1428 4969 eo
1474 4925 1591 4969 erat
1640 4915 1849 4968 unitum
1897 4914 1972 4968 illi

2082 4911 2139 4963 τὸ
2164 4909 2361 4962 ὲνωθὲν
2385 4906 2533 4976 αὑτῷ
2559 4904 2740 4974 σῶμα,
2758 4902 2852 4955 καὶ
2873 4896 3267 4968 γεγεννημένον
3290 4896 3352 4946 ὲκ
3372 4889 3663 4996 γμναικδῗ,

405 5018 620 5074 corpus,
656 5015 709 5061 et
745 5015 926 5060 natum
968 5022 1032 5061 ex
1069 5005 1295 5060 muliere
1321 5045 1338 5071 ,
1381 5007 1474 5061 sed
1497 5015 1555 5060 ut
1591 5020 1746 5060 suum
1779 5005 1974 5074 cuique

2081 5001 2194 5055 ἀλλ’
2224 4999 2412 5068 ὥσπερ
2459 4997 2588 5052 ἴδιον
2633 4993 2742 5051 τῶν
2785 4991 2906 5048 καθ’
2934 4990 3082 5060 ἡμᾶς
3120 4987 3332 5054 ἑκάστῳ
3369 4982 3431 5036 τὸ
3461 4982 3662 5083 αὑτοῦ,

409 5105 649 5149 nostrum
682 5097 958 5166 proprium
990 5106 1074 5152 est
1109 5111 1324 5166 corpus,
1378 5096 1570 5152 eodem
1620 5098 1778 5152 modo
1807 5097 1974 5151 etiam

2085 5092 2216 5147 κατὰ
2244 5092 2335 5146 τον
2369 5089 2531 5144 αὑτὸν
2560 5085 2775 5147 τουτονὶ
2797 5083 3015 5156 τρόπον,
3057 5081 3148 5132 καὶ
3184 5077 3278 5130 τοῦ
3314 5076 3666 5140 Μονογενοῦς

405 5184 684 5257 Unigeniti
712 5204 909 5259 corpus
949 5189 1226 5259 preprium
1273 5188 1349 5243 illi
1389 5197 1528 5252 erat,
1565 5198 1621 5243 et
1670 5203 1774 5242 non
1835 5187 1974 5240 alte...

2088 5185 2206 5238 ἴδιον
2240 5180 2327 5255 ἦν,
2357 5183 2450 5237 καὶ
2473 5181 2570 5250 οὑχ
2599 5177 2786 5248 ἐτέρου
2818 5173 2880 5228 τὸ
2913 5172 3097 5259 σῶμαγο
3125 5165 3403 5259 οὑτωλγάρ
3434 5163 3530 5259 καλ.
3564 5180 3669 5231 γε·

411 5277 526 5331 rius
559 5294 579 5329 ε-
605 5277 686 5331 sic
722 5294 950 5350 namque
983 5279 1155 5334 factus
1192 5288 1274 5334 est
1317 5280 1478 5334 etiam
1519 5279 1813 5334 secundum
1846 5295 1974 5334 car-

2086 5251 2329 5346 γέννηται
2368 5271 2510 5326 κατὰ
2536 5269 2732 5340 σάρκα.
2760 5261 2894 5318 Εἶτα
2913 5261 3028 5324 πῶς
3057 5258 3144 5323 ἂν,
3173 5256 3295 5350 εἰπέ
3328 5271 3435 5326 μοι,
3459 5251 3667 5350 γέγονε

412 5385 553 5425 nem.
593 5344 975 5426 Prmterea‘dic
1001 5373 1133 5428 mihi
1163 5373 1432 5442 quomodo
1462 5371 1662 5427 factum
1712 5381 1794 5428 est
1819 5387 1968 5437 caro,

2088 5344 2235 5436 σὰρξ,
2257 5365 2316 5417 οὑ
2352 5355 2799 5433 παρειλημμένης
2825 5352 3126 5422 γεννήσεως
3153 5347 3253 5448 της
3283 5348 3346 5399 ὲκ
3371 5344 3669 5450 γυναικὸς,

411 5461 454 5513 si
490 5461 766 5530 generatio
793 5477 858 5516 ex
884 5464 1108 5518 muliere
1143 5479 1250 5520 non
1286 5466 1356 5520 sit
1407 5464 1660 5536 adjuncta
1688 5483 1702 5531 ;
1733 5480 1855 5519 cum
1883 5465 1980 5518 hu-

2086 5457 2185 5512 τῶν
2217 5459 2316 5527 τῆς
2354 5451 2767 5523 ἀνθρωπότητος
2809 5445 2986 5514 νόμων
3025 5442 3104 5503 εἰς
3133 5442 3294 5491 τοῦτο
3321 5442 3667 5500 καλούντων,

413 5568 587 5608 manu:
619 5564 827 5609 naturae
863 5555 1007 5625 leges
1047 5557 1096 5611 id
1139 5558 1418 5628 requirant
1453 5602 1466 5617 .
1515 5567 1569 5614 et
1607 5557 1840 5614 carnalis
1886 5571 1981 5612 ex-

2084 5550 2175 5605 καὶ
2221 5525 2322 5618 τῆς
2353 5544 2618 5614 σαρκικῆς
2657 5536 2941 5608 ὑπάρξεως
2978 5532 3076 5603 τὴν
3107 5529 3282 5602 ἀρχὴν
3319 5529 3416 5598 οὑχ
3458 5525 3665 5597 ἑτέραν

483 5730 524 5760 ⁵³
557 5728 685 5785 Luc.
728 5747 765 5795 ι,
804 5731 858 5784 2.
