4004 6202
418 202 490 258 at
1359 182 1364 193 '
1548 191 1919 251 anvnnsus
1956 190 2363 252 NESTORIUM
2407 193 2534 251 LIB.
2573 194 2613 249 1.
3632 202 3703 255 2.3

428 320 578 390 ἔχειν
606 312 916 385 δυναμένης
942 310 1043 382 τὴν
1065 308 1217 376 όδόν;
1249 297 1325 364 ὒὺ
1355 309 1466 382 γάρ
1487 328 1589 364 που
1611 314 1731 375 ταῖς
1762 310 2028 383 Ἐλλήνων

2133 312 2382 368 sistentia
2413 314 2481 367 ab
2514 312 2673 369 initio
2700 325 2804 366 non
2848 312 3008 367 aliam
3056 312 3196 367 viam
3240 313 3702 389 habere-possit!

425 404 750 478 τερθρείαις
800 401 1268 479 προσεσχηκότες,
1317 402 1383 455 ὲκ
1432 402 1590 473 δρυὸς
1631 402 1663 474 ἢ
1715 405 1920 476 πέτρας
1966 406 2035 461 τὰ

426 493 739 566 ἀνθρώπων
770 490 1055 546 τίκτεσθαι
1088 489 1323 562 σώματα
1358 491 1453 545 καὶ
1490 493 1650 563 ἡμεῖς
1692 494 1847 547 αὐτοὶ⁵
1892 495 2033 566 ραψ-

428 589 736 659 φδήσομεν·
756 584 958 655 νόμους
979 584 1036 637 δὲ
1060 585 1189 648 τοὺς
1212 583 1335 637 καθ’
1358 583 1506 655 ἡμᾶς
1527 585 1560 654 ὴ
1585 584 1746 653 φύσις
1772 586 2031 659 ὡρίσατο,

433 678 637 749 μᾶλλον
680 676 739 730 δὲ
781 675 884 746 τῆς
926 674 1146 744 φύσεως
1184 675 1596 746 όΔημιουργός.
1639 677 1893 731 Τίκτεται
1925 678 2034 750 γὰρ

428 771 624 840 ὥσπερ
645 769 740 838 ἀφ’
764 767 1003 821 ἑκάστου
1029 766 1141 819 τῶν
1160 768 1327 820 ὄντων
1353 766 1415 820 τὸ
1456 768 1734 836 συγγενὲς,
1767 768 1909 823 οὕτω
1942 771 2036 823 καὶ

432 858 495 923 ἑξ
537 858 698 929 ἡμῶν
729 857 912 911 αὐτῶν
933 874 947 887 ·
987 857 1087 910 καὶ
1115 857 1215 911 οὐκ
1246 857 1312 910 ἂν
1362 856 1566 927 ἑτέρως
1598 858 1709 929 ἔχοι
1741 860 1801 913 τὸ
1844 861 2033 931 χρῆμά

435 949 640 1003 ποθεν·
686 947 974 1015 ἀνέφικτον
1027 946 1128 1017 μὲν
1171 946 1282 1016 γὰρ
1326 946 1604 1011 παντελῶς
1647 948 1799 1002 οὐδὲν
1840 943 1916 1003 ὧν
1966 949 2053 1005 ἂν·

437 1039 624 1094 ἕλοιτο
659 1036 945 1108 κατορθοῦν
971 1040 1041 1108 τῇ
1075 1037 1198 1107 Θείᾳ
1225 1054 1286 1090 τε
1317 1038 1413 1091 καὶ
1447 1037 1743 1111 ἀπορρήτῳ
1782 1039 2031 1111 δυνάμει,

448 1128 685 1199 {plent
704 1127 757 1179 δὲ
788 1126 863 1180 διὰ
884 1126 994 1182 τῶν
1017 1126 1243 1181 εἰκότων
1266 1130 1331 1200 τῇ
1361 1126 1470 1181 τῶν
1500 1128 1669 1183 ὄντων
1701 1131 1883 1201 φύσει,
1907 1135 2032 1197 τοὺς

466 1219 594 1286 παρ’
614 1217 778 1286 αὐτῆς
803 1216 1152 1288 τεθειμένους
1180 1218 1282 1272 οὐκ
1308 1218 1652 1289 ἀτιμάζουσα
1682 1223 1878 1293 νόμους
1896 1241 1911 1255 ο
1938 1226 2033 1279 καὶ¹

442 1301 512 1376 ἦν
533 1306 635 1357 οὐκ
660 1305 948 1374 ἀνέφικτον
974 1306 1053 1377 τῷ
1079 1308 1259 1362 πάντα
1287 1307 1729 1382 ἰσχύοντι-Λόγῳ,
1750 1313 2032 1385 κεκρικότι

445 1397 550 1467 μὲν
584 1395 648 1449 δι’
680 1398 826 1467 ἡμᾶς
872 1396 1127 1465 γενέσθαι
1161 1397 1284 1452 καθ’
1313 1400 1481 1470 ἡμᾶς,
1514 1403 1940 1473 παραιτουμένῳ
1967 1420 2032 1472 γε

430 1489 556 1557 -μην
602 1488 853 1557 γέννησιν
898 1488 1000 1558 τὴν
1051 1490 1118 1541 ὲκ
1166 1488 1446 1556 γυναικὸς,
1472 1487 1669 1554 ἔξωθεν
1714 1492 1892 1564 ἑαυτῷ
1939 1495 2033 1548 καὶ

441 1578 551 1649 ἰδία
576 1578 805 1647 δυνάμει
839 1578 1289 1650 πλαστουργῆσαι
1322 1577 1381 1632 τὸ
1412 1579 1592 1651 σῶμα,
1617 1580 1869 1651 καθάπερ
1890 1584 2028 1655 ἀμέ-

436 1648 531 1720 λει
555 1667 811 1735 γενέσθαι
843 1669 1026 1738 φαμὲν
1053 1648 1150 1722 καὶ
1180 1648 1274 1722 ἐπὶ
1311 1667 1406 1722 τοῦ
1434 1648 1779 1745 προπάτορος
1815 1648 1984 1744 ’Ᾰδᾶμ
2010 1690 2025 1703 ·
2058 1648 2100 1702 Β

442 1758 673 1811 ιἘλαὸε
702 1759 835 1829 γὰρ,
871 1760 1059 1830 φησιν,
1086 1762 1115 1814 ό
1145 1759 1279 1824 Θεὸς
1314 1759 1442 1831 χοῦν
1483 1761 1591 1814 ἀπὸ
1623 1762 1721 1831 τῆς
1766 1763 1891 1835 γῆς,
1933 1765 2029 1819 καὶ

433 1850 636 1903 inlusa
683 1851 780 1903 τὸν
827 1851 1138 1923 ἄνθρωπον.
1167 1872 1185 1904 ι
1219 1853 1439 1926 Ἐπειδὴ
1483 1852 1539 1908 δὲ
1586 1856 1858 1926 πρόφασις
1887 1858 2027 1930 αὕτη

432 1946 545 2007 τοῖς
573 1944 828 2008 ἀπίστοις
853 1940 944 2015 ἦν,
975 1947 1336 2014 συκοφαντεῖν
1364 1944 1609 1999 ἐθέλουσι
1632 1947 1732 2017 τῆς
1760 1947 2030 2022 ὲνανθρω-

438 2036 663 2106 πὴσεως
710 2036 772 2088 τὸ
822 2038 1139 2107 μυστήριον,
1171 2035 1268 2090 καὶ
1303 2036 1411 2107 πρό
1442 2053 1506 2105 γε
1535 2036 1641 2089 τῶν
1681 2039 1883 2100 ἄλλων,
1916 2043 2028 2105 τοῖς

448 2126 689 2189 ἀνοσίοις
732 2127 1065 2197 Μανιχαίοις,
1090 2126 1186 2191 οὓς
1231 2128 1345 2182 ἄνω
1388 2143 1448 2180 τε
1493 2128 1587 2181 καὶ
1621 2130 1772 2183 κάτω
1800 2130 2029 2185 δεδιέναι

462 2216 585 2287 φὴς.
621 2218 696 2288 μὴ
739 2220 846 2289 ἄρα
891 2236 990 2273 που
1035 2223 1146 2283 τοῖς
1179 2219 1444 2273 Θεστόκον
1488 2219 1705 2289 λέγουσι
1734 2222 1834 2294 τὴν
1865 2224 2028 2293 ἁγίαν

469 2306 737 2374 Παρθένον
775 2310 1190 2382 ἐπιπηδήσειαν,
1238 2311 1314 2374 ὡς
1358 2312 1419 2365 ὲν
1462 2310 1655 2381 μόναις
1700 2316 2029 2383 φαντασίαις

455 2388 934 2465 διαϐεϐαιούμενοι
957 2399 1201 2465 γενέσθαι
1226 2399 1323 2454 τοῦ
1367 2400 1545 2469 Λόγου
1585 2401 1684 2473 τὴν
1725 2403 2025 2475 σάρκωσιν,

444 2478 782 2551 κεχώρηκεν
814 2487 1137 2553 ἀναγκαίως
1175 2490 1257 2544 διὰ
1289 2490 1397 2545 τῶν
1425 2490 1775 2567 ἀνθρωπίνης
1807 2495 2027 2565 φύσεως

444 2568 626 2638 νόμων
644 2585 666 2613 ι’
706 2570 803 2623 καὶ
842 2573 1087 2644 ἐπείπερ
1112 2574 1181 2645 ἦν
1209 2580 1236 2630 ὸ
1259 2581 1445 2646 σκοπὸς
1475 2572 1647 2654 αυτῷ,
1675 2585 2028 2659 πληροφορῆ-

444 2677 535 2714 σαι
570 2660 919 2731 σύμπαντας,
959 2664 1042 2717 ὅτι
1088 2666 1311 2734 γέγονεν
1334 2672 1623 2741 ἄνθρωπος
1656 2676 1893 2746 ἀληθῶς,
1926 2680 2029 2744 Enr-'-

442 2751 667 2805 ελὰὁετο
684 2752 1001 2824 σπέρματος
1035 2756 1315 2829 Ἀδραὰμο
1351 2763 1446 2816 καὶ
1479 2766 1872 2837 μεσιτευούσης
1892 2768 2029 2839 πρὸς

443 2842 603 2939 τουτο
647 2844 781 2939 αὐτὸ
827 2845 927 2915 τῆς
973 2850 1255 2939 μακαρίας
1298 2852 1599 2939 Παρθένου.
1628 2857 2028 2928 παραπλησίως

2135 403 2250 459 Non
2299 404 2443 460 enim
2498 402 2779 475 gentilium
2826 402 3036 458 scilicet
3096 403 3263 475 nugis
3310 405 3653 463 adharrentes
3683 447 3700 474 ,

2133 509 2199 549 ex
2227 509 2429 566 quercu
2484 503 2578 547 aut
2615 508 2679 548 ex
2738 501 2890 562 petra
2946 494 3225 548 hominum
3279 509 3508 563 corpora
3558 498 3704 569 gigni

2133 599 2230 640 nos
2266 600 2477 656 quoque
2509 584 2868 639 fabulabimur
2920 587 3061 640 :sed
3113 584 3258 655 leges
3315 594 3533 642 nostras
3586 588 3706 656 ipsa

2136 686 2355 739 natura,
2407 676 2517 731 imo
2551 691 2679 731 vero
2738 677 2849 745 ipse
2894 675 3086 745 Opifex
3133 685 3341 732 naturae
3398 678 3703 734 constituit.

2143 766 2216 824 Ut
2243 769 2385 822 enim
2417 783 2484 823 ex
2534 783 2855 839 unaquaque
2893 783 2950 823 re
2991 767 3134 837 quod
3183 778 3473 840 cognatum
3508 778 3593 823 est
3624 769 3709 838 gi-

2133 858 2333 926 gnitur,
2364 858 2435 912 ita
2464 858 2624 912 etiam
2662 874 2725 913 ex
2755 859 2909 913 nobis
2933 859 3063 927 ipsis
3107 877 3121 914 :
3153 875 3328 929 neque
3360 858 3517 915 aliter
3565 859 3617 914 id
3648 874 3708 914 se

2134 949 2335 1004 habere
2354 958 2532 1019 potest
2560 950 2668 1004 ullo
2707 950 2885 1004 modo.
2922 950 3181 1017 Quamvis
3212 952 3355 1005 enim
3405 952 3601 1009 divina:
3625 953 3703 1007 illi

2132 1051 2187 1095 et
2220 1040 2472 1096 ineffabili
2500 1043 2753 1111 potentiae
2806 1043 3028 1107 omnino
3075 1042 3209 1098 nihil
3259 1044 3595 1111 impossibile
3630 1045 3703 1099 sit

2133 1148 2198 1189 ex
2227 1132 2310 1187 his
2331 1148 2453 1203 qua:
2496 1134 2624 1189 velit
2661 1133 2896 1200 efﬁcere,
2944 1145 3123 1191 tamen
3161 1150 3229 1190 ne
3258 1138 3406 1206 leges
3437 1152 3467 1190 a
3519 1152 3578 1193 se
3608 1152 3705 1207 po-

2133 1225 2267 1281 sitas
2298 1236 2634 1294 contemnat,
2658 1242 2756 1297 per
2784 1243 2845 1282 ea
2872 1228 3045 1299 pergit
3078 1244 3197 1298 qua:
3232 1243 3353 1283 cum
3385 1243 3573 1284 rerum
3604 1242 3704 1283 na-

2134 1324 2253 1372 tura
2285 1317 2613 1373 conveniunt
2650 1338 2664 1374 :
2702 1327 2926 1389 eratque
2961 1334 3066 1374 non
3125 1319 3461 1388 impossibile
3520 1319 3706 1375 omni-

2133 1410 2336 1478 potenti
2368 1409 2443 1464 illi
2471 1409 2672 1474 Verbo,
2692 1412 2750 1481 8
2770 1412 2858 1466 ubi
2886 1412 3172 1467 statuisset
3207 1420 3428 1481 propter
3459 1425 3558 1467 nos
3582 1409 3703 1473 ﬂeri

2133 1501 2429 1556 secundum
2477 1517 2595 1568 nos,
2633 1501 2677 1556 si
2720 1502 3126 1574 generationem
3175 1516 3240 1557 ex
3284 1501 3511 1557 muliere
3554 1500 3706 1556 refu-

2134 1603 2303 1663 geret,
2341 1593 2442 1649 sibi
2482 1593 2823 1650 extrinsecus
2871 1609 2933 1650 ac
2981 1593 3201 1664 propria
3260 1592 3461 1646 virtute
3509 1605 3708 1661 corpus

2130 1681 2382 1745 formare.
2408 1692 2464 1739 ut
2489 1684 2674 1754 procul
2718 1683 2880 1739 dubio
2934 1684 2986 1739 in
3019 1684 3189 1739 Adam
3238 1684 3413 1753 primo
3484 1691 3708 1753 parente

2130 1773 2328 1829 factum
2362 1775 2593 1830 dicimus
2628 1794 2642 1831 :
2690 1793 2708 1827 ι
2749 1775 2976 1845 Accepit
3016 1774 3160 1831 enim
3206 1775 3345 1831 Deus
3396 1772 3706 1843 pulverem,

2130 1864 2327 1935 inquit,
2383 1867 2449 1920 de
2494 1876 2660 1931 terra,
2700 1874 2755 1922 et
2784 1864 3035 1922 formavit
3058 1865 3353 1922 “hominem
3400 1864 3443 1896 ³⁸
3486 1880 3500 1917 :
3547 1884 3565 1916 ι
3613 1864 3708 1921 sed

2130 1958 2255 2026 quia
2297 1958 2350 2011 id
2394 1959 2617 2028 perﬁdis
2667 1959 2977 2037 hominibus
3019 1957 3341 2014 calumniari
3398 1956 3707 2013 volentibus

2131 2051 2522 2106 incarnationis
2571 2049 2930 2122 mysterium,
2972 2064 3069 2119 pro
3118 2049 3411 2105 occasione
3465 2046 3705 2101 futurum

2129 2149 2269 2207 erat,
2309 2152 2364 2197 et
2387 2152 2516 2198 ante
2544 2151 2774 2197 ueteres
2803 2141 2981 2211 impiis
3017 2139 3330 2196 Manichaeis
3355 2179 3371 2204 ,
3400 2153 3536 2209 quos
3571 2137 3702 2193 sub-

2131 2233 2253 2289 inde
2287 2241 2338 2288 te
2368 2244 2608 2288 metuere
2642 2232 2798 2298 dicis,
2842 2246 2909 2287 ne
2952 2231 3004 2285 in
3037 2245 3131 2287 eos
3165 2229 3380 2286 scilicet
3427 2228 3519 2300 qui
3571 2242 3701 2282 san-

2128 2332 2270 2380 ctam
2315 2323 2590 2393 Virginem
2645 2321 2737 2377 Dei
2790 2322 3105 2392 genitricem
3153 2321 3360 2385 dicunt,
3409 2317 3700 2384 insiliant,

2130 2415 2284 2484 quasi
2318 2422 2565 2470 asserant
2593 2413 2757 2468 Verbi
2795 2413 3223 2469 incarnationem
3275 2411 3326 2464 in
3371 2409 3485 2464 sola
3517 2408 3697 2478 specie

2130 2506 2347 2572 laetam,
2389 2506 2508 2561 ideo
2539 2504 2908 2561 necessarium
2949 2502 3052 2557 fuit
3089 2510 3151 2557 ut
3188 2515 3282 2571 per
3318 2501 3571 2556 humana:
3611 2514 3701 2554 na-

2132 2606 2262 2653 tum
2287 2596 2431 2668 leges
2456 2604 2741 2666 pergeret:
2773 2603 2827 2650 et
2850 2593 2978 2665 quia
3000 2593 3055 2648 id
3075 2592 3147 2647 illi
3182 2590 3517 2662 propositum
3552 2599 3695 2655 erat.

2131 2699 2188 2744 ut
2219 2705 2280 2745 se
2314 2703 2439 2745 vere
2474 2688 2747 2745 hominem
2770 2685 2980 2742 factum
2996 2685 3251 2745 omnibus
3275 2683 3700 2747 demonstraret,

2130 2778 2487 2847 apprehendit
2515 2792 2696 2834 semen
2756 2776 3033 2832 Abraham
3066 2774 3131 2840 ³¹,
3181 2782 3235 2829 et
3271 2772 3337 2825 ad
3371 2786 3491 2826 eam
3525 2770 3702 2839 ipsam

2130 2883 2245 2923 rem
2294 2869 2454 2924 beata
2493 2867 2711 2936 Virgine
2751 2868 2928 2923 media
2982 2863 3413 2927 interveniente,
3453 2860 3707 2914 similiter
3744 2910 3751 2913 _

441 2935 574 3029 ’θίῆἶν
616 2934 886 3029 *μετέηεν
929 2938 1160 3007 αἵματος
1203 2942 1300 2994 καὶ
1342 2934 1681 3016 σαρκόςΪΗν
1716 2947 1825 3019 γὰρ
1854 2948 2028 3014 οὕτως

2130 2974 2193 3013 ac
2223 2973 2331 3014 nos.
2354 2934 2696 3029 participavit
2719 2971 2886 3012 carne
2916 2966 2972 3010 et
3006 2956 3308 3024 sanguine;
3344 2966 3521 3022 neque
3554 2952 3700 3004 enim

445 3024 544 3076 καὶ
580 3026 683 3095 οὐχ
721 3026 916 3097 ἑτέρως
944 3029 1063 3098 μεθ’
1088 3031 1250 3101 ἡμῶν
1281 3034 1534 3101 γενέσθαι
1564 3036 1717 3090 Θεόν.
1758 3038 2028 3108 Χρειωδε-

450 3114 621 3184 στὰτη
662 3116 717 3169 δὲ
761 3118 856 3170 καὶ
885 3119 1087 3189 ἑτέρως
1117 3124 1234 3186 τοῖς
1265 3123 1359 3177 ἐπὶ
1384 3126 1479 3195 τῆς
1522 3129 1623 3197 γῆς
1650 3129 1683 3198 ἡ
1721 3129 1815 3182 τοῦ
1849 3129 2025 3198 Λόγου

453 3208 741 3279 σάρκωσις,
778 3211 943 3280 ἤγουν
972 3212 1388 3288 ἑνανθρώπησις
1419 3213 1507 3289 ἦν.
1542 3219 1603 3271 El
1651 3220 1725 3292 μὴ
1769 3219 1878 3292 γὰρ
1930 3238 2026 3290 γε·

437 3300 697 3370 γέννηται
746 3302 871 3355 καθ’
897 3305 1045 3374 ἡμᾶς
1075 3305 1219 3358 κατὰ
1269 3307 1468 3379 σάρκα,
1505 3310 1553 3361 εί
1595 3311 1670 3381 μὴ
1711 3311 1819 3364 τῶν
1849 3312 2027 3367 αὐτῶν

439 3386 575 3456 ἡμῖν
621 3389 860 3459 μετέσχε
907 3392 1330 3464 παραπλησίως,
1361 3397 1463 3450 οὐκ
1506 3396 1704 3470 ἃνντὴν
1736 3399 2025 3471 ἀνθρώπου

440 3474 605 3546 φύσιν
632 3478 743 3532 τῶν
770 3480 831 3532 ὲν
865 3480 1038 3553 Ἀδὰμ
1067 3484 1376 3556 ἀπήλλαξεν
1401 3488 1568 3560 ὲγκλη
1578 3490 1791 3560 μάτων,
1818 3492 1930 3545 οὐδ’
1959 3491 2027 3546 ἂν

435 3566 547 3620 τῶν
570 3570 866 3641 ἡμετέρων
897 3574 1164 3643 σωμάτων
1194 3578 1503 3649 ἁπεσόϐησε
1532 3586 1632 3652 τὴν
1660 3582 1887 3655 φθορὰν,
1905 3585 2027 3638 οὐδ’

438 3656 505 3712 δν
537 3660 803 3732 κατέληξε
834 3662 936 3732 τῆς
968 3665 1109 3737 ἀρᾶς
1150 3669 1182 3738 ἡ
1224 3668 1566 3741 δύναμιςνῆν
1596 3672 1690 3725 ἐπὶ
1730 3677 1795 3747 τῇ
1835 3675 2035 3749 πρώτῃ

441 3753 662 3816 γυναικὶ
702 3754 960 3820 γενέσθαι
998 3757 1211 3827 φαμέν·
1244 3760 1461 3831 εἴρηται
1494 3763 1603 3835 γὰρ
1648 3765 1781 3835 πρὸς
1812 3766 1981 3837 αὑτήν
2006 3783 2020 3798 °

450 3859 471 3891 ι
488 3841 580 3894 Ἑν
602 3841 804 3907 λύπαις
829 3846 963 3917 τέξῃ
991 3847 1178 3902 τέκνα.
1211 3869 1231 3901 ι
1267 3851 1430 3907 Ἀλλὰ
1454 3854 1713 3925 νενόσηκε
1749 3856 1849 3927 μὲν
1874 3859 1907 3928 ἡ
1934 3859 2026 3912 ἀν-

453 3930 680 4000 θρώπου
705 3934 858 4001 φύσις
898 3939 959 3990 τὸ
997 3940 1221 4003 ἀπειθὲς
1255 3944 1319 3996 ὲν
1348 3943 1546 4015 Ἀδάμ·
1588 3946 1778 4015 γέγονε
1809 3947 1903 4002 νῦν
1934 3950 2025 4003 εὐ-

463 4018 687 4090 δόκιμος
727 4024 784 4075 ἐν
810 4026 1020 4099 Χριστῷ
1050 4030 1138 4083 διὰ
1172 4031 1270 4100 τῆς
1315 4035 1395 4097 εὶς
1426 4033 1574 4089 ἆπαν
1608 4037 1885 4109 ὑπακοῆς’
1932 4041 2025 4109 γέ-

453 4125 694 4182 γραπται
722 4115 847 4188 γάρ,
877 4121 962 4173 ὅτι
982 4121 1189 4175 «Ὠσπε
1198 4141 1228 4194 ρ
1254 4124 1343 4178 διὰ
1360 4128 1459 4196 τῆς
1480 4129 1766 4200 παρακοῆς
1783 4130 1878 4184 τοῦ
1904 4132 2023 4197 ἐνὸς

438 4200 752 4273 ἀνθρώπου,
786 4208 1104 4280 ἁμαρτωλοὶ
1131 4214 1543 4286 κατεστάθησαν
1572 4220 1621 4270 οἱ
1651 4217 1856 4285 πολλοὶ,
1879 4221 2024 4276 οὕτω

2129 3051 2303 3121 aliter
2323 3049 2808 3106 licebatnobiscum
2836 3047 2949 3102 ﬁeri
2986 3046 3171 3100 Deum.
3196 3043 3493 3098 Utilissima
3520 3050 3701 3096 autem

2128 3151 2184 3197 et
2218 3141 2324 3196 alia
2352 3155 2570 3211 quoque
2599 3139 2810 3194 ratione
2841 3137 2926 3193 his
2959 3136 3051 3206 qui
3086 3142 3374 3190 versantur
3406 3133 3457 3186 in
3495 3131 3655 3186 terris
3684 3167 3701 3195 ,

2129 3231 2292 3287 Verbi
2312 3231 2615 3286 incarnatio
2634 3229 2750 3284 sive
2767 3227 3086 3283 humanatio
3110 3225 3231 3281 fuit.
3254 3222 3365 3280 Nisi
3381 3224 3522 3279 enim
3554 3222 3705 3277 simi-

2133 3321 2259 3377 liter
2283 3330 2446 3390 atque
2468 3334 2566 3375 nos
2585 3320 2880 3375 secundum
2903 3333 3121 3374 carnem
3158 3316 3349 3371 fuisset
3384 3313 3701 3379 natus,nisi

2134 3410 2383 3468 similiter
2432 3410 2809 3481 participasset
2846 3409 3037 3464 iisdem
3070 3448 3087 3473 ,
3135 3420 3412 3475 nunquam
3466 3403 3702 3460 hominis

2127 3511 2378 3557 naturam
2416 3500 2732 3556 criminibus
2753 3500 2807 3555 in
2836 3498 3006 3554 Adam
3035 3498 3332 3554 contractis
3356 3495 3698 3563 absolvisset,

2126 3606 2304 3663 neque
2330 3606 2361 3645 a
2390 3591 2593 3647 nostris
2616 3589 2933 3659 corporibus
2967 3588 3367 3658 corruptionem
3396 3584 3699 3655 repulisset,

2126 3699 2303 3754 neque
2336 3683 2732 3740 maledictionis
2760 3682 2905 3737 illius
2945 3687 3190 3750 potestas
3217 3677 3507 3742 desiisset,
3537 3690 3698 3745 quam

2127 3771 2316 3842 prima:
2361 3768 2575 3825 feminae
2614 3770 2818 3825 illatam
2850 3768 3082 3823 dicimus
3108 3806 3124 3834 ,
3160 3768 3248 3823 cui
3319 3767 3521 3823 dictum
3568 3775 3695 3820 est:

2133 3880 2152 3914 ι
2194 3861 2250 3915 In
2281 3860 2502 3915 tristitia
2544 3860 2890 3928 paries-filios
2915 3860 2982 3914 ἐ.
3033 3877 3052 3910 ι
3085 3858 3190 3915 Sed
3238 3856 3474 3913 hominis
3505 3863 3701 3909 natura

2129 3947 2185 4002 in
2233 3947 2405 4001 Adam
2465 3947 2843 4002 iuobedientize
2890 3947 3081 4001 morbo
3117 3944 3417 4008 laboravit,
3456 3958 3599 3997 nunc
3643 3943 3699 3997 in

2126 4039 2344 4096 Christo
2369 4047 2523 4108 grata
2555 4038 2696 4092 facta
2725 4048 2809 4092 est
2861 4050 2959 4106 per
3003 4035 3151 4089 illam
3194 4034 3365 4103 ipsius
3413 4034 3482 4086 ad
3518 4032 3701 4088 omnia

2125 4133 2508 4188 obedientiam.
2553 4129 2826 4198 Scriptum
2848 4135 2931 4182 est
2954 4125 3138 4182 enim:
3178 4142 3197 4176 ι
3247 4122 3402 4178 Sicut
3438 4135 3537 4191 per
3580 4120 3700 4175 ino-

2127 4223 2449 4279 bedie‘ntiam
2505 4220 2665 4277 unius
2718 4217 2954 4275 hominis
3024 4226 3340 4287 peccatores
3416 4212 3699 4269 constituti

436 4291 528 4347 διὰ
554 4296 656 4367 τῆς
688 4298 936 4370 ὑπακοῆς
969 4302 1086 4366 ἑνὸς
1117 4304 1656 4377 ἀνθρώπουνδίκαιοι
1683 4313 2023 4386 κατασταθή-

2130 4324 2251 4372 sunt
2280 4314 2431 4370 multi
2455 4353 2473 4380 ,
2504 4315 2579 4369 ita
2620 4328 2717 4383 per
2732 4308 3096 4367 obedientiam
3126 4307 3285 4362 unius
3303 4305 3537 4361 hominis
3567 4303 3697 4376 justi

439 4402 627 4441 σονται
653 4392 705 4442 oi
735 4391 938 4446 πολλοί.
955 4412 973 4445 ι
992 4394 1267 4450 Πέπονθεν
1288 4399 1346 4453 ὲν
1371 4400 1542 4471 Ἀδὰμ
1569 4401 1650 4466 τὸ,
1684 4421 1703 4455 ι
1731 4401 1804 4475 Γῆ
1837 4398 1907 4469 εἴ,
1926 4405 2022 4460 καὶ

434 4477 519 4543 είς
545 4479 651 4550 γῆν
690 4481 1001 4556 ἀπελεύσῃο
1034 4504 1054 4537 ι
1092 4487 1470 4559 πεπλούτηκεν
1496 4492 1553 4544 ἐν
1576 4494 1794 4565 Χριστῷ
1826 4494 1887 4548 τὺ
1924 4512 2022 4550 κα-

432 4585 527 4624 τα.
568 4608 586 4624 .
631 4610 647 4625 .
686 4570 946 4651 δύνασθαι
974 4575 1090 4646 [τοί.
1110 4581 1518 4654 καταπατῆσαι]
1539 4583 1651 4638 τῶν
1673 4582 1766 4638 τοῦ
1789 4584 2021 4641 θανάτου

432 4656 674 4729 βρόχων,
705 4664 803 4715 καὶ
824 4650 827 4651 ν
851 4666 1011 4719 οἱονεὶ
1058 4650 1442 4741 κατορχείσθαι
1472 4650 1697 4744 ιρθορᾶς,
1725 4676 1903 4730 ἐκεῖνο
1934 4675 2022 4730 λέ-

430 4764 611 4816 γουσα
636 4749 697 4803 τὸ
726 4756 1093 4825 προφητικόν·
1123 4776 1144 4810 ι
1176 4760 1287 4812 Ποῦ
1319 4762 1352 4831 ἡ
1376 4761 1499 4833 νίκη
1530 4779 1646 4828 σου,
1666 4763 1897 4832 Θάνατε;
1920 4764 2043 4819 ποῦν

429 4839 496 4892 τὸ
524 4840 755 4912 κέντρον
790 4859 907 4909 σου,
943 4847 1083 4918 ᾅδη;
1114 4867 1133 4899 ι
1168 4849 1396 4918 Γέγονεν
1421 4853 1716 4923 ἐπάρατος,
1750 4855 1826 4920 ὠς
1864 4856 2022 4928 ἔφην,

427 4928 550 4984 ἀλλ’
570 4931 821 5004 ἧργησεν
849 4938 910 4991 ἐν
934 4938 1157 5010 Χριστῷ
1190 4942 1284 4996 καὶ
1312 4943 1491 4999 τοῦτο.
1517 4947 1629 5001 Καὶ
1656 4945 1789 5016 γοῦν
1810 4947 2024 5021 εἴρηταί

431 5037 538 5073 που
593 5023 735 5093 πρὸς
781 5026 883 5097 τὴν
932 5028 1094 5096 ἁγίαν
1139 5033 1435 5104 Παρθένον,
1470 5038 1923 5110 προφητευούσης
1962 5034 2022 5095 ὲν

435 5111 719 5182 Πνεῦματι
736 5116 839 5186 τῆς
865 5118 1148 5176 Ἐλισάδετ
1168 5140 1182 5154 ο
1207 5145 1226 5179 ι
1250 5126 1602 5201 Εὐλογημένη
1629 5132 1691 5185 σὺ
1708 5132 1765 5185 ἐν
1788 5132 2022 5201 γυναιξὶ,

447 5204 535 5290 καὶ
552 5205 924 5279 εὐλογημένος
952 5212 982 5264 ό
1010 5215 1223 5285 καρπὸς
1244 5218 1345 5290 τῆς
1364 5222 1572 5284 κοιλίας
1597 5240 1712 5277 σου.
1745 5242 1764 5275 ι
1793 5224 2023 5278 Βεσασί-

442 5289 630 5351 leuatur
648 5298 813 5369 ἡμῶν
838 5303 873 5373 ή
896 5304 1161 5376 ἁμαρτίας
1184 5308 1278 5363 καὶ
1355 5311 1455 5382 τῆς
1489 5314 1764 5386 ἁμαρτίας
1798 5315 2025 5388 εὑρετὴς

2129 4407 2523 4462 constituentur
2561 4403 2711 4458 multi
2728 4401 2793 4456 “.
2831 4421 2851 4454 ι
2887 4400 3166 4469 Snbjacuit
3196 4398 3248 4453 in
3274 4398 3443 4451 Adam
3473 4396 3557 4465 illi
3584 4412 3698 4451 ma-

2129 4498 2373 4553 ledicto:
2413 4519 2431 4548 ι
2468 4495 2638 4549 Terra
2677 4509 2737 4549 es
2762 4534 2776 4559 ,
2815 4501 2871 4548 et
2905 4492 2960 4546 in
3020 4500 3220 4546 terram
3275 4488 3379 4543 ibis
3417 4487 3462 4520 ⁸⁸
3495 4503 3513 4553 ;
3548 4506 3568 4540 ι
3608 4501 3700 4542 ac-

2128 4587 2349 4658 quisivit
2383 4586 2437 4641 in
2464 4585 2684 4640 Christo
2715 4592 2774 4637 ut
2799 4580 3010 4639 calcare
3032 4579 3203 4651 possit
3230 4580 3422 4635 mortis
3448 4576 3695 4658 laqueos,

2126 4656 2181 4734 et
2214 4676 2612 4749 quodammodo
2637 4676 2896 4729 adversus
2924 4684 3153 4729 mortem
3187 4670 3510 4740 tripudiare,
3565 4656 3695 4722 illud

2125 4770 2500 4844 propheticum
2532 4767 2715 4823 dicens
2749 4785 2762 4821 :
2792 4784 2811 4817 ι
2845 4762 2947 4818 Ubi
2969 4774 3074 4829 cst,
3102 4777 3269 4828 mors,
3302 4760 3524 4815 victoria
3568 4759 3698 4813 tua?

2126 4863 2218 4918 ubi
2248 4860 2502 4916 stimulus
2518 4868 2668 4926 tuus,
2699 4855 2995 4913 inferne“?
3020 4875 3040 4909 ι
3074 4854 3237 4908 Facta
3264 4861 3346 4908 est
3388 4850 3691 4917 maledicta,

2127 4960 2187 5008 ut
2223 4951 2372 5006 dixi:
2411 4950 2507 5005 sed
2548 4949 2600 5004 id
2629 4960 2844 5019 quoque
2871 4953 3188 5002 evacuatum
3229 4951 3313 4999 est
3358 4942 3411 4994 in
3452 4939 3725 4998 ειη-ἰδίου

2124 5042 2309 5112 Itaque
2347 5042 2548 5096 dictum
2583 5048 2669 5093 est
2701 5040 2768 5093 ad
2798 5047 3044 5094 sanctam
3076 5033 3375 5104 Virginem,
3437 5031 3550 5099 ipsa
3584 5030 3697 5086 Eli-

2125 5135 2316 5192 sabetb
2349 5133 2403 5187 in
2439 5132 2643 5203 Spiritu
2694 5131 3078 5200 prophetante,
3116 5143 3137 5177 ι
3196 5124 3489 5180 Benedicta
3534 5121 3590 5178 lu
3638 5122 3690 5178 in

2127 5225 2446 5282 mulieribus
2470 5265 2485 5289 ,
2533 5232 2588 5280 et
2618 5222 2933 5279 benedictus
2960 5217 3171 5273 fructus
3200 5215 3411 5272 ventris
3462 5214 3539 5270 tui
3567 5214 3632 5268 ".
3666 5231 3687 5266 ι

2131 5316 2394 5389 Regnavit
2446 5315 2499 5371 in
2554 5313 2709 5371 nobis
2751 5318 3033 5385 peccatum
3067 5347 3084 5376 ,
3135 5317 3188 5364 et
3233 5308 3481 5364 inventor
3512 5305 3598 5361 ille
3635 5316 3691 5360 et

507 5492 554 5526 “
584 5493 721 5580 (gen.
752 5512 815 5580 ιι,
843 5499 897 5580 :l.
974 5499 1018 5532 ³¹
1048 5498 1211 5580 Hebr.
1242 5520 1303 5575 tt,
1342 5507 1428 5568 15.
1506 5510 1709 5569 "Gen.
1745 5526 1826 5579 Ill,
1860 5512 1946 5569 l6.
2008 5513 2027 5545 ³

2130 5528 2230 5570 om.
2270 5513 2429 5580 v.19.
2507 5490 2551 5544 5'
2571 5510 2706 5567 Gen.
2739 5523 2822 5575 tu,
2855 5505 2941 5563 i9.
3018 5506 3064 5539 ³⁸
3096 5503 3261 5561 lCor.
3289 5519 3380 5571 xv,
3408 5503 3502 5573 55;
3527 5503 3685 5574 Osce,

430 5576 563 5631 xm,
606 5565 695 5621 ιι.
773 5566 815 5600 ⁸⁷
846 5567 979 5626 Luc.
1006 5585 1044 5635 ι,
1077 5570 1166 5625 42.
