4012 6212
1433 276 1802 336 ADVERSUS
1840 278 2245 338 NESTOlllUM
2286 282 2414 339 LIB.
2458 279 2499 341 Ι.

3511 295 3584 351 98

323 394 630 469 ἀτεννήθη
648 410 669 423 κ
690 392 753 447 ού
786 391 898 464 γὰρ
929 391 1074 447 οὕτω
1097 394 1309 465 ταχέως
1333 396 1761 471 ἐπιλανθάνομαι
1780 448 1783 451 .
1804 399 1914 453 τῶν

2020 399 2346 455 tellexistis?
2390 399 2504 456 Non
2529 398 2663 465 dixi,
2694 402 3025 469 pertransiit,
3059 417 3164 472 pro
3185 417 3253 458 eo
3282 403 3426 474 quod
3457 414 3540 461 est
3564 448 3581 473 ,

329 494 514 549 ιδίωνο
556 490 623 544 τὸ
670 487 964 559 παρελθεῖν
1007 486 1099 541 τὸν
1151 488 1286 543 Θεὸν
1332 491 1397 544 ἐκ
1421 492 1522 562 τῆς
1547 494 1913 564 Χριστοτόκου

326 580 615 654 Παρθένου
649 576 806 649 παρά
847 578 945 648 τῆς
978 575 1129 641 θείας
1156 578 1442 650 ἐδιδάχθην
1476 581 1721 653 Γραφῆς,
1754 583 1816 637 τὸ
1856 584 1913 638 δὲ

328 671 661 743 γεννηθῆναι
689 666 827 721 Θεὸν
856 665 918 732 ἐξ
948 666 1142 733 αὐτῆς,
1168 667 1408 739 οὐδαμοῦ
1438 670 1768 744 ἐδιδάχθην.]
1803 672 1915 726 Καὶ

329 761 453 834 μεθ’
483 760 681 829 ἕτερα·
718 754 997 829 [οὐδαμοῦ
1024 756 1202 809 τοίνυν
1229 759 1263 828 ἡ
1297 757 1421 813 θεία
1461 761 1653 832 Γραφὴ
1686 760 1819 815 Θεὸν
1848 762 1915 815 ἐκ

328 852 426 921 τῆς
455 847 831 920 Χριστοεόκου
890 846 1042 915 λέγει
1084 849 1465 920 γεγεννῆσθαι,
1508 851 1644 904 ἀλλά
1682 852 1912 922 Ἰησοῦν,

328 940 588 1012 Χριστὸν,
619 940 770 1003 Υίὸν,
805 937 1065 1010 Ruptum]
1115 939 1461 1011 Προσεπάγει
1486 943 1542 997 δὲ
1571 943 1801 1008 τούτοις,
1831 945 1914 998 ὅτι

334 1033 413 1103 μὴ
441 1033 574 1095 Θεὸς
605 1029 849 1101 ἀληθῶς,
881 1032 1142 1106 θεοφόρος
1165 1033 1222 1086 δὲ
1258 1034 1461 1102 μᾶλλον
1486 1034 1771 1105 ἄνθρωπος
1796 1031 1865 1107 ἦν
1887 1038 1917 1090 ό

334 1121 601 1191 Χριστὸς,
629 1119 698 1183 ὡς
729 1119 866 1188 γοῦν
891 1120 1087 1187 οίεται,
1124 1122 1482 1186 καταδεικνὺς
1503 1122 1601 1193 τὴν
1628 1121 1723 1175 τοῦ
1749 1123 1917 1191 ἀγγέ-

228 1248 235 1251 ﬁ
341 1213 446 1265 λου
485 1213 651 1283 φωνὴν
677 1211 759 1283 τῷ
781 1214 1039 1285 μακαρίῳ
1065 1214 1316 1282 λέγοντος
1330 1215 1550 1286 Ἰωσήφ·
1573 1232 1593 1266 ι
1618 1214 1738 1283 Ἑγε
1748 1213 1915 1284 ρθεὶς,

348 1300 621 1371 παράλαϐε
640 1302 707 1354 τὸ
734 1302 1015 1375 παιδίονῇ»
1046 1304 1245 1358 ειδέναι
1282 1295 1340 1357 δέ
1378 1320 1512 1376 φησι
1540 1305 1634 1359 καὶ
1660 1304 1784 1368 τοὺς
1821 1305 1918 1374 ἀγ·-

333 1393 552 1461 γέλσυς,
579 1393 757 1447 καίτοι
784 1394 1130 1466 σοφωτέρους
1175 1394 1335 1460 ὄντας
1380 1395 1558 1467 ήμῶν,
1592 1397 1674 1451 ὅτι
1705 1396 1918 1452 παιδίον

336 1480 429 1556 ἦν.

938 1597 1194 1654 ΚΕΦΑΛ.
1238 1601 1312 1657 B'.

402 1709 693 1781 Αίρετικὸν
728 1711 831 1782 μὲν
862 1704 956 1764 οὗν
997 1712 1056 1765 ἐν
1093 1711 1307 1777 τούτοις
1335 1713 1601 1770 ἀποκαλεῖ
1628 1716 1720 1773 τὸν
1747 1718 1915 1791 ὀρθὴν
1943 1749 1988 1805 Β

330 1800 525 1871 ἔχοντα
567 1800 665 1855 καὶ
706 1800 1170 1873 τεθαυμασμένην
1210 1805 1303 1858 ἐπὶ
1334 1806 1554 1878 Χριστῷ
1583 1807 1680 1879 τὴν
1709 1809 1913 1879 πίστιν,

326 1893 424 1945 καὶ
450 1892 688 1963 ἐπείπερ
717 1891 836 1945 ἐστὶ
865 1891 1001 1956 Θεὸς
1029 1892 1267 1963 άληθῶς,
1295 1894 1556 1951 Θεοτόκον
1584 1898 1916 1970 ὀνομάζοντα
1962 1954 1971 1959 -

324 1984 424 2057 τὴν
473 1984 745 2038 τεκοῦσαν
798 1984 984 2038 αὐτόν.
1024 1985 1240 2039 Γένοιτο
1283 1985 1330 2040 δ’
1364 1987 1430 2042 ἂν
1478 1989 1653 2044 οὐδενὶ
1695 1991 1803 2045 τῶν
1854 1988 1914 2049 εὖ

332 2077 681 2148 φρονούντων
705 2078 1030 2148 ἀμφίλογον,
1057 2078 1139 2131 ὅτι
1169 2080 1280 2143 τοῖς
1309 2079 1446 2151 ὀρθὰ
1468 2084 1685 2152 φρονεῖν
1708 2085 1916 2156 ᾑρημέ-

335 2184 456 2230 νοις
487 2168 580 2219 τὸν
618 2168 724 2220 τῶν
764 2168 1029 2240 αἱρέσεων
1067 2169 1258 2239 μῶμον
1300 2170 1574 2236 ἀνάπτων,
1601 2173 1762 2238 αύτὸς
1807 2174 1915 2229 τῶν

352 2259 499 2311 ὶδίων
520 2257 761 2329 καθοριεῖ
785 2260 957 2327 λόγων
984 2260 1045 2313 τὸ
1078 2260 1311 2324 ἀκαλλές
1331 2278 1344 2292 ⁸
1384 2261 1544 2331 μόνον
1581 2264 1637 2317 δὲ
1669 2266 1791 2337 ούχὶ
1820 2267 1915 2321 καὶ

358 2345 748 2416 διωμολόγηκεν
780 2351 1041 2421 ἐναργῶς,
1068 2352 1144 2414 ὡς
1169 2349 1274 2416 ἔξω
1299 2370 1401 2405 που
1426 2354 1529 2424 τῆς
1557 2357 1636 2419 είς
1664 2357 1791 2411 εύθὺ
1819 2358 1915 2428 φέ-

343 2451 510 2508 ρεται
550 2437 764 2521 τρίϐου,
789 2441 879 2492 κο).
900 2443 1099 2511 τροπάς
1130 2441 1205 2513 (1)
1242 2447 1475 2499 ποιεῖται
1502 2446 1597 2510 τάς
1624 2447 1915 2521 διεστραμ-

334 2523 531 2592 μένας.
567 2520 707 2577 Εἶτα
759 2528 883 2589 πῶς
920 2531 979 2583 ού
1006 2533 1226 2599 φθονεῖς,
1256 2534 1378 2588 είπέ
1409 2553 1521 2606 μοι,
1554 2537 1654 2606 τῆς
1698 2520 1912 2593 τοιᾶσδε

336 2614 522 2684 φωνῆς
545 2617 612 2686 τῇ
635 2616 766 2688 ἀγίᾳ
789 2618 1050 2689 Παρθένῳ
1066 2664 1079 2684 ,
1105 2625 1287 2679 καίτοι
1314 2630 1412 2698 τῆς
1436 2628 1586 2692 θείας
1608 2632 1913 2702 γεννήσεως

334 2706 577 2777 ἀναιρῶν
612 2708 671 2760 τὸ
702 2707 920 2779 ἀξίωμα
940 2750 955 2774 ,
991 2713 1089 2765 καὶ
1122 2713 1386 2770 Θεοτόκον
1428 2719 1529 2773 οὐκ
1566 2717 1705 2774 εἶναι
1734 2721 1910 2790 λέγων

335 2797 543 2869 αύτήνς
574 2800 1075 2871 Κατακιδδηλεύων
1106 2804 1163 2858 δὲ
1195 2806 1295 2878 τὴν
1327 2805 1492 2873 λέξιν,
1525 2809 1618 2862 καὶ
1668 2810 1912 2883 βλασφη-

338 2892 469 2963 μίας
502 2893 792 2962 ἐπίμεστον
826 2891 970 2949 εἶναι
1003 2895 1502 2968 διαϐεϐαιούμενος,
1556 2899 1676 2955 τίνα
1713 2903 1912 2975 τρόπον

333 2983 495 3052 ἐφίης
530 2988 640 3047 τοῖς
669 2985 952 3041 ἐθέλουσιν
983 2989 1278 3060 ἀπονέμειν
1310 2993 1480 3062 αὐτὴν
1512 2995 1577 3064 τῇ
1606 2992 1738 3065 ἁγίᾳ
1763 2994 1912 3065 Παρ-

2013 490 2220 559 genitus
2263 497 2385 544 est:
2418 503 2520 545 non
2560 490 2705 545 enim
2771 490 2843 544 ita
2902 490 3062 548 facile
3112 508 3246 548 mea:
3292 496 3578 550 sententiae

2013 578 2322 633 obliviscor.
2361 576 2729 638 Pertransisse
2772 579 2942 635 Deum
2981 596 3043 637 ex
3088 582 3288 637 Christi
3323 586 3585 653 genitriee

2017 662 2234 731 Virgine
2259 679 2290 718 a
2316 666 2487 720 sacris
2521 665 2746 721 Litteris
2783 667 2948 722 didici
2984 706 3002 733 ,
3040 672 3134 725 sed
3167 671 3331 724 Deum
3369 686 3432 725 ex
3471 674 3580 741 ipsa

2014 754 2255 824 genitum
2290 770 2554 824 nusquam
2603 756 2813 833 didici]
2851 756 2919 811 Et
2942 767 3061 828 post
3090 760 3192 814 alia
3225 777 3239 813 :
3284 760 3583 832 [Nusquam

2014 860 2144 917 ergo
2181 848 2378 901 divina:
2410 847 2639 904 Litterae
2671 850 2838 904 Deum
2871 864 2934 902 ex
2964 851 3164 905 Christi
3194 853 3456 919 genitrice
3482 869 3582 920 ge-

2015 939 2185 994 nitum
2214 940 2420 1005 dicunt,
2454 940 2548 996 sed
2588 939 2795 1006 Jesum,
2820 942 3122 1006 Christum,
3152 943 3367 1006 Filium,
3401 943 3582 999 Domi-

2016 1026 2194 1099 num.]
2228 1029 2308 1083 Ad
2341 1029 2456 1084 haec
2485 1029 2704 1103 subiicit
2730 1030 3005 1085 Christum
3039 1045 3143 1084 non
3181 1031 3344 1085 Deum
3376 1045 3585 1096 verum,

2016 1118 2108 1173 sed
2138 1117 2408 1173 Deiferum
2435 1119 2612 1188 potius
2641 1121 2910 1174 hominem
2933 1120 3119 1187 fuisse,
3158 1131 3210 1173 ut
3266 1121 3380 1190 ipse
3405 1131 3581 1190 putat,

2015 1209 2296 1278 proferens
2322 1210 2465 1264 illam
2488 1210 2660 1280 angeli
2688 1226 2870 1265 vocem
2894 1213 2991 1266 hea
3004 1221 3055 1265 to
3077 1211 3275 1280 .loseph
3307 1214 3576 1267 dicentis:

2021 1314 2043 1351 ι
2081 1299 2274 1368 Surge,
2308 1309 2362 1354 et
2394 1302 2579 1371 accipe
2606 1316 2830 1370 puerum
2856 1301 2902 1334 ⁸ο
2937 1319 2985 1355 ε»
3024 1312 3188 1372 atque
3208 1298 3351 1372 ipsos
3373 1319 3590 1374 quoque

2016 1390 2254 1462 angelos,
2287 1393 2378 1469 qui
2416 1393 2572 1449 nobis
2627 1394 2812 1463 procul
2859 1396 3020 1450 dubio
3054 1405 3180 1452 sunt
3205 1398 3586 1468 sapientiores,

2016 1481 2239 1538 scivisse
2273 1482 2346 1536 ait
2374 1497 2598 1552 puerum
2630 1481 2814 1539 fuisse.

2692 1595 2843 1652 CAP.
2878 1597 2941 1654 ll.

2088 1704 2408 1762 Haereticum
2446 1708 2498 1762 in
2533 1708 2618 1763 his
2664 1719 2822 1764 vocat
2844 1725 2964 1765 eum
2997 1711 3087 1780 qui
3127 1721 3329 1767 rectam
3357 1729 3422 1769 ac
3454 1729 3586 1786 pro-

2018 1797 2141 1854 bam
2164 1799 2231 1853 de
2260 1798 2479 1855 Christo
2510 1800 2668 1854 (idem
2698 1801 2880 1865 habet,
2914 1811 2968 1856 et
2991 1803 3116 1871 quia
3148 1817 3278 1857 vere
3306 1804 3447 1859 Deus
3477 1816 3585 1870 est,

2018 1905 2138 1960 qua!
2168 1892 2314 1946 illum
2343 1894 2549 1962 peperit
2579 1893 2667 1947 Dei
2714 1893 3029 1964 genitricem
3072 1896 3325 1964 appellat.
3366 1895 3580 1951 Nemini

2017 1989 2197 2034 autem
2250 1966 2482 2050 sapienti
2547 1981 2774 2035 dubiqu
2837 1991 2943 2045 est,
2990 1984 3081 2052 qui
3137 1997 3285 2039 recte
3341 1985 3585 2041 sentien-

2018 2071 2162 2127 tibus
2197 2072 2420 2128 haaresis
2447 2073 2709 2127 maculam
2738 2078 2998 2143 aspergit,
3033 2091 3161 2130 eum
3193 2093 3289 2132 sua
3328 2078 3492 2133 verba
3526 2088 3587 2134 ut

2017 2177 2298 2233 perperam
2337 2164 2477 2218 dicta
2529 2164 2831 2231 damnare,
2868 2176 3194 2234 tantumque
3244 2185 3347 2223 non
3397 2181 3587 2239 aperte

2016 2253 2173 2309 fateri
2195 2270 2254 2309 se
2281 2264 2431 2309 extra
2461 2266 2662 2310 rectam
2692 2257 2942 2311 semitam
2974 2257 3103 2312 ferri
3114 2303 3127 2321 ,
3188 2271 3242 2313 et
3290 2276 3578 2324 perversas

2015 2358 2208 2413 parare
2234 2344 2336 2398 sibi
2373 2342 2503 2399 vias.
2545 2342 2666 2398 Jam
2696 2361 2846 2407 vero,
2872 2348 2954 2400 dic
2990 2348 3142 2411 mihi,
3166 2348 3416 2413 obsecro,
3445 2364 3584 2419 quo-

2016 2442 2174 2489 modo
2229 2437 2366 2490 hanc
2422 2452 2605 2492 vocem
2654 2450 2858 2492 sanetae
2911 2439 3116 2507 Virgini
3157 2456 3261 2492 non
3320 2441 3585 2515 invideas,

2013 2542 2133 2580 cum
2170 2528 2237 2579 ah
2264 2542 2325 2581 ea
2357 2528 2553 2581 divina:
2604 2528 2975 2595 generationis
3016 2530 3340 2599 dignitatem
3388 2531 3586 2596 tollas,

2012 2627 2065 2671 et
2097 2617 2264 2686 ipsam
2294 2632 2414 2672 esse
2437 2619 2525 2679 Dei
2558 2619 2875 2688 genitricem
2904 2622 3109 2689 neges?
3138 2623 3267 2676 Cum
3296 2637 3429 2675 vero
3457 2638 3579 2676 eam

2012 2721 2194 2761 vocem
2226 2708 2516 2775 improbos,
2543 2719 2599 2762 et
2635 2709 2845 2776 plenam
2880 2724 3002 2764 esse
3047 2710 3400 2779 blasphemia:
3428 2725 3584 2765 asse-

2011 2810 2123 2859 ras,
2157 2799 2425 2865 quomodo
2461 2800 2767 2854 volentibus
2806 2814 2925 2853 eam
2969 2810 3173 2856 sanctae
3226 2803 3431 2873 Virgini
3485 2803 3586 2857 tri-

2015 2887 2178 2940 buere
2216 2888 2534 2952 permittis?
2563 2889 2723 2957 Atqui
2757 2906 2785 2943 a
2817 2900 2866 2944 te
2901 2891 3047 2944 illam
3082 2896 3449 2948 venerandam
3483 2910 3581 2949 vo-

2014 2977 2125 3031 cari
2161 2978 2365 3031 audio:
2412 2977 2604 3031 deinde
2636 2995 2826 3039 vocem
2879 2983 3014 3034 adeo
3061 2983 3471 3052 blasphemam,
3531 2995 3587 3041 ut

335 3071 479 3141 θένω
496 3073 721 3137 ;Καίτοι
740 3075 1046 3145 σεϐασμίαν
1069 3078 1251 3132 ἀκούω
1276 3079 1527 3148 λέγοντος
1555 3082 1727 3153 αύτήν
1748 3099 1761 3113 ⁸
1793 3078 1910 3136 εἶτα

2021 3068 2113 3123 tibi
2145 3068 2264 3137 ipsi,
2307 3078 2359 3123 et
2389 3069 2604 3138 quidem
2641 3070 2762 3136 soli,
2801 3071 3037 3138 videtur,
3086 3073 3253 3141 ipsius
3280 3077 3589 3130 veneratio.

336 3163 443 3233 τὴν
488 3163 802 3236 βλάσφημον
847 3168 994 3222 οὕτω
1037 3169 1241 3242 φωνὴν,
1274 3172 1416 3225 κατά
1445 3188 1507 3240 γε
1539 3171 1601 3226 τὸ
1626 3172 1776 3243 αύτῷ
1808 3190 1910 3240 σοι,

339 3256 432 3311 καὶ
471 3256 616 3326 μόνῳ
654 3256 866 3322 δοκοῦν,
904 3261 1137 3328 πρέπειν
1183 3262 1342 3336 οἰήσῃ
1387 3248 1458 3333 τῇ
1504 3262 1914 3336 σεδασμιὼτήτι

331 3346 574 3419 κοσμοῦν
618 3346 751 3419 [τον.
783 3352 850 3421 τῇ
897 3350 1338 3425 σεδασμιωτάτῃ,
1374 3353 1469 3407 καὶ
1513 3354 1773 3427 κοσμοῦν]
1819 3355 1914 3409 καὶ

330 3438 631 3505 στεφανοῦν
665 3438 1007 3511 ύποπλάττῃ,
1029 3440 1197 3511 γέρας
1216 3442 1404 3512 ὥσπερ
1426 3442 1702 3515 ἐξαίρετον
1722 3444 1912 3497 ἀνατι-

332 3528 444 3594 θεὶς
460 3530 623 3603 αὐτῇ.
656 3531 759 3599 τὴν
786 3532 926 3585 κατὰ
948 3532 1041 3585 τοῦ
1068 3533 1201 3587 Θεοῦ
1226 3535 1402 3602 Λόγου
1427 3535 1819 3603 συκοφαντίανς
1847 3535 1935 3589 Είν

323 3622 436 3693 γάρ
472 3624 625 3676 ἐστιν
664 3623 804 3686 ὅλως
837 3623 946 3676 τῶν
970 3624 1372 3696 ἀπηχθημένων
1402 3626 1478 3697 τῷ
1497 3629 1559 3681 ἐκ
1578 3627 1714 3681 Θεοῦ
1754 3628 1912 3698 φύντι

326 3715 513 3784 Λόγῳ,
543 3714 608 3767 τὸ
639 3715 896 3784 γέννησιν
928 3715 1218 3786 ὑπομεῖναι
1253 3720 1522 3790 σαρκικήν
1542 3736 1556 3750 ⁸
1583 3717 1701 3774 εἶτα
1722 3720 1914 3774 Θεοτό-

332 3824 423 3858 xw
466 3806 839 3874 ὀνομάζεσθαι
881 3810 1181 3877 συγχωρεῖς
1228 3808 1324 3879 τὴν
1362 3809 1422 3861 ού
1454 3810 1718 3863 τεκοῦσαν
1753 3810 1908 3875 Θεὸν,

332 3887 417 3964 ἆρ’
438 3897 544 3949 οὐκ
573 3897 771 3967 ἀληθὲς
804 3897 982 3951 εἰπεῖν
1011 3897 1087 3962 ὡς
1121 3899 1621 3971 καταπεφρόνηκας
1662 3900 1910 3971 ἐναργῶς

340 3984 454 4035 τῶν
498 3987 827 4039 Δεσποτικῶν
868 3986 1224 4056 θελημάτωνς
1262 3990 1375 4042 Ούκ
1409 3990 1476 4044 ἂν
1513 3991 1697 4060 άλοίης
1750 4008 1907 4064 περιο

348 4073 589 4145 υόρίζων
609 4079 805 4146 μᾶλλον
828 4080 930 4151 τὴν
960 4080 1281 4151 σεϐασμίαν,
1303 4081 1492 4151 ἤγουν,
1515 4081 1590 4145 ὡς
1616 4082 1779 4144 αὐτὸς
1805 4082 1909 4136 olet

331 4184 395 4223 τε
415 4169 510 4221 καὶ
536 4168 730 4239 λέγεις,
756 4174 921 4243 τιμᾷν
953 4172 1245 4244 ᾑρημένος,
1270 4172 1368 4242 τὴν
1398 4172 1474 4244 τῷ
1495 4172 1612 4242 Θεῷ
1646 4191 1908 4228 κατεστυο

323 4261 583 4332 ημὲνην
615 4262 800 4332 φωνὴν
833 4262 1125 4331 ἀπονέμων
1155 4264 1330 4333 αὐτῇς
1365 4263 1438 4316 Ού
1476 4262 1586 4332 γὰρ
1615 4262 1708 4327 οὓς
1741 4264 1906 4335 τιμᾷν

2022 3161 2072 3215 ni
2103 3162 2395 3215 convenire
2424 3161 2612 3230 putas?
2651 3161 2951 3217 llonestare
2993 3164 3139 3218 illam
3186 3176 3240 3219 et
3282 3180 3484 3219 ornare
3534 3175 3587 3221 te

2019 3252 2266 3318 simulas,
2298 3253 2423 3306 dum
2473 3250 2662 3307 falsam
2699 3255 2960 3310 adversus
2993 3257 3158 3311 Deum
3208 3255 3445 3311 Verbum
3498 3273 3588 3312 ca-

2018 3341 2276 3397 lumniam
2313 3343 2456 3397 velut
2491 3345 2818 3413 praecipuum
2852 3346 2926 3400 illi
2959 3364 3153 3404 munus
3187 3349 3340 3405 dicas
3373 3350 3397 3405 ?
3448 3350 3582 3405 Nam

2019 3435 2064 3491 si
2122 3451 2348 3504 prorsus
2392 3437 2782 3491 exsecrandum
2832 3448 2918 3494 est
2975 3440 3151 3495 Verbo
3187 3457 3255 3496 ex
3311 3444 3421 3497 Deo
3461 3454 3588 3499 nato

2018 3527 2290 3582 carnalem
2317 3528 2500 3584 subire
2532 3530 2981 3597 generationem;
3019 3532 3214 3587 deinde
3249 3533 3420 3598 illam,
3462 3551 3583 3604 qua:

2020 3617 2186 3672 Deum
2208 3633 2311 3671 non
2334 3619 2537 3689 genuit,
2559 3619 2646 3673 Dei
2664 3620 2980 3689 genitricem
3002 3622 3258 3689 appellari
3286 3625 3539 3680 concedis
3567 3638 3593 3677 τ.

2024 3709 2121 3778 ιι
2154 3724 2220 3763 an
2252 3726 2356 3765 non
2381 3725 2507 3765 vere
2537 3711 2642 3765 dici
2674 3713 2874 3779 poterit
2922 3723 2974 3768 te
3025 3712 3354 3768 Dominicam
3397 3717 3588 3769 volun-

2020 3808 2183 3853 tatem
2249 3802 2682 3870 contempsisse?
2728 3801 2918 3858 Nonne
2964 3804 3381 3872 deprehenderis
3441 3805 3584 3859 illam

2015 3876 2377 3945 venerandam
2415 3893 2609 3961 injuria
2640 3896 2813 3964 magis
2839 3894 3070 3960 allicere,
3107 3912 3292 3963 quam,
3312 3906 3369 3949 ut
3398 3906 3452 3949 tu
3485 3912 3583 3964 pu-

2019 3990 2098 4036 tas
2128 3996 2193 4035 ac
2216 3983 2369 4046 dicis,
2403 3984 2690 4037 honestare
2720 3985 2877 4045 velle,
2914 4000 3035 4038 cum
3084 4002 3302 4039 exesam
3350 3987 3459 4040 Deo
3489 4002 3584 4040 voc

2014 4082 2130 4127 cem
2172 4071 2243 4126 illi
2282 4072 2526 4125 tribuis?
2572 4070 2756 4139 Neque
2791 4073 2932 4127 enim
2967 4087 3105 4141 quos
3154 4073 3419 4128 honorare
3470 4084 3579 4128 sta.

2015 4161 2235 4229 luimus,
2281 4161 2347 4216 iis
2389 4162 2603 4216 nomina
2633 4161 2935 4233 .largiemur
3008 4178 3105 4231 per
3146 4180 3266 4234 quae
3316 4180 3584 4235 suprema:

2013 4254 2157 4309 illius
2190 4264 2395 4307 natura:
2423 4253 2587 4319 gloria
2635 4252 2881 4311 violetur.
2925 4252 3060 4308 Nam
3103 4257 3335 4326 primum
3384 4258 3436 4311 in
3485 4273 3585 4312 nos

320 4352 677 4420 ἐγνώκαμεν,
722 4353 931 4416 τούτοις
957 4354 1194 4424 ὀνόματα
1223 4342 1578 4423 χαριούμεθα,
1623 4354 1691 4408 τὰ
1736 4355 1802 4408 δι’
1831 4349 1904 4409 ὧν

2014 4344 2158 4416 ipsos
2209 4342 2474 4413 ejusmodi
2530 4344 2880 4414 blaSphemiae
2925 4345 3149 4400 crimina
3210 4348 3584 4415 imprudenter

320 4447 359 4514 ἡ
399 4448 505 4514 τῆς
535 4444 802 4497 ἀνωτάτω
843 4445 1055 4513 φύσεως
1097 4445 1334 4499 ἀδικοῖτο
1362 4443 1519 4509 δόξα·
1561 4445 1775 4516 πρῶτον
1807 4446 1906 4516 μὲν

324 4537 470 4603 σφᾶς
498 4536 700 4598 αὐτοὺς
729 4535 981 4604 τοιαύτης
1015 4536 1325 4606 δυσφημίας
1367 4535 1705 4606 ἐγκλήμασιν
1743 4537 1912 4590 ἐνιέν-

318 4642 416 4690 τες
452 4627 798 4697 ἀγνοήσομεν
817 4643 830 4658 ο
864 4624 984 4681 εἶτα
1016 4626 1151 4696 πρὸς
1180 4625 1410 4691 τούτοις,
1438 4626 1497 4679 ού
1535 4626 1770 4698 μετρίως
1797 4626 1906 4681 ἀδι-

322 4716 598 4786 κήσομεν.
624 4716 701 4778 ὡς
728 4718 785 4770 ἐν
811 4716 1076 4788 ὑπολήψει
1100 4717 1288 4787 τιμῆς,
1318 4718 1447 4780 τοὺς
1477 4716 1905 4787 ἐπαινουμένους

321 4803 441 4865 τοῖς
481 4820 585 4856 ουκ
619 4804 901 4858 ἐπαινοῦσι
944 4804 1463 4875 κατασεμνύνοντες,
1513 4806 1608 4860 καὶ
1654 4806 1906 4877 θεομισὲς

325 4890 516 4955 αὐτοῖς
547 4892 925 4962 ἐξυφαίνοντες
955 4895 1016 4947 τὸ
1064 4894 1356 4964 ἐγκώμιον.
1405 4893 1717 4965 Θαυμάσειε
1764 4894 1809 4948 δ’
1836 4894 1903 4949 ἀν

326 4995 410 5046 τις
447 4983 590 5054 πρὸς
624 4983 801 5054 τούτῳ
831 4985 1076 5039 κάκεῖνο’
1103 4984 1214 5040 ἀνω
1246 5003 1307 5040 τε
1345 4985 1455 5057 γὰρ
1486 4986 1580 5039 καὶ
1604 4986 1754 5040 κάτω
1781 4988 1901 5051 ταῖς

400 5123 443 5156 ⁸ο
472 5120 669 5178 Matth.
704 5136 769 5188 tt,
800 5122 888 5178 l5.

2013 4437 2402 4507 conjicicmus:
2441 4436 2507 4490 ad
2547 4436 2663 4491 haec
2703 4437 2848 4491 velut
2880 4437 3099 4492 honoris
3136 4441 3318 4507 specie
3355 4457 3458 4496 non
3501 4441 3583 4499 le-

2014 4543 2133 4583 vem
2167 4528 2231 4581 iis
2264 4526 2512 4594 injuriam
2549 4525 2859 4590 inferemus,
2890 4543 3023 4595 quos
3061 4527 3279 4583 laudare
3311 4530 3576 4599 volumus,

2005 4619 2051 4674 si
2089 4618 2207 4672 illos
2237 4616 2483 4670 laudibus
2521 4616 2721 4670 nullum
2754 4616 3012 4672 honorem
3056 4617 3406 4675 efferentibus
3445 4637 3578 4677 one-

2007 4712 2328 4776 raverimus,
2361 4719 2411 4764 et
2439 4710 2549 4764 Deo
2577 4709 2803 4763 invisam
2835 4709 3200 4767 laudationem
3239 4714 3581 4770 contexueri-

2005 4820 2145 4859 nius.
2188 4801 2451 4856 Praeterea
2487 4799 2612 4854 illud
2636 4816 2852 4872 quoque
2888 4803 3082 4859 mirum
3119 4805 3226 4870 sit,
3272 4805 3412 4875 quod
3454 4819 3576 4859 cum

2003 4909 2217 4950 sursum
2256 4892 2503 4946 deorsum
2531 4893 2815 4961 impiorum
2861 4894 3238 4950 haereticorum
3286 4895 3426 4948 dicta
3457 4909 3579 4948 car-

2005 5001 2120 5056 pas,
2152 4999 2328 5055 neque
2357 4982 2462 5039 ulla
2499 4984 2711 5042 ratione
2757 4986 2864 5041 vim
2917 4986 3117 5043 habere
3151 4985 3433 5057 permittas
3456 5025 3471 5053 ,
3512 5000 3578 5041 eo

1600 5236 1758 5291 ANT.
1796 5233 2067 5292 AGELLll
2103 5233 2331 5291 NOTAE.

400 5391 477 5464 (Ι)
524 5390 670 5474 Puto
723 5392 829 5462 legi
876 5403 1129 5477 oportere
1181 5392 1404 5464 τροχιάς
1433 5409 1448 5425 ’
1499 5407 1627 5447 nam
1673 5392 1894 5484 respicit

400 5476 525 5516 etor
548 5464 616 5513 ad
646 5462 772 5516 Illud
801 5465 1104 5516 Salomonis
1125 5463 1383 5516 Proverb.
1461 5476 1580 5516 can.
1620 5478 1671 5515 tv
1710 5480 1723 5516 :
1784 5465 1896 5516 οο-

2014 5409 2170 5449 )τιιιοε
2198 5409 2316 5463 cap.
2355 5407 2473 5448 xu:
2521 5392 2635 5446 Καὶ
2680 5388 2903 5461 τροχιὰς
2949 5390 3116 5463 ὀρθὰς
3159 5396 3423 5466 ποιήσατε
3463 5394 3576 5458 τοῖς

2014 5465 2155 5516 ποσὶν
2187 5465 2359 5516 ὑμῶν.
2395 5461 2466 5515 Et
2487 5478 2692 5516 areastts
2719 5471 2883 5515 rectos
2912 5461 3071 5516 facite
3114 5467 3331 5516 aedibus
3366 5464 3570 5516 nostris.

326 5462 525 5531 auctor
548 5464 616 5513 ad
646 5462 772 5516 illud
801 5462 1104 5518 Salomonis
1125 5462 1383 5518 Proverb.
1461 5476 1580 5531 cap.
1620 5478 1671 5515 tv
1710 5480 1723 5516 :

1831 5480 1896 5535 ρ-
1997 5465 2155 5535 ποσὶν
2187 5461 2359 5535 ὑμῶν.
2395 5461 2466 5515 Et
2485 5478 2692 5535 gressus
2719 5471 2883 5535 rectos
2910 5461 3071 5535 facit:
3113 5461 3331 5533 pedibus
3366 5464 3571 5529 uestris,

325 5530 425 5595 es;
452 5549 486 5584 τ
556 5532 682 5602 χιάς
713 5538 853 5587 ποίει
877 5536 990 5597 σοῖς
1028 5534 1184 5587 ποσί·
1218 5543 1272 5589 et
1322 5532 1477 5601 paulo
1517 5530 1682 5600 post:
1726 5530 1894 5595 Αὐτὸς

320 5598 379 5671 δὲ
408 5549 580 5671 epsit:
610 5603 827 5671 ποιήσει
850 5603 950 5667 τάς
1008 5604 1230 5671 τροχιάς
1276 5620 1389 5656 σου.
1418 5670 1421 5671 ν
1451 5603 1597 5671 Qua,
1628 5601 1896 5671 senten_tia

2014 5542 2054 5587 ξι
2080 5534 2168 5588 hic
2189 5530 2304 5599 ipse
2337 5541 2529 5586 auctor
2556 5531 2610 5583 in
2647 5532 2884 5585 secunda
2911 5530 2976 5586 ad
3002 5530 3325 5589 Successum
3363 5536 3573 5602 episco-

2014 5616 2125 5655 aum
2159 5601 2384 5671 epistola
2412 5600 2465 5656 in
2506 5599 2772 5671 principio
2804 5601 2973 5671 dixit,
3007 5604 3303 5671 καμπύλας
3350 5602 3573 5671 τροχιὰς

323 5601 379 5652 δὲ
408 5601 588 5671 ὁρθὰς
610 5603 827 5673 ποιήσει
850 5603 950 5667 τάς
1008 5604 1230 5674 τροχιάς
1276 5620 1389 5656 σου.
1451 5603 1567 5667 Qua
1628 5601 1896 5657 sententia

323 5668 521 5724 beatus
556 5670 753 5724 Paulus
790 5675 955 5724 etiam
992 5690 1121 5724 usus
1165 5682 1249 5724 cst
1296 5673 1349 5724 in
1402 5670 1635 5724 Epistula
1682 5671 1749 5724 ad
1792 5668 1896 5724 He-

432 5668 521 5727 tus
556 5668 753 5730 Paulus
790 5675 955 5730 etiam
992 5668 1142 5731 usus
1165 5682 1249 5729 cst
1296 5673 1349 5728 in
1402 5670 1635 5743 Epistula
1682 5671 1749 5727 ad
1792 5668 1897 5726 He-

2001 5615 2125 5672 pnm
2159 5601 2384 5672 epistola
2412 5600 2465 5656 in

2001 5671 2304 5744 ἐρχόμενοι.

2506 5599 2772 5672 principio
2804 5601 2973 5672 dixit,
3007 5604 3303 5675 καμπύλας
3350 5599 3573 5677 τροχιὰς
3658 5677 3669 5690 ⁸
