4004 6202
384 214 463 329 ἐξ)
1513 252 1879 311 ADVERSUS
1916 252 1974 306 Nl

2081 250 2320 306 :‘(iRlU-M
2362 251 2489 307 LlB.
2532 252 2570 307 Ι.

3590 256 3677 309 3η-

393 382 755 456 ὖποδέχεσθαι
783 374 888 451 φὴς
913 375 1104 448 αὐτὴν,
1128 375 1179 428 εί
1212 373 1290 444 μὴ
1320 372 1711 435 πεπίστευκας,
1739 371 1820 424 ὅτι
1845 369 1974 423 Θεὸν

2086 368 2252 423 Deum
2282 370 2350 425 ab
2380 369 2493 439 ipsa
2539 377 2852 441 susceptura
2892 372 3047 437 dicis,
3085 387 3129 428 st
3177 328 3319 431 illam
3359 372 3521 426 Deum
3577 388 3664 428 se-

391 477 524 531 ὕντα
555 475 701 529 κατὰ
726 472 914 540 φύσιν,
938 468 1194 522 ἑκτέτοκε
1217 464 1310 518 τὸν
1345 462 1729 534 Ἐμμανουήλ;
1763 462 1888 525 Πῶς
1917 461 1985 514 δι’

392 564 565 635 αὐτῆς
602 559 890 631 παρῆλθεν
932 558 962 611 ό
991 556 1102 610 τῶν
1147 554 1288 607 ὅλων
1334 552 1645 619 Δεσπότης,
1690 552 1788 606 καὶ
1825 553 1855 604 ὁ
1886 551 1983 621 τῆς

395 650 744 720 δικαιοσύνης
777 644 1097 716 ἀνέλαμψεν
1135 642 1326 713 ἥλιοςς
1370 642 1468 693 καὶ
1496 639 1619 693 τίνα
1660 642 1777 703 τοῖς
1803 637 1984 692 τοιού-

396 760 508 806 τοις
533 742 766 811 ὀνόμασι
796 734 1231 792 κατακαλλύνειν
1276 731 1483 797 ἁξιοϊς;
1530 726 1640 802 ἆρα
1672 730 1848 784 κοινὸν
1884 728 1984 801 μὲν

392 832 703 903 ἄνθρωπον,
729 830 807 892 ὡς
833 829 932 883 ἕνα
962 827 1074 881 τῶν
1114 825 1237 879 καθ’
1259 824 1431 894 ἡμᾶς,
1464 822 1604 893 πλὴν
1628 821 1981 893 ἡγιασμένον,

397 926 473 988 ὡς
516 925 727 977 ἐνοικον
754 922 954 992 ἔχοντα
988 920 1080 973 τὸν
1107 918 1204 971 τοῦ
1229 915 1370 969 Θεοῦ
1411 914 1616 982 Λόγον;
1647 909 1779 968 Εἶτα
1808 912 1923 977 πῶς
1953 913 1993 966 ό.

398 1016 647 1078 τοιοῦτος
670 1015 781 1067 τῶν
818 1012 953 1065 ὅλων
982 1010 1137 1064 ἔσται
1164 1006 1462 1077 Δεσπότης.
1486 1006 1583 1058 καὶ
1606 1006 1634 1059 ό
1657 1005 1755 1075 τῆς
1777 1004 1983 1058 δικαιο-

409 1104 584 1176 σύνης
620 1104 798 1174 ²ίιλιοςς
835 1101 908 1155 Th
936 1103 1051 1172 γὰρ
1077 1098 1362 1162 δεσπόζειν
1394 1113 1455 1149 τε
1490 1097 1586 1149 καὶ
1617 1097 1839 1166 κρατεῖν
1869 1096 1982 1151 τῶν

414 1198 553 1251 eam
576 1194 851 1259 δύνασθαι,
874 1193 968 1247 καὶ
997 1190 1256 1261 φωτίζειν
1280 1188 1350 1241 τὰ
1383 1185 1572 1257 νοητὰ,
1600 1186 1801 1257 πρέποι
1823 1186 1889 1241 ἂν
1917 1188 1981 1240 ού

409 1286 632 1354 μέτροις
651 1285 765 1346 τοῖς
785 1282 905 1335 καθ’
928 1282 1101 1352 ἡμᾶς,
1122 1278 1469 1333 ἀνακείσεται
1486 1277 1543 1330 δὲ
1568 1276 1706 1349 μόνῃ
1728 1280 1795 1350 τῇ
1820 1278 1985 1349 ὑπερο

394 1374 568 1437 τάτω,
597 1373 695 1426 καὶ
725 1372 988 1427 ἀνωτάτω
1015 1369 1201 1440 φύσει.

482 1465 698 1535 Ἐπειδὴ
733 1464 794 1518 δὲ
821 1464 905 1528 τὸ,
938 1480 959 1514 ι
985 1459 1237 1531 Διῆλθεν,
1259 1476 1277 1509 ι
1314 1458 1453 1522 ὅλως
1479 1458 1579 1512 οὐκ
1609 1452 1705 1511 οἷδ’
1730 1458 1852 1511 ὅθεν
1882 1456 1980 1511 λα-

390 1556 524 1618 εὼν,
554 1555 808 1616 τέθεικας
852 1552 947 1604 ἐπὶ
978 1548 1139 1613 Θεοῦ,
1187 1546 1442 1616 διασάφει
1484 1546 1580 1618 τὴν
1621 1546 1798 1611 λέξινο
1830 1546 1884 1600 τί
1915 1546 1978 1600 τὸ

388 1645 582 1716 χρῆμα
607 1643 711 1711 τῆς
739 1641 931 1696 ἐνθάδε
960 1638 1264 1709 λεγομένης
1300 1636 1498 1700 διόδου,
1532 1636 1632 1706 τῆς
1662 1638 1762 1707 σῆς
1793 1637 1879 1705 εἴη
1909 1635 1976 1690 ἂν

391 1735 587 1805 φρενὸς
621 1732 955 1804 ἠγνοηκόσιν
991 1732 1187 1784 εἰπεῖν.
1219 1729 1282 1782 Ei
1316 1730 1415 1798 μὲν
1444 1727 1554 1797 γὰρ
1592 1726 1734 1782 οὕτω
1762 1727 1978 1797 διῆλθεν

388 1825 612 1897 αὐτὴνό
637 1826 736 1879 τοῦ
768 1824 906 1879 Θεσῦ
947 1824 1145 1892 Λόγος,
1180 1821 1261 1884 ὡς
1302 1822 1367 1873 ὲκ
1404 1819 1572 1873 τόπου
1611 1818 1750 1893 πρὸς
1792 1818 1978 1889 ἓτερον

399 1918 789 1988 μεταχωρῆσαι
814 1917 996 1979 τόπον,
1017 1913 1249 1968 αὐτόθεν
1269 1910 1583 1982 καταϐαλῇς
1598 1928 1613 1941 ο
1636 1910 1843 1982 ἀκούσῃ
1868 1910 1978 1984 γὰρ

398 2011 653 2078 λέγοντος
680 2008 843 2063 αὺτοῦ
867 2008 950 2062 διὰ
980 2006 1164 2076 φωνῆς
1196 2004 1306 2057 τῶν
1334 2002 1539 2070 ἁγίωνο
1575 2021 1594 2055 ι
1623 2003 1715 2074 Μὴ
1741 2003 1862 2073 οὐχὶ
1884 2002 1978 2057 τὸν

405 2100 641 2171 οὔρσνδν
673 2100 769 2152 καὶ⁸
818 2098 911 2169 τὴν
946 2098 1046 2168 γῆν
1088 2096 1203 2166 ἐγὼ
1244 2093 1459 2166 πληρῶ,
1503 2093 1650 2163 λέγει
1683 2094 1919 2164 Κύριος;
1952 2113 1970 2146 ι

417 2188 495 2239 0-3
529 2185 638 2256 γὰρ
672 2187 727 2239 ἐν
756 2186 901 2255 τόπῳ
927 2186 987 2238 τὸ
1004 2185 1178 2249 Θείον,
1208 2184 1303 2237 καὶ
1337 2183 1699 2254 μεταστάσεις
1733 2184 1835 2237 οὐκ
1867 2178 1976 2236 οἶδε

426 2281 756 2347 σωματικὰςο
778 2280 969 2351 πληροῖ
993 2278 1099 2349 γὰρ
1119 2280 1184 2332 τὰ
1213 2278 1391 2331 πάντα
1408 2292 1422 2306 ⁸
1451 2277 1499 2328 εί
1521 2274 1598 2339 δὲ,
1628 2276 1858 2347 ἐπείπερ
1884 2276 1976 2330 τὸν

408 2368 492 2437 τῷ
532 2370 687 2438 τόκῳ
717 2371 980 2438 πρέποντα
1020 2369 1334 2441 περιμείνας
1382 2367 1594 2437 καιρὸν,
1627 2368 1883 2439 σχετικὴν
1915 2370 1976 2421 ὲν

390 2456 686 2528 ἀνθρώπῳ
713 2463 820 2527 τὴν
854 2462 1118 2530 ἐνοίκησιν
1147 2462 1446 2530 ὶποιήσατο,
1474 2458 1718 2513 διελάσαι
1751 2459 1857 2530 φὴς
1881 2460 1974 2514 τὸν

389 2548 527 2604 Θεὸν
553 2549 660 2619 τῆς
688 2550 858 2617 ἁγίας
894 2552 1199 2620 Παρθένου,
1231 2552 1403 2622 imm,
1438 2550 1728 2620 παρελθεῖν
1764 2553 1935 2624 αὐτήν
1955 2570 1971 2584 ο

391 2642 737 2712 κεχρήσομαι
770 2640 884 2713 γὰρ
932 2643 1179 2713 πανταχῆ
1226 2646 1338 2706 ταῖς
1375 2644 1548 2713 ίεραῖς
1593 2660 1687 2695 σου
1726 2646 1970 2713 φωναῖς*

390 2733 543 2786 οὐδὲν
580 2733 691 2802 ἄρα
732 2733 795 2786 τὸ
843 2734 1101 2804 περιττὸν
1134 2737 1192 2787 ἐν
1232 2737 1302 2805 τῇ
1341 2736 1475 2805 ἁγίᾳ
1511 2733 1775 2805 Παρθένῳ
1820 2734 1973 2805 παρὰ

392 2823 490 2886 τὰς
531 2824 699 2888 ἄλλας
727 2825 967 2896 δρῶμεν.
1006 2825 1290 2879 Ἐκτὲτοκε
1328 2826 1438 2896 γὰρ
1479 2829 1513 2895 ἡ
1554 2825 1834 2880 Ἐλισάὁετ
1883 2827 1973 2881 τὸν

395 2913 664 2987 μακάριον
691 2914 1003 2986 Βαπτιστὴν
1026 2915 1363 2985 ἡγιασμένον
1392 2916 1479 2971 διὰ
1505 2914 1600 2968 τοῦ
1632 2916 1967 2987 Πνεύματος,

391 3006 459 3061 δι’
485 3001 548 3059 ob
580 3007 899 3077 Πνεύματος
937 3008 1033 3060 καὶ
1072 3006 1238 3071 αὐτὸς
1269 3010 1299 3061 ὁ
1331 3007 1456 3071 Υἱὸς
1500 3008 1559 3060 ὲν
1591 3010 1723 3078 ἡμῖν
1754 3007 1969 3071 αὐλίζεσ-
1998 3034 2039 3090 c

393 3116 514 3153 ται.
541 3100 647 3152 Καὶ
679 3100 1022 3171 μαρτυρήσει
1050 3100 1227 3169 λέγων
1253 3102 1282 3154 ὁ
1307 3100 1468 3169 σοφὸς
1501 3099 1753 3171 Ἰωάννης
1773 3118 1788 3133 ·
1822 3119 1843 3152 ι
1884 3102 1972 3154 Ἐν

395 3190 568 3263 τούτῳ
612 3190 978 3262 γινώσκομεν,
1017 3193 1101 3246 ὅτι
1150 3195 1209 3246 ὲν
1255 3193 1387 3263 ἡμῖν
1427 3195 1596 3257 ἐστιν,
1638 3193 1722 3246 ἔτι
1772 3194 1836 3246 ὲκ
1878 3193 1972 3247 τοῦ

389 3282 709 3350 Πνεύματος
756 3281 925 3334 αὐτοῦ
976 3280 1176 3333 ἔδωκεν
1216 3282 1371 3351 ἡμῖν.
1399 3287 1429 3330 ι’
1453 3279 1678 3349 Διῆλθεν
1726 3274 1819 3333 οὖν
1865 3278 1973 3349 ἄρα

387 3373 486 3425 καὶ
512 3372 681 3441 αὐτὴν
713 3370 817 3442 τὴν
858 3371 1138 3425 Ἐλισάὁετ
1158 3373 1207 3425 οό
1245 3372 1309 3424 ὲκ
1350 3368 1485 3424 Θεοῦ
1519 3370 1711 3438 Λόγος,
1741 3371 1836 3422 καὶ
1867 3368 1974 3440 πρὸ

386 3463 488 3531 τῆς
522 3463 832 3534 γεννήσεως
877 3461 1169 3533 ὲνῳκηκὼς
1200 3460 1280 3532 τῷ
1326 3460 1514 3533 βρέφει
1546 3461 1635 3515 διὰ
1673 3460 1765 3515 τοῦ
1803 3460 1972 3515 Πνεύ-

468 3571 582 3616 τος.

468 3572 499 3606 τ
567 3593 582 3608 .

390 3571 613 3697 μ’ΔΟΞΥ
639 3642 967 3707 ὑποπτεύεις
1005 3642 1097 3695 τὸν
1135 3641 1346 3713 κρότον,
1381 3642 1457 3705 ὼς
1495 3640 1631 3713 ὀρθά
1674 3658 1758 3695 σοι
1789 3640 1970 3694 λαλεῖν

388 3735 654 3807 ᾑρημένῳ
697 3734 886 3787 λοιπὸν
928 3732 1191 3800 γεγονότα
1239 3731 1386 3802 παρὰ
1427 3731 1592 3784 λαῶν.
1626 3730 1814 3785 Ἥλιον
1859 3730 1970 3802 γὰρ

390 3826 740 3896 δικαιοσύνης
765 3825 1086 3894 ὠνόμασας,
1139 3824 1231 3877 καὶ
1255 3822 1343 3878 τὸν
1374 3823 1511 3877 ὅλων
1538 3822 1833 3894 Δεσπότην,
1878 3821 1970 3876 τὸν

399 3919 473 3971 ὲκ
507 3921 611 3988 τῆς
658 3918 810 3984 ἁγίας
854 3917 1130 3989 Παρθένου
1175 3915 1593 3984 γεγεννημένον.
1639 3910 1769 3967 Εἶτα
1808 3912 1969 3967 πάλιν

405 4008 868 4078 ἀκριϐολογεῖσθαι
894 4011 1188 4080 προσποιῇ,
1215 4008 1309 4061 καὶ
1336 4008 1425 4061 τὸν
1452 4007 1645 4078 κρότον
1672 4007 1844 4077 αἰτιᾷ,
1875 4006 1969 4059 καὶ

392 4098 687 4168 χαίροντας
714 4098 804 4151 ἐπὶ
834 4098 917 4152 col.
948 4100 1182 4168 γράφεις
1215 4098 1396 4163 πάλιν,
1420 4096 1496 4161 ὡς
1528 4098 1587 4151 οὐ
1620 4096 1965 4168 νενοηκότας.

387 4191 457 4242 Ὠ
495 4190 700 4260 πολλῆς
736 4189 937 4261 ἰσχύος,
963 4190 1000 4261 ἡ
1033 4193 1147 4253 τοῖς
1185 4193 1298 4254 σοῖς
1332 4189 1507 4243 ἔνεστι
1535 4188 1743 4257 λόγοιςί
1775 4189 1836 4242 οὐ
1877 4188 1968 4258 γέ-

378 4298 551 4351 γονας
595 4261 903 4352 μελληστὴς
944 4282 1025 4344 εἰς
1054 4298 1118 4351 γε
1156 4281 1220 4334 τὸ
1255 4280 1455 4352 χρῆναι
1497 4280 1830 4333 καταλυπεϊν
1872 4280 1969 4333 αὐ-

2032 2372 2039 2377 ’
2077 2371 2263 2440 implet
2311 2373 2494 2427 omnia
2541 2389 2557 2427 :

2088 457 2321 511 cundum
2358 467 2609 512 naturam
2662 459 2838 528 ipsum
2884 460 3197 515 Emmanuel
3243 462 3516 530 peperisse
3556 476 3661 515 non

2088 548 2308 602 credis?
2334 549 2604 619 quomodo
2650 565 2744 618 per
2777 550 2920 604 illam
2950 552 3265 619 pertransiit
3294 552 3383 607 ille
3420 554 3661 606 omnium

2086 638 2368 706 Dominus,
2395 649 2449 693 et
2477 640 2555 694 sol
2587 640 2785 695 effulsit
2803 642 3060 708 jusﬁtiae?
3086 642 3254 708 Quem
3280 658 3413 697 vero
3435 642 3520 696 his
3543 657 3662 695 ver-
3726 676 3737 687 ο

2086 726 2175 782 bis
2206 720 2256 781 te
2281 728 2540 783 decorare
2572 731 2778 799 putas?
2810 738 2936 784 num
2971 745 3309 786 communem
3361 732 3673 794 hominem,-

2086 825 2146 870 ut
2180 832 2344 873 unum
2376 818 2441 872 de
2466 821 2634 874 nostri
2667 820 2954 886 similibus,
2989 822 3085 875 sed
3128 829 3305 874 tamen
3350 821 3662 874 sanctiﬁca-

2087 915 2220 972 tum,
2256 918 2315 963 ut
2348 909 2400 963 in
2431 924 2538 977 quo
2566 910 2657 964 Dei
2685 909 2917 964 Verbum
2967 911 3341 965 inhahitaret?
3376 912 3481 965 Sed
3526 926 3661 980 qnoo

2085 999 2244 1054 modo
2274 1000 2538 1069 ejusmodi
2568 1003 2733 1057 homo
2757 1018 2936 1056 rerum
2974 1003 3215 1057 omnium
3245 1002 3502 1056 Dominus
3532 1004 3659 1064 erit,

2083 1098 2137 1141 et
2162 1090 2242 1143 sol
2264 1087 2521 1157 juStitite?
2546 1090 2680 1145 Nam
2714 1092 2984 1153 dominari
3015 1104 3070 1148 et
3107 1093 3374 1160 imperare
3406 1093 3661 1148 omnibus

2080 1189 2261 1244 posse,
2291 1188 2345 1232 et
2381 1192 2469 1232 res
2504 1194 2623 1248 qua:
2658 1179 3027 1249 intelliguntur
3074 1180 3366 1243 illustrare,
3422 1197 3526 1235 non
3562 1197 3656 1236 no-

2081 1277 2209 1322 suae
2235 1283 2500 1324 mensurae
2529 1280 2633 1337 est,
2661 1274 2755 1327 sed
2812 1271 2887 1326 illi
2923 1265 3067 1348 .soli'
3096 1272 3559 1328 excellentissima:
3604 1284 3658 1327 et

2081 1375 2345 1430 suprema:
2377 1376 2583 1420 naturae
2609 1365 2975 1421 tribuendum.
3533 1384 3536 1388 '

2148 1452 2266 1507 Jam
2322 1455 2447 1523 quia
2501 1455 2725 1511 verbum
2764 1476 2782 1508 ι
2811 1457 3125 1526 pertransiit
3168 1475 3186 1508 ι
3230 1459 3504 1511 undenam
3564 1471 3657 1511 ac-

2080 1541 2311 1610 ceperis,
2336 1551 2390 1597 et
2413 1543 2480 1598 de
2502 1543 2609 1599 Deo
2632 1546 2939 1614 promleris,
2956 1562 3177 1617 prorsus
3201 1547 3406 1617 ignoro,
3423 1548 3654 1616 explica.

2078 1633 2449 1702 qumso,hanc
2501 1634 2824 1702 dictionem,
2873 1639 3069 1707 quidve
3115 1638 3182 1692 sit
3235 1638 3321 1693 hic
3373 1640 3654 1706 transitus,

2080 1738 2238 1793 quem
2276 1725 2378 1792 hoc
2407 1725 2527 1780 loco
2572 1728 2775 1794 dixisti,
2805 1729 2907 1784 erit
2961 1730 3147 1809 utique
3202 1739 3308 1784 tuae
3360 1731 3658 1799 prudentia:

2081 1816 2286 1884 ignaris
2319 1832 2611 1887 exponere.
2642 1818 2773 1874 Nam
2822 1821 2865 1874 si
2904 1821 2978 1874 ita
3019 1836 3114 1890 per
3149 1822 3291 1874 illam
3340 1821 3550 1874 transiit
3591 1822 3657 1873 il-

2080 1906 2168 1961 lud
2202 1906 2295 1963 Dei
2347 1906 2612 1982 Verbum,
2666 1920 2726 1965 ut
2771 1925 2839 1966 ex
2874 1911 2995 1965 loco
3036 1928 3141 1967 uno
3189 1912 3253 1966 ad
3317 1911 3545 1966 alterum
3598 1927 3655 1966 se

2082 2006 2424 2072 transferret,
2464 1989 2703 2061 indidem
2732 2007 3002 2075 dejicieris
3031 2024 3047 2061 :
3079 2024 3200 2061 nam
3234 2008 3371 2062 dicet
3420 2008 3515 2072 Ubi
3559 2021 3673 2073 per.

2078 2110 2263 2150 vocem
2288 2108 2637 2151 sanctorum:
2677 2114 2698 2149 ι
2746 2097 2933 2151 Nonne
2979 2097 3171 2153 caelum
3214 2106 3269 2151 et
3310 2106 3509 2150 terram
3555 2110 3655 2163 ego

2078 2185 2296 2255 impleo,
2328 2187 2460 2243 dicit
2488 2186 2749 2243 Dominus
2769 2187 2815 2219 δ’
2842 2188 2866 2242 ?
2892 2208 2911 2241 ι
2949 2187 3133 2258 Neque
3158 2188 3302 2242 enim
3337 2197 3419 2241 est
3447 2187 3501 2240 in
3537 2186 3654 2241 loco

2078 2276 2378 2346 Divinitas;
2423 2290 2478 2334 et
2515 2294 2711 2349 expers
2758 2290 2840 2336 est
2885 2280 3135 2349 corporei
3176 2280 3464 2345 transitus;
3532 2295 3651 2331 nam

2634 2373 2721 2427 sin
2795 2384 2975 2429 autem
3048 2374 3176 2442 quia
3235 2370 3474 2423 debitum
3536 2384 3653 2436 par-

2080 2461 2152 2515 tui
2210 2469 2421 2531 tempus
2487 2461 2833 2531 perferendo,
2900 2461 3001 2532 13
3082 2461 3362 2514 relativam
3435 2458 3486 2510 in
3559 2458 3655 2511 hu-

2076 2554 2220 2608 miue
2269 2554 2656 2609 habitationem
2728 2555 2988 2619 incoluit,
3039 2554 3184 2607 ideo-
3222 2552 3388 2605 Deum
3451 2549 3655 2604 asseris

2075 2656 2384 2711 permeasse
2455 2659 2554 2713 per
2616 2653 2860 2699 sanetam
2926 2628 3202 2711 Virginem
3263 2640 3431 2711 (utar
3507 2640 3651 2693 enim

2077 2729 2276 2799 ubique
2331 2733 2442 2786 tuis
2494 2733 2664 2788 sacris
2712 2733 2994 2803 vocibus),
3043 2730 3178 2786 nihil
3223 2746 3355 2799 ergo
3394 2728 3650 2784 eximium

2076 2820 2127 2873 in
2159 2832 2347 2876 sancta
2377 2822 2598 2890 Virgine
2643 2835 2838 2893 praeter
2888 2835 3119 2878 cmteras
3158 2824 3423 2876 videmus.
3482 2820 3650 2888 Pepe-

2077 2912 2144 2965 rit
2177 2912 2319 2966 enint
2340 2912 2617 2967 Elisaheth
2651 2915 2865 2971 beatum
2895 2913 3189 2982 Baptistam
3222 2915 3456 2982 Spiritus
3487 2926 3651 2980 opera

2074 3000 2491 3068 sanctiﬁcatum,
2539 3016 2636 3071 per
2683 3017 2841 3073 quem
2877 3001 3137 3071 Spiritum
3187 3003 3351 3057 etiam
3388 3002 3504 3070 ipse
3565 2999 3653 3053 Fi-

2076 3094 2180 3149 lius
2207 3093 2260 3147 in
2295 3095 2451 3150 nobis
2492 3096 2719 3161 habitat,
2753 3096 2916 3164 idque
2973 3095 3162 3150 beatus
3210 3092 3447 3149 Joannes
3482 3102 3648 3146 testa-

2076 3195 2182 3253 tur,
2209 3186 2441 3242 dicens:
2486 3206 2506 3239 ι
2540 3187 2595 3242 In
2644 3190 2744 3246 hoc
2783 3190 3163 3257 cognoscimus
3204 3188 3351 3259 quod
3397 3189 3449 3241 in
3499 3188 3654 3244 nobis

2074 3290 2177 3343 est,
2211 3278 2337 3347 quia
2372 3279 2439 3333 de
2462 3278 2666 3346 Spiritu
2703 3295 2802 3332 suo
2843 3281 2988 3334 dedit
3019 3280 3173 3335 nobis
3196 3280 3264 3337 θ’.
3300 3298 3316 3329 ι
3355 3279 3647 3333 Pertrans-

2076 3368 2138 3422 iit
2165 3368 2325 3439 igitur
2381 3369 2545 3424 etiam
2582 3386 2679 3441 per
2709 3371 2986 3426 Elisabetlt
3032 3373 3204 3441 ipsum
3249 3372 3339 3426 Dei
3389 3369 3653 3435 Verbum,

2074 3474 2199 3515 cum
2236 3462 2400 3514 etiam
2447 3472 2575 3516 ante
2620 3463 2765 3518 illius
2800 3464 3138 3518 nativitatem
3195 3463 3247 3517 in
3305 3463 3513 3517 infante
3557 3477 3661 3533 per

2074 3551 2339 3621 Spiritum
2370 3552 2709 3610 inhabitarit.

2144 3641 2250 3697 Sed
2274 3652 2580 3709 suspectum
2620 3644 2787 3699 habes
2826 3643 3071 3715 plausum
3127 3644 3245 3708 tibi,
3299 3653 3358 3698 ιιι
3395 3643 3486 3713 qui
3536 3643 3657 3714 jam

2074 3742 2221 3788 recte
2248 3733 2393 3804 loqui
2431 3748 2695 3802 cmperas,
2744 3750 2773 3790 a
2803 3735 3001 3806 populo
3037 3734 3262 3790 factum.
3302 3734 3438 3790 Nam
3480 3736 3651 3791 solem

2066 3832 2308 3902 justitiaa.
2348 3842 2403 3886 et
2432 3834 2674 3886 omnium
2711 3831 2998 3888 Dominum
3042 3834 3344 3902 appellaras
3392 3833 3537 3885 illum
3583 3846 3651 3885 ex

2072 3932 2257 3977 sancta
2295 3920 2518 3992 Virgine
2554 3932 2762 3978 natum.
2806 3924 2937 3979 Inde
2978 3939 3167 3979 rursus
3197 3924 3446 3976 subtilius
3490 3935 3652 3991 agere

2072 4013 2321 4080 simulas,
2371 4022 2427 4067 et
2480 4014 2724 4083 plausum
2773 4014 3144 4084 reprehendis,
3198 4023 3252 4068 et
3288 4011 3538 4066 homines
3573 4010 3649 4064 tui

2072 4118 2238 4157 causa
2273 4103 2424 4159 laetos
2458 4105 2633 4159 denuo
2663 4113 2723 4158 ut.
2753 4090 2943 4173 parum
2988 4104 3351 4173 intelligentes
3400 4116 3648 4157 accusas.

2070 4197 2117 4254 Ο
2151 4212 2401 4263 magnam
2429 4197 2504 4250 tui
2534 4197 2804 4251 sermonis
2835 4195 3166 4265 potentiam!
3213 4193 3328 4248 Non
3367 4193 3473 4247 illis
3502 4203 3651 4246 certe

2073 4302 2360 4346 maerorem
2419 4288 2642 4355 injicere
2689 4288 2971 4354 distulisti,
3011 4289 3064 4342 in
3108 4287 3310 4342 luctum
3347 4285 3493 4339 illico
3532 4300 3653 4340 ver-

377 4373 534 4435 τοὺς,
558 4372 830 4443 ἔστρεψας
861 4372 1021 4435 εὐθὺς
1047 4375 1126 4435 εις
1166 4371 1361 4434 πένθος
1393 4369 1491 4440 τὴν
1522 4370 1720 4441 χαρὰν,
1748 4370 1968 4443 διέρρη-

2081 4381 2186 4435 tisti
2216 4381 2493 4451 gaudium,
2535 4376 2847 4439 conscidisti
2886 4380 3125 4435 laetitiam
3148 4420 3164 4446 ,
3195 4389 3251 4434 et
3282 4380 3565 4433 aceinxisti
3598 4388 3651 4433 to

379 4460 483 4526 ξας
525 4462 631 4534 τὴν
658 4461 1017 4532 εὐφροσύνην,
1061 4461 1159 4516 καὶ
1187 4460 1447 4525 διέζωσας
1489 4461 1709 4526 σάκκον,
1756 4462 1968 4530 ἐπαγα-

374 4548 496 4624 γὼν
538 4550 706 4615 εὐθὺς
731 4547 883 4605 είταο
913 4551 1107 4623 [Πάλιν
1142 4549 1434 4605 ὑποπτεύω
1468 4550 1562 4603 τὸν
1598 4550 1811 4622 κρότον,
1849 4551 1969 4613 πῶς

372 4641 459 4703 τὸ,
494 4640 806 4711 Παρῆλθεν,
849 4639 1139 4711 ἐνοήσατες
1171 4640 1287 4694 Οὐκ
1321 4638 1536 4711 εἴρηταί
1570 4656 1659 4709 μοι
1691 4640 1769 4706 τὸ,
1815 4641 1966 4710 Παρ-

369 4732 565 4803 ῆλθεν,
587 4733 713 4784 ἀντὶ
736 4731 852 4794 τοῦ,
877 4732 1170 4802 Ἐγεννήθη
1191 4750 1205 4764 ο
1231 4733 1291 4786 οὐ
1316 4732 1424 4801 γὰρ
1449 4730 1593 4785 οὕτω
1622 4732 1830 4802 ταχέως
1857 4734 1971 4786 ἐπι-

369 4824 859 4895 λανθάνομαιτῶν
891 4826 1057 4879 ίδίων.
1079 4824 1152 4877 Τὸ
1182 4824 1469 4895 παρελθεῖν
1497 4824 1589 4878 τὸν
1617 4824 1749 4879 Θεὸν
1777 4826 1841 4877 ὲκ
1868 4825 1968 4895 τῆς

370 4918 753 4990 Χριστοτόκου
810 4917 1113 4988 Παρθένου,
1146 4918 1299 4988 παρὰ
1345 4917 1445 4988 τῆς
1483 4916 1635 4979 θείας
1683 4916 1966 4987 ἐδιδάχθην

376 5006 613 5077 Γρσφῆς
632 5025 647 5038 ·
691 5006 754 5060 τδ
775 5007 834 5060 δὲ
878 5006 1210 5077 γεννηθῆναι
1239 5006 1374 5061 Θεὸν
1407 5006 1467 5072 ἐξ
1506 5006 1696 5077 αὐτῆς,
1728 5006 1965 5077 οὐδαμοῦ

381 5095 719 5169 tamam]
745 5096 958 5150 οὐκοῦν
982 5097 1052 5149 σὰ
1090 5097 1187 5167 μὲν
1208 5093 1349 5151 εἶναι
1376 5098 1559 5151 ἐκεῖνα
1582 5097 1653 5152 τὰ
1684 5096 1968 5169 διεστραμ-

388 5186 522 5256 μένα
554 5201 570 5215 ·
632 5186 717 5257 τῷ
777 5203 841 5256 γε
910 5185 1017 5258 μὴν
1060 5188 1116 5241 ἐν
1187 5186 1445 5257 ὑποψίαις
1505 5186 1796 5258 ὀρθότητος
1873 5187 1965 5241 τὸν

377 5276 474 5328 σὴν
504 5275 842 5347 γεγενῆσθαι
871 5276 1018 5341 νοῦν,
1043 5279 1074 5331 ό
1112 5275 1172 5341 ἐξ
1213 5276 1435 5347 ᾁγάπης
1470 5279 1679 5350 κρότος.

456 5369 830 5441 Ἐνστήσομαι
848 5367 907 5422 δὲ
928 5371 1023 5423 καὶ
1047 5367 1144 5423 νῦν
1167 5368 1322 5422 οὐδὲν
1343 5364 1527 5442 ἧττον,
1549 5373 1724 5426 ἐκεῖνο
1759 5371 1930 5440 λέγων
1946 5389 1961 5404 ο

362 5460 436 5515 ΤΞ
460 5461 549 5526 τὸ,
572 5459 882 5530 Πσρῆλθεν,
900 5460 1069 5526 ἐστὶν,
1088 5464 1135 5517 εἰ
1158 5462 1233 5537 μὴ
1250 5461 1403 5532 δηλοῖ
1413 5461 1510 5535 τὴν
1526 5462 1800 5535 γέννησιν;
1817 5459 1965 5535 *Δρα

2068 4486 2226 4537 sacco
2260 4470 2328 4535 δε,
2372 4485 2492 4524 cum
2536 4484 2660 4524 mox
2703 4470 2956 4524 addidisti
2994 4489 3007 4524 :
3044 4469 3300 4542 [Rursum
3339 4478 3647 4537 suspectum

2071 4562 2243 4617 habeo
2273 4562 2538 4629 plausum.
2574 4561 2855 4625 Quomodo
2906 4562 3129 4615 verbum
3176 4561 3327 4623 illud,
3372 4568 3650 4630 pertrans-

2071 4653 2164 4716 iit,
2222 4638 2610 4706 intellexistis?
2659 4649 2778 4705 Non
2831 4652 2966 4717 dixi,
3031 4652 3376 4721 pertransiit,
3442 4665 3540 4720 pro
3582 4664 3648 4703 eo

2070 4745 2213 4815 quod
2252 4751 2356 4809 est,
2402 4743 2616 4813 genitus
2649 4751 2777 4798 est:
2820 4758 2926 4796 non
2982 4742 3127 4797 enim
3182 4743 3255 4797 ita
3302 4741 3460 4796 facile
3515 4755 3648 4796 meas

2074 4833 2353 4889 sententia:
2380 4832 2695 4888 obliviscor.
2735 4831 3102 4889 Pertransisse
3140 4835 3305 4887 Deum
3341 4847 3406 4886 ex
3445 4829 3647 4885 Christi

2074 4923 2336 4994 genitrice
2379 4920 2547 4988 Maria
2590 4922 2753 4978 didici
2807 4937 2871 4978 ex
2927 4922 3097 4978 sacris
3132 4922 3388 4989 Litteris;
3434 4935 3501 4975 ex
3533 4919 3646 4987 ipsa

2073 5014 2310 5082 genitum
2345 5028 2608 5084 nusquam
2649 5012 2870 5086 didici.]
2914 5015 3056 5084 Ergo
3101 5025 3188 5068 tua
3225 5027 3347 5067 esse
3385 5012 3473 5065 illa
3521 5025 3648 5082 per-

2074 5119 2227 5158 verse
2251 5103 2394 5158 dicta
2431 5112 2638 5158 certum
2673 5112 2758 5159 est
2795 5119 2809 5156 :
2845 5119 2910 5159 ex
2936 5119 3002 5160 eo
3035 5111 3213 5158 autem
3248 5102 3392 5170 quod
3424 5111 3478 5156 te
3503 5112 3651 5155 recte

2074 5195 2276 5250 sentire
2304 5192 2536 5263 cmpisse
2566 5195 3027 5265 suspicabantur,
3054 5193 3145 5249 ille
3171 5193 3386 5250 exstitit
3416 5207 3482 5248 ex
3514 5191 3648 5247 eba-

2075 5287 2241 5340 ritate
2273 5286 2516 5356 plausus.

2145 5376 2252 5433 Sed
2302 5377 2519 5434 instabo
2575 5393 2719 5434 nunc
2763 5392 2981 5450 quoque
3033 5379 3408 5445 nihilominus,
3443 5392 3509 5433 ac
3561 5391 3650 5434 τοι

2072 5464 2250 5536 gabo:
2308 5464 2573 5531 Quidnam
2606 5475 2709 5533 est,
2768 5471 3096 5537 pertransiit.
3141 5471 3188 5527 si
3236 5467 3667 5540 generationem

446 5639 494 5670 ⁸³
531 5637 734 5695 Jercm.
775 5659 929 5712 uin,
966 5646 1056 5701 ει.
1134 5647 1179 5680 ⁸³
1208 5647 1226 5702 l
1256 5646 1409 5706 Joan.
1448 5662 1521 5714 iv,
1557 5647 1642 5702 15.
1721 5645 1766 5679 ⁸⁸
1802 5642 1945 5703 Psal.

2081 5662 2127 5716 ι,
2157 5646 2246 5713 ιε,
2290 5647 2373 5703 ιδ.
