4004 6202
406 308 473 374 ε]
1389 333 1445 388 S.
1490 329 1760 388 CYRILLI
1800 327 1968 384 ALEX

2073 326 2277 383 iDRlNI‘
2306 326 2624 385 ARCHIEP.
3577 337 3659 391 '52-

413 455 518 492 non
555 441 860 511 signiﬁcat?
891 442 1028 501 Num
1074 445 1313 504 dicturus
1354 464 1411 505 es
1454 451 1624 520 ipsum
1669 466 1761 520 per
1797 464 1855 504 se
1886 450 1968 504 De?

2080 445 2188 515 γὰρ
2218 447 2383 516 ἐρεῖς,
2423 446 2499 510 ὡς
2530 446 2693 510 αὐτὸς
2723 446 2845 501 καθ’
2871 448 3085 512 ἑαυτὸν,
3115 448 3211 503 καὶ
3243 450 3367 521 δίχα
3393 450 3594 523 σαρκὸς
3620 455 3649 505 ό

415 529 646 585 Verbum
682 533 797 587 sine
828 549 992 592 carne
1025 539 1387 607 pertransisse
1419 557 1515 611 per
1548 541 1858 611 Virginem?
1882 540 1979 594 Λι-

352 629 363 641 ’
413 619 504 685 qui
534 621 803 687 quomodo
829 623 941 678 hare
967 627 1127 679 verba
1154 642 1257 681 non
1295 644 1518 684 summac
1551 630 1793 685 stultitia:
1823 629 1993 699 plena

412 710 561 765 sint?
583 712 678 767 Vel
710 716 851 769 enim
886 717 937 770 in
966 721 1318 789 quantitatem
1345 736 1465 778 esse
1495 732 1803 777 concretam
1841 722 1978 776 divi-

411 801 633 856 nitatem
699 806 995 880 inteliigere
1041 826 1260 867 necesse
1310 823 1431 879 est,
1485 824 1540 868 et
1575 819 1772 867 motam
1823 821 1881 867 ut
1911 813 1978 867 de

410 889 530 943 loco
566 893 616 944 in
647 894 817 948 locum
855 898 1277 967 transferretur;
1311 902 1393 957 vel
1435 903 1563 975 quia
1605 912 1689 958 est
1730 904 1979 972 incorpo-

410 996 520 1039 rea.
557 993 609 1036 et
642 985 750 1038 late
776 997 827 1039 et
860 989 1060 1058 ubique
1085 992 1199 1045 fusa
1220 1031 1233 1054 ,
1275 1008 1446 1063 neque
1478 994 1598 1048 loco
1622 994 1977 1062 terminisque

409 1074 908 1142 circumscribitur,
960 1096 1191 1149 quonam
1237 1085 1394 1138 modo
1441 1100 1538 1155 per
1573 1102 1734 1141 unum
1781 1101 1977 1154 corpus

410 1166 641 1255 transire
668 1171 909 1234 poterit?
948 1170 1052 1227 Sed
1084 1184 1355 1245 utcunque
1397 1177 1470 1232 sit
1500 1179 1643 1252 quod
1679 1193 1708 1232 a
1745 1187 1803 1231 te
1843 1178 1977 1233 dici-

410 1264 514 1316 tur.
547 1272 646 1311 cur
689 1274 792 1313 non
832 1263 1087 1336 explicari
1131 1276 1389 1334 oportunt,
1433 1276 1487 1323 et
1528 1267 1726 1324 clarius
1757 1269 1883 1334 dici,
1930 1269 1974 1323 si

318 1392 323 1399 ,
408 1353 513 1397 tua:
543 1348 607 1399 de
642 1349 742 1402 hac
784 1366 841 1404 re
875 1355 1159 1408 sententia:
1201 1356 1403 1425 fidens,
1443 1358 1510 1414 de
1552 1358 1667 1427 ejus
1710 1359 1978 1428 probitate

406 1434 601 1491 docere
631 1430 968 1507 putesnam
1016 1460 1144 1499 vero
1199 1447 1416 1502 ubinam
1472 1450 1667 1504 audisti
1719 1451 1975 1506 divinitus

408 1525 698 1596 inspiratas
727 1532 961 1590 Litteras
988 1537 1188 1605 dicere,
1217 1538 1309 1593 Dei
1338 1538 1570 1595 Verbum
1604 1557 1703 1612 per
1729 1553 1971 1598 sanctam

409 1617 514 1689 14
551 1620 819 1691 Virginem
854 1629 1250 1695 pertransisse?
1294 1629 1428 1684 Nam
1464 1631 1680 1687 brevem
1717 1649 1837 1689 esse
1879 1636 1974 1687 ho-

405 1712 609 1765 minum
654 1716 745 1783 qui
798 1717 997 1787 degunt
1041 1720 1092 1774 in
1145 1722 1309 1777 terris
1341 1723 1526 1789 vitam,
1563 1725 1747 1779 docuit
1786 1725 1973 1779 beatus

2079 539 2141 591 ἐκ
2161 538 2297 591 Θεοῦ
2313 538 2482 606 Λόγος
2503 539 2723 610 διήλασε
2754 540 2851 611 τῆς
2877 543 3191 613 Παρθένου;
3216 542 3409 596 Καίτοι
3440 543 3559 607 πῶς
3584 545 3647 598 οὐ

2077 630 2438 693 τῆςιὼτασῶν
2467 631 2797 701 ἀσελτηριας
2824 631 3072 701 ἔμπλεως
3102 635 3184 705 εἴη
3215 634 3281 688 ἂν
3311 634 3341 686 ό
3370 635 3528 703 λόγος
3552 634 3649 688 αύ-

2077 721 2189 792 τῷ;
2221 723 2290 775 Ἢ
2318 721 2426 793 γάρ
2455 721 2805 775 πεποσῶσθαι
2835 723 2897 775 τδ
2931 723 3082 777 Θεῖον
3112 724 3325 795 ἀνάγκη
3354 726 3514 789 νοεῖν,
3552 723 3649 779 καὶ

2081 812 2348 867 ποιεῖσθαι
2394 814 2608 883 κίνησιν
2636 812 2749 884 τὴνρ
2775 814 2839 867 ὲκ
2876 814 3045 866 τόπου
3089 815 3223 885 πρὸς
3264 816 3428 870 τόπον
3454 816 3646 887 ἕτερον

2081 901 2502 972 μεταστατικήνυ
2530 900 2585 972 ἦ,
2611 902 2768 971 εἴπερ
2792 899 2908 953 ἐστὶ
2929 899 2990 952 τὸ
3009 898 3161 953 Θεῖον
3181 899 3488 971 ἀσώματον,
3511 901 3643 972 εὐρὺ

2076 993 2151 1057 δὲ,
2178 995 2270 1047 καὶ
2310 992 2609 1063 πανταχοῦ,
2638 993 2736 1045 καὶ·
2757 992 2856 1045 οὐκ
2888 993 2946 1044 ὲν
2974 990 3149 1061 τόπῳ,
3173 992 3268 1044 καὶ
3302 994 3639 1063 περιγραφῇ,

2078 1083 2195 1146 πῶς
2237 1083 2302 1138 ἂν
2330 1083 2396 1136 δι’
2436 1083 2555 1147 ἐνὸς
2602 1081 2859 1155 παρέλθοι
2891 1080 3187 1151 σώματοςς-
3210 1080 3346 1134 Ἀλλ’
3373 1082 3402 1135 δ
3427 1075 3643 1135 τί-ποτέ

2077 1175 2222 1229 ἐστιν
2252 1174 2281 1227 ό
2309 1174 2434 1246 φὴς,
2479 1175 2597 1237 πῶς
2627 1174 2727 1227 οὐκ
2756 1173 2862 1226 ἔδει
2902 1172 3243 1243 διατρανοῦν,
3284 1173 3380 1226 καὶ
3421 1173 3651 1243 ἐναργέ-

2077 1282 2268 1337 στερον
2292 1267 2485 1329 εἰπεῖν,
2513 1266 2561 1317 si
2589 1265 2707 1327 ταῖς
2739 1260 2936 1316 σαυτοῦ
2971 1262 3099 1333 περὶ
3127 1259 3318 1315 τούτου
3351 1260 3532 1324 δόξαις
3559 1278 3655 1314 te-

2077 1355 2396 1428 θαρσηκὼς,
2447 1358 2741 1428 μαρτυρεῖν
2784 1354 2928 1425 ἔχεις
2974 1355 3165 1416 αὑταῖς
3206 1353 3268 1405 τὸ
3303 1351 3646 1422 ἀμώμητον;

2076 1446 2185 1500 Ποῦ
2214 1446 2270 1500 δὲ
2300 1445 2362 1516 δὴ
2400 1447 2493 1498 καὶ
2540 1446 2779 1515 ἀκήκοας
2815 1445 2914 1514 τῆς
2967 1442 3326 1497 θεοπνεύστου
3377 1441 3644 1511 λεγούσης

2076 1533 2317 1603 Γραφῆς,
2337 1534 2417 1586 ὅτι
2445 1532 2719 1603 παρῆλθεν
2739 1535 2767 1586 ό
2791 1532 2882 1586 τοῦ
2906 1531 3039 1586 Θεοῦ
3057 1532 3230 1601 Λόγος
3251 1531 3337 1585 διὰ
3361 1532 3460 1602 τῆς
3482 1531 3644 1600 ἁγίας

2076 1622 2352 1694 Παρθένου
2374 1640 2389 1689 ;
2411 1624 2532 1676 ’Ότι
2567 1623 2664 1693 μὲν
2698 1623 2807 1693 γὰρ
2835 1623 3058 1694 βραχὺς,
3086 1623 3182 1677 καὶ
3212 1621 3655 1691 συνεσταλμένος

2075 1713 2182 1767 τῶν
2221 1715 2312 1767 ἐπὶ
2354 1715 2457 1785 γῆς
2498 1716 2527 1768 ό
2556 1714 2688 1783 βίος,
2720 1714 2951 1780 ἐδίδαξεν
2976 1717 3013 1769 ό
3042 1716 3309 1786 μακάριος
3344 1714 3528 1774 Δαόὶδ,
3558 1713 3647 1766 λέ-

403 1798 605 1867 David,
653 1806 884 1864 dicens:
947 1829 966 1861 ι
995 1809 1194 1875 llomo,
1251 1813 1392 1868 sicut
1438 1813 1617 1869 fenum
1664 1815 1779 1870 dies
1819 1817 1968 1885 ejus;

2073 1819 2216 1873 γων·
2254 1823 2272 1855 ι
2305 1805 2642 1876 Ἀνθρωπος,
2678 1805 2809 1858 ὡσεὶ
2848 1806 3038 1877 χόρτος
3088 1807 3142 1859 αι
3175 1805 3399 1876 ἡμέραι.
3433 1803 3599 1858 αὐτοῦ
3624 1818 3641 1836 ο

406 1899 664 1962 tanquam
696 1894 805 1975 iﬂos
849 1900 985 1967 agri,
1017 1901 1094 1956 sic
1125 1898 1409 1971 elllorebit,
1446 1904 1702 1974 quoniam
1747 1906 1970 1975 spiritus

406 1974 759 2049 pertransivit
785 1990 837 2043 in
870 1990 977 2053 illo,
1009 2001 1064 2045 et
1087 2008 1188 2047 non
1212 1995 1470 2050 subsistet
1500 1996 1568 2052 θ’.
1600 2014 1619 2048 ι
1653 1996 1723 2051 At
1751 1974 1878 2053 vero
1904 1998 1971 2054 de

403 2082 590 2128 sancta
621 2074 837 2145 Virgine
867 2082 993 2149 quid
1034 2081 1294 2153 ejusmodi
1335 2087 1596 2157 scriptum
1644 2088 1810 2144 habes
1846 2104 1975 2159 pro-

367 2242 373 2251 .
401 2164 764 2238 ferre?Atqni
791 2169 953 2226 Deum
985 2187 1048 2228 ex
1088 2175 1196 2244 ipsa
1222 2176 1483 2243 genitum,
1519 2180 1816 2234 secundum
1847 2195 1971 2235 car-

402 2270 522 2309 nem
553 2259 790 2327 inquam,
827 2265 1037 2318 tandem
1076 2281 1244 2320 sacrae
1274 2266 1492 2324 Littera:
1524 2273 1801 2340 perspicue
1825 2272 1966 2328 indio

401 2360 615 2405 carunt.
651 2351 828 2408 Redeo
861 2355 1025 2425 igitur
1055 2360 1230 2416 denuo
1254 2365 1320 2417 ad
1362 2374 1472 2432 tua,
1515 2365 1599 2418 vir
1631 2367 1971 2434 praestantis-

402 2439 568 2503 sime,
615 2445 795 2497 verba.
840 2446 898 2501 Id
930 2450 1072 2503 enim
1106 2453 1218 2522 ipse
1253 2470 1466 2523 quoque
1503 2456 1801 2525 smpissime
1834 2472 1965 2511 con-

399 2529 574 2587 fessus
603 2549 681 2601 es,
717 2534 945 2592 Verbum
979 2556 1102 2597 esse
1133 2560 1350 2600 carnem
1381 2545 1599 2613 factum,
1635 2563 1808 2617 neque
1847 2562 1966 2603 eam

399 2637 586 2677 vocem
622 2624 960 2693 rcjiciendam
995 2635 1228 2700 putasti;
1257 2645 1312 2689 et
1346 2635 1473 2691 illud
1508 2646 1788 2706 praeterea,
1823 2639 1966 2709 quod

399 2710 670 2784 Unigeniti
725 2720 1057 2777 divinitatem
1114 2736 1299 2795 aperte
1361 2742 1426 2782 ac
1468 2729 1642 2796 palam
1694 2730 1977 2785 hominem

396 2803 595 2861 factam
627 2810 976 2878 dixisti,cum
1006 2814 1108 2870 hoc
1138 2818 1295 2872 modo
1322 2819 1609 2889 scripseris
1643 2838 1667 2877 :,

464 2983 704 3041 Nss'ron.
740 2985 840 3059 [Ita
879 2996 932 3042 et
965 2988 1090 3043 alibi
1130 2990 1299 3048 dicit:
1337 3011 1357 3045 (
1406 2992 1643 3047 Locutus
1686 3001 1771 3046 est
1810 2991 1964 3046 nobis

396 3077 448 3131 in
475 3076 631 3140 Filio,
661 3094 819 3148 quem
846 3081 1123 3134 constituit
1150 3082 1413 3134 hmredem
1449 3082 1845 3145 universorum,
1868 3095 1965 3149 per

2076 1896 2209 1949 ὡσεὶ
2235 1895 2393 1960 ἄνθος
2425 1895 2518 1949 τοῦ
2544 1896 2739 1969 ἀγροῦ,
2766 1894 2938 1960 οὕτως
2969 1896 3283 1966 ὲξανθήσει·
3315 1897 3398 1950 ὅτι
3427 1895 3653 1966 πνεῦμα.

2073 1984 2283 2056 διῆλθεν
2305 1987 2362 2039 ὲν
2387 1985 2557 2057 αὐτῷ,
2581 1987 2675 2039 καὶ
2697 1987 2796 2056 οὐχ
2815 1983 3065 2058 ὑπάρξει.
3093 2005 3115 2038 ι
3135 1986 3270 2057 Περὶ
3287 1984 3342 2037 δὲ
3364 1987 3461 2057 τῆς
3482 1985 3646 2051 ἁγίας

2075 2075 2352 2145 Παρθένου
2399 2076 2451 2129 τί
2500 2075 2742 2130 τοιοῦτον
2802 2076 2947 2146 ἔχεις
2998 2070 3385 2146 γεγραμμένον
3427 2078 3645 2139 ειπείνς

2077 2165 2199 2219 Ὅτι
2228 2166 2287 2219 δὲ
2323 2165 2643 2237 γεγέννηται
2680 2166 2813 2230 Θεὸς
2857 2166 2917 2232 ἐξ
2949 2166 3240 2237 αὐτῆς,ντδ
3272 2164 3413 2219 κατὰ
3442 2165 3656 2235 σάρκα,

2075 2259 2239 2328 φημὶ,
2261 2258 2667 2329 διαμεμήνυκεν
2691 2258 2937 2330 ἐναργῶς
2967 2260 3000 2329 ἠ
3034 2257 3393 2321 θεόπνευστος
3429 2255 3645 2326 Εραφή.

2073 2345 2205 2420 Εἷμι
2245 2349 2303 2403 δὲ
2332 2350 2397 2420 δὴ
2430 2349 2593 2404 πάλιν
2641 2349 2733 2404 ἐπὶ
2780 2366 2843 2419 γε
2881 2351 3007 2415 τοὺς
3042 2351 3201 2415 σοὺς,
3243 2344 3289 2404 ὧ
3320 2348 3659 2418 πανάριστε..

2072 2438 2282 2508 λόγους.
2332 2439 2755 2510 Διωμολόγηκας
2802 2440 2912 2510 γὰρ
2951 2440 3046 2492 καὶ
3095 2439 3292 2504 αὐτὸς,
3334 2438 3432 2492 καὶ
3486 2436 3649 2490 τοῦτο

2073 2531 2409 2595 πλειστάκις,
2437 2533 2521 2585 ὅτι
2554 2531 2745 2600 γέγονε
2781 2530 2919 2599 σὰρξ
2953 2531 2983 2582 ὁ
3015 2530 3233 2600 Λόγοςον
3254 2529 3346 2581 καὶ
3375 2527 3474 2578 οὐκ
3507 2524 3647 2578 ἀπό.

2073 2621 2266 2691 ὀλητον
2293 2623 2532 2691 ἐποιήσω
2559 2621 2658 2692 τὴν
2693 2621 2877 2692 φωνήν
2898 2637 2912 2651 ·
2944 2621 3038 2674 καὶ
3077 2619 3211 2686 πρός
3237 2632 3298 2683 γε
3336 2614 3509 2685 τούτῳ
3540 2615 3651 2668 »ιὰ-ε

2074 2713 2246 2765 κεῖνο·
2279 2713 2377 2783 τὴν
2413 2711 2522 2783 γάρ
2545 2728 2627 2764 τοι
2660 2710 2751 2763 τοῦ
2784 2704 3120 2775 Μονογενοῦς
3171 2703 3423 2774 θεότητα,
3452 2703 3641 2771 σαφῶς

2073 2803 2167 2857 καὶ
2186 2804 2484 2872 ἀναφανδὸν
2507 2798 2921 2869 ἐνανθρωπῆσαι
2952 2793 3396 2867 φὴς.νΓέγραφας
3432 2793 3487 2848 δὲ
3502 2810 3646 2848 ,του-

2071 2895 2182 2946 τονὶ
2214 2892 2303 2944 τὸν
2334 2891 2549 2959 τρόπον.

2143 2978 2323 3050 [Οὕτω
2351 2981 2445 3034 καὶ
2471 2980 2529 3031 ὲν
2559 2978 2768 3050 ἑτέροις
2804 2977 3000 3049 φησῑνο
3025 2997 3044 3030 ι
3083 2976 3376 3049 Ἐλάλησεν
3406 2978 3539 3048 ἡμῖν
3583 2977 3653 3030 ὲν

2068 3070 2204 3141 Υἱῷ,
2235 3070 2294 3124 ὃν
2335 3071 2487 3124 ἔθετο
2532 3070 2864 3141 κληρονόμον
2912 3070 3151 3134 πάντων,
3182 3070 3250 3123 δι’
3286 3064 3346 3125 οὗ
3384 3069 3481 3121 καὶ
3511 3068 3652 3133 τοὺς

395 3185 552 3234 quem
583 3170 709 3223 fecit
739 3180 790 3222 et
830 3170 1021 3223 saecula
1056 3186 1070 3221 :
1114 3170 1203 3236 qui
1253 3185 1373 3222 cum
1426 3171 1496 3223 sit
1545 3169 1797 3238 splendor
1844 3170 1959 3241 glo-

2073 3164 2264 3226 ιιῶνας
2282 3163 2538 3233 εποίησεν
2554 3179 2568 3194 υ
2595 3162 2653 3225 ὃς
2680 3160 2754 3215 ῶν
2776 3161 3118 3233 ἀπαύγασμα
3136 3161 3239 3231 τῆς
3259 3161 3418 3230 δόξης
3435 3176 3448 3190 ·
3473 3179 3492 3212 ι
3526 3159 3650 3222 θεὶς

394 3260 489 3313 riae
515 3258 580 3313 “.
620 3277 639 3310 ι
675 3257 811 3312 Cum
859 3258 1149 3327 posuisset,
1202 3256 1413 3325 Filius,
1465 3270 1579 3314 tuto
1615 3260 1757 3315 hunc
1801 3270 1961 3315 vocat

2073 3254 2143 3319 τὸ,
2195 3253 2354 3319 Υἱός,
2402 3253 2561 3308 καλεῖ
2590 3254 2779 3307 τοῦτον
2830 3254 3089 3324 ἀσφαλῶς
3144 3253 3238 3307 καὶ
3295 3251 3651 3321 ἀπαύγασμα

392 3350 554 3403 etiam
585 3349 922 3418 splendorem
955 3349 1136 3419 glorire
1163 3359 1218 3404 et
1258 3351 1608 3406 constitutum
1648 3351 1915 3407 heredem
1942 3368 1959 3407 :

392 3440 660 3493 haeredcm
712 3441 925 3509 quidem
976 3440 1267 3495 secundum
1307 3454 1523 3496 carnem
1572 3443 1958 3510 constitutum,

392 3528 730 3596 splendorem
763 3543 889 3583 vero
912 3539 1148 3598 paterna:
1171 3530 1363 3600 gloria:
1389 3532 1682 3586 secundum
1711 3533 1962 3587 divinita-

2060 3347 2182 3418 tﬁq~
2214 3346 2406 3417 δόξης,
2452 3346 2547 3402 καὶ
2610 3344 2763 3399 θετδν
2813 3346 3146 3417 κληρονόμον
3196 3345 3313 3415 μὲν,
3356 3343 3498 3397 κατά
3539 3343 3649 3414 τὴν

2064 3437 2243 3509 σάρκα
2275 3436 2451 3500 θετὸν,
2483 3436 2910 3506 ἀπαύγασμαιδὲ
2938 3436 3040 3506 τῆς
3074 3434 3169 3488 τοῦ
3204 3433 3416 3504 Πατρός
3458 3433 3648 3504 δόξης,

2062 3528 2204 3583 κατά
2225 3527 2323 3601 τὴν
2351 3527 2580 3598 θεότητα
2598 3545 2612 3559 ·
2642 3529 2703 3581 οὐ
2733 3527 2842 3599 γὰρ
2870 3526 3080 3597 ἀπέστη
3112 3527 3212 3596 τῆς
3242 3524 3379 3597 πρὸς
3406 3524 3498 3577 τὸν
3533 3524 3655 3577 Πα-

394 3631 500 3673 tem
536 3635 550 3673 :
584 3635 686 3673 non
726 3620 870 3674 enim
912 3620 1221 3677 incarnatus
1251 3623 1502 3677 discessit
1536 3638 1566 3677 a
1609 3623 1961 3680 similitudine

2073 3622 2195 3691 τέρα
2234 3618 2538 3692 σαρκωθεὶς
2571 3618 2909 3690 ὁμοιότητος.
2945 3616 3056 3670 Καὶ
3088 3616 3223 3683 πρός
3259 3630 3323 3683 γε
3361 3612 3426 3684 δὴ
3464 3611 3653 3682 τούτῳ

390 3704 592 3760 Patris.
640 3706 903 3760 Praeterea
938 3707 1017 3762 sic
1045 3723 1232 3764 rursus
1258 3710 1387 3764 dicit
1415 3726 1428 3763 :
1467 3730 1486 3763 ι
1515 3710 1781 3782 Tempora
1814 3714 1959 3769 enim

389 3798 711 3867 ignorantia:
741 3799 1045 3869 despiciens
1075 3800 1237 3866 Deus,
1267 3816 1410 3856 nunc
1443 3802 1696 3859 omnibus
1728 3804 1963 3859 homini-

390 3890 492 3944 bus
531 3893 813 3946 annuntiat
842 3902 899 3947 ut
944 3894 1315 3963 paenitentiam
1359 3904 1545 3963 agant,
1570 3910 1636 3949 eo
1677 3896 1820 3966 quod
1847 3907 1961 3952 Sta—

394 3980 495 4034 tuit
527 3981 667 4036 diem
703 3986 756 4036 in
790 3999 896 4053 quo
920 3983 1258 4053 iudicaturus
1281 3994 1362 4039 est
1385 3986 1570 4040 orbem
1596 3986 1649 4039 in
1682 3987 1958 4056 aequitate,

391 4070 447 4125 in
480 4072 597 4125 viro
621 4072 674 4125 in
708 4088 813 4140 quo
834 4077 1043 4140 statuit,
1077 4074 1234 4127 [idem
1265 4075 1510 4144 praebens
1534 4075 1808 4140 omnibus,
1838 4091 1963 4131 ευθ-

393 4163 568 4216 citans
619 4177 741 4215 eum
798 4178 827 4215 a
892 4166 1118 4217 mortuis
1153 4165 1219 4219 ".
1259 4183 1279 4215 ι
1330 4165 1463 4219 Cum
1508 4160 1656 4233 prius
1693 4166 1958 4221 dixisset:

399 4268 420 4302 ι
460 4250 515 4303 In
547 4251 683 4317 viro,
721 4271 741 4304 ι
785 4261 893 4306 tum
938 4252 1065 4305 illud
1109 4253 1428 4322 subjungit:
1471 4272 1489 4304 ι
1529 4254 1810 4309 Suscitans
1838 4269 1961 4310 eum

394 4355 424 4393 ι
462 4340 722 4405 mortuis;
757 4361 776 4393 ι
809 4356 876 4395 ηε
902 4342 1024 4410 quis
1062 4342 1401 4397 divinitatem
1442 4345 1714 4399 hominem
1759 4345 1959 4402 factam

392 4444 515 4486 esse
542 4441 810 4486 mortuam
838 4434 1161 4504 suspicetur.
1202 4431 1251 4506 ι]

1039 4565 1190 4622 CAP.
1232 4565 1327 4622 ΠΙ.

469 4690 600 4759 Quis
642 4708 773 4764 ergo
819 4693 908 4750 ille
940 4705 1024 4750 est
1058 4696 1407 4753 incarnatus?
1442 4707 1535 4754 aut
1562 4713 1671 4769 quo
1711 4699 1962 4755 incarna-

396 4793 485 4840 tus
515 4784 710 4839 modo?
749 4801 868 4855 quae
918 4789 1081 4841 etiam
1126 4788 1380 4843 divinitas
1426 4789 1586 4843 homo
1618 4788 1803 4845 facta?
1852 4790 1961 4856 dic,

396 4889 599 4943 quaeso,
643 4876 725 4930 vir
761 4878 963 4948 optime
993 4896 1006 4932 :
1042 4876 1102 4933 id
1132 4880 1273 4934 enim
1304 4894 1526 4935 avemus
1561 4881 1789 4937 discere.
1825 4880 1962 4936 Num

399 4966 741 5021 incarnatum
780 4982 901 5041 esse
941 4971 1301 5026 concedemus
1344 4972 1516 5042 ipsum
1559 4972 1623 5027 de
1662 4974 1771 5029 Deo
1803 4973 1966 5029 Deum

399 5053 660 5123 Verbum,
693 5068 749 5112 et
787 5059 1138 5117 humanatum
1172 5078 1476 5119 asseremus
1505 5074 1761 5135 tanquam
1795 5066 1965 5121 nostri

399 5147 630 5202 similem
662 5149 884 5215 factum,
907 5161 959 5207 et
988 5168 1152 5208 carne
1182 5163 1364 5209 natum
1386 5153 1413 5209 ἲ
1435 5171 1501 5209 an
1540 5155 1593 5209 id
1632 5156 1778 5211 nullo
1807 5157 1965 5211 modo

400 5239 779 5305 concedemus,
818 5244 913 5297 sed
956 5244 1227 5300 hominem
1275 5247 1703 5303 existimabimus
1750 5249 1816 5304 ad
1862 5249 1967 5304 hoc

402 5330 618 5382 venisse
644 5344 766 5383 cum
810 5333 916 5385 Deo
942 5335 1311 5402 conjunctum,
1337 5346 1395 5391 ut
1425 5337 1537 5407 ipse
1568 5338 1810 5393 asseris?
1836 5339 1961 5404 Sed,

404 5419 508 5473 nisi
556 5419 734 5485 fallor,
784 5422 929 5477 dices
964 5427 1154 5481 melius
1194 5438 1249 5481 et
1293 5429 1592 5499 sapientius
1624 5444 1744 5484 esse
1792 5430 1967 5501 ipsum

2062 3712 2223 3765 πάλιν
2248 3710 2391 3765 οὕτω
2433 3710 2597 3780 φησι·
2635 3728 2654 3761 ι
2681 3710 2822 3772 Τοὺς
2869 3707 2979 3777 γὰρ
3011 3706 3238 3778 χρόνους
3272 3704 3374 3775 τῆς
3417 3702 3655 3772 ἀγνοίας

2063 3801 2331 3873 ὑπεριδὼν
2376 3804 2404 3855 ό
2436 3800 2604 3863 Θεὸς,
2650 3799 2818 3854 τανῦν
2857 3800 3024 3853 πᾶσιν
3075 3795 3385 3868 ἀνθρώποις
3425 3809 3657 3864 παραγκ-

2061 3893 2243 3963 γέλλει
2316 3895 2633 3965 μετανοεῖν·
2688 3890 2885 3946 καθότι
2937 3890 3163 3959 ἔστησεν
3211 3885 3448 3958 ἡμέραν,
3498 3886 3563 3938 ὲν
3618 3880 3658 3958 ᾖ

2067 3986 2250 4058 μέλλει
2298 3984 2504 4054 κρίνειν
2551 3984 2652 4054 τὴν
2703 3980 3031 4051 οἰκουμένην
3073 3980 3141 4034 ὲν.
3179 3977 3362 4047 ἀνδρὶ,
3390 3968 3434 4044 ᾧ
3476 3975 3660 4046 ὥρισε

2066 4076 2371 4151 [ὡρίσατο],
2398 4076 2579 4131 πίστιν
2606 4072 2904 4146 παρασχὼν
2932 4074 3117 4132 πᾶσιν.
3145 4070 3456 4139 ἀναστήσας
3485 4066 3663 4122 αὑτὸν

2064 4171 2127 4224 ὲκ
2159 4168 2388 4240 νεκρῶν.
2417 4187 2436 4219 ι
2473 4166 2746 4235 Πρότερον
2790 4162 2983 4225 εἰπὼν,
3019 4179 3038 4212 ι
3082 4159 3172 4213 Ἐν
3205 4158 3382 4228 ἀνδρὶ,
3407 4176 3428 4209 ι
3469 4173 3659 4229 προσ-

2063 4259 2243 4329 τίθησι
2276 4258 2393 4310 τότε
2422 4257 2503 4319 τὸ,
2530 4274 2549 4306 ι
2592 4254 2927 4324 ’Λναστήσας
2955 4250 3115 4305 αὐτὸν
3144 4252 3207 4302 ἐκ
3231 4246 3443 4317 νεκρῶν
3462 4264 3478 4280 ο
3506 4266 3527 4300 ι
3564 4248 3660 4302 ἴνα

2067 4348 2254 4418 μηδεὶς
2297 4348 2397 4417 τὴν
2449 4343 2953 4417 ὲνανθρωπήσασαν,
2986 4337 3287 4411 ὑποπτεύῃ,
3318 4330 3661 4411 τεθνηκέναι

2066 4437 2341 4510 θεότητα.]

2649 4570 2905 4625 ΚΕΦΛΛ.
2941 4568 3019 4625 1".

2136 4709 2231 4774 Τίς
2262 4701 2356 4761 οὖν
2382 4706 2491 4777 ἄρα
2518 4703 2667 4757 ἐστὶν
2693 4705 2722 4757 ὁ
2752 4700 3204 4774 σεσαρκωμένος;
3241 4698 3276 4771 ἢ
3303 4697 3433 4752 τινα
3465 4700 3673 4771 σεσάρρ

2067 4817 2238 4855 κωται
2269 4798 2503 4870 τρόπον;
2539 4794 2664 4848 ποία
2691 4794 2748 4847 δὲ
2771 4793 2963 4863 θεότης
2991 4791 3491 4861 ὲνανθρωπήσασα,
3521 4792 3672 4862 φρά-

2070 4907 2192 4954 σαις
2224 4888 2310 4956 ἂν,
2342 4883 2388 4942 ὦ
2423 4886 2689 4958 βέλτιστε,
2720 4886 2834 4948 τοῖς
2865 4882 3110 4936 ἐθέλουσι
3144 4879 3355 4949 μαθεῖν.
3384 4874 3543 4949 Ἀρα
3575 4895 3670 4932 σε-

2067 4973 2386 5048 σαρκῶσθαι
2422 4971 2667 5043 δώσομεν
2709 4972 2803 5023 τὸν
2849 4972 2915 5023 ἐκ
2951 4969 3086 5023 Θεοῦ
3135 4967 3267 5020 Θεὸν
3304 4966 3523 5033 Λόγον·
3567 4968 3670 5020 καὶ

2064 5064 2487 5137 ὲνανθρωπῆσαί
2515 5079 2696 5134 φαμεν
2720 5061 2904 5124 αὐτὸν,
2930 5059 3007 5123 ὡς
3035 5057 3159 5114 καθ’
3181 5058 3330 5127 ἡμᾶς
3357 5056 3667 5124 γεγονότα,

2062 5159 2159 5212 καὶ
2187 5156 2586 5228 γεγεννημένον
2615 5155 2814 5226 σαρκίς
2846 5153 2880 5223 ἢ
2916 5151 3074 5207 τοῦτο
3116 5149 3218 5219 μὲν
3250 5146 3538 5216 οὐδαμῶς,
3570 5150 3672 5204 ἀν-

2062 5250 2281 5321 θρωπον
2315 5249 2373 5303 δὲ
2413 5247 2706 5319 νομιοῦμεν
2744 5245 2883 5317 πρός
2928 5240 3089 5296 τοῦτο
3118 5238 3313 5303 ἐλθεῖν,
3358 5237 3487 5310 Θεῷ
3530 5257 3672 5295 συν-

2064 5340 2331 5412 ημμένον,
2360 5340 2501 5394 κατά
2522 5339 2616 5404 σέ;
2652 5337 2789 5390 Ἀλλ’
2819 5332 2994 5406 οἶμαι,
3027 5331 3194 5403 φαίης
3214 5331 3304 5397 ἂν,
3328 5330 3409 5397 ὡς
3433 5332 3674 5405 ἄμεινον

2032 5431 2129 5501 -δή
2165 5447 2266 5483 που
2302 5431 2396 5484 καὶ
2431 5430 2613 5498 σοφὸν,
2634 5427 2697 5480 τὸ
2734 5423 3150 5495 ὲνανθρωπῆσαι
3186 5425 3411 5494 φρονεῖν
3458 5425 3557 5480 τὸν
3602 5428 3672 5480 ἔκ

402 5526 469 5568 ex
509 5513 617 5567 Deo
641 5511 871 5568 Verbum
895 5524 1082 5584 putare
1107 5518 1377 5576 hominem
1409 5518 1608 5577 factum
1634 5530 1689 5576 et
1718 5521 1968 5578 incarna-

2073 5516 2206 5573 Θεοῦ
2243 5521 2435 5590 Λόγον,
2463 5520 2555 5573 καὶ
2587 5517 2767 5588 σάρκα
2794 5514 3068 5585 γενέσθαι,
3100 5513 3246 5569 κατὰ
3273 5513 3377 5579 τὰς
3408 5516 3667 5588 Γραφάς.

412 5750 417 5755 _
485 5691 529 5723 "
564 5689 707 5748 Psal.
730 5705 828 5760 cu,
868 5689 953 5747 ιι.
1012 5691 1076 5768 β’
1104 5690 1265 5752 llebr.
1288 5696 1398 5766 1,2,
1421 5697 1475 5755 ὅ.
1546 5701 1589 5735 ιτ
1623 5702 1744 5760 Act.
1777 5697 2025 5768 “11,50,
2051 5697 2139 5752 51.
