4004 6202
326 318 399 372 3³
1470 302 1838 361 Αυιέιιευε
1874 300 2275 359 Νεετοιιιυιι
2309 300 2438 357 LIB.
2480 300 2522 357 ι.
3516 283 3606 368 ‘u

337 428 415 481 υύ
439 426 548 498 γάρ
573 442 678 479 που
700 424 783 487 τὸ,
803 424 863 477 ἐν
880 416 926 491 ᾦ
942 422 1027 487 τίς
1054 421 1226 484 ἐστιν,
1248 418 1429 492 ὁρῷτο
1447 420 1532 486 ἂν,
1554 416 1726 491 οἶμαι,
1756 436 1926 490 προσ-

2042 427 2169 485 tum,
2201 428 2261 473 ut
2290 416 2585 487 Scripturze
2627 418 2861 475 tradunt.
2901 418 3087 491 Neque
3122 425 3267 481 enim
3305 427 3361 484 id
3405 430 3457 485 in
3497 445 3606 502 quo

335 512 548 570 λαϐὼν
576 516 630 569 εί
658 514 719 568 δὲ
749 514 815 585 δὴ
850 511 1063 581 γένοιτό
1098 528 1217 574 πως
1251 511 1311 563 ὲν
1351 506 1433 574 οἷς
1471 510 1568 563 οὐκ
1610 511 1668 563 ὲν
1707 512 1925 582 ἀρχαῖς,

336 605 858 678 κεκαινουργεῖσθαί
887 623 939 657 τι
971 603 1099 675 περὶ
1122 603 1286 655 αὐτὸν
1311 600 1598 668 ὲκδείξειεν
1623 601 1689 654 ἂν
1713 604 1741 655 ὁ
1772 602 1929 670 λόγος

341 699 523 762 εὐθύς.
556 697 768 752 Οὐκοῦν
800 696 1012 768 ἀμαθὲς
1041 694 1103 748 τδ
1140 683 1556 763 ὲνανθρωπῆσαι
1603 690 1801 759 λέγειν,
1837 690 1928 745 καὶ

347 792 525 862 σάρκα
568 789 827 859 γενέσθαι
862 786 988 840 τινὰ
1036 785 1147 839 τῶν
1196 783 1496 837 τελούντων
1530 783 1588 836 ὲν
1631 784 1785 854 ἡμῖν,
1834 781 1930 835 καὶ⁵

342 885 469 946 τοὺς
500 883 600 951 τῆς
631 878 1059 949 άνθρωπότητος
1099 877 1257 945 ὄρους
1306 873 1682 943 ἐκϐεϐηκόταο
1731 872 1930 944 πρέποι

344 974 390 1027 δ’
424 974 514 1038 ἄν,
547 972 644 1026 καὶ
690 971 838 1042 μάλα
885 969 1130 1033 εἰκότως,
1171 969 1205 1037 ἠ
1238 964 1669 1036 ἐνανθρώπησις,
1700 966 1865 1037 ἧγουν
1896 967 1930 1036 ἡ

348 1066 653 1136 σάρκωσις,
683 1065 750 1132 τῇ
780 1061 883 1129 τῆς
916 1057 1337 1129 ἀνθρωπότητος
1367 1056 1623 1108 ἐπέκεινα
1656 1055 1833 1124 φύσει.
1869 1055 1932 1108 El

349 1155 413 1208 δὲ
453 1152 869 1222 ὲνηνθρὼπησεν
903 1148 1141 1219 ἀληθῶς,
1175 1147 1270 1200 καὶ
1301 1146 1491 1214 γέγονε
1530 1145 1683 1216 σὰρξ,
1728 1145 1934 1216 ἅνθρω-

361 1262 469 1308 πος
496 1244 558 1314 δή
590 1261 687 1296 που
711 1241 946 1296 νοεῖσθαι
980 1240 1362 1302 πεπίστευται,
1394 1236 1490 1290 καὶ
1519 1237 1618 1289 οὐκ
1663 1236 1933 1307 ἀνθρώπῳ

363 1335 467 1386 τινὶ
494 1332 858 1403 συνημμένος,
898 1329 1042 1383 κατά
1075 1330 1243 1399 μόνην
1288 1328 1385 1397 τὴν
1420 1326 1712 1397 ἐνοίκησιν,
1741 1328 1931 1397 ἠγουν,

354 1424 499 1477 κατά
545 1441 668 1476 τινα
719 1422 829 1475 τῶν
881 1419 1082 1483 ἔξωθεν
1131 1419 1269 1488 ἔχων
1314 1417 1426 1488 [τον.
1477 1416 1760 1487 exessum],
1814 1417 1933 1488 ἦτοι

356 1516 677 1582 συνάφειαν,
710 1512 785 1574 ὡς
812 1513 877 1563 σὺ
911 1512 1040 1580 φής.
1075 1508 1223 1579 Πλὴν
1265 1510 1313 1560 εί
1340 1507 1432 1559 καὶ
1463 1508 1681 1574 γέγονεν
1724 1507 1935 1577 ἀνθρω-

350 1622 474 1670 πος,
512 1602 888 1673 ἀναπόϐλητον
917 1602 1031 1671 ἔχει
1077 1600 1140 1652 τὸ
1180 1595 1319 1651 εἶναι
1354 1598 1504 1661 Θεός.
1555 1597 1689 1652 Οὔτε
1732 1598 1789 1649 δὲ
1836 1598 1935 1667 τῆς

351 1696 554 1765 σαρκὸς
586 1698 669 1758 είς
712 1694 813 1764 τὴν
850 1692 948 1762 τῆς
986 1691 1238 1760 θεότητος
1272 1688 1433 1757 φύσιν
1468 1687 1721 1756 γενέσθαι
1757 1688 1935 1757 φαμὲν

2032 518 2136 576 est,
2163 524 2441 565 assumere
2460 508 2744 579 quisquam
2776 513 3054 568 cernitur:
3087 518 3182 579 sed
3216 519 3263 574 si
3297 534 3359 573 ea
3401 536 3602 593 sumat,

2032 603 2085 657 in
2112 601 2307 671 quibus
2344 610 2504 655 antea
2539 614 2644 654 non
2674 611 2812 669 erat,
2856 603 3057 674 aliquid
3088 607 3229 662 circa
3265 609 3438 679 ipsunt
3485 629 3606 670 esse

2031 692 2343 747 innovatum
2367 692 2549 747 statim
2590 693 2772 747 verbis
2808 696 3002 765 exponi
3041 695 3143 766 15
3185 702 3401 767 poterit.
3434 701 3606 773 lgitur

2031 784 2253 838 stultum
2281 782 2353 836 sit
2388 782 2660 837 hominem
2684 781 2886 838 factum
2921 785 3105 840 dicere
3139 797 3233 841 aut
3263 791 3602 848 incarnatum

2033 865 2266 939 aliquem
2313 887 2379 927 ex
2419 881 2605 927 nostro
2660 889 2907 938 numero,
2959 885 3015 931 et
3074 879 3208 934 lines
3252 880 3605 940 humanitatis

2034 966 2375 1020 excessisse:
2411 965 2504 1019 sed
2538 964 2652 1018 ﬁeri
2699 966 2998 1035 hominem,
3029 969 3114 1023 vel
3146 970 3442 1040 incaruari,
3476 992 3607 1031 con-

2032 1046 2439 1112 venientissime
2472 1057 2524 1111 in
2550 1066 2797 1111 naturam
2826 1060 2989 1124 cadit,
3016 1075 3135 1128 qua:
3170 1064 3311 1117 ultra
3349 1065 3482 1121 ﬁnes
3509 1070 3611 1123 hu-

2034 1145 2310 1200 manitatis
2346 1146 2615 1199 consistit.
2645 1146 2797 1214 Quod
2844 1149 2889 1202 si
2934 1164 3057 1205 vere
3102 1151 3265 1206 homo
3304 1155 3483 1211 factus
3527 1169 3610 1214 est

2034 1246 2087 1291 et
2111 1250 2260 1299 caro,
2292 1237 2477 1306 procul
2507 1236 2672 1293 dubio
2717 1240 2987 1295 hominem
3037 1257 3157 1299 esse
3202 1245 3607 1318 intelligendum

2036 1327 2142 1380 lide
2172 1337 2450 1396 receptum
2487 1334 2589 1391 est,
2620 1343 2727 1381 non
2757 1329 2960 1385 homini
3011 1332 3227 1387 cuidam
3258 1338 3610 1405 conjunctum

2036 1432 2129 1485 per
2158 1417 2327 1472 solam
2368 1418 2846 1484 inhabitationem,
2893 1423 2972 1477 vel
3012 1439 3108 1493 per
3146 1426 3384 1497 aliquam
3428 1440 3613 1485 exter-

2037 1524 2159 1562 nam
2192 1509 2581 1573 habitudinem,
2609 1525 2725 1576 seu,
2758 1523 2814 1566 ut
2856 1522 2911 1567 ιιι
2943 1515 3100 1579 dicis,
3144 1518 3606 1588 conjunctionem.

2037 1600 2421 1655 Verumtamen
2447 1604 2658 1656 etiamsi
2695 1603 2870 1659 factus
2917 1617 2999 1660 est
3037 1608 3221 1673 homo,
3253 1629 3359 1667 nou
3414 1617 3613 1674 desinit

2038 1708 2157 1749 esse
2180 1692 2344 1748 Deus.
2380 1694 2568 1764 Neque
2595 1710 2721 1750 vero
2750 1712 2967 1753 carnem
3005 1700 3057 1754 in
3085 1700 3179 1757 Dei
3208 1717 3458 1762 naturam
3487 1726 3611 1767 esse

355 1785 678 1855 μεταϐολὴν,
729 1781 1015 1853 ἡγούμεθα
1063 1781 1118 1833 δὲ
1169 1779 1264 1833 καὶ
1306 1778 1366 1832 τὸ
1411 1778 1644 1849 ἔμπαλιν
1687 1780 1785 1848 οὐχ
1832 1772 1935 1831 ὦδε

2042 1796 2301 1840 mutatam
2331 1787 2580 1854 dicimus,
2622 1802 2797 1858 neque
2841 1794 3145 1848 econtrario
3185 1796 3264 1850 sic
3310 1812 3369 1853 se
3408 1799 3613 1861 habere

350 1875 525 1944 ἔχειν·
575 1874 857 1944 μεμένηκε
906 1872 1018 1941 γάρ
1051 1872 1086 1941 ἡ
1125 1869 1218 1922 τοῦ
1258 1869 1431 1937 Λόγου
1459 1868 1600 1921 τοῦθ’
1628 1869 1764 1940 ὅπερ
1798 1870 1931 1934 ἐστὶ,

352 1968 444 2021 καὶ
475 1965 744 2019 ένωθεῖσα
793 1964 979 2033 σαρκί.
1012 1960 1224 2015 οὐκοῦν
1257 1961 1295 2014 ἃ
1347 1960 1535 2031 μηδεὶς
1580 1960 1683 2014 κᾶν
1716 1959 1844 2028 γοῦν
1878 1962 1935 2015 έν

351 2058 536 2129 ψιλαῖς
583 2057 815 2118 ἐννοίαις
860 2056 1077 2125 φρονεῖν
1122 2052 1283 2117 ἀξιοῖ,
1316 2052 1405 2105 διά
1435 2051 1591 2105 ποίαν
1638 2052 1815 2105 αἰτίαν
1861 2050 1936 2115 ὡς

360 2148 585 2219 ἀληθῶς
616 2148 875 2219 εἰρημένα
908 2146 1079 2209 τιθεὶς
1111 2148 1169 2199 ὲν
1196 2148 1311 2208 τοῖς
1358 2144 1550 2199 ἑαυτοῦ
1601 2145 1798 2213 λόγοις,
1827 2146 1936 2206 τοῖς

369 2242 477 2311 τῆς
504 2241 783 2303 εύσεῦείας
813 2241 1035 2311 δόγμασι
1070 2239 1348 2293 συναθλεῖν
1379 2240 1680 2310 ὑποκρίνῃς
1721 2240 1794 2291 Τὸ
1837 2238 1937 2308 μὲν

386 2333 495 2401 γὰρ
541 2331 637 2398 τῆς
683 2331 926 2399 κράσεως
958 2331 1143 2399 ὄνομα,
1177 2327 1455 2382 τεθείκασί
1501 2346 1645 2392 τινες
1692 2327 1787 2382 καὶ
1829 2327 1936 2381 τῶν

379 2420 569 2488 ἁγίων
607 2421 882 2490 Πατέρων·
935 2421 1114 2491 ἐπειδὴ
1150 2420 1380 2473 δεδιέναι
1413 2413 1542 2491 φὴς,
1587 2422 1661 2491 μὴ
1707 2420 1814 2490 ἄρα
1853 2434 1939 2482 τις

362 2512 655 2580 άνάχυσις
682 2512 954 2581 συμὸἧναι
979 2513 1212 2583 νομισθῇ,
1258 2511 1510 2582 καθάπερ
1550 2513 1609 2564 ἐν
1636 2511 1785 2577 τάξει
1829 2509 1939 2563 τῶν

361 2602 629 2671 ἀλληλοις
711 2603 1175 2673 συγκεχραμένων
1221 2603 1398 2675 ὓγρῶν
1419 2645 1434 2668 ,
1498 2602 1823 2657 ἀπαλλάττω
1878 2618 1938 2654 σε

360 2695 676 2764 δειμάτωνο
711 2697 1090 2765 πεφρονήκασι
1124 2696 1226 2766 γάρ
1265 2697 1360 2766 οὐχ
1410 2689 1509 2763 ὧδε
1533 2712 1545 2724 ·
1596 2696 1792 2761 πόθενς
1842 2712 1941 2748 κα-

359 2786 726 2856 τακέχρηνται
755 2785 812 2837 δὲ
860 2789 924 2855 τῇ
973 2785 1133 2852 λέξει,
1160 2788 1257 2856 τὴν
1286 2789 1365 2850 εἰς
1407 2787 1574 2857 ἄκρον
1612 2786 1804 2839 ἕνωσιν
1834 2785 1941 2838 τῶν

364 2877 616 2948 ἀλλήλοις
667 2877 1095 2947 συμϐεϐηκότων
1143 2877 1477 2949 καταδηλοῦν
1531 2876 1937 2941 σπουδάζοντες.

362 2968 646 3039 Συμῦἧναι
696 2968 752 3021 δέ
797 2986 978 3038 φαμεν
1030 2969 1151 3023 καθ’
1192 2971 1386 3024 ἕνωσιν
1428 2970 1812 3032 ἀδιάσπαστον,
1850 2968 1942 3021 καὶ

2036 1893 2342 1934 censemus.
2372 1878 2568 1934 Mansit
2601 1882 2746 1934 enim
2777 1881 2936 1936 Verbi
2968 1896 3160 1941 natura
3204 1889 3433 1956 idipsum
3463 1896 3611 1963 quod

2035 1980 2142 2037 est,
2174 1970 2336 2025 etiam
2362 1971 2509 2025 unita
2533 1974 2705 2027 carni.
2740 1972 2905 2043 Igitur
2936 1992 3055 2043 qua;
3080 1993 3331 2036 nemone
3360 1982 3462 2039 levi
3489 1989 3612 2055 qui-

2035 2063 2158 2116 dem
2186 2060 2518 2129 cogitatione
2562 2064 2842 2117 sentienda
2871 2078 3074 2132 censet,
3105 2084 3167 2123 ea
3208 2084 3313 2139 qua
3341 2074 3406 2127 de
3446 2090 3610 2132 causa

2041 2162 2291 2222 tanquam
2319 2168 2379 2208 re
2409 2168 2534 2208 vera
2569 2155 2711 2210 dicta
2742 2171 2863 2209 cum
2904 2158 2957 2212 in
2998 2162 3105 2214 tuis
3141 2164 3486 2223 certnouibus
3515 2184 3613 2238 po-

2037 2243 2232 2308 sueris,
2250 2258 2346 2312 pro
2367 2242 2582 2321 pietatis
2601 2245 2939 2314 dogmatibus
2958 2257 3008 2302 te
3037 2250 3317 2307 decertare
3345 2255 3568 2313 simulas
3586 2257 3612 2313 2

2037 2337 2171 2392 Nam
2230 2337 2500 2391 tnistionis
2554 2352 2749 2392 nomen
2801 2352 3100 2407 posuerunt
3148 2347 3390 2401 nonnulli
3444 2350 3609 2404 etiam

2037 2432 2207 2487 sancti
2236 2431 2423 2486 Patres
2458 2449 2473 2484 :
2516 2431 2610 2486 sed
2652 2433 2777 2502 quia
2830 2444 3071 2499 metuere
3101 2445 3154 2493 te
3186 2439 3343 2502 dicis.
3386 2456 3455 2495 ne
3502 2458 3609 2512 qua

2038 2522 2283 2576 confusio
2325 2522 2619 2590 contigisse
2658 2522 3016 2589 existimetur,
3057 2526 3123 2579 ad
3165 2528 3337 2582 instar
3377 2529 3613 2598 liquido-

2041 2624 2162 2662 rum
2196 2622 2317 2677 qua:
2354 2608 2498 2661 inter
2534 2621 2594 2662 se
2631 2618 2816 2663 mutuo
2846 2612 3303 2683 contmiscentur;
3352 2618 3525 2674 libero
3559 2632 3613 2678 te

2041 2701 2143 2753 hoc
2174 2709 2316 2753 metu
2344 2716 2358 2752 :
2388 2716 2494 2755 non
2529 2699 2609 2755 sic
2643 2700 2718 2756 illi
2763 2715 3087 2773 senserunt;
3122 2708 3386 2766 minime:
3423 2714 3514 2767 sed
3546 2730 3611 2769 ea

2044 2803 2171 2843 voce
2191 2797 2315 2843 sunt
2345 2791 2520 2854 abusi,
2552 2806 2679 2845 cum
2713 2806 2976 2847 summam
3004 2798 3256 2854 unionem
3303 2817 3482 2857 rerum
3525 2806 3613 2859 in-

2045 2891 2125 2935 ter
2155 2896 2211 2935 se
2242 2882 2677 2936 convenientium
2725 2889 3013 2941 ostendere
3055 2890 3357 2946 studerent.
3395 2895 3613 2949 Conve—

2045 2972 2189 3025 nisse
2223 2980 2403 3024 autem
2439 2971 2671 3026 dicimus
2708 2988 2828 3026 cum
2874 2978 3089 3045 propria
3138 2995 3304 3035 carne
3344 2983 3436 3037 Dei
3485 2985 3615 3040 Ver-

365 3060 741 3124 ἀναλλοιώτως
780 3062 1025 3131 ἔχουσαν,
1078 3065 1144 3133 τῇ
1188 3062 1293 3134 ἰδίᾳ
1342 3064 1507 3136 σαρκὶ
1556 3064 1646 3117 τὸν
1688 3064 1753 3116 ἐκ
1803 3061 1938 3116 Θεοῦ

2046 3061 2169 3115 bum
2218 3061 2415 3115 unione
2472 3062 2820 3129 inseparabili
2856 3074 3039 3133 atque.
3067 3068 3409 3126 immutabili.
3464 3073 3611 3141 lpSas

366 3154 568 3222 Λόγον.
616 3153 925 3223 Εὐρησομεν
971 3154 1031 3207 δὲ
1084 3154 1179 3207 καὶ
1228 3154 1396 3226 αὐτὴν
1435 3156 1534 3225 τὴν
1585 3153 1939 3208 θεόπνευστον

371 3245 609 3316 Γραφὴν,
657 3244 718 3297 οὐ
754 3245 954 3316 σψόδρα
986 3245 1086 3316 τὴν
1129 3244 1274 3310 λέξιν
1319 3245 1817 3309 ὲκὸασανίξουσαν*
1860 3261 1944 3297 τι-

370 3336 551 3390 θεῖσαν
599 3335 656 3388 δὲ
705 3335 907 3405 μᾶλλον
954 3335 1031 3397 ὡς
1072 3338 1132 3389 ὲν
1186 3337 1542 3408 καταχρήσει,
1590 3336 1682 3388 καὶ
1731 3333 1939 3398 ἁπλῶς.

363 3428 404 3479 Γ
408 3428 615 3498 ἔγραφε
642 3426 776 3496 γοῦν
804 3430 834 3481 ὁ
859 3426 1143 3492 θεσπέσιος
1161 3425 1369 3490 Παῦλος
1399 3427 1526 3499 περί
1557 3442 1735 3479 τινωνο
1762 3445 1779 3477 ι
1803 3424 1941 3477 Ἀλλ’

365 3520 467 3572 οὐκ
511 3518 796 3588 ὠφέλησεν
824 3521 854 3572 ὁ
885 3518 1041 3587 λόγος
1071 3519 1170 3589 τῆς
1197 3519 1367 3590 ἀκοῆς
1397 3519 1660 3581 ἐκείνους,
1694 3516 1770 3588 μὴ
1813 3531 1943 3583 συγ-

365 3611 746 3682 κεκραμένους
795 3613 864 3682 τῇ
932 3611 1115 3663 πίστει
1164 3613 1275 3674 τοῖς
1340 3609 1657 3665 ἀκούσασιν.
1722 3628 1741 3659 ι
1797 3603 1983 3679 ’Δραη

363 3704 473 3775 γάρ
504 3702 737 3773 ἔμελλον
766 3702 908 3755 κατά
950 3700 1045 3755 τὸν
1071 3701 1162 3755 σὺν
1209 3702 1410 3773 τρόπον
1448 3698 1943 3770 συνανακιρνᾶσθαί

367 3812 429 3848 τε
460 3794 732 3864 άλλήλοκ,
781 3793 1033 3865 καθάπερ
1079 3793 1269 3864 ἀμέλει
1311 3793 1404 3846 καὶ
1450 3786 1589 3854 οἶνος
1628 3784 1799 3853 ὕδατι,
1849 3790 1945 3842 καὶ

373 3888 633 3957 ἀνάχυσίν
662 3903 780 3938 τινα
819 3886 925 3938 τῶν
955 3886 1303 3938 ὑποστάσεων
1329 3882 1427 3955 τὴν
1459 3884 1539 3946 εἰς
1581 3881 1816 3952 ἀλλήλας
1844 3897 1945 3933 πα-

378 3979 517 4041 θεῖν,
549 3979 601 4029 οἱ
633 3978 757 4045 περὶ
800 3970 872 4029 ὧν
912 3978 942 4029 ό
984 3975 1161 4043 λόγος,
1197 3974 1230 4045 ἢ
1265 3973 1462 4045 μᾶλλον
1513 3970 1764 4024 ὲνοῦσθαι
1806 3968 1947 4022 κατὰ

389 4066 594 4137 ψυχὴν,
616 4067 754 4117 κατά
782 4082 841 4133 γε
863 4065 924 4118 τὺ
949 4067 1009 4119 ἐν
1034 4068 1153 4128 ταῖς
1184 4064 1453 4129 Πράξεσιν
1477 4062 1585 4114 τῶν
1610 4059 1777 4129 ἁγίων
1813 4059 1946 4112 ἀπο-

382 4158 592 4211 στόλων
624 4157 993 4228 γεγραμμένον
1013 4197 1029 4222 ,
1058 4158 1139 4210 ὅτι
1183 4154 1275 4209 τοῦ
1311 4153 1546 4225 πλήθους
1574 4152 1682 4205 τῶν
1722 4167 1946 4204 πιστευ-

371 4250 591 4304 σάντων
618 4244 687 4319 ἧν
713 4251 744 4318 ἡ
774 4248 1009 4318 καρδία,-
1035 4249 1128 4299 καὶ
1163 4245 1365 4317 ἡψυχὴ
1397 4246 1529 4315 μία;
1574 4243 1735 4309 Ἀλλ’,
1771 4240 1945 4314 οἶμαι,

363 4342 528 4397 τοῦτό
557 4344 711 4394 ἐστιν
748 4340 967 4410 ἀληθὲς,
1002 4339 1035 4410 ἣ
1068 4340 1262 4392 ἐκεῖνο.
1304 4338 1449 4403 Ἐξω
1479 4336 1544 4407 δὴ
1574 4332 1667 4390 οὖν
1696 4336 1803 4389 τῶν
1852 4334 1947 4388 ἐπὶ

356 4434 582 4495 τούτοις
612 4433 709 4485 ἔσο
738 4431 1008 4502 δειμάτων
1027 4447 1040 4460 ·
1077 4428 1323 4501 ἀσφαλὴς
1347 4429 1454 4498 γάρ
1484 4428 1603 4481 λίαν
1634 4426 1743 4481 τῶν
1776 4426 1944 4495 ἁγίων
1976 4437 2025 4495 D

359 4527 394 4580 ὀ
427 4519 579 4586 νοῦς.

449 4614 675 4682 Ἐπειδὴ
709 4614 766 4666 δὲ
798 4613 857 4666 τὸ
882 4612 1299 4684 ὲνανθρωπῆσαι
1329 4611 1507 4680 λέγειν
1528 4610 1626 4680 τὴν
1652 4608 1747 4663 τοῦ
1778 4609 1949 4678 Λόγου

359 4708 554 4778 φύσιν,
593 4706 752 4759 οὐδὲν
786 4706 996 4777 ἕτερον,
1026 4703 1205 4775 οἶμαι,
1233 4705 1401 4768 ἐστὶν,
1438 4703 1470 4774 ἢ
1503 4704 1676 4755 ἐκεῖνο
1710 4702 1948 4771 φρονεῖν,

2044 3165 2258 3219 quoque
2289 3164 2477 3204 sacras
2516 3148 2747 3207 Litteras
2789 3153 3124 3210 inveniemus
3176 3173 3280 3213 non
3323 3162 3613 3220 admodum

2043 3242 2205 3296 anxie
2236 3242 2337 3296 hac
2369 3256 2499 3296 voce
2538 3258 2685 3309 usus,
2714 3244 2806 3298 sed
2839 3244 3064 3301 abusive
3095 3251 3274 3318 potius
3317 3232 3381 3307 ac
3409 3256 3617 3326 simpli-

2044 3332 2181 3388 cius.
2216 3332 2407 3401 ltaque
2431 3334 2496 3386 de
2537 3334 2856 3401 quibusdam
2885 3338 3103 3406 scripsit
3148 3342 3338 3398 beatus
3365 3342 3564 3401 Paulus
3597 3366 3613 3403 :

2051 3440 2069 3474 ι
2109 3421 2215 3477 Sed
2246 3437 2351 3477 non
2379 3422 2580 3492 prul'nit
2612 3423 2713 3477 illis
2751 3440 2933 3480 sermo
2968 3431 3202 3496 auditus,
3235 3448 3340 3489 non
3373 3440 3617 3496 admistis

2045 3516 2169 3571 lidei
2210 3515 2278 3571 iis
2311 3515 2403 3586 qui
2428 3516 2713 3570 audierunt
2748 3515 2815 3573 “.
2853 3536 2871 3569 ι
2912 3518 3051 3574 Num
3099 3523 3261 3592 igitur
3306 3526 3362 3593 ii,
3393 3531 3458 3583 de
3495 3532 3620 3600 qui-

2045 3609 2147 3664 bus
2191 3608 2452 3678 loquitur,
2480 3623 2590 3677 quo
2620 3620 2674 3662 tu
2700 3608 2836 3663 dicis
2867 3613 3027 3667 modo
3054 3618 3439 3674 commisceudi
3462 3632 3621 3679 erant

2045 3700 2192 3755 inter
2220 3715 2280 3755 se
2322 3711 2382 3754 ut
2435 3715 2557 3754 cum
2588 3715 2727 3769 aqua
2770 3702 2950 3757 vinum
2999 3714 3053 3759 et
3084 3720 3432 3774 personarum
3477 3715 3620 3769 inter

2044 3805 2105 3847 se
2143 3790 2849 3846 confusionem-subituri?
2892 3809 2961 3848 an
3005 3797 3181 3864 patins
3230 3816 3326 3869 per
3375 3806 3615 3861 animum
3728 3783 3737 3787 ’

2048 3882 2267 3936 uniendi
2300 3891 2477 3943 erant,
2503 3892 2557 3935 ut
2581 3883 2840 3950 scriptum
2864 3895 2946 3939 est
2974 3887 3026 3939 in
3053 3900 3362 3945 sanctorum
3400 3906 3621 3961 aposto-

2047 3970 2220 4024 lorum
2261 3971 2413 4024 Actis
2450 3969 2515 4034 δ’,
2550 3971 2717 4024 fuisse
2743 3972 3108 4029 multitudinis
3149 3980 3487 4035 credentium
3525 3999 3621 4039 cor

2050 4076 2214 4115 unum
2242 4069 2298 4114 et
2332 4060 2566 4112 animam
2603 4059 2804 4112 unam?
2850 4060 2955 4113 Sed
2992 4063 3042 4114 id
3080 4064 3257 4118 verius
3302 4081 3423 4121 esse
3455 4084 3617 4138 quam

2050 4149 2185 4205 illud
2213 4151 2426 4220 Opinor.
2460 4148 2656 4204 Desine
2686 4148 2850 4218 igitur
2875 4151 2977 4205 hac
3009 4151 3077 4206 de
3111 4167 3167 4207 re
3210 4164 3447 4210 metuere
3476 4180 3490 4214 ;
3522 4160 3618 4215 llr-

2050 4256 2170 4297 ntus
2213 4252 2296 4297 est
2338 4242 2483 4296 enim
2533 4241 2820 4296 admodum
2871 4254 3183 4299 sanctorum
3213 4248 3452 4306 virorum
3496 4268 3621 4310 sen-

2048 4349 2165 4391 SUS.

2123 4602 2228 4658 Sed
2254 4602 2380 4671 quia
2420 4600 2552 4656 nihil
2581 4599 2723 4655 aliud
2781 4611 2883 4664 est,
2940 4610 2999 4655 ut
3044 4612 3197 4672 puto,
3246 4605 3427 4663 dicere
3455 4607 3621 4667 Verbi

2050 4703 2299 4748 naturam
2324 4693 2696 4754 ltumanatam,
2737 4691 2838 4745 nisi
2882 4693 3150 4747 hominem
3182 4694 3406 4765 factam,
3464 4702 3624 4768 idque

356 4801 448 4853 ὅτι
489 4799 723 4868 γέγονεν
754 4799 1059 4868 ἄνθρωπος,
1092 4798 1187 4850 καὶ
1234 4798 1295 4850 ού
1334 4796 1455 4867 δίχα
1503 4797 1810 4867 γεννήσεως
1853 4793 1940 4863 τῆς

2054 4784 2267 4839 nonnisi
2298 4798 2393 4853 per
2420 4784 2823 4852 generationem
2853 4798 2917 4838 es
2945 4783 3142 4839 femina
3175 4800 3191 4839 :
3225 4788 3362 4844 hanc
3392 4806 3625 4860 namque

358 4890 744 4960 ὲκγυναικὺς,
797 4888 998 4960 ταύτην
1036 4889 1143 4959 γὰρ
1196 4885 1303 4941 οἶδε
1354 4888 1447 4940 καί¹
1486 4887 1653 4958 μόνην
1696 4887 1795 4953 τὴν
1831 4886 1948 4938 ὁδὸν

356 4984 479 5039 τῶν,
518 4980 885 5053 ἀνθρωπίνων
915 4981 1186 5050 σωμάτων
1216 4981 1249 5051 ἡ
1281 4979 1463 5050 φύσις,
1504 4980 1620 5042 πῶς
1645 4978 1744 5031 οὐκ
1776 4976 1951 5031 ἐδιδά-

360 5076 502 5148 χθης
526 5074 632 5145 τὴν
664 5074 807 5128 κατά
832 5074 1009 5144 σάρκα
1037 5072 1286 5143 γέννησιν
1311 5071 1405 5125 τοῦ
1438 5069 1775 5139 Μονογενοῦς
1798 5069 1949 5139 παρά

364 5170 461 5238 τῆς
507 5165 881 5220 θεοπνεύστου
926 5163 1185 5236 Γραφῆς;
1232 5162 1425 5216 Καίτοι
1461 5161 1555 5214 καὶ
1601 5159 1784 5223 αὐτὸς,
1817 5174 1950 5231 προ·-

369 5259 641 5329 κειμένων
685 5258 767 5310 σοί
809 5274 938 5311 ποτε
977 5254 1333 5326 προφητικῶν
1378 5252 1839 5322 ἀναγνωσμάτων,
1865 5250 1948 5303 ὅτι

376 5368 397 5401 ι
427 5351 649 5404 Παιδίον
703 5348 966 5421 ἐγεννήθη
1019 5349 1171 5417 ἡμῖν,
1214 5345 1326 5409 υίὸς
1386 5344 1485 5398 καὶ
1511 5341 1667 5413 ἐδόθη
1722 5343 1881 5411 ἡμῖν,
1926 5358 1944 5391 ι

360 5444 495 5512 περὶ
524 5440 626 5493 τοῦ
656 5439 938 5511 τεχθέντος
968 5438 1178 5492 παιδίου
1205 5435 1383 5489 τοιάδε
1420 5433 1542 5487 τινὰ
1568 5433 1675 5503 φής
1698 5447 1710 5459 ·
1735 5449 1754 5483 ι
1792 5430 1951 5498 Μέγα

352 5530 459 5586 τοῦ
491 5531 678 5601 δώρου
720 5529 783 5583 τὸ
817 5530 1114 5601 μυστήριον
1135 5542 1148 5557 ο
1180 5523 1338 5580 τοῦτο
1370 5521 1479 5593 γάρ
1523 5520 1583 5574 τὸ
1621 5518 1950 5590 βλεπόμειον

440 5713 493 5747 ⁸⁸
532 5710 698 5768 Hebr.
728 5725 803 5779 tv,
831 5711 887 5766 2.
927 5789 932 5793 ν
970 5710 1014 5775 θ’
1040 5708 1160 5764 Act.
1196 5722 1270 5775 tv,
1296 5706 1385 5762 52.
1465 5705 1510 5737 '°
1544 5704 1649 5762 lsa.
1676 5719 1753 5772 ιχ,
1780 5702 1834 5760 6.

2055 4878 2196 4931 viam
2219 4876 2386 4931 solam
2431 4875 2536 4945 ιθ
2566 4876 2921 4930 humanorum
2962 4891 3250 4947 corporum
3301 4891 3491 4934 natura
3523 4900 3625 4947 no-

2057 4969 2174 5025 vit:
2222 4983 2320 5031 cur
2374 4966 2518 5021 illam
2548 4966 2823 5036 Unigeniti
2874 4969 3275 5037 generationem
3326 4974 3622 5029 secundum

2054 5075 2274 5118 carnem
2324 5074 2355 5113 a
2393 5057 2616 5113 Litteris
2640 5059 2902 5114 divinitus
2936 5059 3212 5128 inspiratis
3235 5060 3454 5115 minime
3481 5065 3622 5121 didi-

2055 5152 2199 5215 cisti,
2231 5153 2356 5206 licet
2387 5152 2502 5222 ipse
2535 5164 2750 5220 quoque
2800 5152 3076 5221 proposita
3116 5152 3212 5206 tibi
3255 5153 3462 5223 pridem
3494 5173 3623 5226 pro-

2056 5244 2271 5314 phetica
2306 5243 2559 5310 lectione,
2591 5261 2609 5295 t
2631 5243 2771 5299 Puer
2791 5253 2951 5299 natus
2971 5252 3056 5296 est
3075 5244 3254 5308 nobis,
3275 5246 3417 5302 (ilius
3453 5251 3621 5304 etiam

2054 5337 2211 5391 datus
2241 5346 2325 5391 est
2371 5334 2525 5390 nobis
2550 5335 2598 5367 ’θ
2626 5374 2641 5400 ,
2677 5354 2695 5388 ι
2743 5336 2809 5391 de
2838 5345 2966 5390 nato
3017 5351 3184 5406 puero
3219 5338 3340 5394 talia
3377 5340 3620 5398 dixeris:

2060 5444 2079 5477 ι
2107 5425 2354 5496 Magnum
2405 5442 2537 5482 sane
2582 5426 2712 5481 tanti
2744 5426 2868 5481 doni
2896 5439 3316 5483 sacramentum.
3352 5427 3452 5485 Hic
3477 5431 3625 5485 enim

2054 5520 2147 5591 qui
2174 5519 2382 5574 videtur
2413 5517 2612 5582 infans,
2639 5519 2725 5574 hic
2760 5519 2850 5588 qui
2904 5535 3095 5577 recens
3126 5528 3368 5593 apparet,
3406 5521 3508 5587 hic
3531 5522 3623 5592 qui
