4004 6202
373 321 468 376 εει

1430 304 1490 358 S.
1535 299 1804 358 CYlllLLl
1839 294 2304 353 ALEXANDRINI
2340 291 2663 350 ARCHIEP.
3551 280 3622 343 '56

375 433 560 488 fasciis
593 422 969 494 corporalibus
995 428 1136 490 eget,
1178 417 1266 472 hic
1295 415 1384 485 qui
1423 415 1715 468 secundum
1761 412 1948 466 visibi-

2079 411 2272 480 ιρέφος,
2311 407 2470 461 τοῦτο
2503 407 2564 459 τὸ
2595 403 3063 474 καταφαινόμενον
3091 397 3424 472 πρόσφατον,
3467 395 3627 451 τοῦτο

372 527 477 578 lem
516 517 809 576 essentiam
863 521 1108 568 reccnter
1151 522 1234 563 εει
1271 506 1473 571 editus,
1524 504 1697 559 Filius
1734 515 1839 571 εει,
1888 514 1947 559 ιιι

373 614 658 681 Scriptura
694 609 872 671 docet,
917 613 1168 660 attcrnus,
1217 597 1388 652 Filius
1429 598 1804 652 universorum
1831 597 1950 666 opi-

2049 503 2110 556 τδ
2136 503 2466 572 σπαργάνων
2495 496 2818 570 σωματικῶν
2844 495 3053 566 δεηθέν,
3083 494 3240 548 τοῦτο
3271 492 3332 544 τὸ
3363 491 3503 545 κατὰ
3529 492 3627 560 τὴν

2050 594 2335 665 ὁρωμένην
2367 593 2556 646 οὐσίαν
2585 589 2886 661 ἀρτίτοκον,
2924 588 3070 650 Υἱὸς,
3108 583 3249 639 κατά
3275 583 3338 636 τὸ
3374 598 3622 653 γεγραμ-

375 707 484 767 fex,
520 703 691 756 Filius
721 699 810 767 qui
841 711 950 750 suae
979 694 1096 762 opis
1123 691 1307 744 fasciis
1374 689 1745 744 dissolubilcm
1794 705 1948 744 crea-

2079 686 2241 748 ιένον,
2289 683 2536 746 αἰώνιοςσ
2591 681 2717 744 Υίὸς
2768 678 2876 732 τῶν
2915 679 3050 731 ὅλων
3088 673 3448 746 δημιουργός·
3499 671 3626 734 Υἱὸς

376 787 511 848 tura:
527 803 770 848 naturam
797 785 1065 854 astringit.
1095 802 1112 834 ›
1136 783 1344 836 Etalibi
1376 797 1563 836 rursus
1594 803 1604 836 :
1639 801 1656 832 ι
1685 781 1750 835 Ει
1773 781 1952 836 infans

378 889 521 943 enim
550 885 686 937 Deus
714 891 796 933 est
834 877 1001 930 libera
1045 883 1339 944 potestate:
1369 882 1572 925 tantum
1602 873 1772 934 abest,
1803 871 1948 937 Arie,

377 990 437 1032 ut
479 979 616 1030 Deus
650 970 884 1025 Verbum
928 967 997 1020 sit
1023 966 1123 1018 sub
1157 963 1248 1017 Dei
1276 971 1563 1031 potestate.
1601 979 1620 1013 ι
1660 962 1713 1014 lu
1759 963 1953 1029 quibus

378 1067 557 1120 verbis
583 1061 927 1130 conjunctum
961 1069 1174 1125 quoque
1202 1069 1398 1122 corpus
1427 1055 1589 1106 Deum
1637 1052 1949 1120 appellavit.

379 1159 445 1213 Et
489 1170 676 1210 rursus
711 1171 724 1206 :
763 1171 782 1202 ι
816 1150 1070 1206 Novimus
1105 1162 1233 1215 ergo
1288 1145 1680 1200 humanitatem
1736 1143 1954 1196 infantis

380 1265 444 1303 ac
498 1247 860 1306 divinitatem,
924 1240 1202 1294 filiationis
1249 1239 1511 1291 unitatem
1563 1251 1840 1290 servamus
1901 1235 1953 1287 iu

383 1332 1090 1399 Deitatishumanitatisque
1113 1340 1326 1383 natura.
1370 1346 1388 1378 ι
1423 1328 1558 1382 Ecce
1591 1326 1700 1394 jam
1737 1325 1955 1378 disertis

381 1431 579 1492 verbis,
616 1427 875 1480 infantem
897 1432 1165 1476 recentem
1201 1420 1292 1489 qui
1321 1421 1549 1481 videtur,
1579 1433 1698 1470 mox
1729 1417 1952 1480 editum,

384 1522 566 1576 fasciis
615 1519 936 1579 involutum,
991 1513 1184 1566 Filium
1239 1527 1356 1565 esse
1417 1509 1628 1573 fateris,
1663 1509 1958 1561 ctuniver-

383 1627 566 1666 serum
599 1609 870 1679 opificem.
900 1605 1054 1659 "unc
1100 1618 1227 1657 vero
1260 1601 1522 1656 infantem
1567 1600 1719 1654 nobis
1771 1609 1955 1652 sancta

387 1703 552 1772 Virgo
582 1699 807 1769 peperit.
844 1696 991 1751 Nosti
1055 1695 1218 1762 igitur
1248 1702 1419 1746 certe-
1447 1693 1610 1744 Deum
1663 1669 1955 1744 secundum

2051 781 2165 840 τοῖς
2205 776 2305 846 τῆς
2349 776 2486 838 ιδίας
2533 772 2783 844 βοηθείας
2818 769 3152 840 σπαργάνοις
3176 767 3235 819 τὸ
3264 765 3364 835 τῆς
3395 763 3623 826 κτίσεως

2052 869 2363 922 εὐδιάλυτον
2397 865 2695 935 σφίγγων.»
2726 862 2836 916 Καὶ
2865 863 2924 914 ὲν
2959 860 3164 928 ἑτέροις
3192 857 3249 909 δὲ
3284 856 3466 910 πάλινο
3491 854 3632 906 «Καὶ

2051 961 2113 1013 τὸ
2155 958 2354 1030 βρέφος
2397 956 2505 1026 γὰρ
2548 954 2679 1016 Θεὸς·
2714 950 3092 1014 αὐτεξούσιος·
3125 947 3374 1000 τοσοῦτον
3419 947 3448 998 ὁ
3496 943 3628 1008 Θεὸς

2055 1050 2224 1124 Λόγος
2250 1048 2343 1100 τοῦ
2365 1045 2504 1098 Θεοῦ
2538 1042 2854 1108 ὑπεξούσιος
2880 1037 3019 1093 εἶναι
3051 1037 3355 1105 διέστηκεν,
3384 1036 3622 1102 Ἀρειε.ι

2056 1140 2132 1194 Δι’
2162 1135 2237 1193 ὧν
2275 1139 2366 1191 καὶ
2389 1137 2450 1190 τὸ
2481 1134 2823 1205 συνημμένον
2848 1131 3007 1200 σῶμα
3034 1128 3166 1181 Θεὸν
3193 1125 3625 1198 προσηγόρευσε.

2056 1231 2168 1283 Καὶ
2207 1230 2369 1284 πάλιν
2391 1247 2404 1261 ·
2452 1247 2469 1279 ι
2500 1227 2845 1298 Γνωρίζομεν
2877 1223 3057 1275 τοίνυν
3104 1218 3202 1290 τὴν
3237 1215 3635 1286 ἀνθρωπότητα

2055 1323 2147 1378 τοῦ
2191 1323 2424 1394 βρέφους
2476 1321 2570 1373 καὶ
2598 1319 2695 1389 τὴν
2743 1316 2974 1385 θεότητα
2995 1330 3007 1343 ·
3043 1311 3104 1364 τὸ
3129 1313 3226 1381 τῆς
3256 1308 3499 1376 υίότητος
3533 1321 3630 1374 τη-

2061 1413 2261 1483 ροῦμεν
2311 1410 2595 1482 μοναδικὺν
2653 1410 2710 1461 ὲν
2758 1402 3176 1476 ἀνθρωπὸτητος
3230 1398 3326 1452 καὶ
3380 1396 3633 1465 θεότητος

2060 1506 2272 1574 φύσει.»
2295 1504 2423 1556 ’1δού
2452 1502 2515 1572 δὴ
2549 1501 2642 1554 καὶ
2673 1499 2815 1569 μάλα
2841 1495 3026 1563 σαφῶς
3054 1492 3113 1544 τδ
3143 1489 3344 1560 ,βρέφος
3377 1485 3438 1538 τδ
3467 1483 3637 1554 πρόσ-

2061 1614 2250 1666 φατον,
2295 1595 2354 1647 τὸ
2403 1593 2697 1665 ὁρώμενον,
2744 1591 2806 1642 τὸ
2836 1585 3144 1660 ἀρτίτοκον,
3177 1582 3238 1634 τὸ
3277 1584 3634 1648 ἐσπαργανω-

2065 1665 2246 1756 μένον,
2284 1685 2411 1738 Υίδν
2460 1680 2598 1737 εἶναι
2638 1682 2766 1752 φὴς,
2798 1682 2894 1733 καὶ
2939 1676 3048 1730 τῶν
3100 1672 3235 1726 ὅλων
3282 1665 3632 1739 δημιουργόν.

409 1753 541 1772 -ρσκ
583 1753 596 1769 .
651 1753 664 1768 .
1074 1753 1102 1762 ν

386 1806 606 1852 carnem
657 1789 921 1858 genitum,
947 1787 1106 1854 idque
1130 1799 1194 1837 ex
1223 1783 1481 1835 divinitus
1511 1781 1770 1848 inspirata
1807 1778 1956 1834 Scri-

2079 1779 2262 1830 Γέτοκε
2309 1777 2364 1829 δὲ
2410 1775 2470 1828 τὸ
2509 1774 2706 1845 βρέφος
2751 1769 2936 1842 ἡμῖνή
2979 1765 3108 1833 άγία
3139 1761 3432 1832 Παρθένος.
3465 1753 3637 1810 Οἶσθα

385 1893 542 1952 ptura
574 1879 834 1933 didicisti.
863 1877 997 1941 Quis
1034 1875 1176 1928 enim
1228 1875 1560 1942 excogitctur
1587 1871 1956 1925 universorum

383 1975 586 2042 opifex,
637 1971 738 2024 nisi
796 1970 885 2023 ille
936 1968 1103 2030 solus,
1148 1981 1244 2035 per
1299 1979 1458 2033 quem
1504 1965 1684 2018 omnia
1719 1961 1963 2017 condidit

386 2059 586 2115 Pater?
615 2058 719 2112 Sed
748 2055 888 2111 forte
915 2053 1286 2123 respondebis,
1323 2062 1373 2103 te
1408 2049 1703 2104 secundum
1738 2049 1787 2100 id
1819 2046 1960 2113 quod

387 2155 610 2217 latebat,
651 2150 844 2204 Filium
888 2148 1109 2210 dixisse,
1160 2152 1214 2198 et
1264 2142 1637 2195 universorum
1688 2136 1959 2206 opificem.

389 2244 560 2299 Recte
585 2243 740 2307 dicis,
762 2241 1048 2294 assentior.
1081 2236 1206 2298 Sed,
1238 2247 1420 2304 quaeso
1447 2242 1519 2298 te,
1535 2244 1656 2284 eum
1688 2229 1780 2298 qui
1812 2228 1961 2288 latet,

286 2368 291 2372 ~
389 2352 510 2392 esse
554 2335 757 2390 asset-is
813 2331 938 2386 illud
989 2344 1055 2382 ex
1103 2329 1211 2382 Deo
1268 2325 1529 2387 Verbum,
1571 2334 1804 2389 cumque
1845 2333 1965 2372 esse

393 2429 770 2495 universorum
850 2421 1167 2489 opificem:
1222 2417 1493 2485 quomodo
1581 2413 1744 2482 igitur
1812 2410 1967 2464 nobis

396 2518 553 2588 paulo
593 2524 716 2568 ante
744 2510 1128 2582 propemodum
1183 2507 1350 2574 digito
1387 2503 1533 2557 illum
1583 2509 1876 2562 recentem,
1914 2507 1970 2551 et

394 2612 506 2681 jam
541 2609 766 2669 editum,
792 2614 845 2658 et
874 2601 1055 2656 fasciis
1086 2597 1382 2651 involutum
1424 2594 1684 2648 infantem
1741 2590 1970 2644 demon-

399 2699 604 2762 strasti,
643 2709 799 2763 quem
831 2692 994 2745 etiam
1041 2688 1131 2742 Dei
1168 2685 1362 2738 Filium
1405 2680 1732 2750 appellabas,
1778 2686 1832 2730 et
1855 2689 1968 2729 om-

299 2855 306 2858 _
402 2792 549 2846 nium
577 2787 827 2856 opificem
857 2783 880 2835 ?
913 2782 994 2834 Au
1042 2778 1168 2848 quia
1213 2779 1442 2830 fortasse
1476 2783 1654 2843 putas,
1709 2770 1800 2823 Dei
1833 2767 1971 2821 Ver-

406 2883 530 2932 bum
567 2877 618 2929 in
653 2873 835 2927 carnis
874 2880 1122 2923 naturam
1172 2881 1295 2920 esse
1349 2873 1612 2917 mutatum
1642 2861 1781 2914 ?scd
1812 2869 1865 2912 et
1903 2859 1972 2911 ita

407 2981 458 3022 te
510 2969 684 3037 ipsum
731 2963 913 3034 potius
974 2958 1279 3020 accuSabis,
1332 2970 1491 3024 quam
1524 2954 1658 3008 alios
1713 2951 1864 3019 quasi
1923 2948 1972 2998 id

409 3061 678 3115 afﬁrmare
708 3070 888 3110 ausos.
921 3055 998 3107 Au
1018 3064 1145 3106 vero
1163 3049 1288 3116 quia
1320 3047 1364 3099 is
1398 3045 1576 3097 infans
1600 3040 1687 3093 ille
1704 3049 1786 3091 est
1802 3038 1975 3088 latens

2061 1869 2124 1938 δὴ
2180 1864 2272 1921 οὖν
2332 1866 2438 1936 ἄρα
2488 1865 2620 1918 Θεὸν
2670 1860 2810 1915 κατὰ
2861 1859 3040 1928 σάρκα
3070 1850 3498 1924 γεγεννημένον·
3542 1845 3637 1900 καὶ

2060 1936 2218 2010 τοῦτο
2253 1959 2315 2009 ὲκ
2350 1957 2448 2026 τῆς
2479 1953 2835 2008 θεοπνεύστου
2887 1946 3214 2018 μεμάθηκας
3260 1942 3503 2012 Γραφῆςο
3539 1936 3637 1998 Τίς

2061 2046 2169 2117 γὰρ
2203 2046 2268 2098 ἂν
2302 2045 2471 2096 νοοῖτο
2500 2041 2608 2094 τῶν
2637 2041 2774 2094 ὅλων
2810 2035 3164 2107 δημιουργὸς,
3197 2031 3335 2100 πλὴν
3366 2029 3446 2081 ὃτι
3481 2025 3638 2096 μόνος

2063 2140 2288 2200 ἐκεῖνος.
2322 2138 2348 2189 ό
2375 2135 2440 2188 δι’
2469 2126 2530 2188 οὗ
2553 2133 2621 2186 τά
2645 2133 2821 2185 πάντα
2850 2127 3150 2195 πεποίηκεν
3177 2125 3205 2176 ό
3235 2121 3459 2190 Πατήρ;
3500 2114 3640 2168 Ἀλλ’

2065 2233 2221 2303 ἔφην,
2268 2232 2397 2293 ἴσως
2441 2231 2604 2300 ἐρεῖς,
2646 2224 2788 2280 κατά
2826 2223 2885 2276 τὸ
2927 2218 3332 2292 κεκρυμμένον,
3371 2206 3522 2273 Υἱὸς.
3547 2208 3645 2262 καὶ

2202 2323 2337 2375 ὅλων
2381 2298 2732 2390 δημιουργός.
2783 2313 3011 2376 Καλῶς,
3071 2307 3426 2378 συνθήσομαι.
3488 2298 3647 2370 Ἑρή-

2069 2431 2233 2485 σομαι
2263 2413 2340 2466 δέ.
2529 2388 2914 2480 κεκρυμμένον
2961 2399 3101 2455 εἶναι
3149 2399 3255 2468 φὴς
3303 2395 3393 2447 τὸν
3421 2395 3482 2445 ὲκ
3513 2388 3644 2442 Θεοῦ

2068 2477 2262 2574 Λόγον,
2295 2505 2389 2556 καὶ
2429 2502 2619 2555 τοῦτον
2636 2477 2792 2552 ἐἶναι
2835 2497 2925 2548 τὸν
2954 2494 3091 2546 ὅλων
3130 2482 3456 2574 δημιουργόν
3477 2497 3491 2510 ⁸
3528 2477 3646 2540 πῶς

2070 2571 2168 2652 οῦν*
2193 2599 2325 2667 ἡμῖν
2353 2595 2558 2668 ἀρτίως
2593 2589 2874 2663 μονονουχὶ
2908 2588 3002 2640 καὶ
3032 2571 3277 2647 δακτύλῳ
3309 2577 3370 2628 τὸ
3399 2573 3646 2644 πρόσφα-

2071 2707 2181 2750 τον,
2223 2687 2318 2740 καὶ
2347 2686 2407 2738 τδ
2439 2685 2742 2754 ἀρτίτοκον,
2775 2679 2868 2731 καὶ
2911 2676 2970 2728 τὸ
3014 2675 3071 2724 ὲν
3111 2668 3466 2740 σπαργάνοις,
3517 2679 3648 2716 κατα

2075 2776 2279 2842 έδειξας
2325 2753 2550 2846 βρέφος·
2582 2773 2673 2824 καὶ
2717 2768 2874 2820 τοῦτο
2905 2763 3036 2818 αὐτὸ
3082 2761 3172 2814 καὶ
3205 2759 3332 2812 Υίδν
3371 2753 3650 2825 ὠνόμαζες

2074 2869 2230 2928 Θεοῦ,
2273 2867 2366 2917 καὶ
2400 2862 2488 2913 τὸν
2517 2862 2653 2912 ὅλων
2687 2855 3048 2927 δημιουργόν;
3079 2847 3155 2904 Ἦ
3184 2851 3323 2919 τάχα
3353 2864 3454 2899 που
3487 2859 3653 2914 μετα-

2076 2953 2402 3023 πεποιῆσθαι
2431 2951 2723 3020 νενόμικας
2754 2949 2832 3009 είς
2859 2947 2958 3016 τὴν
2996 2945 3094 3011 τῆς
3136 2941 3334 3016 σαρκὸς
3365 2937 3523 3006 φύσιν
3560 2933 3652 2986 τὸν

2077 3053 2141 3103 ἐκ
2171 3021 2305 3102 Θεοῦ
2337 3045 2541 3112 Λόγονς
2571 3042 2679 3095 Καὶ
2713 3038 2899 3110 γράψῃ
2931 3035 3129 3106 μᾶλλον
3161 3031 3379 3091 σαυτὸν,
3409 3027 3507 3095 οὐχ
3536 3021 3653 3077 ἑτέ-

409 3151 578 3207 Filius
631 3159 688 3204 et
727 3147 1108 3200 universorum
1160 3136 1370 3205 opifex,
1419 3143 1474 3184 et
1523 3131 1662 3184 idem
1705 3137 1862 3180 natus
1908 3141 1972 3178 ex

2084 3158 2228 3212 ρους,
2276 3139 2350 3201 ὡς
2383 3136 2541 3189 τοῦτο
2593 3133 2756 3202 φάναι
2799 3130 3195 3198 τολμήσαντας.
3229 3119 3306 3174 Ἦ
3351 3120 3508 3188 είπερ
3539 3113 3657 3169 ἐστὶ

410 3251 596 3297 saneta
637 3238 876 3305 Virgine,
911 3235 981 3284 ita
1019 3229 1217 3283 invitus
1247 3241 1310 3279 ex
1361 3223 1637 3291 inopinato
1691 3219 1834 3272 illam
1859 3231 1981 3271 esse

411 3335 503 3389 Dei
535 3330 848 3402 genitricem
884 3324 1163 3377 uobiscum
1204 3316 1488 3372 confessus
1516 3313 1670 3367 eris?
1701 3310 1981 3378 Quomodo

412 3425 554 3480 enim
611 3420 792 3475 infans
843 3416 984 3470 Deus
1016 3414 1087 3468 sit
1138 3425 1250 3464 sua:
1301 3405 1622 3477 potesmtis‘l
1655 3404 1786 3458 Nam
1817 3404 1860 3457 si
1912 3403 1981 3455 ita

413 3517 551 3572 dicis
609 3513 752 3567 illum
812 3523 922 3563 sua:
983 3503 1267 3575 potestatis
1329 3511 1386 3555 ut
1448 3514 1570 3554 esse
1615 3496 1984 3564 unusquisque

414 3607 584 3663 nostri
613 3603 805 3659 simi-lis
835 3598 1172 3666 intelligitur,
1205 3604 1455 3662 tanquam
1511 3590 1595 3644 cui
1629 3604 1741 3644 sua:
1789 3587 1983 3641 volun-

417 3700 542 3753 tatis
575 3711 604 3748 a
633 3694 742 3747 Deo
777 3691 1056 3760 permissae
1084 3687 1192 3740 sint
1231 3684 1488 3746 habetur;
1523 3681 1649 3749 quid
1695 3678 1799 3732 erit
1830 3677 1882 3730 in
1921 3690 1986 3728 eo

416 3799 609 3861 praeter
633 3794 857 3840 cteteros
890 3781 992 3852 17
1023 3780 1282 3833 eximium
1307 3779 1330 3829 γ
1381 3783 1474 3827 aut
1500 3787 1660 3842 quam
1678 3771 1747 3824 ob
1764 3783 1986 3823 causam

427 3881 733 3935 libertatem
793 3871 1128 3928 arbitriiac
1196 3866 1481 3937 potestatis
1555 3871 1811 3931 tanquam
1879 3861 1988 3914 Deo

418 3973 634 4042 dignum
664 3975 720 4022 et
749 3965 1074 4035 prmcipuum
1125 3971 1314 4013 revera
1367 3955 1581 4008 titulum
1635 3952 1708 4006 illi
1775 3951 1986 4014 tribuis,

418 4061 667 4134 quamvis
724 4056 972 4111 omnibus
1026 4052 1117 4121 qui
1164 4051 1364 4118 degunt
1402 4047 1455 4100 in
1507 4045 1664 4099 terris
1705 4055 1758 4097 et
1791 4043 1991 4096 habere

419 4155 562 4208 illam
591 4153 768 4210 liccat,
801 4156 852 4200 et
874 4145 987 4210 jam
1021 4143 1252 4196 habeant
1281 4139 1304 4192 3
1344 4139 1436 4190 Sin
1464 4139 1681 4190 libertas
1711 4135 1991 4201 potesratis

421 4245 551 4299 illud
608 4242 658 4294 in
707 4240 807 4292 hac
835 4244 987 4304 parte
1026 4233 1314 4300 significat,
1354 4229 1576 4282 alterius
1629 4226 1833 4292 legibus
1886 4239 1990 4276 non

422 4347 541 4389 esse
575 4332 901 4396 subjectum,
939 4331 997 4375 ut
1025 4322 1190 4374 etiam
1233 4321 1347 4387 ipsa
1390 4319 1642 4369 nimirum
1677 4315 1768 4368 Dei
1797 4322 1989 4367 natura

425 4421 761 4488 intelligitur,
793 4427 1029 4484 quonam
1063 4411 1226 4478 igitur
1253 4408 1412 4461 modo
1446 4408 1532 4461 his
1590 4405 1989 4460 conditionibus

427 4514 563 4568 adeo
602 4508 866 4579 angustis,
901 4513 955 4558 et
979 4501 1148 4556 solani
1197 4512 1513 4566 supremam
1563 4495 1706 4549 illam
1737 4503 1986 4548 naturam

428 4615 482 4659 et
508 4601 734 4672 gloriam
777 4592 1111 4654 decentibus,
1168 4604 1340 4658 nuper
1372 4589 1573 4643 editum
1626 4587 1774 4641 illum
1823 4587 1996 4640 infan-

427 4707 534 4748 tem
563 4704 684 4746 esse
728 4686 884 4749 dicis,
943 4680 1188 4750 quamvis
1240 4677 1506 4746 quidquid
1541 4678 1608 4730 ad
1665 4677 1770 4732 hoc
1813 4687 1872 4730 ut
1922 4677 1994 4731 sit

426 4793 677 4840 vocatum
705 4787 812 4840 est,
844 4775 953 4841 Deo
984 4775 1049 4828 sit
1082 4772 1403 4839 subjectum,
1449 4778 1502 4823 et
1547 4769 1823 4823 servitutis
1866 4769 1997 4839 jugo

427 4871 746 4932 subditum?
776 4867 884 4922 Sed
913 4866 1140 4920 fortasse
1174 4863 1391 4932 putabis
1419 4863 1483 4915 ad
1512 4863 1626 4916 haec
1680 4862 1860 4916 omnia
1901 4862 1996 4915 tibi

427 4967 561 5022 satis
608 4963 756 5018 illam
809 4959 1031 5014 stultam
1085 4956 1370 5009 ratiOuem
1406 4951 1540 5016 fore,
1606 4953 1748 5021 quod
1790 4951 2002 5006 scilicet

434 5057 576 5111 inter
598 5068 658 5108 se
697 5058 906 5105 naturae
943 5056 1132 5100 mutuo
1182 5043 1500 5111 copulentur
1549 5058 1653 5096 non
1703 5043 1998 5097 secundum

435 5141 790 5215 bypostasim,
811 5139 904 5192 sed
932 5136 1120 5190 eodem
1145 5134 1324 5202 potius
1371 5132 1576 5185 honore
1606 5143 1661 5185 et
1689 5131 2002 5200 :equalitate

435 5234 708 5305 dignitatis
740 5249 756 5285 :
788 5245 910 5284 nam
957 5229 1057 5283 ista
1109 5241 1250 5295 saepe
1306 5225 1459 5278 nobis
1500 5224 1870 5294 imprudenter
1922 5224 2004 5279 in-

433 5328 633 5384 culcas.
663 5324 770 5378 Sed
807 5332 858 5377 te
889 5323 1002 5375 haec
1029 5320 1297 5374 dicentem
1333 5316 1392 5396 in.
1433 5317 1716 5371 imbecillis
1758 5326 1811 5370 et
1841 5316 2004 5388 fragi-

438 5421 578 5473 libus
597 5413 914 5471 commentis
949 5411 1224 5474 insistere,
1265 5407 1550 5462 manifeste
1594 5409 1781 5475 paucis
1818 5419 2004 5463 osten-

415 5511 601 5562 detur
645 5520 775 5559 cum
827 5501 892 5555 de
951 5501 1053 5553 hoc
1102 5498 1368 5552 tractandi
1423 5498 1638 5554 occasio
1688 5515 1746 5553 se
1791 5499 2002 5555 offeret.

443 5599 535 5651 llis
560 5595 663 5650 alia
696 5591 936 5662 quazdam
970 5589 1164 5653 assuit,
1212 5603 1306 5656 per
1355 5602 1475 5656 qua:
1507 5604 1566 5642 se
1596 5599 1746 5658 putat
1778 5605 2004 5659 genera-

448 5687 609 5743 tionis
636 5684 850 5740 modum
884 5689 1083 5734 nostra:
1123 5677 1376 5747 similem,
1438 5680 1602 5735 veluti
1663 5681 2001 5738 indecentem

2081 3210 2140 3287 τὸ
2177 3234 2374 3303 βρέφος
2423 3233 2450 3282 ό
2482 3225 2864 3296 κεκρυμμένος
2909 3220 3058 3284 Υἱὸς,
3104 3218 3197 3270 καὶ
3241 3213 3349 3266 τῶν
3380 3212 3518 3265 ὅλων
3556 3210 3654 3278 δη-

2086 3296 2363 3396 μιοῦργδς,
2395 3318 2718 3388 γεγέννηται
2747 3315 2804 3367 δὲ
2845 3311 3003 3365 τοῦτο
3031 3311 3094 3362 ὲκ
3130 3303 3231 3376 τῆς
3259 3305 3420 3372 ἁγίας
3449 3296 3658 3370 Παρθέ-

2085 3435 2196 3482 νου,
2227 3414 2584 3484 ὡμολόγησας
2613 3411 2712 3478 οὐχ
2740 3407 2880 3461 ἑκὼν
2923 3402 3184 3457 Θεοτόκον
3233 3400 3330 3451 σὺν
3362 3397 3494 3466 ἡμῖν
3537 3391 3658 3444 ἀδο-

2085 3511 2260 3578 κήτως
2298 3506 2501 3574 αὐτήνς
2545 3501 2698 3554 Ἐπεὶ
2736 3499 2852 3560 πῶς
2884 3495 3082 3566 βρέφος
3120 3492 3250 3553 Θεὸς
3278 3485 3657 3551 αὐτεξούσιος;

2087 3601 2148 3652 Εἰ
2187 3598 2285 3668 μὲν
2326 3596 2433 3665 γὰρ
2463 3593 2604 3646 οὕτω
2634 3591 2738 3661 φὴς
2769 3587 3134 3651 αὐτεξούσιον,
3164 3582 3237 3645 ὼς
3269 3581 3334 3634 ἂν
3361 3579 3534 3631 νοοῖτο
3561 3590 3660 3626 τυ-

2086 3691 2180 3760 χὸν
2230 3688 2322 3741 καὶ
2372 3687 2480 3739 τῶν
2527 3683 2646 3738 καθ’
2698 3683 2844 3753 ἡμᾶς
2893 3680 3141 3740 ἕκαστος,
3196 3675 3272 3737 ὡς
3317 3672 3415 3742 τῆς
3467 3664 3660 3722 ἑαυτοῦ

2090 3781 2460 3852 προαιρέσεως
2502 3773 2931 3843 πεπιστευμένος
2979 3767 3129 3839 παρὰ
3171 3765 3288 3835 Θεῷ
3331 3763 3438 3835 [ian
3499 3755 3660 3829 Θεοῦ]

2088 3873 2186 3934 τὰς
2233 3870 2412 3939 ἡνίας,
2456 3867 2509 3920 τί
2558 3867 2619 3919 τὸ
2670 3864 2946 3935 ἐξαίρετον
2990 3858 3140 3930 παρά
3187 3858 3313 3919 τούς
3361 3853 3550 3914 ἄλλους
3602 3852 3660 3902 ἐν

2091 3961 2271 4031 αὐτῷ;
2319 3960 2352 4031 ἧ
2397 3959 2485 4012 διά
2519 3957 2676 4010 ποίαν
2709 3955 2907 4018 αἰτίαν,
2958 3950 3209 4021 καθάπερ
3254 3965 3307 3999 τι
3341 3942 3661 4013 θεοπρεπὲς,

2093 4057 2188 4106 καὶ
2235 4050 2510 4122 ἐξαίρετον
2548 4046 2762 4117 ἀληθῶς
2809 4045 3044 4113 ἀξίωμα,
3088 4041 3146 4093 τὸ
3193 4035 3538 4099 αὐτεξούσιον
3569 4033 3665 4086 άν-

2095 4143 2285 4202 άπτεις
2315 4139 2500 4209 αὐτῷ;
2536 4138 2712 4190 καίτοι
2748 4136 2910 4205 μετὸν
2941 4134 3109 4186 ἅπασι
3143 4130 3251 4181 τῶν
3285 4126 3375 4179 ἐπὶ
3411 4130 3508 4193 τῆς
3537 4123 3662 4190 γῆς,

2094 4233 2236 4300 ἔχειν
2273 4246 2331 4281 τε
2371 4227 2518 4296 αὐτῴ
2558 4225 2666 4296 [ῖσ.
2717 4223 2892 4294 auro],
2931 4221 3024 4273 καὶ
3063 4220 3159 4289 ἤδη
3199 4213 3474 4284 λαχοῦσιν.
3516 4213 3578 4264 Εἰ
3607 4210 3665 4263 δὲ

2093 4323 2158 4392 δὴ
2204 4319 2454 4390 σημαίνει
2503 4318 2563 4369 τὸ
2609 4313 2956 4380 αὐτεξούσιον
3011 4311 3067 4361 ὲν
3099 4307 3308 4368 τούτοις
3350 4305 3408 4357 τὸ
3439 4302 3515 4373 μὴ
3555 4301 3664 4354 δεῖν
3725 4313 3740 4326 ’

2096 4389 2414 4464 ὑποκεῖσθαι
2443 4410 2552 4469 τοῖς
2582 4406 2766 4476 ἑτέρου
2799 4405 3006 4473 νόμοις,
3038 4397 3174 4453 εἶναι
3212 4398 3268 4450 δὲ
3311 4395 3482 4454 οῦτως
3517 4389 3670 4446 ἐλεύ-

2095 4503 2271 4573 θερον,
2307 4501 2383 4563 ὡς
2423 4499 2489 4553 ἂν
2530 4498 2623 4550 καὶ
2671 4497 2810 4566 αὐτὴ
2852 4494 3012 4563 τυχὸν
3057 4493 3090 4561 ή
3119 4490 3240 4543 θεία
3280 4491 3452 4541 νοοῖτο
3480 4486 3664 4556 φύσις,

2094 4594 2211 4647 τίνα
2240 4590 2312 4663 δὴή
2331 4592 2531 4663 τρόπον
2572 4593 2629 4643 ἐν
2656 4591 2770 4650 τοῖς
2799 4586 2942 4639 οῦτω
2987 4585 3203 4644 σεπτοῖς
3251 4581 3346 4634 καὶ
3400 4579 3662 4648 πρέπουσι

2101 4684 2236 4756 μόνῃ
2263 4684 2328 4754 τῇ
2375 4682 2634 4735 ἀνωτάτω
2680 4679 2838 4746 φύσει
2881 4693 2938 4728 τε
2972 4674 3067 4727 καὶ
3097 4673 3245 4744 δόξῃ,
3295 4671 3355 4723 τὸ
3386 4668 3665 4740 ἀρτίτοκον

2100 4776 2296 4847 βρέφος
2345 4771 2480 4826 εἶναι
2531 4773 2670 4841 φής;
2720 4769 2898 4822 καίτοι
2948 4765 3147 4828 παντὸς
3189 4763 3284 4818 τοῦ
3333 4760 3663 4830 κεκλημένου

2101 4864 2236 4934 πρὸς
2288 4861 2544 4931 ὓπαρξιν,
2592 4857 3024 4927 κατεζευγμένου
3083 4853 3235 4924 Θεῷ,
3290 4853 3382 4905 καὶ
3434 4851 3522 4901 τὸν
3569 4847 3664 4913 τῆς

2098 4953 2340 5015 δουλείας
2369 4951 2759 5021 ὑποτρέχοντος
2795 4947 2976 5015 ζυγόν.
3021 4945 3160 4998 Ἀλλ’
3191 4945 3351 5012 οἰήσῃ
3394 4940 3532 5006 τάχα
3565 4953 3665 4986 που

2101 5046 2235 5114 πρὸς
2268 5045 2483 5098 ἅπαντά
2509 5059 2589 5094 σοι
2632 5041 2790 5093 ταυτὶ
2829 5039 2918 5093 τὸν
2947 5039 3151 5090 εἰκαῖον
3199 5036 3403 5086 ἐκεῖνον
3438 5028 3669 5099 ἀρκέσαι

2101 5138 2276 5206 λόγον,
2303 5137 2394 5190 τὸν
2422 5136 2541 5188 ὲπεί
2567 5151 2630 5202 γε
2661 5134 2771 5205 [ἵσ.
2807 5133 2896 5185 ὲπί
2927 5130 3011 5200 γε]
3041 5128 3116 5197 τῷ
3151 5126 3260 5177 δεῖν
3287 5123 3541 5193 ἀλλήλαις
3572 5121 3670 5184 τὰς

2103 5231 2294 5300 φύσεις
2325 5227 2708 5288 συνάπτεσθαι,
2742 5227 2833 5278 καὶ
2883 5223 2998 5277 οῦτι
3047 5237 3148 5273 που
3193 5218 3314 5272 καθ’
3351 5215 3671 5279 ὑπόστασιν,

2104 5322 2218 5376 ἀλλ’
2247 5321 2321 5383 ὡς
2343 5323 2399 5373 ἐν
2422 5322 2553 5390 τιμῇ
2583 5317 2780 5388 μᾶλλον
2814 5311 3233 5384 ἁπαραλλάκτῳ,
3263 5308 3355 5362 καὶ
3379 5309 3436 5360 ἐν
3467 5305 3672 5375 ἰσότητι

2103 5416 2202 5483 τῆς
2237 5412 2425 5476 ἀξίας·
2453 5411 2611 5463 ταυτὶ
2641 5408 2748 5476 γάρ
2782 5409 2914 5476 ἡμῖν
2947 5405 3032 5456 ἀεὶ
3066 5403 3214 5468 λέγει
3259 5398 3508 5471 ἀμαθῶς.
3550 5398 3672 5449 Ὅτι

2103 5507 2160 5558 δὲ
2195 5505 2437 5575 σαθραῖς,
2465 5503 2559 5555 καὶ
2585 5499 2986 5560 εὐδιακλάστοις
3015 5496 3244 5559 ἐννοίαις
3273 5489 3672 5565 ἐπερηρεισμέ-

2105 5614 2215 5658 νος,
2245 5595 2313 5647 τὰ
2341 5593 2514 5645 τοιάδε
2562 5591 2756 5658 λέγων,
2804 5588 3007 5660 ἁλώσῃ,
3053 5587 3396 5659 δειχθήσεται
3447 5584 3539 5637 καὶ
3574 5583 3676 5637 οὐκ

2108 5689 2185 5750 εἰς
2216 5684 2449 5757 μακρὰν,
2477 5685 2904 5755 παρενεγκόντος
2931 5685 3061 5755 ήμίν
3085 5681 3180 5736 τοῦ
3210 5680 3400 5752 καιροῦ
3423 5679 3516 5733 καὶ
3542 5676 3675 5746 7:96;
