4012 6212
306 291 381 352 ς]
1462 282 1832 341 ADVERSUS
1869 279 2274 342 NESTORIUM
2313 286 2444 343 LIB.
2485 287 2527 343 1.
3513 294 3585 352 38

311 431 376 484 γε
410 408 587 465 ταυτὶ
618 407 713 462 τὸν
744 406 923 476 λόεον.
953 403 1197 474 Συνείρει
1225 403 1281 459 δὲ
1319 405 1527 471 τούτοις
1571 405 1712 476 ἕτερ’
1755 404 1900 470 ἄττατ

2017 413 2070 461 et
2100 406 2511 477 impossibilem,
2558 408 2849 464 admodum
2881 419 3036 466 acute
3060 411 3484 480 demonstrare;
3518 428 3584 468 ac

311 503 379 556 δι’
433 495 513 554 ὧν
580 499 742 570 ᾠήθη
799 496 1092 558 δύνασθαι,
1137 496 1234 550 καὶ
1291 497 1434 566 μάλα
1483 497 1789 567 ἐμφρόνως,
1839 496 1900 560 ὡς

2017 499 2119 553 sibi
2181 501 2418 555 rationes
2464 511 2679 556 nostras
2707 501 2914 570 objicit,
2953 511 3121 567 ratus,
3161 505 3406 572 quamvis
3440 506 3585 558 veri.

313 591 547 661 ἀκαλλῆ,
595 590 691 643 καὶ
715 587 1005 656 ἀνέφικτον
1032 586 1122 639 τὸν
1148 588 1246 656 τῆς
1275 586 1573 663 καθ”ἡμᾶς
1612 587 1916 657 γεννήσεως

314 678 616 747 ἀποφῆναι
635 667 871 746 τρόπον.
916 674 1028 728 Καὶ
1071 674 1419 745 ἀντανίστησι
1451 676 1549 746 μὲν
1582 675 1762 745 ἑαυτῷ
1789 677 1915 738 τοὺς

316 771 449 841 πρὸς
478 770 656 839 ἡμῶν
687 768 883 835 λόγους
904 784 918 797 ο
951 767 1124 818 οἴεται
1161 766 1218 819 δὲ
1266 766 1761 838 κατευμεγεθήσειν
1814 769 1914 838 ρᾳ-

314 862 466 924 δίως,
510 862 625 914 καὶ
684 860 839 912 οὐδὲν
896 858 1057 920 ὄντας
1100 859 1353 924 ἐπιφανεῖ
1407 857 1516 930 [τσ.
1567 858 1910 930 ἀποφανεῖν],

321 953 488 1006 καίτοι
523 949 950 1020 πρεσϐεύοντας
982 947 1230 1017 τάληθές.
1266 949 1407 1018 Ἔφη
1437 949 1494 1000 δὲ
1520 948 1727 1011 οὕτως’

391 1041 478 1112 [Et
491 1042 664 1103 Θεὸς,
684 1040 876 1110 φησὶν,
905 1039 934 1089 ὁ
957 1036 1208 1108 Χριστὸς,
1233 1037 1423 1108 ἐτέχθη
1455 1037 1512 1091 δὲ
1539 1039 1567 1089 ὁ
1588 1037 1820 1107 Χριστὸς
1850 1038 1913 1091 ὲκ

334 1133 432 1202 τῆς
473 1133 753 1203 μακαρίας
787 1130 1024 1201 Μαρίας,
1076 1128 1192 1190 πῶς
1235 1130 1334 1182 οὐκ
1367 1128 1514 1182 ἔστιν
1562 1131 1594 1199 ἡ
1639 1129 1912 1200 Παρθένος

345 1220 634 1285 Θεοτόκος;
685 1220 855 1272 Οὐδὲν
908 1218 1136 1290 κρύπτω
1165 1217 1275 1270 τῶν
1309 1219 1440 1290 παρ’
1473 1220 1652 1272 αὐτῶν
1697 1219 1908 1272 ἀντιθέ-

344 1328 502 1366 σεων·
547 1315 577 1364 ὀ
607 1312 716 1380 γὰρ
754 1311 857 1380 τῆς
885 1309 1143 1380 ἀληθείας
1175 1310 1410 1380 ἐραστὴς
1447 1311 1624 1364 πάντα
1649 1310 1718 1363 τὰ
1759 1311 1912 1382 παρά

336 1401 428 1454 τοῦ
449 1402 683 1470 ψεύδους
708 1401 886 1471 ἑαυτῷ
920 1399 1243 1471 προσλαϐὼν
1281 1402 1631 1474 ἀντιτίθησι.]
1654 1399 1786 1456 Εἶτα
1809 1403 1909 1474 τὴν

339 1489 489 1542 λύσιν
535 1491 816 1560 ἐπιφέρειν
862 1491 1137 1559 πειρᾶται,
1189 1490 1463 1553 τοιαύταις
1507 1494 1649 1546 τισὶν
1679 1494 1910 1556 ἐννοίαις

337 1580 637 1650 χρώμενος’
670 1580 994 1650 [Πλάττεται
1028 1581 1126 1650 μὲν
1157 1581 1286 1652 γὰρ,
1328 1584 1513 1650 φησὶν,
1539 1585 1596 1634 ὲν
1633 1585 1814 1654 μήτρᾳ
1846 1583 1907 1635 τὸ

2018 595 2180 642 talem
2209 589 2469 654 colamus,
2499 590 2658 645 facite
2683 606 2777 643 sua
2828 590 2970 646 mole
3014 607 3112 646 nos
3139 595 3482 656 obruturum,
3524 602 3580 646 et

2016 679 2213 735 nullius
2256 682 2416 752 pretii
2453 697 2573 738 esse
2619 682 2870 737 homines
2920 691 3290 738 ostensurum.
3334 680 3428 737 Sic
3451 697 3581 751 ergo

2014 772 2150 827 dixit
2174 791 2186 826 :

2101 1035 2338 1089 Nes'ron.
2363 1035 2444 1106 [Si
2487 1035 2624 1089 Dens
2646 1047 2726 1090 est
2745 1036 3013 1102 Christus,
3039 1037 3233 1107 inquit,
3261 1047 3314 1091 et
3334 1037 3582 1094 Christus

2012 1140 2078 1179 ex
2109 1127 2265 1179 beata
2301 1126 2465 1180 Maria
2525 1138 2607 1181 est
2653 1140 2826 1192 ortus,
2881 1145 2979 1182 cur
3019 1129 3183 1197 Virgo
3226 1145 3327 1182 non
3377 1131 3445 1184 sit
3485 1129 3581 1185 Dei

2011 1217 2285 1286 genitrix?
2309 1217 2450 1271 Nihil
2484 1219 2698 1272 occulto
2724 1221 2866 1289 quod
2891 1220 2956 1274 ab
2979 1221 3084 1274 illis
3123 1221 3416 1288 objicitttr:
3452 1235 3579 1274 nam

2011 1307 2253 1362 veritatis
2280 1308 2500 1378 amator;
2515 1310 2693 1363 omnia
2727 1325 2843 1378 qua:
2877 1325 2904 1362 a
2940 1309 3168 1363 falsitate
3194 1311 3296 1364 dici
3329 1321 3577 1379 possunt,

2011 1409 2233 1467 accepta
2275 1399 2373 1452 sibi
2399 1399 2606 1466 objicit.
2651 1399 2777 1454 Inde
2824 1401 3144 1455 solutionem
3181 1400 3374 1454 aﬂerre
3413 1417 3579 1454 cona-

2012 1486 2314 1542 tnrtalibns
2344 1489 2630 1543 sententiis
2661 1504 2822 1543 usus:
2865 1474 3151 1544 Farmatur
3186 1492 3350 1555 enim,
3381 1492 3578 1560 inquit,

2012 1577 2064 1627 In
2093 1584 2245 1628 utero
2272 1575 2472 1641 infans,
2521 1579 2615 1634 sed
2649 1581 2822 1648 quoad
2855 1581 3079 1649 figuram
3115 1583 3404 1648 acceperit,
3437 1597 3578 1634 non-

344 1670 564 1739 βρέφοςο
597 1670 716 1722 ἀλλ’
740 1671 847 1733 ἕως
877 1671 979 1741 μὲν
1008 1670 1161 1724 οὔπω
1191 1671 1567 1742 μεμᾴρφωται,
1595 1671 1774 1742 ψυχὴν
1803 1672 1900 1724 οὐκ

2009 1667 2135 1719 dum
2187 1669 2348 1722 habet
2397 1670 2670 1723 animam:
2709 1679 2764 1724 at
2795 1671 2882 1724 ubi
2936 1672 3198 1741 figuratus
3253 1673 3434 1735 fuerit,
3464 1673 3576 1741 jam

340 1734 479 1829 ἐέεις
531 1734 892 1829 είδοποιηθὲνί
923 1760 980 1812 δὲ
1043 1761 1144 1830 ήδη
1192 1734 1462 1830 λέκυῖχοθται
1529 1734 1900 1832 παράΠΘεοῦ.

2011 1755 2188 1808 anima
2241 1755 2615 1812 informatura
2651 1760 2776 1814 Deo.
2830 1759 2900 1815 Ut
2931 1734 3096 1830 igitur
3141 1762 3330 1814 mulier
3382 1775 3578 1830 corpus

342 1849 538 1920 Ὠσπερ
586 1847 681 1903 οὖν
727 1853 760 1921 ἡ
800 1850 935 1920 γυνὴ
984 1851 1157 1903 τίκτει
1193 1851 1292 1921 μὲν
1332 1851 1393 1904 τὸ
1435 1851 1613 1922 σῶμα,
1653 1852 1813 1922 ψυχοῖ
1848 1853 1904 1906 δὲ

343 1939 482 2005 Θεὸς,
525 1942 620 1994 καὶ
653 1942 754 1994 οὐκ
799 1942 866 1994 ἂν
899 1942 1111 2010 λέγοιτο
1158 1941 1292 2012 γυνὴ
1329 1943 1646 2013 ψυχοτόκος,
1683 1947 1765 2000 ὃτι
1808 1947 1908 2018 ἔμ-

348 2029 500 2100 ψυχον
541 2033 848 2102 ἐγέννησεν,
897 2033 1311 2102 ἀνθρωποτόκος
1359 2034 1416 2087 δὲ
1469 2036 1696 2104 μᾶλλον,
1741 2037 1903 2106 οὓτω,

359 2122 499 2187 φησι,
544 2123 639 2174 καὶ⁵
682 2125 714 2192 ἡ
749 2123 994 2192 μακαρία
1023 2123 1321 2194 Παρθένος,
1357 2126 1450 2179 καὶ
1488 2128 1536 2179 εί
1563 2128 1780 2182 τέτοκεν
1811 2129 1905 2184 ἄν-

371 2209 584 2277 θρωπον,
603 2213 1064 2294 ουμπαρελθόντος
1083 2215 1232 2286 αὑτῷ
1251 2215 1342 2268 τοῦ
1362 2215 1498 2270 Θεοῦ
1515 2218 1686 2286 Λόγου
1710 2220 1902 2292 (ταύτῃ

381 2301 479 2370 γὰρ
502 2304 756 2372 Emimus
795 2309 858 2376 τῇ
885 2306 1082 2376 φωνῇ),
1127 2307 1188 2360 οὐ
1235 2307 1322 2362 διὰ
1357 2309 1514 2364 τοῦτο
1545 2311 1850 2386 Θεοτόκος]

939 2440 1186 2494 ΚΕΦΑΛ.
1222 2443 1295 2495 Δ’.

412 2583 533 2660 Ἆρ’
552 2585 668 2655 οὖν,
699 2592 822 2645 είπέ
850 2610 954 2661 μοι,
988 2595 1334 2666 διαϐέϐληται
1366 2598 1518 2667 παρὰ
1569 2601 1649 2652 σοὶ
1677 2601 1737 2654 τὸ
1767 2603 1902 2672 πρὸς

335 2682 492 2754 ἡμῶν
532 2684 856 2754 είρημένον;
911 2681 1019 2754 ἆρά
1072 2703 1154 2738 σοι
1184 2687 1331 2740 δοκεί
1376 2692 1488 2751 τοῖς
1523 2689 1696 2754 οὕτως
1727 2693 1901 2762 ὀρθῶς

331 2774 428 2828 καὶ
453 2775 759 2844 ἀκιεδήλως
788 2777 1001 2846 ἔχουσιν
1045 2779 1316 2842 ἀσυνέτως
1345 2781 1623 2852 ἐπιτιμᾷν,
1656 2784 1750 2834 καὶ
1782 2785 1900 2853 οὐχὶ

332 2865 421 2918 τοῦ
460 2865 534 2935 μὴ
579 2865 836 2919 δύνασθαι
884 2868 1127 2933 δοξάζειν
1159 2869 1194 2922 ἃ
1233 2871 1358 2940 χρὴ,
1404 2871 1501 2940 τῆς
1537 2873 1735 2925 σαυτοῦ
1781 2873 1898 2926 δια-

327 2955 477 3017 νοίας
517 2954 793 3025 καθοριεῐς
836 2957 908 3010 τὰ
953 2960 1308 3028 ὲγκλήματα;
1344 2955 1438 3022 Οἷς
1465 2959 1573 3030 γὰρ
1609 2961 1675 3013 ἂν
1703 2961 1897 3031 ἀπᾴδοι

2010 1847 2171 1913 parit,
2211 1847 2302 1899 sed
2333 1847 2474 1902 Deus
2521 1848 2756 1903 animam
2783 1851 2992 1915 tribuit,
3025 1866 3194 1918 neque
3227 1851 3341 1904 ideo
3366 1852 3578 1904 dicetur

2007 1935 2202 1989 animae
2232 1937 2483 2006 genitrix,
2513 1941 2636 2007 quia
2666 1942 2874 2009 peperit
2902 1944 3219 2006 animatum,
3273 1943 3365 1994 sed
3401 1943 3577 2010 potius

1997 2019 2240 2082 hominis
2268 2030 2500 2098 genitrix
2538 2048 2552 2098 ;
2587 2032 2665 2085 sic
2697 2048 2908 2101 quoque
2949 2034 3103 2086 beata
3151 2033 3330 2102 Virgo.
3378 2034 3575 2101 inquit,

2006 2119 2107 2172 etsi
2142 2120 2354 2188 peperit
2379 2121 2648 2176 hominem
2683 2125 2841 2178 simul
2874 2140 2995 2179 eum
3045 2125 3136 2179 illo
3163 2135 3576 2195 pertranseunte

2005 2207 2098 2263 Dei
2141 2209 2316 2266 Verbo
2349 2212 2494 2282 (nam
2533 2214 2632 2268 hac
2684 2223 2764 2270 est
2804 2231 2938 2272 voce
2981 2216 3154 2288 usus),
3190 2233 3294 2274 non
3351 2218 3470 2274 ideo
3493 2224 3578 2272 est

2006 2299 2100 2357 Dei
2126 2304 2417 2376 genitrix.]

2658 2442 2806 2497 CAP.
2842 2441 2931 2496 IV.

2077 2590 2209 2644 Num
2252 2592 2432 2662 igitur,
2462 2607 2666 2662 qnzaso,
2690 2597 3054 2652 accusandum
3118 2607 3274 2664 putas
3306 2599 3447 2668 quod
3484 2601 3570 2655 di-

1999 2684 2144 2736 citur
2173 2697 2200 2735 a
2245 2683 2452 2738 nobis?
2485 2701 2609 2738 num
2671 2686 2786 2751 tibi,
2831 2702 2950 2756 qua:
2989 2696 3095 2740 tam
3150 2699 3296 2744 recta
3347 2703 3474 2745 sunt
3511 2706 3574 2746 ac

2001 2775 2190 2840 proba,
2213 2775 2376 2828 stulte
2410 2777 2846 2843 reprehendenda
2873 2779 3152 2833 videntur?
3177 2796 3240 2834 ac
3265 2797 3366 2835 non
3398 2785 3574 2850 potius

2002 2872 2234 2915 mentem
2279 2874 2423 2916 tuam
2473 2867 2756 2920 accusabis
2809 2870 2949 2934 quod
3010 2881 3156 2924 recte
3209 2875 3413 2926 sentire
3468 2889 3572 2927 non

2002 2952 2175 3004 valeat
2203 2952 2227 3006 ?
2254 2953 2359 3022 18
2387 2953 2520 3006 Nam
2564 2955 2758 3021 quibus
2801 2957 3049 3025 displicet
3099 2962 3328 3024 veritas,
3371 2964 3434 3017 iis
3471 2979 3571 3018 usu

323 3046 386 3099 τὸ
423 3047 644 3117 ἀληθὲς,
675 3048 888 3112 τούτοις
918 3049 983 3102 ἂν
1011 3051 1237 3117 γένοιτο,
1277 3051 1370 3103 καὶ
1411 3051 1530 3104 λίαν
1558 3051 1807 3121 ἑτοίμως,
1840 3056 1897 3107 ἐν

2001 3045 2170 3108 venit,
2195 3047 2480 3112 etquidem
2518 3045 2791 3113 facillime,
2831 3057 2890 3100 ut
2919 3049 2970 3101 id
3020 3052 3161 3116 quod
3201 3065 3357 3106 secus
3411 3056 3575 3109 habet

326 3137 605 3208 τταραδοχῇ
633 3139 693 3191 τὸ
724 3139 800 3210 μὴ
826 3140 1000 3203 οὕτως
1040 3142 1181 3210 ἕχον,
1208 3143 1300 3194 καὶ
1327 3141 1388 3194 τὸ
1417 3145 1526 3205 τοῖς
1557 3145 1899 3212 ἀριστοεπείν

329 3231 572 3282 εἰωθόσιν
591 3233 876 3302 ἐπιτιμᾷν,
899 3232 983 3302 εἴη
1005 3232 1070 3284 ἂν
1093 3233 1193 3284 οὐκ
1219 3232 1473 3302 ἀζήμιον·
1499 3233 1698 3302 μᾶλλον
1719 3234 1775 3286 δὲ
1797 3235 1898 3306 ήδη

319 3321 416 3374 καὶ
443 3322 721 3386 ἀπόδειξις
754 3323 988 3393 ἐναργὴς
1013 3322 1106 3376 τοῦ
1140 3324 1561 3394 προσκεκλίσθαι
1592 3326 1668 3395 τῷ
1693 3325 1896 3394 ψεύδει,

319 3414 413 3468 καὶ
451 3414 547 3466 τοῦ
577 3415 799 3468 ἑλέσθαι
825 3419 1010 3486 τιμᾷν,
1044 3416 1079 3469 ἃ.
1107 3419 1199 3470 καὶ
1233 3421 1409 3486 μισεῖν
1442 3417 1686 3488 ἄμεινον,
1715 3419 1791 3481 ὡς
1819 3419 1900 3470 λος

319 3505 524 3575 τισμοῦ
567 3505 668 3558 τοῦ
702 3509 910 3569 εἰκότος
954 3508 1334 3578 ἡμαρτηκότα.
1383 3508 1542 3561 Ἀλλά
1570 3509 1678 3562 τῶν
1727 3509 1900 3572 οὕτως

321 3597 564 3667 αἰσχρῶν
592 3598 856 3666 ἐννοήσας
893 3597 1068 3660 οὐδεὶς
1089 3596 1310 3670 [οὐδὲν],
1329 3599 1519 3652 ἑαυτὸν
1551 3601 1648 3670 μὲν
1670 3601 1771 3673 ἔφη
1800 3603 1898 3672 τῆς

323 3687 580 3756 ἀληθείας
607 3687 862 3755 γενέσθαι
885 3689 977 3741 τὸν
997 3688 1249 3759 ἐραστὴν,
1268 3692 1413 3760 ἡμᾶς
1442 3689 1497 3742 δὲ
1519 3692 1897 3747 τεκταίνεσθαι

326 3780 382 3831 τὸ
409 3781 606 3850 ψεῦδος
647 3781 796 3850 αὐτῷ
815 3798 828 3810 ·
851 3781 1028 3834 καίτοι
1060 3783 1120 3835 τὸ
1149 3785 1336 3853 χρῆμα
1365 3783 1510 3836 ἔστιν
1540 3784 1598 3848 ἐξ
1627 3785 1898 3855 ἀντιστρόσ

329 3885 428 3936 ws
471 3872 670 3940 μᾶλλον
705 3873 852 3938 ἰδεῖν,
893 3874 974 3926 ὅτι
1013 3890 1071 3925 τε
1103 3873 1279 3942 ὀρθῶς
1309 3874 1442 3944 ἔχει,
1472 3876 1562 3928 καὶ
1591 3875 1736 3929 ἐστιν
1768 3877 1898 3948 ἀλη-

338 3957 432 4020 θὲς
454 3977 466 3988 ·
510 3961 567 4012 '0
592 3962 696 4033 γάρ
726 3980 809 4016 τοι
843 3963 936 4015 τοῦ
969 3962 1194 4030 ψεύδους
1250 3965 1341 4015 καὶ
1375 3963 1472 4033 τῆς
1503 3965 1720 4034 ἀπάτης
1771 3981 1896 4017 συν-

347 4047 546 4116 ήγορος
587 4053 683 4114 τοῖς
735 4053 839 4122 τῆς
895 4052 1150 4123 ἀληθείας
1203 4057 1591 4118 συνασπισταίς
1636 4057 1896 4110 ἀνάπτειν

335 4139 583 4207 πειρᾶται
633 4145 730 4211 τῆς
783 4142 1149 4213 ψευδομυθίας
1195 4144 1288 4196 τὸν
1339 4146 1545 4215 μῶμον,
1603 4149 1743 4217 τάχα
1793 4166 1894 4202 που

323 4230 416 4281 καὶ
466 4232 547 4294 είς
598 4231 769 4302 λήθην
815 4233 1091 4304 ἐληλακὼς
1142 4235 1234 4289 τοῦ
1286 4239 1562 4308 προφήτου
1616 4237 1892 4306 λέγοντος·

325 4339 346 4370 ι
389 4323 529 4374 Οὐαὶ
561 4324 613 4374 οἱ
651 4324 896 4392 λέγοντες
939 4326 1000 4378 τὸ
1044 4326 1280 4397 πονηρὸν
1326 4328 1508 4388 καλὸν,
1541 4330 1632 4382 καὶ
1653 4331 1714 4382 τὸ
1735 4333 1896 4385 καλὸν

2002 3136 2450 3204 amplectantur:
2511 3149 2566 3190 et
2633 3149 2780 3192 recte
2837 3139 3119 3207 loquentes
3181 3143 3574 3211 reprehendere

1997 3227 2138 3280 haud
2189 3229 2384 3283 damno
2412 3238 2584 3292 vacat,
2621 3229 2731 3283 imo
2775 3244 2904 3283 vero
2938 3245 3315 3299 argumentum
3347 3247 3430 3290 est
3455 3238 3571 3291 evi-

1997 3319 2128 3373 dens
2157 3321 2320 3374 aninti
2359 3322 2423 3374 ad
2459 3321 2746 3376 falsitatem
2780 3328 3052 3391 propensi,
3075 3336 3128 3379 et
3156 3342 3216 3379 ea
3240 3330 3573 3396 amplecten-

1999 3411 2069 3465 tis
2103 3426 2222 3479 quae
2245 3414 2519 3466 exsecrari
2582 3424 2803 3480 praestat
2837 3424 2892 3467 ut
2922 3430 2950 3468 a
2983 3426 3125 3470 recta
3165 3419 3374 3473 ratione
3414 3422 3572 3475 dissi-

1999 3502 2199 3557 dentia.
2233 3501 2337 3557 Sed
2371 3520 2528 3571 quam
2563 3505 2664 3558 sint
2707 3507 2817 3559 haec
2848 3509 3019 3575 turpia
3058 3509 3188 3561 nihil
3219 3513 3481 3578 cogitans,
3511 3526 3572 3565 se

1997 3607 2116 3646 esse
2150 3593 2284 3646 dixit
2317 3595 2560 3648 veritatis
2594 3605 2916 3661 amatorem,
2969 3614 3064 3654 nos
3121 3610 3308 3654 contra
3359 3615 3570 3656 struere

1996 3685 2333 3738 mendacium
2375 3702 2389 3739 :
2431 3701 2551 3740 cum
2604 3687 2656 3740 id
2711 3689 3021 3742 eeontrario
3081 3701 3134 3744 et
3199 3691 3569 3747 rationabilius

1996 3789 2115 3829 esse
2142 3784 2198 3829 et
2242 3777 2423 3831 verius
2472 3779 2814 3847 perspicuum
2858 3781 2928 3834 sit
2961 3800 2973 3835 :
3001 3797 3126 3834 nam
3183 3782 3431 3838 falsitatis
3481 3798 3569 3837 cr-

1997 3863 2246 3930 rorisque
2271 3875 2547 3933 patronus,
2576 3869 2817 3922 veritatis
2858 3879 3281 3939 propugnatores
3319 3869 3569 3926 falsitatis

1998 3955 2206 4009 macula
2234 3965 2459 4009 conatur
2489 3973 2797 4026 aspergere,
2820 3961 3020 4013 oblitus
3051 3962 3276 4015 fortasse
3295 3967 3569 4030 prophetae

1997 4047 2226 4101 dicentis
2265 4066 2278 4101 :
2321 4067 2338 4100 ι
2375 4047 2466 4101 ναξ
2497 4049 2585 4118 qui
2614 4050 3016 4103 dicuntbonutn
3045 4051 3242 4103 tnalmn
3283 4059 3338 4105 et
3373 4055 3567 4108 malum

1995 4141 2220 4204 bonum,
2255 4141 2343 4209 qui
2378 4151 2582 4210 ponunt
2621 4143 2871 4196 tenebras
2910 4141 3084 4197 lucem
3133 4154 3185 4197 et
3215 4143 3385 4198 lucem
3419 4156 3569 4199 tene-

1996 4233 2125 4287 bras
2159 4231 2201 4263 "
2227 4233 2240 4286 l
2269 4251 2288 4284 ι
2329 4230 2523 4285 Verum
2547 4245 2614 4285 ex
2660 4230 2823 4285 allato
2878 4247 2908 4285 a
2962 4247 3023 4288 se
3061 4235 3304 4304 exemplo
3359 4233 3570 4292 nescire

1999 4326 2145 4379 illum
2189 4334 2375 4394 aperte
2422 4323 2546 4391 quid
2579 4324 2742 4386 dicat,
2775 4338 3068 4392 coarguere
3099 4328 3356 4379 conabor.

316 4413 592 4482 πονηρόν·
630 4414 678 4464 οἱ
712 4413 950 4477 τιθέντες
994 4415 1054 4466 τὸ
1092 4415 1278 4476 σκότος
1315 4417 1394 4479 είς
1445 4417 1581 4484 φῶς,
1615 4419 1708 4472 καὶ
1747 4420 1804 4473 τὸ
1848 4423 1963 4492 φῶς
2016 4423 2094 4483 εἰς
2142 4415 2351 4477 σκότος·
2388 4433 2406 4464 ³
2449 4411 2594 4482 Πλὴν
2620 4413 2684 4464 ἐκ
2717 4411 2809 4464 τοῦ
2850 4413 3236 4484 παροισθέντος
3273 4416 3421 4486 αὖτῷ
3459 4432 3570 4470 πα-

317 4505 686 4575 ραδείγματος
738 4508 870 4579 μηδὲ
922 4509 1097 4562 εἰδότα
1153 4510 1359 4578 σαφῶς,
1407 4512 1435 4565 ὃ
1487 4512 1655 4581 λέγει,
1706 4516 1970 4586 διελέγξαι
1999 4514 2351 4586 πειράσομαι.

384 4594 653 4648 Τίκτεται
687 4597 784 4666 μὲν
812 4596 920 4668 γὰρ
961 4599 1068 4652 ἀπὸ
1112 4599 1311 4670 σαρκὸς
1354 4602 1388 4670 ἡ
1434 4601 1572 4673 σὰρξ
1615 4605 1898 4674 ὁμολογου-

2072 4605 2324 4672 Gignitur
2349 4601 2491 4655 enim
2530 4615 2558 4653 a
2589 4615 2752 4655 carne
2811 4616 2938 4656 caro
2965 4602 3149 4672 procul
3181 4604 3362 4672 dubio,
3397 4615 3450 4661 ct
3483 4609 3570 4665 ille

317 4685 500 4755 μένως
523 4702 536 4714 ·
577 4689 608 4742 ὀ
647 4687 702 4739 δέ
745 4705 807 4754 γε
839 4690 946 4742 τῶν
979 4691 1114 4743 ὅλων
1147 4693 1488 4764 Δημιουργὸς
1533 4695 1657 4748 καθ’
1683 4697 1740 4750 ὃν
1779 4693 1886 4751 οἶδε

313 4777 521 4846 τρόπον
565 4794 627 4829 τε
681 4779 774 4830 καὶ
817 4779 992 4847 λόγον,
1042 4783 1275 4835 ποιεῖται
1304 4782 1400 4853 τὴν
1445 4782 1726 4856 ψύχωσιν·
1779 4787 1895 4841 ἀλλ’

311 4868 348 4934 ἠ
374 4866 620 4918 τεκοῦσα
651 4868 806 4939 γυνὴ,
855 4870 1032 4924 καίτοι
1068 4871 1236 4941 μόνης
1268 4868 1400 4926 οὖσα
1431 4876 1583 4945 πηγὴ
1626 4879 1727 4948 τῆς
1774 4895 1897 4948 σαρ-

313 4957 423 5022 κδς,
481 4958 775 5028 ἄνθρωπον
825 4961 944 5015 ὅλον
988 4962 1275 5015 ἀποτεκεῖν
1312 4967 1647 5032 πιστεύεται,
1697 4967 1786 5019 τὸν
1830 4969 1895 5021 ἐκ

313 5047 493 5116 ψυχῆς
527 5047 593 5116 δὴ
643 5047 783 5117 λέγω
829 5051 922 5103 καὶ
969 5050 1239 5121 σώματος,
1293 5053 1470 5106 καίτοι
1500 5053 1633 5124 πρὸς
1661 5054 1759 5126 τὴν
1795 5057 1895 5126 τῆς

315 5137 495 5209 ᾧυχῆς
553 5138 788 5210 ὓπαρξιν
833 5141 942 5194 τῶν
988 5145 1118 5214 παρ’
1167 5145 1364 5216 ἑαυτῆς
1412 5145 1893 5215 συνεισενεγκοῦσα

316 5231 486 5299 μηδὲν
518 5247 531 5260 ·
563 5232 592 5282 ὁ
634 5230 689 5282 δέ
727 5247 788 5298 γε
838 5231 1119 5303 ἄνθρωπον
1167 5235 1356 5301 εἰπὼν,
1409 5237 1744 5307 συνεσήμηνέ
1793 5255 1893 5290 που

307 5323 535 5382 πάντως
566 5321 645 5389 τῷ
678 5321 889 5392 σώματι
918 5325 1014 5393 τὴν
1042 5325 1330 5379 ἑνωθεῖσαν
1361 5327 1510 5399 αὐτῷ
1538 5327 1736 5399 ψυχήν.
1772 5328 1894 5380 Ὠσ-

301 5425 408 5480 περ
439 5405 540 5461 οὖν
567 5412 600 5480 ἡ
646 5412 803 5482 γυνὴ,
844 5413 1017 5465 καίτοι
1053 5413 1289 5468 τεκοῦσα
1315 5415 1375 5468 τὸ
1409 5417 1564 5486 σῶμα
1593 5417 1773 5488 μόνον,
1803 5417 1893 5469 τὸν

297 5499 365 5549 ἐκ
395 5499 585 5569 ψυχῆς
621 5501 714 5553 καὶ
759 5501 1014 5573 σώματος
1048 5504 1364 5560 ἀποτίκτειν
1407 5506 1658 5575 λέγεται·
1710 5505 1892 5560 διαλυ-

367 5680 412 5710 ⁸¹
461 5678 566 5734 ιω.
605 5695 656 5748 v,
687 5681 778 5735 ‘20.

2000 4711 2180 4751 rerum
2212 4692 2451 4748 omnium
2483 4690 2674 4760 Opifex
2723 4692 2881 4747 modo
2909 4703 2963 4748 et
3005 4695 3214 4750 ratione
3248 4712 3405 4766 quam
3453 4701 3567 4769 ipse

1997 4787 2165 4851 novit,
2201 4793 2259 4838 ut
2295 4783 2530 4836 animata
2596 4783 2667 4837 sit
2722 4780 2881 4837 eﬂicit
2928 4799 2942 4837 :
2985 4785 3078 4839 sed
3111 4795 3315 4840 tamen
3376 4789 3568 4841 tnnlier

1996 4892 2114 4946 quae
2169 4874 2399 4945 peperit,
2451 4873 2558 4926 etsi
2610 4874 2789 4926 carnis
2845 4876 3218 4930 tantummodo
3264 4877 3334 4930 sit
3391 4877 3563 4946 origo,

1997 4976 2166 5020 totum
2200 4965 2474 5018 hominem
2504 4975 2679 5019 tamen
2723 4965 2881 5019 enixa
2939 4966 3206 5032 creditur,
3263 4983 3329 5021 ex
3384 4969 3565 5024 anima

1994 5055 2212 5125 inquam
2237 5068 2290 5109 et
2315 5070 2558 5124 corpore,
2584 5058 2830 5124 quamvis
2859 5059 2924 5112 ad
2971 5058 3339 5113 exsistentiam
3373 5061 3565 5115 anima:

1994 5148 2130 5202 nihil
2158 5162 2188 5202 a
2224 5162 2281 5203 se
2313 5147 2425 5216 ipsa
2454 5147 2780 5202 contulerit:
2819 5151 2912 5203 sed
2963 5158 3142 5202 tamen
3169 5150 3259 5220 qui
3293 5151 3562 5206 hominem

1993 5239 2152 5304 dixit,
2185 5241 2419 5293 animam
2452 5256 2665 5309 quoque
2697 5243 2908 5310 corpori
2961 5242 3167 5296 unitam
3207 5243 3366 5298 simul
3398 5246 3564 5315 signi-

1993 5327 2192 5383 ficavit.
2232 5329 2300 5384 Ut
2331 5345 2459 5400 ergo
2485 5330 2678 5382 mulier
2699 5329 2942 5399 quamvis
2963 5327 3137 5387 solum
3167 5350 3362 5404 corpus
3379 5336 3558 5399 enixa,

1992 5433 2054 5473 ea
2089 5435 2314 5489 corpore
2338 5431 2392 5474 et
2420 5422 2598 5474 anima
2648 5430 2985 5476 constantem
3022 5426 3296 5494 peperisse
3335 5426 3558 5489 dicitur,

1993 5522 2170 5579 neque
2194 5519 2368 5566 tamen
2402 5512 2453 5567 id
2481 5513 2674 5567 anima:
2709 5515 3014 5570 rationibus
3051 5515 3343 5586 quidquam
3370 5514 3556 5583 oﬂlcit,
