4004 6202
373 345 375 348 γ
443 316 509 371 πρ
1413 309 1472 367 s.
1495 308 1769 366 evrum
1808 310 2276 370 ALEXANDRINI
2311 314 2630 373 ARClliEP.
3282 298 3288 304 ’
3618 331 3687 390 to
3801 335 3804 338 ‘

440 427 594 497 quasi
638 440 855 480 carnem
895 438 1006 480 suae
1039 422 1369 479 exsistentia:
1399 422 1651 478 habuerit
1681 423 1914 486 initium,
1942 422 2017 477 ita

2133 431 2373 498 μανεῖται
2415 431 2472 484 δὲ
2514 433 2672 486 τοῦτο
2700 435 2810 497 τοῖς
2853 436 2950 506 τῆς
2977 436 3152 509 ψυχῆς
3195 438 3372 507 λόγοις
3405 441 3576 507 οὐδὲν,
3611 445 3688 510 ὡς

441 519 606 571 etiam
633 533 691 571 se
713 532 800 570 res
829 516 991 570 habet
1024 515 1076 569 in
1128 516 1280 568 beata
1331 511 1550 582 Virgine
1577 528 1592 566 :
1620 529 1743 567 nam
1803 513 2016 568 etiamsi

441 613 644 657 sanctae
697 602 840 656 illius
901 603 1086 656 carnis
1144 610 1227 655 est
1278 611 1470 665 mater,
1507 603 1758 656 'attamen
1808 603 2018 656 unitum

442 694 544 748 sibi
598 709 783 747 revera
817 693 944 746 illud
980 707 1045 746 ex
1109 694 1215 745 Deo
1260 691 1427 746 Deum
1485 691 1716 747 Verbum
1765 694 2017 763 peperit:

445 798 620 852 neque
655 784 698 836 si
753 783 872 850 quis
906 782 1049 834 illam
1087 780 1179 833 Dei
1219 782 1535 848 genitricem
1588 783 1807 846 dixerit,
1849 784 2022 838 conti-

448 887 554 925 nuo
603 885 823 940 prorsus
872 871 962 923 Dei
1016 868 1192 923 Verbo
1253 871 1543 923 novitatem
1607 871 1886 940 impinget,
1930 879 2024 925 aut

447 978 557 1015 sure
615 961 944 1014 cxsistcntim
992 959 1206 1013 initium
1243 974 1462 1018 acarne
1513 960 1728 1013 duxisse
1780 961 2020 1025 deliniet,

448 1053 542 1107 sed
592 1052 775 1116 potius
811 1050 1241 1120 dispensationis
1299 1051 1513 1103 modum
1545 1050 1830 1120 intelliget,
1862 1059 2024 1118 atque

447 1142 608 1197 etiam
629 1141 704 1194 rei
735 1149 896 1194 tanta:
922 1141 1279 1194 admiratione
1305 1139 1512 1195 deﬁxus
1533 1141 1710 1194 dicet:
1736 1159 1754 1191 ι
1777 1140 2021 1204 Domine,

449 1233 624 1288 audivi
666 1232 904 1286 auditum
941 1242 1111 1295 tuum,
1166 1241 1221 1283 et
1256 1231 1447 1296 timui;
1501 1231 1742 1296 Domine,
1771 1230 2023 1284 conside-

449 1324 560 1379 ravi
592 1338 753 1393 opera
798 1334 905 1387 tua,
935 1333 989 1376 et
1021 1323 1217 1390 expavi
1243 1322 1310 1375 δ’.
1353 1340 1372 1372 ι
1413 1321 1517 1374 Sed
1561 1321 1665 1376 iste
1696 1322 1914 1389 sapiens
1969 1321 2021 1374 in

450 1414 637 1484 primis
664 1422 719 1466 et
746 1421 936 1466 acutus
972 1414 1275 1477 expositor,
1319 1412 1409 1480 qui
1443 1411 1550 1464 vim
1609 1411 1840 1479 exempli
1894 1425 2018 1479 per-

449 1502 705 1571 cepisset,
764 1499 900 1571 [Sic,
972 1495 1168 1567 inquit,
1235 1501 1396 1554 etiam
1460 1503 1613 1553 beata
1669 1497 1859 1569 Virgo,
1922 1499 2022 1553 etsi

451 1593 659 1662 peperit
690 1591 960 1645 hominem
1008 1592 1166 1644 simul
1208 1600 1624 1660 pertranseunte
1657 1606 1780 1645 cum
1806 1590 1896 1644 illo
1925 1588 2018 1643 Dei

455 1681 648 1746 Verbo,
689 1698 796 1736 non
843 1682 963 1736 ideo
1007 1691 1090 1735 est
1124 1681 1217 1734 Dei
1265 1681 1495 1750 genitrix
1532 1698 1546 1734 :
1585 1681 1690 1750 19
1731 1695 1835 1735 non
1877 1680 2020 1734 enim

452 1772 613 1828 Verbi
649 1773 887 1841 dignitas
919 1788 944 1825 a
973 1775 1144 1833 beata
1181 1773 1398 1842 Virgine
1427 1775 1612 1840 coepit,
1646 1775 1740 1826 sed
1785 1781 1905 1824 erat
1931 1787 2021 1824 na-
2056 1763 2099 1820 Β

455 1872 576 1918 tura
630 1861 820 1934 Deus.]
844 1863 985 1929 Quid
1045 1873 1225 1917 autem
1280 1863 1352 1918 sit
1409 1863 1642 1918 Verbum
1698 1862 1857 1917 simul
1899 1878 2024 1918 cum

453 1966 617 2007 carne
667 1952 1020 2021 pertransire,
1056 1952 1169 2020 ipse
1193 1951 1422 2006 fortasse
1446 1953 1612 2016 norit,
1640 1965 1703 2004 ac
1725 1936 1891 2005 solus.
1921 1950 2026 2005 Sed

453 2044 590 2098 satis
615 2044 800 2098 mirari
834 2057 1043 2112 nequeo
1075 2053 1182 2096 tant
1212 2043 1464 2097 subtilem
1501 2043 1643 2098 illius
1672 2044 2026 2114 diligentiam.

453 2134 588 2189 Nam
614 2135 849 2190 Verbum
896 2136 1072 2204 ipsum
1113 2134 1206 2189 Dei
1236 2134 1448 2189 unitum
1481 2149 1600 2189 esse
1645 2136 1794 2189 carni
1825 2149 2024 2190 secun-

453 2227 578 2282 dum
635 2227 990 2297 bypostasim,
1045 2240 1226 2280 sermo
1283 2225 1530 2280 veritatis
1581 2226 1836 2295 praedicat
1879 2242 1893 2280 :
1943 2222 2030 2280 hic

455 2333 584 2373 vero
630 2317 792 2372 simul
854 2318 1212 2387 pertransisse
1266 2317 1557 2387 (quidnam
1613 2333 1678 2372 eo
1710 2317 1873 2371 verbo
1902 2316 2032 2371 velit

455 2408 672 2477 nescio)
708 2423 849 2477 saepe
889 2409 1164 2462 inculcans
1211 2408 1462 2463 aliirmat.
1522 2409 1727 2463 Deinde
1774 2424 1896 2464 cum
1963 2408 2032 2463 de

455 2509 647 2554 natura
681 2501 837 2554 nobis
863 2508 918 2554 et
945 2501 1151 2556 unitate
1174 2502 1467 2555 secundum
1497 2502 1829 2571 bypostasim
1855 2503 2032 2557 omnis

455 2591 529 2648 sit
588 2593 726 2645 ratio
781 2593 1079 2662 proposita,
1128 2601 1183 2647 et
1231 2593 1600 2663 pervestigare
1655 2594 1870 2647 studeat
1923 2609 2032 2648 non

457 2681 714 2754 quidnam
777 2683 847 2736 sit
887 2683 1184 2736 secundum
1251 2684 1568 2754 dignitatem
1630 2685 1756 2738 illud
1813 2699 1881 2740 cx
1926 2685 2035 2739 Deo

457 2771 720 2837 Verbum,
757 2775 850 2826 sed
887 2783 1068 2827 utrum
1130 2789 1194 2828 ex
1248 2775 1652 2843 dispensatione
1705 2773 1906 2828 factum
1965 2775 2038 2829 sit

459 2862 669 2926 homo,
727 2872 780 2916 et
836 2879 1054 2917 carnem
1103 2879 1166 2918 ex
1224 2863 1447 2918 muliere
1501 2866 1771 2934 propriam
1825 2865 2036 2930 fecerit,

457 2952 807 3021 quazstionem
861 2952 913 3005 in
968 2952 1071 3006 alia
1114 2953 1347 3007 absurde
1389 2952 1673 3017 transfert,
1705 2955 1885 3023 aitque
1929 2968 2035 3006 non

457 3057 526 3098 ex
557 3043 712 3096 beata
759 3043 978 3112 Virgine
1037 3043 1351 3112 dignitatem
1404 3058 1529 3097 csse
1576 3042 1749 3096 Verbo
1799 3049 2031 3109 partam,

460 3134 557 3188 sed
607 3133 776 3188 fuisse
823 3144 1014 3189 natura
1046 3134 1242 3188 Deum.
1264 3135 1333 3186 At
1366 3133 1636 3198 quomodo
1671 3147 1775 3184 non
1824 3131 2032 3200 perspi-

459 3238 618 3278 cuum
666 3225 739 3278 sit
787 3224 996 3277 diversa
1043 3237 1267 3290 prorsus
1298 3235 1418 3275 esse
1466 3221 1783 3291 dignitatem
1828 3230 1881 3274 et
1929 3235 2032 3274 na-

463 3324 642 3369 turam
671 3313 695 3366 ἳ
721 3311 826 3366 Sed
886 3313 938 3366 in
973 3311 1058 3364 his
1105 3311 1268 3365 rebus
1299 3311 1648 3365 subtilitatem
1683 3310 1892 3366 dicendi
1925 3323 2031 3363 non

462 3387 643 3472 magni
672 3403 977 3471 pendimus.
1005 3401 1157 3468 Quod
1190 3411 1368 3456 autent
1419 3402 1682 3472 sequitur,
1725 3401 2035 3470 perspicere

461 3492 831 3546 necessarium
882 3505 1004 3545 esse
1057 3504 1439 3546 censeomam
1493 3491 1556 3543 iis
1613 3504 1734 3558 quze
1789 3503 1818 3542 a
1879 3487 2034 3541 nobis

462 3583 738 3646 dicuntur,
784 3581 928 3635 aliud
979 3581 1249 3651 quoddam
1293 3580 1480 3651 objicit
1527 3586 1929 3649 argumentum,
1979 3585 2037 3629 ut

462 3673 577 3744 ipse
604 3683 752 3728 certe
776 3681 946 3743 putat,
1008 3657 1320 3729 inevitabile
1356 3687 1489 3726 sane
1518 3679 1571 3726 et
1603 3670 1734 3724 satis
1779 3669 2034 3732 validum,

463 3774 525 3818 ut
556 3767 732 3834 possit
775 3774 827 3818 et
864 3765 1080 3835 quidem
1141 3764 1401 3818 audacter
1455 3763 1623 3832 ipsam
1670 3759 2037 3816 Emmanuelis

471 3871 539 3911 ex
579 3857 805 3910 muliere
858 3855 1263 3924 generationem
1299 3853 1481 3908 ludum
1536 3852 1692 3908 nobis
1729 3861 1786 3908 et
1821 3853 2036 3908 inanem

463 3941 703 4003 fabulam
733 3945 982 4000 reddere.
1007 3945 1194 4014 Itaque
1224 3944 1306 3998 sic
1345 3957 1532 3998 rursus
1560 3942 1636 3996 ait
1666 3957 1682 3996 :

535 4181 769 4236 Νεετοιι.
815 4179 835 4250 [
861 4181 934 4234 De
964 4180 1120 4234 beato
1149 4179 1356 4233 Joanne
1391 4178 1631 4248 Baptista
1665 4178 1988 4246 praedicatur
2009 4191 2039 4230 a

465 4273 670 4328 sanctis
712 4271 916 4338 angelis
940 4307 955 4332 ,
992 4269 1317 4337 implendum
1365 4283 1484 4321 esse
1546 4267 1802 4321 infantem
1837 4267 2039 4335 Spiritu

470 4371 658 4415 sancto
688 4361 865 4413 adhuc
909 4372 975 4412 ex
1006 4368 1160 4411 utero
1196 4357 1384 4410 matris
1425 4372 1536 4411 sure
1577 4373 1593 4424 ;
1632 4365 1685 4410 et
1710 4357 1798 4411 hic
1851 4356 2041 4411 beatus

467 4449 704 4506 Joannes
765 4448 1002 4519 Baptista
1043 4446 1304 4518 Spiritum
1350 4457 1594 4502 sanctum
1629 4448 1834 4503 habens
1869 4450 2046 4504 e‘ditus

469 4553 554 4599 est
596 4543 664 4596 “.
721 4541 859 4607 Quid
915 4540 1124 4612 igitur?
1153 4540 1518 4610 appellabisne
1570 4541 1738 4609 ipsam
1773 4539 2046 4596 Elisabetb

469 4636 701 4706 Spiritus
729 4630 1089 4703 genitricem?
1131 4630 1245 4684 Huc
1271 4631 1511 4684 animum
1551 4629 1697 4684 refer
1731 4648 1745 4683 :
1781 4645 1843 4686 ac
1868 4632 1914 4687 si
1952 4633 2044 4701 qui

471 4727 525 4782 in
559 4726 709 4780 vobis
739 4724 936 4778 luerint
986 4722 1074 4790 qui
1106 4722 1172 4776 ad
1215 4738 1275 4776 ea
1309 4736 1429 4790 quae
1477 4721 1764 4786 dicuntur,
1793 4732 2046 4792 tanquam

471 4820 538 4871 ad
563 4817 796 4870 inaudita
838 4823 891 4868 et
925 4813 1140 4867 insolita
1167 4821 1506 4876 moveantur,
1539 4812 1751 4868 veniam
1783 4813 1908 4868 date
1926 4813 2044 4868 illo-

474 4924 591 4962 rum
623 4906 921 4976 imperitiae.
947 4901 969 4974 ]

1139 5014 1292 5070 CAP.
1318 5014 1382 5069 V.

545 5133 800 5199 Quisnam
853 5132 936 5186 bis
983 5129 1163 5186 verbis
1210 5127 1412 5184 auditis
1460 5142 1564 5181 non
1609 5127 1868 5182 continuo
1899 5127 1950 5180 in
1982 5127 2048 5180 il-

477 5223 585 5278 lam
647 5223 920 5292 prophetae
978 5237 1165 5276 vocem
1220 5229 1469 5287 erumpat
1515 5236 1530 5272 :
1573 5237 1592 5270 ι
1646 5218 1852 5272 Stultus
1904 5218 2048 5272 enim

479 5316 641 5370 stulta
674 5314 940 5382 loquetur,
969 5325 1024 5368 et
1055 5328 1151 5368 cor
1176 5312 1298 5382 ejus
1328 5325 1466 5364 vana
1495 5309 1773 5376 cogitabit,
1799 5318 1857 5362 ut
1889 5307 2052 5379 perli-

477 5406 586 5459 ciat
631 5406 842 5474 iniqua,
885 5415 938 5457 et
975 5403 1225 5473 loquatur
1270 5403 1526 5458 adversus
1558 5400 1842 5455 Dominum
1892 5401 2052 5454 sedu-

477 5499 710 5554 ctionem
740 5497 783 5528 "
812 5499 833 5550 ί
871 5515 890 5548 ι
929 5495 1184 5550 Seductio
1224 5495 1367 5549 enim
1392 5493 1677 5563 perspicue
1711 5501 1794 5547 est
1823 5501 1875 5546 et
1907 5490 2050 5544 aliud

553 5671 597 5701 δ’
637 5669 834 5723 ΙΙειΙιιιο.
873 5684 957 5736 ιιι,
987 5670 1037 5724 1.
1109 5671 1154 5702 ⁸³
1187 5670 1312 5726 Luc.
1348 5686 1386 5736 ι,
1424 5670 1511 5724 15.
1584 5672 1630 5703 ⁸⁵
1654 5671 1760 5726 lsa.
1795 5643 1966 5734 xsxn,
2006 5670 2059 5724 6.

2122 524 2299 595 σάρκα
2345 524 2443 592 τὴν
2497 524 2604 578 ἀπὸ
2648 527 2748 596 τῆς
2796 525 2932 590 ἰδίας
2977 529 3260 601 ὑπάρξεως
3305 530 3688 604 λαμϐανούσης

2121 615 2315 685 ἀρχὴν,
2361 615 2504 669 οὕτω
2538 617 2630 668 καὶ
2671 617 2764 669 ἐπὶ
2815 620 2912 688 τῆς
2957 622 3230 691 μακαρίας
3280 623 3594 696 Παρθένου·
3638 630 3687 679 εί

2120 710 2228 779 γάρ
2258 709 2351 763 καὶ
2396 711 2578 780 μήτηρ
2607 710 2723 763 ἐστὶ
2755 711 2855 780 τῆς
2897 713 3056 780 ἁγίας
3087 716 3306 786 σαρκὸς,
3341 719 3456 771 ἀλλ’
3484 715 3576 773 οῦν
3605 721 3691 773 ὲκ-

2120 801 2343 854 τέτοκεν
2390 801 2656 856 ὲνωθέντα
2687 802 2823 872 αὐτῇ
2855 803 2996 856 κατά
3038 805 3293 874 ἀλήθειαν
3325 808 3416 862 τὸν
3459 810 3523 862 ἐκ
3552 810 3688 864 Θεοῦ

2122 893 2254 946 Θεὸν
2288 893 2458 961 Λόγον
2480 910 2491 920 ·
2537 892 2643 948 κᾶν
2683 893 2736 946 εἴ
2777 911 2860 957 τις
2887 894 3021 967 λέγῃ
3059 894 3317 951 Θεοτόκον
3346 901 3537 971 αὐτὴν,
3571 902 3691 970 οὐχὶ

2121 985 2184 1055 δή
2231 1002 2334 1037 που
2366 985 2585 1048 πάντως
2623 983 2867 1055 καθοριεῖ
2906 985 3000 1039 τοῦ
3027 985 3161 1039 Θεοῦ
3192 987 3366 1056 Λόγου
3404 990 3464 1042 τὺ
3500 990 3693 1046 νεώτε-

2125 1093 2238 1148 ρον,
2265 1075 2388 1129 οὔτε
2421 1077 2526 1146 μὴν
2547 1078 2645 1147 τῆς
2669 1077 2801 1140 ίδίας
2827 1077 3112 1148 ὑπάρξεως
3139 1081 3239 1150 τὴν
3265 1082 3439 1153 ἀρχὴν
3465 1084 3694 1153 πεποιῆ-

2125 1167 2248 1220 σθαι
2276 1167 2375 1236 τὴν
2410 1168 2621 1240 σάρκα*
2655 1169 2871 1239 συνήσει
2913 1168 2969 1220 δὲ
3011 1169 3208 1238 μᾶλλον
3254 1170 3355 1240 τῆς
3385 1172 3694 1242 οἰκονομίας

2121 1255 2213 1308 τὸν
2242 1256 2475 1326 τρόπον’
2516 1257 2609 1310 καὶ
2638 1255 2701 1324 δὴ
2747 1258 2840 1310 καὶ
2883 1256 3165 1325 θαυμάσας
3195 1257 3256 1310 τὸ
3297 1259 3506 1328 χρῆμα,
3545 1261 3690 1330 ἐρεῖ·

2129 1362 2149 1395 ι
2196 1344 2390 1416 Κύριε,
2419 1346 2721 1415 εἰσακήκοα
2760 1345 2857 1416 τὴν
2892 1346 3062 1415 ἀκοήν
3098 1363 3211 1407 σου,
3242 1347 3336 1399 καὶ
3384 1347 3690 1418 ἐφοϐήθηνο

2124 1433 2316 1503 Κύριε,
2347 1433 2647 1504 κατενόησα
2670 1434 2737 1485 τά
2762 1435 2898 1503 ἔργα
2925 1451 3040 1496 σου,
3071 1435 3166 1488 καὶ
3205 1435 3446 1507 ἐξέστην.
3487 1455 3506 1488 ι
3555 1437 3692 1491 Ἀλλ’

2123 1525 2152 1577 6
2191 1524 2463 1593 πάνσοφος
2507 1527 2637 1594 ἡμῖν
2681 1527 2777 1578 καὶ
2826 1525 3079 1596 ἀγχίνους
3129 1525 3398 1598 ἐξηγητὴς
3449 1527 3548 1599 τὴν
3598 1527 3693 1582 τοῦ

2125 1616 2565 1686 παραδείγματος
2592 1616 2820 1687 δύναμιν
2845 1618 3113 1688 νενοηκὼς
3134 1633 3148 1648 ·
3177 1616 3373 1688 [Οὓτω,
3407 1619 3561 1688 φησὶ,
3601 1619 3697 1672 καὶ

2127 1709 2160 1778 ἡ
2188 1708 2316 1776 ἁγία
2347 1707 2642 1778 Παρθένος,
2673 1708 2768 1761 καὶ
2793 1709 2840 1760 εί
2865 1709 3082 1761 τέτοκεν
3110 1708 3410 1778 ἄνθρωπον,
3440 1726 3696 1782 συμπαρ-

2129 1799 2374 1862 ελθόντος
2419 1799 2567 1870 αὑτῷ
2609 1799 2702 1852 τοῦ
2738 1798 2873 1853 Θεοῦ
2918 1800 3114 1869 Λόγου,
3161 1800 3274 1854 ἀλλ’
3319 1802 3381 1854 ού
3421 1801 3508 1854 διὰ
3539 1804 3700 1856 τοῦτο

2127 1894 2416 1955 Θεοτόκος*
2447 1894 2508 1946 οὐ
2553 1892 2662 1963 γάρ
2692 1892 2842 1962 παρά
2877 1891 2976 1962 τὴς
3012 1892 3287 1963 μακαρίας
3319 1893 3595 1964 Παρθένου
3637 1891 3699 1946 τὸ

2128 1982 2346 2054 ἀξίωμα
2393 1983 2590 2052 Λόγου,
2630 1983 2744 2036 ἀλλ’
2795 1979 2864 2054 ἦν
2919 1983 3076 2053 φύσει
3124 1983 3301 2053 Θεός.]
3347 1983 3420 2036 Τὸ
3467 1985 3564 2055 μὲν
3606 1979 3698 2037 οὖν

2129 2074 2534 2145 συμπαρελθεῖν
2564 2076 2630 2144 τῇ
2664 2074 2824 2144 σαρκὶ
2873 2072 2962 2126 τὸν
2993 2073 3186 2140 Λόγον,
3212 2074 3241 2126 ὃ
3284 2073 3338 2124 τί
3372 2075 3500 2126 ποτέ
3529 2075 3698 2136 ἐστιν,

2130 2168 2290 2230 αὐτὸς
2327 2165 2392 2222 ἂν
2432 2165 2620 2235 εἰδείη,
2653 2164 2748 2218 καὶ
2785 2164 2975 2235 μόνος’
3011 2165 3222 2235 άγαμαι
3267 2164 3325 2216 δὲ
3372 2164 3574 2233 σφόδρα
3605 2169 3702 2236 τῆς

2129 2257 2272 2310 οὕτω
2303 2256 2506 2326 λεπτῆς
2549 2254 2832 2326 ἀκριϐείας
2862 2255 3010 2326 αὐτῷ
3043 2254 3152 2326 [fon
3185 2254 3389 2326 αὑτόν].
3437 2254 3706 2307 Ἢνῶσθαι

2135 2347 2232 2420 μὲν
2261 2349 2369 2418 γάρ
2397 2350 2462 2419 τῇ
2500 2349 2664 2417 σαρκὶ
2696 2347 2818 2402 καθ’
2855 2348 3152 2401 ὑπόστασιν
3181 2348 3274 2401 τὸν
3300 2346 3395 2400 τοῦ
3429 2346 3564 2398 Θεοῦ
3604 2347 3708 2399 Λό-

2131 2455 2248 2506 γον,
2282 2441 2310 2491 6
2349 2439 2449 2508 τῆς
2495 2439 2754 2509 ἀληθείας
2795 2439 3085 2511 πρεσϐεύει
3138 2439 3328 2505 λόγος’
3361 2437 3420 2489 τὸ
3448 2437 3503 2489 δὲ
3534 2436 3642 2507 [Im
3678 2437 3708 2488 6

2133 2529 2213 2602 δὲ]
2242 2529 2666 2599 συμπαρελθεῖν,
2699 2529 2798 2581 οὐκ
2821 2524 2915 2581 οἷδ’
2947 2529 2975 2581 ὅ
2995 2546 3046 2580 τι
3081 2527 3274 2595 λέγων,
3305 2522 3706 2578 διαϐεϐαιοῦται

2135 2622 2362 2694 συχνῶς.
2399 2616 2532 2673 Εἶτα
2564 2620 2690 2690 περὶ
2722 2618 2934 2687 φύσεως
2973 2620 3123 2686 ἡμῖν,
3164 2617 3254 2668 καὶ
3285 2615 3382 2684 τῆς
3425 2613 3542 2667 καθ’
3573 2615 3708 2666 ὑπόο

2138 2730 2326 2767 στασιν
2373 2711 2617 2775 ἑνώσεως
2644 2710 2738 2765 τοῦ
2774 2709 2973 2780 παντὸς
3007 2706 3364 2777 προκειμένου
3399 2705 3580 2774 λόγου,
3615 2709 3708 2760 καὶ

2137 2805 2413 2875 διερευνᾷν
2449 2800 2854 2866 σπουδάζοντος,
2887 2799 2984 2868 οὐχ
3014 2799 3041 2851 ὅ
3075 2798 3126 2850 τί
3165 2797 3297 2850 ποτέ
3338 2799 3454 2852 ἐστι
3487 2799 3580 2851 καὶ
3610 2798 3707 2869 τὴν

2138 2895 2294 2959 ἀξίαν
2338 2895 2366 2944 ό
2390 2894 2452 2943 ἐκ
2479 2889 2612 2942 Θεοῦ
2641 2889 2832 2956 Λόγος,
2861 2887 2975 2941 ἀλλ’
3012 2890 3060 2940 εἰ
3101 2888 3322 2956 γέγονεν
3351 2889 3708 2959 οἰκονομικῶς

2137 2983 2439 3052 ἄνθρωπος,
2475 2981 2609 3035 ίδίαν
2637 2980 3002 3052 ποιησάμενος
3025 2979 3203 3051 σάρκα
3222 2980 3319 3050 τὴν
3341 2981 3405 3032 ὲκ
3433 2979 3708 3048 γυναικὸς,

2059 3089 2104 3146 C
2137 3075 2217 3138 είς
2270 3074 2433 3144 ἕτερα
2486 3072 2744 3144 μεθιστὰς
2791 3072 3094 3136 ἀλλοκότως
3128 3073 3188 3126 τδ
3246 3072 3598 3142 ζητούμενον,
3632 3073 3707 3126 Οὐ

2141 3166 2296 3238 παρὰ
2340 3165 2438 3235 τῆς
2481 3163 2640 3234 ἁγίας
2690 3165 2997 3237 Παρθένου,
3050 3165 3202 3235 φησὶ,
3259 3164 3320 3217 τὸ
3367 3165 3580 3234 ἀξίωμα
3631 3163 3712 3236 τῷ

2140 3256 2317 3324 Λόγῳ,
2354 3257 2470 3310 ἀλλ’
2515 3252 2584 3327 ἦν
2614 3256 2773 3325 φύσει
2820 3257 2986 3321 Θεόςο
3033 3257 3211 3311 καίτοι
3255 3255 3371 3318 πῶς
3401 3257 3496 3326 οὐχ
3527 3257 3712 3327 ἕτερόν

2139 3363 2193 3399 τι
2239 3346 2332 3398 καὶ
2357 3345 2542 3416 ἕτερον
2588 3346 2829 3416 ἐναργῶς
2859 3340 3076 3417 ἀξίωμά
3114 3365 3175 3401 τε
3203 3349 3297 3402 καὶ
3325 3347 3512 3416 φύσις;
3573 3345 3714 3399 Ἀλλ’

2140 3436 2202 3489 οὐ
2229 3436 2395 3500 πολὺς
2427 3438 2567 3504 ἄγαν
2586 3439 2699 3501 τοῖς
2729 3437 2785 3490 ἔν
2825 3455 2884 3490 τε
2911 3438 3119 3501 τούτοις
3146 3437 3252 3510 [Im
3282 3441 3380 3507 τῆς
3407 3437 3464 3490 ἐν
3493 3453 3555 3505 γε
3591 3435 3716 3490 τού-

2140 3526 2278 3599 τοις]
2324 3529 2457 3598 ήμῖν
2508 3528 2856 3598 ίσχνομυθίας
2901 3531 2930 3582 6
2968 3529 3142 3598 λόγος.
3173 3529 3246 3582 Τὸ
3287 3529 3332 3581 δ’
3373 3524 3464 3581 οὖν
3514 3527 3713 3598 ἑφεξῆς

2143 3620 2436 3685 ἀναγκαῖον
2461 3620 2607 3674 ίδεῖν.
2643 3620 2992 3691 Ἐπιτειχίζει
3034 3621 3143 3692 γάρ
3169 3639 3222 3674 τι
3253 3622 3345 3674 καὶ
3375 3620 3559 3691 ἕτερον
3600 3621 3714 3682 τοῖς

2144 3711 2250 3782 πρὸ
2295 3710 2405 3783 [Ion
2460 3711 2619 3785 πρὸς]
2668 3712 2824 3782 ἡμῶν
2868 3713 3204 3784 λεγομένοις,
3249 3713 3324 3775 ὡς
3367 3712 3498 3780 γοῦν
3543 3709 3713 3764 οἴεταί

2143 3821 2270 3869 που,
2293 3804 2386 3858 καὶ
2411 3805 2806 3872 δυσδιάφυκτον
2839 3806 3055 3876 κομιδῇ,
3087 3805 3182 3859 καὶ
3209 3806 3569 3874 ἀποχρώντως
3591 3804 3714 3874 ἔχον

2144 3898 2224 3960 είς
2248 3914 2308 3965 γε
2330 3897 2390 3949 τὸ
2415 3896 2698 3961 δύνασθαι,
2719 3897 2814 3949 καὶ
2843 3896 2987 3967 μάλα
3019 3897 3302 3961 νεανικῶς,
3327 3892 3486 3950 ἆθλον
3509 3897 3716 3950 εἰκαῖον

2144 3989 2276 4058 ἡμῖν
2318 3987 2414 4058 τὴν
2457 3990 2521 4040 ἐκ
2561 3987 2816 4056 γυναικὸς
2850 3989 3124 4058 ἀποφῆναι
3168 3988 3418 4057 γέννησιν
3449 3987 3542 4041 τοῦ
3582 3987 3718 4058 Ἐμα-

2149 4078 2408 4149 μανουήλ.
2440 4078 2576 4149 Φησὶ
2605 4078 2661 4130 δὲ
2690 4078 2830 4131 οὕτω
2872 4078 3064 4131 πάλιν⁹

2219 4169 2310 4242 [Ὁ
2333 4171 2602 4240 μακάριος
2617 4169 2868 4238 Ἰωάννης
2893 4171 2921 4220 6
2940 4169 3246 4238 Βαπτιστὴς
3276 4167 3713 4236 προκηρύττεται

2147 4259 2299 4327 παρὰ
2331 4259 2438 4310 τῶν
2485 4259 2656 4326 ἁγίων
2691 4258 2958 4325 ἀγγέλων,
2989 4259 3072 4310 ὃτι
3103 4256 3473 4328 πλησθήσεται
3499 4257 3558 4308 τὸ
3590 4255 3715 4325 βρέ-

2150 4365 2247 4417 φος
2275 4349 2591 4418 Πνεύματος
2615 4349 2773 4416 ἁγίου
2814 4349 2893 4401 ἔτι
2925 4351 2988 4401 ἐκ
3026 4348 3232 4410 κοιλίας
3276 4349 3480 4419 μητρὸς
3509 4347 3678 4401 αὑτοῦ
3697 4364 3712 4379 ο

2079 4432 2120 4487 ι)
2149 4440 2242 4492 καὶ
2266 4439 2488 4508 Πνεῦμα
2510 4439 2663 4507 ἅγιον
2691 4438 2848 4508 έχων,
2877 4439 3047 4502 οὕτως
3068 4441 3096 4492 6
3121 4439 3388 4510 μακάριος
3408 4437 3717 4510 Βαπτιστὴς

2150 4530 2495 4585 ἀπετίκτετο.
2532 4533 2598 4584 Τί
2640 4526 2766 4598 οῦν;
2801 4532 2984 4595 καλεῖς
3016 4531 3113 4602 τὴν
3150 4531 3427 4584 Ἐλισάϐετ
3463 4531 3716 4603 Πνευμα-

2150 4622 2406 4689 τοτόκον;
2445 4623 2708 4677 Ἐνταῦθα
2755 4623 2846 4676 τὸν
2894 4623 3018 4678 νοῦν
3069 4624 3369 4693 συνάγαγε·
3421 4626 3522 4678 κάν
3573 4639 3718 4687 τινες

2153 4708 2288 4769 ὦσιν
2321 4717 2378 4768 ὲν
2425 4715 2553 4786 ὑμῖν
2601 4715 2736 4786 πρὸς
2777 4716 2845 4770 τά
2877 4716 3144 4787 λεγόμενα
3192 4715 3538 4787 ξενιζόμενοι,
3583 4713 3720 4785 σύγ-

2154 4823 2327 4876 γνωτε
2355 4806 2456 4877 τῆς
2487 4807 2744 4877 ἀπειρίας
2782 4807 3012 4879 αὐτοῖς]

2794 5003 2952 5057 ΚΕΦ.
2997 5005 3070 5057 Ε’.

2226 5117 2335 5170 Καὶ
2359 5117 2441 5181 τίς
2467 5115 2576 5169 τῶν
2605 5115 2856 5180 τοιούτων
2878 5115 3188 5177 ἐπακούσας
3210 5113 3404 5182 λόγων,
3435 5112 3536 5165 οὐκ
3562 5109 3724 5173 εὐθὺς

2157 5211 2272 5281 ὲρεῖ
2297 5209 2357 5263 τὸ
2385 5209 2471 5263 διά
2504 5212 2602 5280 τῆς
2635 5209 2728 5262 τοῦ
2757 5211 3032 5280 προφήτου
3075 5207 3256 5276 φωνῆς
3276 5224 3288 5237 ·
3321 5224 3340 5256 ι
3381 5205 3438 5257 '0
3465 5204 3572 5274 γὰρ
3608 5221 3725 5274 μω-

2161 5303 2252 5374 ρδς
2279 5301 2439 5373 μωρὰ
2467 5301 2708 5374 λαλήσει,
2746 5302 2896 5371 καὶὴ
2934 5299 3127 5370 καρδία
3163 5298 3328 5352 αὑτοῦ
3365 5297 3572 5367 μάταια
3601 5297 3726 5368 νοή-

2161 5407 2264 5457 σει,
2299 5390 2392 5443 τοῦ
2435 5391 2706 5444 συντελεῖν
2744 5391 2954 5460 ἄνομα,
2988 5389 3080 5442 καὶ
3108 5388 3290 5442 λαλεῖν
3338 5387 3474 5458 πρὸς
3519 5386 3720 5456 Κύριον

2160 5483 2455 5554 πλάνησιν;
2502 5501 2522 5536 ι
2586 5482 2854 5552 Πλάνησις
2907 5480 3016 5551 γὰρ
3078 5479 3560 5550 ὁμολογουμένως,
3629 5475 3732 5530 καὶι
