4004 6202
463 203 533 259 £3
1457 201 1517 257 S.
1558 200 1827 257 CYRILLI
1845 201 2026 258 ALEI

2127 203 2334 258 tDRlNl
2370 204 2691 262 AliCIllEP.
3651 218 3722 272 H

465 325 667 371 malum
708 316 850 371 haud
905 323 1206 386 expertem,
1239 316 1356 372 aliis
1392 317 1743 373 nihilominus
1781 318 2026 375 adversus

2145 323 2225 375 ὅτι
2256 319 2352 388 τὴν
2398 326 2536 379 κατὰ
2565 327 2763 398 σάρκα,
2802 330 2894 382 καί⁵
2924 328 2987 383 ἑκ
3021 331 3279 398 γυναικός
3298 348 3311 362 ·
3343 331 3720 404 θορυϐούντων

462 407 612 463 illum
655 405 919 475 eﬁ'eratis,
962 409 1075 478 ipse
1139 423 1197 464 se
1251 407 1577 477 interponit,
1634 423 1871 478 moxque
1917 410 2026 475 illos

2138 414 2195 469 δὲ
2228 417 2362 486 πρὸς
2389 417 2559 471 ταῦτα
2592 418 2700 472 τῶν
2739 419 2948 492 δήμων,
2990 423 3086 475 καὶ
3130 421 3241 475 τῶν
3276 423 3377 494 μὲν
3424 424 3715 493 πλείστων,

462 500 760 571 approbat,
802 513 939 567 quos
986 514 1082 554 sua
1117 500 1357 554 docendo
1414 499 1750 569 perdiderat,
1779 511 2026 557 cmterum

2140 507 2236 559 καὶ
2266 507 2524 574 συνετῶν,
2565 510 2626 562 ού
2658 510 2899 583 μετρίοις
2940 512 3103 569 αὐτὸν
3139 516 3384 579 ἐπαίνοις
3425 517 3717 588 τετιμηκό-

464 592 515 646 in
563 606 685 646 eum
723 590 959 661 linguam
993 590 1206 644 exacuit
1253 589 1344 660 qui
1370 590 1538 658 ipsius
1599 591 1853 661 dogmata
1917 608 2026 647 non

2139 613 2266 662 των,
2311 597 2387 662 ὡς
2425 600 2623 671 εὐσεϐῆ
2655 619 2739 665 τε,
2781 604 2878 657 καλ⁵
2914 605 3306 669 συνετώτατον,
3351 607 3575 676 καὶτῆς
3606 610 3717 661 τῶν

461 683 810 749 sustinuerat,
872 690 928 735 et
983 680 1036 735 in
1078 690 1296 734 sanctos
1347 680 1536 735 Patres
1580 681 1671 750 qui
1716 681 1857 750 piam
1909 681 2026 735 ﬁdei

2136 684 2423 756 δογμάτων
2452 689 2744 760 ὀρθότητος
2782 692 2884 746 οὐκ
2908 695 3270 766 ἠμοιρηκότα,
3312 697 3716 766 λελυττηκότων

462 776 826 831 deﬁnitionem
882 774 1036 828 nobis
1086 773 1500 837 constituerant,
1533 787 1696 842 quam
1729 780 1789 826 ut
1857 771 2026 826 animi

2138 792 2205 845 γε
2270 777 2376 849 μὴν
2423 782 2544 834 κατ’
2593 782 2756 836 αὑτοῦ
2808 784 2919 838 τῶν
2972 785 3168 853 ἀλλων,
3210 787 3480 843 διαλαὸὼν
3529 787 3711 849 αύτὺςζ

461 868 753 923 anchoram
808 866 1070 921 habemus
1103 873 1269 920 tutam
1303 877 1367 918 ac
1396 862 1630 930 ﬁrmam,
1663 873 1723 917 ut
1766 862 2026 934 scriptum

2134 865 2458 937 ἀποδέχεται
2489 870 2590 938 μὲν
2627 871 2790 936 εὐθὺς
2816 873 3083 938 ἐκείνους,
3114 874 3208 939 οὓς
3237 876 3305 929 τὰ
3330 876 3526 929 ἑαυτοῦ
3565 874 3714 928 διδά-

458 971 541 1014 est
563 959 629 1013 ⁸⁸.
2133 972 2280 1011 σκων
2309 959 2688 1015 ἀπολώλεκενο
2723 963 2978 1038 ὲπιθήγει
3029 964 3084 1018 δὲ
3127 965 3227 1037 τὴν
3261 967 3509 1035 γλῶτταν
3564 965 3714 1034 αὐτῷ

456 1068 513 1105 τε
548 1048 624 1120 τῷ
652 1047 726 1121 μὴ
791 1042 1143 1117 ἀνασχομένῳ
1188 1043 1258 1098 τά
1300 1040 1491 1109 αὑτοῦ,
1525 1042 1619 1096 καὶ
1691 1042 1799 1114 μὴν
1844 1041 1941 1097 καὶ
1990 1045 2104 1107 τοῖς
2142 1045 2320 1115 ἁγίοις
2364 1048 2669 1122 Πατράσιν,
2705 1052 2756 1105 οἱ
2804 1053 2896 1107 τὸν
2925 1055 3123 1127 εὐσεϐῆ
3168 1056 3270 1126 τῆς
3314 1058 3548 1121 πίστεως
3588 1059 3714 1130 ὅρον

454 1149 586 1218 ἡμῖν
618 1142 1171 1215 τεθεσμοθετήκασιν,
1213 1141 1279 1212 ἣν
1311 1139 1388 1204 ὡς
1419 1138 1670 1211 ἄγκυραν
1741 1138 1939 1211 ἔχομεν
1974 1141 2073 1212 τῆς
2142 1142 2323 1216 ψυχῆς
2369 1146 2589 1220 ἀσφαλῆ
2635 1166 2693 1203 τε
2744 1151 2839 1205 καὶ
2880 1151 3129 1221 βεϐαίαν,
3178 1153 3320 1209 κατὰ
3362 1155 3427 1209 τδ
3466 1173 3712 1227 γεγραμ-

458 1244 637 1317 μένον.
2718 1269 2732 1276 -

525 1332 803 1405 [Νεετοιι.
844 1328 1066 1385 Gaudeo
1116 1327 1294 1393 enim,
1337 1326 1546 1397 inquit,
1593 1334 1834 1382 vestrum
1888 1325 2026 1397 aspi-

2204 1324 2419 1397 [Χαίρω
2448 1327 2580 1400 γὰρ,
2607 1328 2734 1400 εφη,
2753 1330 2844 1384 τὸν
2874 1331 3138 1402 ὑμέτερον
3163 1331 3502 1403 θεασάμενος
3523 1335 3705 1406 ζῆλον.

451 1428 604 1481 ciens
644 1423 850 1478 zelum.
898 1419 1141 1477 Indidem
1192 1419 1476 1488 perspicue
1526 1417 1750 1488 coargui
1801 1424 2026 1489 possunt

2132 1416 2369 1469 Δὺτόθεν
2386 1418 2505 1472 ἐστὶ
2528 1420 2702 1490 σαφὴς
2717 1423 2816 1491 τῆς
2830 1421 2938 1473 τῶν
2954 1421 3249 1491 λεχθέντων
3278 1423 3385 1495 [ῐσ.
3409 1425 3582 1497 σαφὴς
3603 1427 3709 1480 τῶν

453 1534 572 1587 qme
610 1518 677 1570 ab
703 1514 906 1570 infelici
956 1512 1175 1567 homine
1218 1521 1347 1566 sunt
1388 1511 1653 1582 ﬂagitiose
1682 1510 1825 1566 dicta
1857 1528 1870 1566 :
1904 1525 2026 1564 nam

2129 1507 2452 1581 λεχθέντων]
2480 1511 2585 1565 ὑπὸ
2612 1511 2710 1581 τῆς
2736 1511 2829 1565 τοῦ
2868 1512 3102 1566 δειλαίου
3142 1516 3364 1586 μιαρίας
3397 1520 3425 1571 ό
3453 1518 3670 1589 ἐλεγχος
3688 1534 3703 1549 ·

453 1624 682 1676 quorum
742 1607 860 1662 duce
910 1614 1039 1660 sunt
1085 1604 1484 1674 generationes,
1521 1617 1708 1658 eorum
1764 1603 1869 1658 duo
1920 1602 2026 1657 sint

2132 1590 2210 1652 ὧν
2237 1600 2345 1672 γὰρ
2368 1599 2461 1653 δύο
2485 1603 2786 1674 γεννήσεις,
2818 1604 3022 1658 τούτων
3042 1604 3134 1658 δύο
3163 1607 3300 1659 υἱοί·
3333 1609 3364 1678 ἠ
3392 1608 3447 1661 δὲ
3476 1608 3708 1679 Ἐκκλη-

454 1704 547 1756 ﬁlii
593 1713 819 1755 necesse
860 1706 943 1752 est
974 1715 986 1751 :
1017 1697 1113 1752 sed
1155 1694 1395 1750 Ecclesia
1450 1707 1615 1749 unum
1657 1691 1901 1765 agnoscit
1933 1690 2026 1746 Fi-

2132 1692 2223 1745 σία
2253 1690 2349 1743 ἕνα
2382 1686 2521 1746 οἶδεν
2554 1693 2705 1761 Υίδν,
2737 1695 3130 1771 τὸνᾉεσπότην
3154 1697 3444 1777 Χριστόν.]

452 1792 605 1855 lium,
640 1790 814 1859 ipsum
844 1785 1125 1841 Dominum
1155 1781 1482 1854 Christum]
2054 1779 2099 1835 Β

1094 1918 1247 1977 CAP.
1294 1918 1391 1975 V1.1

521 2058 853 2117 Stultissime
903 2057 1033 2128 quid
1086 2054 1172 2111 bis
1212 2056 1297 2112 de
1342 2054 1513 2114 rebus
1566 2058 1908 2125 sentiendum
1954 2057 2026 2114 sit

451 2152 816 2208 deﬁnitionem
871 2146 1097 2218 protulit
1149 2145 1376 2201 dicens:
1410 2145 1674 2223 [Quorum
1724 2148 1843 2203 dure
1899 2156 2028 2203 sunt

449 2245 853 2313 generationes,
885 2253 1084 2294 eorum
1129 2237 1234 2292 duo
1259 2251 1479 2307 quoque
1527 2238 1637 2294 sint
1669 2240 1761 2294 ﬁlii
1803 2254 2026 2295 necesse

448 2333 579 2406 εει]
608 2334 876 2389 Caeterum
912 2329 1115 2385 omissa
1161 2327 1246 2383 his
1279 2330 1344 2382 de
1378 2329 1540 2384 rebus
1584 2330 1798 2386 exiliori
1839 2332 2025 2399 dispu-

452 2426 681 2487 tatione,
716 2421 934 2476 interim
972 2435 1093 2488 quae
1141 2420 1207 2472 ad
1243 2420 1505 2474 orationis
1548 2431 1746 2474 nostrae
1776 2422 2024 2491 praposi-

452 2526 567 2569 tum
600 2530 666 2568 ex
700 2509 945 2581 diligenti
979 2508 1331 2577 inquisitione
1364 2510 1590 2562 inveniri
1625 2519 1875 2578 poterunt
1912 2508 2025 2565 col-

450 2607 699 2676 ligamus.
758 2602 925 2672 Igitur
976 2600 1108 2654 duas
1174 2614 1296 2655 esse
1335 2599 1739 2668 generationes,
1804 2599 2025 2656 minime

448 2694 844 2751 admittendum
899 2688 1131 2744 censuit.
1183 2687 1351 2744 Unam
1393 2703 1555 2759 porro
1613 2690 1947 2745 nativitatem
1992 2705 2023 2745 a

449 2786 606 2842 nobis
644 2797 763 2838 esse
790 2781 1152 2837 conﬁtendam
1179 2779 1393 2845 asserit,
1428 2794 1495 2834 ne
1530 2779 1663 2834 duos
1691 2780 1832 2833 ﬁlios
1863 2779 2025 2834 intel-

450 2882 698 2949 ligamus,
730 2890 793 2928 ac
837 2874 882 2927 si
928 2886 1152 2927 necesse
1187 2871 1279 2937 sit,
1313 2873 1355 2925 si
1393 2870 1511 2924 dum
1545 2885 1769 2939 prorsus
1800 2884 2026 2941 genera-

451 2970 627 3023 tiones
651 2966 780 3031 sint,
807 2966 939 3018 duos
966 2963 1096 3017 item
1130 2960 1271 3015 ﬁlios
1297 2958 1508 3014 inferri.
1539 2952 1775 3014 Prodeat
1796 2976 1924 3030 ergo
1956 2974 2020 3015 ac

449 3063 641 3117 doceat
694 3066 874 3113 utram
929 3053 1337 3125 generationem
1388 3049 1540 3104 malit
1587 3050 1896 3117 admittere,
1954 3051 2022 3104 il-

2707 1920 2966 1975 ΚΕΦΑΛ.
3009 1924 3098 1990 ς’.

2212 2051 2576 2123 Ἂνοητότατα
2612 2054 2712 2123 μὲν
2742 2048 2835 2108 οὖν
2863 2054 2956 2109 τὸν
2984 2054 3094 2109 τῶν
3126 2056 3219 2109 ἐπὶ
3247 2056 3456 2123 τούτοις
3485 2061 3705 2117 ἐννοιῶν

2116 2141 2257 2212 νδρον
2308 2140 2665 2212 ἐξηνέγκατο,
2692 2145 2904 2214 λέγων·
2945 2141 3069 2217 [Ὧν
3109 2148 3218 2220 γὰρ
3268 2149 3360 2203 δύο
3392 2154 3703 2223 γεννήσεις,

2130 2233 2337 2288 τούτων
2366 2234 2464 2288 καὶ
2488 2234 2583 2288 δύο
2612 2236 2763 2308 υίοί.]
2805 2237 3179 2310 Ἰσχνομυθίας
3200 2257 3263 2310 γε
3296 2242 3402 2313 μὴν
3428 2243 3524 2312 τῆς
3554 2242 3611 2295 ἒν
3642 2261 3704 2311 γε

2130 2314 2346 2390 τούτοις
2372 2328 2637 2397 ἀφέμενοι
2663 2372 2677 2394 ,
2708 2330 2845 2393 τέως
2879 2331 3015 2403 πρὸς
3046 2332 3137 2386 τὸν
3168 2332 3261 2386 τοῦ
3312 2332 3472 2401 λόγου
3501 2334 3706 2387 σκοπὸν

2129 2416 2197 2471 τὰ
2225 2415 2285 2481 ἐξ
2313 2417 2576 2488 ἀκριϐοῦς
2599 2419 2849 2490 ἐρεύνης,
2882 2422 3013 2492 φέρε
3035 2422 3119 2491 δὴ,
3146 2422 3301 2491 φέρε,
3336 2421 3699 2492 συλλέγωμεν.

2130 2506 2342 2561 Οὐκοῦν
2385 2507 2763 2577 ἀπαράδεκτον
2814 2510 2939 2579 [fax
2978 2511 3025 2561 εί
3061 2509 3156 2562 δύο
3203 2505 3343 2566 εἶναι
3389 2515 3697 2583 γεννήσεις,

2130 2596 2535 2668 ἀπαράδεκτον]
2566 2599 2889 2667 ἐποιήσατο,
2930 2601 3125 2671 χρῆναι
3148 2601 3204 2654 δέ
3237 2620 3368 2674 φησι
3410 2604 3541 2674 μίαν
3566 2607 3701 2671 ὁμο-

2130 2687 2405 2755 λογεῖσθαι
2431 2688 2565 2758 πρὸς
2596 2687 2752 2758 ἡμῶν
2772 2726 2786 2752 ,
2819 2689 2905 2744 ἵνα
2936 2692 3010 2763 μὴ
3043 2692 3136 2745 δύο
3168 2694 3374 2763 νοῶμεν
3413 2695 3594 2759 υίούςο
3624 2697 3700 2759 ὡς

2131 2779 2190 2833 ὃν
2222 2781 2532 2847 ἐπάναγκες
2552 2820 2566 2844 ,
2596 2783 2643 2834 εί
2673 2780 2766 2835 δύο
2791 2783 3005 2847 πάντως
3035 2786 3091 2838 αἱ
3119 2785 3402 2853 ἀποτέξεις
3441 2783 3571 2849 εἶεν,
3606 2788 3703 2841 δύο

2132 2870 2227 2924 καὶ
2252 2871 2402 2933 υἱοὺς
2442 2872 2791 2944 εἰσφέρεσθαι
2812 2891 2826 2905 ’
2860 2875 3157 2930 διδασκέτω
3199 2878 3505 2949 παρελθὼν,
3540 2879 3699 2933 ποίαν

2133 2960 2242 3033 ἄρα
2267 2960 2374 3015 τῶν
2406 2964 2714 3033 γεννήσεων
2739 2966 3125 3038 παραδέξεται,
3156 2967 3253 3039 τὴν
3282 2969 3605 3039 προαιὼνιόν
3640 2986 3699 3024 τε

2130 3053 2227 3107 καὶ
2274 3054 2339 3106 ἐκ
2389 3054 2626 3126 Πατρὸς,
2669 3056 2793 3110 καθ’
2821 3056 2888 3129 ἦν
2935 3057 3090 3111 οὔπω
3118 3061 3534 3131 σεσαρκωμὲνος
3570 3061 3701 3126 Θεὸς

450 3154 629 3208 iamne
671 3167 738 3206 ex
786 3149 947 3203 Patre
997 3153 1123 3199 ante
1162 3142 1382 3208 saecula,
1434 3155 1531 3211 per
1573 3155 1736 3210 quam
1783 3141 2022 3195 nondum

2127 3139 2194 3217 ἧν
2221 3146 2250 3199 ὁ
2282 3145 2473 3213 Λόγος,
2504 3146 2673 3217 ἤγουν
2702 3150 2931 3219 ταυτηνὶ
2977 3150 3075 3219 τὴν
3131 3129 3466 3221 πρόσφατον,
3504 3151 3598 3206 καὶ
3636 3154 3701 3207 ἐκ

449 3248 759 3303 incarnatus
815 3241 953 3293 Deus
977 3243 1095 3291 erat
1136 3233 1389 3294 Verbum,
1418 3247 1486 3286 an
1515 3247 1643 3285 vero
1669 3234 1808 3286 hanc
1845 3246 2027 3286 recen-

447 3349 554 3394 tem
582 3342 637 3390 et
667 3348 733 3388 ex
769 3326 1029 3385 muliere?
1056 3325 1190 3381 Nam
1229 3326 1275 3380 si
1309 3325 1454 3379 illam
1484 3323 1627 3379 dicet
1655 3325 1846 3391 solam,
1875 3323 2019 3379 illam

449 3431 573 3485 dico
616 3436 744 3482 ante
788 3422 984 3477 saecula
1028 3428 1084 3475 et
1120 3434 1185 3474 ex
1234 3415 1418 3484 Patre,
1470 3415 1561 3471 ille
1597 3415 1704 3470 erit
1751 3415 1936 3484 utique
1971 3422 2027 3469 et

450 3519 668 3591 quidem
704 3514 850 3570 solus
883 3511 1077 3576 Filius,
1112 3510 1205 3579 qui
1235 3523 1302 3563 ex
1339 3522 1404 3562 eo
1435 3510 1732 3562 secundum
1777 3514 2023 3560 naturam

449 3620 533 3665 est
566 3616 739 3669 ortus,
772 3613 1063 3670 antequam
1103 3595 1251 3651 carni
1284 3604 1338 3649 et
1380 3593 1623 3664 sanguini
1652 3592 2024 3648 communica-

452 3708 535 3754 ret
559 3697 604 3729 ”
634 3714 647 3750 :
682 3705 885 3749 temere
916 3701 1094 3743 autem
1116 3702 1180 3742 ac
1205 3686 1404 3740 frustra
1428 3683 1744 3755 mysterium
1774 3683 2023 3736 incarna-

452 3790 614 3846 tionis
635 3786 925 3851 asseritur;
948 3781 1093 3855 nullo
1108 3781 1250 3835 enim
1269 3780 1429 3832 modo
1451 3776 1687 3845 seipsum
1707 3773 2022 3839 exinanivit,

450 3897 627 3953 neque
660 3878 825 3934 subiit
853 3875 994 3930 servi
1030 3872 1258 3929 formam
1286 3868 1353 3936 ⁸⁸,
1386 3868 1590 3924 sedsic
1615 3867 1936 3937 permansit,
1970 3876 2026 3921 et

448 3987 633 4029 veram
681 3968 865 4025 carnis
921 3956 1313 4034 injunctioncm
1347 3960 1626 4028 hucusque
1664 3956 1882 4027 refugit.
1921 3955 2018 4011 Sin

451 4081 585 4122 vero
631 4062 726 4132 qui
775 4058 1038 4114 extremis
1080 4053 1415 4124 temporibus
1457 4065 1524 4105 ex
1580 4049 1818 4113 muliere
1865 4057 2024 4103 natus

447 4165 550 4222 est,
593 4158 639 4209 is
665 4154 850 4219 utique
886 4150 1095 4204 dicetur
1132 4156 1187 4200 et
1222 4145 1437 4213 quidem
1468 4141 1616 4196 solus
1646 4138 1837 4203 Filius,
1862 4147 2025 4208 atque

448 4248 611 4303 etiam
648 4243 819 4298 solam
857 4246 996 4293 hanc
1027 4252 1095 4292 ex
1131 4236 1357 4289 muliere
1390 4231 1795 4299 generationem
1828 4228 2024 4283 admit-

452 4350 664 4391 temus:
697 4348 827 4402 ergo
864 4328 1171 4384 necessario
1201 4324 1436 4395 perdidit
1470 4322 1597 4375 illud
1620 4334 1687 4374 ex
1724 4319 1835 4375 Deo
1858 4318 2022 4373 Patre

447 4428 683 4484 Verbum
715 4440 782 4479 ne
815 4424 885 4478 sit
918 4421 1214 4475 secundum
1244 4427 1489 4470 naturam
1525 4411 1713 4468 Filius.
1747 4411 1855 4466 Sed
1878 4410 2023 4465 videt

2053 4463 2097 4520 Il

2127 3224 2421 3304 γύναικόςς
2449 3235 2513 3289 Εἰ
2544 3236 2641 3306 μὲν
2674 3230 2767 3289 οὖν
2797 3238 3013 3307 ἐκείνην
3057 3239 3206 3309 ἐρεῖ,
3242 3239 3335 3293 καὶ
3381 3242 3569 3313 μόνην,
3602 3245 3702 3317 τὴν

2128 3325 2460 3399 προαιώνιον
2491 3327 2634 3396 λέγω
2655 3368 2669 3392 ,
2702 3329 2813 3383 καὶι
2843 3330 2908 3382 ἐκ
2947 3330 3163 3403 Πατρός
3188 3369 3204 3395 ,
3237 3332 3441 3396 ἐκεῖνος
3479 3333 3547 3386 ἂν
3590 3335 3697 3408 εἴη,

2125 3419 2224 3473 καὶ
2257 3419 2417 3490 μόνος
2459 3418 2610 3485 Υἱὸς,
2643 3420 2672 3472 ὁ
2704 3420 2762 3486 ἐξ
2790 3420 2955 3474 αὐτοῦ
3002 3422 3144 3476 κατὰ
3182 3422 3363 3494 φύσιν,
3390 3422 3543 3477 οὔπω
3572 3442 3701 3497 σαρ-

2125 3510 2243 3576 κὸς,
2276 3512 2402 3565 ’καὶ
2434 3511 2666 3581 αἵματος
2708 3513 3156 3585 κεκοινωνηκὼς*
3191 3515 3314 3584 είκῆ
3355 3514 3435 3582 δὲ,
3479 3517 3573 3569 καὶ
3622 3518 3722 3584 ὠς,

2126 3601 2270 3655 ἔοικε
2306 3602 2436 3675 [Ian
2466 3603 2622 3675 ἔτυχε
2645 3603 2665 3676 ]
2687 3644 2701 3670 ,
2749 3604 2810 3658 τὸ
2836 3605 2938 3675 τῆς
2970 3606 3435 3677 ἐνανθρωπήσεως
3460 3606 3698 3661 λαλεῖται

2129 3697 2462 3763 μυστήριονο
2498 3694 2593 3746 καὶ
2634 3692 2907 3746 κεκένωκε
2962 3693 3061 3765 μὲν
3109 3694 3302 3747 ἑαυτὸν
3345 3695 3462 3747 κατ’
3510 3694 3697 3748 ούδένα

2124 3786 2359 3858 τρόπον·
2400 3785 2525 3840 οὔτε
2574 3787 2680 3857 μὴν
2709 3788 2766 3840 ὲν
2802 3790 2870 3858 τῇ
2898 3786 2991 3840 τοῦ
3025 3785 3210 3840 δούλου
3256 3787 3445 3855 γέγονε
3476 3789 3659 3859 μορφῇ
3680 3803 3694 3817 ’

2130 3877 2407 3949 μεμένηκε
2439 3878 2495 3932 δὲ
2523 3877 2685 3942 οὕτω,
2716 3879 2816 3951 τὴν
2857 3877 2993 3950 πρὸς
3035 3878 3214 3950 σάρκα
3255 3878 3469 3931 σύνοδον
3520 3878 3695 3948 ἀληθῆ

2126 3971 2221 4024 καὶ
2253 3972 2334 4035 είς
2358 3970 2520 4043 δεῦρο
2547 3971 3005 4042 παραιτούμενος.
3050 3969 3191 4024 Ἀλλ’
3219 3970 3248 4022 δ
3277 3967 3389 4042 [Ῑσ.
3420 3969 3535 4023 ἀλλ’
3565 3972 3614 4022 εί
3645 3969 3696 4042 ό]

2126 4064 2186 4116 ὲν
2216 4063 2467 4134 ἐσχάτοις
2497 4067 2711 4134 καιροῖς
2744 4066 2810 4116 ἐκ
2842 4064 3118 4132 γυναικὸς,
3152 4063 3315 4127 αὐτὸς
3356 4064 3424 4116 ἂν
3468 4062 3695 4131 λέγοιτο,

2125 4154 2221 4206 καὶ
2269 4155 2432 4224 μόνος
2476 4153 2635 4215 Υἱός·
2667 4154 2762 4206 καὶ
2812 4154 2877 4225 δὴ
2916 4156 3010 4207 καὶ
3061 4155 3192 4223 μίαν
3237 4154 3464 4221 ταυτηνὶ
3497 4153 3594 4221 τὴν
3634 4153 3696 4206 ὲκ

2125 4244 2386 4312 γυναικὸς
2414 4242 2837 4314 παραδεξόμεθα
2872 4245 3157 4314 γέννησιν,
3190 4240 3497 4294 ἀπώλισθεν
3530 4241 3696 4306 ἀναγ-

2125 4333 2295 4396 καίως
2322 4332 2419 4385 τοῦ
2454 4328 2594 4385 εἶναι
2624 4332 2769 4385 κατά
2812 4333 2974 4402 φύσιν
3020 4332 3145 4393 Υἱὸς
3170 4332 3198 4383 δ
3225 4331 3289 4382 ὲκ
3321 4328 3456 4381 Θεοῦ
3484 4328 3698 4400 Πατρὸς

2127 4423 2320 4490 Λόγος.
2363 4422 2505 4476 Ἀλλ’
2529 4422 2629 4494 δρα
2660 4420 2785 4495 [Ζσ.
2835 4422 2975 4495 ὁρᾷ]
3018 4439 3119 4475 που
3150 4420 3368 4485 πάντως
3392 4423 3419 4474 ὁ
3446 4418 3698 4489 θεοφιλὴς

450 4534 673 4592 prorsus
716 4517 798 4570 vir
840 4510 933 4568 Dei
986 4522 1197 4565 amator
1239 4522 1401 4578 quam
1456 4505 1567 4560 sint
1612 4504 1695 4558 bas
1734 4504 2019 4558 sementim

2127 4511 2224 4585 τὴν
2252 4513 2360 4566 τῶν
2388 4514 2605 4569 ἐννοιῶν
2632 4515 2883 4581 ἀτοπίαν,
2928 4515 3024 4568 καὶ
3066 4514 3135 4577 ,τὸ
3185 4512 3303 4566 λίαν
3336 4511 3700 4574 ἀπονενευκὸς

450 4614 717 4674 absurdae,
741 4618 796 4662 et
824 4616 1155 4676 quantopere
1180 4599 1287 4670 22
1312 4599 1381 4652 ad
1408 4597 1742 4667 impietatem
1770 4602 2017 4663 vergant.

452 4704 524 4761 Ut
555 4717 682 4772 ergo
725 4699 810 4752 via
853 4695 999 4764 regia
1038 4692 1369 4764 gradiantur,
1418 4690 1551 4743 duas
1583 4688 1816 4741 dicimus
1851 4685 2020 4740 fuisse

451 4794 783 4855 nativitates,
835 4788 931 4843 sed
966 4799 1130 4840 unum
1168 4783 1223 4836 in
1254 4790 1485 4850 utraque
1532 4776 1749 4842 Filium,
1795 4791 1917 4831 cum
1962 4777 2017 4829 in

450 4900 612 4943 carne
636 4881 872 4938 nondmn
903 4884 1073 4943 esset,
1101 4875 1333 4930 Verbum
1359 4888 1427 4929 ex
1456 4868 1590 4935 Deo,
1620 4871 1867 4925 eumdem
1894 4881 2021 4921 vero

452 4989 641 5048 postea
679 4976 842 5029 etiam
881 4972 1244 5035 incarnatum,
1279 4978 1334 5023 et
1356 4968 1446 5037 qui
1480 4974 1701 5035 propter
1725 4977 1823 5016 nos
1856 4973 2024 5031 gene-

456 5070 716 5122 rationem
757 5065 1052 5121 secundnm
1109 5074 1331 5115 carnem
1381 5074 1465 5114 ειη
1501 5056 1723 5111 muliere
1771 5051 2021 5108 subierit.

2124 4605 2206 4671 είς
2248 4604 2526 4659 ἀσέϐειαν.
2556 4605 2675 4659 Ἵνα
2703 4606 2883 4659 τοίνυν
2907 4605 3023 4659 ὁδὸν
3049 4603 3341 4676 ὲρχὼμεθα
3368 4604 3465 4673 τὴν
3496 4603 3700 4672 βασιλιο

2125 4696 2250 4767 κὴν,
2279 4695 2373 4749 δύο
2402 4696 2583 4767 φαμὲν
2618 4696 2869 4765 γενέσθαι
2902 4696 2998 4761 τὰς
3049 4694 3351 4761 ἀποτέξεις,
3393 4694 3491 4747 ἕνα
3522 4693 3577 4745 δὲ
3609 4691 3700 4746 τὸν

2123 4787 2190 4841 δι’
2217 4788 2419 4858 ἀμφοῖν
2446 4788 2573 4842 Υίόν
2594 4805 2610 4819 ·
2646 4786 2800 4842 οὔπω
2828 4789 2928 4860 μὲν
2961 4790 3019 4842 ὲν
3050 4788 3213 4859 σαρκὶ
3244 4786 3502 4857 γεγονότα
3523 4786 3614 4838 τὸν
3636 4786 3702 4838 ὲκ

2126 4878 2263 4932 Θεοῦ
2295 4880 2496 4949 Λόγονο
2530 4880 2622 4934 τὸν
2649 4880 2812 4937 αὑτὸν
2841 4880 2896 4933 δὲ
2938 4880 3078 4951 μετά
3111 4878 3270 4932 τοῦτο
3296 4879 3393 4932 καὶ
3431 4894 3697 4947 σεσαρκω-
3726 4865 3735 4875 ’

2133 4970 2314 5041 μένον,
2349 4972 2440 5025 καὶ
2472 4970 2539 5025 δι’
2572 4972 2729 5043 ἡμῶν
2763 4971 2873 5045 [τσ.
2906 4971 2973 5025 δι’
3005 4968 3179 5043 ἡμᾶς]
3216 4969 3313 5041 τὴν
3356 4971 3420 5022 ὲκ
3446 4967 3702 5037 γυναικὸς

2128 5060 2436 5116 ἀνατλόιντα
2481 5062 2733 5134 γέννησιν
2784 5062 2924 5115 κατά
2968 5061 3168 5133 σάρκα.
3213 5060 3275 5113 El
3312 5059 3411 5130 μὲν
3459 5059 3568 5128 γὰρ
3615 5057 3701 5108 ἐπ’

455 5157 586 5214 Nam
624 5158 672 5212 si
702 5156 929 5211 dixisset
958 5155 1012 5209 in
1057 5152 1365 5209 hominibus
1398 5159 1655 5220 Oportere
1682 5158 1929 5217 prorsus.
1975 5143 2022 5198 si

2129 5150 2431 5223 ἀνθρώπων
2462 5153 2667 5221 ἔφασκε
2693 5152 2754 5205 τὸ
2782 5153 2978 5223 χρῆναι
3006 5150 3071 5220 δὴ
3101 5149 3317 5211 πάντως
3342 5146 3435 5200 δύο
3468 5146 3703 5200 νοεῖσθαι

455 5250 588 5304 duas
618 5246 994 5317 generationes
1031 5242 1299 5309 dicamus,
1351 5242 1484 5295 duos
1515 5252 1637 5293 esse
1681 5237 1837 5317 Iilios,
1875 5245 2022 5289 recte

2127 5243 2255 5307 τοὺς
2297 5245 2466 5311 υἱοὺς,
2501 5245 2550 5297 εί
2593 5243 2649 5297 δὲ
2681 5243 2777 5297 δύο
2804 5241 2915 5315 [ῐσ.
2951 5244 3000 5297 εί
3029 5239 3146 5314 δύο]
3185 5241 3466 5310 γεννήσεις
3506 5236 3707 5309 ὀνομάο

452 5356 516 5395 ac
565 5313 691 5392 vere
738 5336 963 5390 dixisset
992 5354 1005 5390 :
1033 5336 1125 5390 sed
1174 5334 1298 5405 quia
1345 5330 1547 5388 Christi
1595 5313 1912 5401 mysierium
1968 5337 2022 5380 et

2129 5331 2315 5402 ζομιν,
2357 5333 2536 5405 ὀρθῶς
2569 5334 2636 5388 ἂν
2679 5313 2824 5406 ἔφη,
2847 5333 2942 5387 καὶ
2969 5326 3039 5405 ἦν
3073 5329 3301 5401 ἀληθέςο
3335 5325 3524 5399 ἐπειδὴ
3550 5325 3607 5380 δὲ
3640 5325 3706 5379 τδ

454 5427 841 5486 incarnationis
890 5427 1028 5481 ratio
1057 5424 1219 5480 aliam
1254 5425 1397 5480 viam
1448 5432 1614 5491 tenet,
1650 5432 1704 5477 et
1756 5423 1808 5477 in
1859 5421 2021 5476 rebus

2129 5422 2363 5493 Χριστοῦ
2386 5424 2683 5495 μυστήριον
2726 5423 2820 5476 καὶ⁸
2846 5421 2876 5473 ό
2905 5422 3003 5494 τῆς
3030 5417 3497 5491 ἔνανθρωπήσεως
3526 5416 3700 5487 λόγος,

538 5610 585 5644 ”
606 5608 766 5666 Hebr.
804 5624 878 5676 vt,
908 5607 992 5663 l9.
1073 5608 1117 5639 ⁸⁹
1141 5606 1302 5663 llebr.
1336 5620 1397 5671 tt,
1437 5604 1519 5661 14.
1597 5604 1641 5636 ⁸⁸
1663 5602 1894 5673 Philipp.
1923 5615 1984 5666 ll,
2008 5599 2061 5655 6.
