  <div class='ocr_page' id='page_1' title='image "/cluster/home/n/w/nwhite01/storage/ocr_20150623/76/hvd.32044073501439/028.png"; bbox 0 0 4004 6202; ppageno 0'>
   <div class='ocr_carea' id='block_1_1' title="bbox 277 283 349 335">
    <p class='ocr_par' dir='ltr' id='par_1_1' title="bbox 277 283 349 335">
     <span class='ocr_line' id='line_1_1' title="bbox 277 283 349 335; baseline 0.014 -1"><span class='ocrx_word' id='word_1_1' title='bbox 277 283 349 335; x_wconf 64' lang='grc'><strong>45</strong></span> 
     </span>
    </p>
   </div>
   <div class='ocr_carea' id='block_1_2' title="bbox 1424 276 2515 343">
    <p class='ocr_par' dir='ltr' id='par_1_2' title="bbox 1424 276 2515 343">
     <span class='ocr_line' id='line_1_2' title="bbox 1424 276 2515 343; baseline 0.01 -10"><span class='ocrx_word' id='word_1_2' title='bbox 1424 276 1803 336; x_wconf 68' lang='lat' dir='ltr'><strong>auvsnsus</strong></span> <span class='ocrx_word' id='word_1_3' title='bbox 1838 277 2246 338; x_wconf 77' lang='lat' dir='ltr'><strong>NESTORIUM</strong></span> <span class='ocrx_word' id='word_1_4' title='bbox 2288 282 2419 343; x_wconf 85' lang='lat' dir='ltr'><strong>LIB.</strong></span> <span class='ocrx_word' id='word_1_5' title='bbox 2459 276 2515 343; x_wconf 86' lang='lat' dir='ltr'><strong>t.‘</strong></span> 
     </span>
    </p>
   </div>
   <div class='ocr_carea' id='block_1_3' title="bbox 3461 308 3531 363">
    <p class='ocr_par' dir='ltr' id='par_1_3' title="bbox 3461 308 3531 363">
     <span class='ocr_line' id='line_1_3' title="bbox 3461 308 3531 363; baseline 0 0"><span class='ocrx_word' id='word_1_6' title='bbox 3461 308 3531 363; x_wconf 63' lang='lat'><strong>£6</strong></span> 
     </span>
    </p>
   </div>
   <div class='ocr_carea' id='block_1_4' title="bbox 279 390 1818 481">
    <p class='ocr_par' dir='ltr' id='par_1_4' title="bbox 279 390 1818 469">
     <span class='ocr_line' id='line_1_4' title="bbox 279 390 1818 469; baseline 0.001 -18"><span class='ocrx_word' id='word_1_7' title='bbox 279 396 469 469; x_wconf 65' lang='grc' dir='ltr'>ἑτέραν</span> <span class='ocrx_word' id='word_1_8' title='bbox 505 394 619 465; x_wconf 77' lang='grc' dir='ltr'>ἔχει</span> <span class='ocrx_word' id='word_1_9' title='bbox 650 390 752 463; x_wconf 73' lang='grc' dir='ltr'>τὴν</span> <span class='ocrx_word' id='word_1_10' title='bbox 777 392 915 458; x_wconf 74' lang='grc' dir='ltr'>ὁδὸν,</span> <span class='ocrx_word' id='word_1_11' title='bbox 944 394 1042 448; x_wconf 82' lang='grc' dir='ltr'>καὶ</span> <span class='ocrx_word' id='word_1_12' title='bbox 1071 394 1172 449; x_wconf 84' lang='grc' dir='ltr'><strong>ούκ</strong></span> <span class='ocrx_word' id='word_1_13' title='bbox 1211 392 1270 449; x_wconf 78' lang='grc' dir='ltr'>ἐν</span> <span class='ocrx_word' id='word_1_14' title='bbox 1310 412 1375 464; x_wconf 88' lang='grc' dir='ltr'><strong>γε</strong></span> <span class='ocrx_word' id='word_1_15' title='bbox 1411 399 1524 460; x_wconf 86' lang='grc' dir='ltr'>τοῖς</span> <span class='ocrx_word' id='word_1_16' title='bbox 1556 398 1675 450; x_wconf 85' lang='grc' dir='ltr'>καθ’</span> <span class='ocrx_word' id='word_1_17' title='bbox 1714 399 1818 469; x_wconf 80' lang='grc' dir='ltr'><strong>ἡμᾶ</strong></span> 
     </span>
    </p>
   </div>
   <div class='ocr_carea' id='block_1_5' title="bbox 1919 390 3530 481">
    <p class='ocr_par' dir='ltr' id='par_1_5' title="bbox 1919 400 3530 481">
     <span class='ocr_line' id='line_1_5' title="bbox 1919 400 3530 481; baseline 0.017 -30"><span class='ocrx_word' id='word_1_18' title='bbox 1919 414 1939 461; x_wconf 64' lang='grc' dir='ltr'><strong>ι</strong></span> <span class='ocrx_word' id='word_1_19' title='bbox 1967 400 2167 455; x_wconf 75' lang='lat' dir='ltr'><strong>nostris</strong></span> <span class='ocrx_word' id='word_1_20' title='bbox 2188 415 2295 457; x_wconf 91' lang='lat' dir='ltr'><strong>non</strong></span> <span class='ocrx_word' id='word_1_21' title='bbox 2325 404 2512 459; x_wconf 90' lang='lat' dir='ltr'><strong>eodem</strong></span> <span class='ocrx_word' id='word_1_22' title='bbox 2553 408 2712 465; x_wconf 85' lang='lat' dir='ltr'><strong>modo</strong></span> <span class='ocrx_word' id='word_1_23' title='bbox 2737 413 3086 481; x_wconf 70' lang='lat' dir='ltr'><strong>conspicitur,</strong></span> <span class='ocrx_word' id='word_1_24' title='bbox 3122 431 3219 475; x_wconf 88' lang='lat' dir='ltr'><strong>cur</strong></span> <span class='ocrx_word' id='word_1_25' title='bbox 3240 433 3530 480; x_wconf 83' lang='lat' dir='ltr'><strong>consuetu-</strong></span> 
     </span>
    </p>
   </div>
   <div class='ocr_carea' id='block_1_6' title="bbox 281 485 1856 560">
    <p class='ocr_par' dir='ltr' id='par_1_6' title="bbox 281 485 1856 560">
     <span class='ocr_line' id='line_1_6' title="bbox 281 485 1856 560; baseline -0.001 -17"><span class='ocrx_word' id='word_1_26' title='bbox 281 487 575 560; x_wconf 73' lang='grc' dir='ltr'>ίαοτρόπως</span> <span class='ocrx_word' id='word_1_27' title='bbox 595 487 816 557; x_wconf 73' lang='grc' dir='ltr'>ὁρᾶται,</span> <span class='ocrx_word' id='word_1_28' title='bbox 836 485 892 539; x_wconf 89' lang='grc' dir='ltr'><strong>τί</strong></span> <span class='ocrx_word' id='word_1_29' title='bbox 919 489 1039 549; x_wconf 84' lang='grc' dir='ltr'>ταῖς</span> <span class='ocrx_word' id='word_1_30' title='bbox 1067 486 1193 541; x_wconf 79' lang='grc' dir='ltr'>καθ’</span> <span class='ocrx_word' id='word_1_31' title='bbox 1217 488 1366 556; x_wconf 70' lang='grc' dir='ltr'>ἡμᾶς</span> <span class='ocrx_word' id='word_1_32' title='bbox 1395 487 1701 557; x_wconf 77' lang='grc' dir='ltr'><strong>συνηθείαις</strong></span> <span class='ocrx_word' id='word_1_33' title='bbox 1728 505 1856 542; x_wconf 80' lang='grc' dir='ltr'>συν-</span> 
     </span>
    </p>
   </div>
   <div class='ocr_carea' id='block_1_7' title="bbox 272 574 1857 650">
    <p class='ocr_par' dir='ltr' id='par_1_7' title="bbox 272 574 1857 650">
     <span class='ocr_line' id='line_1_7' title="bbox 272 574 1857 650; baseline 0 -18"><span class='ocrx_word' id='word_1_34' title='bbox 272 579 433 650; x_wconf 86' lang='grc' dir='ltr'>ορῶν,</span> <span class='ocrx_word' id='word_1_35' title='bbox 467 574 588 631; x_wconf 75' lang='grc' dir='ltr'>εἶτα</span> <span class='ocrx_word' id='word_1_36' title='bbox 606 579 722 641; x_wconf 82' lang='grc' dir='ltr'>τοῖς</span> <span class='ocrx_word' id='word_1_37' title='bbox 756 577 1107 648; x_wconf 71' lang='grc' dir='ltr'><strong>παραδόξοις,</strong></span> <span class='ocrx_word' id='word_1_38' title='bbox 1132 576 1225 629; x_wconf 80' lang='grc' dir='ltr'>καὶ</span> <span class='ocrx_word' id='word_1_39' title='bbox 1256 576 1395 646; x_wconf 83' lang='grc' dir='ltr'>ὑπὲρ</span> <span class='ocrx_word' id='word_1_40' title='bbox 1421 575 1597 645; x_wconf 85' lang='grc' dir='ltr'>λόγον,</span> <span class='ocrx_word' id='word_1_41' title='bbox 1617 577 1709 631; x_wconf 81' lang='grc' dir='ltr'><strong>τὸν</strong></span> <span class='ocrx_word' id='word_1_42' title='bbox 1731 577 1857 632; x_wconf 89' lang='grc' dir='ltr'>νοῦν</span> 
     </span>
    </p>
   </div>
   <div class='ocr_carea' id='block_1_8' title="bbox 274 664 1858 738">
    <p class='ocr_par' dir='ltr' id='par_1_8' title="bbox 274 664 1858 738">
     <span class='ocr_line' id='line_1_8' title="bbox 274 664 1858 738; baseline -0.009 -15"><span class='ocrx_word' id='word_1_43' title='bbox 274 670 465 732; x_wconf 70' lang='grc' dir='ltr'>ἐνιεὶς,</span> <span class='ocrx_word' id='word_1_44' title='bbox 516 669 599 730; x_wconf 84' lang='grc' dir='ltr'><strong>είς</strong></span> <span class='ocrx_word' id='word_1_45' title='bbox 650 666 1081 738; x_wconf 79' lang='grc' dir='ltr'>ἀδρανεστάτην,</span> <span class='ocrx_word' id='word_1_46' title='bbox 1125 665 1218 717; x_wconf 74' lang='grc' dir='ltr'>καὶ</span> <span class='ocrx_word' id='word_1_47' title='bbox 1250 664 1441 734; x_wconf 79' lang='grc' dir='ltr'>ἅμαθῆ</span> <span class='ocrx_word' id='word_1_48' title='bbox 1476 665 1574 734; x_wconf 86' lang='grc' dir='ltr'><strong>τὴν</strong></span> <span class='ocrx_word' id='word_1_49' title='bbox 1620 666 1858 735; x_wconf 79' lang='grc' dir='ltr'>ὀλιγοπι-</span> 
     </span>
    </p>
   </div>
   <div class='ocr_carea' id='block_1_9' title="bbox 276 754 1856 827">
    <p class='ocr_par' dir='ltr' id='par_1_9' title="bbox 276 754 1856 827">
     <span class='ocr_line' id='line_1_9' title="bbox 276 754 1856 827; baseline -0.002 -15"><span class='ocrx_word' id='word_1_50' title='bbox 276 761 426 812; x_wconf 86' lang='grc' dir='ltr'>στίαν</span> <span class='ocrx_word' id='word_1_51' title='bbox 467 760 868 827; x_wconf 60' lang='grc' dir='ltr'>καταφωρῶαι</span> <span class='ocrx_word' id='word_1_52' title='bbox 906 755 1129 820; x_wconf 79' lang='grc' dir='ltr'>πεσών;</span> <span class='ocrx_word' id='word_1_53' title='bbox 1185 754 1252 806; x_wconf 77' lang='grc' dir='ltr'><strong>Ὀ</strong></span> <span class='ocrx_word' id='word_1_54' title='bbox 1309 754 1367 806; x_wconf 81' lang='grc' dir='ltr'>δέ</span> <span class='ocrx_word' id='word_1_55' title='bbox 1415 771 1507 824; x_wconf 88' lang='grc' dir='ltr'><strong>μοι</strong></span> <span class='ocrx_word' id='word_1_56' title='bbox 1556 755 1856 826; x_wconf 80' lang='grc' dir='ltr'><strong>θαυμάζειν</strong></span> 
     </span>
    </p>
   </div>
   <div class='ocr_carea' id='block_1_10' title="bbox 272 844 1854 917">
    <p class='ocr_par' dir='ltr' id='par_1_10' title="bbox 272 844 1854 917">
     <span class='ocr_line' id='line_1_10' title="bbox 272 844 1854 917; baseline -0.001 -15"><span class='ocrx_word' id='word_1_57' title='bbox 272 849 511 914; x_wconf 70' lang='grc' dir='ltr'>ἔπεισιν,</span> <span class='ocrx_word' id='word_1_58' title='bbox 541 849 721 901; x_wconf 78' lang='grc' dir='ltr'>ἐκεῖνό</span> <span class='ocrx_word' id='word_1_59' title='bbox 760 849 911 899; x_wconf 82' lang='grc' dir='ltr'>ἑστιν</span> <span class='ocrx_word' id='word_1_60' title='bbox 932 862 948 876; x_wconf 89' lang='grc'><strong>·</strong></span> <span class='ocrx_word' id='word_1_61' title='bbox 1000 846 1096 898; x_wconf 76' lang='grc' dir='ltr'>ἕνα</span> <span class='ocrx_word' id='word_1_62' title='bbox 1119 845 1227 916; x_wconf 83' lang='grc' dir='ltr'><strong>γὰρ</strong></span> <span class='ocrx_word' id='word_1_63' title='bbox 1256 846 1316 897; x_wconf 82' lang='grc' dir='ltr'>ὲν</span> <span class='ocrx_word' id='word_1_64' title='bbox 1342 844 1552 909; x_wconf 78' lang='grc' dir='ltr'><strong>τούτοις</strong></span> <span class='ocrx_word' id='word_1_65' title='bbox 1578 846 1854 917; x_wconf 82' lang='grc' dir='ltr'>ὁμολογῶν</span> 
     </span>
    </p>
   </div>
   <div class='ocr_carea' id='block_1_11' title="bbox 272 937 1852 1009">
    <p class='ocr_par' dir='ltr' id='par_1_11' title="bbox 272 937 1852 1009">
     <span class='ocr_line' id='line_1_11' title="bbox 272 937 1852 1009; baseline 0.001 -17"><span class='ocrx_word' id='word_1_66' title='bbox 272 940 397 993; x_wconf 78' lang='grc' dir='ltr'>Υίὸν</span> <span class='ocrx_word' id='word_1_67' title='bbox 446 941 649 993; x_wconf 77' lang='grc' dir='ltr'>ειδέναι</span> <span class='ocrx_word' id='word_1_68' title='bbox 682 939 784 1009; x_wconf 77' lang='grc' dir='ltr'><strong>τὴν</strong></span> <span class='ocrx_word' id='word_1_69' title='bbox 827 937 1189 1007; x_wconf 77' lang='grc' dir='ltr'><strong>Ἐκκλησίαν,</strong></span> <span class='ocrx_word' id='word_1_70' title='bbox 1218 937 1624 1008; x_wconf 85' lang='grc' dir='ltr'>προστεθεικὼς</span> <span class='ocrx_word' id='word_1_71' title='bbox 1649 938 1729 1005; x_wconf 84' lang='grc' dir='ltr'>δὲ,</span> <span class='ocrx_word' id='word_1_72' title='bbox 1769 940 1852 994; x_wconf 87' lang='grc' dir='ltr'>ὃτι</span> 
     </span>
    </p>
   </div>
   <div class='ocr_carea' id='block_1_12' title="bbox 270 1029 1850 1103">
    <p class='ocr_par' dir='ltr' id='par_1_12' title="bbox 270 1029 1850 1103">
     <span class='ocr_line' id='line_1_12' title="bbox 270 1029 1850 1103; baseline -0.001 -16"><span class='ocrx_word' id='word_1_73' title='bbox 270 1033 361 1087; x_wconf 74' lang='grc' dir='ltr'><strong>τὸν</strong></span> <span class='ocrx_word' id='word_1_74' title='bbox 378 1032 656 1102; x_wconf 78' lang='grc' dir='ltr'>Δεσπότην</span> <span class='ocrx_word' id='word_1_75' title='bbox 680 1030 940 1101; x_wconf 81' lang='grc' dir='ltr'>Χριστὸν,</span> <span class='ocrx_word' id='word_1_76' title='bbox 955 1030 1140 1084; x_wconf 84' lang='grc' dir='ltr'>οὐκέτι</span> <span class='ocrx_word' id='word_1_77' title='bbox 1157 1029 1459 1099; x_wconf 82' lang='grc' dir='ltr'><strong>τετήρηκεν</strong></span> <span class='ocrx_word' id='word_1_78' title='bbox 1477 1029 1593 1091; x_wconf 58' lang='grc' dir='ltr'><strong>ἔγω</strong></span> <span class='ocrx_word' id='word_1_79' title='bbox 1616 1030 1850 1103; x_wconf 69' lang='grc' dir='ltr'>διῖστησι</span> 
     </span>
    </p>
   </div>
   <div class='ocr_carea' id='block_1_13' title="bbox 270 1121 1850 1195">
    <p class='ocr_par' dir='ltr' id='par_1_13' title="bbox 270 1121 1850 1195">
     <span class='ocr_line' id='line_1_13' title="bbox 270 1121 1850 1195; baseline 0.001 -18"><span class='ocrx_word' id='word_1_80' title='bbox 270 1125 382 1195; x_wconf 75' lang='grc' dir='ltr'>γὰρ</span> <span class='ocrx_word' id='word_1_81' title='bbox 412 1124 655 1195; x_wconf 71' lang='grc' dir='ltr'>ἀλλήλων</span> <span class='ocrx_word' id='word_1_82' title='bbox 680 1123 751 1176; x_wconf 84' lang='grc' dir='ltr'><strong>τὰ</strong></span> <span class='ocrx_word' id='word_1_83' title='bbox 783 1123 1061 1193; x_wconf 72' lang='grc' dir='ltr'>ἡνωμένα,</span> <span class='ocrx_word' id='word_1_84' title='bbox 1107 1121 1203 1175; x_wconf 81' lang='grc' dir='ltr'>καὶ</span> <span class='ocrx_word' id='word_1_85' title='bbox 1234 1121 1337 1174; x_wconf 79' lang='grc' dir='ltr'>ἀνὰ</span> <span class='ocrx_word' id='word_1_86' title='bbox 1377 1121 1545 1192; x_wconf 80' lang='grc' dir='ltr'>μέρος</span> <span class='ocrx_word' id='word_1_87' title='bbox 1587 1122 1850 1194; x_wconf 76' lang='grc' dir='ltr'>ἑκάτερον</span> 
     </span>
    </p>
   </div>
   <div class='ocr_carea' id='block_1_14' title="bbox 277 1194 1849 1286">
    <p class='ocr_par' dir='ltr' id='par_1_14' title="bbox 277 1194 1849 1286">
     <span class='ocr_line' id='line_1_14' title="bbox 277 1194 1849 1286; baseline -0.002 -18"><span class='ocrx_word' id='word_1_88' title='bbox 277 1194 515 1286; x_wconf 69' lang='grc' dir='ltr'>τίθησιν,</span> <span class='ocrx_word' id='word_1_89' title='bbox 543 1216 598 1267; x_wconf 79' lang='grc' dir='ltr'><strong>ού</strong></span> <span class='ocrx_word' id='word_1_90' title='bbox 622 1215 671 1266; x_wconf 89' lang='grc' dir='ltr'><strong>τί</strong></span> <span class='ocrx_word' id='word_1_91' title='bbox 706 1214 825 1284; x_wconf 73' lang='grc' dir='ltr'>μὲν</span> <span class='ocrx_word' id='word_1_92' title='bbox 844 1212 962 1266; x_wconf 79' lang='grc' dir='ltr'>ἐστι</span> <span class='ocrx_word' id='word_1_93' title='bbox 994 1212 1134 1265; x_wconf 83' lang='grc' dir='ltr'>κατὰ</span> <span class='ocrx_word' id='word_1_94' title='bbox 1164 1209 1324 1280; x_wconf 82' lang='grc' dir='ltr'>φύσιν</span> <span class='ocrx_word' id='word_1_95' title='bbox 1355 1211 1384 1262; x_wconf 86' lang='grc' dir='ltr'><strong>ό</strong></span> <span class='ocrx_word' id='word_1_96' title='bbox 1413 1211 1607 1279; x_wconf 81' lang='grc' dir='ltr'><strong>Λόγος,</strong></span> <span class='ocrx_word' id='word_1_97' title='bbox 1641 1213 1849 1284; x_wconf 87' lang='grc' dir='ltr'>διερευ-</span> 
     </span>
    </p>
   </div>
   <div class='ocr_carea' id='block_1_15' title="bbox 280 1299 1845 1374">
    <p class='ocr_par' dir='ltr' id='par_1_15' title="bbox 280 1299 1845 1374">
     <span class='ocr_line' id='line_1_15' title="bbox 280 1299 1845 1374; baseline -0.001 -16"><span class='ocrx_word' id='word_1_98' title='bbox 280 1306 536 1374; x_wconf 83' lang='grc' dir='ltr'>νώμενος,</span> <span class='ocrx_word' id='word_1_99' title='bbox 567 1305 619 1356; x_wconf 88' lang='grc' dir='ltr'><strong>τί</strong></span> <span class='ocrx_word' id='word_1_100' title='bbox 647 1304 704 1356; x_wconf 73' lang='grc' dir='ltr'>δὲ</span> <span class='ocrx_word' id='word_1_101' title='bbox 730 1304 827 1355; x_wconf 77' lang='grc' dir='ltr'>καὶ</span> <span class='ocrx_word' id='word_1_102' title='bbox 846 1304 879 1372; x_wconf 78' lang='grc' dir='ltr'><strong>ἡ</strong></span> <span class='ocrx_word' id='word_1_103' title='bbox 912 1300 1078 1369; x_wconf 80' lang='grc' dir='ltr'>σάρξ’</span> <span class='ocrx_word' id='word_1_104' title='bbox 1111 1299 1396 1371; x_wconf 80' lang='grc' dir='ltr'>ἄνθρωπον</span> <span class='ocrx_word' id='word_1_105' title='bbox 1424 1299 1479 1352; x_wconf 79' lang='grc' dir='ltr'>δὲ</span> <span class='ocrx_word' id='word_1_106' title='bbox 1505 1300 1729 1369; x_wconf 79' lang='grc' dir='ltr'>μᾶλλον,</span> <span class='ocrx_word' id='word_1_107' title='bbox 1750 1303 1845 1356; x_wconf 73' lang='grc' dir='ltr'>καὶ</span> 
     </span>
    </p>
   </div>
   <div class='ocr_carea' id='block_1_16' title="bbox 274 1387 1844 1462">
    <p class='ocr_par' dir='ltr' id='par_1_16' title="bbox 274 1387 1844 1462">
     <span class='ocr_line' id='line_1_16' title="bbox 274 1387 1844 1462; baseline -0.002 -14"><span class='ocrx_word' id='word_1_108' title='bbox 274 1396 431 1457; x_wconf 79' lang='grc' dir='ltr'>Θεὸν,</span> <span class='ocrx_word' id='word_1_109' title='bbox 466 1395 543 1457; x_wconf 82' lang='grc' dir='ltr'><strong>ὡς</strong></span> <span class='ocrx_word' id='word_1_110' title='bbox 573 1396 629 1446; x_wconf 80' lang='grc' dir='ltr'>ὲν</span> <span class='ocrx_word' id='word_1_111' title='bbox 658 1393 863 1461; x_wconf 77' lang='grc' dir='ltr'>ἰσότητι</span> <span class='ocrx_word' id='word_1_112' title='bbox 912 1391 1051 1461; x_wconf 77' lang='grc' dir='ltr'>μόνῃ</span> <span class='ocrx_word' id='word_1_113' title='bbox 1094 1389 1193 1460; x_wconf 79' lang='grc' dir='ltr'><strong>τῆς</strong></span> <span class='ocrx_word' id='word_1_114' title='bbox 1220 1387 1395 1458; x_wconf 80' lang='grc' dir='ltr'><strong>δόξης,</strong></span> <span class='ocrx_word' id='word_1_115' title='bbox 1428 1390 1676 1462; x_wconf 84' lang='grc' dir='ltr'>καθάπερ</span> <span class='ocrx_word' id='word_1_116' title='bbox 1713 1391 1844 1459; x_wconf 91' lang='grc' dir='ltr'>γοῦν</span> 
     </span>
    </p>
   </div>
   <div class='ocr_carea' id='block_1_17' title="bbox 271 1478 1843 1553">
    <p class='ocr_par' dir='ltr' id='par_1_17' title="bbox 271 1478 1843 1553">
     <span class='ocr_line' id='line_1_17' title="bbox 271 1478 1843 1553; baseline -0.007 -17"><span class='ocrx_word' id='word_1_117' title='bbox 271 1485 468 1545; x_wconf 74' lang='grc' dir='ltr'>οἴεται,</span> <span class='ocrx_word' id='word_1_118' title='bbox 499 1482 763 1549; x_wconf 78' lang='grc' dir='ltr'>συλλέγων</span> <span class='ocrx_word' id='word_1_119' title='bbox 797 1483 877 1543; x_wconf 87' lang='grc' dir='ltr'><strong>είς</strong></span> <span class='ocrx_word' id='word_1_120' title='bbox 904 1478 983 1543; x_wconf 80' lang='grc' dir='ltr'>ἓν,</span> <span class='ocrx_word' id='word_1_121' title='bbox 1012 1479 1148 1548; x_wconf 88' lang='grc' dir='ltr'>ὅπερ</span> <span class='ocrx_word' id='word_1_122' title='bbox 1181 1480 1298 1531; x_wconf 74' lang='grc' dir='ltr'>ἐστὶ</span> <span class='ocrx_word' id='word_1_123' title='bbox 1322 1479 1601 1544; x_wconf 82' lang='grc' dir='ltr'><strong>παντελῶς</strong></span> <span class='ocrx_word' id='word_1_124' title='bbox 1625 1482 1843 1553; x_wconf 80' lang='grc' dir='ltr'><strong>ἀμήχα-</strong></span> 
     </span>
    </p>
   </div>
   <div class='ocr_carea' id='block_1_18' title="bbox 272 1568 1841 1646">
    <p class='ocr_par' dir='ltr' id='par_1_18' title="bbox 272 1568 1841 1646">
     <span class='ocr_line' id='line_1_18' title="bbox 272 1568 1841 1646; baseline -0.001 -17"><span class='ocrx_word' id='word_1_125' title='bbox 272 1591 364 1629; x_wconf 86' lang='grc' dir='ltr'><strong>νον</strong></span> <span class='ocrx_word' id='word_1_126' title='bbox 414 1572 714 1646; x_wconf 83' lang='grc' dir='ltr'>[ἀπίθανον</span> <span class='ocrx_word' id='word_1_127' title='bbox 735 1570 756 1643; x_wconf 84' lang='grc'><strong>]</strong></span> <span class='ocrx_word' id='word_1_128' title='bbox 780 1612 797 1636; x_wconf 92' lang='grc'><strong>,</strong></span> <span class='ocrx_word' id='word_1_129' title='bbox 828 1570 1027 1638; x_wconf 80' lang='grc' dir='ltr'>μᾶλλον</span> <span class='ocrx_word' id='word_1_130' title='bbox 1059 1570 1118 1624; x_wconf 84' lang='grc' dir='ltr'>δὲ</span> <span class='ocrx_word' id='word_1_131' title='bbox 1145 1569 1241 1623; x_wconf 80' lang='grc' dir='ltr'>καὶ</span> <span class='ocrx_word' id='word_1_132' title='bbox 1272 1568 1583 1636; x_wconf 77' lang='grc' dir='ltr'>ἀνέφικτον,</span> <span class='ocrx_word' id='word_1_133' title='bbox 1628 1574 1722 1625; x_wconf 72' lang='grc' dir='ltr'>καὶ</span> <span class='ocrx_word' id='word_1_134' title='bbox 1749 1574 1841 1627; x_wconf 79' lang='grc' dir='ltr'>τὸν</span> 
     </span>
    </p>
   </div>
   <div class='ocr_carea' id='block_1_19' title="bbox 270 1658 1836 1734">
    <p class='ocr_par' dir='ltr' id='par_1_19' title="bbox 270 1658 1836 1734">
     <span class='ocr_line' id='line_1_19' title="bbox 270 1658 1836 1734; baseline 0 -16"><span class='ocrx_word' id='word_1_135' title='bbox 270 1662 367 1718; x_wconf 85' lang='grc' dir='ltr'><strong>τοῦ</strong></span> <span class='ocrx_word' id='word_1_136' title='bbox 413 1663 708 1734; x_wconf 78' lang='grc' dir='ltr'><strong>μυστηρίου</strong></span> <span class='ocrx_word' id='word_1_137' title='bbox 748 1661 905 1731; x_wconf 81' lang='grc' dir='ltr'>λόγον</span> <span class='ocrx_word' id='word_1_138' title='bbox 953 1658 1237 1715; x_wconf 76' lang='grc' dir='ltr'><strong>κατασείει</strong></span> <span class='ocrx_word' id='word_1_139' title='bbox 1297 1659 1432 1730; x_wconf 81' lang='grc' dir='ltr'>πρὸς</span> <span class='ocrx_word' id='word_1_140' title='bbox 1479 1660 1541 1715; x_wconf 83' lang='grc' dir='ltr'><strong>τὺ</strong></span> <span class='ocrx_word' id='word_1_141' title='bbox 1585 1662 1836 1728; x_wconf 74' lang='grc' dir='ltr'>ἀκαλλὲς.</span> 
     </span>
    </p>
   </div>
   <div class='ocr_carea' id='block_1_20' title="bbox 280 1754 749 1825">
    <p class='ocr_par' dir='ltr' id='par_1_20' title="bbox 280 1754 749 1825">
     <span class='ocr_line' id='line_1_20' title="bbox 280 1754 749 1825; baseline 0.004 -20"><span class='ocrx_word' id='word_1_142' title='bbox 280 1758 424 1825; x_wconf 68' lang='grc' dir='ltr'>Ἔφη</span> <span class='ocrx_word' id='word_1_143' title='bbox 456 1756 510 1808; x_wconf 79' lang='grc' dir='ltr'>δὲ</span> <span class='ocrx_word' id='word_1_144' title='bbox 540 1754 713 1817; x_wconf 70' lang='grc' dir='ltr'>οὕτως</span> <span class='ocrx_word' id='word_1_145' title='bbox 734 1770 749 1783; x_wconf 79' lang='grc'><strong><em>⁸</em></strong></span> 
     </span>
    </p>
   </div>
   <div class='ocr_carea' id='block_1_21' title="bbox 349 1838 1840 1921">
    <p class='ocr_par' dir='ltr' id='par_1_21' title="bbox 349 1838 1840 1921">
     <span class='ocr_line' id='line_1_21' title="bbox 349 1838 1840 1921; baseline 0 -20"><span class='ocrx_word' id='word_1_146' title='bbox 349 1848 461 1921; x_wconf 83' lang='grc' dir='ltr'>[Δεῖ</span> <span class='ocrx_word' id='word_1_147' title='bbox 489 1848 543 1900; x_wconf 73' lang='grc' dir='ltr'>δὲ</span> <span class='ocrx_word' id='word_1_148' title='bbox 586 1848 752 1918; x_wconf 76' lang='grc' dir='ltr'>ἡμᾶς,</span> <span class='ocrx_word' id='word_1_149' title='bbox 800 1843 895 1899; x_wconf 86' lang='grc' dir='ltr'><strong>νῦν</strong></span> <span class='ocrx_word' id='word_1_150' title='bbox 927 1843 1035 1916; x_wconf 72' lang='grc' dir='ltr'><strong>γὰρ</strong></span> <span class='ocrx_word' id='word_1_151' title='bbox 1061 1838 1225 1915; x_wconf 76' lang='grc' dir='ltr'>ἦλθον</span> <span class='ocrx_word' id='word_1_152' title='bbox 1253 1844 1333 1908; x_wconf 84' lang='grc' dir='ltr'><strong>είς</strong></span> <span class='ocrx_word' id='word_1_153' title='bbox 1362 1843 1592 1913; x_wconf 78' lang='grc' dir='ltr'>ἔννοιαν,</span> <span class='ocrx_word' id='word_1_154' title='bbox 1624 1847 1716 1900; x_wconf 78' lang='grc' dir='ltr'>καὶ</span> <span class='ocrx_word' id='word_1_155' title='bbox 1741 1848 1840 1919; x_wconf 79' lang='grc' dir='ltr'>τὴν</span> 
     </span>
    </p>
   </div>
   <div class='ocr_carea' id='block_1_22' title="bbox 284 1933 1840 2006">
    <p class='ocr_par' dir='ltr' id='par_1_22' title="bbox 284 1933 1840 2006">
     <span class='ocr_line' id='line_1_22' title="bbox 284 1933 1840 2006; baseline -0.001 -15"><span class='ocrx_word' id='word_1_156' title='bbox 284 1938 419 1991; x_wconf 73' lang='grc' dir='ltr'>κατὰ</span> <span class='ocrx_word' id='word_1_157' title='bbox 471 1938 701 1991; x_wconf 83' lang='grc' dir='ltr'>Νίκαιαν</span> <span class='ocrx_word' id='word_1_158' title='bbox 750 1934 962 1988; x_wconf 77' lang='grc' dir='ltr'>σύνοδον</span> <span class='ocrx_word' id='word_1_159' title='bbox 1013 1933 1230 2004; x_wconf 82' lang='grc' dir='ltr'>μαθεῖν,</span> <span class='ocrx_word' id='word_1_160' title='bbox 1264 1933 1501 2004; x_wconf 80' lang='grc' dir='ltr'>οὐδαμοῦ</span> <span class='ocrx_word' id='word_1_161' title='bbox 1552 1935 1840 2006; x_wconf 84' lang='grc' dir='ltr'>τολμῶσαν</span> 
     </span>
    </p>
   </div>
   <div class='ocr_carea' id='block_1_23' title="bbox 290 2025 1836 2099">
    <p class='ocr_par' dir='ltr' id='par_1_23' title="bbox 290 2025 1836 2099">
     <span class='ocr_line' id='line_1_23' title="bbox 290 2025 1836 2099; baseline 0.001 -19"><span class='ocrx_word' id='word_1_162' title='bbox 290 2032 476 2094; x_wconf 64' lang='grc' dir='ltr'>εἰπεῖν,</span> <span class='ocrx_word' id='word_1_163' title='bbox 502 2030 585 2081; x_wconf 74' lang='grc' dir='ltr'>ὅτι</span> <span class='ocrx_word' id='word_1_164' title='bbox 623 2030 651 2080; x_wconf 80' lang='grc' dir='ltr'><strong>ὁ</strong></span> <span class='ocrx_word' id='word_1_165' title='bbox 696 2026 822 2089; x_wconf 71' lang='grc' dir='ltr'>Θεὸς</span> <span class='ocrx_word' id='word_1_166' title='bbox 859 2025 1120 2095; x_wconf 75' lang='grc' dir='ltr'><strong>ἐγεννήθη</strong></span> <span class='ocrx_word' id='word_1_167' title='bbox 1168 2026 1235 2078; x_wconf 84' lang='grc' dir='ltr'>ὲκ</span> <span class='ocrx_word' id='word_1_168' title='bbox 1273 2026 1522 2097; x_wconf 83' lang='grc' dir='ltr'>Μαρίας·</span> <span class='ocrx_word' id='word_1_169' title='bbox 1567 2026 1670 2098; x_wconf 74' lang='grc' dir='ltr'>ἔφη</span> <span class='ocrx_word' id='word_1_170' title='bbox 1705 2029 1836 2099; x_wconf 83' lang='grc' dir='ltr'>γὰρ,</span> 
     </span>
    </p>
   </div>
   <div class='ocr_carea' id='block_1_24' title="bbox 299 2114 1832 2190">
    <p class='ocr_par' dir='ltr' id='par_1_24' title="bbox 299 2114 1832 2190">
     <span class='ocr_line' id='line_1_24' title="bbox 299 2114 1832 2190; baseline 0 -19"><span class='ocrx_word' id='word_1_171' title='bbox 299 2120 378 2171; x_wconf 77' lang='grc' dir='ltr'><strong>δτι</strong></span> <span class='ocrx_word' id='word_1_172' title='bbox 426 2115 742 2186; x_wconf 80' lang='grc' dir='ltr'>Πιστεύομεν</span> <span class='ocrx_word' id='word_1_173' title='bbox 762 2118 836 2181; x_wconf 83' lang='grc' dir='ltr'><strong>είς</strong></span> <span class='ocrx_word' id='word_1_174' title='bbox 857 2117 951 2169; x_wconf 73' lang='grc' dir='ltr'>ἕνα</span> <span class='ocrx_word' id='word_1_175' title='bbox 973 2115 1105 2169; x_wconf 82' lang='grc' dir='ltr'><strong>Θεὸν</strong></span> <span class='ocrx_word' id='word_1_176' title='bbox 1131 2114 1354 2186; x_wconf 82' lang='grc' dir='ltr'><strong>Πατέρα</strong></span> <span class='ocrx_word' id='word_1_177' title='bbox 1382 2118 1799 2190; x_wconf 81' lang='grc' dir='ltr'>παντοκράτορα</span> <span class='ocrx_word' id='word_1_178' title='bbox 1818 2135 1832 2150; x_wconf 92' lang='grc'><strong>·</strong></span> 
     </span>
    </p>
   </div>
   <div class='ocr_carea' id='block_1_25' title="bbox 309 2206 1834 2279">
    <p class='ocr_par' dir='ltr' id='par_1_25' title="bbox 309 2206 1834 2279">
     <span class='ocr_line' id='line_1_25' title="bbox 309 2206 1834 2279; baseline 0.001 -18"><span class='ocrx_word' id='word_1_179' title='bbox 309 2209 404 2261; x_wconf 56' lang='grc' dir='ltr'>καῖ</span> <span class='ocrx_word' id='word_1_180' title='bbox 424 2209 499 2271; x_wconf 79' lang='grc' dir='ltr'>εὶς</span> <span class='ocrx_word' id='word_1_181' title='bbox 521 2208 609 2262; x_wconf 76' lang='grc' dir='ltr'>ἱνα</span> <span class='ocrx_word' id='word_1_182' title='bbox 634 2208 823 2279; x_wconf 75' lang='grc' dir='ltr'>Κύριον</span> <span class='ocrx_word' id='word_1_183' title='bbox 860 2207 1063 2278; x_wconf 81' lang='grc' dir='ltr'>Ἰησοῦν</span> <span class='ocrx_word' id='word_1_184' title='bbox 1088 2206 1347 2276; x_wconf 84' lang='grc' dir='ltr'>Χριστόν.</span> <span class='ocrx_word' id='word_1_185' title='bbox 1390 2209 1714 2279; x_wconf 82' lang='grc' dir='ltr'>Προσέχετε,</span> <span class='ocrx_word' id='word_1_186' title='bbox 1752 2211 1834 2264; x_wconf 84' lang='grc' dir='ltr'>ὅτι</span> 
     </span>
    </p>
   </div>
   <div class='ocr_carea' id='block_1_26' title="bbox 324 2301 1832 2375">
    <p class='ocr_par' dir='ltr' id='par_1_26' title="bbox 324 2301 1832 2375">
     <span class='ocr_line' id='line_1_26' title="bbox 324 2301 1832 2375; baseline 0.003 -21"><span class='ocrx_word' id='word_1_187' title='bbox 324 2302 563 2373; x_wconf 79' lang='grc' dir='ltr'>πρότερον</span> <span class='ocrx_word' id='word_1_188' title='bbox 585 2303 862 2365; x_wconf 75' lang='grc' dir='ltr'>τεθεικότες</span> <span class='ocrx_word' id='word_1_189' title='bbox 880 2303 960 2367; x_wconf 77' lang='grc' dir='ltr'>τὸ,</span> <span class='ocrx_word' id='word_1_190' title='bbox 984 2301 1240 2373; x_wconf 80' lang='grc' dir='ltr'>Χριστὸς,</span> <span class='ocrx_word' id='word_1_191' title='bbox 1261 2302 1289 2354; x_wconf 86' lang='grc' dir='ltr'><strong>ὅ</strong></span> <span class='ocrx_word' id='word_1_192' title='bbox 1322 2302 1441 2356; x_wconf 71' lang='grc' dir='ltr'>ἐστι</span> <span class='ocrx_word' id='word_1_193' title='bbox 1474 2303 1700 2375; x_wconf 82' lang='grc' dir='ltr'>μήνυμα</span> <span class='ocrx_word' id='word_1_194' title='bbox 1722 2305 1832 2358; x_wconf 85' lang='grc' dir='ltr'><strong>τῶν</strong></span> 
     </span>
    </p>
   </div>
   <div class='ocr_carea' id='block_1_27' title="bbox 318 2389 1830 2463">
    <p class='ocr_par' dir='ltr' id='par_1_27' title="bbox 318 2389 1830 2463">
     <span class='ocr_line' id='line_1_27' title="bbox 318 2389 1830 2463; baseline 0.003 -19"><span class='ocrx_word' id='word_1_195' title='bbox 318 2392 413 2445; x_wconf 81' lang='grc' dir='ltr'><strong>δύο</strong></span> <span class='ocrx_word' id='word_1_196' title='bbox 447 2392 668 2460; x_wconf 68' lang='grc' dir='ltr'>φύσεων,</span> <span class='ocrx_word' id='word_1_197' title='bbox 703 2394 791 2445; x_wconf 57' lang='grc' dir='ltr'>οὐκ</span> <span class='ocrx_word' id='word_1_198' title='bbox 820 2389 989 2454; x_wconf 75' lang='grc' dir='ltr'>εἶπαν,</span> <span class='ocrx_word' id='word_1_199' title='bbox 1023 2394 1115 2456; x_wconf 81' lang='grc' dir='ltr'>Εἰς</span> <span class='ocrx_word' id='word_1_200' title='bbox 1147 2393 1244 2446; x_wconf 75' lang='grc' dir='ltr'>ἕνα</span> <span class='ocrx_word' id='word_1_201' title='bbox 1294 2393 1426 2447; x_wconf 77' lang='grc' dir='ltr'>Θεὸν</span> <span class='ocrx_word' id='word_1_202' title='bbox 1466 2394 1668 2463; x_wconf 84' lang='grc' dir='ltr'>Λόγον·</span> <span class='ocrx_word' id='word_1_203' title='bbox 1715 2395 1830 2449; x_wconf 84' lang='grc' dir='ltr'>ἀλλ’</span> 
     </span>
    </p>
   </div>
   <div class='ocr_carea' id='block_1_28' title="bbox 300 2482 1830 2557">
    <p class='ocr_par' dir='ltr' id='par_1_28' title="bbox 300 2482 1830 2557">
     <span class='ocr_line' id='line_1_28' title="bbox 300 2482 1830 2557; baseline 0.005 -23"><span class='ocrx_word' id='word_1_204' title='bbox 300 2482 494 2535; x_wconf 73' lang='grc' dir='ltr'>ἔλαϐον</span> <span class='ocrx_word' id='word_1_205' title='bbox 516 2484 579 2534; x_wconf 82' lang='grc' dir='ltr'><strong>τὸ</strong></span> <span class='ocrx_word' id='word_1_206' title='bbox 607 2484 773 2553; x_wconf 77' lang='grc' dir='ltr'>ὄνομα</span> <span class='ocrx_word' id='word_1_207' title='bbox 810 2484 866 2535; x_wconf 66' lang='grc' dir='ltr'><strong>τὸ</strong></span> <span class='ocrx_word' id='word_1_208' title='bbox 898 2487 1136 2554; x_wconf 79' lang='grc' dir='ltr'>σημαῖνον</span> <span class='ocrx_word' id='word_1_209' title='bbox 1180 2485 1470 2557; x_wconf 78' lang='grc' dir='ltr'>ἀμφότερα</span> <span class='ocrx_word' id='word_1_210' title='bbox 1491 2525 1507 2551; x_wconf 95' lang='grc'><strong>,</strong></span> <span class='ocrx_word' id='word_1_211' title='bbox 1563 2487 1651 2540; x_wconf 74' lang='grc' dir='ltr'>ἵνα</span> <span class='ocrx_word' id='word_1_212' title='bbox 1700 2488 1830 2542; x_wconf 83' lang='grc' dir='ltr'>ὅταν</span> 
     </span>
    </p>
   </div>
   <div class='ocr_carea' id='block_1_29' title="bbox 293 2571 1825 2648">
    <p class='ocr_par' dir='ltr' id='par_1_29' title="bbox 293 2571 1825 2648">
     <span class='ocr_line' id='line_1_29' title="bbox 293 2571 1825 2648; baseline 0.006 -26"><span class='ocrx_word' id='word_1_213' title='bbox 293 2571 734 2625; x_wconf 64' lang='grc' dir='ltr'>ύτωκαταόαίνων</span> <span class='ocrx_word' id='word_1_214' title='bbox 762 2573 998 2646; x_wconf 76' lang='grc' dir='ltr'>ἀκούσῃς</span> <span class='ocrx_word' id='word_1_215' title='bbox 1040 2575 1270 2640; x_wconf 74' lang='grc' dir='ltr'>θάνατον,</span> <span class='ocrx_word' id='word_1_216' title='bbox 1324 2575 1401 2646; x_wconf 80' lang='grc' dir='ltr'>μὴ</span> <span class='ocrx_word' id='word_1_217' title='bbox 1450 2575 1663 2648; x_wconf 72' lang='grc' dir='ltr'>ξενίξῃ’</span> <span class='ocrx_word' id='word_1_218' title='bbox 1717 2578 1825 2643; x_wconf 81' lang='grc' dir='ltr'>ἴνα,</span> 
     </span>
    </p>
   </div>
   <div class='ocr_carea' id='block_1_30' title="bbox 286 2661 1826 2740">
    <p class='ocr_par' dir='ltr' id='par_1_30' title="bbox 286 2661 1826 2740">
     <span class='ocr_line' id='line_1_30' title="bbox 286 2661 1826 2740; baseline 0.005 -25"><span class='ocrx_word' id='word_1_219' title='bbox 286 2662 374 2715; x_wconf 75' lang='grc' dir='ltr'>τὸν</span> <span class='ocrx_word' id='word_1_220' title='bbox 424 2661 814 2732; x_wconf 82' lang='grc' dir='ltr'>σταυρωθέντα,</span> <span class='ocrx_word' id='word_1_221' title='bbox 872 2666 964 2718; x_wconf 69' lang='grc' dir='ltr'><strong>καὶ</strong></span> <span class='ocrx_word' id='word_1_222' title='bbox 1008 2666 1269 2735; x_wconf 62' lang='grc' dir='ltr'>ταφέντα,</span> <span class='ocrx_word' id='word_1_223' title='bbox 1334 2666 1409 2737; x_wconf 81' lang='grc' dir='ltr'>μὴ</span> <span class='ocrx_word' id='word_1_224' title='bbox 1463 2667 1671 2740; x_wconf 78' lang='grc' dir='ltr'>πλήττῃ</span> <span class='ocrx_word' id='word_1_225' title='bbox 1727 2669 1826 2740; x_wconf 83' lang='grc' dir='ltr'><strong>τὴν</strong></span> 
     </span>
    </p>
   </div>
   <div class='ocr_carea' id='block_1_31' title="bbox 283 2752 1825 2829">
    <p class='ocr_par' dir='ltr' id='par_1_31' title="bbox 283 2752 1825 2829">
     <span class='ocr_line' id='line_1_31' title="bbox 283 2752 1825 2829; baseline 0.003 -22"><span class='ocrx_word' id='word_1_226' title='bbox 283 2752 461 2823; x_wconf 71' lang='grc' dir='ltr'>ἀκοὴν,</span> <span class='ocrx_word' id='word_1_227' title='bbox 491 2753 565 2816; x_wconf 81' lang='grc' dir='ltr'><strong>ὡς</strong></span> <span class='ocrx_word' id='word_1_228' title='bbox 588 2753 833 2824; x_wconf 79' lang='grc' dir='ltr'>θεότητος</span> <span class='ocrx_word' id='word_1_229' title='bbox 860 2754 1027 2808; x_wconf 85' lang='grc' dir='ltr'>ταῦτα</span> <span class='ocrx_word' id='word_1_230' title='bbox 1057 2757 1356 2828; x_wconf 74' lang='grc' dir='ltr'>παθούσης.</span> <span class='ocrx_word' id='word_1_231' title='bbox 1382 2755 1403 2829; x_wconf 92' lang='grc'>]</span> <span class='ocrx_word' id='word_1_232' title='bbox 1446 2753 1581 2812; x_wconf 75' lang='grc' dir='ltr'>Εἶτα</span> <span class='ocrx_word' id='word_1_233' title='bbox 1616 2759 1825 2823; x_wconf 81' lang='grc' dir='ltr'>τούτοις</span> 
     </span>
    </p>
   </div>
   <div class='ocr_carea' id='block_1_32' title="bbox 280 2842 1822 2920">
    <p class='ocr_par' dir='ltr' id='par_1_32' title="bbox 280 2842 1822 2920">
     <span class='ocr_line' id='line_1_32' title="bbox 280 2842 1822 2920; baseline 0.006 -25"><span class='ocrx_word' id='word_1_234' title='bbox 280 2843 545 2912; x_wconf 66' lang='grc' dir='ltr'>ἐπιφέρεν</span> <span class='ocrx_word' id='word_1_235' title='bbox 581 2842 931 2916; x_wconf 80' lang='grc' dir='ltr'>[Πιστεύομεν</span> <span class='ocrx_word' id='word_1_236' title='bbox 966 2848 1047 2910; x_wconf 80' lang='grc' dir='ltr'><strong>εἰς</strong></span> <span class='ocrx_word' id='word_1_237' title='bbox 1083 2848 1180 2900; x_wconf 76' lang='grc' dir='ltr'>ἕνα</span> <span class='ocrx_word' id='word_1_238' title='bbox 1207 2848 1415 2918; x_wconf 83' lang='grc' dir='ltr'>Κύριον</span> <span class='ocrx_word' id='word_1_239' title='bbox 1454 2847 1660 2919; x_wconf 78' lang='grc' dir='ltr'>Ἰησοῦν</span> <span class='ocrx_word' id='word_1_240' title='bbox 1685 2851 1822 2920; x_wconf 86' lang='grc' dir='ltr'>Χρι-</span> 
     </span>
    </p>
   </div>
   <div class='ocr_carea' id='block_1_33' title="bbox 282 2932 1823 3013">
    <p class='ocr_par' dir='ltr' id='par_1_33' title="bbox 282 2932 1823 3013">
     <span class='ocr_line' id='line_1_33' title="bbox 282 2932 1823 3013; baseline 0.005 -28"><span class='ocrx_word' id='word_1_241' title='bbox 282 2933 427 2999; x_wconf 76' lang='grc' dir='ltr'>στὸν,</span> <span class='ocrx_word' id='word_1_242' title='bbox 477 2933 564 2986; x_wconf 74' lang='grc' dir='ltr'>τὸν</span> <span class='ocrx_word' id='word_1_243' title='bbox 606 2932 728 2989; x_wconf 80' lang='grc' dir='ltr'>Υἰὺν</span> <span class='ocrx_word' id='word_1_244' title='bbox 772 2935 859 2988; x_wconf 80' lang='grc' dir='ltr'><strong>τὸν</strong></span> <span class='ocrx_word' id='word_1_245' title='bbox 901 2938 1186 3009; x_wconf 78' lang='grc' dir='ltr'>μονογενῆ,</span> <span class='ocrx_word' id='word_1_246' title='bbox 1231 2939 1323 2993; x_wconf 83' lang='grc' dir='ltr'>τὸν</span> <span class='ocrx_word' id='word_1_247' title='bbox 1375 2940 1439 2993; x_wconf 78' lang='grc' dir='ltr'>ἐκ</span> <span class='ocrx_word' id='word_1_248' title='bbox 1476 2940 1570 2993; x_wconf 81' lang='grc' dir='ltr'><strong>τοῦ</strong></span> <span class='ocrx_word' id='word_1_249' title='bbox 1610 2940 1823 3013; x_wconf 83' lang='grc' dir='ltr'>Πατρὸς</span> 
     </span>
    </p>
   </div>
   <div class='ocr_carea' id='block_1_34' title="bbox 1965 490 3528 574">
    <p class='ocr_par' dir='ltr' id='par_1_34' title="bbox 1965 490 3528 574">
     <span class='ocr_line' id='line_1_34' title="bbox 1965 490 3528 574; baseline 0.017 -29"><span class='ocrx_word' id='word_1_250' title='bbox 1965 490 2092 547; x_wconf 89' lang='lat' dir='ltr'><strong>dine</strong></span> <span class='ocrx_word' id='word_1_251' title='bbox 2122 507 2243 562; x_wconf 68' lang='lat' dir='ltr'><strong>qua:</strong></span> <span class='ocrx_word' id='word_1_252' title='bbox 2280 496 2420 564; x_wconf 88' lang='lat' dir='ltr'><strong>apud</strong></span> <span class='ocrx_word' id='word_1_253' title='bbox 2459 512 2558 555; x_wconf 83' lang='lat' dir='ltr'><strong>nos</strong></span> <span class='ocrx_word' id='word_1_254' title='bbox 2606 500 2749 571; x_wconf 85' lang='lat' dir='ltr'><strong>viget</strong></span> <span class='ocrx_word' id='word_1_255' title='bbox 2781 503 3039 574; x_wconf 86' lang='lat' dir='ltr'><strong>inspecta,</strong></span> <span class='ocrx_word' id='word_1_256' title='bbox 3072 508 3264 566; x_wconf 90' lang='lat' dir='ltr'><strong>deinde</strong></span> <span class='ocrx_word' id='word_1_257' title='bbox 3289 514 3528 571; x_wconf 87' lang='lat' dir='ltr'><strong>animum</strong></span> 
     </span>
    </p>
   </div>
   <div class='ocr_carea' id='block_1_35' title="bbox 1932 583 3530 671">
    <p class='ocr_par' dir='ltr' id='par_1_35' title="bbox 1932 583 3530 671">
     <span class='ocr_line' id='line_1_35' title="bbox 1932 583 3530 671; baseline 0.016 -36"><span class='ocrx_word' id='word_1_258' title='bbox 1932 583 2033 656; x_wconf 27' lang='lat' dir='ltr'><strong>.ad</strong></span> <span class='ocrx_word' id='word_1_259' title='bbox 2072 598 2162 638; x_wconf 88' lang='lat' dir='ltr'><strong>res</strong></span> <span class='ocrx_word' id='word_1_260' title='bbox 2206 585 2556 643; x_wconf 80' lang='lat' dir='ltr'><strong>admirabiles</strong></span> <span class='ocrx_word' id='word_1_261' title='bbox 2593 600 2649 645; x_wconf 90' lang='lat' dir='ltr'><strong>et</strong></span> <span class='ocrx_word' id='word_1_262' title='bbox 2681 607 2801 661; x_wconf 67' lang='lat' dir='ltr'><strong>qua:</strong></span> <span class='ocrx_word' id='word_1_263' title='bbox 2838 594 3100 653; x_wconf 88' lang='lat' dir='ltr'><strong>rationem</strong></span> <span class='ocrx_word' id='word_1_264' title='bbox 3133 612 3389 671; x_wconf 82' lang='lat' dir='ltr'><strong>superant</strong></span> <span class='ocrx_word' id='word_1_265' title='bbox 3437 607 3530 661; x_wconf 87' lang='lat' dir='ltr'><strong>ad-</strong></span> 
     </span>
    </p>
   </div>
   <div class='ocr_carea' id='block_1_36' title="bbox 1957 669 3525 748">
    <p class='ocr_par' dir='ltr' id='par_1_36' title="bbox 1957 669 3525 748">
     <span class='ocr_line' id='line_1_36' title="bbox 1957 669 3525 748; baseline 0.017 -26"><span class='ocrx_word' id='word_1_266' title='bbox 1957 669 2178 740; x_wconf 81' lang='lat' dir='ltr'><strong>jiciens,</strong></span> <span class='ocrx_word' id='word_1_267' title='bbox 2208 675 2276 728; x_wconf 89' lang='lat' dir='ltr'><strong>ad</strong></span> <span class='ocrx_word' id='word_1_268' title='bbox 2319 674 2642 732; x_wconf 86' lang='lat' dir='ltr'><strong>imbecillam</strong></span> <span class='ocrx_word' id='word_1_269' title='bbox 2677 689 2733 735; x_wconf 90' lang='lat' dir='ltr'><strong>et</strong></span> <span class='ocrx_word' id='word_1_270' title='bbox 2764 682 2979 739; x_wconf 76' lang='lat' dir='ltr'><strong>stultam</strong></span> <span class='ocrx_word' id='word_1_271' title='bbox 3010 669 3379 745; x_wconf 82' lang='lat' dir='ltr'><strong>inﬁdelitatem</strong></span> <span class='ocrx_word' id='word_1_272' title='bbox 3408 710 3525 748; x_wconf 90' lang='lat' dir='ltr'><strong>ma-</strong></span> 
     </span>
    </p>
   </div>
   <div class='ocr_carea' id='block_1_37' title="bbox 1961 759 3525 839">
    <p class='ocr_par' dir='ltr' id='par_1_37' title="bbox 1961 759 3525 839">
     <span class='ocr_line' id='line_1_37' title="bbox 1961 759 3525 839; baseline 0.016 -26"><span class='ocrx_word' id='word_1_273' title='bbox 1961 759 2160 817; x_wconf 77' lang='lat' dir='ltr'><strong>nifeste</strong></span> <span class='ocrx_word' id='word_1_274' title='bbox 2192 762 2425 820; x_wconf 82' lang='lat' dir='ltr'><strong>labitur?</strong></span> <span class='ocrx_word' id='word_1_275' title='bbox 2446 767 2599 834; x_wconf 82' lang='lat' dir='ltr'><strong>Quod</strong></span> <span class='ocrx_word' id='word_1_276' title='bbox 2634 780 2812 827; x_wconf 87' lang='lat' dir='ltr'><strong>autem</strong></span> <span class='ocrx_word' id='word_1_277' title='bbox 2857 775 2985 828; x_wconf 88' lang='lat' dir='ltr'><strong>mihi</strong></span> <span class='ocrx_word' id='word_1_278' title='bbox 3025 777 3076 830; x_wconf 93' lang='lat' dir='ltr'><strong>in</strong></span> <span class='ocrx_word' id='word_1_279' title='bbox 3108 789 3344 836; x_wconf 80' lang='lat' dir='ltr'><strong>mentem</strong></span> <span class='ocrx_word' id='word_1_280' title='bbox 3379 786 3525 839; x_wconf 88' lang='lat' dir='ltr'><strong>venit</strong></span> 
     </span>
    </p>
   </div>
   <div class='ocr_carea' id='block_1_38' title="bbox 1961 853 3525 931">
    <p class='ocr_par' dir='ltr' id='par_1_38' title="bbox 1961 853 3525 931">
     <span class='ocr_line' id='line_1_38' title="bbox 1961 853 3525 931; baseline 0.017 -27"><span class='ocrx_word' id='word_1_281' title='bbox 1961 853 2242 920; x_wconf 89' lang='lat' dir='ltr'><strong>admirari,</strong></span> <span class='ocrx_word' id='word_1_282' title='bbox 2277 856 2408 911; x_wconf 90' lang='lat' dir='ltr'><strong>illud</strong></span> <span class='ocrx_word' id='word_1_283' title='bbox 2439 868 2545 913; x_wconf 89' lang='lat' dir='ltr'><strong>est.</strong></span> <span class='ocrx_word' id='word_1_284' title='bbox 2573 859 2706 915; x_wconf 88' lang='lat' dir='ltr'><strong>Cum</strong></span> <span class='ocrx_word' id='word_1_285' title='bbox 2740 862 2881 917; x_wconf 90' lang='lat' dir='ltr'><strong>enim</strong></span> <span class='ocrx_word' id='word_1_286' title='bbox 2912 864 2967 920; x_wconf 89' lang='lat' dir='ltr'><strong>in</strong></span> <span class='ocrx_word' id='word_1_287' title='bbox 3004 864 3089 922; x_wconf 89' lang='lat' dir='ltr'><strong>his</strong></span> <span class='ocrx_word' id='word_1_288' title='bbox 3118 871 3295 925; x_wconf 82' lang='lat' dir='ltr'><strong>verbis</strong></span> <span class='ocrx_word' id='word_1_289' title='bbox 3319 874 3525 931; x_wconf 79' lang='lat' dir='ltr'><strong>confes-</strong></span> 
     </span>
    </p>
   </div>
   <div class='ocr_carea' id='block_1_39' title="bbox 1959 947 3523 1029">
    <p class='ocr_par' dir='ltr' id='par_1_39' title="bbox 1959 947 3523 1029">
     <span class='ocr_line' id='line_1_39' title="bbox 1959 947 3523 1029; baseline 0.016 -33"><span class='ocrx_word' id='word_1_290' title='bbox 1959 954 2055 997; x_wconf 85' lang='lat' dir='ltr'><strong>sus</strong></span> <span class='ocrx_word' id='word_1_291' title='bbox 2093 953 2259 1012; x_wconf 84' lang='lat' dir='ltr'><strong>esset,</strong></span> <span class='ocrx_word' id='word_1_292' title='bbox 2298 947 2591 1004; x_wconf 84' lang='lat' dir='ltr'><strong>Ecclesiam</strong></span> <span class='ocrx_word' id='word_1_293' title='bbox 2636 966 2804 1007; x_wconf 89' lang='lat' dir='ltr'><strong>unum</strong></span> <span class='ocrx_word' id='word_1_294' title='bbox 2852 952 3049 1013; x_wconf 81' lang='lat' dir='ltr'><strong>Filium</strong></span> <span class='ocrx_word' id='word_1_295' title='bbox 3103 973 3414 1029; x_wconf 75' lang='lat' dir='ltr'><strong>agnoscere,</strong></span> <span class='ocrx_word' id='word_1_296' title='bbox 3459 980 3523 1020; x_wconf 89' lang='lat' dir='ltr'><strong>ac</strong></span> 
     </span>
    </p>
   </div>
   <div class='ocr_carea' id='block_1_40' title="bbox 1957 1033 3523 1113">
    <p class='ocr_par' dir='ltr' id='par_1_40' title="bbox 1957 1033 3523 1113">
     <span class='ocr_line' id='line_1_40' title="bbox 1957 1033 3523 1113; baseline 0.016 -25"><span class='ocrx_word' id='word_1_297' title='bbox 1957 1033 2345 1104; x_wconf 81' lang='lat' dir='ltr'><strong>subjunxisset,</strong></span> <span class='ocrx_word' id='word_1_298' title='bbox 2384 1039 2640 1097; x_wconf 84' lang='lat' dir='ltr'><strong>nimirum</strong></span> <span class='ocrx_word' id='word_1_299' title='bbox 2668 1043 2842 1113; x_wconf 91' lang='lat' dir='ltr'><strong>ipsum</strong></span> <span class='ocrx_word' id='word_1_300' title='bbox 2875 1045 3025 1102; x_wconf 90' lang='lat' dir='ltr'><strong>illum</strong></span> <span class='ocrx_word' id='word_1_301' title='bbox 3053 1048 3337 1108; x_wconf 89' lang='lat' dir='ltr'><strong>Dominum</strong></span> <span class='ocrx_word' id='word_1_302' title='bbox 3362 1055 3523 1113; x_wconf 83' lang='lat' dir='ltr'><strong>Chri-</strong></span> 
     </span>
    </p>
   </div>
   <div class='ocr_carea' id='block_1_41' title="bbox 1956 1131 3521 1215">
    <p class='ocr_par' dir='ltr' id='par_1_41' title="bbox 1956 1131 3521 1215">
     <span class='ocr_line' id='line_1_41' title="bbox 1956 1131 3521 1215; baseline 0.017 -36"><span class='ocrx_word' id='word_1_303' title='bbox 1956 1131 2119 1191; x_wconf 85' lang='lat' dir='ltr'><strong>stum,</strong></span> <span class='ocrx_word' id='word_1_304' title='bbox 2152 1142 2417 1197; x_wconf 81' lang='lat' dir='ltr'><strong>nusquam</strong></span> <span class='ocrx_word' id='word_1_305' title='bbox 2449 1141 2633 1200; x_wconf 88' lang='lat' dir='ltr'><strong>postea</strong></span> <span class='ocrx_word' id='word_1_306' title='bbox 2671 1136 2897 1191; x_wconf 89' lang='lat' dir='ltr'><strong>retinuit</strong></span> <span class='ocrx_word' id='word_1_307' title='bbox 2924 1153 3114 1205; x_wconf 87' lang='lat' dir='ltr'><strong>unum,</strong></span> <span class='ocrx_word' id='word_1_308' title='bbox 3144 1144 3239 1199; x_wconf 88' lang='lat' dir='ltr'><strong>sed</strong></span> <span class='ocrx_word' id='word_1_309' title='bbox 3266 1146 3411 1215; x_wconf 88' lang='lat' dir='ltr'><strong>ipsas</strong></span> <span class='ocrx_word' id='word_1_310' title='bbox 3433 1164 3521 1205; x_wconf 86' lang='lat' dir='ltr'><strong>res</strong></span> 
     </span>
    </p>
   </div>
   <div class='ocr_carea' id='block_1_42' title="bbox 1954 1216 3521 1309">
    <p class='ocr_par' dir='ltr' id='par_1_42' title="bbox 1954 1216 3521 1309">
     <span class='ocr_line' id='line_1_42' title="bbox 1954 1216 3521 1309; baseline 0.017 -42"><span class='ocrx_word' id='word_1_311' title='bbox 1954 1216 2133 1271; x_wconf 86' lang='lat' dir='ltr'><strong>unitas</strong></span> <span class='ocrx_word' id='word_1_312' title='bbox 2184 1220 2464 1291; x_wconf 74' lang='lat' dir='ltr'><strong>distinguit</strong></span> <span class='ocrx_word' id='word_1_313' title='bbox 2510 1223 2649 1278; x_wconf 88' lang='lat' dir='ltr'><strong>inter</strong></span> <span class='ocrx_word' id='word_1_314' title='bbox 2703 1240 2793 1291; x_wconf 90' lang='lat' dir='ltr'><strong>se,</strong></span> <span class='ocrx_word' id='word_1_315' title='bbox 2844 1242 2909 1283; x_wconf 84' lang='lat' dir='ltr'><strong>ac</strong></span> <span class='ocrx_word' id='word_1_316' title='bbox 2954 1233 3180 1287; x_wconf 85' lang='lat' dir='ltr'><strong>seorsim</strong></span> <span class='ocrx_word' id='word_1_317' title='bbox 3240 1244 3521 1309; x_wconf 87' lang='lat' dir='ltr'><strong>utramque</strong></span> 
     </span>
    </p>
   </div>
   <div class='ocr_carea' id='block_1_43' title="bbox 1951 1309 3516 1394">
    <p class='ocr_par' dir='ltr' id='par_1_43' title="bbox 1951 1309 3516 1394">
     <span class='ocr_line' id='line_1_43' title="bbox 1951 1309 3516 1394; baseline 0.017 -36"><span class='ocrx_word' id='word_1_318' title='bbox 1951 1309 2141 1376; x_wconf 87' lang='lat' dir='ltr'><strong>ponit;</strong></span> <span class='ocrx_word' id='word_1_319' title='bbox 2181 1323 2288 1364; x_wconf 89' lang='lat' dir='ltr'><strong>non</strong></span> <span class='ocrx_word' id='word_1_320' title='bbox 2331 1311 2459 1380; x_wconf 90' lang='lat' dir='ltr'><strong>quid</strong></span> <span class='ocrx_word' id='word_1_321' title='bbox 2508 1311 2743 1369; x_wconf 86' lang='lat' dir='ltr'><strong>Verbum</strong></span> <span class='ocrx_word' id='word_1_322' title='bbox 2779 1315 2852 1372; x_wconf 82' lang='lat' dir='ltr'><strong>sit</strong></span> <span class='ocrx_word' id='word_1_323' title='bbox 2907 1325 3199 1377; x_wconf 89' lang='lat' dir='ltr'><strong>secundum</strong></span> <span class='ocrx_word' id='word_1_324' title='bbox 3246 1336 3516 1394; x_wconf 85' lang='lat' dir='ltr'><strong>naturam,</strong></span> 
     </span>
    </p>
   </div>
   <div class='ocr_carea' id='block_1_44' title="bbox 1951 1397 3514 1474">
    <p class='ocr_par' dir='ltr' id='par_1_44' title="bbox 1951 1397 3514 1474">
     <span class='ocr_line' id='line_1_44' title="bbox 1951 1397 3514 1474; baseline 0.016 -25"><span class='ocrx_word' id='word_1_325' title='bbox 1951 1397 2079 1466; x_wconf 91' lang='lat' dir='ltr'><strong>quid</strong></span> <span class='ocrx_word' id='word_1_326' title='bbox 2114 1397 2243 1452; x_wconf 89' lang='lat' dir='ltr'><strong>item</strong></span> <span class='ocrx_word' id='word_1_327' title='bbox 2284 1414 2411 1456; x_wconf 90' lang='lat' dir='ltr'><strong>caro</strong></span> <span class='ocrx_word' id='word_1_328' title='bbox 2442 1402 2767 1473; x_wconf 88' lang='lat' dir='ltr'><strong>disquirens,</strong></span> <span class='ocrx_word' id='word_1_329' title='bbox 2802 1409 2897 1464; x_wconf 85' lang='lat' dir='ltr'><strong>sed</strong></span> <span class='ocrx_word' id='word_1_330' title='bbox 2943 1410 3217 1470; x_wconf 81' lang='lat' dir='ltr'><strong>hominem</strong></span> <span class='ocrx_word' id='word_1_331' title='bbox 3251 1427 3305 1471; x_wconf 91' lang='lat' dir='ltr'><strong>et</strong></span> <span class='ocrx_word' id='word_1_332' title='bbox 3345 1417 3514 1474; x_wconf 89' lang='lat' dir='ltr'><strong>Deum</strong></span> 
     </span>
    </p>
   </div>
   <div class='ocr_carea' id='block_1_45' title="bbox 1952 1490 3513 1575">
    <p class='ocr_par' dir='ltr' id='par_1_45' title="bbox 1952 1490 3513 1575">
     <span class='ocr_line' id='line_1_45' title="bbox 1952 1490 3513 1575; baseline 0.016 -35"><span class='ocrx_word' id='word_1_333' title='bbox 1952 1494 2207 1556; x_wconf 86' lang='lat' dir='ltr'><strong>tanquam</strong></span> <span class='ocrx_word' id='word_1_334' title='bbox 2251 1490 2385 1559; x_wconf 89' lang='lat' dir='ltr'><strong>sola,</strong></span> <span class='ocrx_word' id='word_1_335' title='bbox 2429 1501 2489 1547; x_wconf 92' lang='lat' dir='ltr'><strong>ut</strong></span> <span class='ocrx_word' id='word_1_336' title='bbox 2527 1494 2641 1565; x_wconf 90' lang='lat' dir='ltr'><strong>ipse</strong></span> <span class='ocrx_word' id='word_1_337' title='bbox 2681 1506 2854 1565; x_wconf 88' lang='lat' dir='ltr'><strong>putat,</strong></span> <span class='ocrx_word' id='word_1_338' title='bbox 2898 1502 3207 1570; x_wconf 64' lang='lat' dir='ltr'><strong>aequalitate</strong></span> <span class='ocrx_word' id='word_1_339' title='bbox 3245 1506 3427 1575; x_wconf 66' lang='lat' dir='ltr'><strong>glorias</strong></span> <span class='ocrx_word' id='word_1_340' title='bbox 3459 1508 3513 1566; x_wconf 91' lang='lat' dir='ltr'><strong>in</strong></span> 
     </span>
    </p>
   </div>
   <div class='ocr_carea' id='block_1_46' title="bbox 1948 1582 3511 1667">
    <p class='ocr_par' dir='ltr' id='par_1_46' title="bbox 1948 1582 3511 1667">
     <span class='ocr_line' id='line_1_46' title="bbox 1948 1582 3511 1667; baseline 0.014 -34"><span class='ocrx_word' id='word_1_341' title='bbox 1948 1594 2113 1635; x_wconf 89' lang='lat' dir='ltr'><strong>unum</strong></span> <span class='ocrx_word' id='word_1_342' title='bbox 2143 1582 2400 1653; x_wconf 78' lang='lat' dir='ltr'><strong>colligens</strong></span> <span class='ocrx_word' id='word_1_343' title='bbox 2426 1602 2440 1640; x_wconf 91' lang='lat'><strong>:</strong></span> <span class='ocrx_word' id='word_1_344' title='bbox 2473 1588 2613 1655; x_wconf 91' lang='lat' dir='ltr'><strong>quod</strong></span> <span class='ocrx_word' id='word_1_345' title='bbox 2641 1602 2815 1658; x_wconf 88' lang='lat' dir='ltr'><strong>neque</strong></span> <span class='ocrx_word' id='word_1_346' title='bbox 2838 1592 3099 1648; x_wconf 84' lang='lat' dir='ltr'><strong>credibile</strong></span> <span class='ocrx_word' id='word_1_347' title='bbox 3129 1604 3209 1651; x_wconf 89' lang='lat' dir='ltr'><strong>est</strong></span> <span class='ocrx_word' id='word_1_348' title='bbox 3236 1598 3511 1667; x_wconf 85' lang='lat' dir='ltr'><strong>cuiquam,</strong></span> 
     </span>
    </p>
   </div>
   <div class='ocr_carea' id='block_1_47' title="bbox 1947 1671 3504 1752">
    <p class='ocr_par' dir='ltr' id='par_1_47' title="bbox 1947 1671 3504 1752">
     <span class='ocr_line' id='line_1_47' title="bbox 1947 1671 3504 1752; baseline 0.017 -30"><span class='ocrx_word' id='word_1_349' title='bbox 1947 1683 2122 1739; x_wconf 90' lang='lat' dir='ltr'><strong>neque</strong></span> <span class='ocrx_word' id='word_1_350' title='bbox 2162 1671 2276 1727; x_wconf 81' lang='lat' dir='ltr'><strong>ﬁeri</strong></span> <span class='ocrx_word' id='word_1_351' title='bbox 2307 1684 2485 1743; x_wconf 87' lang='lat' dir='ltr'><strong>potest</strong></span> <span class='ocrx_word' id='word_1_352' title='bbox 2516 1696 2529 1732; x_wconf 88' lang='lat'><strong>:</strong></span> <span class='ocrx_word' id='word_1_353' title='bbox 2559 1682 2801 1748; x_wconf 89' lang='lat' dir='ltr'><strong>tantique</strong></span> <span class='ocrx_word' id='word_1_354' title='bbox 2840 1683 3083 1752; x_wconf 80' lang='lat' dir='ltr'><strong>mysterii</strong></span> <span class='ocrx_word' id='word_1_355' title='bbox 3129 1687 3396 1744; x_wconf 84' lang='lat' dir='ltr'><strong>rationem</strong></span> <span class='ocrx_word' id='word_1_356' title='bbox 3438 1693 3504 1747; x_wconf 88' lang='lat' dir='ltr'><strong>ad</strong></span> 
     </span>
    </p>
   </div>
   <div class='ocr_carea' id='block_1_48' title="bbox 1873 1754 3227 1838">
    <p class='ocr_par' dir='ltr' id='par_1_48' title="bbox 1873 1754 3227 1838">
     <span class='ocr_line' id='line_1_48' title="bbox 1873 1754 3227 1838; baseline 0.015 -31"><span class='ocrx_word' id='word_1_357' title='bbox 1873 1765 1915 1819; x_wconf 77' lang='grc' dir='ltr'>Β</span> <span class='ocrx_word' id='word_1_358' title='bbox 1943 1754 2329 1819; x_wconf 86' lang='lat' dir='ltr'><strong>absurditatem</strong></span> <span class='ocrx_word' id='word_1_359' title='bbox 2357 1760 2627 1820; x_wconf 84' lang='lat' dir='ltr'><strong>deturbat.</strong></span> <span class='ocrx_word' id='word_1_360' title='bbox 2660 1765 2751 1820; x_wconf 87' lang='lat' dir='ltr'><strong>Sic</strong></span> <span class='ocrx_word' id='word_1_361' title='bbox 2779 1782 3014 1838; x_wconf 84' lang='lat' dir='ltr'><strong>namque</strong></span> <span class='ocrx_word' id='word_1_362' title='bbox 3047 1772 3183 1826; x_wconf 81' lang='lat' dir='ltr'><strong>dixit</strong></span> <span class='ocrx_word' id='word_1_363' title='bbox 3208 1790 3227 1833; x_wconf 86' lang='lat'><strong>:</strong></span> 
     </span>
    </p>
   </div>
   <div class='ocr_carea' id='block_1_49' title="bbox 2015 1844 3505 1933">
    <p class='ocr_par' dir='ltr' id='par_1_49' title="bbox 2015 1844 3505 1933">
     <span class='ocr_line' id='line_1_49' title="bbox 2015 1844 3505 1933; baseline 0.019 -35"><span class='ocrx_word' id='word_1_364' title='bbox 2015 1844 2275 1917; x_wconf 74' lang='grc' dir='ltr'>[Νεετοιι.</span> <span class='ocrx_word' id='word_1_365' title='bbox 2318 1850 2429 1907; x_wconf 89' lang='lat' dir='ltr'><strong>Nos</strong></span> <span class='ocrx_word' id='word_1_366' title='bbox 2480 1862 2661 1909; x_wconf 88' lang='lat' dir='ltr'><strong>autem</strong></span> <span class='ocrx_word' id='word_1_367' title='bbox 2709 1868 2954 1927; x_wconf 88' lang='lat' dir='ltr'><strong>oportet,</strong></span> <span class='ocrx_word' id='word_1_368' title='bbox 2995 1865 3137 1933; x_wconf 90' lang='lat' dir='ltr'><strong>quod</strong></span> <span class='ocrx_word' id='word_1_369' title='bbox 3183 1881 3325 1922; x_wconf 87' lang='lat' dir='ltr'><strong>nunc</strong></span> <span class='ocrx_word' id='word_1_370' title='bbox 3373 1870 3505 1926; x_wconf 89' lang='lat' dir='ltr'><strong>mihi</strong></span> 
     </span>
    </p>
   </div>
   <div class='ocr_carea' id='block_1_50' title="bbox 1940 1936 3506 2035">
    <p class='ocr_par' dir='ltr' id='par_1_50' title="bbox 1940 1936 3506 2035">
     <span class='ocr_line' id='line_1_50' title="bbox 1940 1936 3506 2035; baseline 0.02 -47"><span class='ocrx_word' id='word_1_371' title='bbox 1940 1936 2088 1991; x_wconf 80' lang='lat' dir='ltr'><strong>venit</strong></span> <span class='ocrx_word' id='word_1_372' title='bbox 2121 1938 2176 1994; x_wconf 90' lang='lat' dir='ltr'><strong>in</strong></span> <span class='ocrx_word' id='word_1_373' title='bbox 2212 1953 2445 1996; x_wconf 87' lang='lat' dir='ltr'><strong>mentem</strong></span> <span class='ocrx_word' id='word_1_374' title='bbox 2471 1982 2486 2008; x_wconf 91' lang='lat'><strong>,</strong></span> <span class='ocrx_word' id='word_1_375' title='bbox 2530 1945 2815 2005; x_wconf 80' lang='lat' dir='ltr'><strong>advertere</strong></span> <span class='ocrx_word' id='word_1_376' title='bbox 2857 1953 3019 2006; x_wconf 90' lang='lat' dir='ltr'><strong>etiam</strong></span> <span class='ocrx_word' id='word_1_377' title='bbox 3061 1954 3331 2014; x_wconf 59' lang='lat' dir='ltr'><strong>Nicaenam</strong></span> <span class='ocrx_word' id='word_1_378' title='bbox 3379 1978 3506 2035; x_wconf 85' lang='lat' dir='ltr'><strong>syn-</strong></span> 
     </span>
    </p>
   </div>
   <div class='ocr_carea' id='block_1_51' title="bbox 1936 2027 3505 2126">
    <p class='ocr_par' dir='ltr' id='par_1_51' title="bbox 1936 2027 3505 2126">
     <span class='ocr_line' id='line_1_51' title="bbox 1936 2027 3505 2126; baseline 0.019 -44"><span class='ocrx_word' id='word_1_379' title='bbox 1936 2027 2098 2082; x_wconf 88' lang='lat' dir='ltr'><strong>odum</strong></span> <span class='ocrx_word' id='word_1_380' title='bbox 2126 2045 2387 2101; x_wconf 85' lang='lat' dir='ltr'><strong>nusquam</strong></span> <span class='ocrx_word' id='word_1_381' title='bbox 2413 2034 2595 2091; x_wconf 88' lang='lat' dir='ltr'><strong>dicere</strong></span> <span class='ocrx_word' id='word_1_382' title='bbox 2617 2054 2826 2108; x_wconf 89' lang='lat' dir='ltr'><strong>ausam,</strong></span> <span class='ocrx_word' id='word_1_383' title='bbox 2850 2041 3018 2100; x_wconf 89' lang='lat' dir='ltr'><strong>Deum</strong></span> <span class='ocrx_word' id='word_1_384' title='bbox 3045 2062 3112 2102; x_wconf 75' lang='lat' dir='ltr'><strong>ex</strong></span> <span class='ocrx_word' id='word_1_385' title='bbox 3145 2048 3315 2107; x_wconf 82' lang='lat' dir='ltr'><strong>Maria</strong></span> <span class='ocrx_word' id='word_1_386' title='bbox 3353 2027 3505 2126; x_wconf 80' lang='lat' dir='ltr'><strong>geni-</strong></span> 
     </span>
    </p>
   </div>
   <div class='ocr_carea' id='block_1_52' title="bbox 1939 2121 3499 2203">
    <p class='ocr_par' dir='ltr' id='par_1_52' title="bbox 1939 2121 3499 2203">
     <span class='ocr_line' id='line_1_52' title="bbox 1939 2121 3499 2203; baseline 0.021 -33"><span class='ocrx_word' id='word_1_387' title='bbox 1939 2126 2048 2171; x_wconf 87' lang='lat' dir='ltr'><strong>tum</strong></span> <span class='ocrx_word' id='word_1_388' title='bbox 2084 2136 2099 2174; x_wconf 89' lang='lat'><strong>:</strong></span> <span class='ocrx_word' id='word_1_389' title='bbox 2130 2121 2207 2174; x_wconf 87' lang='lat' dir='ltr'><strong>ait</strong></span> <span class='ocrx_word' id='word_1_390' title='bbox 2242 2123 2388 2177; x_wconf 86' lang='lat' dir='ltr'><strong>enim</strong></span> <span class='ocrx_word' id='word_1_391' title='bbox 2420 2125 2742 2186; x_wconf 88' lang='lat' dir='ltr'><strong>:Credimus</strong></span> <span class='ocrx_word' id='word_1_392' title='bbox 2773 2132 2827 2188; x_wconf 94' lang='lat' dir='ltr'><strong>in</strong></span> <span class='ocrx_word' id='word_1_393' title='bbox 2876 2149 3038 2190; x_wconf 82' lang='lat' dir='ltr'><strong>unum</strong></span> <span class='ocrx_word' id='word_1_394' title='bbox 3077 2139 3241 2195; x_wconf 90' lang='lat' dir='ltr'><strong>Deum</strong></span> <span class='ocrx_word' id='word_1_395' title='bbox 3284 2121 3499 2203; x_wconf 68' lang='lat' dir='ltr'><strong>Patrem</strong></span> 
     </span>
    </p>
   </div>
   <div class='ocr_carea' id='block_1_53' title="bbox 1934 2208 3497 2292">
    <p class='ocr_par' dir='ltr' id='par_1_53' title="bbox 1934 2208 3497 2292">
     <span class='ocr_line' id='line_1_53' title="bbox 1934 2208 3497 2292; baseline 0.021 -33"><span class='ocrx_word' id='word_1_396' title='bbox 1934 2208 2380 2279; x_wconf 86' lang='lat' dir='ltr'><strong>omnipotentem,</strong></span> <span class='ocrx_word' id='word_1_397' title='bbox 2411 2223 2464 2270; x_wconf 90' lang='lat' dir='ltr'><strong>et</strong></span> <span class='ocrx_word' id='word_1_398' title='bbox 2510 2215 2567 2270; x_wconf 89' lang='lat' dir='ltr'><strong>in</strong></span> <span class='ocrx_word' id='word_1_399' title='bbox 2611 2234 2776 2275; x_wconf 90' lang='lat' dir='ltr'><strong>unum</strong></span> <span class='ocrx_word' id='word_1_400' title='bbox 2804 2221 3087 2281; x_wconf 88' lang='lat' dir='ltr'><strong>Dominum</strong></span> <span class='ocrx_word' id='word_1_401' title='bbox 3119 2227 3302 2287; x_wconf 69' lang='lat' dir='ltr'><strong>Iesum</strong></span> <span class='ocrx_word' id='word_1_402' title='bbox 3334 2232 3497 2292; x_wconf 85' lang='lat' dir='ltr'><strong>Chri-</strong></span> 
     </span>
    </p>
   </div>
   <div class='ocr_carea' id='block_1_54' title="bbox 1937 2301 3493 2394">
    <p class='ocr_par' dir='ltr' id='par_1_54' title="bbox 1937 2301 3493 2394">
     <span class='ocr_line' id='line_1_54' title="bbox 1937 2301 3493 2394; baseline 0.019 -42"><span class='ocrx_word' id='word_1_403' title='bbox 1937 2308 2102 2356; x_wconf 91' lang='lat' dir='ltr'><strong>stum.</strong></span> <span class='ocrx_word' id='word_1_404' title='bbox 2128 2301 2425 2372; x_wconf 83' lang='lat' dir='ltr'><strong>Attendite,</strong></span> <span class='ocrx_word' id='word_1_405' title='bbox 2449 2308 2592 2377; x_wconf 87' lang='lat' dir='ltr'><strong>quod</strong></span> <span class='ocrx_word' id='word_1_406' title='bbox 2616 2325 2737 2367; x_wconf 91' lang='lat' dir='ltr'><strong>cum</strong></span> <span class='ocrx_word' id='word_1_407' title='bbox 2768 2315 2917 2384; x_wconf 90' lang='lat' dir='ltr'><strong>prius</strong></span> <span class='ocrx_word' id='word_1_408' title='bbox 2947 2319 3251 2387; x_wconf 88' lang='lat' dir='ltr'><strong>posuissent</strong></span> <span class='ocrx_word' id='word_1_409' title='bbox 3277 2339 3493 2394; x_wconf 86' lang='lat' dir='ltr'><strong>nomen,</strong></span> 
     </span>
    </p>
   </div>
   <div class='ocr_carea' id='block_1_55' title="bbox 1931 2390 3492 2475">
    <p class='ocr_par' dir='ltr' id='par_1_55' title="bbox 1931 2390 3492 2475">
     <span class='ocr_line' id='line_1_55' title="bbox 1931 2390 3492 2475; baseline 0.018 -31"><span class='ocrx_word' id='word_1_410' title='bbox 1931 2390 2195 2460; x_wconf 84' lang='lat' dir='ltr'><strong>Christus,</strong></span> <span class='ocrx_word' id='word_1_411' title='bbox 2226 2399 2367 2464; x_wconf 90' lang='lat' dir='ltr'><strong>quod</strong></span> <span class='ocrx_word' id='word_1_412' title='bbox 2393 2399 2527 2453; x_wconf 85' lang='lat' dir='ltr'><strong>duas</strong></span> <span class='ocrx_word' id='word_1_413' title='bbox 2568 2409 2789 2458; x_wconf 86' lang='lat' dir='ltr'><strong>naturas</strong></span> <span class='ocrx_word' id='word_1_414' title='bbox 2824 2406 3046 2475; x_wconf 88' lang='lat' dir='ltr'><strong>indicat,</strong></span> <span class='ocrx_word' id='word_1_415' title='bbox 3083 2427 3186 2466; x_wconf 89' lang='lat' dir='ltr'><strong>non</strong></span> <span class='ocrx_word' id='word_1_416' title='bbox 3213 2415 3445 2471; x_wconf 77' lang='lat' dir='ltr'><strong>dixerint</strong></span> 
     </span>
    </p>
   </div>
   <div class='ocr_carea' id='block_1_56' title="bbox 1930 2482 3491 2575">
    <p class='ocr_par' dir='ltr' id='par_1_56' title="bbox 1930 2482 3491 2575">
     <span class='ocr_line' id='line_1_56' title="bbox 1930 2482 3491 2575; baseline 0.017 -38"><span class='ocrx_word' id='word_1_417' title='bbox 1930 2482 1985 2538; x_wconf 89' lang='lat' dir='ltr'><strong>lu</strong></span> <span class='ocrx_word' id='word_1_418' title='bbox 2015 2500 2178 2538; x_wconf 89' lang='lat' dir='ltr'><strong>unum</strong></span> <span class='ocrx_word' id='word_1_419' title='bbox 2210 2487 2376 2542; x_wconf 88' lang='lat' dir='ltr'><strong>Deum</strong></span> <span class='ocrx_word' id='word_1_420' title='bbox 2406 2487 2662 2556; x_wconf 83' lang='lat' dir='ltr'><strong>Verbum,</strong></span> <span class='ocrx_word' id='word_1_421' title='bbox 2687 2494 2780 2548; x_wconf 88' lang='lat' dir='ltr'><strong>sed</strong></span> <span class='ocrx_word' id='word_1_422' title='bbox 2802 2500 3108 2566; x_wconf 88' lang='lat' dir='ltr'><strong>acceperint</strong></span> <span class='ocrx_word' id='word_1_423' title='bbox 3128 2517 3321 2559; x_wconf 87' lang='lat' dir='ltr'><strong>nomen</strong></span> <span class='ocrx_word' id='word_1_424' title='bbox 3349 2510 3491 2575; x_wconf 89' lang='lat' dir='ltr'><strong>quod</strong></span> 
     </span>
    </p>
   </div>
   <div class='ocr_carea' id='block_1_57' title="bbox 1930 2574 3492 2652">
    <p class='ocr_par' dir='ltr' id='par_1_57' title="bbox 1930 2574 3492 2652">
     <span class='ocr_line' id='line_1_57' title="bbox 1930 2574 3492 2652; baseline 0.019 -29"><span class='ocrx_word' id='word_1_425' title='bbox 1930 2575 2217 2646; x_wconf 84' lang='lat' dir='ltr'><strong>utrumque</strong></span> <span class='ocrx_word' id='word_1_426' title='bbox 2266 2574 2631 2651; x_wconf 79' lang='lat' dir='ltr'><strong>signiﬁcaret;</strong></span> <span class='ocrx_word' id='word_1_427' title='bbox 2700 2589 2760 2635; x_wconf 91' lang='lat' dir='ltr'><strong>ut</strong></span> <span class='ocrx_word' id='word_1_428' title='bbox 2819 2597 2940 2639; x_wconf 91' lang='lat' dir='ltr'><strong>cum</strong></span> <span class='ocrx_word' id='word_1_429' title='bbox 2993 2586 3215 2647; x_wconf 81' lang='lat' dir='ltr'><strong>inferius</strong></span> <span class='ocrx_word' id='word_1_430' title='bbox 3278 2574 3492 2652; x_wconf 82' lang='lat' dir='ltr'><strong>audires</strong></span> 
     </span>
    </p>
   </div>
   <div class='ocr_carea' id='block_1_58' title="bbox 1931 2664 3489 2746">
    <p class='ocr_par' dir='ltr' id='par_1_58' title="bbox 1931 2664 3489 2746">
     <span class='ocr_line' id='line_1_58' title="bbox 1931 2664 3489 2746; baseline 0.019 -32"><span class='ocrx_word' id='word_1_431' title='bbox 1931 2671 2181 2727; x_wconf 90' lang='lat' dir='ltr'><strong>mortem,</strong></span> <span class='ocrx_word' id='word_1_432' title='bbox 2232 2664 2368 2720; x_wconf 91' lang='lat' dir='ltr'><strong>nihil</strong></span> <span class='ocrx_word' id='word_1_433' title='bbox 2414 2670 2705 2736; x_wconf 86' lang='lat' dir='ltr'><strong>movearis,</strong></span> <span class='ocrx_word' id='word_1_434' title='bbox 2733 2687 2801 2728; x_wconf 90' lang='lat' dir='ltr'><strong>ne</strong></span> <span class='ocrx_word' id='word_1_435' title='bbox 2833 2674 2922 2731; x_wconf 90' lang='lat' dir='ltr'><strong>illa</strong></span> <span class='ocrx_word' id='word_1_436' title='bbox 2958 2680 3141 2746; x_wconf 86' lang='lat' dir='ltr'><strong>verba,</strong></span> <span class='ocrx_word' id='word_1_437' title='bbox 3174 2685 3489 2744; x_wconf 73' lang='lat' dir='ltr'><strong>crucifixum</strong></span> 
     </span>
    </p>
   </div>
   <div class='ocr_carea' id='block_1_59' title="bbox 1924 2754 3488 2849">
    <p class='ocr_par' dir='ltr' id='par_1_59' title="bbox 1924 2754 3488 2849">
     <span class='ocr_line' id='line_1_59' title="bbox 1924 2754 3488 2849; baseline 0.02 -45"><span class='ocrx_word' id='word_1_438' title='bbox 1924 2762 1976 2804; x_wconf 79' lang='lat' dir='ltr'><strong>et</strong></span> <span class='ocrx_word' id='word_1_439' title='bbox 2006 2754 2297 2822; x_wconf 86' lang='lat' dir='ltr'><strong>sepultum,</strong></span> <span class='ocrx_word' id='word_1_440' title='bbox 2326 2772 2485 2815; x_wconf 87' lang='lat' dir='ltr'><strong>aures</strong></span> <span class='ocrx_word' id='word_1_441' title='bbox 2510 2760 2801 2830; x_wconf 69' lang='lat' dir='ltr'><strong>offendant,</strong></span> <span class='ocrx_word' id='word_1_442' title='bbox 2819 2774 3073 2840; x_wconf 83' lang='lat' dir='ltr'><strong>tanquam</strong></span> <span class='ocrx_word' id='word_1_443' title='bbox 3095 2771 3210 2849; x_wconf 70' lang='lat' dir='ltr'><strong>haec</strong></span> <span class='ocrx_word' id='word_1_444' title='bbox 3239 2777 3308 2831; x_wconf 89' lang='lat' dir='ltr'><strong>sit</strong></span> <span class='ocrx_word' id='word_1_445' title='bbox 3328 2794 3488 2848; x_wconf 86' lang='lat' dir='ltr'><strong>passa</strong></span> 
     </span>
    </p>
   </div>
   <div class='ocr_carea' id='block_1_60' title="bbox 1922 2841 3488 2943">
    <p class='ocr_par' dir='ltr' id='par_1_60' title="bbox 1922 2841 3488 2943">
     <span class='ocr_line' id='line_1_60' title="bbox 1922 2841 3488 2943; baseline 0.022 -50"><span class='ocrx_word' id='word_1_446' title='bbox 1922 2841 2227 2917; x_wconf 77' lang='lat' dir='ltr'><strong>divinitas.]</strong></span> <span class='ocrx_word' id='word_1_447' title='bbox 2272 2847 2473 2904; x_wconf 81' lang='lat' dir='ltr'><strong>Deinde</strong></span> <span class='ocrx_word' id='word_1_448' title='bbox 2512 2852 2576 2904; x_wconf 88' lang='lat' dir='ltr'><strong>ad</strong></span> <span class='ocrx_word' id='word_1_449' title='bbox 2624 2852 2739 2910; x_wconf 68' lang='lat' dir='ltr'><strong>haec</strong></span> <span class='ocrx_word' id='word_1_450' title='bbox 2787 2856 2877 2914; x_wconf 89' lang='lat' dir='ltr'><strong>illa</strong></span> <span class='ocrx_word' id='word_1_451' title='bbox 2924 2842 3241 2932; x_wconf 74' lang='lat' dir='ltr'><strong>subiungit:</strong></span> <span class='ocrx_word' id='word_1_452' title='bbox 3277 2841 3488 2943; x_wconf 76' lang='lat' dir='ltr'><strong>[Credi-</strong></span> 
     </span>
    </p>
   </div>
   <div class='ocr_carea' id='block_1_61' title="bbox 1922 2933 3481 3016">
    <p class='ocr_par' dir='ltr' id='par_1_61' title="bbox 1922 2933 3481 3016">
     <span class='ocr_line' id='line_1_61' title="bbox 1922 2933 3481 3016; baseline 0.021 -32"><span class='ocrx_word' id='word_1_453' title='bbox 1922 2946 2042 2985; x_wconf 90' lang='lat' dir='ltr'><strong>mus</strong></span> <span class='ocrx_word' id='word_1_454' title='bbox 2090 2933 2142 2986; x_wconf 93' lang='lat' dir='ltr'><strong>in</strong></span> <span class='ocrx_word' id='word_1_455' title='bbox 2198 2950 2360 2993; x_wconf 81' lang='lat' dir='ltr'><strong>unum</strong></span> <span class='ocrx_word' id='word_1_456' title='bbox 2402 2938 2687 2998; x_wconf 88' lang='lat' dir='ltr'><strong>Dominum</strong></span> <span class='ocrx_word' id='word_1_457' title='bbox 2734 2945 2916 3003; x_wconf 77' lang='lat' dir='ltr'><strong>Jesum</strong></span> <span class='ocrx_word' id='word_1_458' title='bbox 2963 2952 3238 3011; x_wconf 88' lang='lat' dir='ltr'><strong>Christum</strong></span> <span class='ocrx_word' id='word_1_459' title='bbox 3279 2933 3481 3016; x_wconf 45' lang='lat' dir='ltr'><strong>’Filiutn</strong></span> 
     </span>
    </p>
   </div>
   <div class='ocr_carea' id='block_1_62' title="bbox 276 3021 1818 3127">
    <p class='ocr_par' dir='ltr' id='par_1_62' title="bbox 276 3022 1817 3101">
     <span class='ocr_line' id='line_1_62' title="bbox 276 3022 1817 3101; baseline 0.006 -27"><span class='ocrx_word' id='word_1_460' title='bbox 276 3022 625 3092; x_wconf 79' lang='grc' dir='ltr'>γεννηθέντα·</span> <span class='ocrx_word' id='word_1_461' title='bbox 671 3023 758 3076; x_wconf 72' lang='grc' dir='ltr'>τὸν</span> <span class='ocrx_word' id='word_1_462' title='bbox 804 3026 1085 3094; x_wconf 84' lang='grc' dir='ltr'>ὀμοούσιον</span> <span class='ocrx_word' id='word_1_463' title='bbox 1135 3026 1215 3099; x_wconf 82' lang='grc' dir='ltr'>τῷ</span> <span class='ocrx_word' id='word_1_464' title='bbox 1264 3028 1477 3101; x_wconf 76' lang='grc' dir='ltr'>Πατρίο</span> <span class='ocrx_word' id='word_1_465' title='bbox 1541 3031 1633 3085; x_wconf 84' lang='grc' dir='ltr'>τὸν</span> <span class='ocrx_word' id='word_1_466' title='bbox 1685 3049 1817 3086; x_wconf 87' lang='grc' dir='ltr'>κατ-</span> 
     </span>
    </p>
   </div>
   <div class='ocr_carea' id='block_1_63' title="bbox 1919 3021 3481 3127">
    <p class='ocr_par' dir='ltr' id='par_1_63' title="bbox 1921 3021 3481 3127">
     <span class='ocr_line' id='line_1_63' title="bbox 1921 3021 3481 3127; baseline 0.022 -54"><span class='ocrx_word' id='word_1_467' title='bbox 1921 3021 2294 3092; x_wconf 74' lang='lat' dir='ltr'><strong>unigenitum,</strong></span> <span class='ocrx_word' id='word_1_468' title='bbox 2353 3041 2420 3083; x_wconf 79' lang='lat' dir='ltr'><strong>ex</strong></span> <span class='ocrx_word' id='word_1_469' title='bbox 2471 3027 2632 3087; x_wconf 86' lang='lat' dir='ltr'><strong>Patre</strong></span> <span class='ocrx_word' id='word_1_470' title='bbox 2682 3044 2905 3102; x_wconf 90' lang='lat' dir='ltr'><strong>natum,</strong></span> <span class='ocrx_word' id='word_1_471' title='bbox 2971 3046 3481 3127; x_wconf 80' lang='lat' dir='ltr'><strong>consubstantialem</strong></span> 
     </span>
    </p>
   </div>
   <div class='ocr_carea' id='block_1_64' title="bbox 277 3101 1818 3210">
    <p class='ocr_par' dir='ltr' id='par_1_64' title="bbox 277 3113 1817 3193">
     <span class='ocr_line' id='line_1_64' title="bbox 277 3113 1817 3193; baseline 0.008 -28"><span class='ocrx_word' id='word_1_472' title='bbox 277 3113 494 3167; x_wconf 76' lang='grc' dir='ltr'>ελθόντα</span> <span class='ocrx_word' id='word_1_473' title='bbox 514 3117 576 3168; x_wconf 76' lang='grc' dir='ltr'>ὲκ</span> <span class='ocrx_word' id='word_1_474' title='bbox 603 3114 706 3168; x_wconf 84' lang='grc' dir='ltr'><strong>τῶν</strong></span> <span class='ocrx_word' id='word_1_475' title='bbox 731 3117 968 3188; x_wconf 81' lang='grc' dir='ltr'>οὐρανῶν</span> <span class='ocrx_word' id='word_1_476' title='bbox 1011 3118 1078 3172; x_wconf 84' lang='grc' dir='ltr'>δι’</span> <span class='ocrx_word' id='word_1_477' title='bbox 1110 3121 1280 3190; x_wconf 75' lang='grc' dir='ltr'>ἡμᾶς,</span> <span class='ocrx_word' id='word_1_478' title='bbox 1332 3121 1427 3175; x_wconf 78' lang='grc' dir='ltr'>καὶ</span> <span class='ocrx_word' id='word_1_479' title='bbox 1467 3123 1817 3193; x_wconf 84' lang='grc' dir='ltr'>σαρκωθέντα</span> 
     </span>
    </p>
   </div>
   <div class='ocr_carea' id='block_1_65' title="bbox 1919 3101 3482 3210">
    <p class='ocr_par' dir='ltr' id='par_1_65' title="bbox 1919 3101 3482 3210">
     <span class='ocr_line' id='line_1_65' title="bbox 1919 3101 3482 3210; baseline 0.023 -45"><span class='ocrx_word' id='word_1_480' title='bbox 1919 3111 2061 3168; x_wconf 84' lang='lat' dir='ltr'><strong>Patri</strong></span> <span class='ocrx_word' id='word_1_481' title='bbox 2097 3132 2110 3168; x_wconf 91' lang='lat'><strong>:</strong></span> <span class='ocrx_word' id='word_1_482' title='bbox 2139 3118 2228 3186; x_wconf 89' lang='lat' dir='ltr'><strong>qui</strong></span> <span class='ocrx_word' id='word_1_483' title='bbox 2272 3119 2548 3177; x_wconf 87' lang='lat' dir='ltr'><strong>descendit</strong></span> <span class='ocrx_word' id='word_1_484' title='bbox 2585 3124 2652 3180; x_wconf 92' lang='lat' dir='ltr'><strong>de</strong></span> <span class='ocrx_word' id='word_1_485' title='bbox 2685 3116 2838 3184; x_wconf 62' lang='lat' dir='ltr'><strong>cuilis</strong></span> <span class='ocrx_word' id='word_1_486' title='bbox 2871 3143 3093 3205; x_wconf 87' lang='lat' dir='ltr'><strong>propter</strong></span> <span class='ocrx_word' id='word_1_487' title='bbox 3137 3153 3256 3210; x_wconf 91' lang='lat' dir='ltr'><strong>nos,</strong></span> <span class='ocrx_word' id='word_1_488' title='bbox 3294 3152 3349 3199; x_wconf 93' lang='lat' dir='ltr'><strong>et</strong></span> <span class='ocrx_word' id='word_1_489' title='bbox 3385 3119 3482 3200; x_wconf 33' lang='lat' dir='ltr'><strong>Iin-</strong></span> 
     </span>
    </p>
   </div>
   <div class='ocr_carea' id='block_1_66' title="bbox 274 3205 1815 3287">
    <p class='ocr_par' dir='ltr' id='par_1_66' title="bbox 274 3205 1815 3287">
     <span class='ocr_line' id='line_1_66' title="bbox 274 3205 1815 3287; baseline 0.006 -29"><span class='ocrx_word' id='word_1_490' title='bbox 274 3205 343 3258; x_wconf 72' lang='lat' dir='ltr'><strong>ix</strong></span> <span class='ocrx_word' id='word_1_491' title='bbox 370 3205 661 3275; x_wconf 78' lang='grc' dir='ltr'>Πνεύματος</span> <span class='ocrx_word' id='word_1_492' title='bbox 689 3208 859 3276; x_wconf 76' lang='grc' dir='ltr'>ἁγίου,</span> <span class='ocrx_word' id='word_1_493' title='bbox 885 3210 1001 3262; x_wconf 85' lang='grc' dir='ltr'><strong>Ούκ</strong></span> <span class='ocrx_word' id='word_1_494' title='bbox 1033 3205 1208 3277; x_wconf 74' lang='grc' dir='ltr'>εἶπον,</span> <span class='ocrx_word' id='word_1_495' title='bbox 1234 3211 1317 3266; x_wconf 80' lang='grc' dir='ltr'><strong>ὅτι</strong></span> <span class='ocrx_word' id='word_1_496' title='bbox 1350 3212 1443 3266; x_wconf 73' lang='grc' dir='ltr'><strong>καὶ</strong></span> <span class='ocrx_word' id='word_1_497' title='bbox 1481 3214 1815 3287; x_wconf 85' lang='grc' dir='ltr'>Γεννηθέντα</span> 
     </span>
    </p>
   </div>
   <div class='ocr_carea' id='block_1_67' title="bbox 272 3297 1815 3375">
    <p class='ocr_par' dir='ltr' id='par_1_67' title="bbox 272 3297 1815 3375">
     <span class='ocr_line' id='line_1_67' title="bbox 272 3297 1815 3375; baseline 0.007 -27"><span class='ocrx_word' id='word_1_498' title='bbox 272 3298 334 3350; x_wconf 77' lang='grc' dir='ltr'>ἐκ</span> <span class='ocrx_word' id='word_1_499' title='bbox 352 3297 651 3368; x_wconf 79' lang='grc' dir='ltr'>Πνεύματος</span> <span class='ocrx_word' id='word_1_500' title='bbox 679 3299 850 3368; x_wconf 80' lang='grc' dir='ltr'>ἁγίου.</span> <span class='ocrx_word' id='word_1_501' title='bbox 880 3301 1347 3373; x_wconf 84' lang='grc' dir='ltr'>Διερμηνεύοντας</span> <span class='ocrx_word' id='word_1_502' title='bbox 1374 3303 1431 3357; x_wconf 76' lang='grc' dir='ltr'>δὲ</span> <span class='ocrx_word' id='word_1_503' title='bbox 1458 3305 1584 3368; x_wconf 80' lang='grc' dir='ltr'>τοὺς</span> <span class='ocrx_word' id='word_1_504' title='bbox 1626 3305 1815 3375; x_wconf 80' lang='grc' dir='ltr'>ἁγίους</span> 
     </span>
    </p>
   </div>
   <div class='ocr_carea' id='block_1_68' title="bbox 268 3389 1813 3467">
    <p class='ocr_par' dir='ltr' id='par_1_68' title="bbox 268 3389 1813 3467">
     <span class='ocr_line' id='line_1_68' title="bbox 268 3389 1813 3467; baseline 0.005 -24"><span class='ocrx_word' id='word_1_505' title='bbox 268 3389 524 3460; x_wconf 78' lang='grc' dir='ltr'>Πατέρας,</span> <span class='ocrx_word' id='word_1_506' title='bbox 553 3391 602 3443; x_wconf 85' lang='grc' dir='ltr'><strong>τί</strong></span> <span class='ocrx_word' id='word_1_507' title='bbox 630 3391 694 3461; x_wconf 75' lang='grc' dir='ltr'>δὴ</span> <span class='ocrx_word' id='word_1_508' title='bbox 720 3391 826 3462; x_wconf 83' lang='grc' dir='ltr'>ἄρα</span> <span class='ocrx_word' id='word_1_509' title='bbox 855 3392 915 3445; x_wconf 84' lang='grc' dir='ltr'>τὸ</span> <span class='ocrx_word' id='word_1_510' title='bbox 939 3393 1307 3463; x_wconf 86' lang='grc' dir='ltr'>Σαρκωθέντα</span> <span class='ocrx_word' id='word_1_511' title='bbox 1336 3394 1455 3449; x_wconf 73' lang='grc' dir='ltr'>ἐστὶ</span> <span class='ocrx_word' id='word_1_512' title='bbox 1473 3435 1488 3460; x_wconf 91' lang='grc'><strong>,</strong></span> <span class='ocrx_word' id='word_1_513' title='bbox 1513 3396 1697 3467; x_wconf 78' lang='grc' dir='ltr'>φησὶν,</span> <span class='ocrx_word' id='word_1_514' title='bbox 1736 3396 1813 3450; x_wconf 76' lang='grc' dir='ltr'>εί-</span> 
     </span>
    </p>
   </div>
   <div class='ocr_carea' id='block_1_69' title="bbox 270 3481 1813 3559">
    <p class='ocr_par' dir='ltr' id='par_1_69' title="bbox 270 3481 1813 3559">
     <span class='ocr_line' id='line_1_69' title="bbox 270 3481 1813 3559; baseline 0.006 -27"><span class='ocrx_word' id='word_1_515' title='bbox 270 3483 384 3534; x_wconf 81' lang='grc' dir='ltr'><strong>πείν</strong></span> <span class='ocrx_word' id='word_1_516' title='bbox 406 3482 465 3533; x_wconf 85' lang='grc' dir='ltr'>τὸ</span> <span class='ocrx_word' id='word_1_517' title='bbox 478 3481 1042 3557; x_wconf 76' lang='grc' dir='ltr'>Ἐνανθρωπήσαντα·]</span> <span class='ocrx_word' id='word_1_518' title='bbox 1062 3485 1114 3538; x_wconf 85' lang='grc' dir='ltr'>τί</span> <span class='ocrx_word' id='word_1_519' title='bbox 1143 3485 1274 3539; x_wconf 78' lang='grc' dir='ltr'>δὲτὸ</span> <span class='ocrx_word' id='word_1_520' title='bbox 1290 3487 1474 3540; x_wconf 81' lang='grc' dir='ltr'>Ἐνανθ</span> <span class='ocrx_word' id='word_1_521' title='bbox 1483 3488 1813 3559; x_wconf 82' lang='grc' dir='ltr'>ρωπήσαντα</span> 
     </span>
    </p>
   </div>
   <div class='ocr_carea' id='block_1_70' title="bbox 268 3573 1806 3648">
    <p class='ocr_par' dir='ltr' id='par_1_70' title="bbox 268 3573 1806 3648">
     <span class='ocr_line' id='line_1_70' title="bbox 268 3573 1806 3648; baseline 0.004 -24"><span class='ocrx_word' id='word_1_522' title='bbox 268 3574 683 3642; x_wconf 74' lang='grc' dir='ltr'>κατασημήνειεν</span> <span class='ocrx_word' id='word_1_523' title='bbox 735 3573 834 3641; x_wconf 80' lang='grc' dir='ltr'>ἂν,</span> <span class='ocrx_word' id='word_1_524' title='bbox 884 3574 1184 3644; x_wconf 86' lang='grc' dir='ltr'>διατρανῶν</span> <span class='ocrx_word' id='word_1_525' title='bbox 1240 3576 1404 3642; x_wconf 76' lang='grc' dir='ltr'>αὐτὸς</span> <span class='ocrx_word' id='word_1_526' title='bbox 1454 3576 1558 3648; x_wconf 79' lang='grc' dir='ltr'>ἔφη</span> <span class='ocrx_word' id='word_1_527' title='bbox 1612 3577 1806 3633; x_wconf 77' lang='grc' dir='ltr'>πάλιν·</span> 
     </span>
    </p>
   </div>
   <div class='ocr_carea' id='block_1_71' title="bbox 266 3661 1809 3745">
    <p class='ocr_par' dir='ltr' id='par_1_71' title="bbox 266 3661 1809 3745">
     <span class='ocr_line' id='line_1_71' title="bbox 266 3661 1809 3745; baseline 0.003 -28"><span class='ocrx_word' id='word_1_528' title='bbox 266 3661 361 3734; x_wconf 72' lang='grc' dir='ltr'><strong>[οὐ</strong></span> <span class='ocrx_word' id='word_1_529' title='bbox 385 3664 583 3736; x_wconf 81' lang='grc' dir='ltr'>τροπὴν</span> <span class='ocrx_word' id='word_1_530' title='bbox 610 3665 705 3739; x_wconf 83' lang='grc' dir='ltr'>τῆς</span> <span class='ocrx_word' id='word_1_531' title='bbox 744 3665 878 3731; x_wconf 82' lang='grc' dir='ltr'>ἰδίας</span> <span class='ocrx_word' id='word_1_532' title='bbox 935 3668 1150 3736; x_wconf 78' lang='grc' dir='ltr'>φύσεως</span> <span class='ocrx_word' id='word_1_533' title='bbox 1196 3667 1566 3745; x_wconf 81' lang='grc' dir='ltr'>ὑπομεινάσης</span> <span class='ocrx_word' id='word_1_534' title='bbox 1593 3669 1674 3732; x_wconf 88' lang='grc' dir='ltr'><strong>είς</strong></span> <span class='ocrx_word' id='word_1_535' title='bbox 1709 3666 1809 3741; x_wconf 72' lang='grc' dir='ltr'>τὴν</span> 
     </span>
    </p>
   </div>
   <div class='ocr_carea' id='block_1_72' title="bbox 269 3753 1643 3834">
    <p class='ocr_par' dir='ltr' id='par_1_72' title="bbox 269 3753 1643 3834">
     <span class='ocr_line' id='line_1_72' title="bbox 269 3753 1643 3834; baseline 0.005 -28"><span class='ocrx_word' id='word_1_536' title='bbox 269 3753 458 3825; x_wconf 68' lang='grc' dir='ltr'>σάρκα,</span> <span class='ocrx_word' id='word_1_537' title='bbox 487 3755 616 3809; x_wconf 82' lang='grc' dir='ltr'>ἀλλὰ</span> <span class='ocrx_word' id='word_1_538' title='bbox 642 3757 738 3827; x_wconf 77' lang='grc' dir='ltr'>τὴν</span> <span class='ocrx_word' id='word_1_539' title='bbox 769 3759 1045 3830; x_wconf 74' lang='grc' dir='ltr'>ἐνοίκησιν</span> <span class='ocrx_word' id='word_1_540' title='bbox 1071 3761 1171 3831; x_wconf 81' lang='grc' dir='ltr'>τὴν</span> <span class='ocrx_word' id='word_1_541' title='bbox 1199 3761 1280 3826; x_wconf 83' lang='grc' dir='ltr'><strong>είς</strong></span> <span class='ocrx_word' id='word_1_542' title='bbox 1307 3757 1643 3834; x_wconf 51' lang='grc' dir='ltr'>ἄνθρωποι]</span> 
     </span>
    </p>
   </div>
   <div class='ocr_carea' id='block_1_73' title="bbox 730 3895 1205 3961">
    <p class='ocr_par' dir='ltr' id='par_1_73' title="bbox 730 3895 1205 3961">
     <span class='ocr_line' id='line_1_73' title="bbox 730 3895 1205 3961; baseline 0.013 -14"><span class='ocrx_word' id='word_1_543' title='bbox 730 3950 747 3961; x_wconf 68' lang='grc'><strong>,</strong></span> <span class='ocrx_word' id='word_1_544' title='bbox 830 3896 1081 3952; x_wconf 70' lang='grc' dir='ltr'><strong>ΚΕΦΔΔ.</strong></span> <span class='ocrx_word' id='word_1_545' title='bbox 1127 3895 1205 3953; x_wconf 67' lang='grc' dir='ltr'><strong>τ’.</strong></span> 
     </span>
    </p>
   </div>
   <div class='ocr_carea' id='block_1_74' title="bbox 341 4020 1800 4102">
    <p class='ocr_par' dir='ltr' id='par_1_74' title="bbox 341 4020 1800 4102">
     <span class='ocr_line' id='line_1_74' title="bbox 341 4020 1800 4102; baseline 0.005 -23"><span class='ocrx_word' id='word_1_546' title='bbox 341 4020 486 4099; x_wconf 74' lang='grc' dir='ltr'>’Δρα</span> <span class='ocrx_word' id='word_1_547' title='bbox 508 4028 567 4083; x_wconf 70' lang='grc' dir='ltr'><strong>ἂν</strong></span> <span class='ocrx_word' id='word_1_548' title='bbox 588 4030 845 4101; x_wconf 61' lang='lat' dir='ltr'><strong>avemus</strong></span> <span class='ocrx_word' id='word_1_549' title='bbox 871 4049 957 4095; x_wconf 87' lang='grc' dir='ltr'>τις</span> <span class='ocrx_word' id='word_1_550' title='bbox 987 4031 1099 4086; x_wconf 85' lang='grc' dir='ltr'>τῶν</span> <span class='ocrx_word' id='word_1_551' title='bbox 1132 4029 1433 4086; x_wconf 87' lang='grc' dir='ltr'>τελούντων</span> <span class='ocrx_word' id='word_1_552' title='bbox 1464 4032 1522 4088; x_wconf 70' lang='grc' dir='ltr'>ἐν</span> <span class='ocrx_word' id='word_1_553' title='bbox 1542 4032 1800 4102; x_wconf 84' lang='grc' dir='ltr'>Χριστια-</span> 
     </span>
    </p>
   </div>
   <div class='ocr_carea' id='block_1_75' title="bbox 272 4118 1798 4195">
    <p class='ocr_par' dir='ltr' id='par_1_75' title="bbox 272 4118 1798 4195">
     <span class='ocr_line' id='line_1_75' title="bbox 272 4118 1798 4195; baseline -0.001 -18"><span class='ocrx_word' id='word_1_554' title='bbox 272 4119 381 4182; x_wconf 68' lang='lat' dir='ltr'><strong>vd;</strong></span> <span class='ocrx_word' id='word_1_555' title='bbox 406 4118 436 4188; x_wconf 76' lang='grc' dir='ltr'><em>ἢ</em></span> <span class='ocrx_word' id='word_1_556' title='bbox 462 4120 552 4190; x_wconf 76' lang='grc' dir='ltr'>τῆς</span> <span class='ocrx_word' id='word_1_557' title='bbox 568 4122 770 4195; x_wconf 76' lang='grc' dir='ltr'>ἐνούσης</span> <span class='ocrx_word' id='word_1_558' title='bbox 794 4125 910 4187; x_wconf 84' lang='grc' dir='ltr'>τοῖς</span> <span class='ocrx_word' id='word_1_559' title='bbox 936 4121 1115 4192; x_wconf 84' lang='grc' dir='ltr'>λόγοις</span> <span class='ocrx_word' id='word_1_560' title='bbox 1141 4122 1489 4195; x_wconf 80' lang='grc' dir='ltr'>ἀσελτηρίας,</span> <span class='ocrx_word' id='word_1_561' title='bbox 1521 4122 1553 4194; x_wconf 76' lang='grc' dir='ltr'>ἢ</span> <span class='ocrx_word' id='word_1_562' title='bbox 1576 4122 1675 4192; x_wconf 84' lang='grc' dir='ltr'>τῆς</span> <span class='ocrx_word' id='word_1_563' title='bbox 1689 4123 1798 4176; x_wconf 86' lang='grc' dir='ltr'><strong>τῶν</strong></span> 
     </span>
    </p>
   </div>
   <div class='ocr_carea' id='block_1_76' title="bbox 260 4206 1796 4287">
    <p class='ocr_par' dir='ltr' id='par_1_76' title="bbox 260 4206 1796 4287">
     <span class='ocr_line' id='line_1_76' title="bbox 260 4206 1796 4287; baseline 0.007 -28"><span class='ocrx_word' id='word_1_564' title='bbox 260 4206 472 4262; x_wconf 69' lang='grc' dir='ltr'>ἐννοιῶν</span> <span class='ocrx_word' id='word_1_565' title='bbox 517 4210 841 4280; x_wconf 71' lang='grc' dir='ltr'>δυσσεϐείαςς</span> <span class='ocrx_word' id='word_1_566' title='bbox 885 4209 975 4287; x_wconf 79' lang='grc' dir='ltr'><strong>ἄρ’</strong></span> <span class='ocrx_word' id='word_1_567' title='bbox 1003 4214 1104 4269; x_wconf 81' lang='grc' dir='ltr'>οὐκ</span> <span class='ocrx_word' id='word_1_568' title='bbox 1158 4213 1395 4286; x_wconf 78' lang='grc' dir='ltr'>ἐναργὴς</span> <span class='ocrx_word' id='word_1_569' title='bbox 1443 4215 1528 4286; x_wconf 81' lang='grc' dir='ltr'><strong>είη</strong></span> <span class='ocrx_word' id='word_1_570' title='bbox 1570 4215 1638 4269; x_wconf 83' lang='grc' dir='ltr'>ἂν</span> <span class='ocrx_word' id='word_1_571' title='bbox 1683 4217 1796 4280; x_wconf 88' lang='grc' dir='ltr'>τοῖς</span> 
     </span>
    </p>
   </div>
   <div class='ocr_carea' id='block_1_77' title="bbox 255 4298 1795 4378">
    <p class='ocr_par' dir='ltr' id='par_1_77' title="bbox 255 4298 1795 4378">
     <span class='ocr_line' id='line_1_77' title="bbox 255 4298 1795 4378; baseline 0.005 -26"><span class='ocrx_word' id='word_1_572' title='bbox 255 4298 460 4371; x_wconf 75' lang='grc' dir='ltr'>ἀληθῶς</span> <span class='ocrx_word' id='word_1_573' title='bbox 483 4303 753 4376; x_wconf 77' lang='grc' dir='ltr'>ἀρτίφροσι</span> <span class='ocrx_word' id='word_1_574' title='bbox 784 4304 1090 4377; x_wconf 84' lang='grc' dir='ltr'>βωμολογία</span> <span class='ocrx_word' id='word_1_575' title='bbox 1134 4307 1312 4375; x_wconf 79' lang='grc' dir='ltr'>ταυτὶ,</span> <span class='ocrx_word' id='word_1_576' title='bbox 1351 4305 1445 4360; x_wconf 75' lang='grc' dir='ltr'>καὶ</span> <span class='ocrx_word' id='word_1_577' title='bbox 1472 4306 1671 4378; x_wconf 85' lang='grc' dir='ltr'>τρόπος</span> <span class='ocrx_word' id='word_1_578' title='bbox 1693 4307 1795 4361; x_wconf 81' lang='grc' dir='ltr'>οὐκ</span> 
     </span>
    </p>
   </div>
   <div class='ocr_carea' id='block_1_78' title="bbox 253 4393 1865 4488">
    <p class='ocr_par' dir='ltr' id='par_1_78' title="bbox 253 4393 1865 4488">
     <span class='ocr_line' id='line_1_78' title="bbox 253 4393 1865 4488; baseline 0.006 -44"><span class='ocrx_word' id='word_1_579' title='bbox 253 4393 474 4464; x_wconf 76' lang='grc' dir='ltr'>ἀγεννὴς</span> <span class='ocrx_word' id='word_1_580' title='bbox 500 4396 591 4466; x_wconf 76' lang='grc' dir='ltr'>τῆς</span> <span class='ocrx_word' id='word_1_581' title='bbox 609 4396 745 4451; x_wconf 81' lang='grc' dir='ltr'>κατὰ</span> <span class='ocrx_word' id='word_1_582' title='bbox 763 4398 998 4471; x_wconf 81' lang='grc' dir='ltr'>Χριστοῦ</span> <span class='ocrx_word' id='word_1_583' title='bbox 1026 4399 1436 4469; x_wconf 72' lang='grc' dir='ltr'>γλωσσαλγίαςς</span> <span class='ocrx_word' id='word_1_584' title='bbox 1466 4401 1793 4488; x_wconf 76' lang='grc' dir='ltr'>συκοφαντεῖ</span> <span class='ocrx_word' id='word_1_585' title='bbox 1819 4432 1865 4488; x_wconf 74' lang='lat' dir='ltr'><strong>D</strong></span> 
     </span>
    </p>
   </div>
   <div class='ocr_carea' id='block_1_79' title="bbox 252 4482 1792 4559">
    <p class='ocr_par' dir='ltr' id='par_1_79' title="bbox 252 4482 1792 4559">
     <span class='ocr_line' id='line_1_79' title="bbox 252 4482 1792 4559; baseline 0.005 -25"><span class='ocrx_word' id='word_1_586' title='bbox 252 4482 358 4552; x_wconf 67' lang='grc' dir='ltr'><strong>γὰρ</strong></span> <span class='ocrx_word' id='word_1_587' title='bbox 380 4484 471 4552; x_wconf 70' lang='grc' dir='ltr'>τὴν</span> <span class='ocrx_word' id='word_1_588' title='bbox 497 4485 768 4557; x_wconf 73' lang='grc' dir='ltr'>ἀλήθειαν*</span> <span class='ocrx_word' id='word_1_589' title='bbox 799 4488 901 4541; x_wconf 80' lang='grc' dir='ltr'>οὐκ</span> <span class='ocrx_word' id='word_1_590' title='bbox 930 4483 1069 4543; x_wconf 72' lang='grc' dir='ltr'>εἷναί</span> <span class='ocrx_word' id='word_1_591' title='bbox 1101 4505 1266 4559; x_wconf 80' lang='grc' dir='ltr'>φησιν</span> <span class='ocrx_word' id='word_1_592' title='bbox 1296 4488 1423 4541; x_wconf 79' lang='grc' dir='ltr'>Υἱὸν</span> <span class='ocrx_word' id='word_1_593' title='bbox 1456 4486 1673 4558; x_wconf 84' lang='grc' dir='ltr'>ἀληθῶς</span> <span class='ocrx_word' id='word_1_594' title='bbox 1692 4489 1792 4541; x_wconf 74' lang='grc' dir='ltr'><strong>αὐο-</strong></span> 
     </span>
    </p>
   </div>
   <div class='ocr_carea' id='block_1_80' title="bbox 252 4569 1788 4650">
    <p class='ocr_par' dir='ltr' id='par_1_80' title="bbox 252 4569 1788 4650">
     <span class='ocr_line' id='line_1_80' title="bbox 252 4569 1788 4650; baseline 0.014 -30"><span class='ocrx_word' id='word_1_595' title='bbox 252 4569 357 4630; x_wconf 76' lang='grc' dir='ltr'>τὸν,</span> <span class='ocrx_word' id='word_1_596' title='bbox 381 4570 543 4643; x_wconf 76' lang='grc' dir='ltr'>ἑτέρῳ</span> <span class='ocrx_word' id='word_1_597' title='bbox 561 4572 710 4628; x_wconf 87' lang='grc' dir='ltr'>τοῦτο</span> <span class='ocrx_word' id='word_1_598' title='bbox 738 4576 1075 4647; x_wconf 82' lang='grc' dir='ltr'>προσνέμων.</span> <span class='ocrx_word' id='word_1_599' title='bbox 1104 4576 1432 4650; x_wconf 79' lang='grc' dir='ltr'>[Προσέχετε</span> <span class='ocrx_word' id='word_1_600' title='bbox 1457 4576 1587 4648; x_wconf 83' lang='grc' dir='ltr'>γὰρ,</span> <span class='ocrx_word' id='word_1_601' title='bbox 1604 4577 1788 4647; x_wconf 72' lang='grc' dir='ltr'>φησὶν.</span> 
     </span>
    </p>
   </div>
   <div class='ocr_carea' id='block_1_81' title="bbox 251 4655 1790 4739">
    <p class='ocr_par' dir='ltr' id='par_1_81' title="bbox 251 4655 1790 4739">
     <span class='ocr_line' id='line_1_81' title="bbox 251 4655 1790 4739; baseline 0.01 -32"><span class='ocrx_word' id='word_1_602' title='bbox 251 4655 333 4708; x_wconf 76' lang='grc' dir='ltr'><strong>ὅτι</strong></span> <span class='ocrx_word' id='word_1_603' title='bbox 361 4659 606 4732; x_wconf 61' lang='grc' dir='ltr'>πρότερον</span> <span class='ocrx_word' id='word_1_604' title='bbox 641 4663 937 4729; x_wconf 86' lang='grc' dir='ltr'>τεθεικότες</span> <span class='ocrx_word' id='word_1_605' title='bbox 964 4665 1024 4719; x_wconf 81' lang='grc' dir='ltr'>τὸ</span> <span class='ocrx_word' id='word_1_606' title='bbox 1053 4666 1311 4738; x_wconf 82' lang='grc' dir='ltr'>Χριστὸς,</span> <span class='ocrx_word' id='word_1_607' title='bbox 1344 4667 1372 4721; x_wconf 86' lang='grc' dir='ltr'><strong>ὅ</strong></span> <span class='ocrx_word' id='word_1_608' title='bbox 1405 4669 1519 4720; x_wconf 77' lang='grc' dir='ltr'>ἐστι</span> <span class='ocrx_word' id='word_1_609' title='bbox 1564 4667 1790 4739; x_wconf 82' lang='grc' dir='ltr'>μήνυμα</span> 
     </span>
    </p>
   </div>
   <div class='ocr_carea' id='block_1_82' title="bbox 252 4747 1787 4829">
    <p class='ocr_par' dir='ltr' id='par_1_82' title="bbox 252 4747 1787 4829">
     <span class='ocr_line' id='line_1_82' title="bbox 252 4747 1787 4829; baseline 0.008 -31"><span class='ocrx_word' id='word_1_610' title='bbox 252 4747 355 4799; x_wconf 79' lang='grc' dir='ltr'>τῶν</span> <span class='ocrx_word' id='word_1_611' title='bbox 372 4748 456 4801; x_wconf 79' lang='grc' dir='ltr'><strong>δύο</strong></span> <span class='ocrx_word' id='word_1_612' title='bbox 482 4751 703 4818; x_wconf 75' lang='grc' dir='ltr'>φύσεων,</span> <span class='ocrx_word' id='word_1_613' title='bbox 722 4754 820 4809; x_wconf 80' lang='grc' dir='ltr'>οὐκ</span> <span class='ocrx_word' id='word_1_614' title='bbox 848 4751 1009 4810; x_wconf 81' lang='grc' dir='ltr'>εἶπαν</span> <span class='ocrx_word' id='word_1_615' title='bbox 1026 4774 1039 4787; x_wconf 87' lang='grc'><strong>·</strong></span> <span class='ocrx_word' id='word_1_616' title='bbox 1066 4756 1405 4829; x_wconf 88' lang='grc' dir='ltr'>Πιστεύομεν</span> <span class='ocrx_word' id='word_1_617' title='bbox 1433 4759 1513 4821; x_wconf 86' lang='grc' dir='ltr'><strong>είς</strong></span> <span class='ocrx_word' id='word_1_618' title='bbox 1538 4757 1631 4811; x_wconf 78' lang='grc' dir='ltr'>ἕνα</span> <span class='ocrx_word' id='word_1_619' title='bbox 1655 4757 1787 4810; x_wconf 83' lang='grc' dir='ltr'>Θεὸν</span> 
     </span>
    </p>
   </div>
   <div class='ocr_carea' id='block_1_83' title="bbox 251 4837 1783 4919">
    <p class='ocr_par' dir='ltr' id='par_1_83' title="bbox 251 4837 1783 4919">
     <span class='ocr_line' id='line_1_83' title="bbox 251 4837 1783 4919; baseline 0.007 -29"><span class='ocrx_word' id='word_1_620' title='bbox 251 4837 456 4911; x_wconf 60' lang='lat' dir='ltr'><strong>Aerem]</strong></span> <span class='ocrx_word' id='word_1_621' title='bbox 486 4841 586 4894; x_wconf 78' lang='grc' dir='ltr'><strong>Καὶ</strong></span> <span class='ocrx_word' id='word_1_622' title='bbox 614 4845 738 4914; x_wconf 78' lang='grc' dir='ltr'>περὶ</span> <span class='ocrx_word' id='word_1_623' title='bbox 764 4845 863 4917; x_wconf 79' lang='grc' dir='ltr'>μὲν</span> <span class='ocrx_word' id='word_1_624' title='bbox 890 4846 985 4900; x_wconf 87' lang='grc' dir='ltr'><strong>τοῦ</strong></span> <span class='ocrx_word' id='word_1_625' title='bbox 1011 4847 1294 4919; x_wconf 85' lang='grc' dir='ltr'>ὀνόματος,</span> <span class='ocrx_word' id='word_1_626' title='bbox 1331 4849 1473 4918; x_wconf 77' lang='grc' dir='ltr'>φημὶ</span> <span class='ocrx_word' id='word_1_627' title='bbox 1508 4848 1565 4900; x_wconf 82' lang='grc' dir='ltr'>δὲ</span> <span class='ocrx_word' id='word_1_628' title='bbox 1599 4847 1663 4919; x_wconf 82' lang='grc' dir='ltr'>δὴ</span> <span class='ocrx_word' id='word_1_629' title='bbox 1690 4846 1783 4901; x_wconf 90' lang='grc' dir='ltr'><strong>τοῦ</strong></span> 
     </span>
    </p>
   </div>
   <div class='ocr_carea' id='block_1_84' title="bbox 250 4919 1782 5012">
    <p class='ocr_par' dir='ltr' id='par_1_84' title="bbox 250 4919 1782 5012">
     <span class='ocr_line' id='line_1_84' title="bbox 250 4919 1782 5012; baseline 0.008 -32"><span class='ocrx_word' id='word_1_630' title='bbox 250 4919 485 4997; x_wconf 74' lang='grc' dir='ltr'>Χριστὸς,</span> <span class='ocrx_word' id='word_1_631' title='bbox 510 4934 638 5003; x_wconf 74' lang='grc' dir='ltr'>μετὰ</span> <span class='ocrx_word' id='word_1_632' title='bbox 684 4935 852 5009; x_wconf 81' lang='grc' dir='ltr'>βραχὺ</span> <span class='ocrx_word' id='word_1_633' title='bbox 900 4938 1338 5012; x_wconf 84' lang='grc' dir='ltr'>διερευνήσομαι,</span> <span class='ocrx_word' id='word_1_634' title='bbox 1375 4939 1604 5012; x_wconf 86' lang='grc' dir='ltr'>πότερόν</span> <span class='ocrx_word' id='word_1_635' title='bbox 1654 4956 1782 4993; x_wconf 84' lang='grc' dir='ltr'>ποτε</span> 
     </span>
    </p>
   </div>
   <div class='ocr_carea' id='block_1_85' title="bbox 250 5017 1780 5105">
    <p class='ocr_par' dir='ltr' id='par_1_85' title="bbox 250 5017 1780 5105">
     <span class='ocr_line' id='line_1_85' title="bbox 250 5017 1780 5105; baseline 0.01 -35"><span class='ocrx_word' id='word_1_636' title='bbox 250 5017 350 5071; x_wconf 79' lang='grc' dir='ltr'><strong>τῶν</strong></span> <span class='ocrx_word' id='word_1_637' title='bbox 376 5020 461 5074; x_wconf 84' lang='grc' dir='ltr'><strong>δύο</strong></span> <span class='ocrx_word' id='word_1_638' title='bbox 501 5025 703 5092; x_wconf 75' lang='grc' dir='ltr'>φύσεων</span> <span class='ocrx_word' id='word_1_639' title='bbox 739 5033 1065 5101; x_wconf 85' lang='grc' dir='ltr'>σημαντικόν</span> <span class='ocrx_word' id='word_1_640' title='bbox 1113 5034 1286 5097; x_wconf 75' lang='grc' dir='ltr'>ἐστιν,</span> <span class='ocrx_word' id='word_1_641' title='bbox 1327 5032 1359 5105; x_wconf 80' lang='grc' dir='ltr'>ἢ</span> <span class='ocrx_word' id='word_1_642' title='bbox 1404 5033 1510 5105; x_wconf 79' lang='grc' dir='ltr'><strong>μὴ’</strong></span> <span class='ocrx_word' id='word_1_643' title='bbox 1544 5031 1605 5086; x_wconf 81' lang='grc' dir='ltr'>τὸ</span> <span class='ocrx_word' id='word_1_644' title='bbox 1636 5032 1693 5085; x_wconf 79' lang='grc' dir='ltr'>δὲ</span> <span class='ocrx_word' id='word_1_645' title='bbox 1723 5035 1780 5085; x_wconf 82' lang='grc' dir='ltr'>ἐν</span> 
     </span>
    </p>
   </div>
   <div class='ocr_carea' id='block_1_86' title="bbox 252 5112 1779 5196">
    <p class='ocr_par' dir='ltr' id='par_1_86' title="bbox 252 5112 1779 5196">
     <span class='ocr_line' id='line_1_86' title="bbox 252 5112 1779 5196; baseline 0.009 -32"><span class='ocrx_word' id='word_1_646' title='bbox 252 5112 439 5180; x_wconf 76' lang='grc' dir='ltr'>χερσὶν,</span> <span class='ocrx_word' id='word_1_647' title='bbox 465 5115 535 5180; x_wconf 84' lang='grc' dir='ltr'><strong>ὡς</strong></span> <span class='ocrx_word' id='word_1_648' title='bbox 559 5117 655 5185; x_wconf 73' lang='grc' dir='ltr'>ενι,</span> <span class='ocrx_word' id='word_1_649' title='bbox 681 5120 1154 5195; x_wconf 79' lang='grc' dir='ltr'>διαγνμνάζωμεν.</span> <span class='ocrx_word' id='word_1_650' title='bbox 1189 5125 1359 5179; x_wconf 79' lang='grc' dir='ltr'>Οίστὰ</span> <span class='ocrx_word' id='word_1_651' title='bbox 1405 5125 1504 5196; x_wconf 85' lang='grc' dir='ltr'>μὲν</span> <span class='ocrx_word' id='word_1_652' title='bbox 1545 5120 1637 5179; x_wconf 79' lang='grc' dir='ltr'>οὖν</span> <span class='ocrx_word' id='word_1_653' title='bbox 1670 5119 1779 5178; x_wconf 75' lang='grc' dir='ltr'>εἷεν</span> 
     </span>
    </p>
   </div>
   <div class='ocr_carea' id='block_1_87' title="bbox 246 5200 1776 5286">
    <p class='ocr_par' dir='ltr' id='par_1_87' title="bbox 246 5200 1776 5286">
     <span class='ocr_line' id='line_1_87' title="bbox 246 5200 1776 5286; baseline 0.009 -31"><span class='ocrx_word' id='word_1_654' title='bbox 246 5200 313 5252; x_wconf 81' lang='grc' dir='ltr'>ἂν</span> <span class='ocrx_word' id='word_1_655' title='bbox 337 5207 440 5257; x_wconf 82' lang='grc' dir='ltr'>κατ’</span> <span class='ocrx_word' id='word_1_656' title='bbox 464 5208 640 5265; x_wconf 79' lang='grc' dir='ltr'>οὐδένα</span> <span class='ocrx_word' id='word_1_657' title='bbox 666 5213 885 5283; x_wconf 86' lang='grc' dir='ltr'>τρόπον,</span> <span class='ocrx_word' id='word_1_658' title='bbox 915 5215 983 5268; x_wconf 77' lang='grc' dir='ltr'>τὰ</span> <span class='ocrx_word' id='word_1_659' title='bbox 1011 5215 1186 5280; x_wconf 71' lang='grc' dir='ltr'>οὕτως</span> <span class='ocrx_word' id='word_1_660' title='bbox 1208 5216 1474 5281; x_wconf 83' lang='grc' dir='ltr'>ἐκτόπως,</span> <span class='ocrx_word' id='word_1_661' title='bbox 1503 5217 1598 5270; x_wconf 75' lang='grc' dir='ltr'>καὶ</span> <span class='ocrx_word' id='word_1_662' title='bbox 1638 5218 1776 5286; x_wconf 83' lang='grc' dir='ltr'>ἀτη-</span> 
     </span>
    </p>
   </div>
   <div class='ocr_carea' id='block_1_88' title="bbox 246 5287 1772 5378">
    <p class='ocr_par' dir='ltr' id='par_1_88' title="bbox 246 5287 1772 5378">
     <span class='ocr_line' id='line_1_88' title="bbox 246 5287 1772 5378; baseline 0.016 -33"><span class='ocrx_word' id='word_1_663' title='bbox 246 5287 411 5356; x_wconf 80' lang='grc' dir='ltr'>μελῶς</span> <span class='ocrx_word' id='word_1_664' title='bbox 437 5296 572 5368; x_wconf 72' lang='grc' dir='ltr'>αὐτῷ</span> <span class='ocrx_word' id='word_1_665' title='bbox 598 5301 1022 5375; x_wconf 76' lang='grc' dir='ltr'>πεφλυαρημένα</span> <span class='ocrx_word' id='word_1_666' title='bbox 1043 5322 1056 5336; x_wconf 89' lang='grc'><strong>·</strong></span> <span class='ocrx_word' id='word_1_667' title='bbox 1093 5308 1226 5378; x_wconf 78' lang='grc' dir='ltr'>φαίη</span> <span class='ocrx_word' id='word_1_668' title='bbox 1253 5307 1302 5360; x_wconf 82' lang='grc' dir='ltr'>δ’</span> <span class='ocrx_word' id='word_1_669' title='bbox 1337 5306 1422 5370; x_wconf 86' lang='grc' dir='ltr'>ἂν,</span> <span class='ocrx_word' id='word_1_670' title='bbox 1459 5302 1633 5377; x_wconf 78' lang='grc' dir='ltr'>οἶμαι,</span> <span class='ocrx_word' id='word_1_671' title='bbox 1667 5305 1772 5371; x_wconf 79' lang='grc' dir='ltr'>τὶς.</span> 
     </span>
    </p>
   </div>
   <div class='ocr_carea' id='block_1_89' title="bbox 239 5380 1770 5470">
    <p class='ocr_par' dir='ltr' id='par_1_89' title="bbox 239 5380 1770 5470">
     <span class='ocr_line' id='line_1_89' title="bbox 239 5380 1770 5470; baseline 0.019 -36"><span class='ocrx_word' id='word_1_672' title='bbox 239 5380 361 5445; x_wconf 75' lang='grc' dir='ltr'>τοὺς</span> <span class='ocrx_word' id='word_1_673' title='bbox 383 5384 507 5459; x_wconf 79' lang='grc' dir='ltr'>ὑπέρ</span> <span class='ocrx_word' id='word_1_674' title='bbox 526 5406 584 5458; x_wconf 88' lang='grc' dir='ltr'><strong>γε</strong></span> <span class='ocrx_word' id='word_1_675' title='bbox 612 5392 718 5447; x_wconf 85' lang='grc' dir='ltr'>τῶν</span> <span class='ocrx_word' id='word_1_676' title='bbox 743 5396 911 5464; x_wconf 77' lang='grc' dir='ltr'>ἁγίων</span> <span class='ocrx_word' id='word_1_677' title='bbox 933 5399 1191 5470; x_wconf 83' lang='grc' dir='ltr'>Πατέρων</span> <span class='ocrx_word' id='word_1_678' title='bbox 1216 5397 1537 5469; x_wconf 82' lang='grc' dir='ltr'>ποιούμενος</span> <span class='ocrx_word' id='word_1_679' title='bbox 1560 5398 1770 5466; x_wconf 79' lang='grc' dir='ltr'>λόγους·</span> 
     </span>
    </p>
   </div>
   <div class='ocr_carea' id='block_1_90' title="bbox 236 5470 1767 5561">
    <p class='ocr_par' dir='ltr' id='par_1_90' title="bbox 236 5470 1767 5561">
     <span class='ocr_line' id='line_1_90' title="bbox 236 5470 1767 5561; baseline 0.016 -40"><span class='ocrx_word' id='word_1_680' title='bbox 236 5470 305 5523; x_wconf 82' lang='grc' dir='ltr'>Τί</span> <span class='ocrx_word' id='word_1_681' title='bbox 331 5471 447 5547; x_wconf 74' lang='grc' dir='ltr'>δρᾷς</span> <span class='ocrx_word' id='word_1_682' title='bbox 469 5479 619 5551; x_wconf 75' lang='grc' dir='ltr'>οὕτω,</span> <span class='ocrx_word' id='word_1_683' title='bbox 650 5478 695 5539; x_wconf 79' lang='grc' dir='ltr'><strong>ὦ</strong></span> <span class='ocrx_word' id='word_1_684' title='bbox 719 5492 954 5556; x_wconf 80' lang='grc' dir='ltr'>γενναῖε,</span> <span class='ocrx_word' id='word_1_685' title='bbox 996 5491 1249 5561; x_wconf 82' lang='grc' dir='ltr'>γλῶσσαν</span> <span class='ocrx_word' id='word_1_686' title='bbox 1278 5492 1377 5560; x_wconf 80' lang='grc' dir='ltr'>τὴν</span> <span class='ocrx_word' id='word_1_687' title='bbox 1405 5490 1666 5560; x_wconf 75' lang='grc' dir='ltr'>ἄγροικον</span> <span class='ocrx_word' id='word_1_688' title='bbox 1685 5491 1767 5544; x_wconf 62' lang='lat' dir='ltr'><strong>sv-</strong></span> 
     </span>
    </p>
   </div>
   <div class='ocr_carea' id='block_1_91' title="bbox 232 5561 1774 5655">
    <p class='ocr_par' dir='ltr' id='par_1_91' title="bbox 232 5561 1774 5655">
     <span class='ocr_line' id='line_1_91' title="bbox 232 5561 1774 5655; baseline -0.006 -10"><span class='ocrx_word' id='word_1_689' title='bbox 232 5561 335 5655; x_wconf 44' lang='grc' dir='ltr'><strong>ἐὶς</strong></span> <span class='ocrx_word' id='word_1_690' title='bbox 356 5566 591 5642; x_wconf 62' lang='grc' dir='ltr'><strong>ἀνδράσιν</strong></span> <span class='ocrx_word' id='word_1_691' title='bbox 617 5577 809 5646; x_wconf 70' lang='grc' dir='ltr'>ἁγίοις,</span> <span class='ocrx_word' id='word_1_692' title='bbox 833 5575 917 5645; x_wconf 79' lang='grc' dir='ltr'>οἷς</span> <span class='ocrx_word' id='word_1_693' title='bbox 943 5581 1012 5636; x_wconf 79' lang='grc' dir='ltr'>ἂν</span> <span class='ocrx_word' id='word_1_694' title='bbox 1039 5583 1239 5655; x_wconf 76' lang='grc' dir='ltr'>πρέποι</span> <span class='ocrx_word' id='word_1_695' title='bbox 1259 5583 1322 5636; x_wconf 76' lang='grc' dir='ltr'><strong>τὸ</strong></span> <span class='ocrx_word' id='word_1_696' title='bbox 1342 5582 1603 5652; x_wconf 60' lang='grc' dir='ltr'>’λέγεσθαι</span> <span class='ocrx_word' id='word_1_697' title='bbox 1629 5583 1774 5653; x_wconf 82' lang='grc' dir='ltr'>παρ’</span> 
     </span>
    </p>
   </div>
   <div class='ocr_carea' id='block_1_92' title="bbox 1917 3213 3481 3305">
    <p class='ocr_par' dir='ltr' id='par_1_92' title="bbox 1917 3213 3481 3305">
     <span class='ocr_line' id='line_1_92' title="bbox 1917 3213 3481 3305; baseline 0.022 -46"><span class='ocrx_word' id='word_1_698' title='bbox 1917 3217 2175 3263; x_wconf 84' lang='lat' dir='ltr'><strong>carnatus</strong></span> <span class='ocrx_word' id='word_1_699' title='bbox 2197 3219 2281 3266; x_wconf 89' lang='lat' dir='ltr'><strong>est</strong></span> <span class='ocrx_word' id='word_1_700' title='bbox 2303 3213 2367 3267; x_wconf 91' lang='lat' dir='ltr'><strong>de</strong></span> <span class='ocrx_word' id='word_1_701' title='bbox 2397 3214 2601 3283; x_wconf 88' lang='lat' dir='ltr'><strong>Spiritu</strong></span> <span class='ocrx_word' id='word_1_702' title='bbox 2627 3231 2838 3278; x_wconf 91' lang='lat' dir='ltr'><strong>sancto.</strong></span> <span class='ocrx_word' id='word_1_703' title='bbox 2872 3223 2985 3281; x_wconf 85' lang='lat' dir='ltr'><strong>Non</strong></span> <span class='ocrx_word' id='word_1_704' title='bbox 3016 3229 3266 3288; x_wconf 79' lang='lat' dir='ltr'><strong>dixerunt</strong></span> <span class='ocrx_word' id='word_1_705' title='bbox 3324 3235 3481 3305; x_wconf 90' lang='lat' dir='ltr'><strong>item,</strong></span> 
     </span>
    </p>
   </div>
   <div class='ocr_carea' id='block_1_93' title="bbox 1914 3293 3479 3384">
    <p class='ocr_par' dir='ltr' id='par_1_93' title="bbox 1914 3293 3479 3384">
     <span class='ocr_line' id='line_1_93' title="bbox 1914 3293 3479 3384; baseline 0.025 -37"><span class='ocrx_word' id='word_1_706' title='bbox 1914 3293 2111 3351; x_wconf 83' lang='lat' dir='ltr'><strong>Natum</strong></span> <span class='ocrx_word' id='word_1_707' title='bbox 2148 3298 2215 3355; x_wconf 87' lang='lat' dir='ltr'><strong>de</strong></span> <span class='ocrx_word' id='word_1_708' title='bbox 2263 3301 2472 3370; x_wconf 86' lang='lat' dir='ltr'><strong>Spiritu</strong></span> <span class='ocrx_word' id='word_1_709' title='bbox 2516 3318 2724 3365; x_wconf 88' lang='lat' dir='ltr'><strong>sancto.</strong></span> <span class='ocrx_word' id='word_1_710' title='bbox 2758 3311 2927 3371; x_wconf 89' lang='lat' dir='ltr'><strong>Porro</strong></span> <span class='ocrx_word' id='word_1_711' title='bbox 2971 3331 3192 3379; x_wconf 84' lang='lat' dir='ltr'><strong>sanctos</strong></span> <span class='ocrx_word' id='word_1_712' title='bbox 3226 3324 3343 3384; x_wconf 90' lang='lat' dir='ltr'><strong>illos</strong></span> <span class='ocrx_word' id='word_1_713' title='bbox 3373 3293 3479 3384; x_wconf 59' lang='lat' dir='ltr'><strong>Pa:</strong></span> 
     </span>
    </p>
   </div>
   <div class='ocr_carea' id='block_1_94' title="bbox 1916 3389 3477 3485">
    <p class='ocr_par' dir='ltr' id='par_1_94' title="bbox 1916 3389 3477 3485">
     <span class='ocr_line' id='line_1_94' title="bbox 1916 3389 3477 3485; baseline 0.022 -44"><span class='ocrx_word' id='word_1_714' title='bbox 1916 3395 2047 3456; x_wconf 90' lang='lat' dir='ltr'><strong>tres,</strong></span> <span class='ocrx_word' id='word_1_715' title='bbox 2082 3389 2282 3461; x_wconf 89' lang='lat' dir='ltr'><strong>inquit,</strong></span> <span class='ocrx_word' id='word_1_716' title='bbox 2330 3403 2386 3448; x_wconf 96' lang='lat' dir='ltr'><strong>ut</strong></span> <span class='ocrx_word' id='word_1_717' title='bbox 2415 3394 2903 3469; x_wconf 85' lang='lat' dir='ltr'><strong>interpretarentur</strong></span> <span class='ocrx_word' id='word_1_718' title='bbox 2928 3411 3183 3477; x_wconf 86' lang='lat' dir='ltr'><strong>quidnam</strong></span> <span class='ocrx_word' id='word_1_719' title='bbox 3224 3416 3351 3472; x_wconf 88' lang='lat' dir='ltr'><strong>illud</strong></span> <span class='ocrx_word' id='word_1_720' title='bbox 3387 3423 3477 3485; x_wconf 87' lang='lat' dir='ltr'><strong>sit,</strong></span> 
     </span>
    </p>
   </div>
   <div class='ocr_carea' id='block_1_95' title="bbox 1910 3475 3477 3580">
    <p class='ocr_par' dir='ltr' id='par_1_95' title="bbox 1910 3475 3477 3580">
     <span class='ocr_line' id='line_1_95' title="bbox 1910 3475 3477 3580; baseline 0.021 -49"><span class='ocrx_word' id='word_1_721' title='bbox 1910 3475 2249 3549; x_wconf 83' lang='lat' dir='ltr'><strong>lncarnalus,</strong></span> <span class='ocrx_word' id='word_1_722' title='bbox 2300 3482 2503 3541; x_wconf 80' lang='lat' dir='ltr'><strong>dixisse</strong></span> <span class='ocrx_word' id='word_1_723' title='bbox 2548 3487 2698 3555; x_wconf 88' lang='lat' dir='ltr'><strong>illud,</strong></span> <span class='ocrx_word' id='word_1_724' title='bbox 2745 3491 2917 3553; x_wconf 86' lang='lat' dir='ltr'><strong>Homo</strong></span> <span class='ocrx_word' id='word_1_725' title='bbox 2945 3475 3129 3557; x_wconf 61' lang='lat' dir='ltr'><strong>lactus</strong></span> <span class='ocrx_word' id='word_1_726' title='bbox 3169 3505 3301 3580; x_wconf 72' lang='lat' dir='ltr'><strong>est.)</strong></span> <span class='ocrx_word' id='word_1_727' title='bbox 3341 3475 3477 3576; x_wconf 75' lang='lat' dir='ltr'><strong>Quid</strong></span> 
     </span>
    </p>
   </div>
   <div class='ocr_carea' id='block_1_96' title="bbox 1909 3572 3473 3660">
    <p class='ocr_par' dir='ltr' id='par_1_96' title="bbox 1909 3572 3473 3660">
     <span class='ocr_line' id='line_1_96' title="bbox 1909 3572 3473 3660; baseline 0.023 -37"><span class='ocrx_word' id='word_1_728' title='bbox 1909 3584 2039 3627; x_wconf 88' lang='lat' dir='ltr'><strong>vero</strong></span> <span class='ocrx_word' id='word_1_729' title='bbox 2076 3572 2169 3636; x_wconf 89' lang='lat' dir='ltr'><strong>sit,</strong></span> <span class='ocrx_word' id='word_1_730' title='bbox 2194 3572 2367 3631; x_wconf 84' lang='lat' dir='ltr'><strong>Homo</strong></span> <span class='ocrx_word' id='word_1_731' title='bbox 2403 3578 2602 3648; x_wconf 81' lang='lat' dir='ltr'><strong>factus,</strong></span> <span class='ocrx_word' id='word_1_732' title='bbox 2652 3598 2841 3643; x_wconf 87' lang='lat' dir='ltr'><strong>rursus</strong></span> <span class='ocrx_word' id='word_1_733' title='bbox 2889 3589 3004 3660; x_wconf 90' lang='lat' dir='ltr'><strong>ipse</strong></span> <span class='ocrx_word' id='word_1_734' title='bbox 3038 3572 3315 3655; x_wconf 66' lang='lat' dir='ltr'><strong>declarans</strong></span> <span class='ocrx_word' id='word_1_735' title='bbox 3354 3603 3473 3659; x_wconf 87' lang='lat' dir='ltr'><strong>ait:</strong></span> 
     </span>
    </p>
   </div>
   <div class='ocr_carea' id='block_1_97' title="bbox 1910 3659 3474 3762">
    <p class='ocr_par' dir='ltr' id='par_1_97' title="bbox 1910 3659 3474 3762">
     <span class='ocr_line' id='line_1_97' title="bbox 1910 3659 3474 3762; baseline 0.023 -47"><span class='ocrx_word' id='word_1_736' title='bbox 1910 3659 2042 3734; x_wconf 86' lang='lat' dir='ltr'><strong>[Sua</strong></span> <span class='ocrx_word' id='word_1_737' title='bbox 2075 3664 2182 3736; x_wconf 74' lang='lat'><strong>23</strong></span> <span class='ocrx_word' id='word_1_738' title='bbox 2235 3667 2405 3737; x_wconf 88' lang='lat' dir='ltr'><strong>ipsius</strong></span> <span class='ocrx_word' id='word_1_739' title='bbox 2447 3682 2637 3729; x_wconf 89' lang='lat' dir='ltr'><strong>natura</strong></span> <span class='ocrx_word' id='word_1_740' title='bbox 2682 3692 2787 3733; x_wconf 90' lang='lat' dir='ltr'><strong>non</strong></span> <span class='ocrx_word' id='word_1_741' title='bbox 2836 3659 3101 3740; x_wconf 18' lang='lat' dir='ltr'><strong>inicarne</strong></span> <span class='ocrx_word' id='word_1_742' title='bbox 3138 3702 3474 3762; x_wconf 78' lang='lat' dir='ltr'><strong>remanente,</strong></span> 
     </span>
    </p>
   </div>
   <div class='ocr_carea' id='block_1_98' title="bbox 1907 3754 3086 3846">
    <p class='ocr_par' dir='ltr' id='par_1_98' title="bbox 1907 3754 3086 3846">
     <span class='ocr_line' id='line_1_98' title="bbox 1907 3754 3086 3846; baseline 0.019 -40"><span class='ocrx_word' id='word_1_743' title='bbox 1907 3754 2003 3808; x_wconf 88' lang='lat' dir='ltr'><strong>sed</strong></span> <span class='ocrx_word' id='word_1_744' title='bbox 2033 3754 2480 3817; x_wconf 88' lang='lat' dir='ltr'><strong>inhabitationem</strong></span> <span class='ocrx_word' id='word_1_745' title='bbox 2513 3762 2747 3824; x_wconf 86' lang='lat' dir='ltr'><strong>hominis</strong></span> <span class='ocrx_word' id='word_1_746' title='bbox 2774 3768 3086 3846; x_wconf 89' lang='lat' dir='ltr'><strong>subeunte.]</strong></span> 
     </span>
    </p>
   </div>
   <div class='ocr_carea' id='block_1_99' title="bbox 2528 3896 2837 3958">
    <p class='ocr_par' dir='ltr' id='par_1_99' title="bbox 2528 3896 2837 3958">
     <span class='ocr_line' id='line_1_99' title="bbox 2528 3896 2837 3958; baseline 0.003 -2"><span class='ocrx_word' id='word_1_747' title='bbox 2528 3896 2681 3957; x_wconf 76' lang='lat' dir='ltr'><strong>CAP.</strong></span> <span class='ocrx_word' id='word_1_748' title='bbox 2723 3900 2837 3958; x_wconf 79' lang='lat' dir='ltr'><strong>Vll.</strong></span> 
     </span>
    </p>
   </div>
   <div class='ocr_carea' id='block_1_100' title="bbox 1969 4016 3469 4103">
    <p class='ocr_par' dir='ltr' id='par_1_100' title="bbox 1969 4016 3469 4103">
     <span class='ocr_line' id='line_1_100' title="bbox 1969 4016 3469 4103; baseline 0.016 -25"><span class='ocrx_word' id='word_1_749' title='bbox 1969 4023 2054 4079; x_wconf 80' lang='lat' dir='ltr'><strong>An</strong></span> <span class='ocrx_word' id='word_1_750' title='bbox 2083 4037 2214 4081; x_wconf 84' lang='lat' dir='ltr'><strong>vero</strong></span> <span class='ocrx_word' id='word_1_751' title='bbox 2240 4016 2525 4098; x_wconf 80' lang='lat' dir='ltr'><strong>quisquam</strong></span> <span class='ocrx_word' id='word_1_752' title='bbox 2563 4030 2656 4100; x_wconf 90' lang='lat' dir='ltr'><strong>qui</strong></span> <span class='ocrx_word' id='word_1_753' title='bbox 2709 4032 2851 4090; x_wconf 90' lang='lat' dir='ltr'><strong>inter</strong></span> <span class='ocrx_word' id='word_1_754' title='bbox 2896 4036 3239 4097; x_wconf 88' lang='lat' dir='ltr'><strong>Christianos</strong></span> <span class='ocrx_word' id='word_1_755' title='bbox 3278 4057 3469 4103; x_wconf 86' lang='lat' dir='ltr'><strong>cense-</strong></span> 
     </span>
    </p>
   </div>
   <div class='ocr_carea' id='block_1_101' title="bbox 1900 4114 3469 4201">
    <p class='ocr_par' dir='ltr' id='par_1_101' title="bbox 1900 4114 3469 4201">
     <span class='ocr_line' id='line_1_101' title="bbox 1900 4114 3469 4201; baseline 0.015 -35"><span class='ocrx_word' id='word_1_756' title='bbox 1900 4118 2009 4181; x_wconf 88' lang='lat' dir='ltr'><strong>tur,</strong></span> <span class='ocrx_word' id='word_1_757' title='bbox 2041 4127 2196 4182; x_wconf 64' lang='grc' dir='ltr'><strong>ει]υο</strong></span> <span class='ocrx_word' id='word_1_758' title='bbox 2222 4115 2403 4170; x_wconf 91' lang='lat' dir='ltr'><strong>animo</strong></span> <span class='ocrx_word' id='word_1_759' title='bbox 2433 4114 2573 4173; x_wconf 84' lang='lat' dir='ltr'><strong>ferat</strong></span> <span class='ocrx_word' id='word_1_760' title='bbox 2611 4119 2696 4174; x_wconf 89' lang='lat' dir='ltr'><strong>vel</strong></span> <span class='ocrx_word' id='word_1_761' title='bbox 2738 4120 2993 4193; x_wconf 88' lang='lat' dir='ltr'><strong>ineptiam</strong></span> <span class='ocrx_word' id='word_1_762' title='bbox 3034 4129 3345 4201; x_wconf 88' lang='lat' dir='ltr'><strong>verborum,</strong></span> <span class='ocrx_word' id='word_1_763' title='bbox 3384 4136 3469 4190; x_wconf 85' lang='lat' dir='ltr'><strong>vel</strong></span> 
     </span>
    </p>
   </div>
   <div class='ocr_carea' id='block_1_102' title="bbox 1897 4208 3468 4299">
    <p class='ocr_par' dir='ltr' id='par_1_102' title="bbox 1897 4208 3468 4299">
     <span class='ocr_line' id='line_1_102' title="bbox 1897 4208 3468 4299; baseline 0.016 -38"><span class='ocrx_word' id='word_1_764' title='bbox 1897 4208 2286 4264; x_wconf 86' lang='lat' dir='ltr'><strong>sententiarum</strong></span> <span class='ocrx_word' id='word_1_765' title='bbox 2321 4209 2691 4279; x_wconf 83' lang='lat' dir='ltr'><strong>impietatem?</strong></span> <span class='ocrx_word' id='word_1_766' title='bbox 2720 4211 2911 4274; x_wconf 88' lang='lat' dir='ltr'><strong>Nonne</strong></span> <span class='ocrx_word' id='word_1_767' title='bbox 2960 4218 3076 4276; x_wconf 71' lang='lat' dir='ltr'><strong>haec</strong></span> <span class='ocrx_word' id='word_1_768' title='bbox 3113 4224 3274 4280; x_wconf 88' lang='lat' dir='ltr'><strong>verba</strong></span> <span class='ocrx_word' id='word_1_769' title='bbox 3323 4231 3468 4299; x_wconf 86' lang='lat' dir='ltr'><strong>apud</strong></span> 
     </span>
    </p>
   </div>
   <div class='ocr_carea' id='block_1_103' title="bbox 1896 4299 3466 4380">
    <p class='ocr_par' dir='ltr' id='par_1_103' title="bbox 1896 4299 3466 4380">
     <span class='ocr_line' id='line_1_103' title="bbox 1896 4299 3466 4380; baseline 0.015 -27"><span class='ocrx_word' id='word_1_770' title='bbox 1896 4299 2147 4356; x_wconf 89' lang='lat' dir='ltr'><strong>cordatos</strong></span> <span class='ocrx_word' id='word_1_771' title='bbox 2194 4315 2325 4357; x_wconf 91' lang='lat' dir='ltr'><strong>sane</strong></span> <span class='ocrx_word' id='word_1_772' title='bbox 2384 4302 2635 4361; x_wconf 90' lang='lat' dir='ltr'><strong>homines</strong></span> <span class='ocrx_word' id='word_1_773' title='bbox 2687 4316 2940 4380; x_wconf 86' lang='lat' dir='ltr'><strong>tanquam</strong></span> <span class='ocrx_word' id='word_1_774' title='bbox 3001 4317 3305 4374; x_wconf 84' lang='lat' dir='ltr'><strong>scurrilitas</strong></span> <span class='ocrx_word' id='word_1_775' title='bbox 3369 4321 3466 4377; x_wconf 88' lang='lat' dir='ltr'><strong>ha-</strong></span> 
     </span>
    </p>
   </div>
   <div class='ocr_carea' id='block_1_104' title="bbox 1897 4392 3464 4478">
    <p class='ocr_par' dir='ltr' id='par_1_104' title="bbox 1897 4392 3464 4478">
     <span class='ocr_line' id='line_1_104' title="bbox 1897 4392 3464 4478; baseline 0.015 -33"><span class='ocrx_word' id='word_1_776' title='bbox 1897 4392 2066 4447; x_wconf 90' lang='lat' dir='ltr'><strong>benda</strong></span> <span class='ocrx_word' id='word_1_777' title='bbox 2085 4402 2232 4462; x_wconf 88' lang='lat' dir='ltr'><strong>sunt,</strong></span> <span class='ocrx_word' id='word_1_778' title='bbox 2250 4409 2314 4450; x_wconf 87' lang='lat' dir='ltr'><strong>ac</strong></span> <span class='ocrx_word' id='word_1_779' title='bbox 2345 4395 2736 4454; x_wconf 66' lang='lat' dir='ltr'><strong>maledicentite</strong></span> <span class='ocrx_word' id='word_1_780' title='bbox 2754 4399 2806 4455; x_wconf 91' lang='lat' dir='ltr'><strong>in</strong></span> <span class='ocrx_word' id='word_1_781' title='bbox 2825 4401 3097 4461; x_wconf 82' lang='lat' dir='ltr'><strong>Christum</strong></span> <span class='ocrx_word' id='word_1_782' title='bbox 3122 4424 3290 4478; x_wconf 82' lang='lat' dir='ltr'><strong>genus</strong></span> <span class='ocrx_word' id='word_1_783' title='bbox 3320 4411 3464 4469; x_wconf 85' lang='lat' dir='ltr'><strong>haud</strong></span> 
     </span>
    </p>
   </div>
   <div class='ocr_carea' id='block_1_105' title="bbox 1894 4482 3461 4562">
    <p class='ocr_par' dir='ltr' id='par_1_105' title="bbox 1894 4482 3461 4562">
     <span class='ocr_line' id='line_1_105' title="bbox 1894 4482 3461 4562; baseline 0.017 -26"><span class='ocrx_word' id='word_1_784' title='bbox 1894 4482 2178 4541; x_wconf 78' lang='lat' dir='ltr'><strong>intimum?</strong></span> <span class='ocrx_word' id='word_1_785' title='bbox 2226 4485 2607 4543; x_wconf 85' lang='lat' dir='ltr'><strong>Calumniatur</strong></span> <span class='ocrx_word' id='word_1_786' title='bbox 2653 4493 2797 4547; x_wconf 93' lang='lat' dir='ltr'><strong>enim</strong></span> <span class='ocrx_word' id='word_1_787' title='bbox 2837 4496 3120 4553; x_wconf 84' lang='lat' dir='ltr'><strong>veritatem</strong></span> <span class='ocrx_word' id='word_1_788' title='bbox 3150 4518 3164 4555; x_wconf 92' lang='lat'><strong>:</strong></span> <span class='ocrx_word' id='word_1_789' title='bbox 3198 4517 3304 4557; x_wconf 88' lang='lat' dir='ltr'><strong>non</strong></span> <span class='ocrx_word' id='word_1_790' title='bbox 3338 4519 3461 4562; x_wconf 88' lang='lat' dir='ltr'><strong>esse</strong></span> 
     </span>
    </p>
   </div>
   <div class='ocr_carea' id='block_1_106' title="bbox 1892 4574 3460 4650">
    <p class='ocr_par' dir='ltr' id='par_1_106' title="bbox 1892 4574 3460 4650">
     <span class='ocr_line' id='line_1_106' title="bbox 1892 4574 3460 4650; baseline 0.015 -22"><span class='ocrx_word' id='word_1_791' title='bbox 1892 4574 2064 4646; x_wconf 91' lang='lat' dir='ltr'><strong>ipsum</strong></span> <span class='ocrx_word' id='word_1_792' title='bbox 2106 4575 2281 4646; x_wconf 87' lang='lat' dir='ltr'><strong>inquit</strong></span> <span class='ocrx_word' id='word_1_793' title='bbox 2325 4593 2451 4634; x_wconf 86' lang='lat' dir='ltr'><strong>vere</strong></span> <span class='ocrx_word' id='word_1_794' title='bbox 2490 4578 2707 4647; x_wconf 83' lang='lat' dir='ltr'><strong>Filium,</strong></span> <span class='ocrx_word' id='word_1_795' title='bbox 2759 4597 2881 4639; x_wconf 92' lang='lat' dir='ltr'><strong>cum</strong></span> <span class='ocrx_word' id='word_1_796' title='bbox 2927 4584 3031 4641; x_wconf 86' lang='lat' dir='ltr'><strong>hoc</strong></span> <span class='ocrx_word' id='word_1_797' title='bbox 3062 4604 3254 4647; x_wconf 91' lang='lat' dir='ltr'><strong>nomen</strong></span> <span class='ocrx_word' id='word_1_798' title='bbox 3306 4593 3460 4650; x_wconf 89' lang='lat' dir='ltr'><strong>alteri</strong></span> 
     </span>
    </p>
   </div>
   <div class='ocr_carea' id='block_1_107' title="bbox 1891 4665 3460 4751">
    <p class='ocr_par' dir='ltr' id='par_1_107' title="bbox 1891 4665 3460 4751">
     <span class='ocr_line' id='line_1_107' title="bbox 1891 4665 3460 4751; baseline 0.015 -33"><span class='ocrx_word' id='word_1_799' title='bbox 1891 4666 2111 4721; x_wconf 89' lang='lat' dir='ltr'><strong>tribuat.</strong></span> <span class='ocrx_word' id='word_1_800' title='bbox 2128 4665 2445 4740; x_wconf 80' lang='lat' dir='ltr'><strong>[Attendite,</strong></span> <span class='ocrx_word' id='word_1_801' title='bbox 2472 4669 2666 4739; x_wconf 87' lang='lat' dir='ltr'><strong>inquit,</strong></span> <span class='ocrx_word' id='word_1_802' title='bbox 2681 4675 2819 4742; x_wconf 79' lang='lat' dir='ltr'><strong>quod</strong></span> <span class='ocrx_word' id='word_1_803' title='bbox 2837 4691 2958 4731; x_wconf 91' lang='lat' dir='ltr'><strong>cum</strong></span> <span class='ocrx_word' id='word_1_804' title='bbox 2983 4680 3132 4749; x_wconf 86' lang='lat' dir='ltr'><strong>prius</strong></span> <span class='ocrx_word' id='word_1_805' title='bbox 3153 4686 3460 4751; x_wconf 85' lang='lat' dir='ltr'><strong>posuissent</strong></span> 
     </span>
    </p>
   </div>
   <div class='ocr_carea' id='block_1_108' title="bbox 1885 4756 3454 4845">
    <p class='ocr_par' dir='ltr' id='par_1_108' title="bbox 1885 4756 3454 4845">
     <span class='ocr_line' id='line_1_108' title="bbox 1885 4756 3454 4845; baseline 0.013 -33"><span class='ocrx_word' id='word_1_806' title='bbox 1885 4756 1989 4812; x_wconf 88' lang='lat' dir='ltr'><strong>hoc</strong></span> <span class='ocrx_word' id='word_1_807' title='bbox 2028 4775 2244 4825; x_wconf 86' lang='lat' dir='ltr'><strong>nomen,</strong></span> <span class='ocrx_word' id='word_1_808' title='bbox 2294 4760 2559 4829; x_wconf 75' lang='lat' dir='ltr'><strong>Christus,</strong></span> <span class='ocrx_word' id='word_1_809' title='bbox 2609 4767 2749 4839; x_wconf 89' lang='lat' dir='ltr'><strong>quod</strong></span> <span class='ocrx_word' id='word_1_810' title='bbox 2789 4769 2923 4824; x_wconf 85' lang='lat' dir='ltr'><strong>duas</strong></span> <span class='ocrx_word' id='word_1_811' title='bbox 2965 4781 3188 4830; x_wconf 86' lang='lat' dir='ltr'><strong>naturas</strong></span> <span class='ocrx_word' id='word_1_812' title='bbox 3232 4776 3454 4845; x_wconf 81' lang='lat' dir='ltr'><strong>indicat,</strong></span> 
     </span>
    </p>
   </div>
   <div class='ocr_carea' id='block_1_109' title="bbox 1886 4848 3455 4938">
    <p class='ocr_par' dir='ltr' id='par_1_109' title="bbox 1886 4848 3455 4938">
     <span class='ocr_line' id='line_1_109' title="bbox 1886 4848 3455 4938; baseline 0.013 -37"><span class='ocrx_word' id='word_1_813' title='bbox 1886 4862 1991 4902; x_wconf 90' lang='lat' dir='ltr'><strong>non</strong></span> <span class='ocrx_word' id='word_1_814' title='bbox 2018 4848 2273 4914; x_wconf 86' lang='lat' dir='ltr'><strong>dixerint,</strong></span> <span class='ocrx_word' id='word_1_815' title='bbox 2304 4850 2588 4910; x_wconf 84' lang='lat' dir='ltr'><strong>Credimus</strong></span> <span class='ocrx_word' id='word_1_816' title='bbox 2608 4854 2658 4909; x_wconf 88' lang='lat' dir='ltr'><strong>in</strong></span> <span class='ocrx_word' id='word_1_817' title='bbox 2689 4872 2850 4912; x_wconf 88' lang='lat' dir='ltr'><strong>unum</strong></span> <span class='ocrx_word' id='word_1_818' title='bbox 2880 4860 3044 4915; x_wconf 83' lang='lat' dir='ltr'><strong>Deum</strong></span> <span class='ocrx_word' id='word_1_819' title='bbox 3073 4863 3455 4938; x_wconf 79' lang='lat' dir='ltr'><strong>Verbum.]Ac</strong></span> 
     </span>
    </p>
   </div>
   <div class='ocr_carea' id='block_1_110' title="bbox 1885 4939 3451 5026">
    <p class='ocr_par' dir='ltr' id='par_1_110' title="bbox 1885 4939 3451 5026">
     <span class='ocr_line' id='line_1_110' title="bbox 1885 4939 3451 5026; baseline 0.014 -33"><span class='ocrx_word' id='word_1_820' title='bbox 1885 4939 1951 4994; x_wconf 91' lang='lat' dir='ltr'><strong>de</strong></span> <span class='ocrx_word' id='word_1_821' title='bbox 1984 4940 2201 4997; x_wconf 91' lang='lat' dir='ltr'><strong>nomine</strong></span> <span class='ocrx_word' id='word_1_822' title='bbox 2245 4944 2365 5009; x_wconf 89' lang='lat' dir='ltr'><strong>hoc,</strong></span> <span class='ocrx_word' id='word_1_823' title='bbox 2422 4960 2615 5017; x_wconf 89' lang='lat' dir='ltr'><strong>nempe</strong></span> <span class='ocrx_word' id='word_1_824' title='bbox 2669 4949 2891 5017; x_wconf 88' lang='lat' dir='ltr'><strong>Christi,</strong></span> <span class='ocrx_word' id='word_1_825' title='bbox 2924 4954 3082 5023; x_wconf 91' lang='lat' dir='ltr'><strong>paulo</strong></span> <span class='ocrx_word' id='word_1_826' title='bbox 3112 4966 3234 5026; x_wconf 87' lang='lat' dir='ltr'><strong>post</strong></span> <span class='ocrx_word' id='word_1_827' title='bbox 3276 4959 3451 5016; x_wconf 89' lang='lat' dir='ltr'><strong>disse-</strong></span> 
     </span>
    </p>
   </div>
   <div class='ocr_carea' id='block_1_111' title="bbox 1880 5039 3449 5115">
    <p class='ocr_par' dir='ltr' id='par_1_111' title="bbox 1880 5039 3449 5115">
     <span class='ocr_line' id='line_1_111' title="bbox 1880 5039 3449 5115; baseline 0.014 -30"><span class='ocrx_word' id='word_1_828' title='bbox 1880 5046 2025 5099; x_wconf 86' lang='lat' dir='ltr'><strong>ram,</strong></span> <span class='ocrx_word' id='word_1_829' title='bbox 2080 5043 2257 5090; x_wconf 83' lang='lat' dir='ltr'><strong>utrum</strong></span> <span class='ocrx_word' id='word_1_830' title='bbox 2315 5039 2530 5094; x_wconf 88' lang='lat' dir='ltr'><strong>tandem</strong></span> <span class='ocrx_word' id='word_1_831' title='bbox 2589 5042 2724 5098; x_wconf 89' lang='lat' dir='ltr'><strong>d&#39;uas</strong></span> <span class='ocrx_word' id='word_1_832' title='bbox 2769 5055 2995 5101; x_wconf 85' lang='lat' dir='ltr'><strong>naturas</strong></span> <span class='ocrx_word' id='word_1_833' title='bbox 3033 5047 3335 5115; x_wconf 82' lang='lat' dir='ltr'><strong>signiticet,</strong></span> <span class='ocrx_word' id='word_1_834' title='bbox 3381 5066 3449 5107; x_wconf 91' lang='lat' dir='ltr'><strong>an</strong></span> 
     </span>
    </p>
   </div>
   <div class='ocr_carea' id='block_1_112' title="bbox 1879 5128 3450 5203">
    <p class='ocr_par' dir='ltr' id='par_1_112' title="bbox 1879 5128 3450 5203">
     <span class='ocr_line' id='line_1_112' title="bbox 1879 5128 3450 5203; baseline 0.015 -26"><span class='ocrx_word' id='word_1_835' title='bbox 1879 5137 2035 5180; x_wconf 85' lang='lat' dir='ltr'><strong>secus</strong></span> <span class='ocrx_word' id='word_1_836' title='bbox 2076 5128 2263 5197; x_wconf 86' lang='lat' dir='ltr'><strong>:quod</strong></span> <span class='ocrx_word' id='word_1_837' title='bbox 2325 5129 2437 5199; x_wconf 85' lang='lat' dir='ltr'><strong>jam</strong></span> <span class='ocrx_word' id='word_1_838' title='bbox 2487 5139 2572 5188; x_wconf 90' lang='lat' dir='ltr'><strong>est</strong></span> <span class='ocrx_word' id='word_1_839' title='bbox 2623 5148 2732 5203; x_wconf 77' lang='lat' dir='ltr'><strong>pra:</strong></span> <span class='ocrx_word' id='word_1_840' title='bbox 2782 5137 3073 5203; x_wconf 87' lang='lat' dir='ltr'><strong>manibus,</strong></span> <span class='ocrx_word' id='word_1_841' title='bbox 3122 5148 3182 5194; x_wconf 93' lang='lat' dir='ltr'><strong>ut</strong></span> <span class='ocrx_word' id='word_1_842' title='bbox 3235 5138 3450 5200; x_wconf 86' lang='lat' dir='ltr'><strong>licuerit</strong></span> 
     </span>
    </p>
   </div>
   <div class='ocr_carea' id='block_1_113' title="bbox 1878 5215 3449 5298">
    <p class='ocr_par' dir='ltr' id='par_1_113' title="bbox 1878 5215 3449 5298">
     <span class='ocr_line' id='line_1_113' title="bbox 1878 5215 3449 5298; baseline 0.015 -29"><span class='ocrx_word' id='word_1_843' title='bbox 1878 5215 2253 5276; x_wconf 88' lang='lat' dir='ltr'><strong>discutiamus.</strong></span> <span class='ocrx_word' id='word_1_844' title='bbox 2321 5221 2489 5292; x_wconf 90' lang='lat' dir='ltr'><strong>lgitur</strong></span> <span class='ocrx_word' id='word_1_845' title='bbox 2537 5224 2686 5281; x_wconf 89' lang='lat' dir='ltr'><strong>nullo</strong></span> <span class='ocrx_word' id='word_1_846' title='bbox 2736 5227 2897 5280; x_wconf 88' lang='lat' dir='ltr'><strong>modo</strong></span> <span class='ocrx_word' id='word_1_847' title='bbox 2946 5228 3163 5298; x_wconf 88' lang='lat' dir='ltr'><strong>quidem</strong></span> <span class='ocrx_word' id='word_1_848' title='bbox 3210 5229 3449 5292; x_wconf 71' lang='lat' dir='ltr'><strong>ferendas</strong></span> 
     </span>
    </p>
   </div>
   <div class='ocr_carea' id='block_1_114' title="bbox 1877 5318 3449 5398">
    <p class='ocr_par' dir='ltr' id='par_1_114' title="bbox 1877 5318 3449 5398">
     <span class='ocr_line' id='line_1_114' title="bbox 1877 5318 3449 5398; baseline 0.013 -31"><span class='ocrx_word' id='word_1_849' title='bbox 1877 5320 2005 5367; x_wconf 90' lang='lat' dir='ltr'><strong>sunt</strong></span> <span class='ocrx_word' id='word_1_850' title='bbox 2035 5328 2210 5385; x_wconf 65' lang='lat' dir='ltr'><strong>nugm,</strong></span> <span class='ocrx_word' id='word_1_851' title='bbox 2244 5330 2379 5384; x_wconf 87' lang='lat' dir='ltr'><strong>quas</strong></span> <span class='ocrx_word' id='word_1_852' title='bbox 2410 5318 2511 5373; x_wconf 90' lang='lat' dir='ltr'><strong>iste</strong></span> <span class='ocrx_word' id='word_1_853' title='bbox 2553 5319 2686 5376; x_wconf 88' lang='lat' dir='ltr'><strong>adeo</strong></span> <span class='ocrx_word' id='word_1_854' title='bbox 2722 5319 2957 5378; x_wconf 87' lang='lat' dir='ltr'><strong>absurde</strong></span> <span class='ocrx_word' id='word_1_855' title='bbox 2995 5335 3051 5379; x_wconf 91' lang='lat' dir='ltr'><strong>et</strong></span> <span class='ocrx_word' id='word_1_856' title='bbox 3088 5326 3334 5398; x_wconf 88' lang='lat' dir='ltr'><strong>imperite</strong></span> <span class='ocrx_word' id='word_1_857' title='bbox 3367 5331 3449 5387; x_wconf 80' lang='lat' dir='ltr'><strong>ef-</strong></span> 
     </span>
    </p>
   </div>
   <div class='ocr_carea' id='block_1_115' title="bbox 1876 5400 3444 5479">
    <p class='ocr_par' dir='ltr' id='par_1_115' title="bbox 1876 5400 3444 5479">
     <span class='ocr_line' id='line_1_115' title="bbox 1876 5400 3444 5479; baseline 0.015 -24"><span class='ocrx_word' id='word_1_858' title='bbox 1876 5400 2040 5457; x_wconf 81' lang='lat' dir='ltr'><strong>futit:</strong></span> <span class='ocrx_word' id='word_1_859' title='bbox 2085 5405 2179 5458; x_wconf 89' lang='lat' dir='ltr'><strong>sed</strong></span> <span class='ocrx_word' id='word_1_860' title='bbox 2230 5404 2373 5460; x_wconf 90' lang='lat' dir='ltr'><strong>dicet</strong></span> <span class='ocrx_word' id='word_1_861' title='bbox 2410 5406 2607 5477; x_wconf 82' lang='lat' dir='ltr'><strong>aliquis</strong></span> <span class='ocrx_word' id='word_1_862' title='bbox 2650 5418 2850 5476; x_wconf 90' lang='lat' dir='ltr'><strong>tamen,</strong></span> <span class='ocrx_word' id='word_1_863' title='bbox 2888 5423 2948 5469; x_wconf 84' lang='lat' dir='ltr'><strong>ut</strong></span> <span class='ocrx_word' id='word_1_864' title='bbox 2992 5429 3211 5475; x_wconf 88' lang='lat' dir='ltr'><strong>sanctos</strong></span> <span class='ocrx_word' id='word_1_865' title='bbox 3251 5418 3444 5479; x_wconf 85' lang='lat' dir='ltr'><strong>Patres</strong></span> 
     </span>
    </p>
   </div>
   <div class='ocr_carea' id='block_1_116' title="bbox 1874 5490 3443 5573">
    <p class='ocr_par' dir='ltr' id='par_1_116' title="bbox 1874 5490 3443 5573">
     <span class='ocr_line' id='line_1_116' title="bbox 1874 5490 3443 5573; baseline 0.015 -27"><span class='ocrx_word' id='word_1_866' title='bbox 1874 5490 2124 5548; x_wconf 81' lang='lat' dir='ltr'><strong>defendat</strong></span> <span class='ocrx_word' id='word_1_867' title='bbox 2166 5493 2349 5562; x_wconf 84' lang='lat' dir='ltr'><strong>:Quid</strong></span> <span class='ocrx_word' id='word_1_868' title='bbox 2393 5498 2544 5567; x_wconf 83' lang='lat' dir='ltr'><strong>agis,</strong></span> <span class='ocrx_word' id='word_1_869' title='bbox 2592 5512 2628 5555; x_wconf 86' lang='grc' dir='ltr'><strong>ο</strong></span> <span class='ocrx_word' id='word_1_870' title='bbox 2676 5500 2816 5559; x_wconf 89' lang='lat' dir='ltr'><strong>bone</strong></span> <span class='ocrx_word' id='word_1_871' title='bbox 2856 5505 2959 5573; x_wconf 88' lang='lat' dir='ltr'><strong>vir,</strong></span> <span class='ocrx_word' id='word_1_872' title='bbox 3008 5523 3128 5564; x_wconf 85' lang='lat' dir='ltr'><strong>cum</strong></span> <span class='ocrx_word' id='word_1_873' title='bbox 3179 5513 3443 5570; x_wconf 85' lang='lat' dir='ltr'><strong>adversus</strong></span> 
     </span>
    </p>
   </div>
   <div class='ocr_carea' id='block_1_117' title="bbox 1874 5584 3445 5675">
    <p class='ocr_par' dir='ltr' id='par_1_117' title="bbox 1874 5584 3445 5675">
     <span class='ocr_line' id='line_1_117' title="bbox 1874 5584 3445 5675; baseline 0.014 -35"><span class='ocrx_word' id='word_1_874' title='bbox 1874 5594 2093 5640; x_wconf 79' lang='lat' dir='ltr'><strong>sanctos</strong></span> <span class='ocrx_word' id='word_1_875' title='bbox 2132 5585 2279 5642; x_wconf 84' lang='lat' dir='ltr'><strong>viros</strong></span> <span class='ocrx_word' id='word_1_876' title='bbox 2325 5584 2607 5645; x_wconf 75' lang='lat' dir='ltr'><strong>eﬂ&#39;eratam</strong></span> <span class='ocrx_word' id='word_1_877' title='bbox 2666 5590 2903 5665; x_wconf 84' lang='lat' dir='ltr'><strong>linguam</strong></span> <span class='ocrx_word' id='word_1_878' title='bbox 2956 5599 3200 5670; x_wconf 87' lang='lat' dir='ltr'><strong>emittis,</strong></span> <span class='ocrx_word' id='word_1_879' title='bbox 3243 5606 3445 5675; x_wconf 80' lang='lat' dir='ltr'><strong>quibus</strong></span> 
     </span>
    </p>
   </div>
   <div class='ocr_carea' id='block_1_118' title="bbox 229 5654 1818 5756">
    <p class='ocr_par' dir='ltr' id='par_1_118' title="bbox 229 5654 1768 5747">
     <span class='ocr_line' id='line_1_118' title="bbox 229 5654 1768 5747; baseline 0.027 -42"><span class='ocrx_word' id='word_1_880' title='bbox 229 5654 386 5710; x_wconf 70' lang='grc' dir='ltr'>αὒτοῦ</span> <span class='ocrx_word' id='word_1_881' title='bbox 424 5662 508 5716; x_wconf 83' lang='grc' dir='ltr'><strong>τοῦ</strong></span> <span class='ocrx_word' id='word_1_882' title='bbox 553 5667 764 5726; x_wconf 83' lang='grc' dir='ltr'>πάντων</span> <span class='ocrx_word' id='word_1_883' title='bbox 813 5672 969 5744; x_wconf 79' lang='grc' dir='ltr'>ἡμῶν</span> <span class='ocrx_word' id='word_1_884' title='bbox 1278 5674 1551 5747; x_wconf 74' lang='grc' dir='ltr'>Χριστοῦτ</span> <span class='ocrx_word' id='word_1_885' title='bbox 1606 5694 1624 5728; x_wconf 72' lang='grc'><em>⁸</em></span> <span class='ocrx_word' id='word_1_886' title='bbox 1654 5676 1768 5747; x_wconf 71' lang='grc' dir='ltr'><strong>οὐχ</strong></span> 
     </span>
    </p>
   </div>
   <div class='ocr_carea' id='block_1_119' title="bbox 1919 5654 3443 5756">
    <p class='ocr_par' dir='ltr' id='par_1_119' title="bbox 1919 5654 3443 5756">
     <span class='ocr_line' id='line_1_119' title="bbox 1919 5654 3443 5756; baseline 0.016 -25"><span class='ocrx_word' id='word_1_887' title='bbox 1919 5683 2012 5733; x_wconf 68' lang='lat' dir='ltr'><strong>iste</strong></span> <span class='ocrx_word' id='word_1_888' title='bbox 2043 5677 2111 5734; x_wconf 84' lang='lat' dir='ltr'><strong>ab</strong></span> <span class='ocrx_word' id='word_1_889' title='bbox 2149 5676 2268 5747; x_wconf 87' lang='lat' dir='ltr'><strong>ipso</strong></span> <span class='ocrx_word' id='word_1_890' title='bbox 2308 5679 2547 5737; x_wconf 89' lang='lat' dir='ltr'><strong>omnium</strong></span> <span class='ocrx_word' id='word_1_891' title='bbox 2607 5654 2854 5746; x_wconf 68' lang='lat' dir='ltr'><strong>nostrum</strong></span> <span class='ocrx_word' id='word_1_892' title='bbox 2900 5690 3181 5751; x_wconf 80' lang='lat' dir='ltr'><strong>Salvatore</strong></span> <span class='ocrx_word' id='word_1_893' title='bbox 3224 5654 3443 5756; x_wconf 53' lang='lat' dir='ltr'><strong>Christo</strong></span> 
     </span>
    </p>
   </div>
  </div>
