4004 6202
462 254 528 308 4³7
656 252 661 258 ’
1427 238 1503 295 -S.
1543 235 1817 292 Ct'RlLLl
1858 232 2334 291 ALEXANDINNI
2369 232 2693 290 ARCHIEP.
3640 237 3708 292 ιδ

454 370 569 425 dici
596 374 774 439 potest
803 380 818 421 ;
848 383 866 418 ι
897 365 1011 420 Non
1038 362 1169 419 estis
1196 376 1287 418 vos
1314 360 1403 431 qui
1433 358 1745 430 loquimini,
1777 359 1868 412 sed
1900 356 2024 425 Spi-

2130 356 2283 427 ὑμεῖς
2315 358 2439 409 ἐστε
2452 356 2521 439 ..σί
2546 354 2857 423 λαλοῦντες,
2884 357 3017 412 ἀλλὰ
3045 358 3106 413 τὸ
3128 357 3351 430 Πνεῦμα
3375 357 3468 412 τοῦ
3491 354 3705 428 Πατρός

462 464 597 516 ritus
629 459 808 515 Patris
836 456 1001 511 vestri
1035 454 1124 524 qui
1160 454 1396 523 loquitur
1434 455 1486 505 in
1528 448 1740 505 vobis“
1766 450 1789 502 ?
1820 468 1838 501 ι
1881 448 2022 515 Quid

458 551 600 606 enim
631 557 714 603 est
753 547 819 601 ab
845 545 950 600 illis
973 553 1302 614 perceptum,
1333 540 1473 611 quod
1519 554 1624 594 non
1660 539 1743 592 vel
1789 537 2025 592 maxime

458 637 759 694 admirabili
814 636 1114 693 subtilitate
1143 632 1304 687 fuerit
1360 630 1689 700 expolitum?
1745 630 2021 699 quodnam

456 735 649 800 dogma
669 727 1029 781 necessarium
1052 721 1513 793 praetermissum?
1544 721 1733 790 quisve
1753 718 2023 774 cautionis

458 810 649 869 inodus
695 812 1005 882 neglectus?
1057 809 1197 882 [Non
1246 810 1360 863 ausi
1409 818 1574 873 sunt,
1611 808 1825 876 inquit,
1883 807 2023 861 inter

460 908 579 961 ﬁdei
617 904 925 959 sententias
946 916 1169 972 ponere,
1212 901 1376 954 Deum
1401 898 1637 953 Verbum
1670 913 1788 953 esse
1813 913 1877 952 ex
1915 896 2025 952 Ma-

460 999 539 1050 ria
574 993 864 1067 genitum.]
907 994 1078 1062 Igitur
1119 993 1164 1047 si
1217 990 1317 1045 bac
1362 992 1429 1046 de
1461 1005 1623 1045 causa
1669 990 1900 1060 majores
1930 1004 2025 1044 no-

457 1100 601 1145 stros
656 1102 897 1152 accusas,
951 1096 1007 1141 et
1053 1095 1106 1141 te
1161 1098 1302 1153 aegre
1354 1081 1497 1138 ferre
1551 1082 1688 1136 dicis
1732 1083 1876 1151 quod
1914 1096 2024 1135 non

460 1180 647 1234 iisdem
671 1193 917 1247 prorsus,
955 1175 1152 1246 quibus
1183 1183 1260 1237 tu,
1287 1173 1510 1227 vocibus
1543 1173 1626 1226 usi
1657 1182 1801 1234 sunt,
1834 1179 2022 1236 restat,

460 1282 515 1324 nt
548 1270 706 1324 simul
739 1270 882 1339 ipsos
926 1281 1142 1337 quoque
1171 1272 1389 1320 sanctos
1415 1262 1686 1333 apostolos
1715 1272 1770 1317 et
1795 1275 2025 1327 evange-

459 1361 608 1414 lislas
656 1360 963 1412 crimineris
1015 1373 1030 1410 :
1074 1356 1163 1425 qui
1214 1370 1336 1409 cum
1379 1354 1445 1408 de
1501 1352 1706 1411 Christi
1764 1352 2024 1423 mysterio

460 1450 623 1501 libros
655 1444 1097 1515 conscripserint,
1147 1456 1240 1498 eos
1288 1443 1392 1498 tuis
1428 1441 1649 1496 vocibus
1690 1442 1757 1495 ad
1799 1440 2022 1495 verbum

458 1551 585 1592 usos
617 1537 801 1605 utique
834 1550 994 1589 nemo
1021 1534 1189 1604 possit
1211 1532 1520 1595 ostendere.
1541 1531 1728 1600 Igitur,
1750 1530 1796 1583 si
1825 1530 2021 1599 placet,

461 1629 613 1682 mitte
639 1628 773 1691 hinc,
806 1634 863 1679 ut
906 1665 922 1679 .
966 1664 980 1679 .
1027 1667 1041 1682 .
1081 1663 1099 1679 .
1143 1662 1159 1678 .
1202 1662 1217 1677 .
1255 1632 1307 1678 et
1335 1623 1619 1678 considera
1648 1622 1827 1690 potius
1856 1620 2024 1689 ipsius

2130 448 2285 518 ὑμῶν
2328 450 2386 501 τὸ
2414 430 2608 501 λαλοῦν
2639 450 2696 501 ὲν
2732 449 2896 519 ὑμῖν;
2926 468 2944 500 ι
2986 450 3052 504 Τί
3077 451 3187 522 γὰρ
3218 451 3280 504 ού
3315 449 3560 521 νενόηται
3593 447 3704 501 τῶν

2130 537 2250 591 λίαν
2273 538 2654 609 ἐπεξεσμένων
2682 540 2761 602 εἰς
2792 541 3079 611 ἰσχνότητα
3097 541 3194 612 τὴν
3214 540 3703 611 τεθαυμασμένην;

2131 628 2184 681 τί
2209 628 2318 683 τῶν
2356 628 2667 697 ἀναγκαίων
2700 630 2990 700 παρῶπται
3015 632 3379 705 δογμάτων,ἢ
3414 637 3562 696 ποῖος
3607 633 3704 685 αύ-

2130 722 2244 782 τοῖς
2269 719 2571 788 ἀσφαλείας
2599 720 2874 790 ἠμέληται
2906 723 3133 793 τρόπος;
3187 722 3284 795 [ού
3318 723 3706 793 τετολμήκασι,

2131 813 2284 884 φησὶ,
2309 816 2420 877 τοῖς
2448 813 2578 885 περὶ
2605 814 2704 884 τῆς
2734 814 2970 878 πίστεως
2995 816 3226 868 ἐνθεῖναι
3249 814 3449 883 λόγοις,
3472 815 3554 866 ὅτι
3576 812 3709 873 Θεὸς

2129 905 2302 971 Λόγος
2327 906 2392 957 ὲκ
2420 904 2642 975 Μαρίας
2664 903 2977 976 ὲγεννήθη,]
3011 904 3216 956 Οὐκοῦν
3243 905 3290 957 εἱ
3316 903 3519 972 ταύτης
3547 901 3710 953 ἓνεκα

2128 993 2227 1063 τῆς
2262 993 2442 1056 αἰτίας
2484 994 2611 1056 τοὺς
2651 992 2756 1063 πρὸ
2796 992 2954 1062 ἡμῶν
2980 993 3269 1060 γεγονότας
3306 994 3469 1061 αἰτιᾷ.
3505 991 3597 1043 καὶ
3626 988 3713 1040 λε-

2128 1080 2404 1159 λυπῆσθαι
2450 1082 2580 1153 φὴς,
2615 1082 2696 1135 ότι
2747 1082 2820 1152 μὴ
2859 1079 3294 1152 ἀπαραλλάκτως
3319 1082 3440 1141 ταῖς
3473 1077 3593 1139 σαῖς
3623 1073 3711 1127 sii-

2132 1189 2324 1244 ρηνται
2356 1172 2683 1243 κεχρημένοι
2721 1173 2946 1240 φωναῖς,
2977 1171 3095 1241 ὢρα
3123 1172 3263 1240 τάχα
3302 1186 3405 1223 που
3438 1164 3711 1220 συναιτιᾶ-

2110 1262 2255 1315 ’σθαι
2298 1261 2394 1316 καὶ
2435 1263 2633 1326 αὐτοὺς
2660 1261 2787 1325 τοὺς
2814 1261 3005 1330 ἁγίους
3036 1261 3368 1321 ἀποστόλους
3414 1258 3508 1311 καὶ
3548 1258 3709 1325 εὐαγ-

2129 1352 2414 1420 γελιστάς·
2465 1352 2880 1424 συγγεγράφασι
2931 1352 3029 1422 μὲν
3076 1352 3184 1421 γὰρ
3216 1353 3317 1420 τῆς
3350 1350 3441 1404 ἐπὶ
3488 1346 3707 1421 Χριστῷ

2116 1444 2523 1514 ’μυσταγωγίας
2570 1445 2669 1508 τὰς
2721 1443 2970 1514 βίϐλους’
3016 1441 3292 1507 αύτολεξεὶ
3332 1442 3388 1495 δὲ
3421 1443 3538 1504 ταῖς
3588 1443 3709 1503 σαῖς

2129 1536 2229 1588 οὐκ
2261 1534 2327 1588 ἂν
2354 1534 2641 1599 ὲπιδείξειέ
2688 1554 2773 1600 τις
2817 1536 3195 1607 χρησαμένους
3243 1532 3630 1622 φωναῖς.Ἀλλ⁹
3658 1531 3715 1587 εἴ

2134 1643 2215 1679 σοι
2243 1626 2410 1693 δοκεῖ,
2441 1627 2594 1680 τουτὶ
2634 1628 2734 1697 μὲν
2765 1630 2961 1700 πάρες,
2988 1628 3063 1692 ὡς
3092 1627 3312 1699 [λείπει
3345 1644 3400 1680 τι
3426 1625 3446 1699 ]
3478 1627 3631 1697 ἄθρει
3652 1624 3708 1677 δὲ

460 1718 535 1771 rei
574 1718 843 1771 rationem
889 1715 958 1769 ab
992 1714 1098 1768 illis
1128 1713 1470 1782 explicatam.
1527 1711 1776 1781 Exigitur
1808 1710 1956 1764 enim
1992 1724 2021 1762 a

2130 1717 2331 1788 μᾶλλον
2364 1718 2463 1787 τὴν
2491 1718 2584 1772 τοῦ
2618 1719 2946 1791 πράγματος
2973 1719 3203 1790 δήλωσιν
3234 1718 3378 1788 μάλα
3408 1714 3709 1785 πεποιημέ-

460 1811 617 1864 nobis
648 1810 780 1863 fides
812 1808 866 1861 in
912 1814 1156 1863 sanctam
1189 1813 1242 1859 et
1286 1802 1808 1858 consubstantialem
1847 1799 2027 1854 Trini-

461 1914 647 1958 tatem.
696 1902 840 1973 Ergo
888 1915 1009 1955 cum
1063 1900 1333 1953 fateantur
1377 1894 1601 1951 credere
1645 1908 1704 1946 se
1753 1894 1805 1946 in
1861 1908 2023 1946 unum

459 1994 625 2047 Deum
656 1992 867 2045 Patrem
905 1988 1349 2058 omnipotentem,
1375 1986 1616 2039 omnium
1650 1982 1942 2036 visibilium
1973 1991 2027 2036 et

459 2081 806 2136 invisibilium
832 2075 1117 2141 factorem,
1147 2085 1202 2130 et
1239 2075 1292 2129 in
1326 2089 1488 2127 unum
1523 2072 1807 2125 Dominum
1841 2069 2024 2124 Jesum

403 2156 413 2166 ’
455 2172 726 2225 Christum
760 2168 954 2222 Filium
980 2166 1127 2234 ejus;
1176 2178 1350 2233 neque
1385 2162 1522 2215 alter
1549 2162 1644 2223 sit,
1676 2168 1735 2214 ut
1776 2175 1874 2214 nos
1900 2175 2025 2213 cre-

457 2265 653 2326 dimus,
685 2259 840 2314 Jcsus
872 2260 1117 2314 Christus
1151 2256 1407 2309 Dominus
1437 2262 1631 2321 praeter
1664 2250 1813 2304 illum
1858 2264 2023 2303 unum

455 2366 509 2407 et
541 2352 831 2409 secundum
864 2360 1110 2405 naturam
1151 2362 1213 2401 ac
1241 2362 1369 2401 vere
1400 2344 1594 2399 Filium
1626 2358 1691 2398 ex
1735 2342 1846 2396 Deo
1871 2342 2023 2412 geni-

458 2458 590 2507 tum,
643 2457 871 2510 cumque
918 2440 1047 2493 illud
1102 2439 1244 2505 quod
1293 2445 1410 2491 erat
1458 2435 1599 2490 Deus
1649 2433 1907 2499 Verbum,
1955 2434 2027 2489 sit

456 2537 617 2589 homo
658 2532 855 2587 factum
905 2544 1000 2600 per
1047 2528 1191 2581 illam
1240 2524 1428 2595 procul
1469 2524 1636 2578 dubio
1685 2536 1753 2577 ex
1803 2521 2027 2577 muliere

456 2625 892 2694 generationem:
918 2618 1027 2692 24.
1054 2620 1146 2691 qui
1176 2618 1289 2671 ﬁeri
1321 2624 1517 2686 potest,
1540 2625 1598 2669 ut
1622 2614 1710 2683 qui
1740 2613 2025 2683 diSpensa-

457 2721 655 2773 tionem
697 2717 1014 2786 prmdicant,
1062 2712 1229 2781 ipsius
1263 2710 1428 2764 etiam
1457 2723 1524 2763 ex
1577 2706 1804 2762 muliere
1831 2702 2029 2760 nativi-

459 2818 620 2861 tatem
650 2807 941 2862 secundum
978 2816 1194 2858 carnem
1229 2800 1407 2869 eloqui
1441 2814 1548 2852 non
1580 2796 1867 2852 manifeste
1896 2811 2028 2851 con-

456 2894 783 2951 vineantur?
829 2893 980 2947 Tunc
1025 2894 1172 2947 enim
1231 2890 1361 2944 illud
1410 2889 1642 2943 Verbum
1693 2884 1837 2958 quod
1886 2886 2026 2943 Deus

454 2997 594 3052 erat,
614 2999 671 3042 et
700 2986 789 3040 ille
818 2984 987 3040 Filius
1010 2985 1104 3054 qui
1126 2989 1244 3037 erat
1267 2980 1557 3051 sapientia,
1587 2988 1642 3034 et
1666 2980 1801 3045 vita,
1831 2988 1886 3034 et
1908 2978 2025 3045 lux,

2127 1826 2271 1872 νους.
2300 1810 2611 1880 ΙΙρὰττεται
2644 1811 2744 1882 μὲν
2768 1812 2877 1883 γὰρ
2900 1811 3035 1880 πρὸς
3061 1809 3217 1881 ἡμῶν
3243 1812 3276 1881 ἠ
3302 1809 3483 1871 πίστις
3508 1810 3585 1870 είς
3610 1805 3708 1877 τὴν

2128 1900 2289 1967 ἁγίαν
2316 1901 2408 1952 καὶ
2423 1900 2705 1970 όμοούσιον
2726 1903 2948 1972 Τριάδα.
2968 1901 3259 1972 Ἐπειδὴ·δὲ
3279 1918 3410 1968 φασι
3431 1899 3709 1952 πιστεύειν

2126 1991 2206 2053 εἰς
2233 1988 2327 2042 ἕνα
2354 1990 2508 2054 Θεὸν,
2536 1993 2752 2064 Πατέρα
2784 1994 3217 2065 παντοκράτορα,
3251 1992 3467 2045 πάντων
3492 1988 3707 2059 ὁρατῶν

2125 2096 2186 2133 τε
2222 2080 2314 2133 καὶ
2347 2081 2595 2152 ἀοράτων
2626 2084 2854 2154 ποιητήν
2874 2100 2887 2111 ·
2922 2085 3016 2138 καὶ
3045 2085 3123 2145 είς
3144 2084 3239 2136 ’ἐνα
3262 2081 3466 2153 Κύριον
3498 2079 3706 2149 Ἰησοῦν

2126 2170 2365 2241 Χριστὸν
2399 2172 2491 2224 τὸν
2524 2172 2653 2224 Υἱὸν
2687 2173 2882 2227 αύτοῦο
2933 2175 3032 2244 οὐχ
3081 2175 3267 2245 ἕτερος
3310 2173 3366 2226 δὲ
3416 2172 3536 2225 καθ’
3561 2173 3708 2243 ἡμᾶς

2140 2260 2345 2331 Ἰησοῦς
2382 2263 2617 2332 Χριστὸς
2648 2263 2851 2336 Κύριος
2885 2265 3036 2336 παρὰ
3060 2265 3151 2317 τὸν
3178 2265 3272 2317 ἕνα
3294 2264 3388 2317 καὶ
3413 2262 3592 2331 φύσει,
3614 2263 3706 2315 καὶ

2127 2352 2341 2421 ἀληθῶς
2374 2353 2502 2407 Υίόν
2523 2371 2537 2384 ο
2587 2354 2646 2417 ὃς
2694 2357 2760 2409 ἐκ
2792 2356 2925 2409 Θεοῦ
2964 2355 3242 2427 πεφηνὼς,
3273 2356 3368 2409 καὶ
3407 2355 3539 2419 Θεὸς
3571 2354 3647 2409 ὢν
3679 2355 3707 2407 ό

2126 2443 2317 2512 Λόγος,
2344 2444 2570 2513 γέγονεν
2604 2446 2909 2527 ἄνθρωπος,
2934 2448 3022 2501 διὰ
3053 2449 3357 2518 γεννήσεως
3383 2449 3438 2502 δὲ
3467 2446 3707 2516 δηλονότι

2125 2533 2224 2602 τῆς
2271 2534 2335 2585 ἐκ
2367 2533 2645 2601 γυναικὸς,
2682 2535 2805 2588 τίνα
2834 2536 3033 2606 τρόπον
3072 2538 3121 2588 οἱ
3153 2536 3243 2590 τὸν
3270 2537 3369 2606 τῆς
3396 2536 3706 2606 οίκονομίας

2125 2625 2489 2694 κηρύττοντες
2517 2626 2695 2694 λόγον,
2723 2628 2822 2682 οὐκ
2871 2628 2936 2682 ἂν
2970 2629 3146 2683 ἁλοῖεν
3184 2624 3346 2681 αὐτοῦ
3391 2628 3488 2698 τὴν
3515 2630 3578 2682 ἐκ
3604 2646 3707 2698 γυ-

2126 2714 2314 2775 ναικὸς
2339 2713 2481 2766 κατὰ
2512 2714 2693 2785 σάρκα
2724 2714 3009 2779 λαλοῦντες
3036 2716 3317 2785 γέννησινς
3341 2716 3474 2770 Τότε
3502 2718 3611 2789 γὰρ
3641 2719 3710 2786 δὴ

2128 2803 2364 2873 Χριστὸς
2397 2802 2600 2874 Ἰησοῦς
2635 2803 2970 2873 ὠνόμασται,
3012 2804 3143 2869 Θεὸς
3184 2804 3259 2860 ὢν
3301 2807 3329 2858 ό
3376 2807 3569 2876 Λόγος,
3614 2811 3710 2862 καὶ

2132 2893 2314 2962 σοφία,
2341 2893 2436 2945 καὶ
2463 2891 2598 2962 ζωὴ.
2643 2893 2736 2946 καὶ
2766 2893 2899 2961 φῶς,
2931 2893 2960 2944 ό
2987 2894 3134 2958 Υίός.
3169 2895 3438 2966 Πρόδηλον
3472 2891 3590 2963 οὖν,
3625 2896 3710 2950 ὅτι

2127 2983 2229 3053 τῆς
2274 2981 2488 3037 τοιᾶσδε
2523 2982 2768 3053 κλήσεως
2795 2985 2823 3036 ό
2853 2984 3045 3056 καιρὸς
3076 2986 3562 3059 συνειστρέχουσαν
3597 2987 3711 3059 ἔχει

456 3079 756 3150 appellatus
783 3086 864 3133 est
901 3073 1061 3131 Jesus
1097 3073 1370 3129 Christus.
1398 3071 1759 3141 Perspicuum
1807 3080 1890 3125 est
1923 3069 2026 3141 igi-

2130 3073 2226 3143 τὴν
2258 3071 2537 3142 γέννησιν,
2571 3070 2670 3142 τὴν
2700 3071 2789 3126 διά
2815 3073 2881 3139 γέ
2911 3090 3053 3144 φημι
3078 3077 3179 3146 τῆς
3206 3075 3366 3144 ἁγίας
3404 3076 3704 3148 Παρθένου.

457 3184 564 3237 tur,
591 3171 737 3225 illam
767 3183 834 3224 ex
856 3176 1041 3222 sancta
1067 3163 1286 3231 Virgine
1317 3163 1653 3216 nativitatem
1677 3162 1864 3217 eodem
1896 3171 2028 3216 tem-

455 3277 588 3334 pore
631 3276 752 3315 cum
797 3255 1060 3327 ejusmodi
1097 3254 1459 3324 appellatione
1492 3254 1857 3309 concurrisse.
1895 3253 2029 3310 Cre-

458 3351 635 3408 uendo
665 3358 845 3404 autem
877 3348 931 3402 in
959 3346 1239 3401 Cbrituum
1265 3345 1471 3409 .lesum,
1509 3343 1562 3398 in
1593 3345 1744 3399 illum
1775 3360 1943 3399 unum
1974 3351 2028 3400 et

456 3454 649 3498 natura
685 3449 740 3496 et
764 3454 895 3494 vere
928 3437 1123 3492 Filium
1167 3451 1265 3492 nos
1294 3437 1535 3501 credere,
1569 3438 1695 3492 dum
1739 3437 1853 3492 haec
1896 3436 2028 3492 lides

457 3552 556 3606 per
582 3537 756 3605 ipsum
785 3532 1018 3587 recurrit
1045 3529 1099 3583 in
1121 3528 1358 3595 Patrem,
1388 3530 1590 3583 clarum
1615 3529 1673 3584 lit
1702 3545 1768 3585 ex
1795 3544 1860 3584 eo
1883 3529 2027 3600 quod

460 3633 574 3696 ipse
604 3628 856 3681 universo
890 3632 1157 3679 terrarum
1188 3622 1303 3677 orbi
1342 3622 1641 3693 proclamat
1672 3642 1685 3677 :
1716 3642 1735 3674 ι
1768 3625 1868 3691 Qui
1908 3638 2030 3678 cre-

459 3722 537 3775 dit
563 3720 617 3774 in
664 3734 771 3782 me,
799 3732 903 3772 non
932 3717 984 3770 in
1017 3730 1102 3769 me
1131 3715 1326 3781 credit,
1364 3716 1456 3770 sed
1502 3716 1553 3769 in
1600 3730 1724 3769 eum
1757 3716 1849 3785 qui
1883 3715 2030 3770 misit

459 3826 547 3866 me
567 3812 646 3877 ";
679 3830 699 3864 ι
735 3818 789 3864 et
825 3826 838 3863 :
872 3828 890 3861 ι
924 3808 1024 3875 Qui
1061 3808 1209 3862 videt
1243 3823 1349 3871 me,
1394 3808 1537 3861 videt
1570 3822 1691 3861 eum
1735 3809 1827 3877 qui
1881 3807 2029 3861 misit

459 3919 547 3959 me
563 3904 644 3969 υς
676 3922 696 3955 ι
733 3913 785 3958 et
835 3918 1023 3957 rursus
1053 3917 1067 3955 :
1099 3921 1122 3955 ι
1152 3902 1387 3957 Creditis
1423 3902 1474 3954 in
1514 3899 1705 3966 Deum,
1744 3910 1797 3956 et
1844 3901 1895 3955 in
1942 3913 2030 3954 me

458 3998 665 4052 credite
690 3995 765 4067 (4)
792 3995 857 4050 ⁸⁸.
886 4013 906 4047 ι
938 3994 1122 4066 Neque
1155 3996 1297 4052 enim
1349 3995 1534 4064 utique
1579 3994 1893 4058 asserimus,
1926 3992 2030 4047 du-

461 4089 650 4157 plicem
699 4089 848 4143 illum
907 4103 938 4142 a
997 4088 1151 4142 nobis
1206 4086 1362 4141 ﬁdem
1412 4088 1665 4156 exigere;
1721 4087 1813 4140 sed
1848 4085 2031 4153 potius

460 4186 674 4241 docere,
712 4179 957 4248 quisquis
992 4179 1147 4230 tidem
1190 4179 1242 4229 iu
1270 4192 1391 4229 eum
1434 4177 1755 4243 susceperit,
1793 4174 1937 4227 illum
1976 4173 2028 4227 iu

459 4272 632 4338 ipsum
665 4267 880 4321 Patrem
933 4267 1178 4321 eredere.
1226 4266 1331 4319 Sed
1369 4267 1516 4334 quia,
1564 4274 1623 4317 ut
1666 4265 1816 4318 illum
1853 4262 2031 4318 facere

352 4434 357 4435 γ
462 4357 1008 4428 parerat,uominum
1032 4355 1456 4424 mquivocatione
1485 4355 1645 4424 paulo
1675 4365 1795 4425 post
1826 4364 2026 4421 utetur,

2127 3164 2249 3219 Ὅτι
2282 3164 2632 3228 πιστεύοντες
2664 3164 2774 3237 [ῑσ.
2803 3152 2884 3218 ότι
2904 3165 2959 3219 δὲ
2980 3167 3349 3239 πιστεύοντες]
3371 3171 3449 3233 είς
3480 3170 3710 3241 Χριστὸν

2136 3255 2371 3327 Ἰησοῦν,
2406 3256 2489 3319 είς
2527 3255 2618 3311 τὸν
2661 3256 2757 3309 ἕνα
2811 3258 2907 3310 καὶ
2952 3256 3112 3325 φύσει
3173 3259 3267 3312 καὶ
3317 3259 3535 3330 ἀληθῶς
3583 3260 3710 3314 Υίὸν

2127 3346 2481 3417 πιστεύομεν,
2513 3346 2893 3419 ἁναφοιτώσης
2916 3347 3017 3419 τῆς
3037 3348 3272 3413 πίστεως
3290 3351 3370 3413 είς
3382 3350 3475 3404 τὸν
3491 3352 3712 3423 Πατέρα

2126 3440 2196 3495 δι’
2230 3441 2421 3505 αὑτοῦ,
2451 3441 2640 3512 σαφῶς
2670 3440 2799 3514 [Ion
2836 3441 3025 3514 σαφὲς]
3059 3443 3126 3496 ἂν
3158 3444 3387 3512 γένοιτο,
3419 3444 3709 3519 διακεκραο

2128 3531 2282 3600 γότος
2317 3530 2483 3584 αὐτοῦ
2510 3531 2588 3603 τῷ
2609 3531 2802 3603 κόσμῳ
2830 3532 2991 3585 παντί
3013 3547 3024 3560 ·
3061 3551 3079 3584 ι
3102 3532 3158 3585 ’0
3185 3532 3454 3586 πιστεύων
3479 3536 3557 3597 εἰς
3582 3535 3705 3606 ἐμὲ,

2128 3624 2189 3676 οὐ
2226 3623 2474 3677 πιστεύει
2524 3623 2605 3686 είς
2653 3623 2776 3693 ἐμὲ,
2805 3623 2916 3676 ἀλλ’
2948 3625 3028 3686 είς
3076 3624 3166 3677 τὸν
3215 3624 3510 3695 πέμψαντά
3555 3643 3646 3696 με·
3685 3644 3705 3679 ι

2133 3715 2250 3781 καὶ,
2293 3732 2313 3766 ι
2338 3715 2395 3767 Ὀ
2441 3712 2661 3784 θεωρῶν
2709 3713 2833 3785 ἐμὲ,
2862 3712 3060 3784 θεωρεῖ
3102 3714 3197 3769 τὸν
3236 3716 3531 3787 πέμψαντὰ
3565 3733 3654 3788 με’
3686 3737 3706 3772 ι

2130 3807 2227 3861 καὶ
2273 3805 2456 3873 πάλιν,
2502 3824 2522 3858 ι
2552 3805 2845 3860 Πιστεύετε
2891 3808 2972 3871 εἰς
3012 3808 3104 3861 τὸν
3146 3808 3300 3872 Θεὸν,
3338 3809 3434 3864 καὶ
3481 3812 3563 3875 είς
3610 3811 3714 3883 ἐμὲ

2130 3899 2431 3954 πιστεύετε.
2466 3917 2485 3952 ι
2525 3899 2635 3952 Καὶ
2676 3899 2735 3953 οὐ
2780 3899 2843 3971 δή
2887 3900 2988 3954 πού
3033 3917 3238 3972 φαμεν,
3271 3901 3346 3966 ὡς
3375 3902 3468 3955 δύο
3500 3902 3713 3966 πίστεις

2130 3992 2269 4064 πρὸς
2300 3992 2460 4064 ἡμῶν
2490 3992 2663 4045 αἰτεῖ·
2699 3991 2941 4047 διδάσκει
2967 3993 3023 4048 δὲ
3052 3994 3272 4064 μᾶλλον,
3303 3994 3378 4058 ὡς
3411 3995 3464 4049 εί
3487 4012 3571 4057 τις
3604 3997 3714 4048 είσ-

2130 4084 2345 4150 δέξαιτο
2383 4084 2482 4155 τὴν
2527 4086 2607 4147 είς
2637 4084 2799 4137 αὑτὸν
2829 4086 3033 4149 πίστιν,
3063 4087 3215 4158 αύτῷ
3261 4088 3591 4142 πεπίστευκε
3637 4087 3715 4159 τῷ

2134 4176 2332 4245 Πατρί.
2354 4174 2570 4245 Ἐπειδὴ
2619 4173 2677 4225 δὲ
2725 4176 2867 4228 κατὰ
2912 4176 2975 4228 τὸ
3016 4177 3164 4238 εἰκὸς
3200 4180 3265 4246 τῇ
3298 4177 3406 4229 τῶν
3433 4177 3714 4248 ὀνομάτων

2126 4263 2423 4333 ὁμωνυμίᾳ
2448 4262 2798 4332 κεοχρήσεται,
2838 4264 2993 4318 κοινὰ
3016 4264 3188 4333 λέγων
3213 4261 3354 4318 εἶναι
3383 4267 3444 4318 τό
3476 4284 3536 4319 τε
3575 4269 3711 4339 Χρι-

2133 4355 2278 4417 στὸς,
2303 4353 2399 4405 καὶ
2437 4352 2499 4405 τὸ
2543 4351 2772 4423 Κύριος,
2809 4355 2901 4406 καὶ
2933 4355 3039 4425 μὴν
3079 4359 3173 4409 καὶ
3208 4356 3354 4422 Υἱὸς,
3393 4358 3624 4429 πρέπειν
3653 4376 3713 4412 τε

464 4453 764 4506 rommunia
792 4464 912 4503 esse
945 4449 1129 4503 dicens
1157 4455 1211 4502 et
1240 4446 1437 4502 Christi
1468 4462 1683 4517 nomen,
1708 4458 1761 4502 et
1794 4445 2024 4514 Domini,

2134 4444 2274 4499 αὐτά
2306 4420 2762 4498 διαϐεϐαιώσεται
2787 4445 2865 4516 τῷ
2891 4420 2954 4498 ἐκ
2981 4420 3195 4516 Πατρδς
3224 4420 3382 4516 φύντι
3411 4420 3590 4519 Λόγῳ,
3610 4448 3714 4502 κᾶν

458 4556 621 4616 atque
684 4544 846 4598 etiam
898 4539 1056 4609 Filii,
1114 4555 1287 4610 eaque
1342 4542 1634 4596 conVenire
1691 4540 2032 4596 conﬁrmabit

460 4639 637 4693 Verbo
672 4636 744 4690 illi
777 4650 843 4689 ex
879 4632 1042 4688 Patre
1082 4633 1285 4704 genito,
1314 4633 1480 4689 etiam
1514 4632 1559 4687 si
1591 4633 1740 4688 solus
1780 4632 2029 4688 conside«

456 4741 609 4784 retur
644 4731 881 4783 nondum
930 4735 1209 4795 assumpta
1251 4738 1441 4790 carne,
1480 4738 1694 4780 necnon
1738 4725 1902 4778 etiam
1954 4722 2029 4777 illi

458 4820 660 4889 templo
700 4833 769 4873 ex
804 4814 1023 4886 Virgine
1067 4826 1226 4883 nato;
1258 4824 1314 4871 et
1352 4814 1509 4885 quia,
1555 4823 1613 4868 ut
1650 4824 1813 4885 puto,
1852 4813 1936 4869 his
1963 4813 2031 4868 de

461 4914 622 4968 rebus
650 4910 939 4980 disputatio
977 4908 1330 4979 inquisitione
1365 4922 1559 4978 magna
1594 4908 1821 4978 indiget,
1848 4921 1914 4963 ea
1958 4906 2027 4961 ad

459 5018 696 5073 prasens
740 5011 1039 5072 opportune
1078 5002 1133 5059 in
1182 5008 1393 5071 tempus
1428 5001 1767 5056 commodius
1800 4999 2030 5071 rejects,

2132 4538 2182 4590 ei
2230 4538 2404 4590 νοοῖτο
2458 4535 2638 4604 μόνος,
2676 4536 2771 4588 καὶ
2820 4536 3020 4609 σαρκὸς
3071 4536 3215 4592 οὕτω
3252 4539 3328 4611 (5)
3376 4539 3712 4613 μεταλαχὼν,

2131 4632 2227 4686 καὶ
2259 4632 2366 4703 μὴν
2394 4635 2471 4704 τῷ
2490 4633 2560 4685 ἐκ
2581 4630 2861 4701 Παρθένου
2888 4630 3045 4701 φύντι
3074 4630 3217 4701 ναῷο
3240 4631 3411 4686 δεῖται
3439 4633 3516 4700 δὲ,
3539 4630 3712 4703 οἶμαι,

2133 4722 2369 4794 βασάνου
2398 4723 2602 4795 πολλῆς
2627 4725 2656 4777 ό
2683 4723 2778 4779 ἐπὶ
2812 4724 3026 4786 τούτοις
3058 4721 3218 4792 λόγος
3237 4738 3250 4752 ο
3289 4724 3370 4787 είς
3398 4724 3609 4796 καιρὸν,
3641 4726 3715 4789 ὼς

2129 4815 2290 4886 ἔφην,
2321 4814 2469 4889 αύτῷ
2499 4817 2781 4885 πρέποντα
2812 4814 3098 4887 χρησίμως
3142 4814 3304 4869 αὑτὸν
3345 4816 3425 4881 είς
3456 4817 3515 4869 τὸ
3544 4819 3716 4890 παρὸν

2133 4906 2479 4979 ἀναθέμενοι,
2511 4908 2595 4978 ἐφ’
2619 4907 2815 4980 ἑτέραν
2844 4908 3012 4979 ἴωμεν
3042 4906 3140 4978 τῆς
3167 4908 3330 4976 ἁγίας
3360 4908 3580 4962 συνόδου
3606 4927 3715 4978 φω·

2138 4998 2254 5071 νην,
2286 5000 2351 5070 ἣν
2375 5000 2558 5054 ούτοσὶ
2585 4999 2959 5073 παρατρέπων
2983 4997 3079 5053 ἐπὶ
3108 4997 3168 5052 τὸ
3194 4998 3344 5069 αὐτῷ
3374 4998 3588 5066 δοκοῦν,
3621 4999 3717 5072 τὴν

532 5186 574 5217 ⁶¹
604 5184 789 5243 Matth.
828 5203 880 5254 κ,
915 5187 1004 5242 20.
1080 5186 1301 5245 “Joan.
1334 5202 1435 5255 im,
1467 5187 1556 5244 ιι.
1636 5188 1862 5245 “Joan.
1889 5205 2004 5259 xiv,
2172 5191 2218 5223 “
2244 5190 2379 5248 ibid.
2422 5194 2473 5248 l.

1739 5348 1897 5404 ΑΝΤ.
1938 5348 2209 5406 AGELLII
2247 5349 2478 5405 NOTAE.

540 5507 611 5579 ξι)
641 5504 753 5579 lloc
785 5504 1146 5579 testimonium
1182 5507 1393 5562 videtur
1419 5506 1656 5579 Cyrinus
1697 5508 1804 5563 alio
1830 5509 2020 5563 ordine

461 5574 789 5650 protulisse:
821 5574 1024 5650 Credite
1062 5578 1117 5650 in
1152 5593 1253 5643 me,
1288 5588 1347 5650 et
1377 5578 1431 5631 in
1465 5574 1636 5650 Deum
1663 5582 1874 5645 credite,
1914 5579 2015 5644 vel,

461 5647 706 5718 Creditis,
741 5662 849 5721 quo
878 5648 1035 5705 modo
1062 5647 1244 5704 citavit
1277 5648 1440 5704 etiam
1465 5647 1557 5704 lib.
1583 5663 1641 5703 II.

2197 5509 2275 5579 (5)
2310 5508 2487 5599 Malim
2517 5509 2717 5599 legere,
2749 5509 2903 5599 οὔπω
2954 5510 3298 5599 μεταλαχών,
3346 5521 3405 5566 ιιι
3453 5512 3590 5568 dixit
3626 5528 3716 5568 su-

2129 5595 2221 5661 pra
2256 5580 2503 5661 pag..2_l,
2539 5580 2694 5661 etiam
2722 5581 2925 5661 σαρκὸς
2957 5580 3065 5635 ’καὶ
3112 5580 3344 5661 αἵματος
3388 5599 3716 5655 κεκοινωνη-

2129 5649 2260 5715 κὼς,
2293 5660 2347 5705 et
2376 5650 2517 5709 infra
2545 5651 2633 5722 46,
2677 5651 2773 5707 καὶ
2794 5649 2966 5706 ὀὔπω
2994 5649 3435 5725 σεσαρκωιιὲνος.
