4012 6212
209 358 283 415 ιο
1000 311 1005 317 ’
1368 364 1738 433 Αυγειιευε
1773 364 2179 427 NESTO‘RIUM
2218 372 2347 427 LIB.
2391 375 2434 431 ι.
2734 346 2743 347 ί
3086 368 3089 369 ⁷
3424 390 3497 450 se

210 478 319 539 τῆς
366 474 634 545 ἀληθεὶας
690 476 1081 544 καταϐιάζεται
1129 482 1376 555 δύναμιν.
1411 488 1549 556 Φησὶ
1581 489 1711 560 γὰρ,
1738 490 1812 543 ὅτε

1924 492 1990 547 ad
2020 492 2243 549 alteram
2271 506 2475 554 sancta:
2503 497 2647 556 illius
2678 504 2873 573 synodi
2899 521 3083 563 vocem
3117 516 3492 581 transeamus,
3518 564 3525 569 .

213 569 568 638 γεγράφασιν
594 571 644 621 οἱ
673 569 935 641 Πατέρεςο
975 572 1339 648 [Πιστεύομεν
1370 581 1450 644 εἰς
1477 582 1575 636 ἕνα
1608 583 1815 653 Κύριον

227 660 445 732 Ἰησοῦν
470 662 733 733 Χριστὸν,
768 667 862 717 τὸν
890 664 1022 719 Υἱδν
1046 667 1139 722 τὸν
1175 673 1459 743 μονογενῆ,
1499 673 1593 727 τὸν
1624 677 1689 729 ἐκ
1717 675 1814 730 τοῦ

217 754 437 824 Πατρός
483 755 846 825 γεννηθέντα,
881 757 975 811 τὸν
1021 760 1305 829 όμοοῦσιον
1351 764 1431 834 τῷ
1480 767 1676 838 Πατρὶ,
1722 768 1816 823 τὸν

218 844 555 899 κατελθόντα
582 846 652 899 δι’
680 849 848 918 ἡμᾶς,
886 849 984 903 καὶ
1017 852 1367 918 σαρκωθὲντα
1396 856 1465 910 ἐκ
1496 858 1814 928 Πνεῦματος

221 935 727 1009 ἀγίου.]Ἐπιφέρει
744 938 1049 1006 δὲτοῦτοις,
1075 944 1167 996 καί
1191 961 1324 1016 φησι
1352 949 1482 1015 περὶ
1508 949 1616 1003 τῶν
1641 951 1814 1020 ἁγίων

226 1029 519 1097 Πατερωνσ
555 1028 1006 1102 [Ὑποκατιόντες
1021 1035 1100 1097 δὲ,
1133 1038 1495 1107 ἑρμηνεῦουσι
1540 1042 1629 1097 τὸν
1658 1044 1814 1096 ἐναν-

227 1122 616 1195 θρωπήσαντα,
648 1125 843 1178 τοῦτον
879 1125 1172 1197 λεγόμενον
1201 1132 1573 1200 σαρκωθέντα,
1604 1134 1665 1187 οὐ
1691 1151 1815 1205 τρο-

230 1217 343 1286 πὴν
372 1217 473 1286 τῆς
512 1217 656 1280 θείας
690 1218 911 1287 φύσεως
941 1220 1317 1292 ὑπομεινὼιης
1348 1226 1428 1288 είς
1459 1227 1560 1297 τὴν
1607 1227 1810 1297 σάρκα,

235 1309 369 1362 ἀλλὰ
409 1310 503 1379 τὴν
546 1310 821 1380 ἐνοίκησιν
848 1311 947 1382 τὴν
976 1313 1058 1375 είς
1090 1311 1422 1388 ἄνθρωπον.]
1442 1319 1529 1371 Ἑν
1553 1318 1812 1391 ἐξηγήσει

231 1401 287 1453 δὲ
320 1400 479 1456 πάλιν
504 1402 604 1473 τῆς
635 1403 807 1474 αὐτῆς
837 1403 1022 1474 ἔχεται
1053 1405 1310 1472 διανοίας,
1335 1411 1426 1463 καὶ
1461 1410 1525 1483 δὴ
1551 1413 1816 1469 καὶοῦτω

231 1491 421 1563 φησίν.

290 1675 736 1749 [Ἦκολοόθησαν
774 1677 853 1749 τῷ
886 1679 1243 1754 εὐαγγελιστῇ
1278 1700 1290 1715 ·
1325 1686 1416 1739 καὶ
1446 1688 1553 1759 γὰρ
1583 1691 1612 1742 ό
1649 1691 1814 1759 εὐαγ-

226 1769 501 1840 γελιστὴς,
531 1770 707 1823 ἐλθὼν
736 1772 815 1834 είς
846 1771 946 1841 τὴν
973 1773 1405 1845 ἐνανθρώπησιν,
1423 1779 1591 1849 ἔφυγε
1620 1781 1812 1853 γέννη-

225 1879 303 1916 σιν
333 1863 527 1916 simia.
562 1864 658 1915 ἐπὶ
690 1862 781 1916 τοῦ
809 1864 949 1917 Θεοῦ
982 1865 1178 1935 Λόγου,
1209 1869 1303 1921 καὶ
1339 1871 1554 1926 τέθεικε
1594 1874 1811 1945 σάρκω-

225 1970 329 2008 σιν·
379 1953 520 2018 ποῦ;
570 1955 807 2009 ἄκουσον
826 1971 846 1988 ο
896 1974 915 2008 ι
947 1958 1059 2010 Καὶ
1082 1960 1110 2012 ό
1129 1960 1300 2026 Λόγος
1330 1960 1468 2033 σὰρξ
1498 1965 1717 2032 ἐγένετο
1737 1985 1750 1999 ·
1784 1987 1805 2019 ι

226 2045 317 2099 οὐκ
356 2041 521 2098 εἶπεο
557 2046 660 2099 Διὰ
707 2048 909 2117 σαρκὸς
942 2049 1407 2122 ὲγεννήθη.“’οπου
1452 2055 1561 2127 γὰρ
1599 2075 1810 2128 μνημο-

234 2134 479 2189 νεύουσιν
518 2138 571 2189 οι
609 2138 914 2204 ἀπόστολοι,
947 2140 980 2210 ῆ
1032 2141 1080 2193 οἱ
1114 2143 1497 2213 εὐαγγελισται
1526 2148 1619 2201 τοῦ
1653 2150 1809 2216 Υἱοῦ,

241 2225 500 2290 τιθέασιν,
533 2228 615 2279 ὃτι
646 2228 907 2299 ἐγεννήθη
941 2231 1005 2284 ἐκ
1035 2234 1313 2299 γυναικός.
1343 2236 1585 2307 Πρόσεχε
1611 2238 1687 2310 τῷ
1723 2240 1814 2293 λετ⁸

253 2312 491 2383 γομένῳ,
516 2317 833 2387 παρακαλῶυ
876 2319 1012 2372 ὅπου
1042 2320 1151 2392 γὰρ
1178 2321 1395 2392 λέγουσι
1426 2325 1485 2379 τὺ
1515 2327 1685 2399 ὄνομα
1715 2329 1811 2385 τοῦ

250 2400 414 2466 Υἶοῦ,
450 2405 547 2455 καὶ
574 2405 652 2458 ὅτι
681 2408 858 2480 ἐτέχθη
889 2410 956 2464 ἐκ
994 2412 1273 2480 γυναικὸς,
1295 2414 1509 2471 τιθέασι
1536 2418 1616 2483 τὸ,
1635 2420 1813 2488 Ἐγεν-

244 2491 378 2561 νήθη
411 2506 427 2519 ·
468 2494 615 2546 ὅπου
648 2497 704 2549 δὲ
747 2502 1120 2569 μνημονεύουσι
1151 2503 1246 2558 τοῦ
1274 2506 1471 2576 Λόγου,
1506 2496 1679 2575 οὐδεὶς
1709 2512 1811 2566 αὐ-

236 2581 343 2633 τῶν
374 2583 689 2654 ἐτόλμησεν
718 2590 904 2651 εἰπεῖν,
932 2593 1179 2665 γέννησιν
1211 2596 1298 2651 διὰ
1323 2601 1424 2669 τῆς
1454 2599 1813 2671 ἀνθρωπότη-

234 2686 339 2733 τος.
358 2671 420 2724 ’0
439 2672 552 2743 γὰρ
583 2676 854 2748 μακάριος
876 2680 1127 2754 Ἰωάννης
1151 2686 1179 2738 ό
1198 2685 1611 2760 εὐαγγελιστὴς,
1640 2691 1817 2753 ἐλθὼν,

236 2763 310 2825 εἰς
359 2763 453 2817 τὸν
502 2766 700 2835 Λόγον,
754 2772 845 2824 καὶ
890 2773 972 2836 εἰς
1025 2773 1123 2846 τὴν
1172 2777 1584 2851 ἐνανθρὼπησιν
1621 2782 1809 2848 αὐτοῦ,

235 2855 466 2909 ἄκουσον
502 2853 595 2912 οἷά
632 2877 815 2931 φησιν.
861 2882 882 2915 ι
920 2863 981 2918 '0
1003 2866 1173 2936 Λόγος
1217 2867 1351 2941 σὰρξ
1390 2870 1627 2940 ἐγένετο.
1658 2873 1707 2947 ι]

831 3022 1085 3079 ΚΕΦΑΛ.
1125 3027 1212 3080 Η¹.

1917 602 2078 657 quam
2118 587 2219 644 iste
2264 598 2321 644 ut
2372 592 2439 645 ad
2488 608 2642 647 suam
2689 598 3011 652 sententiam
3057 613 3349 669 pervertat.
3390 605 3491 674 ipsi

1916 677 2310 745 potentissima:
2339 681 2565 736 veritati
2603 686 2897 741 succurrit;
2923 688 3014 742 Ait
3035 692 3178 744 enim
3205 693 3493 761 scripsisse

1914 766 2107 824 Patres
2134 788 2147 823 :
2173 770 2481 843 [Credimus
2511 773 2562 828 in
2597 791 2763 830 unum
2793 777 3075 833 Dominum
3120 781 3301 836 .lcsum
3328 786 3497 840 Chri—

1915 869 2081 926 stum,
2131 859 2330 919 Filium
2378 866 2738 936 unigenitum,
2785 886 2851 923 ex
2900 871 3063 928 Patre
3106 885 3315 943 natum,
3356 893 3492 931 cun.

1915 955 2325 1010 substantialem
2370 956 2557 1013 Patri:
2586 962 2677 1029 qui
2713 963 2989 1018 descendit
3023 975 3242 1033 propter
3280 984 3398 1033 nos,
3440 982 3493 1025 ct

1914 1046 2231 1104 incarnatus
2257 1058 2341 1105 est
2366 1052 2433 1106 de
2462 1050 2664 1121 Spiritu
2705 1056 2940 1128 sancto.]
2977 1058 3058 1111 Ad
3097 1059 3209 1112 haec
3237 1060 3400 1115 infert
3430 1078 3493 1115 ac

1916 1137 2047 1192 dicit
2090 1140 2159 1193 de
2190 1142 2398 1196 sanctis
2431 1142 2537 1197 illis
2566 1142 2822 1202 Patribns
2849 1166 2862 1200 :
2898 1146 3155 1223 [Inferius
3182 1164 3311 1205 vero
3348 1151 3492 1205 hunc

1916 1226 2092 1296 ipsum
2140 1228 2233 1300 qui
2285 1230 2485 1285 dicitur
2518 1231 2859 1297 incarnatus,
2903 1236 3332 1307 interpretantur
3372 1252 3492 1293 esse

1915 1317 2189 1374 hominem
2226 1319 2426 1391 factum
2456 1341 2470 1378 :
2498 1338 2604 1377 non
2637 1326 2778 1393 quod
2819 1335 3013 1380 natura
3055 1327 3237 1381 divina
3268 1328 3319 1382 in
3366 1344 3490 1383 car-

1915 1423 2039 1463 nem
2073 1411 2144 1464 sit
2184 1420 2412 1479 mutata,
2448 1414 2544 1469 sed
2579 1416 2721 1483 quod
2755 1416 2807 1470 in
2842 1416 3062 1472 homine
3091 1418 3399 1491 Itabitarit.1
3432 1418 3489 1473 In

1913 1503 2252 1571 expositione
2283 1518 2473 1560 rursus
2506 1505 2680 1561 eidem
2712 1506 2945 1563 inlueret
2980 1510 3287 1575 sententiae,
3324 1526 3387 1565 ac
3416 1510 3494 1566 ita

1915 1590 2043 1646 dicit
2078 1610 2091 1647 :

1988 1681 2268 1755 [Νεετοιι.
2304 1683 2495 1740 ‘Secuti
2537 1696 2663 1743 sunt
2691 1691 3076 1761 evangelistam
3112 1716 3123 1749 z
3158 1709 3282 1748 nam
3322 1709 3490 1750 evan.-

1916 1775 2104 1843 gelista
2153 1778 2242 1831 ubi
2273 1778 2340 1832 ad
2379 1782 2706 1835 narrandam
2750 1783 3192 1840 humanationem
3220 1791 3487 1857 pervenit,

1915 1867 2096 1922 dicere
2122 1871 2519 1936 generationem
2553 1872 2606 1925 in
2638 1871 2746 1927 Deo
2772 1873 2949 1930 Verbo
2977 1878 3185 1941 vitavit,
3219 1894 3282 1933 ac
3315 1882 3503 1947 posuit

1915 1958 2369 2017 incarnationem.
2419 1961 2686 2018 Ubinam?
2721 1967 2843 2020 audi
2878 1986 2891 2020 :
2933 1985 2951 2017 ‹
2986 1970 3050 2021 Et
3079 1967 3315 2025 Verbum
3360 1987 3490 2026 caro

1914 2050 2113 2107 factum
2142 2064 2225 2107 est
2250 2054 2331 2120 ‘5;
2365 2074 2384 2106 ι
2425 2071 2533 2110 non
2570 2057 2742 2111 dixit:
2768 2057 2871 2112 Per
2907 2075 3126 2116 carnem
3174 2074 3334 2118 natus
3361 2073 3443 2118 est
3474 2080 3487 2117 :

1915 2162 2038 2200 nam
2082 2147 2170 2201 ubi
2222 2148 2450 2217 apostoli
2486 2149 2571 2202 vel
2611 2152 2955 2223 evangelista:
2995 2156 3319 2210 mentionem
3365 2156 3488 2211 Filii

1915 2236 2161 2305 faciunt,
2203 2250 2411 2308 ponunt
2457 2248 2643 2295 natum
2687 2257 2809 2298 esse
2852 2259 2916 2299 ex
2955 2245 3201 2302 muliere.
3231 2249 3487 2311 Attende,

1915 2344 2119 2399 quaeso,
2150 2332 2292 2400 quod
2324 2331 2524 2386 dicitur
2548 2347 2562 2386 :
2586 2332 2693 2404 25
2721 2335 2809 2389 ubi
2833 2346 3264 2392 commemorant
3293 2353 3488 2393 nomen

1915 2420 2060 2486 Filii,
2099 2430 2155 2476 et
2200 2423 2405 2478 editum
2441 2439 2561 2479 esse
2603 2442 2669 2480 ex
2721 2426 2967 2491 muliere,
3003 2438 3210 2496 ponunt
3243 2428 3488 2494 verbum,

1913 2511 2086 2570 Natus
2116 2524 2234 2581 est;
2270 2516 2369 2570 sed
2399 2517 2488 2569 ubi
2523 2517 2684 2571 Verbi
2715 2519 2880 2571 divini
2905 2519 3230 2572 mentionem
3259 2517 3489 2584 faciunt,

1913 2620 2074 2660 nemo
2122 2606 2336 2661 illorum
2384 2622 2551 2663 ausus
2589 2618 2672 2663 est
2722 2610 2923 2676 dicere,
2958 2610 3198 2679 genitum
3240 2626 3362 2665 esse
3395 2626 3491 2680 per

1912 2695 2325 2751 humanitatem.
2359 2696 2494 2753 Nam
2541 2698 2730 2754 beatus
2756 2698 2995 2755 Joannes
3032 2701 3363 2772 evangelista
3396 2700 3487 2756 ubi

1911 2785 2160 2853 pervenit
2199 2786 2267 2840 ad
2313 2787 2568 2850 Verbum,
2602 2795 2657 2842 et
2705 2785 2822 2857 ejus
2854 2789 3321 2854 humanationein,
3363 2787 3511 2843 audi,

1913 2875 2042 2946 quid
2073 2877 2217 2932 dicat
2247 2898 2262 2934 :
2300 2895 2319 2929 ι
2352 2880 2590 2935 Verbum
2623 2894 2754 2936 caro
2789 2879 2993 2959 factum
3022 2888 3126 2938 est.
3155 2878 3231 2951 »1.

2544 3033 2693 3091 CAP.
2728 3034 2860 3091 Vlll‘.

308 3146 451 3243 esi:
482 3148 544 3219 δὴ
575 3142 1032 3243 οὗνᾲπαραθέντες
1051 3152 1130 3223 οἷς
1155 3159 1258 3232 ἔφη
1288 3163 1497 3220 καὶτοῦ
1518 3168 1640 3223 καθ’
1663 3172 1810 3243 ἡμᾶς

1985 3142 2098 3242 Age
2122 3170 2254 3241 jam,
2286 3186 2410 3228 eum
2455 3171 2547 3227 his,
2571 3187 2690 3242 quae
2727 3172 2864 3227 dixit
2900 3171 3271 3240 componendo
3319 3172 3492 3228 nostri

240 3234 512 3306 Συμβόλου
540 3239 638 3309 τὴν
661 3241 941 3308 ἀπόδοσιν,
972 3247 1168 3317 ἴδωμεν
1207 3252 1256 3303 εί
1297 3253 1369 3322 μή
1402 3273 1454 3308 τι
1494 3234 1807 3315 κεκαινοτό-ἰ

241 3346 404 3400 μηται
461 3332 609 3403 παρὰ
640 3335 829 3389 τούτου
881 3338 976 3391 καὶ
1025 3342 1154 3411 περὶ
1197 3345 1389 3416 αὐτήν*
1430 3367 1450 3401 ε
1478 3350 1817 3424 Πιστεύομεν

235 3422 315 3484 είς
340 3420 439 3476 ἕνα
466 3423 605 3478 Θεὸν
637 3427 859 3498 Πατέρα
894 3435 1329 3508 παντοκράτορα,
1358 3440 1576 3497 πάντων
1603 3420 1815 3516 ὁρατῶν

235 3512 327 3564 καὶ
371 3513 624 3583 ἀοράτων
682 3521 946 3589 ποιητήν·
986 3524 1079 3576 καὶ
1112 3526 1192 3589 είς
1243 3527 1338 3582 ἕνα
1371 3531 1574 3602 Κύριον
1609 3512 1815 3606 ’Ϊησοῦν

236 3603 483 3672 Χριστὸν,
520 3606 615 3659 τὸν
648 3608 774 3661 Υὶὸν
802 3610 895 3664 τοῦ
923 3612 1077 3678 Θεοῦ,
1102 3619 1429 3690 γεννηθέντα
1467 3625 1531 3678 ὲκ
1571 3603 1680 3680 τοῦ*
1703 3630 1818 3683 Παο

235 3694 358 3763 τρὸς
391 3699 661 3769 μονογενῆ
692 3700 790 3769 (6),
824 3704 1133 3781 τουτέστιν,
1161 3711 1224 3762 ἐκ
1254 3712 1352 3783 τῆς
1379 3714 1568 3780 οὐσίας
1596 3719 1690 3772 τοῦ
1717 3723 1817 3775 ab-

391 3793 530 3845 Θεὸν
564 3797 626 3848 ἐκ
660 3796 818 3860 Θεοῦ,
853 3802 967 3867 φῶς
996 3802 1061 3856 ἐκ
1087 3807 1286 3874 φωτὸς,
1316 3808 1449 3864 Θεὸν
1475 3813 1728 3884 ἀληθινὸν
1751 3819 1817 3872 ἐκ

241 3881 369 3975 θεοῦ
394 3885 677 3956 ἀληθινοῦ,
708 3891 1059 3962 γεννηθέντα,
1082 3897 1145 3950 οὐ
1178 3900 1494 3970 ποιηθέντα,
1530 3881 1816 3975 eimodo-tau

241 3974 321 4043 τῷ
349 3976 543 4046 ωτρὶ,
571 3980 635 4034 δι’
665 3977 728 4037 οὗ
762 3983 832 4037 τὰ
866 3986 1043 4041 πάντα
1072 3989 1307 4058 ἐγένετο,
1339 3995 1406 4048 τά
1436 4011 1496 4048 τε
1532 3997 1589 4051 ἐν
1615 3999 1693 4070 τῷ
1721 4002 1814 4053 οὐ·

251 4066 425 4136 ρανῷ.
456 4072 547 4123 και
572 4073 631 4126 τὰ
656 4076 751 4128 ἐπὶ
781 4077 881 4146 τῆς
912 4082 1042 4150 γῆς·
1082 4082 1171 4135 τὸν
1199 4083 1428 4156 δι’ἠμᾶς
1450 4090 1576 4153 τοὺς
1605 4066 1816 4163 ἀνθρώ-

245 4172 401 4241 κους,
438 4164 525 4215 καὶ
558 4164 643 4219 διὰ
672 4168 774 4238 τὴν
808 4171 1082 4243 ἡμετέραν
1127 4180 1424 4248 σωτηρίαν,
1459 4183 1812 4252 κατελθόντα,

236 4250 329 4303 καὶ
362 4256 732 4322 σαρκωθέντα,
768 4260 863 4313 καὶ
885 4264 1401 4338 ἐνανθρωπήσαντα,
1427 4273 1689 4342 παθόντα,
1717 4250 1815 4332 και

231 4342 545 4399 ἀναστάντα
570 4351 637 4418 τῇ
664 4350 823 4424 τρίτῃ
853 4353 1037 4425 ἡμέρᾳ
1060 4373 1074 4386 ο
1104 4358 1397 4416 ἀνελθόντα
1442 4366 1525 4428 εἰς
1562 4369 1690 4432 τοὺς
1730 4370 1817 4423 οὐ·

451 4453 467 4467 ο
503 4439 800 4510 ἐρχόμενον
828 4448 1011 4516 κρῖναι
1038 4448 1248 4515 ζῶντας
1299 4456 1394 4508 καὶ
1419 4460 1668 4529 νεκρούς.
1703 4463 1815 4517 Καὶ

1845 4497 1892 4552 D

1924 3248 2163 3336 Symboli
2209 3266 2527 3331 editionem,
2582 3267 2940 3336 inquiramus,
3002 3282 3066 3320 an
3116 3268 3279 3321 etiam
3326 3268 3378 3321 in
3428 3282 3493 3322 ea

1918 3359 2194 3430 quidpiam
2223 3359 2290 3413 ab
2334 3360 2435 3413 hoc
2474 3360 2692 3414 homine
2726 3360 2986 3414 audacter
3007 3362 3078 3414 sit
3129 3360 3440 3415 innovatum
3474 3379 3489 3413 :

1924 3470 1942 3502 ι
1984 3450 2270 3506 Credimus
2306 3452 2356 3505 in
2387 3467 2549 3505 unum
2596 3450 2764 3504 Deum
2799 3452 3011 3505 Patrem
3046 3452 3493 3519 omnipotentem,

1917 3544 2158 3597 omnium
2192 3542 2478 3596 visibilium
2512 3551 2567 3595 ct
2609 3544 2955 3597 invisibilium
3002 3544 3259 3598 factorem
3291 3562 3305 3599 :
3337 3554 3393 3600 et
3436 3544 3493 3599 in

1918 3647 2081 3685 unum
2106 3632 2389 3686 Dominum
2419 3631 2600 3686 Jesunt
2629 3633 2903 3685 Christum
2934 3632 3126 3686 Filium
3173 3634 3285 3700 Dei,
3310 3643 3494 3687 natum

1918 3740 1983 3778 ex
2003 3725 2166 3779 Patre
2189 3725 2552 3795 unigenitum,
2574 3724 2678 3779 hoc
2697 3733 2879 3789 est,ex
2897 3724 3137 3794 ejusdem
3158 3726 3457 3780 substantia
3477 3742 3492 3787 ;

1918 3815 2085 3869 Deum
2120 3815 2185 3869 de
2220 3814 2349 3881 Deo,
2388 3814 2569 3870 lumen
2607 3815 2673 3870 de
2716 3816 2940 3880 lumine,
2992 3816 3155 3869 Deum
3191 3830 3377 3869 verum
3427 3815 3495 3869 de

1919 3904 2032 3960 Deo
2073 3920 2223 3971 vero,
2263 3907 2529 3975 genitum,
2562 3922 2668 3960 non
2716 3890 2938 3970 factum,
2976 3906 3494 3960 consubstantialem

1917 3997 2086 4060 Patri,
2118 4012 2212 4066 per
2233 4011 2396 4065 quem
2423 3997 2604 4051 omnia
2654 3996 2791 4049 facta
2835 4004 2980 4059 sunt,
3014 4011 3139 4061 quae.
3171 3996 3222 4048 in
3269 3996 3411 4049 caalo
3440 4004 3497 4047 et

1917 4104 2038 4161 qua:
2076 4089 2131 4143 in
2162 4097 2301 4143 terra
2337 4105 2349 4140 :
2384 4088 2475 4157 qui
2510 4094 2732 4155 propter
2772 4101 2874 4142 nos
2912 4085 3157 4139 homines
3186 4093 3238 4139 et
3276 4094 3496 4154 propter

1916 4191 2159 4239 nostram
2213 4181 2443 4235 salutem
2479 4178 2777 4244 descendit,
2830 4188 2885 4231 et
2932 4177 3249 4231 incarnatus
3290 4182 3394 4239 est,
3438 4183 3496 4228 et

1917 4276 2078 4330 homo
2103 4274 2278 4329 iactus
2299 4281 2381 4328 est
2404 4290 2419 4335 ;
2448 4287 2637 4341 passus
2659 4280 2765 4335 est,
2791 4280 2845 4324 et
2875 4269 3170 4324 resurrexit
3192 4270 3350 4322 tertia
3382 4269 3491 4331 die,

1917 4365 2160 4420 ascendit
2205 4363 2256 4417 in
2304 4363 2492 4428 caelos,
2543 4368 2801 4415 venturus
2847 4369 2932 4413 est
2969 4359 3214 4428 judicare
3250 4360 3399 4414 vivos
3441 4368 3496 4412 et

1922 4468 2183 4514 mortuos.
2225 4455 2293 4511 Et
2327 4456 2381 4510 in
2418 4454 2680 4524 Spiritum
2713 4465 2976 4508 sanctum.
3014 4472 3032 4503 ι
3059 4451 3171 4521 Age
3200 4452 3381 4521 igitur,
3411 4450 3497 4527 vir

227 4527 307 4587 εἰς
334 4528 399 4579 τὸ
430 4529 659 4600 Πνεῦμα
690 4533 749 4586 τὸ
778 4533 954 4604 ἅγιον.
981 4539 1115 4595 »Ἴθι
1139 4542 1204 4613 δὴ
1227 4540 1340 4610 οὖν,
1367 4541 1413 4599 ὦ
1444 4527 1682 4618 γενναῖε,
1710 4555 1812 4609 ποῦ

1919 4549 2156 4618 egregie,
2186 4548 2273 4602 dic
2299 4548 2515 4601 ubinam
2547 4546 2824 4613 posuerint
2851 4544 2916 4598 de
2964 4542 3122 4608 Filio,
3156 4543 3495 4596 ineat-natum

225 4618 566 4688 τεθείκασιν,
624 4626 765 4690 εἰπέ,
816 4631 944 4700 περὶ
987 4632 1080 4685 τοῦ
1126 4634 1289 4703 Υἱοῦ,
1340 4642 1693 4709 σαρκωθέντα
1752 4649 1816 4700 ἐκ

226 4712 556 4784 Πνεῦματος
604 4718 760 4786 ἁγίου
808 4723 901 4776 καὶ
947 4724 1166 4797 Μαρίας
1208 4728 1308 4799 τῆς
1345 4731 1652 4804 Παρθένου;
1682 4736 1819 4791 ἀλλὰ

431 4808 532 4876 μὲν
551 4809 841 4877 ἐπιδείξειεν
864 4813 931 4868 ἂν
950 4816 1152 4886 ἥκιστά
1168 4836 1254 4887 γε,
1276 4821 1416 4892 πλὴν
1436 4826 1614 4880 ἐκεῖνο
1636 4827 1814 4900 ἄθρει.

223 4896 362 4949 Φασὶ
396 4900 531 4970 γὰρ,
565 4903 729 4956 αὐτὸν
756 4905 847 4958 τὸν
889 4907 954 4959 ἐκ
998 4908 1133 4962 Θεοῦ
1162 4912 1356 4980 Λόγον,
1389 4916 1480 4970 τὸν
1511 4896 1813 4992 Μονογένῆ,

223 4990 313 5041 τὸν
346 4991 426 5042 ἐκ
459 4993 562 5055 τῆς
605 4993 791 5059 οὐσίας
817 4996 912 5050 τοῦ
948 5000 1181 5070 Πατρὸς,
1207 5003 1299 5057 τὸν
1327 5005 1395 5059 δι’
1425 5002 1485 5063 οὗ
1513 5010 1582 5065 τὰ
1614 4990 1813 5079 πάντα,

225 5079 282 5130 τὸ
311 5080 446 5149 φῶς
476 5082 542 5133 τὸ
574 5082 846 5153 ἀληθινὸν,
874 5090 1226 5162 σαρκωθῆναί
1249 5111 1310 5148 τε
1342 5098 1435 5151 καὶ
1461 5098 1819 5175 ἐνανθρωπῆ-

227 5185 314 5222 σαι
338 5213 357 5233 ,
394 5173 593 5228 παθεῖν
635 5194 696 5230 τε
747 5179 842 5233 καὶ
870 5182 1205 5255 ἀναστῆναι·
1248 5189 1339 5242 καὶ
1386 5190 1513 5261 μὴν,
1549 5193 1632 5247 ὅτι
1677 5173 1816 5251 κατᾶ

224 5264 461 5331 καιροὺς
513 5267 772 5339 ἐπανήξει
822 5274 1195 5344 κριτής.Ἀλλ’
1227 5277 1313 5332 ἵνα
1364 5280 1457 5334 καὶ
1505 5285 1626 5348 ταῖς
1674 5288 1817 5358 παρ’

300 5446 349 5479 ⁸⁸
371 5442 533 5501 Joan.
563 5462 604 5514 ι,
636 5449 725 5505 li.

1920 4657 2040 4698 esse
2077 4644 2142 4697 de
2191 4640 2398 4710 Spiritu
2438 4646 2628 4694 sancto
2649 4645 2705 4691 et
2748 4635 2914 4690 Maria
2949 4635 3215 4704 Virgine?
3249 4636 3410 4701 Atqui
3446 4633 3497 4686 id

1918 4734 2206 4789 ostendere
2232 4731 2455 4786 minime
2476 4731 2674 4799 poterit
2693 4745 2707 4783 :
2726 4728 2820 4784 sed
2840 4738 3014 4782 tamen
3041 4727 3169 4780 illud
3188 4727 3492 4779 considera.

1920 4824 2183 4880 Fatentur
2210 4823 2355 4878 enim
2400 4821 2574 4890 ipsum
2622 4818 2716 4874 Dei
2748 4819 3006 4877 Verbum,
3054 4815 3203 4869 illum
3236 4812 3497 4881 Unigeni-

1923 4926 2058 4981 tum,
2103 4915 2252 4969 illum
2283 4929 2351 4968 ex
2396 4911 2699 4967 substantia
2750 4909 2952 4974 Patris,
2993 4906 3151 4959 illum
3200 4920 3294 4971 per
3332 4917 3493 4969 quem

1923 5007 2126 5074 omnia,
2159 5005 2287 5061 illud
2318 5005 2493 5059 lumen
2523 5017 2733 5069 verum,
2767 5000 3109 5055 incarnatum
3145 5008 3286 5059 esse,
3327 5001 3384 5045 et
3417 4993 3489 5044 ta-

1924 5110 2071 5157 ctum
2124 5100 2426 5164 hominem,
2460 5105 2514 5151 et
2556 5108 2799 5165 passum,
2832 5103 2889 5147 et
2918 5085 3300 5148 resin-rexisse,
3337 5083 3497 5153 quin-

1922 5195 2086 5250 etiam
2115 5208 2216 5247 suo
2246 5199 2489 5260 tempore
2514 5186 2812 5243 rediturum
2838 5182 3095 5255 judicem.
3126 5175 3247 5231 lam
3288 5190 3415 5230 vero
3440 5186 3498 5227 ut

1924 5285 2042 5356 ejus
2072 5282 2253 5339 verbis
2293 5279 2651 5338 certissimam
2684 5287 2926 5331 normam
2966 5267 3285 5339 apponendo
3318 5266 3497 5320 videa-

1513 5605 1673 5663 ANT.
1719 5575 1991 5666 AGELLII
2031 5608 2272 5666 some-

296 5746 683 5837 (6)!For'tasse
726 5751 863 5837 σιξ-ἀρ
914 5754 1164 5836 inversus
1214 5766 1295 5811 est
1344 5769 1406 5837 et
1462 5763 1805 5820 scribendum

1917 5780 2043 5836 erat,
2100 5769 2223 5824 Υἰὸν
2266 5766 2358 5820 τοῦ
2396 5764 2528 5820 Θεοῦ
2581 5761 2884 5837 μονογενῆ,
2951 5754 3279 5829 γεννηθέντα
3312 5751 3373 5804 ἐκ
3404 5750 3497 5804 τοῦ

221 5816 472 5889 Πατρός,
518 5818 713 5875 Filium
741 5821 839 5878 Dei
870 5825 1211 5894 unigenitum,
1243 5844 1305 5883 cx
1335 5826 1496 5887 Patre
1534 5844 1737 5889 nutum.
