4004 6202
466 335 526 391 5|
1493 332 1556 388 S.
1592 332 1866 390 CYRILLI
1902 333 2369 390 ALEXANDRINI
2404 334 2724 392 ABCHIEP.
3639 343 3710 396 5‘2

463 464 585 505 mus
627 457 824 519 quanta
871 449 941 503 sit
989 448 1043 502 in
1093 446 1198 502 illis
1245 445 1536 518 imperitia,
1591 449 1790 504 asserit
1827 459 2011 518 aperte

2138 450 2303 505 αὑτοῦ
2348 455 2550 522 φωναῖς
2581 451 2786 522 ἀκριϐῆ
2818 451 2916 524 τὴν
2951 452 3181 524 βάσανον
3220 452 3471 516 ἐνιέντες.
3507 453 3708 524 ῐδωμεν

441 541 641 609 ‘ipsum
691 538 781 592 Dei
818 538 1053 593 Verbum
1101 539 1441 593 incarnatum
1486 553 1607 594 esse
1651 548 1706 594 et
1755 541 2051 623 hominem.

466 633 666 686 factum
719 631 837 686 illos
886 633 1084 694 dicere,
1135 638 1191 684 et
1233 644 1420 684 eorum
1455 630 1666 686 veritati
1716 631 2029 701 suﬁ‘ragium

468 723 664 789 ferens,
698 732 949 791 tanquam
992 722 1363 777 convenientia
1407 723 1646 778 dicentes
1676 732 1854 778 ornat.
1891 723 2029 778 Num

468 814 650 882 igitur,
703 814 809 876 dic,
839 829 1049 882 quaso,
1086 829 1210 867 cum
1260 813 1598 868 incarnatum
1649 823 1706 870 et
1757 816 2028 870 hominem

467 903 663 955 factum
693 902 862 968 aiunt,
890 904 1032 957 aliud
1063 904 1335 973 quidpiam
1361 905 1682 975 signiﬁcant,
1719 921 1879 975 quam
1911 922 2031 962 esse

461 992 754 1044 secundum
793 1007 1008 1045 carnem
1035 994 1266 1048 natum?
1306 995 1697 1050 lncarnatiouis
1746 997 1889 1050 enim
1942 999 2030 1053 hic

461 1081 676 1144 modus,
710 1091 762 1134 et
795 1083 1010 1151 quidem
1045 1083 1192 1138 solus
1218 1085 1264 1138 ei
1295 1085 1605 1154 contingere
1629 1096 1822 1154 potest,
1855 1088 1944 1156 qui
1973 1098 2028 1144 et

458 1179 609 1223 extra
639 1186 855 1225 carnem
886 1181 938 1226 et
964 1174 1255 1227 secundum
1305 1189 1455 1228 suam
1487 1186 1730 1230 naturam
1762 1178 2022 1234 subsistit.

461 1261 645 1330 Neque
677 1263 822 1317 enim
868 1279 1085 1318 carnem
1135 1265 1398 1334 quispiam
1437 1266 1632 1320 dixerit
1668 1267 2024 1334 incarnatam,

461 1365 559 1405 nec
591 1352 876 1420 quisquam
911 1353 962 1406 id
997 1354 1112 1408 ﬁeri
1149 1363 1326 1424 potest
1355 1356 1495 1424 quod
1539 1362 1702 1410 erat’:
1730 1357 1823 1411 sed
1849 1359 2025 1425 siqua

460 1441 605 1496 circa
638 1442 809 1510 ipsum
843 1443 1172 1513 intelligatur
1199 1445 1338 1498 facta
1374 1446 1764 1514 dispensatoria
1799 1449 2026 1503 mutatio

460 1533 514 1586 in
551 1533 692 1587 aliud
724 1536 995 1603 quidpiam
1025 1545 1218 1604 praeter
1243 1537 1294 1591 id
1325 1538 1467 1606 quod
1500 1546 1637 1602 erat,
1670 1546 1781 1591 tum
1810 1539 2024 1592 demum

441 1624 534 1676 ~ita
561 1625 664 1680 dici
709 1627 1215 1682 convenientissime
1249 1638 1452 1698 posset.
1481 1630 1588 1700 26
1612 1629 1667 1684 Si
1704 1630 1866 1700 igitur
1891 1629 2024 1685 Uni-

457 1716 696 1783 genitum
731 1731 851 1772 esse
896 1718 1231 1773 incarnatum
1286 1719 1469 1774 dicunt
1511 1722 1646 1790 (hoc
1695 1730 1875 1775 autem
1929 1735 2024 1789 per

2135 544 2188 597 τί
2235 543 2297 596 τὸ
2333 545 2524 614 χρῆμα
2572 544 2670 615 τῆς
2719 543 2944 612 ἐνούσης
2992 546 3180 608 αὑταῖς
3229 545 3491 616 ἀμαθίας,
3522 545 3706 599 διαδεο

2137 632 2383 685 σαιοῦται
2429 632 2633 701 σαφῶς,
2671 632 3019 702 σαρκωθῆναί
3062 651 3122 686 τε
3160 633 3256 687 καὶ
3285 633 3706 703 ἐνανθρωπῆσαι

2135 721 2225 774 τὸν
2269 723 2332 774 ἐκ
2377 721 2512 773 Θεοῦ
2548 721 2718 789 Λόγον
2747 723 2936 782 αὐταῖς
2980 721 3088 793 [ἷσ.
3124 722 3341 794 αὐτοὺς]
3383 725 3580 786 εἰπεῖν,
3611 723 3708 776 καὶ

2133 814 2254 874 ταῖς
2302 813 2380 875 είς
2433 811 2691 881 ἀλήθειαν
2743 811 2964 881 ψήφοις,
3000 812 3074 874 ὡς
3113 812 3401 882 τὰεείκότα
3447 813 3704 880 λέγοντας

2137 882 2540 970 στεφανοῖῘΑρ⁹
2571 898 2686 964 οὖν,
2717 902 2836 954 εἰπέ
2871 919 2983 971 μοι,
3021 902 3365 972 σαρκωθῆναί
3407 919 3467 954 τε
3497 903 3592 955 καὶ
3617 903 3704 954 ἐν-

2135 992 2494 1062 ανθρωπῆσαι
2525 993 2796 1061 λέγοντες,
2834 993 3017 1062 ἕτερόν
3045 1010 3098 1044 τι
3128 993 3450 1062 σημαίνουσι
3477 993 3626 1062 παρὰ
3644 991 3705 1045 τὸ

2133 1085 2491 1154 γεγεννῆσθαι
2519 1083 2660 1138 κατὰ
2691 1083 2904 1154 σάρκα;
2939 1083 3274 1153 Σαρκώσεως
3303 1083 3409 1151 γὰρ
3440 1076 3592 1145 οὗτος
3635 1083 3700 1135 ἂν

2132 1174 2360 1242 γένοιτο,
2391 1175 2485 1228 καὶ
2521 1175 2679 1245 μόνος
2727 1176 2755 1227 ὁ
2779 1176 2977 1246 τρόπος
3011 1174 3088 1243 τῷ
3108 1175 3201 1228 καὶ
3224 1174 3328 1240 ἔξω
3359 1175 3580 1244 σαρκὸς,
3606 1177 3700 1229 καὶ

2131 1265 2275 1319 κατὰ
2298 1266 2458 1334 φύσιν
2483 1265 2616 1318 ἰδίαν
2647 1267 2994 1336 ύφεστηκὸτι.
3026 1266 3100 1318 Οὐ
3124 1266 3229 1336 γάρ
3251 1283 3374 1331 που,
3397 1267 3497 1336 τὴν
3523 1266 3702 1337 σάρκα

2133 1355 2532 1425 σεσαρκῶσθαι,
2558 1357 2690 1428 φαίη
2717 1374 2801 1420 τις
2835 1357 2922 1420 ἂν,
2964 1357 3074 1408 οὐδ’
3097 1357 3164 1409 ἂν
3196 1356 3405 1424 γένοιτό
3433 1374 3516 1419 τις
3538 1356 3567 1408 ὃ
3593 1352 3660 1426 ἦν
3680 1372 3696 1386 θ

2129 1443 2244 1497 ἀλλ’
2265 1446 2421 1515 εἴπερ
2447 1463 2530 1509 τις
2557 1449 2727 1499 νοοῖτο
2747 1463 2812 1498 πε
2823 1446 2875 1516 pi.
2898 1445 3060 1500 αὐτὸν
3077 1445 3340 1516 γενομένη
3369 1446 3699 1515 μετάστασις

2128 1536 2441 1606 οἰκονομικὴ
2474 1537 2558 1606 ἐφ’
2592 1536 2776 1606 ἕτερόν
2805 1554 2877 1598 τι,
2913 1539 3044 1607 παρ’
3067 1538 3204 1608 ὅπερ
3237 1538 3336 1590 οὐκ
3361 1533 3430 1607 ἦν
3465 1537 3562 1606 (7),
3585 1535 3696 1605 ἔχοι

2127 1625 2194 1681 ἂν
2223 1628 2251 1679 ὁ
2277 1627 2435 1694 λόγος
2481 1629 2562 1694 ἐφ’
2587 1627 2764 1698 ἐαυτῷ
2795 1628 2860 1696 δὴ
2886 1629 3008 1681 τότε
3038 1627 3171 1681 πολὺ
3201 1627 3263 1680 τὸ
3289 1628 3455 1690 είκός.
3489 1628 3696 1680 Οὐκοῦν

2128 1719 2178 1770 εί
2214 1717 2595 1788 σεσαρκῶσθαί
2633 1735 2764 1788 φασι
2811 1719 2901 1772 τὸν
2943 1718 3244 1788 Μονογενῆ,
3277 1718 3363 1771 διὰ
3391 1719 3695 1789 γεννήσεως

458 1806 727 1860 carnalem
766 1811 1196 1875 generationem,
1229 1811 1330 1865 nisi
1373 1811 1549 1875 fallor,
1586 1827 1682 1866 nec
1719 1811 1826 1866 alio
1866 1813 2017 1865 modo

2127 1810 2398 1878 σαρκικῆς
2425 1809 2600 1879 δρῷτο
2632 1810 2696 1862 ἂν
2727 1809 2835 1881 [ἴον.
2870 1811 2916 1863 δ’
2940 1808 3051 1881 ἂν],
3085 1809 3260 1879 οἶμαι,
3298 1811 3465 1872 τουτὶ,
3500 1811 3594 1862 καὶ
3633 1810 3694 1862 ού

458 1905 632 1963 potest
674 1897 857 1969 ﬁeri),
897 1901 1166 1968 quomodo
1208 1902 1493 1970 quisquam
1541 1902 1755 1956 inﬁtiari
1804 1910 2018 1972 potest,

459 1986 579 2041 illos
609 1998 793 2056 aperte
821 1989 1099 2043 confessos
1127 2004 1268 2055 esse,
1303 1989 1469 2043 Deum
1507 1991 1634 2044 illud
1671 1989 1899 2044 Verbum
1936 2007 2022 2045 se-

457 2079 688 2130 cundum
719 2093 937 2132 carnem
968 2094 1087 2134 esse
1128 2082 1355 2134 natum?
1400 2081 1468 2133 At
1510 2081 1654 2134 enim
1700 2096 1804 2134 non
1836 2088 2021 2149 aperte

455 2170 733 2238 generatio
762 2179 843 2224 est
869 2180 1169 2238 nuncupata
1209 2189 1222 2223 :
1253 2171 1343 2226 sed
1386 2179 1565 2225 tamen
1614 2172 1779 2240 ipsius
1814 2174 1889 2226 rei
1922 2189 2020 2226 na-

457 2270 575 2312 tura
613 2274 717 2314 non
759 2261 941 2325 aliam,
983 2270 1042 2314 ut
1077 2261 1235 2315 modo
1279 2261 1410 2327 dixi,
1451 2262 1592 2314 viam
1637 2263 2020 2318 incarnationis

455 2352 734 2418 agnoscit;
779 2351 1127 2420 quamobrem
1181 2352 1392 2406 etiamsi
1453 2354 1575 2423 quid
1619 2355 1794 2408 minus
1834 2366 2021 2424 aperte

456 2443 665 2495 dicatur
696 2443 748 2496 in
783 2444 870 2498 his
911 2453 1060 2498 certe
1104 2444 1282 2506 rebus,
1319 2459 1426 2498 non
1469 2457 1749 2514 propterea
1793 2446 1882 2500 illa
1935 2446 2019 2500 via

457 2529 641 2584 relicta
673 2545 792 2599 quas
823 2531 933 2584 sola
984 2541 1192 2586 naturze
1241 2534 1453 2600 cognita
1497 2543 1600 2598 est,
1639 2535 1706 2587 ad
1742 2534 1900 2588 aliam
1938 2545 2019 2589 est

456 2623 609 2676 nobis
631 2626 1045 2678 transeundum.
1082 2624 1353 2694 Scriptum
1377 2634 1458 2679 est
1484 2626 1626 2679 enim
1660 2627 1711 2679 in
1741 2625 1878 2679 libro
1911 2627 2018 2681 Ge-

459 2727 652 2769 neseos
704 2732 718 2768 z
775 2733 794 2765 ι
828 2715 888 2768 Et
937 2715 1101 2769 Setho
1129 2725 1282 2770 natus
1320 2723 1403 2770 est
1454 2715 1614 2782 ﬁlius,
1650 2727 1702 2771 et
1735 2717 2021 2786 appellavit

454 2816 646 2855 nomen
682 2802 798 2870 ejus
843 2802 986 2858 Enos
1027 2805 1093 2858 ⁸⁸.
1127 2823 1145 2856 ι
1183 2803 1317 2858 Num
1365 2805 1525 2874 igitur
1568 2808 1690 2874 quia
1740 2807 2016 2875 Scriptura

453 2893 632 2957 posuit
676 2893 777 2946 hoc
837 2894 1083 2958 verbum,
1126 2894 1296 2949 Natus
1337 2904 1441 2957 est,
1490 2895 1609 2948 ideo
1659 2897 2019 2962 generationis

453 2984 670 3037 modum
703 2999 807 3037 non
851 2985 1231 3038 admittemns?
1265 2993 1320 3037 at
1357 2985 1448 3053 qui
1485 2986 1600 3039 ﬁeri
1646 2995 1818 3054 potest
1863 2995 1920 3039 ut
1967 2987 2017 3040 id

453 3089 558 3126 non
589 3074 658 3127 sit
693 3073 1112 3128 stultissimum?
1143 3074 1258 3142 Ipsa
1287 3091 1517 3145 namque
1549 3077 1623 3130 rei
1670 3085 1856 3130 natura
1887 3091 2012 3144 pro-

452 3165 732 3228 pemodum
767 3166 928 3220 etiam
961 3167 1156 3219 invitos
1179 3167 1322 3234 cogit
1360 3175 1416 3218 ut
1442 3165 1589 3219 illum
1635 3176 1786 3234 partu
1813 3168 2013 3221 editum

451 3255 750 3323 intelligere
781 3256 1064 3310 fateamur.
1105 3257 1216 3310 Cur
1257 3257 1419 3326 igitur
1456 3257 1880 3313 incarnationem
1915 3274 2013 3312 au-

449 3346 623 3407 diens,
655 3359 760 3399 non
789 3347 970 3399 statim
995 3346 1321 3402 intellectum
1350 3350 1712 3418 generationis
1737 3350 2015 3405 admittit?

449 3436 681 3490 Omnino
725 3445 904 3490 autem
938 3437 1341 3494 ltumanationls
1374 3442 1589 3494 nomine
1625 3456 2015 3497 commemora-

371 3521 375 3526 ’
451 3539 524 3590 to,
555 3541 653 3580 cur
681 3540 786 3580 non
813 3527 954 3582 illico
974 3528 1234 3582 intellexit
1268 3545 1380 3585 rem
1411 3531 1581 3598 ipsam
1611 3532 2012 3588 humanationis

449 3631 555 3670 non
586 3615 790 3670 homini
828 3618 981 3686 plane
1013 3619 1322 3682 convenire,
1354 3633 1420 3672 ne
1445 3621 1494 3672 id
1524 3620 1696 3688 ipsum
1733 3621 1872 3688 quod
1897 3629 2014 3674 erat

448 3706 561 3758 ﬁeri
611 3719 676 3760 ac
719 3709 866 3760 nasci
910 3707 1174 3772 videatur,
1214 3709 1307 3762 sed
1345 3708 1519 3764 Verbo
1550 3725 1614 3764 ex
1649 3709 1758 3764 Deo
1791 3711 2014 3778 genito?

449 3794 549 3850 Ubi
584 3805 762 3852 autem
796 3798 1107 3852 bumanatio
1129 3813 1254 3854 vere
1286 3799 1452 3855 fuisse
1473 3800 1730 3868 creditur,
1757 3803 1827 3856 ibi
1859 3818 2014 3871 pror-

445 3903 540 3942 sus
569 3897 655 3944 est
685 3891 982 3960 generatio,
1017 3907 1114 3962 per
1137 3907 1298 3961 quam
1333 3894 1497 3948 homo
1535 3893 1709 3948 factus
1743 3896 2012 3963 intelliga-

447 3992 551 4032 tur.
597 3979 703 4034 Sed
749 3995 854 4034 non
891 3982 994 4036 isto
1029 3983 1186 4039 modo
1223 3984 1316 4038 tibi
1346 3985 1558 4039 videtur
1591 3986 2010 4056 intelligendum,

443 4083 563 4123 cum
587 4069 757 4140 ipsum
784 4072 873 4126 Dei
900 4071 1133 4128 Verbum
1163 4075 1498 4129 incarnatum
1519 4090 1637 4133 esse
1661 4087 1714 4132 et
1740 4077 2010 4132 hominem

445 4159 643 4213 tactum
672 4162 865 4215 dicitur
891 4181 904 4216 :
936 4179 1060 4216 nam
1088 4174 1275 4218 contra
1301 4165 1504 4230 dixisti,
1537 4177 1596 4220 ut
1625 4182 1744 4220 eum
1771 4168 2011 4222 omnium

453 4250 726 4302 hominum
767 4251 1116 4320 intelligentia
1169 4269 1405 4324 pugnare
1439 4256 1713 4320 nitereris,
1747 4257 2010 4312 humana-

450 4337 646 4391 tionem
681 4353 784 4392 non
815 4339 917 4393 hoc
948 4341 1275 4409 signiﬁcare,
1310 4344 1450 4410 quod
1492 4344 1671 4399 divina
1711 4357 1900 4401 natura
1955 4349 2010 4402 in

443 4442 658 4481 carnem
697 4429 768 4482 sit
800 4438 1025 4494 mutata,
1051 4433 1143 4485 sed
1177 4435 1317 4500 quod
1353 4435 1664 4490 inhabitarit
1690 4437 1740 4491 in
1769 4438 2005 4496 homine.

441 4518 517 4570 Ac
543 4515 684 4583 quod
715 4517 788 4570 ait
819 4517 1009 4572 divina:
1031 4527 1232 4574 natura
1265 4521 1317 4574 in
1341 4537 1562 4577 carnem
1589 4523 2006 4580 aemulationem

441 4616 496 4659 et
521 4607 901 4675 impossibilem
935 4624 1075 4673 esse,
1109 4618 1164 4664 et
1209 4611 1354 4664 nullo
1390 4613 1548 4666 modo
1590 4613 1664 4666 illi
1698 4616 2007 4682 convenire,

441 4697 494 4751 id
529 4698 829 4752 rectissime
870 4699 1070 4754 dictum
1116 4700 1368 4756 fatemur.
1398 4701 1717 4759 Laudandus
1748 4716 1834 4761 est
1861 4707 2006 4763 enim

438 4803 471 4842 a
500 4789 652 4842 nobis
679 4789 820 4857 quod
854 4791 905 4844 in
939 4791 1039 4846 hac
1063 4801 1215 4860 parte
1244 4803 1387 4848 recte
1430 4795 1574 4864 loqui
1617 4797 1868 4852 voluerit.
1905 4796 2009 4852 Fa-

441 4885 557 4930 teor
597 4879 740 4932 enim
787 4895 1004 4938 manere
1047 4883 1190 4938 illam
1236 4884 1633 4952 inconcussam,
1680 4905 1852 4958 neque
1901 4889 2010 4944 ullo

441 4967 602 5022 modo
633 4969 686 5023 in
727 4970 870 5024 aliud
905 4973 1177 5043 quidpiam
1212 4976 1475 5030 demutari
1516 4978 1784 5034 diversum
1826 4981 1896 5034 ab
1938 4995 2006 5033 eo

438 5060 580 5126 quod
604 5075 725 5116 esse
753 5063 1011 5119 creditur.
1042 5062 1147 5120 Sed
1173 5064 1291 5135 ejus
1313 5068 1476 5123 verba
1503 5070 1657 5140 longe
1687 5071 1754 5124 ab
1781 5086 1846 5126 eo
1868 5070 2010 5139 quod

507 5235 554 5266 "
570 5235 704 5292 Gen.
743 5253 815 5306 tv,
845 5239 938 5296 26.

2123 1899 2245 1952 καθ’
2281 1899 2464 1970 ἕτερον
2496 1900 2718 1971 τρόπον,
2760 1901 2877 1965 πῶς
2917 1903 3016 1954 οὐκ
3066 1901 3272 1970 ἔφασαν
3315 1887 3580 1972 ἐναργῶς,
3609 1901 3693 1954 ὅτι

2123 1991 2442 2060 γεγέννηται
2473 1993 2615 2046 κατὰ
2647 1994 2822 2064 σάρκα
2848 1994 2978 2057 Θεὸς
3009 1993 3084 2047 ῶν
3123 1995 3151 2046 ό
3177 1994 3376 2061 Λόγος;
3426 1993 3563 2046 Ἀλλ’
3593 1995 3694 2047 οὐκ

2122 2087 2457 2156 ὠνόμασται,
2489 2089 2672 2158 φησιν,
2709 2088 2954 2157 ἐναργῶς
3001 2091 3032 2157 ἡ
3076 2086 3362 2156 γέννησις·
3407 2085 3520 2139 ἀλλ’
3552 2087 3585 2155 ἦ
3630 2103 3693 2152 γε

2120 2179 2214 2232 τοῦ
2246 2179 2568 2248 πράγματος
2601 2179 2761 2248 φύσις
2793 2181 2890 2249 οὐχ
2919 2179 3110 2249 ἑτέραν
3138 2174 3269 2239 οἶδε,
3297 2177 3549 2246 καθάπερ
3590 2176 3689 2247 ἤδη

2123 2272 2400 2338 προεῖπον,
2429 2269 2521 2322 τοῦ
2554 2270 2932 2339 σεσαρκῶσθαι
2975 2271 3078 2340 τὴν
3122 2269 3454 2330 ὁδόν.”Ωστε,
3493 2267 3595 2320 κᾶν
3645 2267 3692 2318 εἰ

2124 2359 2198 2428 μή
2232 2375 2285 2410 τι
2308 2358 2517 2428 λέγοιτο
2550 2361 2734 2428 σαφῶς
2755 2359 2812 2412 ἓν
2833 2375 2894 2427 γε
2918 2361 3031 2422 τοῖς
3059 2357 3318 2420 τοιούτοις
3354 2356 3693 2426 πράγμασιν,

2120 2451 2180 2502 ού
2208 2449 2359 2520 παρὰ
2387 2451 2544 2504 τοῦτο
2564 2452 2661 2521 τὴν
2691 2452 2857 2520 μόνην
2883 2453 2948 2520 τῇ
2971 2450 3130 2518 φύσει
3150 2447 3552 2518 διεγνωσμένην
3575 2445 3691 2496 όδὸν

2121 2537 2558 2600 ἀπολελοιπότες,
2588 2539 2670 2605 ἐφ’
2696 2537 2887 2605 ἑτέραν
2913 2536 3132 2607 ἥξομεν,
3156 2537 3466 2604 Γέγραπται
3495 2531 3602 2600 γὰρ
3631 2529 3690 2580 ἐν

2119 2626 2197 2697 τῷ
2227 2627 2324 2697 τῆς
2356 2627 2628 2690 Γενέσεως
2665 2627 2852 2697 βιϐλίῳ
2872 2643 2885 2658 ο
2922 2646 2940 2677 t
2969 2628 3075 2678 Kal.
3097 2613 3295 2694 τῴἷὴθ
3319 2621 3532 2688 ἐγένετο
3553 2619 3686 2685 υίὸς,

2121 2717 2213 2768 καὶ
2265 2716 2586 2786 ἐπωνόμασε
2637 2717 2698 2769 τὸ
2743 2717 2910 2784 ὄνομα
2963 2714 3126 2766 αὐτοῦ
3169 2711 3353 2773 Ἐνώς.
3384 2707 3536 2778 »⁷Αρ⁹
3569 2705 3688 2773 οὖν,

2120 2806 2417 2877 ἐπειδήπερ
2459 2810 2490 2876 ἡ
2534 2807 2719 2876 Γραφὴ
2766 2805 2974 2856 τέθεικε
3020 2803 3097 2864 τὸ,
3141 2803 3406 2869 Ἐγένετο,
3450 2802 3540 2853 τὸν
3589 2799 3688 2868 τῆς

2119 2897 2423 2964 γεννήσεως
2451 2896 2646 2965 τρόπον
2676 2894 2736 2945 ού
2769 2891 3215 2962 παραδεξόμεθας
3249 2887 3366 2944 εἶτα
3391 2890 3507 2952 πῶς
3530 2889 3690 2941 τοῦτο

2117 2985 2216 3037 ούκ
2244 2985 2487 3053 ἀμαθές;
2515 2984 2660 3053 Λύτὴ
2685 2983 2792 3053 γὰρ
2815 2984 2961 3052 ἡμᾶς
2997 2985 3031 3052 ἡ
3057 2982 3148 3034 τοῦ
3184 2983 3501 3051 πράγματος
3527 2979 3688 3047 φύσις

2122 3073 2404 3144 μονονουχὶ
2446 3073 2540 3125 καὶ
2584 3073 2680 3142 οὐχ
2716 3073 2940 3134 ἑκόντας
2969 3071 3281 3122 ἐκϐιάσεται
3319 3069 3452 3138 πρὸς
3492 3068 3687 3136 ὁμολο-

2120 3165 2243 3232 γίαν
2272 3163 2371 3234 τὴν
2405 3163 2498 3216 τοῦ
2527 3162 2777 3231 τετέχθαι
2817 3165 2954 3215 νοεῖν
2982 3161 3162 3215 αὐτόν.
3194 3160 3320 3222 Πῶς
3349 3155 3441 3211 οὖν
3477 3158 3688 3212 ἁκούων

2118 3257 2216 3322 τὴν
2250 3255 2542 3324 σάρκωσιν,
2568 3253 2628 3305 ού
2674 3253 2772 3315 τὰς
2814 3252 2963 3323 παρὰ
3009 3253 3110 3323 τῆς
3145 3252 3450 3320 γεννήσεως
3483 3249 3689 3310 ἐννοίας

2121 3346 2414 3416 εἰσδέχεται
2444 3345 2821 3415 παραχρῆμα;
2867 3343 3272 3414 Ὠνομασμένης
3299 3341 3354 3396 δέ
3374 3342 3508 3404 ὅλως
3535 3342 3687 3393 ἐνανο

2120 3437 2476 3508 θρωπήσεως,
2509 3435 2627 3498 πῶς
2657 3435 2719 3488 ού
2752 3433 2984 3503 συνῆκεν
3009 3433 3186 3496 εὐθὺς,
3217 3432 3292 3495 ὡς
3323 3431 3386 3483 τὸ
3412 3429 3510 3500 τῆς
3537 3431 3686 3482 ἐναν-

2121 3528 2450 3599 θρωπήσεως
2485 3530 2670 3598 χρῆμα
2707 3527 2902 3597 πρέποι
2933 3525 2998 3580 ἂν
3027 3525 3127 3578 οὐκ
3163 3523 3434 3594 ἀνθρώπῳ
3464 3523 3681 3592 μᾶλλον,

2121 3620 2206 3671 ἵνα
2230 3618 2303 3689 μὴ
2332 3617 2461 3670 αὑτό
2475 3635 2526 3670 τι
2547 3617 2789 3685 φαίνοιτο
2811 3616 3031 3685 γεγονὸς
3056 3616 3083 3668 ὅ
3107 3611 3195 3685 ἦν,
3214 3614 3348 3667 ἀλλὰ
3369 3614 3446 3684 τῷ
3467 3615 3529 3666 ἐκ
3549 3613 3693 3666 Θεοῠς

2120 3709 2275 3776 φύντι
2305 3710 2498 3778 Λόγῳ;
2533 3701 2608 3760 Οὗ
2636 3707 2680 3760 δ’
2701 3708 2768 3761 ἃν
2791 3711 2823 3778 ἡ
2852 3705 3260 3778 ἐνανθρώπησις
3293 3703 3505 3776 ἀληθῶς
3532 3703 3686 3771 γενέ-

2121 3801 2244 3855 σθαι
2277 3799 2619 3870 πιστεύηται,
2646 3801 2762 3852 ἐκεῖ
2793 3816 2894 3851 που
2917 3797 3134 3860 πάντως
3165 3798 3196 3866 ἡ
3225 3795 3595 3867 γέννησις,ιδι’
3616 3790 3685 3866 ἦς

2120 3887 2185 3941 ἂν
2238 3888 2412 3958 ὁρῷτο
2453 3888 2746 3957 γενόμενος
2782 3884 3241 3957 ἄνθρωπος.Ἀλλ’
3271 3885 3369 3937 οὐκ
3417 3882 3548 3936 αύτό
3599 3900 3684 3936 σοι

2118 3978 2262 4030 δοκεῖ
2306 3980 2447 4031 κατὰ
2490 3977 2676 4032 τοῦτον
2722 3978 2916 4050 χρῆναι
2958 3976 3192 4031 νοεῖσθαι
3237 3975 3328 4030 τὸν
3375 3975 3573 4046 τρόπον
3621 3975 3684 4028 τὸ

2121 4070 2467 4140 σαρκωθῆναί
2497 4088 2556 4123 τε
2585 4070 2679 4124 καὶ
2707 4069 3122 4140 ἐνανθρωπῆσαι
3169 4067 3426 4135 λέγεσθαι
3466 4067 3557 4119 τὸν
3588 4063 3682 4118 τοῦ

2117 4160 2255 4214 Θεοῦ
2286 4162 2456 4229 Λόγον
2476 4178 2491 4193 °
2521 4160 2657 4230 ἔφης
2685 4163 2792 4231 γὰρ
2823 4159 3002 4222 πάλιν,
3027 4160 3143 4220 ταῖς
3171 4157 3424 4210 ἁπάντων
3452 4156 3680 4217 ἐννοίαις

2117 4251 2391 4322 ἀνταίρειν
2437 4249 2747 4320 ἐπιχειρῶν,
2793 4249 3078 4318 σημαίνειν
3111 4247 3209 4316 τὴν
3251 4243 3676 4314 ἐνανθρώπησιν,

2117 4344 2178 4396 ού
2208 4341 2306 4413 τὴν
2342 4344 2419 4405 είς
2453 4343 2630 4412 σάρκα
2665 4340 2965 4410 μεταϐολὴν
2989 4337 3260 4408 τῆςθείας
3287 4336 3516 4404 φύσεως,
3541 4333 3678 4386 ἀλλὰ

2117 4435 2215 4504 τὴν
2267 4434 2537 4502 ἐνοίκησιν
2575 4431 2674 4500 τὴν
2717 4431 2797 4493 είς
2841 4427 3142 4498 ἄνθρωπον.
3172 4427 3282 4498 Τὴν
3329 4424 3425 4492 μὲν
3457 4420 3550 4474 οὖν
3580 4422 3678 4489 τῆς

2111 4523 2263 4586 θείας
2292 4522 2506 4591 φύσεως
2554 4523 2633 4583 εἰς
2679 4520 2856 4590 σάρκα
2890 4517 3246 4586 παρατροπὴν
3286 4513 3576 4582 ἁνέφικτὸν
3617 4529 3676 4566 τε

2110 4610 2250 4667 εἶναι
2299 4613 2452 4681 φησὶ,
2483 4612 2577 4664 καὶ
2605 4611 2720 4664 κατ’
2748 4609 2935 4662 οὐδένα
2961 4609 3159 4679 τρόπον
3184 4606 3320 4677 αὐτῇ
3351 4605 3680 4675 συμϐαίνου-

2111 4723 2210 4758 σαν
2236 4720 2249 4734 ·
2277 4704 2370 4757 καὶ
2405 4703 2549 4773 μάλα
2595 4701 2770 4771 ὀρθῶς
2791 4716 2806 4731 ·
2841 4699 3198 4779 ἐπαινέσομεν
3227 4699 3334 4767 γὰρ
3381 4698 3439 4750 ἐν
3467 4695 3678 4757 τούτοις

2111 4799 2452 4867 ἀριστοεπείν
2493 4793 2790 4865 ᾑρημένον.
2825 4792 2972 4862 Φημὶ
2997 4791 3106 4859 γὰρ
3130 4789 3462 4860 ἀκράδαντον
3500 4787 3677 4856 ὑπάρ-

2111 4907 2226 4959 χειν
2253 4888 2442 4958 αύτὴν,
2474 4887 2568 4940 καὶ
2599 4887 2674 4950 ὡς
2706 4886 2805 4938 οὐκ
2836 4885 2908 4949 ἂν,
2945 4883 3224 4955 μεταθεῖτο
3250 4882 3386 4952 πρὸς
3412 4880 3594 4950 ἔτερόν
3623 4896 3676 4930 τι

2111 4982 2237 5050 παρ’
2271 4981 2406 5050 ὅπερ
2437 4975 2575 5032 εἶναι
2606 4977 2992 5030 πεπίστευται⁶
3023 4972 3360 5044 διημάρτηκε
3389 4970 3444 5022 δὲ
3469 4969 3549 5020 ὅτι
3581 4965 3676 5018 τοῦ

2117 5069 2416 5140 πρέποντὸς
2444 5086 2502 5121 τε
2537 5069 2630 5122 καὶ
2670 5066 2900 5136 ἀληθοῦς
2927 5066 2956 5117 ὁ
2990 5064 3143 5131 λόγος
3172 5060 3340 5130 αὐτῷ,
3371 5058 3470 5129 τὴν
3517 5060 3674 5110 ἐναν-

1720 5399 1877 5454 ΑΝΤ.
1920 5401 2191 5458 AGELLII
2229 5401 2460 5460 NOTAE.

509 5546 585 5616 (7)
643 5547 952 5626 Legendum
989 5552 1200 5607 videtur
1247 5563 1340 5626 aut
1387 5555 1502 5610 sine
1555 5556 1710 5626 παρ’,
1742 5565 1835 5610 aut
1884 5556 2027 5610 sine

435 5618 554 5678 οὐκ,
596 5628 653 5672 ut
685 5622 951 5692 sententia
996 5631 1224 5677 constet.
1279 5624 1366 5678 Sic
1421 5634 1600 5679 autem
1641 5618 1803 5692 Ἰοαυὶ
1863 5627 2000 5679 δοίρι

439 5696 644 5758 auctor,
679 5698 735 5744 ut
759 5691 916 5759 paulo
949 5702 1088 5762 post,
1114 5692 1213 5744 οὐκ
1240 5692 1302 5746 ἂν
1336 5694 1616 5762 μεταθεῖτο
1651 5697 1785 5766 πρὸς
1811 5695 1997 5764 ἔτερόν

2105 5575 2156 5610 τι
2193 5559 2322 5628 παρ’
2348 5559 2481 5627 ὅπερ
2531 5553 2668 5610 εἶναι
2715 5556 3092 5628 πεπίστεντσιι.
3147 5555 3209 5611 Et
3255 5553 3417 5623 intra,
3466 5550 3674 5623 τροπὴ)

2107 5622 2402 5700 ύπομέίνας
2427 5622 2524 5699 τήν
2548 5631 2623 5692 είς
2655 5629 2792 5697 ὅπερ
2819 5627 2915 5681 οὐκ
2942 5622 3025 5698 ἦν.
