4004 6202
436 348 540 406 55'
1457 345 1516 402 S.
1555 346 1832 403 CYRILLI
1869 349 2341 410 ALEXANDMNI
2377 355 2697 412 ARCHJEP.
3191 306 3197 312 Ι
3614 355 3685 410 56

439 465 524 515 est
557 454 824 516 mansisse
847 458 990 529 quod
1019 465 1163 530 erat,
1181 459 1234 518 id
1259 473 1452 517 rursus
1481 463 1830 534 perspicuum
1863 465 2006 533 facit,

2123 488 2231 538 σιν,
2273 473 2480 544 τροπὴν
2527 471 2832 543 ὑπομείνας
2861 473 2958 546 τὴν
3001 473 3080 538 εἰς
3120 473 3255 544 ὅπερ
3287 470 3386 524 οὐκ
3427 464 3517 542 ἦν,
3547 469 3686 525 ἀλλὰ

436 548 524 604 illa
571 547 734 603 verba
786 566 801 602 :
851 565 872 600 t
900 547 1177 608 Habitavit
1223 548 1278 605 in
1315 551 1492 616 nobis,
1523 570 1543 604 ι
1585 553 1858 621 prioribus
1909 556 2012 610 illis

433 639 716 709 adjiciens.
758 638 1039 696 Habitasse
1063 650 1240 697 autem
1274 642 1403 698 dicit
1440 643 1629 700 beatus
1661 643 1862 712 Paulus
1903 647 2014 717 28

433 732 486 784 in
515 729 732 787 Christo
768 747 982 787 onmem
1016 731 1401 802 plenitudinem
1435 735 1736 791 divinitatis
1761 753 2013 807 corpora-

431 823 576 887 liter,
627 837 697 878 ne
743 825 1012 893 quispiam
1063 824 1362 894 simplicem
1410 827 1495 881 vel
1553 827 2008 884 hahitudinariam

433 913 822 970 habitationem
865 915 1195 984 suspicetur,
1221 917 1314 971 sed
1350 933 1556 982 veram,
1590 927 1648 972 ut
1682 921 1839 974 modo
1875 921 2006 984 dixi,

428 1009 483 1057 et
505 1005 797 1058 secundum
819 1005 1174 1076 hypostasim.
1203 1007 1389 1077 Neque
1413 1009 1556 1064 enim
1588 1011 1671 1064 vir
1693 1011 1780 1064 ille
1805 1011 2008 1081 Spiritu

431 1091 527 1146 Dei
559 1093 748 1161 plenus
775 1095 1062 1164 ignorabat
1087 1096 1462 1166 incorporeum
1492 1112 1612 1153 esse
1640 1098 1734 1153 Dei
1777 1097 2006 1154 Verbum

428 1191 480 1236 et
520 1182 881 1253 impalpabile.
907 1183 1108 1240 Verum
1132 1187 1258 1258 quia
1290 1201 1513 1243 necesse
1535 1197 1655 1243 erat
1677 1199 1736 1242 ut
1764 1190 2008 1259 mysterii

429 1274 716 1344 explicatio
743 1277 889 1331 nulla
921 1278 1132 1334 ratione
1179 1293 1369 1333 manca
1405 1279 1697 1347 videretur,
1741 1282 1834 1334 sed
1870 1281 2008 1336 adeo

429 1375 689 1420 accurate
711 1380 775 1424 ac
807 1367 1060 1422 distincte
1081 1367 1148 1422 ad
1185 1377 1387 1424 rectam
1419 1369 1657 1440 regulam
1694 1372 2006 1426 veritatem-

429 1469 535 1524 que
567 1458 892 1521 traderetur,
923 1466 984 1511 ιιι
1013 1473 1175 1514 onme
1203 1459 1523 1513 miraculum
1561 1471 1862 1530 superaret,
1898 1462 2006 1515 vim

431 1544 594 1600 inl‘ert
619 1548 1016 1618 consequentia:
1051 1563 1254 1616 rerum,
1288 1555 1343 1603 et
1385 1563 1550 1619 prepe
1589 1550 1838 1616 dixerim,
1867 1552 2006 1620 quod

431 1636 800 1708 iocor-porcam
829 1640 974 1694 illam
999 1655 1374 1709 summamque
1403 1651 1650 1695 naturam
1679 1643 1852 1709 decet,
1877 1657 2006 1696 con-

429 1731 622 1784 temnit
682 1749 696 1786 :
743 1733 944 1802 adjecit
997 1732 1141 1786 enim
1183 1732 1427 1796 verbum,
1467 1734 1826 1800 corporaliter,
1881 1751 2001 1788 cum

2121 559 2258 630 μετὰ
2305 561 2398 614 τοῦ
2439 561 2693 630 γενέσθαι
2729 559 2851 614 καθ’
2878 563 3043 632 ἡμᾶς,
3083 561 3392 632 μεμένηκεν
3422 559 3558 629 ὅπερ
3590 554 3683 630 ἦν,

2119 647 2395 720 διατρανοῖ
2441 651 2605 704 πάλιν
2653 650 2718 704 τὸ
2743 691 2759 716 ,
2809 669 2828 702 ι
2867 651 3202 722 Ἐσκήνωσεν
3251 651 3310 702 ὲν
3349 650 3502 719 ἡμῖν,
3551 667 3571 700 ι
3606 645 3687 718 τῷ

2118 740 2319 812 πρώτῳ
2345 742 2765 814 προστεθεικώς.
2801 742 3140 814 Κατοικῆσαι
3161 742 3218 795 δέ
3240 759 3403 812 φησιν
3429 743 3458 794 6
3489 741 3686 794 θεσπέ-

2119 849 2234 895 σιος
2278 833 2490 896 Παῦλος
2526 834 2584 886 ἐν
2629 833 2708 902 τῷ
2761 832 2983 903 Χριστῷ
3017 813 3124 886 πάν
3171 833 3233 885 τὸ
3263 831 3537 902 πλήρωμα
3584 831 3686 894 τῆς

2117 921 2369 994 θεότητος
2409 923 2737 994 σωματικῶς
2755 941 2770 956 ο
2799 925 2886 976 ἵνα
2927 925 3000 994 μὴ
3025 923 3222 994 ἁπλῆν,
3241 923 3408 992 ἤγουν
3431 920 3690 992 σχετικὴν

2113 1013 2212 1084 τὴν
2252 1014 2572 1084 κατοίκησιν
2623 1000 3134 1084 ὑποτοπὴσειέτις,
3175 1013 3287 1066 ἀλλ’
3328 1012 3517 1082 ὥσπερ
3545 1011 3684 1082 ἔφην

2113 1104 2336 1176 ἀρτίως,
2379 1106 2643 1177 ἀληθινήν
2674 1124 2734 1160 τε
2777 1107 2872 1160 καὶ
2919 1105 3042 1159 καθ’
3075 1105 3392 1158 ὑπόστασιν.
3423 1104 3541 1156 Ὅτι
3584 1103 3682 1172 μὲν

2111 1197 2220 1268 γάρ
2252 1197 2542 1269 ἀσώματός
2575 1198 2636 1250 τέ
2669 1200 2806 1264 ἐστι,
2844 1201 2938 1250 καὶ
2966 1196 3176 1267 ἀναφὴς
3207 1199 3234 1250 6
3277 1195 3370 1248 τοῦ
3412 1194 3546 1248 Θεοῦ
3576 1193 3682 1247 Λό-

2110 1308 2226 1358 γος,
2255 1292 2356 1344 οὐκ
2381 1291 2650 1361 ἠγνόηκεν
2691 1291 2720 1344 6
2761 1291 3230 1361 πνευματοφόρος.
3271 1288 3487 1358 Ἐπειδὴ
3516 1287 3574 1339 δὲ
3611 1282 3680 1356 ἦν

2111 1383 2430 1449 ἀναγκαῖον,
2463 1382 2558 1453 τὴν
2592 1382 2686 1434 τοῦ
2730 1383 3032 1453 μυστηρίου
3063 1381 3294 1452 δήλωσιν
3336 1378 3455 1432 κατ’
3489 1377 3686 1430 οὐδένα.

2109 1474 2310 1545 τρόπον
2351 1474 2578 1544 ὁρᾶσθαι
2621 1474 3056 1544 μεμωμημένην,
3089 1471 3292 1543 ἀκριϐῆ
3329 1471 3385 1524 δὲ
3413 1469 3554 1523 οὕτω
3591 1486 3685 1538 γε-

2109 1565 2317 1629 νέσθαι,
2343 1566 2438 1618 καὶ
2470 1565 2882 1637 διηρθρωμένην
2913 1565 2989 1626 εἰς
3011 1563 3072 1616 τὸ
3098 1561 3224 1614 εὐθύ
3251 1577 3309 1613 τε
3342 1560 3434 1613 καὶ
3459 1557 3681 1628 ἀληθὲς,

2109 1655 2183 1716 ὡς
2216 1656 2472 1709 ἐπέκεινα
2512 1658 2711 1720 παντὸς
2761 1656 2898 1708 ἱέναι
2948 1653 3254 1724 θαύματος,
3291 1646 3710 1714 καταὸιάζεται’

2107 1744 2168 1796 τὸ
2195 1745 2363 1807 εἰκὸς,
2389 1746 2480 1798 καὶ
2522 1747 2804 1816 μονονουχὶ
2833 1745 2892 1797 τὸ
2930 1745 3139 1816 πρέπον
3170 1742 3416 1813 ὑπερορᾷ
3439 1741 3505 1809 τῇ
3541 1740 3682 1790 ἀσω-

427 1819 588 1875 aliter
615 1823 796 1878 dicere
825 1839 930 1878 non
966 1824 1212 1889 haberet,
1241 1839 1404 1894 quam
1440 1833 1620 1879 nostra
1652 1825 2004 1898 intelligentia

2113 1837 2267 1907 μάτῳ
2307 1853 2364 1888 τε
2394 1837 2487 1888 καὶ
2519 1836 2812 1908 ὑπερτάτῳ
2843 1835 3003 1903 φύσει
3025 1851 3039 1865 ’
3072 1833 3428 1905 προστέθεικε
3455 1830 3562 1900 γάρ
3597 1828 3680 1891 τὸ,

427 1921 484 1968 et
521 1911 702 1984 lingua
738 1914 994 1984 consequi
1033 1924 1235 1985 posset.
1278 1914 1356 1970 Ne
1396 1916 1560 1986 igitur
1587 1932 1710 1972 cum
1745 1919 1844 1973 iste
1872 1919 2004 1974 sim-

429 2007 618 2076 plicem
668 2009 826 2064 nobis
878 2009 1327 2065 inhabitationem
1380 2022 1791 2078 commemorat,
1851 2024 2006 2082 putes

428 2099 629 2168 aliquid
659 2115 781 2155 eum
811 2100 990 2155 dicere
1011 2103 1150 2169 quod
1186 2115 1291 2155 non
1317 2101 1607 2157 admodum
1644 2103 1715 2157 sit
1742 2103 2004 2158 damnan-

426 2191 574 2246 dum.
610 2191 748 2245 Nam
775 2201 831 2245 ut
855 2199 1090 2256 evertat,
1123 2201 1184 2246 ut
1213 2193 1328 2262 ipse
1351 2203 1526 2262 putat,
1559 2193 1718 2264 idque
1750 2195 2004 2250 nimirum

426 2281 706 2350 audacter,
740 2283 1141 2352 generationem
1175 2283 1296 2339 Filii
1324 2285 1616 2340 secundum
1643 2301 1888 2350 carnem,
1917 2302 2005 2340 ra-

427 2373 831 2428 tiocinationem
855 2373 1130 2442 componit
1152 2373 1348 2428 anilem
1369 2389 1432 2428 ac
1455 2375 1696 2441 stultam,
1724 2384 1778 2430 ct
1800 2375 2003 2430 nullum

425 2481 491 2521 cx
522 2465 749 2520 veritate
788 2465 1016 2521 fulcrum
1049 2465 1358 2520 habentem.
1397 2467 1630 2520 Rursum
1667 2483 1896 2537 namque
1925 2469 2004 2524 sic

427 2559 636 2624 scribit,
674 2572 797 2613 cum
830 2555 1096 2612 adversus
1138 2555 1372 2611 Arianos
1401 2555 1822 2625 disputationem
1853 2559 2004 2612 insti-

427 2651 636 2706 tuisset.

499 2743 779 2816 [Nan-on.
817 2742 1019 2798 Tamen
1049 2741 1331 2798 divinitate
1352 2753 1501 2796 certe
1537 2755 1655 2810 quae
1681 2740 1855 2810 major
1899 2749 2000 2803 est,

425 2835 599 2905 ipsum
628 2835 722 2890 Dei
750 2833 986 2889 Verbum
1015 2833 1287 2889 recentius
1312 2847 1433 2888 esse
1457 2841 1762 2900 uagantur;
1791 2840 1848 2884 at
1875 2846 2004 2884 vero

429 2927 481 2984 hi
509 2929 663 2983 beata
690 2925 858 2982 Maria
891 2927 1066 2997 ipsum
1109 2927 1460 2994 posteriorem
1510 2921 1766 2986 ctiicinnt,
1797 2931 1852 2978 et
1888 2937 2005 2976 ma-

427 3034 562 3074 trem
589 3017 936 3088 temporalem
969 3017 1070 3086 ipsi
1103 3014 1296 3070 Deitati
1327 3015 1505 3084 opilici
1535 3025 1836 3084 temporum
1867 3030 2006 3084 prae-

427 3119 634 3182 ponunt
671 3105 830 3168 :imo
871 3124 1001 3165 vero
1047 3109 1216 3178 ipsam
1249 3107 1451 3162 Christi
1487 3115 1762 3174 parentem
1792 3123 1857 3161 ne
1884 3122 2006 3163 esse

426 3202 638 3273 quidem
674 3199 878 3257 Christi
915 3209 1141 3253 matrem
1177 3198 1361 3252 sinunt
1395 3218 1406 3251 :
1440 3211 1562 3252 nam
1594 3197 1638 3250 si
1675 3213 1780 3252 non
1828 3199 2002 3254 homi-

427 3294 512 3349 nis
542 3303 754 3358 natura,
805 3293 899 3347 sed
942 3292 1082 3346 Deus
1134 3290 1363 3345 Verbum
1404 3289 1523 3354 fuit,
1571 3299 1630 3345 ut
1673 3290 1748 3344 illi
1800 3292 2006 3357 dicunt,

427 3399 586 3456 quem
629 3385 716 3440 illa
745 3384 972 3454 peperit,
1017 3383 1234 3452 pariens
1271 3383 1398 3436 editi
1448 3391 1632 3452 partus
1667 3382 1812 3437 nullo
1849 3384 2006 3438 modo

431 3488 605 3534 mater
637 3486 724 3532 est
755 3489 772 3530 :
803 3476 893 3546 qui
930 3474 1072 3530 enim
1127 3475 1198 3526 sit
1255 3481 1427 3528 mater
1466 3474 1610 3528 illius
1643 3475 1733 3543 qui
1777 3473 1845 3527 ah
1892 3473 2008 3541 ejus

429 3579 620 3624 natura
659 3569 730 3622 sit
767 3567 1095 3622 extraneus?
1126 3564 1280 3632 Quod
1316 3563 1360 3620 si
1391 3575 1560 3618 mater
1597 3564 1736 3634 apud
1776 3580 1867 3619 cos
1908 3579 2005 3633 ap-

429 3660 690 3730 pellatur,
711 3658 1020 3714 humanitas
1048 3667 1132 3711 est
1161 3665 1314 3726 partu
1351 3656 1516 3722 edita,
1551 3669 1656 3713 n0n
1707 3657 1961 3710 divinitas
1991 3677 2002 3711 :

432 3769 552 3806 nam
576 3753 770 3820 cuique
789 3750 944 3804 matri
967 3749 1244 3820 proprium
1261 3755 1342 3804 est
1360 3747 1822 3804 consubstantiale
1849 3763 2008 3816 parc-

430 3861 511 3900 re.
543 3847 648 3898 Aut
673 3844 832 3913 igitur
853 3857 958 3898 non
991 3843 1096 3898 erit
1127 3852 1302 3896 mater
1331 3855 1452 3910 qua:
1482 3840 2003 3896 consubSIantialem

429 3937 530 3990 sibi
559 3935 781 3989 minime
803 3933 1012 4004 peperit
1039 3951 1054 3988 :
1091 3942 1180 3987 aut
1211 3933 1256 3987 si
1289 3943 1461 3986 mater
1489 3931 1556 3986 ab
1595 3933 1729 4002 ipsis
1759 3941 2004 3997 vocatur,

431 4026 532 4083 sibi
563 4026 617 4082 in
651 4024 953 4082 substantia
987 4023 1218 4080 similem
1245 4021 1490 4094 genuiL]

1076 4139 1228 4196 CAP.
1269 4138 1360 4193 IX.

500 4237 762 4305 Perquam
798 4234 1040 4290 abditum
1077 4249 1210 4289 sane
1253 4234 1646 4288 sententiarum
1691 4235 1920 4303 pondus,
1943 4249 2008 4290 ac

430 4332 726 4386 vehemens
757 4338 812 4382 et
846 4328 1172 4383 inevitabilis
1202 4329 1436 4384 hominis
1462 4329 1553 4398 qui
1587 4329 1742 4384 nobis
1776 4330 1848 4384 ita
1879 4345 2008 4384 con-

431 4421 674 4492 scripsit,
736 4419 1172 4492 syllogismorum
1241 4419 1326 4473 vis
1383 4421 1645 4476 cernitur.
1701 4419 2006 4485 Undenam,

2108 1925 2476 1996 σωματικῶς,
2500 1927 2597 1996 οὐχ
2618 1927 2818 1998 ἑτέρως
2841 1925 2978 1994 ἔχων
3009 1926 3202 1986 εἰπεῖν,
3226 1922 3258 1993 ἢ
3283 1922 3358 1984 ὡς
3380 1921 3444 1974 ἂν
3473 1921 3686 1989 γένοιτο

2108 2018 2204 2070 καὶ
2228 2018 2324 2087 νῷ,
2355 2018 2450 2070 καὶ
2479 2017 2693 2087 γλώττῃ
2730 2019 2797 2087 τῇ
2835 2015 2957 2069 καθ’
2997 2015 3145 2086 ἡμᾶς
3172 2014 3408 2082 ἐφικτόν,
3446 2013 3539 2082 Μὴ
3573 2011 3684 2064 τοί-

2107 2127 2201 2163 νυν
2231 2110 2411 2180 ἁπλῆν
2443 2111 2576 2180 ἡμῖν
2603 2109 2936 2180 ὀνομάζοντα
2968 2107 3261 2178 ἐνοίκησιν,
3286 2107 3397 2159 οἴου
3425 2123 3476 2158 τι
3504 2105 3684 2173 λέγειν

2107 2202 2270 2255 αὐτὸν
2313 2203 2420 2255 τῶν
2469 2203 2530 2255 οὐ
2588 2202 2795 2273 σφόδρα
2832 2197 3303 2268 διαὸεὗλημένων·
3366 2195 3685 2264 ἀνατρέπων

2106 2297 2236 2366 γάρ.
2268 2295 2522 2366 καθάπερ
2570 2290 2664 2348 οὖν
2711 2295 2915 2354 οἴεται,
2951 2293 3046 2344 καὶ
3094 2289 3242 2360 μάλα
3275 2287 3560 2350 νεανικῶς,
3585 2286 3692 2356 τήν

2107 2387 2248 2440 κατὰ
2279 2386 2458 2458 σάρκα
2488 2387 2738 2457 γέννησιν
2775 2383 2870 2437 τοῦ
2899 2381 3057 2445 Υἱοῦ,
3099 2379 3382 2448 συντίθησι
3423 2377 3685 2446 λογισμὸν

2105 2479 2456 2550 γραοπρεπῆ,
2493 2479 2590 2530 καὶ
2628 2475 2858 2546 ήλίθιον,
2888 2475 2984 2527 καὶ
3009 2471 3328 2541 ὑποϐάθραν
3359 2471 3458 2524 οὐκ
3492 2468 3684 2537 ἔχοντα

2103 2571 2204 2638 τὴν
2243 2569 2300 2634 ἐξ
2342 2567 2620 2638 ἀληθείας.
2649 2566 2858 2634 Γράφει
2919 2563 3028 2633 γὰρ
3067 2562 3160 2616 καὶ
3205 2557 3307 2615 ὧδε
3352 2560 3530 2621 πάλιν,
3580 2573 3678 2609 πε-

2107 2661 2328 2728 ποίηται
2362 2659 2420 2712 δὲ
2459 2657 2596 2728 πρὸς
2635 2654 2948 2724 ’Δρειανοῦς
2973 2654 3001 2703 ὁ
3036 2653 3190 2718 λόγος
3210 2648 3376 2718 αὐτῷ.

2178 2751 2412 2822 [Ὅμως
2449 2749 2507 2802 δὲ
2551 2748 2654 2802 κᾶν
2693 2747 2942 2814 θεότητος
2979 2743 3224 2814 μείζονος
3270 2741 3359 2794 τὸν
3404 2737 3538 2793 Θεὸν
3571 2740 3674 2793 Λό-

2105 2860 2202 2912 γον
2225 2841 2451 2913 ληροῦσι
2477 2837 2736 2909 νεώτερον
2757 2853 2770 2866 ·
2801 2831 2942 2890 οὗτοι
2974 2836 3031 2888 δὲ
3071 2833 3231 2886 αὐτὸν
3268 2831 3369 2900 τῆς
3401 2829 3680 2902 μακαρίας

2106 2911 2326 3003 Μαρίας
2365 2927 2689 2999 ἐργάζονται
2719 2923 2970 2995 δεύτερον
2993 2939 3005 2952 ·
3049 2923 3142 2978 καὶ
3179 2922 3389 2993 μητέρα
3421 2911 3680 2991 χρονικήν

2103 3029 2171 3096 τῇ
2199 3021 2516 3096 δημιουργῷ
2538 3020 2644 3074 τῶν
2675 3018 2882 3090 χρόνων
2913 3016 3175 3086 ὲφιστῶσι
3194 3015 3420 3084 Θεότητι
3440 3030 3454 3043 ·
3481 3013 3683 3084 μᾶλλον

2033 3155 2073 3212 (η
2107 3117 2164 3170 δὲ
2193 3115 2312 3170 οὐδὲ
2345 3113 2557 3184 μητέρα
2586 3111 2679 3164 τοῦ
2703 3108 2938 3181 Χριστοῦ
2971 3107 3071 3178 τὴν
3094 3105 3458 3178 Χριστοτόκον
3488 3103 3679 3156 ἐῶσινο
3755 3149 3759 3151 .

2063 3189 2075 3210 ο
2145 3210 2153 3212 _
2229 3208 2238 3212 -
2365 3207 2376 3212 -
2459 3207 2471 3212 -
2522 3205 2541 3212 Α
2605 3203 2616 3212 ι
2837 3202 2848 3212 ι
3007 3199 3080 3212 δας
3107 3199 3117 3212 ι
3167 3198 3202 3212 Λ
3239 3198 3253 3212 ς
3335 3198 3348 3212 ο
3399 3197 3414 3212 ι
3445 3197 3460 3212 ο
3579 3191 3608 3212 ‘r

2063 3189 2075 3210 ’
2109 3210 2158 3261 εἰ
2183 3208 2290 3278 γὰρ
2325 3207 2426 3259 οὐκ
2449 3203 2736 3276 ἀνθρώπου
2783 3202 2964 3271 φύσις,
2997 3199 3132 3252 ἀλλὰ
3163 3198 3295 3262 Θεὸς
3327 3198 3354 3250 6
3387 3197 3558 3264 Λόγος
3579 3191 3679 3266 ἦν,

2063 3334 2066 3337 -
2109 3300 2300 3370 ὥσπερ
2343 3297 2536 3352 ἐκεῖνοί
2575 3313 2761 3365 φασιν,
2800 3294 2828 3347 ὃ
2857 3293 2967 3366 [ἵσ.
2999 3292 3051 3364 ὁ]
3094 3291 3223 3362 παρ’
3258 3289 3498 3358 ἐκείνης,
3529 3289 3562 3358 ἡ
3591 3305 3682 3340 τε·

2108 3391 2280 3445 κοῦσα
2309 3391 2404 3442 τοῦ
2425 3387 2707 3458 τεχθέντος
2738 3386 2799 3438 οὐ
2832 3386 3036 3455 μήτηρ.
3062 3381 3188 3441 Πῶς
3217 3381 3324 3452 γὰρ
3346 3382 3429 3448 εἴη
3457 3396 3539 3443 τις
3574 3379 3683 3450 μήο-

2107 3500 2210 3552 τηρ
2235 3480 2328 3534 τοῦ
2351 3481 2450 3550 τῆς
2472 3479 2685 3548 φύσεως
2703 3478 2800 3548 τῆς
2825 3476 2990 3545 αὐτῆς
3013 3473 3324 3544 άλλοτρίου;
3347 3471 3475 3524 Eilis
3502 3471 3684 3541 μήτηρ

2110 3573 2240 3644 παρ’
2285 3571 2464 3626 αὐτῶν
2503 3569 2842 3640 ὀνομάζοιτο,
2895 3565 3249 3639 ἁνθρωπότης
3281 3563 3340 3616 τὸ
3373 3561 3582 3632 τεχθὲν,
3622 3559 3684 3613 οὐ

2110 3665 2299 3734 θεότης
2323 3681 2336 3694 ’
2373 3662 2553 3732 πάσης
2591 3661 2700 3732 γὰρ
2749 3659 2884 3714 ἴδιον
2922 3659 3127 3729 μητρὸς
3165 3653 3426 3726 όμοούσια
3453 3653 3685 3706 τίκτειν.

2111 3759 2181 3811 Ἢ
2204 3755 2296 3810 οὖν
2325 3757 2426 3809 οὐκ
2457 3755 2610 3808 ἔσται
2647 3755 2852 3824 μήτηρ,
2885 3750 3171 3822 ὁμοοὺσιον
3193 3750 3356 3818 ἑαυτῇ
3385 3746 3458 3818 μὴ
3491 3743 3684 3798 τεκοῦ-

2111 3867 2210 3905 61'
2263 3849 2296 3920 ἢ
2339 3850 2522 3920 μήτηρ
2567 3847 2696 3916 παρ’
2741 3843 2921 3897 αὐτῶν
2975 3840 3316 3912 καλουμένη,
3359 3837 3452 3890 τὸν
3507 3839 3678 3906 ἑαυτῇ

2111 3943 2229 3998 κατ’
2265 3939 2452 3994 οὐσίαν
2485 3939 2776 4008 ἐγέννησεν
2813 3933 3059 4006 ὅμοιον.]

2715 4135 2968 4192 ΚΕΦΑΛ.
3001 4134 3077 4187 Θ’.

2192 4237 2281 4300 Ὠς
2324 4233 2462 4304 βαθὺ
2510 4231 2570 4284 τὸ
2611 4231 2801 4302 χρῆμα
2854 4229 2962 4282 τῶν
2996 4225 3246 4288 ἐννοιῶν,
3288 4223 3435 4292 δεινὴ
3485 4220 3542 4273 δὲ
3589 4218 3684 4272 καὶ

2109 4327 2506 4394 δυσδιάιρυκτος
2535 4322 2627 4376 τοῦ
2673 4321 2743 4375 τὰ
2781 4319 2960 4374 τοιάδε
2993 4313 3436 4387 συγγεγραφότος
3485 4312 3616 4380 ἡμῖν
3649 4311 3682 4378 ὴ

2109 4421 2174 4473 ἐκ
2197 4418 2306 4472 τῶν
2335 4413 2707 4484 συλλογισμῶν
2737 4413 2952 4481 ἀνάγκη
2974 4409 3240 4476 φαίνεται.
3271 4403 3440 4456 Πόθεν
3461 4403 3594 4472 ἡμῖν
3617 4399 3686 4452 τὰ

431 4489 638 4584 quae-so,
677 4489 940 4582 ejusmodi
983 4508 1207 4564 fabellas
1255 4508 1509 4564 collectas
1551 4510 1755 4564 habens
1797 4509 1850 4564 in
1891 4525 2006 4564 me-

2112 4510 2291 4565 τοιάδε
2323 4507 2750 4580 συναγηγερκὼς
2775 4506 2854 4567 εἰς
2883 4502 3043 4574 μέσον
3072 4497 3208 4570 ἔρχῃ
3239 4494 3511 4584 μυθάρια
3541 4489 3574 4560 ἢ
3603 4489 3688 4584 τίς

432 4603 578 4658 dium
610 4601 832 4671 prodis?
887 4608 980 4653 aut
1009 4599 1258 4669 quisnam
1291 4615 1514 4668 prorsus
1548 4601 1602 4654 in
1635 4615 1753 4654 eam
1785 4609 2005 4655 senten-

431 4697 630 4750 tiarum
663 4692 946 4747 stultitiam
972 4703 1055 4751 est
1090 4691 1290 4760 lapsus,
1325 4701 1382 4744 ut
1409 4699 1559 4761 putet
1594 4707 1656 4746 ac
1697 4693 1842 4746 dicat
1873 4692 2008 4748 Uni-

431 4785 598 4857 geniti
629 4784 880 4840 deitatem
911 4798 1014 4838 non
1049 4799 1116 4838 ex
1147 4781 1306 4837 Patre
1331 4793 1458 4837 ante
1480 4782 1675 4838 saecula
1704 4783 2005 4837 subsisten-

433 4881 562 4934 tiam
592 4877 816 4940 habere,
848 4875 943 4930 sed
977 4885 1034 4928 ut
1078 4890 1202 4929 esse
1244 4875 1526 4944 inciperet,
1559 4889 1588 4929 a
1618 4889 1784 4930 carne
1807 4884 1862 4930 et
1883 4891 2007 4931 san-

433 4971 592 5040 guine
622 4969 835 5024 initium
859 4965 1177 5036 accepisse?
1197 4965 1330 5032 Quis
1361 4966 1501 5022 adeo
1549 4967 1796 5035 stupidus
1826 4975 1910 5021 est
1953 4975 2010 5019 et

437 5064 746 5131 imperitus,
795 5071 848 5118 et
901 5075 1179 5116 sacrarum
1229 5055 1556 5112 Litterarum
1614 5059 1773 5128 plane
1817 5059 2008 5115 rudis?

434 5154 566 5222 Quis
614 5172 718 5210 non
773 5155 1018 5210 meminit
1069 5151 1180 5224 29
1217 5149 1367 5207 Isaia:
1397 5152 1465 5206 de
1514 5153 1633 5222 ipso
1665 5153 1952 5208 clamantis
1991 5170 2005 5206 :

440 5263 460 5296 ι
499 5242 914 5299 Generationem
959 5245 1078 5310 ejus
1123 5243 1245 5313 quis
1297 5243 1573 5297 enarrahit
1616 5243 1706 5296 7'?
1736 5263 1754 5294 ι
1788 5243 2010 5298 Joannis

433 5337 598 5392 etiam
633 5345 821 5406 aperte
867 5338 1155 5392 scribentis
1189 5355 1203 5391 :
1256 5353 1274 5386 ι
1307 5335 1361 5389 ln
1399 5320 1668 5405 principio
1713 5345 1835 5390 erat
1885 5333 2009 5388 Ver-

432 5427 588 5493 bum,
641 5438 696 5482 et
753 5426 982 5481 Verbum
1025 5439 1142 5482 erat
1185 5429 1324 5497 apud
1376 5428 1564 5490 Deum,
1613 5438 1664 5482 et
1701 5427 1840 5482 Deus
1891 5436 2009 5480 crat

433 5515 671 5575 Verbum
707 5535 721 5573 :
760 5518 937 5572 omnia
967 5533 1061 5586 per
1095 5519 1270 5588 ipsum
1297 5517 1444 5574 facta
1475 5527 1622 5583 sunt,
1651 5529 1705 5573 et
1740 5519 1857 5575 sine
1891 5519 2008 5587 ipso

434 5607 634 5662 factum
660 5616 747 5663 est
775 5607 904 5663 nihil
931 5608 1016 5660 ’τιῖ
1046 5628 1063 5658 ι
1104 5608 1259 5675 Quod
1282 5610 1326 5663 si
1353 5611 1531 5664 omnia
1569 5625 1667 5681 per
1699 5610 1892 5678 ipsum,
1917 5611 2006 5679 qui

502 5745 674 5802 πιθα.
707 5759 821 5814 Lm,
859 5744 913 5802 8.
987 5742 1210 5800 “Joan.
1245 5758 1286 5808 ι,
1313 5743 1432 5798 1-5.

2112 4603 2249 4665 ὅλως
2276 4599 2515 4671 ἀμαθίας
2549 4599 2628 4660 εἰς
2658 4595 2816 4650 τοῦτο
2843 4587 3184 4649 κατὼλισθεν
3211 4583 3450 4646 ἐννοιῶν,
3475 4581 3550 4644 ὡς
3577 4580 3652 4631 οἴε
3671 4607 3687 4616 ο

2117 4693 2242 4748 σθαί
2273 4709 2334 4746 τε
2376 4691 2470 4746 καὶ
2501 4689 2682 4758 λέγειν
2728 4687 2829 4756 τὴν
2855 4685 3088 4752 θεότητα
3122 4680 3218 4734 τοῦ
3254 4673 3595 4744 Μονογενοῦς
3626 4671 3685 4723 οὐ

2118 4784 2447 4856 προαιώνιον
2479 4782 2624 4853 ἔχειν
2655 4781 2756 4851 τὴν
2783 4777 3019 4849 ὓπαρξιν
3055 4777 3118 4827 ὲκ
3147 4771 3382 4844 Πατρδς,
3430 4765 3612 4856 ἀρχὴν
3633 4764 3688 4817 δὲ

2121 4850 2323 4947 μάλλον
2350 4874 2450 4944 τῆς
2601 4871 2661 4924 τὸ
2689 4850 2830 4925 εἶναι
2851 4865 3086 4937 παρόδου
3113 4863 3292 4934 σάρκα
3321 4879 3379 4913 τε
3420 4860 3514 4912 καὶ
3551 4850 3691 4926 αἷμα

2119 4946 2334 5032 λαϐεἰν;
2378 4965 2474 5028 Τίς
2513 4963 2686 5024 οὕτως
2732 4959 3120 5032 ὲμϐρόντητος,
3175 4954 3270 5007 καὶ
3309 4946 3693 5018 ὁλιγογνώμων

2117 5059 2254 5123 ἐστὶ,
2289 5059 2384 5113 καὶ
2410 5057 2520 5110 τῶν
2551 5055 2710 5128 ἱερῶν
2737 5050 3090 5122 Γραμμάτων
3119 5047 3348 5114 ἀνήκοος
3377 5037 3654 5100 παντελῶς
3677 5055 3694 5100 ;

2115 5151 2212 5214 Τίς
2243 5151 2305 5204 οὺ
2327 5148 2691 5219 διαμέμνηται
2729 5139 3149 5212 διακεκραγότος
3181 5135 3278 5204 μὲν
3311 5132 3535 5185 Ἡσαΐου
3567 5130 3698 5200 περὶ

2117 5240 2314 5294 αὑτοῦ·
2344 5258 2364 5290 t
2531 5215 2725 5304 γενεὰν
2755 5231 2920 5287 αὐτοῦ
2948 5230 3030 5291 τίς
3058 5228 3407 5296 διηγήσεται;
3438 5240 3466 5308 ι
3487 5215 3720 5290 Γεγρα-’

2119 5333 2278 5399 φότος
2299 5329 2356 5382 δὲ
2394 5305 2488 5381 καλ.
2535 5326 2782 5381 Ἰωάννου
2818 5319 3038 5390 σαφῶς’
3080 5337 3098 5368 t
3141 5317 3228 5368 ‘Ev
3267 5315 3408 5384 ἀρχῇ
3439 5305 3506 5382 ἦν
3534 5310 3702 5399 ὁῌΛό-

2117 5395 2231 5488 γος,
2267 5420 2362 5474 καὶ
2400 5421 2428 5472 6
2473 5411 2736 5486 Λόγος,ἧν
2785 5413 2920 5484 πρὸς
2954 5408 3044 5463 τὸν
3071 5407 3224 5470 Θεὸν,
3272 5405 3368 5457 καὶ
3401 5401 3534 5465 Θεὸς
3567 5395 3634 5469 ἦν
3667 5401 3703 5450 ὁ

2116 5513 2324 5580 Λόγος·
2364 5509 2542 5564 πάντα
2582 5507 2649 5559 δι’
2688 5504 2853 5558 αὑτοῦ
2893 5500 3130 5574 ἐγένετο,
3173 5497 3268 5550 καὶ
3317 5493 3488 5566 χωρὶς
3529 5491 3696 5544 αὑτοῦ

2106 5599 2337 5672 ’ἐγένετο
2363 5601 2480 5655 οὐδὲ
2508 5599 2600 5664 ἓν;
2626 5617 2642 5649 ι
2681 5597 2790 5650 Καὶ
2837 5596 2886 5648 εἰ
2916 5593 3094 5648 πάντα
3118 5590 3185 5644 δι’
3227 5586 3413 5656 αὐτοῦ,
3443 5584 3562 5650 πῶς
3587 5583 3698 5637 τῶν
