4012 6212
298 362 359 414 b‘l
1433 355 1806 414 ADVERSUS
1843 356 1883 412 Ν

1989 358 2247 418 TORIUM
2288 360 2415 419 LIB.
2461 362 2525 418 ll.
3493 360 3562 415 58

298 480 360 534 δι’
400 473 568 533 αὐτοῦ
620 473 932 543 γεγονότων
976 472 1391 546 ὀψιγενέστερος
1435 480 1524 549 εἴη
1569 482 1636 532 ἂν
1690 481 1719 533 ό
1763 480 1872 550 πρὸ

1989 461 2090 536 ieri
2128 490 2304 552 potest
2335 493 2393 537 ut
2440 483 2605 538 rebus
2632 495 2732 552 per
2759 483 2935 553 ipsum
2984 479 3142 536 factis
3175 479 3247 535 sit
3294 487 3419 533 natu
3467 493 3558 547 po-

300 566 487 631 παντδς
513 565 744 630 αἰῶνος,
769 566 862 619 καὶ
883 565 1092 636 χρόνων
1116 583 1131 632 ;
1164 567 1229 619 Τί
1249 568 1428 621 τοίνυν
1451 569 1512 621 τὸ
1542 571 1708 623 πᾶσιν
1739 572 1873 623 ἁπό-

300 660 502 729 δλητον,
537 656 616 720 ὡς
648 656 969 727 εἰρημένον,
997 656 1303 726 είσφέρειςς
1342 657 1556 713 Παῦσαι
1600 647 1873 731 συκοφανῖ

302 752 398 804 τῶν
417 751 539 812 τοὺς
571 747 643 800 τὰ
672 747 791 819 [Ian
824 748 890 800 τὰ
922 746 1013 818 σὰ]
1043 742 1265 811 δικαίως
1294 750 1747 820 ἑπαιτιωμένους,
1779 754 1875 807 καὶ

305 843 391 913 τῆς
410 844 463 894 ὲν
485 840 670 902 αὐτοῖς
694 838 943 909 ἀμαθίας
966 839 1330 907 διαγελῶντας
1367 842 1429 894 τὸ
1465 843 1710 912 μέγεθος.
1746 845 1875 898 Ὅτε

308 935 466 986 τοίνυν
506 931 684 993 οὐδεὶς
728 933 758 984 ό
788 930 967 999 λέγων
1010 931 1179 995 ἐστὶν,
1211 932 1288 997 ὡς
1326 934 1642 988 ὲπιτέτοκεν
1667 938 1699 1004 ἠ
1723 936 1873 1007 Παρ-

314 1025 443 1085 θένος
467 1027 526 1077 ἐκ
568 1023 677 1092 τῆς
724 1023 862 1084 ἰδίας
897 1022 1099 1093 σαρκὸς
1127 1022 1225 1093 τὴν
1266 1024 1366 1091 τῆς
1404 1025 1658 1096 θεότητος
1693 1025 1873 1096 φύσιν,

323 1116 390 1185 μὴ
408 1114 656 1167 διατείνου
694 1112 904 1183 μάτην,
931 1111 1227 1181 λογισμοὺς
1249 1115 1378 1183 ἡμῖν
1402 1116 1747 1177 ἀναπλέκων,
1779 1118 1877 1170 οὐκ

329 1204 383 1269 ἑξ
408 1203 608 1274 ἀληθῶν,
664 1204 770 1256 καὶ
823 1203 1028 1257 ἅπασιν
1079 1203 1531 1276 ὁμολογουμένων
1586 1208 1877 1276 γεγονότας

332 1296 610 1366 λημμάτων.
634 1295 715 1347 Τί
744 1293 802 1347 δέ
837 1311 897 1346 σε
928 1293 990 1346 τὸ
1020 1296 1305 1360 πεπεικὸς,
1336 1297 1568 1368 ἀκρατῆ,
1602 1300 1695 1351 καὶ
1732 1298 1876 1351 ἀπύ-

330 1388 471 1440 λωτον
508 1386 643 1439 οὕτω
702 1385 938 1455 χαλάσαι
983 1384 1081 1454 τὴν
1136 1386 1383 1454 γλῶτταν
1413 1388 1555 1441 κατὰ
1600 1388 1710 1441 τῶν
1742 1389 1878 1459 ὀρθὰ

336 1483 519 1552 φρονεῖν
549 1477 1042 1542 διεσπουδακότων,
1081 1477 1175 1531 καὶ
1207 1480 1408 1543 παντὸς
1442 1481 1536 1534 τοῦ
1581 1481 1877 1551 σεϐομένου

333 1571 447 1625 Θεοῦ
481 1571 580 1643 [Ισ.
605 1569 768 1641 Θεὸν]
807 1569 1061 1640 ἔγκλημα
1093 1571 1356 1639 καταχέαι
1406 1570 1575 1624 δεινὸν
1608 1572 1705 1643 καὶτ
1734 1589 1878 1641 παγ-

334 1664 574 1733 χάλεπονς
613 1663 798 1732 Ἐφης
830 1661 941 1730 γὰρ
974 1661 1138 1715 πάλιν
1170 1663 1616 1733 ἐπ’-Ἐκκλησίας
1645 1681 1659 1695 ο

397 1750 575 1825 [Εἶπον
599 1754 656 1807 δὲ
707 1754 807 1823 ἢδη
844 1752 1188 1819 πλειστάκις,
1235 1757 1316 1808 ὅτι
1357 1757 1524 1820 εἴτις
1570 1756 1602 1827 ἢ
1650 1759 1710 1810 ἐν
1751 1757 1879 1828 ὑμῖν

340 1822 680 1915 ἁςελέστερος,
699 1822 754 1899 εί
777 1822 838 1897 τε
870 1846 931 1897 ἐν
966 1845 1149 1910 ἄλλοις
1175 1849 1308 1911 τισὶ,
1339 1849 1518 1920 χαίρει
1534 1822 1601 1919 τῇ
1629 1849 1721 1901 τοῦ
1752 1822 1883 1903 Θίεο-
1915 1822 1955 1876 Β

341 1938 477 2000 τόκος
500 1940 661 2008 φωνῇ,
689 1937 817 2007 ἐμοὶ
858 1938 998 2007 πρὸς
1040 1937 1137 2009 τὴν
1166 1938 1348 2010 φωνὴν
1381 1941 1574 2009 φθόνος
1596 1940 1695 1994 οὐκ
1731 1941 1878 1995 ἐστι’

350 2031 482 2099 μόνον
510 2030 578 2101 μὴ
605 2031 826 2083 ποιείτω
859 2031 959 2099 τὴν
994 2033 1268 2103 Παρθένον
1302 2032 1476 2103 θεάν.]

906 2144 1161 2198 ΚΕΦΑΛ.
1204 2147 1260 2199 l'.

421 2256 564 2309 Πειλιν
586 2259 699 2327 ἡμῖν
720 2257 1048 2329 διαλοιδορῇ,
1083 2259 1175 2312 καί¹
1208 2260 1403 2332 πικρὸν
1439 2261 1610 2324 οὕτως
1643 2261 1880 2333 ὲπιθὴσῃ

382 2344 476 2418 lic.
501 2348 757 2420 ὶπιθὴγειςῖ
791 2350 984 2420 στόμα,
1018 2350 1297 2415 ὀνειδίζεις
1334 2351 1390 2404 δὲ
1428 2352 1526 2424 τὴν
1553 2355 1881 2426 Συναγωγὴν

370 2438 580 2509 Κυρίου,
618 2443 742 2495 κατὰ
774 2444 831 2495 τὸ
874 2444 1299 2515 γεγραμμένον;
1347 2445 1488 2498 Ἀλλ’
1520 2448 1677 2517 ἡμεῖς
1721 2465 1808 2515 γε,
1835 2443 1880 2502 ὧ

362 2527 483 2601 ’τᾶν,
510 2532 560 2584 οἱ
582 2531 821 2586 Θεοτόκον
846 2534 1087 2602 λέγοντες
1110 2536 1282 2605 αὐτήν
1302 2553 1315 2566 ·
1338 2535 1805 2609 τεθεοποιήκαμεν
1825 2538 1881 2592 δὲ

354 2622 518 2676 οὐδένα
798 2625 897 2678 τῶν
924 2626 1226 2680 τελούντων
1269 2630 1328 2680 ὲν
1376 2629 1668 2699 κτίσμασιο
1702 2648 1883 2683 κατει-

351 2716 555 2783 θίομεθα
591 2717 639 2770 δὲ
670 2718 800 2771 Θεὸν
852 2719 1052 2772 εἰδέναι
1109 2720 1201 2773 τὸν
1238 2721 1382 2784 ἕνα,
1428 2722 1525 2774 καί¹
1567 2723 1751 2788 φύσει,
1787 2725 1882 2777 καὶ

347 2806 563 2877 ἁληθῶς’
613 2808 769 2879 ίσμεν
813 2810 871 2864 δὲ
900 2810 1186 2880 ἄνθρωπον
1234 2808 1399 2865 οὖσαν
1450 2812 1571 2865 καθ’
1608 2815 1753 2883 ἡμᾶς
1782 2814 1880 2881 τὴν

292 2918 298 2924 ·
348 2899 588 2969 μακαρίαν
615 2901 911 2972 Παρθένον.
955 2902 1168 2976 Ἀλὼσῃ
1195 2903 1251 2956 δὲ
1274 2904 1369 2958 καὶ
1398 2904 1498 2956 οὐκ
1526 2906 1604 2968 εἰς
1640 2906 1879 2976 μακρὰν,

340 2990 587 3062 ἄνθρωπον
614 2995 741 3064 ἡμῖν
775 2995 1048 3066 θεοφόρον
1081 2996 1399 3065 ἀποφαίνων
1439 2996 1601 3059 αὐτὸς
1622 2996 1712 3049 τὸν
1750 2997 1881 3067 Ἐμ-

348 3083 579 3153 μανουὴλ,
603 3084 692 3136 καὶ
718 3084 830 3138 τῶν
866 3084 975 3138 σῶν
997 3086 1444 3158 ἐπιχειρημάτων
1473 3086 1573 3157 τὴν
1609 3087 1882 3160 κατάρρη-

348 3188 422 3225 σιν
442 3175 676 3240 ἐπιτιθεὶς
704 3176 903 3248 ἑτέρῳ.

551 3410 941 3540 ΤΟΜφΣ
1023 3407 1614 3496 ΔΕΥΤΕΡΟΣ.

398 3573 455 3628 Ἠ
482 3575 709 3644 γλῶσσα
747 3576 844 3646 μὲν
871 3575 1007 3646 πῦρ,
1026 3577 1118 3630 καὶ
1143 3575 1520 3645 ἁκατάσχετόν
1549 3576 1665 3628 ἐστι
1694 3576 1884 3640 κακὸν,

329 3666 451 3720 καθὰ
494 3669 813 3740 γέγραπται
834 3685 849 3699 ο
881 3669 1009 3722 τάδε
1041 3667 1291 3721 ἐντεῦθεν
1318 3667 1489 3737 βλάϐη
1528 3668 1886 3737 διωθούμενος

326 3759 352 3810 ό
374 3756 650 3822 θεσπέσιος
671 3759 865 3828 ψάλλει
894 3758 1059 3813 Δαὸίδ
1079 3775 1092 3788 '
1119 3779 1136 3810 ι
1162 3758 1290 3824 Θοῦ,
1314 3757 1506 3828 Κύριε,
1536 3759 1781 3830 φυλακην
1810 3758 1888 3829 τῷ

330 3850 530 3919 στόματί
556 3867 694 3921 μου,
715 3851 811 3903 καὶ
844 3850 1015 3922 θύραν
1039 3851 1300 3922 περιοχῆς
1322 3852 1449 3920 περὶ
1473 3849 1540 3903 τὰ
1565 3850 1716 3920 χείλη
1752 3867 1854 3920 μου
1873 3866 1886 3879 ·

333 3937 398 4009 μὴ
421 3941 673 4012 ἐκκλίνῃς
705 3940 807 4008 τὴν
838 3940 1070 4010 καρδίαν
1102 3957 1203 4010 μου
1241 3941 1321 4003 είς
1362 3940 1554 4012 λόγους
1600 3940 1886 4008 πονηρίας,

337 4026 417 4079 to?)
438 4030 863 4099 προφασίζεσθαι
889 4030 1196 4099 προφάσεις
1219 4031 1278 4082 ὲν
1306 4011 1625 4099 ἁμαρτίαις.
1644 4048 1663 4080 ι
1688 4028 1762 4081 Τὸ
1793 4029 1890 4099 μὲν

335 4119 428 4190 γὰρ
446 4123 730 4192 εὐστομεῖν
758 4120 1040 4185 δύνασθαι,
1075 4121 1169 4173 καὶ
1197 4120 1399 4191 ἀκριϐῆ
1434 4119 1533 4190 τὴν
1566 4121 1889 4190 ὲπιτήρησιν

325 4213 402 4265 ἐπί
430 4214 681 4282 γλώττης
710 4213 877 4283 ἔχειν,
915 4206 990 4265 ὧν
1037 4212 1105 4266 ἂν
1138 4212 1308 4283 δεήσῃ
1337 4211 1537 4279 λέγειν,
1571 4211 1604 4281 ἢ
1639 4212 1734 4281 μὴ,
1768 4210 1889 4263 θεό-

317 4300 450 4356 δοτον
474 4301 703 4374 ἀληθῶς
723 4303 808 4373 εἴη
841 4303 936 4357 ἄν’
972 4302 1066 4354 καὶ
1091 4300 1152 4353 τὸ
1174 4300 1365 4370 χρῆμά
1394 4302 1542 4352 ἐστιν
1574 4300 1675 4352 οὐκ
1704 4301 1763 4352 ἐν
1800 4315 1890 4369 μι-

314 4395 420 4467 κρῷ
449 4396 627 4467 λόγῳ,
678 4395 831 4466 παρά
863 4411 928 4463 γε
980 4396 1095 4456 τοῖς
1149 4393 1249 4445 οὐκ
1293 4390 1649 4461 ἀθαύμαστον
1697 4392 1890 4460 ἐπιτη-

1977 574 2194 635 sterior.
2225 575 2319 643 qui
2355 583 2482 628 ante
2508 574 2692 629 omnia
2726 574 2921 628 saecula
2969 583 3024 626 et
3058 581 3300 640 tempora
3332 585 3564 639 preces-

1977 663 2084 718 sit?
2113 663 2250 730 Quid
2278 664 2443 735 igitur
2463 665 2606 734 quod
2636 665 2705 717 ab
2725 664 2978 717 omnibus
3000 662 3267 728 rejieitur,
3300 670 3559 727 tanquam

1977 753 2049 807 sit
2080 756 2279 810 dictum
2311 756 2534 811 defers?
2568 754 2768 808 Desine
2816 767 2911 807 eos
2941 751 3260 805 calumniari
3306 748 3396 818 qui
3436 749 3560 818 jure

1979 851 2067 895 tua
2093 854 2367 908 accusant,
2392 855 2447 898 et
2475 860 2724 913 magnam
2758 843 2810 896 in
2851 842 2955 895 illis
2984 840 3267 895 stultitiam
3301 840 3547 893 irrident.

1978 935 2111 990 Cum
2142 938 2337 1011 ,itaque
2382 952 2540 991 nemo
2574 940 2644 991 sit
2683 936 2773 1004 qui
2806 934 2973 997 dicat,
3018 934 3227 986 beatam
3277 929 3548 998 Virginem

1979 1044 2047 1081 ex
2095 1044 2191 1082 sua
2239 1044 2401 1083 carne
2448 1028 2746 1083 divinitatis
2793 1035 3038 1079 naturam
3093 1023 3402 1092 peperisse,
3449 1022 3557 1074 noli

1980 1118 2178 1175 frustra
2212 1120 2462 1174 laborare
2489 1130 2546 1173 ιιι
2579 1119 3026 1172 ratiocinationes
3063 1116 3221 1169 nobis
3253 1114 3466 1167 intexas
3493 1128 3560 1166 ex

1980 1213 2438 1279 suppositionibns
2453 1227 2625 1281 neque
2646 1212 2989 1278 veris,ueque
3013 1206 3151 1275 apud
3164 1220 3353 1260 omnes
3371 1204 3554 1259 certis.

1981 1305 2110 1369 Quae
2141 1319 2271 1358 vero
2299 1319 2460 1358 causa
2493 1313 2544 1357 te
2581 1302 2817 1371 impulit,
2846 1311 2906 1355 ut
2934 1301 3168 1369 linguam
3207 1299 3342 1352 adeo
3384 1298 3554 1365 impo-

1983 1407 2179 1451 tentem
2205 1405 2260 1450 et
2283 1395 2611 1450 eﬁ'renatam‘
2634 1396 2848 1449 lnxares
2879 1394 3139 1448 adversus
3163 1405 3256 1445 eos
3284 1390 3373 1459 qui
3407 1398 3554 1443 recta

1980 1502 2173 1557 sapere
2219 1488 2574 1552 studuissent,
2603 1498 2658 1542 et
2686 1487 2943 1541 omnibus
2980 1484 3073 1539 Dei
3112 1484 3411 1538 cultoribus
3449 1482 3558 1535 cri-

1980 1596 2103 1634 men
2127 1580 2361 1635 inferres
2383 1594 2569 1650 grave,
2599 1589 2652 1633 et
2678 1579 2920 1632 omnium
2947 1576 3350 1631 atrocissimum
3373 1576 3395 1627 ‘I
3426 1573 3558 1626 Nam

1984 1689 2171 1727 rursus
2202 1673 2254 1725 in
2289 1673 2537 1727 Ecclesia
2566 1672 2746 1726 dixisti
2781 1689 2795 1725 :

2054 1763 2330 1838 [Νεετοιι.
2366 1765 2481 1819 Dixi
2513 1764 2624 1832 jam
2648 1763 2867 1829 smpius,
2910 1763 2953 1816 si
2989 1762 3110 1831 quis
3136 1760 3278 1814 inter
3305 1774 3398 1813 vos
3430 1758 3563 1811 sitn-

1986 1856 2201 1923 plicior,
2271 1856 2387 1910 sive
2447 1856 2589 1908 ittler
2629 1867 2980 1924 quoscunque
3041 1854 3177 1907 alios
3255 1866 3386 1904 voce
3437 1850 3560 1912 hac,

1986 1947 2076 2002 Dei
2109 1948 2365 2016 genitrix,
2418 1948 2633 2017 gaudet,
2692 1946 2832 2014 apud
2883 1961 2970 1999 me
3003 1944 3145 1997 nulla
3194 1950 3277 1997 est
3301 1942 3378 1995 -de
3429 1954 3563 1996 voce

1986 2039 2290 2095 dissensio:
2321 2049 2538 2094 tantum
2575 2053 2642 2094 ne
2668 2036 2942 2107 Virginem
2978 2035 3135 2091 deam
3199 2032 3423 2088 faciat.i

2658 2149 2811 2207 CAP.
2836 2150 2908 2204 Χ.

2056 2265 2265 2321 Rursus
2325 2265 2483 2322 nobis
2539 2265 2882 2329 conviciaris,
2931 2275 2988 2320 et
3047 2263 3442 2320 amarulentum
3498 2275 3563 2317 os

1982 2358 2184 2428 inligis,
2228 2358 2528 2424 exprobras
2557 2360 2721 2412 etiam
2764 2357 3022 2412 Ecclesiae
3055 2356 3289 2421 Domini,
3337 2366 3391 2413 ut
3424 2354 3564 2409 scri-

1982 2461 2131 2521 ptmn
2161 2458 2245 2523 est
2277 2450 2364 2503 "‘2
2396 2450 2593 2504 Verum
2657 2464 2777 2513 nos,
2814 2465 2847 2502 ο
2878 2450 2960 2502 vir
2986 2449 3219 2518 egregie,
3273 2447 3363 2516 qui
3416 2447 3562 2500 illum

1986 2542 2077 2596 Dei
2113 2542 2432 2612 genitricem
2458 2543 2709 2603 dicimus,
2743 2542 3010 2594 neminem
3038 2554 3275 2606 unquam
3307 2540 3397 2607 qui
3424 2540 3565 2592 inter

1982 2642 2263 2688 creaturas
2296 2644 2631 2696 censeretur,
2679 2632 2843 2687 Deum
2883 2629 3151 2693 fecimus;
3205 2637 3367 2697 atque
3421 2628 3563 2683 hunc

1981 2741 2188 2780 morem
2242 2735 2505 2790 tenemus,
2556 2734 2616 2778 ut
2672 2724 2839 2777 Deum
2899 2723 3137 2777 sciamus
3210 2721 3359 2775 illum
3396 2736 3561 2774 unum

1983 2828 2038 2873 et
2099 2827 2294 2871 natura
2340 2826 2398 2872 et
2446 2831 2575 2872 vere
2612 2816 2780 2871 Deum
2817 2816 3068 2870 :scimus
3129 2814 3295 2870 etiam
3351 2814 3563 2867 beatam

1984 2909 2128 2963 illam
2184 2908 2460 2979 Virginem
2517 2909 2789 2963 hominem
2838 2907 3005 2962 fuisse
3071 2907 3239 2961 nostri
3303 2906 3558 2960 similem.

1987 3000 2091 3055 Sed
2130 3000 2242 3069 ipse
2270 3014 2368 3055 nec
2396 3000 2564 3053 multo
2595 3010 2717 3068 post
2761 2999 3184 3066 deprehenderis
3231 2998 3406 3065 ipsum
3441 2996 3566 3048 Em-

1987 3088 2286 3145 manuelem
2343 3089 2617 3143 hominem
2688 3087 2842 3141 nobis
2898 3086 3172 3141 Deilerum
3249 3085 3567 3153 prmtlicare,

1912 3174 1954 3229 C
1992 3191 2314 3250 tuorumque
2366 3190 2808 3250 argumentorum
2856 3176 3360 3233 condemnationem
3410 3174 3568 3232 alteri

1988 3272 2249 3326 tribuere.

2200 3420 2606 3514 TOMUS
2677 3420 3343 3517 SECUNDUS.

2060 3575 2155 3629 Est
2174 3575 2373 3643 lingua,
2409 3572 2550 3625 sicut
2586 3570 2845 3639 scriptum
2882 3580 2965 3624 est
2992 3570 3058 3634 ",
3097 3570 3253 3638 ignis,
3305 3577 3361 3622 et
3409 3567 3574 3623 eme-

1989 3673 2173 3718 natum
2221 3663 2442 3727 malum,
2491 3660 2653 3725 cuius
2678 3672 2737 3715 ut
2785 3661 3124 3714 incommoda
3158 3661 3352 3714 vitaret
3387 3661 3570 3727 psallit

1991 3758 2179 3811 beatus
2208 3754 2371 3809 David
2404 3772 2418 3808 :
2456 3774 2476 3806 ι
2507 3754 2673 3819 Pone,
2704 3753 3266 3817 Domine,cnstinliam
3304 3753 3382 3806 ori
3430 3767 3570 3812 meo.

1989 3858 2044 3903 et
2073 3848 2269 3902 ostium
2300 3846 2730 3900 circumstantia:
2775 3845 2931 3898 labiis
2965 3846 3101 3898 meis
3141 3863 3154 3899 :
3189 3860 3293 3897 non
3334 3846 3569 3898 declines

1990 3955 2087 3994 cor
2130 3953 2305 3992 meum
2340 3939 2392 3990 in
2435 3938 2599 3991 verba
2637 3937 2878 4002 malitim,
2933 3938 2998 3989 ad
3035 3937 3376 3989 excusandas
3406 3951 3567 3989 excn-

1991 4030 2231 4084 sationes
2261 4028 2312 4080 in
2338 4028 2575 4095 peccatis
2607 4028 2675 4079 ⁷⁷.
2712 4046 2731 4079 ι
2771 4026 2904 4078 Nam
2940 4037 3092 4078 recte
3115 4027 3227 4079 oris
3259 4026 3435 4079 ollicio
3471 4028 3570 4090 uti,

1988 4129 2041 4175 et
2070 4118 2312 4187 diligenti
2353 4121 2606 4171 cautione
2644 4116 2915 4169 moderari
2944 4116 3183 4186 linguam
3231 4118 3571 4170 observando

1991 4210 2118 4280 quid
2150 4207 2435 4262 dicendum
2482 4207 2575 4270 sit,
2622 4206 2733 4276 30
2770 4206 2898 4275 quid
2931 4207 3289 4269 reticendum,
3328 4205 3570 4259 divinum

1992 4300 2147 4371 plane
2200 4313 2395 4353 munus
2419 4308 2525 4360 est,
2577 4307 2631 4352 et
2685 4314 2771 4351 res
2833 4298 2972 4351 haud
3017 4297 3451 4365 parvipeudenda
3507 4297 3573 4349 iis

1991 4402 2140 4447 certe
2184 4391 2275 4459 qui
2327 4406 2449 4443 cum
2503 4390 2659 4443 laude
2728 4390 2895 4443 vitam
2946 4390 3145 4443 ducere
3213 4391 3430 4444 student
3473 4398 3573 4443 :nt

311 4486 511 4542 δεύουσι
544 4486 857 4540 πολιτείαν.
874 4485 947 4537 Τό
975 4501 1039 4553 γε
1064 4483 1170 4555 μὴν
1196 4481 1431 4554 προαλὲς
1450 4482 1528 4545 εἰς
1549 4481 1770 4549 λόγους,
1794 4482 1883 4535 καὶ

1991 4492 2201 4546 contra,
2227 4481 2314 4535 illa
2347 4496 2588 4551 prmceps
2618 4481 2669 4533 in
2701 4481 2972 4549 loquendo
2997 4482 3299 4540 temeritas.
3339 4490 3392 4533 et
3415 4479 3572 4533 effre-

309 4579 364 4632 τὸ
387 4581 653 4651 ἀχάλινον
676 4579 756 4642 εἰς
780 4576 1090 4647 τερθρείας,
1124 4573 1368 4627 κινδύνου
1408 4571 1631 4644 μεστὸν,
1663 4572 1759 4625 καὶ
1804 4572 1887 4633 εἰς

309 4671 582 4745 πέταυρον
625 4671 752 4742 ᾅδου
783 4668 895 4737 (l0)
929 4665 1291 4735 κατακομίζει
1321 4664 1450 4727 τοὺς
1485 4662 1883 4734 κεχρημένους.

306 4763 629 4837 Γέγραπται
653 4762 731 4821 δὲ,
758 4761 842 4813 ὅτι
867 4758 1116 4822 θάνατος,
1150 4758 1246 4811 καὶ
1290 4756 1403 4826 ζωὴ
1434 4757 1492 4810 ὲν
1527 4759 1671 4828 χειρὶ
1710 4756 1887 4824 γλώσ-

307 4868 431 4924 σης·
458 4855 512 4906 οἱ
546 4853 611 4905 δὲ
647 4848 976 4923 κρατοῦντες
1005 4848 1194 4917 αὐτῆς,
1231 4846 1437 4900 ἔδονται
1475 4847 1603 4910 τοὺς
1644 4848 1889 4920 καρποὺς

304 4946 493 5016 αὐτῆς.
525 4940 980 5014 Προσπεφὼνηκε
1028 4940 1085 4993 δὲ
1116 4940 1212 4992 καὶ
1244 4938 1429 5011 ἕτερός
1475 4956 1560 4999 τις
1601 4942 1732 5011 ἡμῖν
1776 4939 1886 4994 τῶν

305 5036 485 5104 σοφῶν
506 5052 520 5064 ο
571 5053 592 5087 ι
630 5035 694 5087 Εἰ
728 5033 826 5102 μὲν
858 5031 973 5085 ἔστι
1022 5048 1106 5084 σοι
1148 5030 1305 5097 λόγος
1335 5030 1624 5095 συνέσεως,
1658 5033 1889 5104 ἀποκρί-

302 5126 449 5195 (intr
489 5129 544 5179 εί
595 5124 654 5177 δὲ
690 5124 787 5195 μὴ,
833 5123 958 5193 χεὶρ
1005 5121 1146 5175 ἔστω
1175 5123 1268 5175 ἐπὶ
1309 5121 1387 5192 τῷ
1435 5122 1661 5192 στόματί
1711 5141 1825 5179 σου.
1864 5144 1880 5176 ι

314 5213 595 5284 Ἀμαθοῦς
641 5213 752 5284 γὰρ
805 5213 964 5281 λόγου
1002 5210 1116 5275 πῶς
1154 5211 1261 5264 οὐκ
1296 5210 1539 5281 ἀμείνων
1585 5214 1618 5283 ή
1670 5216 1886 5286 atomi};

368 5391 464 5445 ’⁸1
496 5391 638 5461 Reg.
665 5404 804 5455 xm,
830 5390 922 5445 45.
999 5387 1184 5444 "Jac.
1217 5403 1296 5455 ιιι,
1329 5389 1450 5444 5-8.

1993 4586 2151 4629 natus
2174 4575 2240 4628 ad
2283 4588 2454 4642 nugas
2512 4572 2865 4627 ellundendas
2920 4572 3153 4640 impetus
3197 4571 3438 4638 periculo
3468 4586 3572 4623 non

1993 4675 2167 4729 caret,
2193 4675 2248 4719 et
2287 4664 2338 4717 in
2397 4665 2757 4734 pra‘cipitium
2812 4663 3009 4717 inferni
3056 4664 3298 4717 homines
3334 4678 3397 4716 eo
3424 4678 3573 4715 more

1992 4758 2247 4829 prteditos
2294 4757 2490 4812 defert.
2547 4757 2820 4825 Scriptum
2864 4767 2945 4810 est
2991 4756 3179 4819 etiam,
3234 4765 3462 4809 mortem
3511 4768 3573 4807 ac

1991 4851 2160 4905 vitam
2191 4864 2311 4905 csse
2346 4850 2398 4902 in
2433 4866 2593 4903 manu
2640 4849 2857 4918 lingua),
2896 4859 2952 4904 et
2994 4850 3085 4918 qui
3116 4849 3256 4901 illam
3292 4847 3570 4909 cohibent,

1995 4943 2157 4997 edere
2187 4940 2395 4996 fructus
2424 4944 2544 5011 ejus
2569 4943 2638 4995 ⁷⁸.
2669 4941 2819 4994 Alius
2844 4941 3009 4994 etiam
3041 4941 3264 5007 sapiens
3294 4952 3392 4989 nos
3442 4937 3573 4990 allo-

1995 5041 2151 5085 cutus
2187 5039 2309 5085 est:
2365 5048 2397 5083 ι’
2426 5030 2481 5085 Si
2518 5047 2705 5086 revera
2743 5040 2827 5086 est
2869 5031 2962 5084 tibi
3011 5045 3191 5084 sermo
3251 5029 3570 5097 prudentize,

1996 5128 2304 5194 responde:
2336 5125 2420 5179 sin
2471 5127 2668 5188 minus,
2714 5139 2907 5177 manus
2940 5122 3010 5175 sit
3040 5122 3103 5174 ad
3155 5135 3218 5176 os
3269 5130 3418 5175 tuum
3439 5122 3566 5175 ".‘i

1996 5215 2130 5270 Nam
2182 5216 2346 5271 stulto
2388 5216 2625 5271 sermoni
2681 5213 3073 5285 praeferendum
3130 5226 3253 5268 esse
3298 5213 3573 5268 silentium

1533 5383 1577 5423 ⁷⁷
1602 5391 1744 5445 Psal.
1773 5409 1896 5458 cu,
1927 5394 1979 5460 5,
2012 5395 2063 5449 ὁ.
2143 5396 2189 5427 ⁷⁸
2216 5394 2374 5450 Prov.
2415 5411 2571 5459 mn,
2605 5394 2696 5448 2|.
2773 5394 2822 5426 ’⁸
2848 5392 3017 5449 Eccli.
3050 5408 3100 5459 ν,
3132 5394 3219 5447 Η-

1580 5549 1738 5605 ΛΝΤ.
1782 5550 2055 5607 AGELLII
2084 5550 2327 5608 NOTAE.

379 5708 503 5783 (ιθ)
531 5704 912 5783 ln_Pru_verbii_s
941 5712 1024 5758 est
1042 5704 1147 5783 boc
1169 5718 1361 5761 nomen
1390 5706 1623 5777 positum
1649 5722 1767 5777 cap.
1829 5722 1905 5777 ix,
1944 5723 2084 5765 vers.
2130 5708 2217 5777 l8,
2245 5707 2333 5765 ubi
2358 5706 2552 5767 Latina
2580 5709 2958 5783 interpretatio
2990 5708 3152 5767 habet
3184 5725 3198 5763 ι
3238 5706 3301 5764 Et
3345 5708 3399 5762 in
3436 5722 3559 5780 pro-

311 5776 501 5833 fundis
528 5778 715 5844 inferni
745 5777 971 5831 conviva:
1004 5776 1135 5845 ejus.
