4004 6202
417 374 485 432 59
1395 377 1455 433 S.
1491 375 1766 435 CYRILLI
1804 379 2280 440 ALEXANDRINI
2318 383 2635 442 ARCHIEP.
3587 383 3655 439 σο

416 488 502 542 cui
542 486 616 543 sit
664 486 940 542 dubium?
987 485 1095 545 Res
1145 494 1474 549 exsecranda
1532 497 1802 567 praecipue
1835 466 1980 555 acer-

2099 503 2406 575 Ἐπάρατον
2434 505 2492 559 δὲ
2518 505 2614 559 καὶ
2636 503 2838 577 ἑτέρως
2864 505 2927 559 τὸ
2959 505 3188 576 πικροὺς
3215 503 3535 576 ὲρεύγεσθαι
3572 504 3653 558 λό-

417 580 635 632 ltitstem
663 577 951 632 verborum
1009 588 1276 645 eructare,
1320 591 1376 637 et
1412 583 1637 653 impium
1682 601 1987 646 sermonem

415 669 675 719 adversus
705 665 1026 721 ineffabilem
1064 668 1204 721 illam
1249 670 1472 740 gloriam
1503 673 1800 742 effundere,
1824 694 1986 749 quam

415 754 688 822 perpetuis
717 770 744 808 ιι
808 756 959 810 nobis
997 757 1255 814 celebrari
1303 762 1555 820 laudibus
1602 783 1813 836 :equum
1845 780 1982 826 erat.

416 844 711 899 Peccantes
772 857 948 900 autem
977 849 1029 901 in
1084 848 1301 918 fratres,
1345 862 1399 906 et
1426 859 1790 923 percutientes
1836 860 1986 915 inﬁr-

418 951 556 988 mam
589 950 773 989 eorum
824 940 1230 1008 conscientiam,
1273 944 1326 997 in
1358 945 1629 1001 Christum
1675 966 1982 1019 peccamus.

415 1027 507 1080 Sic
537 1042 768 1096 namque
797 1026 986 1083 beatus
1011 1030 1211 1087 Paulus
1252 1036 1469 1106 scripsit
1497 1038 1565 1091 ⁸⁸.
1597 1040 1748 1105 Quod
1779 1043 1983 1100 idcirco

414 1119 556 1181 dico,
584 1119 709 1186 quia
727 1120 778 1171 in
802 1122 1062 1187 quosdam
1098 1121 1262 1178 incidi
1287 1125 1519 1182 Nestorii
1541 1145 1821 1187 sermones
1841 1173 1856 1197 ,
1884 1125 1984 1190 nec

414 1210 783 1263 tantummodo
812 1210 959 1265 illum
991 1227 1188 1281 negare
1239 1215 1398 1271 video
1455 1218 1734 1276 dicendam
1763 1238 1793 1277 a
1827 1225 1983 1280 nobis

413 1311 656 1353 sanctam
675 1299 822 1354 illam
853 1302 1128 1370 Virginem
1159 1319 1280 1361 esse
1302 1305 1398 1362 Dei
1429 1319 1747 1377 matrem,et
1771 1314 1985 1370 Emma-

412 1388 623 1443 nuelem
683 1391 957 1459 peperisse
1011 1394 1102 1462 qui
1137 1393 1279 1451 Deus
1310 1408 1453 1464 erat,
1480 1402 1575 1456 sed
1607 1403 1729 1459 aliis
1765 1421 1983 1477 quoque

413 1479 586 1533 modis
635 1480 835 1535 Christi
900 1483 1086 1552 gloria
1154 1487 1432 1545 adversari
1502 1495 1808 1551 statuisse:
1856 1513 1979 1553 nam

411 1570 683 1625 Deiferum
714 1573 862 1627 illum
887 1576 1041 1629 nobis
1073 1586 1306 1632 conatur
1349 1583 1661 1650 ostendere,
1712 1601 1817 1641 non
1852 1604 1981 1644 vere

413 1657 602 1723 Deum,
660 1662 754 1714 sed
811 1664 1085 1719 hominem
1141 1669 1320 1735 potius
1379 1686 1501 1726 cum
1560 1674 1669 1729 Deo
1725 1687 1977 1745 tanquam

409 1750 718 1818 requaiitate
749 1754 1027 1821 dignitatis
1080 1757 1448 1825 coniunctum.
1494 1763 1586 1819 Sic
1640 1781 1873 1837 namque
1902 1768 1974 1823 illi

410 1848 465 1893 et
492 1841 708 1909 quidem
736 1844 835 1898 soli
861 1846 1022 1901 aliter
1047 1857 1209 1918 atque
1238 1854 1491 1908 omnibus
1519 1855 1651 1925 aliis.
1666 1857 1976 1916 hominibus
2008 1847 2052 1903 Β

410 1931 612 1985 sentire
634 1948 698 1987 ac
719 1934 897 1990 dicere
914 1937 1107 2005 placet,
1136 1944 1385 2008 quamvis
1417 1947 1683 2003 catholica
1714 1949 1977 2019 Ecclesia,

409 2036 571 2089 quam
618 2023 718 2077 sibi
769 2026 882 2092 ipse
910 2026 1161 2085 Christus
1197 2034 1534 2105 exhibuit“,
1569 2054 1725 2109 rugas
1745 2042 1978 2099 hominis

409 2114 498 2181 qui
535 2114 660 2169 talia
697 2119 1045 2188 conscripsit,
1084 2138 1190 2176 non
1234 2125 1451 2193 habeat,
1484 2144 1606 2183 cum
1655 2133 1730 2187 sit
1784 2134 1980 2188 imma-

408 2203 606 2269 culata,
624 2215 677 2259 et
701 2208 842 2263 illius
855 2212 1214 2281 cognitionem
1229 2218 1408 2273 omnis
1434 2234 1657 2287 prorsus
1687 2226 1977 2292 reprehen-

405 2292 574 2346 sionis
596 2306 871 2362 eapertem
896 2307 1092 2363 teneat,
1123 2316 1186 2355 ac
1216 2302 1340 2359 fidei
1385 2309 1752 2366 traditionem
1783 2315 1973 2369 rectis-

407 2381 538 2435 sime
553 2389 941 2453 composuerit.
960 2390 1243 2449 Credimus
1266 2410 1496 2467 namque
1524 2400 1575 2454 in
1597 2418 1758 2457 unum
1781 2403 1972 2471 Deum,

406 2471 617 2527 Patrem
653 2476 1096 2546 omnipotentem,
1136 2487 1377 2541 omnium
1423 2490 1709 2546 visibilium
1749 2506 1801 2548 et
1836 2497 1974 2550 invi-

405 2563 639 2617 sibilium
682 2565 944 2622 factorem
975 2586 991 2625 :
1025 2581 1077 2626 et
1129 2573 1182 2626 in
1235 2589 1399 2629 unum
1457 2577 1744 2635 Dominum
1792 2583 1976 2640 .Iesum

404 2652 703 2719 Christum,
731 2668 783 2710 et
831 2658 886 2712 in
932 2658 1190 2729 Spiritum
1233 2674 1477 2721 sanctum
1519 2687 1533 2732 ;
1575 2685 1637 2724 ac
1687 2687 1976 2740 sequentes

403 2754 710 2800 sanctorum
748 2747 967 2806 Patrum
1014 2754 1407 2812 confessionem
1472 2759 1555 2814 his
1609 2762 1973 2830 subjunctam,

403 2837 575 2903 ipsum
599 2836 833 2894 Verbum
866 2857 932 2896 ex
961 2842 1072 2899 Deo
1096 2842 1257 2922 Patre
1285 2850 1720 2908 substantialiter
1765 2869 1973 2922 natum,

405 2928 573 2980 nostri
595 2930 826 2985 similem
863 2933 1060 2988 factum
1087 2918 1210 2991 esse
1233 2939 1487 3004 dicimus,
1524 2950 1579 2995 et
1611 2943 1972 3011 incarnalum,

401 3028 455 3072 et
491 3020 760 3075 hominem
790 3023 1016 3089 factum,
1052 3029 1153 3081 hoc
1182 3040 1284 3095 est,
1322 3031 1424 3086 sibi
1453 3048 1649 3103 corpus
1674 3040 1969 3105 sumpsisse

2086 611 2239 663 γους,
2276 596 2369 649 καὶ
2395 596 2495 667 τῆς
2528 597 2839 668 ἀπορρήτου
2874 596 3030 669 δόξης
3057 596 3318 667 καταχέαι
3340 595 3523 664 φωνὰς
3552 596 3650 657 τὰς

2087 686 2429 757 ἀλιτηρίους⁶
2480 686 2656 740 καίτοι
2697 685 2815 739 δέον
2856 687 3254 758 ἀκαταλήκτοις
3282 687 3448 755 αὐτὴν
3485 687 3651 755 εὐφη-

2089 778 2242 846 μίαις
2285 777 2784 855 καταγεραίρεσθαι
2834 777 2969 849 πρὸς
3006 779 3183 847 ἡμῶν.
3222 777 3650 847 ’Δμαρτάνοντες

2082 868 2140 922 δὲ
2168 871 2246 932 εἰς
2283 871 2410 947 τοῦς
2441 869 2724 939 ἀδελφοὺς,
2760 869 2855 923 καὶ
2879 869 3170 932 τύπτοντες
3199 867 3530 922 ἀσθενοῦσαν
3551 867 3649 938 τὴν

2086 956 2406 1028 συνείδησιν,
2447 961 2528 1023 είς
2569 958 2802 1029 Χριστὸν
2833 960 3237 1029 ἁμαρτάνομεν.
3264 958 3511 1028 Γέγραφε
3540 958 3647 1029 γάρ

2082 1050 2253 1115 οὕτως
2280 1051 2310 1103 ὁ
2335 1051 2624 1114 Θεσπέσιος
2646 1049 2878 1114 Παῦλος.
2901 1052 3010 1103 Καὶ
3031 1050 3199 1105 ταῦτά
3220 1068 3382 1120 φημι,
3407 1052 3519 1111 τοῖς
3547 1050 3648 1101 Na.

2085 1142 2299 1213 στορίου
2344 1142 2522 1210 λόγοις
2577 1139 2984 1213 ἐντετυχηκώς·
3021 1141 3117 1195 καὶ
3166 1142 3227 1194 ού
3276 1143 3435 1211 μόνον
3486 1140 3645 1193 αὑτὸν

2081 1233 2470 1301 ἀποφάσκοντα
2494 1232 2704 1303 βλέπων
2730 1233 2791 1285 τὸ
2818 1233 3013 1302 χρῆναι
3039 1232 3219 1300 λέγειν
3247 1233 3414 1302 ἡμᾶς,
3436 1232 3511 1295 ὡς
3531 1231 3644 1284 ἔστι

2086 1323 2186 1393 μὲν
2224 1323 2487 1386 Θεοτὸκος
2512 1325 2545 1391 ἡ
2594 1323 2726 1393 ἁγία
2772 1323 3068 1393 Παρθένος,
3119 1322 3373 1376 ὲκτέτοκε
3412 1322 3469 1376 δὲ
3511 1321 3644 1375 Θεὸν

2079 1412 2208 1466 ὄντα
2251 1414 2342 1484 τδν
2395 1410 2783 1483 Ἐμμανουὴλ,
2834 1413 2971 1466 ἀλλά
3020 1413 3129 1484 γὰρ
3169 1412 3249 1465 ἔτι
3300 1412 3437 1483 πρὸς
3470 1412 3643 1481 τούτῳ

2081 1502 2175 1555 καὶ
2202 1480 2325 1555 καθδ
2353 1480 2578 1573 ἐτέρους
2605 1480 2841 1575 τρόπους
2863 1504 2931 1573 τῇ
2968 1480 3205 1572 Χριστοῦ
3238 1480 3364 1572 δόξη
3388 1480 3643 1569 πολεμεῖν

2080 1594 2354 1661 ἐγνωκότα
2374 1609 2389 1623 ·
2426 1593 2695 1664 Θεοφόρον
2720 1593 2831 1663 γὰρ
2865 1595 2996 1663 ἡμῖν
3044 1593 3207 1646 αὐτὸν
3245 1595 3502 1662 πειρᾶται
3531 1593 3640 1647 δει-

2079 1684 2280 1749 κνύειν,
2306 1685 2400 1738 κα)⁸
2425 1685 2547 1755 οὐχί¹
2575 1685 2706 1739 Θεὸν
2733 1683 2970 1754 ἀληθῶς,
2992 1682 3274 1753 ἄνθρωπον
3302 1683 3358 1737 δὲ
3379 1683 3497 1754 Θεῷ
3522 1700 3644 1737 συν-

2078 1778 2347 1848 ημμένον,
2370 1776 2445 1839 ὡς
2473 1778 2530 1830 ὲν
2568 1776 2771 1846 ἰσότητι
2796 1777 2895 1846 τῆς
2939 1775 3115 1841 ἀξίας.
3145 1774 3300 1829 Οὕτω
3326 1778 3439 1845 γὰρ
3471 1775 3639 1845 αὐτῷ,

2080 1866 2174 1920 καὶ
2201 1866 2367 1937 μόνῳ,
2395 1866 2547 1937 παρά
2579 1867 2785 1929 πάντας
2806 1868 2933 1928 τοὺς
2959 1865 3149 1927 ἄλλους
3177 1865 3324 1918 δοκεῖ
3347 1866 3561 1934 φρονεῖν
3582 1880 3641 1917 τε

2079 1957 2175 2011 καὶ
2200 1957 2407 2025 λέγειν·
2438 1957 2616 2010 καίτοι
2634 1956 2733 2025 τῆς
2761 1954 3056 2025 καθολικῆς
3083 1954 3425 2025 Ἐκκλησίας,
3449 1956 3514 2024 ἦν
3543 1954 3643 2007 αύ-

2076 2047 2167 2111 τδς
2194 2047 2372 2117 ἑαυτῷ
2406 2046 2752 2119 παρέστησεν
2775 2048 2804 2100 ό
2835 2044 3090 2116 Χριστος,
3126 2044 3224 2108 τὰς
3251 2045 3345 2098 τοῦ
3373 2044 3441 2097 τὰ
3467 2045 3642 2098 τοιάδε

2079 2137 2520 2208 συγγεγραφότος
2544 2138 2644 2190 οὐκ
2664 2136 2895 2208 ἐχούσης
2918 2136 3155 2205 ῥυτίδας.
3170 2135 3335 2207 οὔσης
3360 2136 3415 2189 δὲ
3447 2136 3644 2206 μᾶλλον

2075 2228 2332 2299 ἀμώμου,
2363 2228 2459 2282 καὶ
2494 2228 2899 2297 ἀνεπίπληκτον
2928 2228 3208 2290 παντελῶς
3240 2227 3340 2297 τὴν
3372 2228 3457 2279 ἐπ’
3496 2227 3645 2297 αύτῷ

2075 2317 2278 2387 γνῶσιν
2307 2315 2559 2387 ἐχούσης,
2596 2316 2691 2370 καὶ
2733 2319 2832 2381 τῆς
2868 2314 3102 2379 πίστεως
3132 2314 3230 2385 τὴν
3257 2313 3553 2385 παράδοσιν
3585 2311 3642 2368 εὖ

2078 2407 2222 2478 μάλα
2266 2408 2661 2476 πεποιημένης.
2704 2405 3042 2476 Πιστεύομεν
3085 2405 3194 2475 γὰρ
3238 2408 3317 2469 είς
3358 2405 3455 2459 ἕνα
3490 2405 3639 2470 Θεὸν,

2074 2498 2295 2571 Πατέρα
2320 2498 2756 2568 παντοκράτορα,
2789 2498 3006 2550 πάντων
3032 2495 3243 2567 ὁρατῶν
3275 2513 3333 2548 τε
3355 2496 3445 2549 καὶ
3474 2493 3638 2563 ἀορά-

2072 2604 2183 2640 των
2209 2587 2439 2657 ποιητήν
2460 2602 2475 2616 ’
2512 2586 2605 2639 καὶ
2638 2587 2717 2648 είς
2758 2583 2856 2637 ἕνα
2890 2584 3096 2655 Κύριον
3140 2582 3343 2657 Ἰησοῦν
3378 2581 3467 2632 τὸν
3498 2580 3636 2649 Χρι-

2077 2678 2233 2730 στόν’
2283 2676 2376 2730 καὶ
2428 2677 2509 2739 είς
2556 2675 2618 2728 τὸ
2659 2675 2882 2745 Πνεῦμα
2926 2674 2987 2728 τὸ
3032 2675 3203 2739 ἅγιον.
3265 2671 3545 2758 ξΕπόμενοι
3578 2671 3635 2724 δὲ

2074 2777 2193 2838 ταῖς
2232 2773 2441 2837 τούτοις
2491 2770 2950 2840 ὲπενηνεγμέναις
3010 2768 3118 2820 τῶν
3157 2766 3325 2835 ἁγίων
3377 2766 3636 2837 Πατέρων

2073 2862 2398 2933 ὁμολογίαις,
2445 2859 2606 2912 αὑτὸν
2636 2858 2725 2910 τὸν
2755 2859 2818 2909 ἐκ
2847 2856 2942 2910 τοῦ
2984 2854 3117 2908 Θεοῦ
3146 2857 3241 2908 καὶ
3278 2856 3490 2926 Πατρὺς
3517 2858 3614 2907 ού-

2074 2951 2278 3012 σιωδῶς
2310 2949 2481 3018 φύντα
2534 2948 2733 3014 Λόγον,
2765 2946 2883 2999 καθ’
2931 2946 3079 3016 ἡμᾶς
3129 2946 3383 3014 γενέσθαι
3432 2945 3633 3014 φαμὲν,

2072 3038 2419 3109 σαρκωοῆναί
2487 3053 2546 3089 τε
2615 3036 2713 3089 καὶ
2782 3034 3243 3107 ὲνανθρωπῆσαι,
3316 3036 3634 3099 τουτέστιν,

399 3124 464 3162 ex
493 3122 685 3165 sancta
709 3111 951 3184 Virgine,
984 3125 1037 3170 et
1066 3133 1221 3173 suum
1278 3122 1406 3175 illud
1440 3122 1635 3177 fecisse
1669 3139 1683 3178 :
1711 3141 1830 3179 nam
1866 3128 1967 3183 hoc

2076 3130 2246 3200 ἑαυτῷ
2307 3129 2464 3200 σῶμα
2508 3128 2691 3182 λαϐεῖν
2745 3129 2809 3181 ὲκ
2860 3130 2957 3199 τῆς
3008 3127 3170 3195 ἁγίας
3221 3124 3499 3197 Παρθένου
3545 3127 3638 3179 καὶ

401 3201 559 3255 modo
601 3202 659 3257 fit
705 3214 764 3258 ut
804 3222 929 3260 vere
963 3224 1101 3263 unus
1132 3211 1202 3264 sit
1236 3208 1492 3267 Dominus
1515 3212 1673 3269 Jesus
1695 3215 1963 3295 Christus,

2076 3189 2400 3273 ἴδιον-αὐτὸ·
2428 3218 2788 3288 ποιήσασθαν
2837 3189 2981 3271 οὕτω
3018 3189 3129 3289 γάρ
3154 3189 3324 3270 Ῠέσται
3376 3217 3469 3270 καὶ
3506 3215 3632 3286 ἀλη·

401 3290 501 3345 hoc
525 3293 682 3345 modo
708 3295 854 3348 illum
879 3304 935 3349 ut
967 3313 1127 3351 unum
1171 3299 1536 3366 adorabimns,
1574 3305 1620 3358 si
1655 3320 1760 3360 non
1797 3290 1969 3362 homi-

400 3397 522 3434 nem
557 3397 619 3436 ac
651 3383 816 3438 Deum
850 3388 1076 3442 scorsim
1108 3405 1390 3459 ponamus,
1426 3396 1519 3447 sed
1549 3411 1712 3449 unum
1732 3407 1787 3450 et
1825 3413 1973 3452 eum-

396 3474 517 3527 dem
552 3488 675 3528 essc
735 3478 1021 3533 credamus
1066 3478 1119 3532 in
1183 3481 1464 3538 divinitate
1503 3494 1557 3537 et
1614 3486 1967 3552 humanitate,

397 3565 498 3618 hoc
530 3573 633 3629 est,
677 3564 780 3635 31
831 3566 996 3621 Deum
1052 3568 1211 3624 simul
1260 3581 1317 3625 et
1373 3573 1670 3631 hominem.
1723 3578 1795 3632 At
1841 3594 1969 3635 vero

396 3664 581 3708 noster
611 3654 699 3711 hic
724 3657 1110 3713 recentissimas
1147 3660 1443 3730 impietatis
1474 3666 1743 3733 inventor,
1775 3666 1969 3739 quam-

394 3745 477 3798 vis
508 3743 784 3801 Christum
817 3764 985 3804 unum
1014 3765 1075 3805 se
1094 3752 1273 3807 dicere
1291 3754 1529 3822 simulet,
1561 3767 1741 3813 tamen
1767 3761 1969 3831 ubique

395 3843 620 3891 naturas
653 3838 864 3904 dividit,
889 3849 944 3894 et
979 3844 1205 3897 scorsim
1234 3854 1519 3915 utramque
1544 3850 1718 3917 ponit,
1752 3854 1969 3907 asserit-

394 3942 503 3992 qne
556 3943 661 3982 non
700 3929 820 3985 illas
859 3932 1001 3987 inter
1032 3949 1092 3988 se
1135 3949 1260 3991 vere
1296 3939 1651 4005 convenisse,
1696 3943 1791 3996 sed
1836 3957 1970 4012 pras-

398 4015 924 4075 texitexcusationes
959 4036 1021 4075 ac
1040 4033 1336 4093 praeteritus
1371 4027 1428 4081 in
1464 4031 1723 4096 peccatis,
1760 4035 1971 4087 utscri-

2070 3308 2180 3374 θῶς
2230 3303 2312 3371 εἷς
2340 3307 2543 3378 Κύριος
2588 3306 2795 3377 Ἰησοῦς
2838 3307 3109 3379 Χριστόςο
3148 3305 3325 3369 οὕτως
3362 3305 3523 3363 αὑτὸν
3560 3304 3639 3367 ὡς

2068 3401 2165 3454 ἕνα
2206 3401 2696 3469 προσκυνήσομεν,
2746 3398 2848 3452 οὐκ
2900 3398 3004 3451 ἁνὰ
3056 3396 3222 3470 μέρος
3262 3396 3501 3461 τιθέντες
3546 3397 3637 3452 ἄνα

2071 3489 2307 3561 θρωπον,
2339 3488 2433 3542 καὶ
2463 3487 2616 3552 Θεὸν,
2655 3487 2771 3540 ἀλλ’
2799 3486 2919 3553 ἕνα,
2950 3487 3044 3540 καὶ
3068 3487 3159 3539 τὸν
3190 3487 3351 3540 αὑτὸν
3378 3482 3517 3541 εἶναι
3547 3504 3636 3540 πι-

2071 3577 2374 3642 στεύοντες,
2395 3577 2472 3640 ὡς
2493 3577 2550 3629 ἐν
2574 3576 2788 3646 θεότητι
2817 3576 2912 3629 καὶ
2938 3575 3314 3646 ἀνθρωπότητι
3332 3593 3348 3608 ’
3368 3575 3634 3643 τουτέστι,

2067 3667 2200 3721 Θεόν
2227 3684 2286 3720 τε
2314 3667 2447 3738 ὁμοῦ
2480 3668 2574 3721 καὶ
2609 3665 2913 3738 ἄνθρωπον.
2961 3665 3020 3719 '0
3053 3666 3110 3719 δέ
3140 3683 3204 3734 γε
3235 3666 3336 3735 τῆς
3362 3666 3634 3740 νεωτάτης

2067 3761 2202 3830 ἡμῖν
2230 3758 2485 3821 ἀσεϐείας
2530 3757 2777 3828 εὑρετὴς,
2829 3755 3004 3810 καίτοι
3051 3757 3282 3829 Χριστὸν
3313 3757 3409 3811 ινα
3456 3758 3634 3828 λέγειν

2068 3850 2554 3919 προσποιούμενος,
2590 3849 2789 3919 διαιρεί
2828 3847 2930 3917 μὲν
2979 3847 3252 3917 πανταχοῦ
3287 3848 3388 3911 τὰς
3419 3849 3630 3919 φύσεις,

2066 3936 2164 3991 καὶ
2207 3937 2314 3990 ἀνὰ
2367 3936 2533 4010 μέρος
2585 3936 2797 4005 ἵστησιν
2828 3936 3113 4007 ἑκατέραν,
3145 3938 3245 3991 οὐκ
3289 3937 3482 4009 ἀληθὲς
3518 3937 3630 4010 [Ισ.

2068 4025 2304 4096 ἀληθῶς]
2339 4008 2607 4097 ἀλλήλαις.
2631 4027 2903 4097 συμθῆναι
2924 4026 3095 4094 λέγων
3126 4027 3295 4092 αὐτάς
3316 4043 3332 4059 ·
3364 4008 3629 4099 προφασι-

396 4114 545 4174 ptum
589 4118 672 4162 est
712 4109 780 4173 ⁸⁸.
833 4123 887 4165 et
943 4115 1158 4168 modum
1216 4119 1504 4185 quemdam
1570 4119 1969 4189 coniunctionis

2076 4115 2296 4188 ζόμενος
2336 4115 2392 4170 δὲ
2442 4117 2740 4187 προφάσεις
2792 4120 2852 4170 ὲν
2894 4118 3209 4189 ἁμαρτίαις,
3265 4119 3402 4172 κατὰ
3442 4120 3502 4172 τὸ
3538 4137 3632 4189 γε-

396 4201 846 4266 comminiscitur,
899 4204 1048 4260 ἰΙΙιιιιι
1091 4222 1283 4279 nempe
1320 4211 1617 4264 secundum
1674 4212 1865 4279 solam,
1910 4221 1970 4268 ut

2076 4208 2403 4280 γραμμένον,
2427 4209 2633 4261 ἐπινοεῖ
2658 4223 2779 4259 τινα
2809 4207 3100 4274 συναφείας
3129 4206 3348 4305 τρόπον,
3368 4207 3630 4305 τὸνλκατά

401 4290 530 4350 dixi,
567 4291 844 4357 dignitatis
898 4298 1281 4364 aequalitatem,
1344 4310 1403 4354 nt
1439 4316 1504 4354 ex
1556 4301 1724 4369 ipsius
1781 4304 1966 4358 verbis

2076 4294 2251 4363 μόνον,
2294 4293 2371 4355 ὡς
2420 4292 2575 4362 ἔφην,
2609 4292 2708 4361 τὴν
2744 4292 2963 4360 ἰσότητα
3008 4293 3107 4361 τῆς
3144 4290 3332 4356 ἀξίαςθ
3380 4294 3631 4367 καθάπερ

397 4378 555 4447 plane
584 4380 918 4448 docebimus,
947 4394 1001 4439 et
1039 4395 1292 4457 tanquam
1333 4390 1383 4443 in
1435 4390 1655 4444 homine
1700 4393 1791 4459 qui
1834 4393 1966 4447 nihil

2076 4384 2257 4454 ὶμὲλει
2290 4383 2383 4437 καὶ
2411 4384 2475 4435 ἐκ
2522 4381 2630 4435 τῶν
2681 4382 2846 4435 αὑτοῦ
2902 4382 3245 4452 δειχθήσεται
3296 4383 3500 4453 λόγων·
3537 4388 3630 4446 καὶ

397 4484 558 4540 supra
602 4483 825 4529 caeteros
861 4475 1074 4539 habeat,
1134 4479 1308 4547 ipsum
1345 4496 1412 4535 ex
1460 4480 1570 4535 Deo
1614 4480 1845 4535 Verbum
1895 4499 1975 4537 ex.

2076 4474 2319 4539 ὲνοικίζει
2356 4474 2454 4544 μὲν
2492 4471 2788 4544 μεθεκτῶς,
2823 4473 2898 4535 ὡς
2930 4472 3201 4545 ἀνθρώπῳ
3229 4476 3415 4546 κοινῷ,
3447 4477 3537 4531 τὸν
3565 4481 3631 4532 ἐκ

399 4562 813 4631 «articipatione
840 4567 1151 4624 inhabitans
1179 4570 1327 4634 facit,
1379 4585 1445 4625 ac
1491 4586 1648 4627 voces
1684 4588 1802 4641 qua
1836 4584 1963 4628 sunt

2076 4566 2202 4620 Βεοῦ
2228 4565 2398 4634 Λόγον
2417 4582 2432 4597 ·
2468 4563 2678 4636 μερίζει
2706 4564 2762 4617 δὲ
2789 4564 2887 4628 τὰς
2917 4565 2975 4619 ὲν
3003 4568 3115 4628 τοῖς
3145 4566 3493 4635 Εὐαγγελίοις
3523 4587 3632 4639 φω-

397 4654 453 4707 in
501 4653 803 4725 Evangeliis
849 4658 922 4714 ita
953 4660 1166 4724 dividit,
1195 4658 1257 4715 ut'
1279 4661 1567 4732 aliquando
1592 4675 1772 4719 certas
1795 4680 1960 4734 quas‘

2076 4658 2185 4722 νὰς,
2232 4656 2308 4718 ὼς
2338 4656 2467 4709 ποτὲ
2507 4658 2605 4726 μὲν
2637 4656 2799 4710 τάσδε
2833 4654 2986 4719 τινὰς
3034 4656 3179 4726 μόνῳ
3225 4673 3283 4709 τε
3317 4660 3411 4711 καὶ
3452 4659 3632 4724 ίδικῶς

396 4745 518 4797 dum
545 4745 644 4799 soli
702 4763 764 4802 ac
790 4751 1005 4817 proprie
1035 4750 1211 4806 Verbo
1237 4753 1463 4817 tribuat,
1491 4755 1784 4823 aliquando
1809 4770 1960 4810 seor-

2076 4748 2375 4802 ἁνατιθέναι
2409 4747 2487 4817 τῷ
2517 4748 2675 4818 Λόγῳ
2696 4762 2713 4780 ο
2747 4747 2877 4800 ποτὲ
2919 4746 2976 4799 δὲ
3010 4747 3114 4818 ἰδίᾳ
3146 4747 3225 4817 τῷ
3256 4750 3321 4802 ὲκ
3351 4751 3633 4817 γυναικός.

396 4835 440 4887 si
467 4855 495 4886 ιι
523 4835 596 4890 illi
620 4838 709 4905 qni
740 4850 825 4892 est
872 4855 938 4894 ex
977 4841 1201 4895 muliere
1242 4843 1439 4897 editus.
1490 4842 1649 4908 Atqui
1695 4844 1963 4912 quomodo

2076 4839 2261 4892 Καίτοι
2310 4838 2427 4901 πῶς
2472 4839 2569 4909 οὐχ
2615 4837 2818 4891 ἁπασιν
2857 4838 2941 4907 εἴη
2993 4836 3057 4891 ἂν
3096 4838 3197 4891 οὐκ
3248 4840 3630 4909 ἀναμφιλόγως

397 4941 501 4979 non
526 4930 597 4982 sit
638 4930 888 4985 omnibus
941 4933 1332 4996 certissimum,
1383 4934 1530 4987 illum
1583 4935 1959 5003 Unigenitnm,

2076 4927 2209 4997 ἔχον,
2236 4928 2318 4980 ὅτι
2346 4926 2475 4988 Θεὸς
2503 4925 2579 4980 ὢν
2607 4926 2786 4995 φύσει,
2826 4926 3046 4994 γέγονεν
3076 4926 3359 4997 ἄνθρωπος
3396 4930 3425 4980 ὁ
3460 4930 3631 4982 Μονο-

396 5031 517 5070 cum
548 5019 689 5076 Deus
712 5033 855 5077 esset
892 5033 1110 5088 natura,
1158 5037 1278 5078 esse
1308 5024 1577 5079 hominem
1607 5026 1831 5089 factum,
1856 5042 1961 5080 nou

2076 5018 2251 5090 γενὴς,
2287 5018 2350 5071 ού
2392 5017 2535 5071 κατά
2580 5017 2872 5086 συνάφειαν
2917 5017 3121 5083 ἁπλῶς,
3160 5020 3236 5082 ὼς
3264 5019 3393 5086 γοῦν
3429 5019 3629 5082 ἐκεῖνός

396 5108 625 5177 simplici
684 5113 1084 5181 conjunctione,
1111 5122 1170 5166 ut
1219 5114 1307 5167 ille
1363 5116 1580 5181 asserit,
1631 5116 1970 5170 extrinsecus

2076 5108 2330 5181 φησι,τὴν
2360 5107 2591 5179 θύραθεν
2613 5107 3021 5178 ὲπινοουμένην,
3044 5108 3161 5179 ἤτοι
3187 5110 3441 5179 σχετικὴν
3460 5126 3475 5140 ο
3497 5108 3630 5162 ἀλλὰ

396 5198 720 5268 excogitata,
753 5213 844 5256 aut
872 5205 1141 5272 affectiva,
1168 5205 1263 5260 sed
1289 5220 1416 5261 vera
1441 5206 1657 5273 unione,
1710 5206 1967 5261 ineffabili

401 5289 555 5310 Νη,
586 5290 741 5310 ΑΜ.
783 5295 868 5310 ,,.
1085 5296 1116 5310 ._
1287 5295 1310 5310 ..
1347 5295 1379 5310 ._
1499 5305 1509 5310 _
1758 5299 1769 5309 .
1871 5298 1883 5310 .
1952 5306 1961 5310 Α

2076 5202 2187 5254 καθ’
2222 5201 2413 5254 ἕνωσιν
2455 5200 2652 5271 ἀληθῆ,
2685 5201 3009 5271 ἀπορρήτως
3057 5216 3116 5253 τε
3154 5202 3247 5253 καὶ
3279 5200 3421 5271 ὑπὲρ
3468 5200 3629 5302 νοῦν

400 5289 560 5342 modo
584 5290 742 5343 simul
775 5302 829 5345 et
858 5295 1251 5365 inexcogitabili
1287 5295 1310 5348 Ἰ
1346 5295 1418 5350 Ita
1462 5305 1514 5351 et
1563 5312 1700 5352 unus
1727 5298 1885 5351 simul
1915 5306 1969 5352 et

2076 5291 2222 5346 Οὖτω
2266 5309 2359 5355 τε,
2417 5287 2497 5354 εἷς
2541 5293 2740 5344 νοεῖται
2786 5291 2881 5343 καὶ
2936 5289 3123 5360 μόνος·
3180 5291 3325 5353 ἅπας
3371 5307 3429 5343 τε
3484 5290 3631 5361 αὐτῷ

2156 5382 2168 5397 .
2300 5381 2355 5397 ς.
2582 5381 2596 5397 .
2653 5381 2667 5397 .
2758 5380 2812 5397 ..
2859 5382 2871 5397 .
2915 5381 2927 5397 .
3158 5379 3170 5397 ι
3380 5379 3395 5397 ι
3462 5396 3465 5397 ,
3512 5382 3523 5397 .

400 5378 549 5433 solus
578 5379 929 5451 intelligetur,
964 5393 1021 5438 et
1067 5386 1246 5440 omnia
1275 5384 1326 5442 ei
1360 5386 1503 5442 dicta
1537 5386 1885 5450 convenient,
1912 5393 1967 5440 et

2076 5382 2264 5454 πρέπει
2300 5381 2477 5450 λόγος,
2512 5381 2604 5434 καὶ
2638 5381 2712 5443 ὡς
2754 5380 2813 5445 ἐξ
2853 5381 2970 5445 ἐνὸς
2999 5379 3288 5450 προσώπου
3336 5379 3407 5434 τὰ
3453 5382 3629 5435 πάντα

401 5472 582 5527 omnia
611 5482 862 5543 tanquam
895 5475 963 5529 ab
996 5490 1100 5530 una
1146 5493 1373 5547 persona
1415 5480 1555 5534 dicta
1581 5480 1964 5534 censebnntur.

2076 5475 2356 5542 λελέξεται·
2384 5473 2481 5544 μία
2500 5475 2608 5544 γὰρ
2631 5473 2731 5543 ἤδη
2756 5475 2951 5525 νοεῖται
2977 5472 3137 5539 φύσις
3168 5470 3305 5578 μετὰ
3324 5471 3420 5541 τὴν
3438 5471 3628 5578 ένωσιν

355 5606 363 5614 .
404 5561 537 5618 Nam
570 5574 688 5634 post
713 5565 965 5621 unionem
1017 5581 1122 5620 una
1163 5568 1276 5636 jam
1319 5570 1634 5639 intelligitur
1660 5579 1846 5625 natura
1876 5567 1962 5622 illa

2076 5568 2099 5636 ἡ
2134 5565 2295 5620 αὐτοῦ
2344 5565 2436 5620 τοῦ
2492 5566 2664 5634 Λόγου
2706 5562 3112 5635 σεσαρκωμένη,
3159 5562 3407 5634 καθάπερ
3440 5562 3628 5632 ἀμέλει

476 5737 521 5773 ⁸³
550 5738 566 5793 l
598 5739 720 5795 Cor.
749 5755 863 5799 vtu.
906 5740 989 5795 l2.
1063 5737 1105 5769 ⁸¹
1140 5740 1332 5806 Ephes.
1365 5757 1414 5796 ν.
1449 5743 1535 5796 ΞἹ.
1616 5745 1659 5774 θ’
1683 5742 1822 5798 Psal.
1854 5756 1970 5797 ch.
2012 5743 2063 5794 si.
