4004 6202
326 359 401 415 σε
1461 348 1833 408 snvsnsus
1869 350 2276 411 NESTORIUI
2318 352 2450 411 us.
2492 353 2557 412 ιι.
3546 359 3622 417 οε

330 470 433 525 καὶ
483 468 575 536 ἐφ’
603 464 766 537 ἡμῶν
801 460 989 518 αύτῶν
1036 460 1196 514 νοοῖτ’
1235 460 1305 515 ἄν
1355 460 1579 525 είκότως
1600 477 1613 491 ·
1650 460 1917 533 ἄνθρωποι

2044 465 2215 536 ipsius
2239 464 2401 522 Verbi
2442 466 2747 534 iucarnata,
2802 474 2863 522 ut
2913 468 3105 538 procul
3159 469 3325 527 dubio
3352 472 3408 528 in
3462 474 3619 530 nobis

326 560 450 630 γὰρ
471 554 554 622 εἷς
574 555 797 627 άληθῶς
821 553 1181 623 συγκείμενος
1200 550 1262 615 ἐξ
1279 551 1544 622 ἀνομοίων
1565 555 1932 625 πραγμάτων,

328 649 519 720 ψυχῆς
547 649 610 717 δὴ
644 647 794 714 λέγω
813 644 908 697 καὶ
938 641 1213 712 σώματος.
1246 642 1730 713 Ἐπισημήνασθαι
1749 643 1805 697 δὲ
1839 645 1936 699 χαι

330 738 434 791 νῦν
450 738 774 805 αναγκαῖον,
807 734 891 786 ὅτι
920 731 982 784 τὸ
1009 729 1209 783 ἑνωθὲν
1226 729 1301 798 τῷ
1319 729 1437 799 Θεῷ
1453 730 1610 800 Λόγῳ
1628 731 1807 801 σῶμα,
1826 750 1933 800 φα..

333 829 442 899 μὲν
456 825 780 897 ἐψυχῶσθαι
801 824 949 894 ψυχῇ
978 822 1189 892 λογικῇ.
1214 819 1604 891 Προσθήσομαι
1628 822 1686 875 δὲ
1715 824 1935 877 κάκεῖνο

329 920 653 991 χρησίμως·
682 917 851 987 ἑτέρα
889 916 990 984 μὲν
1031 916 1138 984 γὰρ
1165 911 1317 983 παρὰ
1361 912 1456 965 τὸν
1498 914 1563 966 ὲκ
1591 912 1726 966 Θεοῦ
1759 913 1932 982 Λόγον

332 1014 374 1081 ἠ
406 1010 568 1079 σάρξ,
598 1008 744 1061 κατά
782 1024 849 1073 γε
878 1006 971 1059 τὸν
994 1005 1093 1075 τῆς
1126 1004 1262 1066 ιδίας
1297 1002 1516 1071 φύσεως
1560 1002 1738 1072 λόγον,
1772 1005 1933 1073 ἑτέρα

337 1104 399 1157 δὲ
426 1103 592 1156 πάλιν
625 1097 903 1161 οὐσιωδῶς
941 1099 976 1169 η
1008 1095 1176 1149 αὐτοῦ
1205 1094 1302 1148 τοῦ
1348 1094 1522 1162 Λόγου
1552 1094 1738 1165 φύσις.
1785 1094 1932 1163 Πλὴν

345 1195 400 1247 ει
443 1194 541 1247 καὶ
582 1195 775 1245 νοεῖται
824 1190 1080 1259 διάφορα,
1124 1191 1219 1242 καὶ
1248 1189 1330 1251 είς
1368 1188 1663 1259 ἑτερότητα
1694 1188 1933 1260 φυσικὴν

348 1282 776 1355 διεσχοινισμένα
822 1280 892 1334 τά
912 1277 1311 1349 ὠνομασμένα,
1343 1275 1460 1329 ἀλλ’
1504 1272 1584 1341 εἷς
1610 1277 1669 1345 ἐξ
1723 1279 1931 1349 ἀμφοῖν

342 1380 543 1431 νοεῖται
578 1373 814 1445 Χριστός
838 1390 852 1402 ·
886 1371 1010 1425 καθ’
1044 1371 1239 1424 ἕνωσιν
1286 1368 1463 1441 ἀληθῆ
1507 1368 1755 1441 ἀλλήλοις
1789 1386 1930 1440 συμ..

343 1467 678 1538 δεὸηκότων,
711 1464 968 1535 θεότητός
994 1479 1056 1515 τε
1093 1461 1187 1515 καὶ
1230 1460 1669 1533 ἀνθρωπότητος.
1722 1460 1930 1532 Ἐμπε-

335 1561 422 1614 δοῖ
446 1560 503 1613 δὲ
553 1560 695 1630 πρὸς
737 1556 894 1610 τοῦτο
933 1554 1083 1626 ἡμᾶς
1120 1555 1152 1625 ἠ
1204 1553 1560 1616 θεόπνευστος
1591 1553 1803 1623 Γραφὴ,
1840 1553 1930 1608 διὰ

335 1651 551 1723 μυρίων
583 1650 683 1721 μὲν
709 1650 851 1702 ὅσων
879 1646 1229 1717 πραγμάτων
1262 1662 1321 1698 τε
1372 1644 1465 1698 καὶ
1507 1644 1681 1713 λόγων
1703 1662 1716 1676 ·
1749 1661 1929 1716 παρα-

334 1744 590 1813 δείγμασι
632 1742 691 1795 δὲ
724 1740 1006 1812 χρωμένη,
1054 1738 1124 1791 δι’
1162 1731 1240 1793 ὧν
1269 1736 1333 1790 ἄν
1377 1754 1464 1801 τις
1496 1738 1590 1791 καὶ
1624 1736 1745 1790 λίαν
1793 1738 1927 1792 ἀκο-

2037 556 2169 625 ipsis
2188 558 2352 611 etiam
2370 558 2755 613 convenienter
2788 558 3125 629 intelligitur.
3183 559 3339 616 Unus
3373 578 3615 635 namque

2036 640 2199 697 homo
2221 643 2380 713 plane
2399 654 2481 699 est
2499 659 2564 700 ex
2586 645 2943 702 dissimilibus
2973 652 3155 715 rebus,
3198 664 3265 704 ex
3286 653 3491 720 anima,
3520 654 3607 708 iu-

2037 750 2230 804 quam,
2261 746 2317 791 et
2343 752 2571 806 corpore
2606 739 2956 807 compositus.
2987 738 3153 793 Porro
3202 741 3331 795 illud
3360 752 3446 795 est
3476 760 3620 801 nunc

2033 827 2198 880 etiam
2238 828 2559 894 notandum,
2611 828 2773 883 fateri
2824 843 2924 884 nos
2987 844 3185 897 corpus
3224 831 3355 885 illud
3407 836 3617 889 unitum

2033 916 2148 973 Deo
2177 919 2377 983 Verbo,
2419 920 2587 975 fuisse
2635 922 2818 975 anima
2846 921 3097 975 rationali
3124 924 3442 979 animatum.
3484 925 3616 980 Illud

2033 1024 2248 1081 quoque
2281 1012 2422 1067 haud
2454 1013 2795 1068 incommode
2814 1012 3139 1078 addiderim,
3162 1015 3324 1069 aliam
3341 1031 3464 1070 esse
3490 1032 3613 1071 car-

2033 1116 2156 1156 nem
2202 1118 2233 1155 a
2266 1101 2378 1157 Deo
2435 1103 2616 1158 Verbo
2671 1105 2834 1175 (quod
2866 1106 2933 1160 ad
2973 1121 3084 1160 sua:
3119 1115 3325 1160 naturae
3352 1108 3617 1162 rationem

2032 1188 2272 1258 attinet),
2302 1190 2579 1259 aliamque
2612 1207 2803 1248 rursus
2838 1193 3204 1248 essentialiter
3252 1196 3421 1260 ipsam
3454 1194 3619 1252 Verbi

2031 1289 2306 1336 naturam.
2343 1280 2451 1337 Sed
2481 1284 2734 1353 quamvis
2782 1283 2894 1339 haec
2943 1283 3166 1340 differre
3219 1285 3614 1355 intelligantur,

2029 1381 2086 1429 et
2116 1372 2344 1428 naturali
2375 1373 2693 1430 diversitate
2736 1389 2858 1431 esse
2916 1375 3220 1445 disjuncla,
3258 1393 3398 1433 unus
3429 1386 3614 1434 tamen

2029 1480 2095 1521 ex
2132 1476 2363 1535 utroque
2400 1465 2652 1522 Christus
2705 1465 3048 1536 intelligitur,
3098 1468 3225 1522 dum
3283 1484 3379 1537 per
3428 1483 3614 1525 veram

2030 1559 2299 1613 unitatem
2352 1558 2533 1614 deitas
2575 1558 2737 1613 simul
2769 1566 2825 1613 et
2856 1559 3167 1614 humanitas
3196 1560 3431 1616 invicem
3481 1575 3616 1617 con-

2028 1652 2273 1706 veniunt.
2296 1649 2353 1705 In
2388 1650 2491 1704 hac
2522 1663 2652 1704 vero
2683 1651 2951 1704 sententia
3003 1665 3106 1705 nos
3139 1651 3441 1706 innumeris
3493 1662 3615 1707 tum

2030 1740 2216 1805 factis,
2282 1750 2392 1795 tum
2457 1740 2617 1796 dictis
2680 1739 2965 1810 Scriptura
3031 1742 3293 1798 divinitus
3351 1744 3612 1813 inspirata

332 1836 440 1888 νιτὶ
475 1837 616 1906 πρός
664 1850 727 1901 γε
773 1832 838 1886 τὸ
882 1829 1147 1884 δύνασθαι
1192 1828 1431 1882 κατιδεῖν
1455 1828 1517 1881 τδ
1546 1827 1782 1900 Χριστοῦ
1818 1845 1917 1899 μυ-

2024 1834 2333 1899 confirmat,
2386 1833 2479 1887 sed
2509 1834 2779 1902 prmeipue
2804 1834 2927 1886 dum
2978 1835 3245 1903 exemplis
3278 1828 3486 1896 'utitur.
3515 1852 3616 1904 per

334 1929 557 1998 στήριον
614 1927 850 1980 διελάσει
902 1925 1113 1993 σαφῶς.
1167 1923 1314 1994 Ἔφη
1370 1923 1551 1976 τοίνυν
1586 1925 1614 1977 ό
1655 1924 1926 1994 μακάριος

334 2022 630 2090 προφήτης
666 2018 923 2081 Ἡσαΐαςο
956 2035 975 2068 t
1008 2016 1121 2070 Kal.
1149 2014 1430 2084 ἀπεστάλη
1458 2015 1593 2085 πρός
1625 2032 1694 2085 με
1724 2013 1782 2067 ἓν
1815 2014 1923 2071 τῶν

341 2112 629 2181 Σεραιρῳ·
660 2112 750 2164 καὶ
777 2113 842 2179 τῇ
891 2109 1035 2179 χειρὶ
1069 2106 1219 2177 εἶχεν
1251 2106 1521 2175 ἄνθρακα,
1555 2106 1614 2159 δν
1645 2110 1710 2177 τῇ
1746 2106 1922 2161 λαὸίδι

347 2195 546 2249 ῑλαϐεν
566 2196 669 2249 ἀπὸ
690 2196 778 2249 τοῦ
801 2195 1206 2265 θυσιαστηρίου,
1229 2194 1324 2247 καὶ
1342 2194 1519 2264 ἥψατο
1538 2194 1632 2248 τοῦ
1657 2196 1923 2266 στόματός

369 2306 499 2357 μου,
524 2289 614 2341 καὶ
639 2283 783 2340 εἶπεν
801 2306 815 2319 ·
857 2288 986 2341 Ἰδοὺ
1010 2288 1193 2357 ἥψατο
1219 2285 1381 2339 τοῦτο
1411 2286 1517 2340 τῶν
1548 2288 1771 2357 χειλέων
1802 2306 1918 2355 σου,

358 2378 465 2431 καὶ
495 2378 676 2445 ἀτελεῖ
707 2378 801 2441 τᾶς
829 2378 1044 2444 ἀνομίας
1077 2393 1194 2441 σου,
1234 2376 1329 2429 καὶ
1368 2376 1467 2438 τὰς
1502 2377 1777 2447 ἁμαρτίας
1824 2393 1918 2430 σου

349 2469 774 2539 περικαθαριεϊ.
817 2486 836 2518 ι
872 2466 1446 2539 Πολυπραγμονοῦντες
1486 2467 1565 2531 δὲ,
1602 2468 1677 2532 ὡς
1709 2467 1810 2533 ἔνι,
1859 2467 1921 2521 τὸ

334 2560 443 2629 τῆς
485 2560 748 2629 ὁράσεως
772 2559 960 2629 βάθος,
1009 2559 1102 2628 οὐχ
1141 2560 1325 2628 ’ἕτερον
1358 2554 1498 2613 εἷναί
1542 2576 1744 2629 φαμεν,
1779 2559 1918 2630 πλὴν

332 2652 419 2705 ὃτι
456 2651 550 2704 τὸν
599 2650 810 2721 Κύριον
858 2649 1020 2720 ἡμῶν
1068 2650 1259 2719 Ἰησοῦν
1307 2650 1562 2721 Χριστὸν,
1606 2651 1698 2703 τὸν
1748 2652 1806 2703 ἐν
1840 2650 1918 2721 τῷ

332 2741 705 2810 θυσιαστηρίῳ
741 2739 993 2810 κείμενον
1037 2738 1286 2811 ἄνθρακα
1317 2739 1504 2810 νοητόν
1530 2758 1543 2773 ’
1581 2741 1666 2809 ἐφ’
1708 2733 1752 2808 ᾧ
1785 2742 1915 2812 παρ’

330 2833 493 2904 ἡμῶν
525 2831 805 2895 εῦωδιάζει
848 2831 1102 2902 θυμίαμα
1162 2831 1241 2902 τῷ
1286 2830 1404 2901 Θεῷ
1452 2830 1546 2885 κα)⁸
1589 2832 1799 2903 Πατρίο
1848 2834 1916 2887 δι’

330 2923 497 2977 αὑτοῦ
548 2921 657 2993 γάρ
704 2922 803 2992 τὴν
852 2921 1225 2993 προσαγωγὴν
1258 2922 1592 2991 ἐσχήκαμεν,
1638 2920 1818 2976 δεκτοί
1856 2921 1916 2975 τέ

331 3018 525 3086 ἐσμεν,
557 3014 657 3077 τὰς
689 3012 1061 3083 πνευματικὰς
1108 3012 1393 3075 τελοῦντες
1424 3011 1698 3083 λατρείας.
1749 3007 1917 3077 Οὗτος

334 3104 521 3158 τοίνυν
548 3105 578 3157 ό
614 3101 812 3171 ἄνθραξ
856 3103 884 3153 ὁ
925 3101 1089 3164 θεῖος,
1139 3101 1268 3153 ὅταν
1300 3098 1504 3170 ἆψηται
1538 3098 1646 3152 τῶν
1690 3098 1915 3169 χειλέων

2031 1939 2150 1995 qua:
2179 1924 2439 1979 facillime
2462 1924 2694 1994 quisque
2729 1926 2793 1977 ad
2824 1924 3024 1980 Christi
3053 1925 3371 1995 mysterium
3396 1927 3611 1995 perspi-

2030 2030 2130 2070 cue
2176 2016 2583 2095 intelligendum
2638 2016 2861 2070 tendere
2921 2016 3114 2084 possit.
3190 2014 3388 2071 Beatus
3448 2018 3612 2084 igitur

2027 2105 2287 2175 propheta
2331 2104 2499 2160 Isaias
2552 2104 2670 2161 ait:
2718 2123 2741 2158 ι
2783 2104 2849 2159 Ει
2885 2107 3080 2159 missus
3109 2114 3195 2160 est
3244 2107 3308 2160 ad
3345 2122 3433 2161 me
3465 2122 3609 2162 unus

2028 2196 2095 2252 de
2120 2198 2427 2267 Serapbim,
2461 2210 2516 2254 et
2543 2199 2594 2253 in
2628 2214 2790 2255 manu
2834 2198 3069 2254 habebat
3104 2198 3417 2264 carbonem,
3446 2214 3615 2269 quem-

2027 2288 2234 2358 forcipe
2257 2299 2542 2360 acceperat
2599 2306 2664 2346 ex
2696 2290 2880 2356 altari,
2910 2300 2967 2345 et
3011 2290 3187 2359 tetigit
3216 2306 3278 2346 os
3323 2308 3523 2357 meum,
3552 2302 3609 2346 et

2026 2379 2166 2433 dixit
2201 2397 2215 2433 :
2245 2380 2382 2435 Ecce
2418 2381 2593 2452 tetigit
2633 2382 2736 2436 hoc
2777 2381 2916 2435 labia
2941 2390 3053 2444 tua,
3077 2391 3133 2435 et
3162 2382 3373 2437 auferet
3407 2383 3607 2449 iniqui-

2028 2474 2167 2521 tates
2225 2476 2364 2528 tuas.
2426 2477 2479 2521 et
2510 2470 2748 2537 expiabit
2803 2480 3023 2538 peccata
3079 2478 3169 2521 tua
3195 2468 3321 2521 “.4
3371 2469 3609 2525 Visionis

2027 2554 2188 2624 hujus
2238 2557 2662 2626 profunditatem
2705 2568 2764 2611 ut
2812 2559 2959 2612 vires
3016 2557 3196 2612 ferunt
3232 2560 3605 2630 exquirentes,

2027 2644 2134 2714 32
2163 2662 2266 2699 non
2304 2647 2449 2701 aliud
2486 2649 2586 2703 nisi
2624 2649 2910 2704 Dominum
2949 2658 3193 2704 nostrum
3223 2650 3407 2704 Jesum
3444 2649 3608 2706 Chri-

2026 2748 2170 2790 suun
2221 2753 2344 2793 esse
2395 2739 2627 2795 dicimus
2682 2739 2986 2809 spiritalem
3042 2739 3192 2793 illum
3228 2742 3516 2795 carbonem
3553 2742 3605 2797 itt

2024 2827 2180 2881 altari
2206 2831 2463 2896 positum,
2512 2846 2676 2900 super
2731 2846 2839 2900 quo
2888 2833 3184 2903 thymiama
3213 2832 3325 2886 Deo
3365 2847 3428 2885 at:
3459 2832 3604 2887 Patti

2024 2930 2053 2970 a
2087 2916 2240 2971 nobis
2270 2918 2521 2973 adoletur
2545 2936 2560 2976 :
2586 2935 2682 2987 per
2715 2922 2887 2989 ipsum
2918 2923 3061 2975 enim
3096 2936 3376 2976 accessum
3405 2923 3601 2977 habui-

2024 3024 2164 3072 mus,
2222 3018 2277 3064 et
2336 3009 2635 3079 spiritalem
2702 3012 2905 3065 cultum
2970 3025 3335 3083 exsequentes
3390 3016 3602 3083 accepti

2024 3114 2230 3155 sumus.
2259 3100 2355 3154 llic
2386 3101 2568 3170 itaque
2594 3103 2760 3155 carbo
2789 3101 3004 3156 divinus
3055 3103 3142 3157 ubi
3198 3104 3508 3158 accedentis
3533 3104 3602 3156 ad

340 3212 437 3249 σου
474 3194 582 3266 [Ion
614 3193 731 3265 τοῦ]
765 3194 1080 3262 προσιόντος
1119 3192 1289 3261 αὐτῷ,
1316 3191 1719 3261 διεσμηγμένον
1749 3192 1912 3257 εὐθὺς

2023 3207 2081 3246 se
2102 3192 2243 3246 labia
2270 3192 2526 3262 tetigerit,
2546 3193 2688 3248 illico
2708 3194 2962 3248 mundum
2986 3195 3192 3256 reddet,
3215 3206 3375 3264 atque
3394 3196 3601 3264 peccati

332 3290 604 3358 ἀποφανεί
652 3286 747 3340 καὶ
789 3287 1010 3355 ἀπάσης
1042 3284 1315 3356 ἁμαρτίας
1345 3283 1689 3356 ἡμοιρηκότα
1720 3301 1915 3337 παντε-

330 3379 459 3444 λῶς.
491 3380 760 3433 ’Δπτεται
786 3378 841 3432 δὲ
884 3380 1008 3431 τίνα
1048 3377 1249 3447 τρόπον
1272 3376 1380 3429 τῶν
1414 3379 1473 3431 ἐν
1504 3378 1633 3447 ἡμῖν
1661 3376 1909 3447 χειλέων,

331 3470 529 3537 διδάξει
558 3468 733 3539 λέγων
770 3473 801 3523 ό
836 3470 1105 3540 μακάριος
1136 3466 1377 3533 Παῦλοςο
1414 3486 1435 3521 t
1490 3466 1687 3537 Ἐγγύς
1720 3485 1814 3521 σου
1852 3468 1914 3522 τὸ

335 3559 488 3631 ῥῆμά
530 3561 679 3612 ἐστιν
727 3559 786 3610 ὲν
832 3556 910 3627 τῷ
957 3554 1187 3626 στόματί
1228 3571 1321 3608 σου
1360 3555 1454 3609 καὶ
1504 3557 1563 3609 ἐν
1604 3557 1670 3626 τῇ
1716 3555 1912 3627 καρδίᾳ

334 3667 462 3706 σουο
491 3652 575 3706 ὅτι
606 3650 702 3704 ἐὰν
746 3651 909 3721 εῐπῃς
955 3650 1014 3702 ἂν
1044 3646 1123 3719 τῷ
1167 3647 1397 3725 στόματί
1445 3665 1558 3714 σου,
1594 3648 1677 3702 ὃτι
1708 3648 1913 3719 Κύριος

345 3742 599 3813 Ἰησοῦς·
631 3743 728 3795 καὶ
774 3740 1073 3815 πιστεύσῃς
1120 3741 1179 3793 ἐν
1222 3743 1289 3812 τῇ
1341 3739 1538 3812 καρδίᾳ
1594 3756 1710 3805 σου,
1757 3741 1839 3796 ὅτι
1882 3742 1912 3793 ό

334 3834 468 3899 θεὸς
499 3835 657 3889 αὑτὸν
679 3835 902 3906 ήγειρεν
927 3835 991 3886 ὲκ
1024 3832 1255 3905 νεκρῶν,
1285 3831 1509 3903 σωθήσῃ
1528 3848 1543 3862 ·
1578 3832 1778 3905 καρδίᾳ
1803 3831 1911 3903 γὰρ

340 3926 652 3981 πιστεύεται
695 3927 774 3991 είς
802 3924 1170 3995 δικαιοσύνην·
1216 3924 1448 3993 στόματι
1480 3923 1537 3977 δὲ
1566 3924 1911 3995 ὁμολογεῖται

348 4017 431 4079 εις
465 4017 741 4086 σωτηρίαν.
778 4035 800 4068 ι
846 4014 1112 4086 ’Δνθρακι
1149 4014 1208 4070 δὲ
1246 4014 1657 4085 παρεικάζεται,
1707 4013 1795 4068 διά
1825 4010 1933 4066 τοι

345 4107 411 4161 τὸ
459 4107 524 4159 ὲκ
572 4106 708 4159 δυοῖν
759 4105 1002 4161 νοεῖσθαι
1060 4105 1155 4160 καὶ
1212 4103 1480 4175 ἀνομοίων
1530 4101 1906 4175 πραγμάτων·

341 4198 541 4268 συνόδῳ
567 4214 629 4266 γε
665 4199 771 4268 μὴν
800 4200 865 4269 τῇ
915 4196 1057 4251 κατὰ
1100 4195 1354 4265 ἀλήθειαν
1387 4193 1671 4264 μονονουχὶ
1705 4190 1910 4245 συνδεῖ-

334 4288 459 4345 σθαι
490 4288 630 4359 πρὸς
650 4288 845 4340 ἒνωσιν
868 4303 883 4317 ·
926 4286 1228 4348 είσδεδυκὸς
1256 4284 1365 4355 γὰρ
1391 4282 1470 4354 τῷ
1507 4281 1647 4353 ξύλῳ
1679 4281 1739 4335 τὸ
1776 4280 1906 4352 πῦρ,

328 4382 411 4444 εἰς
442 4379 648 4433 οίκείαν
678 4379 812 4431 αὐτὸ
848 4379 1245 4448 μεταστοιχειοί
1277 4376 1478 4448 τρόπον
1514 4374 1634 4428 τινὰ
1662 4375 1818 4441 δόξαν
1845 4392 1907 4428 τε

2019 3284 2197 3339 omnis
2250 3298 2473 3353 prorsus
2513 3294 2812 3354 expertem.
2869 3284 2974 3341 Sed
3035 3286 3177 3340 labia
3234 3295 3418 3340 nostra
3461 3301 3603 3356 quo-

2020 3391 2143 3429 nam
2199 3375 2359 3429 modo
2404 3377 2708 3446 contingat,
2759 3378 2913 3433 docet
2975 3377 3166 3433 beatus
3230 3377 3430 3432 Paulus
3477 3393 3603 3432 cum

2019 3465 2195 3520 dicit:
2232 3481 2252 3516 ι
2304 3463 2481 3533 Prope
2554 3474 2603 3520 te
2634 3475 2718 3520 est
2759 3467 2982 3521 verbum
3040 3465 3094 3520 in
3144 3481 3239 3520 ore
3291 3475 3403 3528 tuo,
3452 3475 3509 3519 et
3548 3466 3601 3520 iu

2018 3556 2181 3611 corde
2218 3565 2310 3610 tuo
2343 3556 2509 3624 :quia
2530 3555 2574 3609 si
2600 3555 2804 3612 dixeris
2837 3556 2891 3611 in
2925 3572 3024 3612 ore
3055 3564 3144 3610 tuo
3167 3556 3292 3625 quia
3337 3555 3602 3610 Dominus

2016 3647 2199 3712 Jesus,
2225 3654 2279 3702 et
2311 3648 2610 3704 credideris
2646 3648 2698 3702 in
2737 3650 2903 3704 corde
2935 3658 3028 3703 tuo
3078 3648 3204 3717 quia
3260 3648 3406 3704 Deus
3451 3648 3602 3702 illum

2017 3741 2300 3797 suscitavit
2326 3757 2356 3796 λ
2392 3740 2645 3803 mortuis,
2688 3740 2874 3796 salvus
2905 3743 3039 3797 eris.
3094 3741 3272 3797 Corde
3304 3741 3451 3795 enim
3482 3754 3603 3795 cre—

2017 3834 2161 3888 ditur
2194 3834 2260 3887 ad
2281 3832 2574 3901 justitiam,
2604 3849 2698 3889 ore
2729 3842 2908 3888 autem
2955 3832 3228 3888 confessio
3263 3832 3324 3885 iit
3362 3831 3430 3886 ad
3453 3832 3602 3886 salu-

2018 3934 2124 3981 tem
2141 3926 2210 3980 “.
2239 3943 2260 3976 ι
2283 3924 2490 3979 Dicitur
2515 3933 2694 3979 autem
2720 3924 2944 3980 carboni
2971 3924 3286 3993 persimilis,
3308 3932 3600 3991 propterea

2015 4016 2159 4088 quod
2194 4030 2259 4070 ex
2280 4013 2489 4070 duabus
2523 4030 2588 4069 ac
2624 4015 2980 4069 dissimilibus
3032 4014 3196 4068 rebus
3248 4013 3593 4081 intelligitur,

2014 4108 2111 4166 sed
2142 4108 2217 4162 ita
2244 4106 2539 4163 secundum
2586 4108 2869 4161 veritatem
2914 4105 3387 4169 convenientibus,
3448 4112 3503 4158 ut
3545 4105 3597 4158 in

2016 4199 2279 4253 unitatem
2343 4197 2729 4266 propemodum
2784 4194 3200 4265 coniungantur.
3253 4194 3398 4264 Ignis
3450 4196 3600 4249 enim

2015 4292 2105 4346 ubi
2145 4291 2346 4361 lignum
2393 4290 2714 4361 penetrarit,
2756 4288 2965 4344 illudin
2999 4303 3177 4363 suam-
3207 4287 3380 4357 ipsius
3431 4286 3600 4341 clari-

2016 4391 2179 4438 tatem
2227 4398 2293 4437 ae
2341 4382 2487 4436 vires
2537 4381 2822 4444 transfert,
2862 4394 2928 4435 eo
2988 4388 3168 4434 tamen
3203 4386 3421 4431 servato
3454 4377 3597 4445 quod

328 4474 426 4527 καὶ
449 4471 700 4541 δύναμιν,
736 4469 912 4522 καίτοι
943 4467 1244 4541 τετηρηκὸς
1283 4467 1419 4537 ὅπερ
1448 4462 1537 4536 ἦν.
1575 4464 1906 4539 Μαργαρίτῃ

2022 4482 2152 4532 Brat.
2177 4472 2483 4544 Margarita:
2506 4487 2565 4527 se
2589 4488 2777 4527 rursus
2806 4479 3085 4541 comparat
3112 4469 3372 4525 Dominus
3412 4479 3603 4525 uoster

324 4562 383 4616 δὲ
408 4533 797 4615 uisu-tauth
824 4533 1278 4629 ἀφομοιοῖλεγων
1309 4559 1338 4611 ό
1362 4533 1566 4627 Κύριος
1605 4533 1761 4628 ἡμῶν
1786 4533 1905 4628 -Ἱηί

2022 4562 2169 4619 Iesus
2210 4564 2461 4619 Christus
2503 4578 2627 4618 cum
2684 4563 2859 4617 dicit:
2897 4580 2918 4614 ι
2979 4560 3169 4617 Simile
3226 4567 3312 4615 est
3361 4575 3590 4628 regnum

327 4652 456 4716 σοῦς
482 4654 722 4724 Χριστός
741 4668 756 4682 ·
794 4670 814 4704 ι
865 4650 1059 4721 Ὁμοία
1094 4648 1243 4703 ἐστὶν
1276 4650 1310 4721 ιλ
1340 4647 1587 4720 βασιλεία
1607 4647 1717 4701 τῶν
1742 4649 1907 4719 οὐρα-

323 4745 432 4800 νῶν
458 4744 733 4815 ἀνθρώπῳ
757 4743 985 4813 ἐμπόρῳ
1009 4739 1257 4812 ζητοῦντι
1292 4739 1489 4804 καλοὺς
1533 4740 1905 4811 μαργαρίταςο

323 4835 502 4905 εὑρὼν
533 4836 591 4889 δὲ
627 4837 729 4888 ἕνα
758 4832 1054 4904 πολύτιμον
1105 4832 1473 4903 μαργαρίτην,
1508 4831 1759 4885 ἀπελθὼν
1806 4832 1904 4886 πέ-

323 4945 535 5001 πραχεν
562 4928 666 4981 ὅσα
700 4920 838 4997 εἶχε,
886 4925 978 4978 καὶ
1008 4925 1275 4996 ἠγόρασεν
1305 4924 1485 4977 αὐτόν.
1531 4942 1550 4975 ι
1599 4923 1808 4977 Ἀκούω
1848 4923 1906 4977 δὲ

323 5021 420 5073 καὶ
450 5018 652 5087 ἑτέρως
688 5016 879 5070 ἑαυτὸν
916 5016 1047 5086 ἡμῖν
1092 5013 1541 5076 καταδεικνύντος
1590 5013 1685 5065 καὶ
1714 5012 1903 5081 λέγον·-

321 5126 414 5173 τος
436 5127 451 5139 ·
485 5127 504 5161 t
544 5106 687 5177 Ἐγὼ
705 5107 865 5170 ἄνθος
884 5104 976 5159 τοῦ
1003 5105 1208 5169 πεδίου,
1233 5105 1414 5176 κρίνον
1437 5103 1545 5157 τῶν
1570 5102 1847 5158 κοιλάδων.
1878 5120 1897 5154 ι

327 5202 483 5271 Ἔχει
536 5200 640 5271 μὲν
679 5198 790 5270 γὰρ
821 5199 881 5252 ὲν
938 5195 1045 5267 ἰδίει⁸
1077 5192 1238 5263 φύσει
1285 5196 1385 5267 τὴν
1436 5195 1714 5265 θεοπρεπῆ
1767 5193 1905 5265 λαμ-

322 5292 565 5364 πρότητα
601 5290 701 5345 τοῦ
731 5288 867 5344 Θεοῦ
912 5289 1006 5344 καὶ
1035 5286 1251 5360 Πατρός
1270 5302 1287 5321 ο
1336 5287 1624 5353 εὐωδιάζει
1655 5287 1713 5341 δὲ
1743 5287 1907 5341 πάλιν

319 5385 389 5436 αὑ
403 5384 483 5437 τὸν
524 5383 636 5457 [tau
672 5380 882 5457 αὑτὸς],
911 5381 1057 5443 κατά
1081 5397 1170 5452 γε,
1221 5381 1387 5454 φημὶ,
1431 5380 1531 5452 τὴν
1573 5379 1769 5453 νοητὴν
1794 5380 1855 5433 εὐ
1883 5408 1906 5420 -

323 5474 537 5539 οσμίαν.
596 5474 809 5545 Ὥσπερ
862 5474 1063 5536 τοίνυν,
1121 5471 1212 5526 ὲπί
1258 5489 1318 5525 τε
1386 5470 1479 5526 τοῦ
1543 5470 1904 5543 μαργαρίτου,

322 5564 420 5618 καὶ
455 5565 561 5636 μὴν
610 5562 707 5620 καὶ
751 5563 847 5621 τοῦ
897 5570 1110 5637 κρίνου,
1164 5564 1360 5618 νοεῖται
1410 5562 1593 5634 μέντοι
1645 5566 1803 5637 σῶμα
1844 5562 1908 5618 τὸ

395 5745 440 5775 ⁸³
465 5744 566 5802 lsa.
599 5760 672 5813 vt,
708 5743 763 5815 ϐ,
791 5744 846 5801 7.
924 5744 967 5774 "‘
997 5743 1153 5798 llum.
1192 5759 1245 5809 κ,
1281 5743 1436 5800 ε-ιυ.

2011 4653 2271 4709 οωιοτιιιῐι
2295 4651 2498 4708 homini
2525 4651 2850 4722 negotiatori
2891 4650 3153 4719 quaerenti
3186 4649 3356 4704 bonas
3385 4663 3599 4717 marga-

2013 4746 2148 4799 ritas
2181 4763 2196 4800 :
2235 4746 2448 4799 iuventa
2482 4753 2660 4798 autem
2691 4758 2794 4796 una
2836 4741 3072 4811 pretiosa
3100 4740 3416 4810 margarita,
3450 4737 3596 4790 vadit

2012 4845 2067 4890 et
2098 4836 2284 4888 vendit
2331 4836 2580 4890 universa
2621 4850 2742 4904 qua!
2792 4832 2974 4896 habet,
3016 4840 3071 4886 et
3112 4832 3241 4887 emit
3272 4831 3416 4882 illam
3453 4829 3522 4881 ⁸³.
3568 4845 3589 4878 r

2010 4925 2131 4979 Alio
2179 4939 2396 4996 quoque
2432 4926 2592 4980 modo
2619 4924 2766 4991 illum
2795 4938 2918 4978 sese
2960 4923 3113 4977 nobis
3155 4922 3394 4974 indicare
3432 4918 3599 4973 audio

2011 5015 2322 5071 dicentem:
2358 5034 2377 5067 ι
2413 5016 2523 5086 Ego
2549 5015 2647 5070 flos
2668 5016 2868 5085 campi,
2894 5013 3066 5069 lilium
3104 5011 3428 5066 convallium
3452 5012 3520 5066 ⁸⁸.
3567 5031 3589 5063 ι

2010 5106 2143 5162 Cum
2167 5107 2380 5162 enimiu
2421 5123 2517 5161 sua
2543 5116 2734 5160 natura
2782 5103 3018 5159 divinam
3069 5102 3372 5157 claritatem
3400 5102 3494 5159 Dei
3526 5119 3595 5159 ac

2011 5197 2189 5253 Patris
2238 5198 2457 5265 habeat,
2508 5199 2649 5253 idem
2707 5206 2965 5265 praeterea
2997 5195 3169 5265 spirat
3208 5195 3429 5249 odorem
3461 5212 3588 5251 sua-

2012 5290 2295 5346 veolentia:
2352 5290 2631 5361 spiritalis.
2685 5286 2753 5343 Ut
2802 5301 2932 5356 ergo
2978 5287 3030 5342 in
3079 5288 3394 5357 margarita,
3428 5297 3594 5357 atque

2013 5380 2179 5435 etiam
2223 5381 2358 5444 lilio,
2408 5377 2660 5450 quamvis
2686 5376 2989 5447 subjectum
3022 5376 3129 5433 illis
3183 5392 3380 5447 corpus
3412 5376 3591 5443 perci-

2014 5470 2214 5540 piatur,
2253 5471 2472 5526 claritas
2500 5480 2680 5525 tamen
2730 5483 2824 5523 seu
2861 5470 2994 5525 odor
3019 5485 3084 5525 ex
3115 5469 3331 5539 propria
3381 5469 3592 5523 ratione

2013 5560 2081 5616 ab
2106 5562 2211 5619 illis
2263 5562 2458 5631 quibus
2487 5561 2695 5629 insunt,
2725 5571 2980 5632 tanquam
3016 5561 3230 5618 divorsa
3265 5568 3586 5624 noscuntur,

1527 5745 1570 5772 '"‘
1598 5743 1785 5801 Matth.
1818 5759 1938 5811 xm,
1975 5742 2063 5811 ιδ,
2098 5743 2185 5800 46.
2280 5742 2327 5777 ⁸⁸
2355 5742 2509 5801 Cant.
2547 5757 2603 5812 ιι,
2638 5741 2689 5799 l.
