4004 6202
397 346 463 399 οό
1421 352 1480 406 S.
1521 350 1797 409 CYRILLI
1833 352 2302 413 ALEXANDRlNI
2339 354 2661 416 ARCHIEP.
3580 365 3648 419 6i

395 464 490 519 sed
540 462 783 519 vicissim
838 474 1056 534 propria
1108 475 1234 521 sunt
1264 454 1600 537 habentium,
1630 488 1738 528 non
1772 475 1842 529 ab
1887 475 1967 531 eis

2086 476 2446 547 ὅποκείμενον,
2483 478 2517 548 ἡ
2574 475 2632 529 δέ
2680 491 2744 544 γε
2793 476 2851 529 ἓν
2902 474 3052 545 αὐτῷ
3096 472 3439 545 λαμπρότης,
3487 472 3654 542 ἤγουν

396 555 591 618 aliena,
611 569 732 609 cum
759 555 812 608 in
843 555 1399 626 illisinseparahiliter
1424 562 1666 617 haereant
1693 582 1705 618 :
1730 567 1796 619 ad
1818 581 1972 621 eum-

396 646 521 700 dem
543 659 758 714 quoque
808 647 1024 702 modum
1056 650 1124 702 de
1170 649 1521 707 Emmanuele
1557 655 1674 724 ipso
1708 659 1864 710 nobis
1891 669 1975 713 est

394 737 813 791 existimandum
849 754 912 792 ac
952 740 1317 797 sentiendum.
1350 742 1570 799 Natura:
1614 763 1848 818 namque
1882 764 1971 803 ra-

348 891 354 897 _
399 828 546 881 tione
595 829 807 882 diversa
860 841 985 884 sunt
1037 832 1291 889 divinitas
1331 844 1388 889 et
1424 852 1552 891 caro
1587 854 1604 892 :
1643 838 1738 892 sed
1779 855 1974 910 corpus

398 918 563 976 Verbi
612 928 885 992 proprium
941 938 1080 988 erat,
1123 943 1296 997 neque
1338 929 1638 1000 sejunctum
1676 949 1707 987 ιι
1748 949 1974 1003 corpore

399 1008 526 1061 illud
550 1011 755 1064 unitum
788 1014 1001 1081 corpori
1035 1013 1269 1069 Verbum
1302 1035 1315 1070 :
1350 1018 1490 1072 haud
1510 1023 1653 1075 enim
1697 1025 1859 1078 aliter
1884 1026 1969 1080 in-

402 1099 644 1168 telligere
688 1100 768 1155 fas
809 1112 893 1156 est
938 1102 1369 1172 Emmanuelem,
1424 1108 1481 1163 id
1524 1122 1627 1175 est,
1682 1112 1971 1170 Nobiscum

401 1187 563 1244 Deus.
620 1188 810 1258 Itaque
867 1208 1254 1265 nonnunquam
1281 1208 1338 1251 ut
1390 1200 1572 1265 homo,
1615 1213 1671 1257 et
1714 1220 1780 1258 ex
1821 1222 1973 1261 men-

402 1294 532 1334 sura
585 1296 697 1336 suat
752 1285 1140 1342 exinanitionis
1206 1290 1444 1357 seipsum
1488 1294 1642 1349 nobis
1707 1297 1973 1366 indicans,

402 1371 661 1427 dicebat:
711 1393 729 1427 ι
769 1375 938 1429 Nemo
971 1378 1111 1430 tollit
1157 1381 1393 1435 animam
1452 1399 1624 1439 meam
1658 1402 1686 1439 a
1725 1391 1907 1453 me";
1952 1411 1969 1443 ι

403 1462 694 1530 aliquando
734 1481 921 1520 rursus
957 1475 1209 1536 tanquam
1242 1470 1384 1528 Deus
1421 1474 1676 1540 Verbum,
1721 1489 1774 1533 et
1805 1490 1859 1533 ιιι
1883 1482 1974 1551 qui

402 1551 471 1605 de
497 1553 658 1616 caelo,
683 1553 788 1624 33
821 1565 875 1609 et
900 1573 1037 1612 unus
1070 1575 1192 1613 cum
1218 1578 1313 1616 sua
1349 1578 1512 1619 carne
1536 1568 1931 1639 intelligeretur
1959 1590 1972 1626 :

411 1662 430 1693 ι
460 1643 626 1699 Nemo
648 1648 910 1709 ascendit,
944 1650 1139 1718 inquit,
1167 1653 1217 1705 iu
1253 1654 1468 1721 caelum,
1496 1660 1598 1712 nisi
1633 1663 1722 1729 qui
1748 1664 1975 1719 descen-

404 1735 484 1787 dit
515 1736 584 1791 de
605 1737 764 1803 coelo,
798 1738 967 1793 Filius
997 1742 1229 1797 hominis
1260 1745 1326 1799 ⁸⁸.
1368 1766 1387 1799 ›
1437 1747 1568 1802 Cmn
1610 1752 1773 1821 igitur
1802 1755 1973 1824 ipsum

2073 565 2268 620 εὐωδία
2306 565 2422 620 κατ’
2454 567 2584 620 ἴδιον
2633 564 2812 634 λόγον,
2858 565 2933 629 ὡς
2964 566 3127 636 ἕτερα
3162 566 3261 635 μὲν
3309 563 3461 634 παρὰ
3494 564 3563 615 τὰ
3597 566 3649 616 ἐν

2072 653 2153 722 οἷς
2181 659 2349 711 εἰσινο
2384 657 2491 712 ἴδια
2525 657 2582 712 δὲ
2614 658 2776 712 πάλιν
2802 657 2980 711 αὐτῶν
3009 658 3102 712 καλ⁸
3128 658 3228 710 οὐκ
3252 656 3506 726 ἀλλότρια
3546 655 3657 708 τῶν

2074 750 2303 820 ἐχόντων
2353 752 2468 803 ἐστὶ
2497 750 2565 804 τά
2598 750 2917 822 ἀχωρίστως
2962 748 3335 819 ὲμπεφυκότα,
3383 748 3523 800 κατὰ
3566 748 3656 800 τὸν

2075 841 2256 905 αὑτὸν,
2288 837 2468 911 οἶμαι,
2497 841 2697 911 τρόπον
2729 838 3060 911 λογιούμεθά
3080 857 3135 892 τε
3168 838 3261 892 καὶ
3292 838 3654 907 φρονήσομεν,

2073 932 2168 984 καὶ
2202 931 2294 983 ὲπί
2324 947 2388 999 γε
2415 930 2510 983 τοῦ
2562 931 2909 1003 Ἐμμανουήλ
2932 948 2946 961 ·
2979 931 3192 1000 ἑτεροῖα
3240 929 3338 999 μὲν
3378 929 3485 998 γὰρ
3517 927 3657 979 κατὰ

2074 1024 2173 1092 τὴν
2216 1023 2399 1091 φύσιν,
2447 1022 2636 1094 θεότης
2669 1040 2729 1076 τε
2771 1022 2867 1077 καὶ
2900 1023 3070 1094 σάρξ·
3109 1021 3225 1074 ἀλλ’
3276 1021 3404 1073 ἴδιον
3448 1015 3517 1090 ἦν
3562 1017 3656 1070 τοῦ

2076 1115 2252 1183 Λόγου
2282 1116 2343 1167 τὸ
2378 1115 2569 1185 σῶμαο
2600 1114 2696 1168 τοῦ
2727 1113 2784 1168 δὲ
2832 1113 3084 1185 σώματος
3109 1114 3170 1166 οὐ
3202 1111 3602 1183 κεχωρισμένος
3630 1111 3658 1161 ὁ

2078 1205 2297 1270 ἑνωθεὶς
2351 1204 2502 1275 αὐτῷ
2537 1205 2743 1273 Λόγος·
2792 1208 2966 1259 νοοῖτο
3012 1206 3121 1276 γὰρ
3170 1199 3272 1258 ὧδέ
3317 1220 3377 1256 τε
3421 1203 3515 1256 καὶ
3559 1202 3657 1271 οὐχ

2076 1300 2279 1370 ἑτέρως
2311 1302 2340 1353 6
2384 1289 2755 1371 Ἑμμανουὴλ,
2789 1300 3057 1363 τουτέστι,
3090 1299 3226 1354 Μεθ’
3259 1299 3416 1369 ἡμῶν
3445 1300 3473 1351 6
3501 1297 3653 1361 Θεός.

2075 1392 2385 1463 Τοιγάρτοι,
2430 1392 2562 1446 ποτὲ
2586 1378 2696 1462 ’μὲν
2737 1394 2813 1456 ὡς
2856 1393 3158 1461 ἄνθρωπος,
3196 1393 3289 1445 καὶ
3318 1393 3383 1444 ὲκ
3415 1391 3521 1443 τῶν
3557 1391 3653 1461 τῆς

2077 1484 2359 1548 κενώσεως
2408 1484 2621 1555 μέτρων
2668 1484 2858 1537 ἑαυτὸν
2911 1486 3042 1555 ἡμῖν
3100 1484 3320 1554 ἐμφανῆ
3370 1481 3654 1546 καθιστὰς,

2078 1576 2347 1645 ἔφασκεψ
2388 1596 2407 1628 ι
2446 1577 2633 1639 Οὐδεὶς
2658 1579 2805 1647 αἴρει
2834 1578 2933 1648 τὴν
2963 1576 3142 1647 ψυχήν
3175 1593 3276 1647 μου
3316 1576 3409 1629 ἀπ’
3437 1574 3571 1643 ἐμοῦ
3592 1592 3606 1604 ·
3632 1593 3651 1625 ι

2078 1668 2207 1722 ποτὲ
2234 1667 2298 1738 δὴ
2335 1667 2442 1739 [ἵσ.
2475 1667 2556 1739 δὲ]
2597 1668 2778 1734 πάλιν,
2810 1668 2884 1732 ὡς
2909 1668 3041 1731 Θεὸς
3072 1667 3146 1721 ὢν
3174 1668 3202 1720 6
3233 1666 3422 1735 Λόγος,
3465 1667 3559 1721 καὶ
3600 1666 3688 1729 ἔξω

2080 1758 2306 1831 οὐρανοῦ
2352 1758 2658 1829 νοούμενος,
2693 1760 2787 1813 καὶ
2818 1755 2897 1823 εἷς
2930 1759 3066 1829 μετὰ
3111 1760 3211 1829 τῆς
3260 1758 3396 1821 ἰδίας
3433 1756 3654 1829 σαρκὸς.

406 1825 600 1880 Filium
633 1818 801 1883 sacra:
829 1831 1042 1885 Littera:
1060 1835 1293 1905 undique
1319 1838 1370 1891 in
1404 1818 1665 1895 unitatem
1702 1818 1979 1916 insepara-

2090 1869 2107 1901 ι
2138 1818 2327 1913 ὸύδεὶς
2356 1818 2681 1921 ἁναδέϐηιιε,
2714 1818 2898 1921 φησὶν,
2930 1818 3013 1912 εἰς
3044 1849 3135 1902 τὸν
3164 1818 3413 1919 οῦρανὸν,
3446 1818 3658 1921 είμὴήό

409 1917 568 1972 bilem
598 1935 889 1992 veramque
919 1926 1266 1995 conjungaut,
1316 1941 1369 1982 et
1399 1931 1448 1984 in
1480 1949 1640 1987 unam
1690 1951 1977 2005 personam

408 2009 652 2079 redigant
680 2010 730 2063 in
756 2012 857 2067 fide
880 2029 894 2078 ;
921 2014 1009 2069 hic
1027 2027 1204 2071 tamen
1235 2034 1400 2075 vanus
1419 2023 1577 2079 hmno
1602 2028 1781 2080 multis
1808 2031 1981 2086 modis

408 2100 687 2182 disjungit,
745 2112 799 2156 et
859 2105 1119 2162 adversus
1186 2110 1358 2179 ipsum
1409 2128 1624 2182 quoque
1698 2118 1976 2174 Christum

411 2178 882 2264 tet‘herenugatur‘,
910 2198 1073 2254 Deum
1109 2178 1385 2272 appellans
1428 2178 1554 2262 illud
1584 2226 1649 2264 ex
1681 2210 1841 2269 Patre
1873 2216 1981 2270 Deo

409 2280 666 2352 Verbum,
700 2296 757 2340 ut
800 2290 1015 2357 quidem
1059 2309 1161 2348 suo
1194 2296 1313 2350 loco
1356 2313 1419 2352 ac
1470 2309 1710 2371 tempore
1764 2321 1983 2375 progre-

410 2377 563 2431 diens
584 2382 759 2433 oratio
801 2381 963 2450 plane
1011 2386 1242 2443 docebit.
1286 2390 1518 2446 Simulat
1565 2396 1710 2449 enim
1755 2412 1815 2451 se
1870 2415 1985 2454 me-

411 2476 581 2532 tuere,
616 2484 682 2524 ne
701 2472 967 2540 quispiam
999 2477 1123 2530 dum
1156 2490 1357 2545 sanctae
1391 2481 1635 2552 Virginis
1677 2492 1981 2545 reverentia

410 2562 587 2617 victus
611 2562 753 2617 illam
784 2564 876 2625 Dei
901 2567 1216 2636 genitricem
1240 2576 1804 2636 vocat,confusionem
1824 2589 1985 2650 atque

411 2654 722 2709 mistionem
774 2658 1203 2713 substantiarum
1244 2662 1386 2717 inter
1432 2679 1491 2720 se
1528 2667 1725 2722 factam
1763 2683 1981 2739 putans,

375 2787 381 2792 .
410 2744 665 2800 Ecclesia:
694 2749 941 2818 dogmata
981 2751 1253 2822 deturpet,
1298 2759 1544 2824 quamvis
1575 2760 1648 2815 ita
1682 2777 1839 2817 nemo
1861 2778 1995 2819 scn-‘

412 2835 513 2889 tiat
537 2852 553 2888 τ
580 2838 673 2890 sed
728 2848 786 2892 ut
823 2841 1062 2909 corrigat
1094 2844 1322 2910 scilicet,
1368 2855 1425 2900 ut
1463 2848 1579 2917 ipse
1621 2860 1791 2919 putat,
1820 2868 1986 2922 grave

315 2963 318 2967 η
413 2927 513 2981 hoc
544 2929 765 2995 malum,
804 2945 1017 2985 sursum
1052 2934 1301 2988 deorsum
1337 2938 1517 2993 omnia
1565 2941 1774 3007 miscet,
1836 2956 1980 2998 recta

408 3030 645 3085 veraque
675 3022 941 3074 sententia
981 3023 1222 3092 neglecta
1261 3043 1274 3079 :
1317 3027 1398 3080 sic
1428 3043 1660 3096 namque
1699 3032 1870 3083 dixit:

2083 1944 2146 1996 ὲκ
2181 1943 2275 1997 τοῦ
2306 1940 2535 2014 οὐρανοῦ
2584 1941 2848 2007 καταϐάς,
2877 1942 2907 1995 6
2958 1942 3083 2006 Υἱὸς
3132 1941 3226 1995 τοῦ
3276 1941 3586 2011 ἀνθρώπου.
3635 1960 3654 1993 ι

2084 2033 2422 2102 Πανταχόθεν
2475 2032 2653 2086 τοίνυν
2704 2036 2784 2096 εἰς
2836 2033 3029 2087 ἕνωσιν
3081 2032 3410 2102 ἀδιάτμητόν
3463 2049 3521 2084 τε
3569 2032 3661 2084 καὶ

2082 2125 2256 2196 ἀληθῆ
2302 2124 2611 2187 συνδέοντος
2662 2127 2794 2195 ἡμῖν
2842 2124 2934 2177 τοῦ
2990 2124 3134 2195 ἱεροῦ
3187 2124 3520 2194 Γράμματος
3570 2122 3661 2175 τὸν

2084 2217 2233 2282 Υἱόν,
2267 2217 2360 2270 καὶ
2404 2220 2485 2280 εἰς
2532 2217 2819 2288 πρόσωπον
2851 2215 2910 2270 ἓν
2952 2217 3318 2287 ἀποφέροντος
3366 2217 3424 2268 ὲν
3459 2216 3659 2278 πίστει,

2084 2308 2319 2379 διίστησι
2350 2308 2630 2378 πολλαχῶς
2673 2311 2701 2362 6
2735 2308 2985 2380 περιττὸς
3027 2309 3229 2371 οὑτοσὶ,
3281 2307 3376 2361 καὶ
3420 2307 3665 2376 πεφλυα-

2086 2416 2254 2470 ρηκεν
2292 2400 2413 2469 εἰκῆ
2450 2401 2542 2452 καὶ
2574 2399 2737 2454 αὐτοῦ
2767 2398 2861 2452 τοῦ
2910 2400 3172 2469 Χριστοῦ,
3203 2399 3336 2453 Θεὸν
3382 2398 3664 2468 ὀνομάζων

2084 2493 2176 2544 τὸν
2207 2494 2270 2544 ἐκ
2307 2491 2442 2544 Θεοῦ
2477 2491 2690 2562 Πατρος
2719 2492 2889 2558 Λόγον
2907 2506 2923 2521 ’
2952 2490 3201 2560 καθάπερ
3228 2490 3417 2556 ἀμέλει
3456 2486 3662 2557 προῖὼν

2088 2582 2116 2635 ὁ
2160 2583 2317 2651 λόγος
2362 2582 2627 2647 ὲκδιδάξει
2676 2583 2885 2652 σαφῶς,
2916 2584 2993 2647 ὼς
3039 2586 3096 2636 ὲν
3127 2582 3308 2650 οἰκείῳ
3351 2577 3522 2648 καιρῷ
3560 2577 3656 2631 καὶ

2086 2674 2257 2743 τόπῳ.
2299 2674 2737 2728 ’Υποπλάττεται
2762 2674 2858 2743 μὲν
2901 2673 3008 2742 γάρ
3048 2671 3275 2723 δεδιέναι
3305 2669 3380 2740 μὴ
3424 2669 3532 2739 ἄρα
3575 2685 3659 2731 τις

2087 2764 2227 2816 αἰδοῖ
2264 2767 2332 2835 τῇ
2379 2765 2509 2836 περὶ
2538 2764 2637 2833 τὴν
2673 2762 2832 2829 ἁγίαν
2879 2760 3149 2829 Παρθένον
3180 2758 3510 2829 ἡττώμενος,
3545 2754 3663 2811 εἶτα

2086 2854 2348 2908 Θεοτόκον
2370 2855 2539 2922 αὐτὴν
2559 2852 2848 2921 ὀνομάσας,
2873 2850 3084 2921 φυρμὸν
3104 2851 3199 2905 καὶ
3218 2852 3541 2920 ἀνάκρασιν,
3564 2850 3663 2921 τὴν

2083 2947 2164 3005 εἰς
2188 2943 2424 3012 ἀλλήλας
2447 2942 2610 3012 φημὶ,
2633 2941 2743 2993 τῶν
2771 2941 3125 2995 ὑποστάσεων
3145 2941 3398 3009 γενέσθαι
3414 2940 3661 3011 νομίσας,
3731 2985 3747 3000 ,

2082 3033 2191 3086 τῶν
2215 3033 2316 3102 τῆς
2352 3031 2676 3101 Ἐκκλησίας
2705 3032 2990 3103 δογμάτων
3028 3032 3271 3103 καταχέῃ
3305 3032 3366 3084 τὸ
3394 3031 3630 3091 ἀκαλλές
3650 3049 3662 3063 ·

408 3108 585 3161 καίτοι
628 3108 787 3162 τοῦτο
832 3113 1149 3181 φρονοῦντος
1183 3115 1393 3177 οὐδενός
1417 3132 1429 3146 ο
1466 3116 1783 3186 ἐπανορθῶν
1820 3119 1897 3183 δὲ,
1931 3120 2006 3185 ὡς
2043 3122 2236 3187 οἴεται,
2275 3123 2337 3175 τὸ
2371 3120 2564 3188 δεινόν,
2597 3123 2707 3177 ἄνω
2736 3140 2797 3176 τε
2831 3124 2925 3178 καὶ
2949 3123 3099 3177 κάτω
3133 3123 3202 3177 τά
3237 3121 3417 3177 πάντα
3451 3123 3662 3193 συγχεῖ,

406 3198 517 3252 τῶν
554 3201 634 3263 εἰς
675 3201 942 3271 ὀρθότητα
973 3203 1066 3255 καὶ
1098 3204 1352 3273 ἀλήθειαν
1384 3206 1684 3277 ἀφειδήσας
1719 3211 1935 3263 ἐννοιῶν
1957 3227 1971 3241 ο
2009 3211 2113 3283 ἔφη
2142 3213 2250 3285 γάρ
2283 3212 2456 3277 οὕτως
2476 3230 2492 3244 ·

486 3290 765 3361 [Νεδτοιι.
824 3293 880 3347 Si
929 3293 1032 3347 lide
1075 3294 1303 3363 simplici
1355 3296 1635 3366 Deiparam
1683 3303 1977 3371 proferres,
2007 3314 2051 3373 ο

410 3383 554 3436 nulla
587 3393 727 3436 esset
756 3385 897 3452 apud
926 3399 1010 3438 me
1030 3386 1282 3441 dictionis
1315 3388 1539 3456 invidia,
1577 3393 1727 3447 verbi
1756 3408 1978 3449 sensum

408 3475 784 3545 exquirentem
813 3494 826 3530 :
856 3479 948 3533 sed
972 3478 1096 3546 quia
1128 3480 1282 3535 video
1317 3491 1368 3534 te
1404 3495 1665 3552 praetextu
1688 3501 1815 3556 erga
1853 3488 1985 3541 bea-

413 3576 519 3618 tam
541 3565 763 3620 Mariam
791 3567 1034 3634 honoris,
1066 3570 1445 3627 haereticorum
1480 3576 1804 3631 confirmare
1836 3578 1982 3632 blas-

410 3656 706 3722 pltemiam,
743 3658 889 3711 .ideo
930 3658 1180 3714 dictionis
1217 3661 1571 3729 prolationem
1623 3673 1779 3721 caute
1845 3680 1985 3737 pra?-

415 3748 619 3810 munio,
657 3762 778 3802 eum
830 3751 1129 3819 periculum
1181 3754 1233 3805 in
1269 3767 1332 3807 ea
1380 3753 1618 3809 dictione
1672 3757 1845 3812 latens
1892 3774 1984 3812 su-

412 3847 654 3905 spectum
692 3838 941 3894 habeam.
978 3840 1032 3894 Id
1076 3853 1134 3894 ut
1164 3842 1367 3897 clarius
1397 3846 1592 3908 dicam,
1621 3854 1676 3898 et
1706 3846 1772 3899 ab
1802 3848 1982 3902 omni-

413 3928 513 3981 bus
555 3929 757 3998 percipi
800 3930 1008 3985 facilius
1038 3933 1230 3999 possit,
1270 3936 1361 4003 qui
1394 3935 1583 3989 Arium
1618 3938 1806 3991 sectati
1836 3946 1982 4002 sunt,

410 4027 463 4072 et
501 4018 823 4074 Eunomium
854 4031 907 4074 et
936 4023 1356 4090 Apollinarium,
1379 4034 1431 4080 et
1455 4028 1696 4082 onminm
1718 4029 1984 4097 ejusmodi

413 4110 629 4165 familia:
666 4114 942 4166 hominum
975 4115 1152 4179 chori,
1214 4117 1537 4171 studuerunt
1581 4117 1673 4170 Dei
1707 4119 1985 4196 genitﬂcis

414 4203 826 4269 appellationem
852 4206 1130 4267 invehere,
1168 4215 1226 4259 ut
1264 4207 1409 4259 facta
1441 4209 1715 4274 tuistione,
1748 4209 1985 4267 duabus-

414 4305 519 4358 que
545 4292 755 4345 naturis
794 4293 1016 4346 minime
1045 4295 1335 4360 distinctis,
1365 4298 1497 4351 nihil
1526 4315 1592 4353 ex
1625 4301 1709 4354 his
1742 4315 1860 4369 quae
1888 4304 1990 4357 uti-

415 4380 549 4432 liora
584 4390 730 4446 sunt,
774 4382 839 4434 de
889 4383 1229 4437 humanitate
1273 4386 1476 4440 dictum
1518 4390 1879 4458 acciperetur,
1923 4409 1987 4450 ac

414 4470 567 4525 locus
598 4471 703 4525 illis
744 4472 859 4542 jam
895 4475 1155 4530 adversus
1184 4478 1353 4546 ipsam
1388 4479 1727 4536 divinitatem
1752 4493 1982 4553 paterer,

418 4572 673 4628 tauquam
724 4564 903 4625 oninia
957 4566 1025 4619 ab
1080 4582 1188 4620 uno
1243 4569 1573 4637 dicerentur,
1616 4588 1720 4627 non
1776 4575 1985 4633 ratione

2156 3304 2245 3377 [Ei
2277 3306 2414 3377 μετὰ
2447 3305 2682 3370 πίστεως
2715 3305 2912 3376 ἁπλῆς,
2942 3305 3022 3370 τὸ,
3051 3306 3309 3370 Θεοτόκος
3337 3305 3663 3377 προέφερες,

2087 3397 2187 3450 οὐκ
2217 3399 2280 3451 ἄν
2317 3415 2400 3449 σοι
2433 3398 2531 3468 τῆς
2563 3397 2762 3463 λέξεως
2790 3397 3084 3468 ἐφθόνησα,
3118 3399 3210 3451 τὸν
3246 3399 3369 3450 νοῦν
3399 3397 3665 3463 ἐξετάζων

2086 3486 2179 3539 τοῦ
2211 3485 2657 3558 ρήματος.”Ἀλλ’
2692 3487 2989 3559 ἐπειδήπερ
3023 3488 3132 3557 ὁρῶ
3166 3504 3224 3540 σε
3261 3487 3530 3557 προφάσει
3565 3487 3663 3558 τῆς

2089 3579 2217 3648 περι¹
2244 3580 2343 3647 τὴν
2393 3578 2668 3648 μακαρίαν
2718 3578 2939 3649 Μαρίαν
2984 3579 3170 3648 τιμῆς,
3219 3578 3327 3631 τῶν
3372 3577 3663 3648 αἱρετικῶν

2092 3668 2410 3739 βεϐαιοῦντα
2457 3668 2554 3739 τὴν
2584 3668 2954 3738 βλασφημίαν,
2985 3668 3072 3722 διὰ
3103 3666 3260 3720 τοῦτο
3302 3669 3400 3739 τὴν
3442 3668 3539 3738 τῆς
3581 3666 3667 3719 λέ-

2092 3756 2225 3822 ξεως
2273 3758 2553 3828 προφορὰν
2587 3757 2988 3829 ἀσφαλὶζομαι·
3020 3758 3110 3811 τὸν
3140 3759 3196 3810 ὲν
3233 3760 3297 3829 τῇ
3346 3758 3486 3823 λέξει
3530 3774 3664 3827 κρυ-

2090 3849 2357 3919 πτόμενον
2390 3849 2632 3903 κίνδυνον
2663 3849 3032 3920 ὑφορώμενος.
3077 3850 3193 3902 Ἵνα
3229 3848 3285 3902 δὲ
3328 3849 3457 3901 αὐτὸ
3500 3850 3666 3917 σαφέ-

2092 3958 2301 4013 στερον,
2337 3942 2433 3996 καὶ
2464 3943 2629 3996 πᾶσιν
2668 3941 3061 4012 εὐληπτότερον
3109 3942 3266 4008 εἴπω,
3297 3944 3409 4003 τοῖς
3454 3940 3664 4013 Ἀρείου

2092 4032 2186 4085 καὶ
2232 4033 2518 4103 Εὐνομίου,
2570 4035 2665 4087 καὶ
2707 4033 3135 4104 Ἀπολλιναρῐου,
3173 4034 3266 4086 καὶ
3297 4034 3511 4086 πάντων
3556 4036 3667 4095 τοῖς

2084 4126 2272 4195 χοροῖς
2301 4122 2410 4177 τῶν
2433 4128 2532 4195 τῆς
2551 4125 2802 4195 τοιαύτης
2827 4125 3059 4194 φατρίας
3080 4125 3280 4194 σπουδῇ
3305 4125 3412 4194 [Im
3439 4123 3665 4196 σπουδὴ]

2091 4215 2354 4270 Θεοτόκον
2386 4218 2642 4284 εἰσάγειν,
2672 4217 2744 4279 ὡς
2792 4217 3040 4287 κράσεως
3070 4216 3378 4285 γινομένης,
3415 4217 3509 4268 καὶ
3557 4215 3665 4267 τῶν

2090 4305 2184 4360 δύο
2214 4308 2427 4376 φύσεων
2459 4306 2533 4377 μὴ
2559 4306 2969 4377 διαιρουμένων,
2999 4305 3164 4375 μηδὲν
3184 4305 3292 4357 τῶν
3327 4304 3556 4357 εὐτελῶν
3588 4307 3666 4368 εἰς

2091 4398 2191 4470 τὴν
2231 4399 2620 4471 ἁνθρωπότητα
2653 4396 3059 4467 λαμϐάνεσθαν
3101 4396 3195 4449 καὶ
3239 4395 3422 4467 χώραν
3473 4395 3668 4459 αὐτοὺς

2092 4492 2278 4547 λοιπὸν
2325 4491 2465 4545 κατά
2500 4491 2601 4561 τῆς
2640 4489 2891 4562 θεότητος
2939 4488 3102 4560 ἔχειν,
3154 4488 3231 4551 ὡς
3264 4489 3480 4542 πάντων
3511 4487 3669 4555 λεγοο

2098 4587 2273 4659 μένων
2306 4587 2437 4657 παρ’
2466 4585 2608 4649 ἑνὸς,
2641 4585 2701 4637 οῦ
2734 4583 2876 4637 κατὰ
2925 4582 3023 4654 τὴν
3070 4581 3179 4635 ἀπὸ
3222 4581 3321 4650 τῆς
3378 4578 3672 4646 συναφείας

416 4655 695 4722 dignitatis
745 4671 807 4710 ex
859 4657 972 4727 ipsa
1015 4658 1399 4725 conjunctione
1449 4667 1855 4734 consequentis,
1894 4670 1982 4724 sed

2093 4655 2272 4742 άξίαν,
2309 4655 2446 4730 ἀλλὰ
2468 4675 2608 4730 κατὰ
2634 4675 2733 4746 τὴν
2768 4672 2947 4742 φύσιν.
2974 4666 3067 4737 Εἷς
3100 4671 3197 4740 μὲν
3226 4669 3333 4741 γὰρ
3358 4672 3386 4722 6
3413 4667 3669 4737 Χριστὸς,

417 4747 588 4816 ipsius
617 4748 824 4801 ratione
860 4759 1084 4805 naturae.
1127 4750 1276 4806 Unus
1321 4763 1403 4808 est
1447 4770 1680 4825 namque
1715 4757 1986 4827 Christus,

415 4848 471 4892 et
505 4854 644 4892 unus
678 4839 956 4905 Dominus,
1005 4842 1098 4895 sed
1138 4843 1191 4896 in
1217 4842 1454 4908 Christo,
1487 4844 1538 4898 in
1579 4848 1876 4915 unigenito,
1906 4850 1989 4903 in-

416 4949 598 5000 quam,
630 4932 788 5000 Filio,
815 4943 867 4987 et
893 4935 1091 4988 Christi
1118 4950 1308 4988 nomen
1336 4946 1390 4989 et
1419 4935 1538 4991 Filii
1575 4954 1717 4993 nunc
1750 4940 1815 4994 de
1845 4942 1985 4996 diri-

417 5026 604 5090 nitate,
635 5045 776 5084 nunc
824 5030 891 5083 de
939 5029 1293 5097 humanitate,
1325 5046 1466 5086 nunc
1518 5033 1585 5086 de
1648 5034 1987 5092 humanitate

418 5116 799 5190 divinitateque
832 5119 1072 5192 dicitur.]

1074 5258 1225 5315 CAP.
1282 5260 1321 5316 Ι.

498 5385 678 5449 Vides,
707 5394 764 5439 ut
807 5390 1190 5460 multiplicibus
1231 5401 1628 5455 sententiarum
1669 5404 1991 5461 commentis

419 5478 586 5546 impie
616 5479 881 5543 variatur,
931 5491 984 5536 et
1019 5484 1162 5538 illam
1211 5470 1526 5544 secundum
1555 5508 1776 5547 carnem
1828 5490 1993 5563 gene-

419 5569 684 5625 rationem
723 5569 993 5640 Unigeniti
1028 5589 1131 5629 non
1163 5579 1322 5634 aliter
1353 5582 1585 5638 futuram
1627 5584 1792 5643 fuisse
1826 5599 1989 5643 cona-

491 5748 538 5782 ’ν
560 5746 717 5809 Joan.
750 5769 803 5822 x,
835 5752 915 5808 l8.
995 5750 1214 5809 "Joan.
1251 5754 1302 5822 '5,
1340 5757 1423 5812 15.

2096 4770 2191 4822 καὶ
2219 4763 2299 4832 εἷς
2336 4767 2568 4840 Κύριοςο
2603 4767 2717 4822 ἀλλ’
2746 4766 2838 4819 ἐπὶ
2874 4764 2966 4817 τοῦ
2992 4762 3269 4841 Χριστοῦ,
3312 4761 3406 4814 ἐπὶ
3444 4759 3536 4813 τοῦ
3574 4776 3669 4829 μοι·

2096 4856 2347 4931 νογενοῦς
2384 4858 2528 4927 λέγω
2559 4859 2712 4924 Υῑοῦ,
2746 4858 2840 4911 καὶ
2883 4858 2965 4922 τὸ,
2998 4857 3251 4929 Χριστὸς,
3288 4856 3379 4909 καὶ
3409 4855 3488 4919 τὸ,
3525 4854 3670 4917 Υἱὸς,

2096 4952 2227 5006 ποτὲ
2287 4951 2387 5021 μὲν
2432 4951 2526 5002 ἐπὶ
2576 4949 2676 5018 τῆς
2728 4948 3002 5018 θεότητος,
3035 4946 3164 5000 ποτὲ⁹
3200 4945 3256 4999 δὲ
3300 4943 3393 4997 ἐπὶ
3433 4944 3531 5012 τῆς
3577 4945 3673 4996 ἀν-

2095 5043 2459 5114 θρωπότητος,
2492 5042 2586 5097 καὶ
2626 5039 2878 5109 θεότητος
2908 5037 3019 5110 [Ion
3054 5037 3184 5091 ποτὲ
3217 5036 3272 5090 δὲ
3307 5035 3400 5088 ἐπὶ
3429 5034 3529 5103 τῆς
3577 5034 3676 5087 ἀν»

1999 5143 2008 5151 ·
2101 5131 2497 5206 θρωπότητος.]

2697 5264 2948 5318 ΚΕΦΑΛ.
2988 5264 3067 5316 A'.

2178 5402 2339 5473 Ὀρᾷς
2373 5402 2521 5464 ὅπως
2572 5400 2933 5470 πολυτρόποις
2982 5394 3205 5449 ἐννοιῶν
3236 5394 3542 5466 εὑρήμασιν
3575 5394 3670 5447 ἀν-

2098 5491 2257 5556 οσίως
2280 5491 2783 5555 καταποικίλλεται,
2809 5490 2903 5544 καὶ
2921 5487 3018 5558 τὴν
3046 5488 3189 5541 κατὰ
3218 5486 3400 5557 σάρκα
3422 5485 3673 5556 γέννησιν

2097 5585 2193 5639 τοῦ
2222 5583 2577 5655 Μονογενοῦς,
2615 5584 2690 5647 ὠς
2720 5582 2819 5636 οὐκ
2848 5583 2912 5637 ἂν
2952 5581 3154 5650 ἑτέρως
3185 5578 3446 5649 ἐσομένην
3484 5578 3667 5650 πειρᾶ-
