  <div class='ocr_page' id='page_1' title='image "/cluster/home/n/w/nwhite01/storage/ocr_20150623/76/hvd.32044073501439/038.png"; bbox 0 0 4004 6202; ppageno 0'>
   <div class='ocr_carea' id='block_1_1' title="bbox 309 239 3596 310">
    <p class='ocr_par' dir='ltr' id='par_1_1' title="bbox 309 239 3596 310">
     <span class='ocr_line' id='line_1_1' title="bbox 309 239 3596 310; baseline -0.001 -10"><span class='ocrx_word' id='word_1_1' title='bbox 309 245 389 301; x_wconf 69' lang='lat'><strong>55</strong></span> <span class='ocrx_word' id='word_1_2' title='bbox 968 295 989 304; x_wconf 80' lang='lat'><strong><em>_</em></strong></span> <span class='ocrx_word' id='word_1_3' title='bbox 1472 239 1840 295; x_wconf 67' lang='lat' dir='ltr'><strong>ADYE‘BSUS</strong></span> <span class='ocrx_word' id='word_1_4' title='bbox 1884 240 2291 299; x_wconf 68' lang='lat' dir='ltr'><strong>NliSTORIUM</strong></span> <span class='ocrx_word' id='word_1_5' title='bbox 2334 243 2466 300; x_wconf 81' lang='lat' dir='ltr'><strong>LlB.</strong></span> <span class='ocrx_word' id='word_1_6' title='bbox 2504 247 2569 301; x_wconf 85' lang='lat' dir='ltr'><strong>il.</strong></span> <span class='ocrx_word' id='word_1_7' title='bbox 3526 253 3596 310; x_wconf 66' lang='grc' dir='ltr'>οε</span> 
     </span>
    </p>
   </div>
   <div class='ocr_carea' id='block_1_2' title="bbox 309 357 1908 436">
    <p class='ocr_par' dir='ltr' id='par_1_2' title="bbox 309 357 1908 430">
     <span class='ocr_line' id='line_1_2' title="bbox 309 357 1908 430; baseline -0.004 -12"><span class='ocrx_word' id='word_1_8' title='bbox 309 381 412 418; x_wconf 73' lang='grc' dir='ltr'><strong>ται</strong></span> <span class='ocrx_word' id='word_1_9' title='bbox 437 358 734 426; x_wconf 81' lang='grc' dir='ltr'>δεικνύειν,</span> <span class='ocrx_word' id='word_1_10' title='bbox 769 359 818 412; x_wconf 82' lang='grc' dir='ltr'><strong>εί</strong></span> <span class='ocrx_word' id='word_1_11' title='bbox 844 358 925 430; x_wconf 76' lang='grc' dir='ltr'>μή</span> <span class='ocrx_word' id='word_1_12' title='bbox 955 375 1042 421; x_wconf 84' lang='grc' dir='ltr'><strong>τις</strong></span> <span class='ocrx_word' id='word_1_13' title='bbox 1074 358 1284 427; x_wconf 80' lang='grc' dir='ltr'>γένοιτο</span> <span class='ocrx_word' id='word_1_14' title='bbox 1313 357 1422 413; x_wconf 78' lang='grc' dir='ltr'><strong>τῶν</strong></span> <span class='ocrx_word' id='word_1_15' title='bbox 1450 360 1800 413; x_wconf 83' lang='grc' dir='ltr'>ὑποστάσεων</span> <span class='ocrx_word' id='word_1_16' title='bbox 1837 361 1908 424; x_wconf 81' lang='grc' dir='ltr'><strong>εις</strong></span> 
     </span>
    </p>
   </div>
   <div class='ocr_carea' id='block_1_3' title="bbox 2011 357 3596 436">
    <p class='ocr_par' dir='ltr' id='par_1_3' title="bbox 2023 364 3596 436">
     <span class='ocr_line' id='line_1_3' title="bbox 2023 364 3596 436; baseline 0.008 -22"><span class='ocrx_word' id='word_1_17' title='bbox 2023 370 2109 415; x_wconf 89' lang='grc' dir='ltr'>ιιιι·</span> <span class='ocrx_word' id='word_1_18' title='bbox 2160 366 2465 429; x_wconf 75' lang='lat' dir='ltr'><strong>ostendere,</strong></span> <span class='ocrx_word' id='word_1_19' title='bbox 2504 364 2609 419; x_wconf 86' lang='lat' dir='ltr'><strong>nisi</strong></span> <span class='ocrx_word' id='word_1_20' title='bbox 2653 364 2832 436; x_wconf 76' lang='lat' dir='ltr'><strong>aliqua</strong></span> <span class='ocrx_word' id='word_1_21' title='bbox 2874 367 3304 424; x_wconf 79' lang='lat' dir='ltr'><strong>substantiarunt</strong></span> <span class='ocrx_word' id='word_1_22' title='bbox 3351 368 3496 426; x_wconf 87' lang='lat' dir='ltr'><strong>inter</strong></span> <span class='ocrx_word' id='word_1_23' title='bbox 3534 384 3596 426; x_wconf 79' lang='lat' dir='ltr'><strong>se</strong></span> 
     </span>
    </p>
   </div>
   <div class='ocr_carea' id='block_1_4' title="bbox 314 448 1916 525">
    <p class='ocr_par' dir='ltr' id='par_1_4' title="bbox 314 448 1916 525">
     <span class='ocr_line' id='line_1_4' title="bbox 314 448 1916 525; baseline -0.001 -18"><span class='ocrx_word' id='word_1_24' title='bbox 314 455 562 525; x_wconf 69' lang='grc' dir='ltr'>ἀλλήλας</span> <span class='ocrx_word' id='word_1_25' title='bbox 615 452 902 522; x_wconf 79' lang='grc' dir='ltr'>ἀνάχυσις,</span> <span class='ocrx_word' id='word_1_26' title='bbox 954 452 1127 522; x_wconf 67' lang='grc' dir='ltr'>ἤγουν</span> <span class='ocrx_word' id='word_1_27' title='bbox 1176 448 1501 522; x_wconf 80' lang='grc' dir='ltr'><strong>σύγκρασις.</strong></span> <span class='ocrx_word' id='word_1_28' title='bbox 1564 452 1758 505; x_wconf 80' lang='grc' dir='ltr'><strong>Καίτοι</strong></span> <span class='ocrx_word' id='word_1_29' title='bbox 1809 453 1916 505; x_wconf 78' lang='grc' dir='ltr'>τῶν</span> 
     </span>
    </p>
   </div>
   <div class='ocr_carea' id='block_1_5' title="bbox 308 543 1919 619">
    <p class='ocr_par' dir='ltr' id='par_1_5' title="bbox 308 543 1919 619">
     <span class='ocr_line' id='line_1_5' title="bbox 308 543 1919 619; baseline -0.009 -18"><span class='ocrx_word' id='word_1_30' title='bbox 308 548 416 619; x_wconf 82' lang='grc' dir='ltr'>τῆς</span> <span class='ocrx_word' id='word_1_31' title='bbox 462 544 801 615; x_wconf 77' lang='grc' dir='ltr'>Ἑκκλησίας</span> <span class='ocrx_word' id='word_1_32' title='bbox 832 543 1172 597; x_wconf 70' lang='grc' dir='ltr'>διδασκάλων</span> <span class='ocrx_word' id='word_1_33' title='bbox 1214 544 1277 596; x_wconf 84' lang='grc' dir='ltr'>οὐ</span> <span class='ocrx_word' id='word_1_34' title='bbox 1321 544 1505 597; x_wconf 87' lang='grc' dir='ltr'>τοῦτον</span> <span class='ocrx_word' id='word_1_35' title='bbox 1562 546 1711 615; x_wconf 81' lang='grc' dir='ltr'>ημᾶς</span> <span class='ocrx_word' id='word_1_36' title='bbox 1750 562 1919 615; x_wconf 82' lang='grc' dir='ltr'><strong>μυστ-</strong></span> 
     </span>
    </p>
   </div>
   <div class='ocr_carea' id='block_1_6' title="bbox 311 632 1917 706">
    <p class='ocr_par' dir='ltr' id='par_1_6' title="bbox 311 632 1917 706">
     <span class='ocr_line' id='line_1_6' title="bbox 311 632 1917 706; baseline -0.002 -14"><span class='ocrx_word' id='word_1_37' title='bbox 311 636 696 706; x_wconf 81' lang='grc' dir='ltr'>αγωγοὺντων</span> <span class='ocrx_word' id='word_1_38' title='bbox 716 635 810 688; x_wconf 79' lang='grc' dir='ltr'>τὸν</span> <span class='ocrx_word' id='word_1_39' title='bbox 838 635 1058 703; x_wconf 84' lang='grc' dir='ltr'>τρόπον’</span> <span class='ocrx_word' id='word_1_40' title='bbox 1092 632 1312 687; x_wconf 78' lang='grc' dir='ltr'>σύνοδον</span> <span class='ocrx_word' id='word_1_41' title='bbox 1329 633 1438 705; x_wconf 78' lang='grc' dir='ltr'>γὰρ</span> <span class='ocrx_word' id='word_1_42' title='bbox 1456 634 1631 706; x_wconf 81' lang='grc' dir='ltr'><strong>ἀληθῆ</strong></span> <span class='ocrx_word' id='word_1_43' title='bbox 1660 635 1917 703; x_wconf 76' lang='grc' dir='ltr'>γενέσθαι</span> 
     </span>
    </p>
   </div>
   <div class='ocr_carea' id='block_1_7' title="bbox 309 726 1953 803">
    <p class='ocr_par' dir='ltr' id='par_1_7' title="bbox 309 726 1953 803">
     <span class='ocr_line' id='line_1_7' title="bbox 309 726 1953 803; baseline 0 -20"><span class='ocrx_word' id='word_1_44' title='bbox 309 731 525 799; x_wconf 67' lang='grc' dir='ltr'>φαμὲν,</span> <span class='ocrx_word' id='word_1_45' title='bbox 560 727 871 790; x_wconf 78' lang='grc' dir='ltr'>ὲνὼσαντος</span> <span class='ocrx_word' id='word_1_46' title='bbox 918 730 1019 797; x_wconf 78' lang='grc' dir='ltr'>μὲν</span> <span class='ocrx_word' id='word_1_47' title='bbox 1072 726 1248 796; x_wconf 78' lang='grc' dir='ltr'>ἑαυτῷ</span> <span class='ocrx_word' id='word_1_48' title='bbox 1291 726 1385 779; x_wconf 89' lang='grc' dir='ltr'><strong>τοῦ</strong></span> <span class='ocrx_word' id='word_1_49' title='bbox 1418 727 1590 796; x_wconf 80' lang='grc' dir='ltr'>Λόγου</span> <span class='ocrx_word' id='word_1_50' title='bbox 1623 728 1684 781; x_wconf 86' lang='grc' dir='ltr'>τὸ</span> <span class='ocrx_word' id='word_1_51' title='bbox 1733 728 1953 803; x_wconf 52' lang='grc' dir='ltr'>σῶμαω</span> 
     </span>
    </p>
   </div>
   <div class='ocr_carea' id='block_1_8' title="bbox 313 814 1916 892">
    <p class='ocr_par' dir='ltr' id='par_1_8' title="bbox 313 814 1916 892">
     <span class='ocr_line' id='line_1_8' title="bbox 313 814 1916 892; baseline 0.001 -19"><span class='ocrx_word' id='word_1_52' title='bbox 313 821 704 892; x_wconf 75' lang='grc' dir='ltr'><strong>μεμενηκότος</strong></span> <span class='ocrx_word' id='word_1_53' title='bbox 740 819 799 872; x_wconf 83' lang='grc' dir='ltr'><strong>δὲ</strong></span> <span class='ocrx_word' id='word_1_54' title='bbox 845 820 986 890; x_wconf 83' lang='grc' dir='ltr'>ὅπερ</span> <span class='ocrx_word' id='word_1_55' title='bbox 1022 814 1109 890; x_wconf 76' lang='grc' dir='ltr'><strong>ἦν.</strong></span> <span class='ocrx_word' id='word_1_56' title='bbox 1159 819 1216 871; x_wconf 86' lang='grc'><strong>’0</strong></span> <span class='ocrx_word' id='word_1_57' title='bbox 1267 817 1324 871; x_wconf 80' lang='grc' dir='ltr'><strong>δὲ</strong></span> <span class='ocrx_word' id='word_1_58' title='bbox 1376 819 1486 872; x_wconf 82' lang='grc' dir='ltr'><strong>τῶν</strong></span> <span class='ocrx_word' id='word_1_59' title='bbox 1531 821 1788 875; x_wconf 75' lang='grc' dir='ltr'>τοιούτων</span> <span class='ocrx_word' id='word_1_60' title='bbox 1837 823 1916 885; x_wconf 76' lang='grc' dir='ltr'><strong>εἰς</strong></span> 
     </span>
    </p>
   </div>
   <div class='ocr_carea' id='block_1_9' title="bbox 311 892 1916 985">
    <p class='ocr_par' dir='ltr' id='par_1_9' title="bbox 311 892 1916 985">
     <span class='ocr_line' id='line_1_9' title="bbox 311 892 1916 985; baseline -0.001 -16"><span class='ocrx_word' id='word_1_61' title='bbox 311 915 443 969; x_wconf 78' lang='grc' dir='ltr'>νοῦν</span> <span class='ocrx_word' id='word_1_62' title='bbox 484 916 628 985; x_wconf 74' lang='grc' dir='ltr'>ἔχων</span> <span class='ocrx_word' id='word_1_63' title='bbox 656 914 832 975; x_wconf 80' lang='grc' dir='ltr'>οὐδὲν,</span> <span class='ocrx_word' id='word_1_64' title='bbox 865 912 1259 981; x_wconf 75' lang='grc' dir='ltr'>δεδυσσέϐηκεν</span> <span class='ocrx_word' id='word_1_65' title='bbox 1305 912 1366 965; x_wconf 87' lang='grc' dir='ltr'><strong>οὑ</strong></span> <span class='ocrx_word' id='word_1_66' title='bbox 1420 913 1677 985; x_wconf 78' lang='grc' dir='ltr'><strong>μετρίως,</strong></span> <span class='ocrx_word' id='word_1_67' title='bbox 1709 892 1916 979; x_wconf 60' lang='grc' dir='ltr'>διϊστάς</span> 
     </span>
    </p>
   </div>
   <div class='ocr_carea' id='block_1_10' title="bbox 313 1003 1917 1079">
    <p class='ocr_par' dir='ltr' id='par_1_10' title="bbox 313 1003 1917 1079">
     <span class='ocr_line' id='line_1_10' title="bbox 313 1003 1917 1079; baseline -0.001 -18"><span class='ocrx_word' id='word_1_68' title='bbox 313 1010 397 1071; x_wconf 72' lang='grc' dir='ltr'>εἰς</span> <span class='ocrx_word' id='word_1_69' title='bbox 426 1007 526 1060; x_wconf 76' lang='grc' dir='ltr'><strong>δύο</strong></span> <span class='ocrx_word' id='word_1_70' title='bbox 557 1005 831 1076; x_wconf 81' lang='grc' dir='ltr'>πρόσωπά</span> <span class='ocrx_word' id='word_1_71' title='bbox 863 1021 946 1071; x_wconf 83' lang='grc' dir='ltr'><strong>τε,</strong></span> <span class='ocrx_word' id='word_1_72' title='bbox 979 1004 1071 1057; x_wconf 58' lang='grc' dir='ltr'><strong>καὶ⁸</strong></span> <span class='ocrx_word' id='word_1_73' title='bbox 1106 1003 1453 1068; x_wconf 71' lang='grc' dir='ltr'><strong>ὑποστάσεις,</strong></span> <span class='ocrx_word' id='word_1_74' title='bbox 1478 1005 1787 1079; x_wconf 80' lang='grc' dir='ltr'>ὀλοτρόπως</span> <span class='ocrx_word' id='word_1_75' title='bbox 1820 1007 1917 1060; x_wconf 81' lang='grc' dir='ltr'>ἀλ-</span> 
     </span>
    </p>
   </div>
   <div class='ocr_carea' id='block_1_11' title="bbox 316 1092 1913 1168">
    <p class='ocr_par' dir='ltr' id='par_1_11' title="bbox 316 1092 1913 1168">
     <span class='ocr_line' id='line_1_11' title="bbox 316 1092 1913 1168; baseline -0.001 -19"><span class='ocrx_word' id='word_1_76' title='bbox 316 1098 504 1166; x_wconf 71' lang='grc' dir='ltr'>λήλων</span> <span class='ocrx_word' id='word_1_77' title='bbox 554 1093 916 1165; x_wconf 77' lang='grc' dir='ltr'>ὃιηρημένας,</span> <span class='ocrx_word' id='word_1_78' title='bbox 972 1093 1212 1164; x_wconf 78' lang='grc' dir='ltr'>ἑκατέρᾳ</span> <span class='ocrx_word' id='word_1_79' title='bbox 1257 1110 1317 1145; x_wconf 88' lang='grc' dir='ltr'><strong>τε</strong></span> <span class='ocrx_word' id='word_1_80' title='bbox 1367 1092 1557 1160; x_wconf 81' lang='grc' dir='ltr'>λόγους</span> <span class='ocrx_word' id='word_1_81' title='bbox 1599 1095 1726 1157; x_wconf 80' lang='grc' dir='ltr'>τοὺς</span> <span class='ocrx_word' id='word_1_82' title='bbox 1776 1096 1913 1168; x_wconf 79' lang='grc' dir='ltr'>αὑτῇ</span> 
     </span>
    </p>
   </div>
   <div class='ocr_carea' id='block_1_12' title="bbox 327 1183 1915 1257">
    <p class='ocr_par' dir='ltr' id='par_1_12' title="bbox 327 1183 1915 1257">
     <span class='ocr_line' id='line_1_12' title="bbox 327 1183 1915 1257; baseline -0.001 -17"><span class='ocrx_word' id='word_1_83' title='bbox 327 1188 644 1257; x_wconf 76' lang='grc' dir='ltr'>πρέποντας</span> <span class='ocrx_word' id='word_1_84' title='bbox 686 1185 965 1248; x_wconf 68' lang='grc' dir='ltr'>ἀνατιθεὶς</span> <span class='ocrx_word' id='word_1_85' title='bbox 1024 1184 1224 1246; x_wconf 74' lang='grc' dir='ltr'>ἰδικῶς.</span> <span class='ocrx_word' id='word_1_86' title='bbox 1280 1183 1391 1237; x_wconf 75' lang='grc' dir='ltr'><strong>Καὶ</strong></span> <span class='ocrx_word' id='word_1_87' title='bbox 1446 1184 1609 1238; x_wconf 88' lang='grc' dir='ltr'>πάλιν</span> <span class='ocrx_word' id='word_1_88' title='bbox 1640 1185 1737 1239; x_wconf 74' lang='grc' dir='ltr'>ἕνα</span> <span class='ocrx_word' id='word_1_89' title='bbox 1782 1187 1915 1257; x_wconf 77' lang='grc' dir='ltr'>φησὶ</span> 
     </span>
    </p>
   </div>
   <div class='ocr_carea' id='block_1_13' title="bbox 331 1271 1918 1348">
    <p class='ocr_par' dir='ltr' id='par_1_13' title="bbox 331 1271 1918 1348">
     <span class='ocr_line' id='line_1_13' title="bbox 331 1271 1918 1348; baseline -0.002 -19"><span class='ocrx_word' id='word_1_90' title='bbox 331 1277 569 1348; x_wconf 75' lang='grc' dir='ltr'>Χριστὸν</span> <span class='ocrx_word' id='word_1_91' title='bbox 617 1275 815 1345; x_wconf 69' lang='grc' dir='ltr'>Ἰησοῦν</span> <span class='ocrx_word' id='word_1_92' title='bbox 846 1275 1073 1344; x_wconf 77' lang='grc' dir='ltr'>Κύριον,</span> <span class='ocrx_word' id='word_1_93' title='bbox 1106 1273 1181 1336; x_wconf 81' lang='grc' dir='ltr'>ὡς</span> <span class='ocrx_word' id='word_1_94' title='bbox 1217 1271 1506 1343; x_wconf 85' lang='grc' dir='ltr'>ἀνθρώπου</span> <span class='ocrx_word' id='word_1_95' title='bbox 1554 1272 1673 1344; x_wconf 81' lang='grc' dir='ltr'>Θεῷ</span> <span class='ocrx_word' id='word_1_96' title='bbox 1714 1290 1847 1343; x_wconf 85' lang='grc' dir='ltr'>συνη</span> <span class='ocrx_word' id='word_1_97' title='bbox 1857 1290 1918 1344; x_wconf 83' lang='grc' dir='ltr'>μ·</span> 
     </span>
    </p>
   </div>
   <div class='ocr_carea' id='block_1_14' title="bbox 330 1364 1912 1440">
    <p class='ocr_par' dir='ltr' id='par_1_14' title="bbox 330 1364 1912 1440">
     <span class='ocr_line' id='line_1_14' title="bbox 330 1364 1912 1440; baseline -0.003 -18"><span class='ocrx_word' id='word_1_98' title='bbox 330 1371 493 1440; x_wconf 75' lang='grc' dir='ltr'>μένου</span> <span class='ocrx_word' id='word_1_99' title='bbox 524 1367 665 1421; x_wconf 73' lang='grc' dir='ltr'>κατὰ</span> <span class='ocrx_word' id='word_1_100' title='bbox 699 1368 866 1437; x_wconf 83' lang='grc' dir='ltr'>μόνην</span> <span class='ocrx_word' id='word_1_101' title='bbox 900 1366 999 1436; x_wconf 77' lang='grc' dir='ltr'>τὴν</span> <span class='ocrx_word' id='word_1_102' title='bbox 1034 1366 1212 1430; x_wconf 76' lang='grc' dir='ltr'>ἀξίαν,</span> <span class='ocrx_word' id='word_1_103' title='bbox 1243 1364 1304 1416; x_wconf 84' lang='grc' dir='ltr'><strong>οὑ</strong></span> <span class='ocrx_word' id='word_1_104' title='bbox 1336 1365 1460 1417; x_wconf 78' lang='grc' dir='ltr'>καθ’</span> <span class='ocrx_word' id='word_1_105' title='bbox 1492 1364 1683 1416; x_wconf 80' lang='grc' dir='ltr'>ἕνωσιν</span> <span class='ocrx_word' id='word_1_106' title='bbox 1716 1364 1912 1437; x_wconf 79' lang='grc' dir='ltr'>ἀληθῆ,</span> 
     </span>
    </p>
   </div>
   <div class='ocr_carea' id='block_1_15' title="bbox 326 1452 1915 1529">
    <p class='ocr_par' dir='ltr' id='par_1_15' title="bbox 326 1452 1915 1529">
     <span class='ocr_line' id='line_1_15' title="bbox 326 1452 1915 1529; baseline -0.002 -15"><span class='ocrx_word' id='word_1_107' title='bbox 326 1462 596 1524; x_wconf 77' lang='grc' dir='ltr'>τουτέστι,</span> <span class='ocrx_word' id='word_1_108' title='bbox 645 1460 741 1529; x_wconf 75' lang='grc' dir='ltr'>τὴν</span> <span class='ocrx_word' id='word_1_109' title='bbox 792 1458 938 1512; x_wconf 84' lang='grc' dir='ltr'>κατά</span> <span class='ocrx_word' id='word_1_110' title='bbox 988 1457 1173 1527; x_wconf 80' lang='grc' dir='ltr'>φύσιν.</span> <span class='ocrx_word' id='word_1_111' title='bbox 1223 1456 1345 1520; x_wconf 81' lang='grc' dir='ltr'><strong>Πῶς</strong></span> <span class='ocrx_word' id='word_1_112' title='bbox 1378 1452 1470 1510; x_wconf 80' lang='grc' dir='ltr'>οὖν</span> <span class='ocrx_word' id='word_1_113' title='bbox 1501 1459 1618 1509; x_wconf 74' lang='grc' dir='ltr'>ἐστι</span> <span class='ocrx_word' id='word_1_114' title='bbox 1653 1456 1761 1528; x_wconf 59' lang='lat' dir='ltr'><strong>[Ian</strong></span> <span class='ocrx_word' id='word_1_115' title='bbox 1796 1458 1915 1521; x_wconf 84' lang='grc' dir='ltr'><strong>πῶς</strong></span> 
     </span>
    </p>
   </div>
   <div class='ocr_carea' id='block_1_16' title="bbox 328 1546 1915 1622">
    <p class='ocr_par' dir='ltr' id='par_1_16' title="bbox 328 1546 1915 1622">
     <span class='ocr_line' id='line_1_16' title="bbox 328 1546 1915 1622; baseline -0.004 -16"><span class='ocrx_word' id='word_1_116' title='bbox 328 1548 423 1606; x_wconf 70' lang='grc' dir='ltr'>οὖν</span> <span class='ocrx_word' id='word_1_117' title='bbox 453 1547 536 1614; x_wconf 73' lang='grc' dir='ltr'>εἷς</span> <span class='ocrx_word' id='word_1_118' title='bbox 574 1549 713 1622; x_wconf 84' lang='grc' dir='ltr'>ἐστι]</span> <span class='ocrx_word' id='word_1_119' title='bbox 765 1547 1006 1619; x_wconf 80' lang='grc' dir='ltr'>Χριστὸς</span> <span class='ocrx_word' id='word_1_120' title='bbox 1053 1547 1147 1599; x_wconf 78' lang='grc' dir='ltr'>καὶ</span> <span class='ocrx_word' id='word_1_121' title='bbox 1197 1546 1325 1609; x_wconf 79' lang='grc' dir='ltr'><strong>Υἱὸς</strong></span> <span class='ocrx_word' id='word_1_122' title='bbox 1371 1546 1433 1598; x_wconf 84' lang='grc' dir='ltr'>τὸ</span> <span class='ocrx_word' id='word_1_123' title='bbox 1481 1546 1703 1616; x_wconf 77' lang='grc' dir='ltr'>Κύριος,</span> <span class='ocrx_word' id='word_1_124' title='bbox 1757 1547 1915 1619; x_wconf 76' lang='grc' dir='ltr'>εἰπερ</span> 
     </span>
    </p>
   </div>
   <div class='ocr_carea' id='block_1_17' title="bbox 321 1634 1912 1715">
    <p class='ocr_par' dir='ltr' id='par_1_17' title="bbox 321 1634 1912 1715">
     <span class='ocr_line' id='line_1_17' title="bbox 321 1634 1912 1715; baseline -0.004 -18"><span class='ocrx_word' id='word_1_125' title='bbox 321 1647 527 1714; x_wconf 63' lang='grc' dir='ltr'>ἀμ’,εοῖν</span> <span class='ocrx_word' id='word_1_126' title='bbox 569 1643 675 1697; x_wconf 80' lang='grc' dir='ltr'><strong>ἀνά</strong></span> <span class='ocrx_word' id='word_1_127' title='bbox 726 1643 891 1715; x_wconf 82' lang='grc' dir='ltr'>μέρος</span> <span class='ocrx_word' id='word_1_128' title='bbox 922 1639 1219 1710; x_wconf 84' lang='grc' dir='ltr'>ἀρμόσειεν</span> <span class='ocrx_word' id='word_1_129' title='bbox 1250 1638 1335 1703; x_wconf 80' lang='grc' dir='ltr'>ἂν,</span> <span class='ocrx_word' id='word_1_130' title='bbox 1367 1637 1444 1702; x_wconf 78' lang='grc' dir='ltr'>ὡς</span> <span class='ocrx_word' id='word_1_131' title='bbox 1484 1638 1640 1709; x_wconf 72' lang='grc' dir='ltr'>ἔφης,</span> <span class='ocrx_word' id='word_1_132' title='bbox 1692 1639 1772 1702; x_wconf 73' lang='grc' dir='ltr'>τὸ,</span> <span class='ocrx_word' id='word_1_133' title='bbox 1808 1634 1912 1693; x_wconf 80' lang='grc' dir='ltr'><strong>ὧδέ</strong></span> 
     </span>
    </p>
   </div>
   <div class='ocr_carea' id='block_1_18' title="bbox 321 1728 1910 1806">
    <p class='ocr_par' dir='ltr' id='par_1_18' title="bbox 321 1728 1910 1806">
     <span class='ocr_line' id='line_1_18' title="bbox 321 1728 1910 1806; baseline -0.004 -17"><span class='ocrx_word' id='word_1_134' title='bbox 321 1755 383 1790; x_wconf 82' lang='grc' dir='ltr'><strong>τε</strong></span> <span class='ocrx_word' id='word_1_135' title='bbox 412 1735 905 1806; x_wconf 75' lang='grc' dir='ltr'>κατονομάζεσθαι,</span> <span class='ocrx_word' id='word_1_136' title='bbox 940 1734 1035 1787; x_wconf 79' lang='grc' dir='ltr'>καὶ</span> <span class='ocrx_word' id='word_1_137' title='bbox 1068 1728 1209 1786; x_wconf 74' lang='grc' dir='ltr'>εἶναι</span> <span class='ocrx_word' id='word_1_138' title='bbox 1237 1730 1380 1784; x_wconf 78' lang='grc' dir='ltr'>κατὰ</span> <span class='ocrx_word' id='word_1_139' title='bbox 1407 1730 1685 1801; x_wconf 72' lang='grc' dir='ltr'>ἀλήθειαν,</span> <span class='ocrx_word' id='word_1_140' title='bbox 1711 1731 1802 1784; x_wconf 83' lang='grc' dir='ltr'><strong>διά</strong></span> <span class='ocrx_word' id='word_1_141' title='bbox 1827 1747 1910 1784; x_wconf 90' lang='grc' dir='ltr'><strong>τοι</strong></span> 
     </span>
    </p>
   </div>
   <div class='ocr_carea' id='block_1_19' title="bbox 322 1821 1911 1899">
    <p class='ocr_par' dir='ltr' id='par_1_19' title="bbox 322 1821 1911 1899">
     <span class='ocr_line' id='line_1_19' title="bbox 322 1821 1911 1899; baseline -0.004 -17"><span class='ocrx_word' id='word_1_142' title='bbox 322 1830 383 1882; x_wconf 76' lang='grc' dir='ltr'>τὸ</span> <span class='ocrx_word' id='word_1_143' title='bbox 434 1829 711 1899; x_wconf 73' lang='grc' dir='ltr'>συμϐῆναι</span> <span class='ocrx_word' id='word_1_144' title='bbox 760 1826 884 1880; x_wconf 81' lang='grc' dir='ltr'>καθ’</span> <span class='ocrx_word' id='word_1_145' title='bbox 918 1826 1114 1879; x_wconf 77' lang='grc' dir='ltr'>ἕνωσιν</span> <span class='ocrx_word' id='word_1_146' title='bbox 1154 1824 1357 1895; x_wconf 80' lang='grc' dir='ltr'>ἥκιστα</span> <span class='ocrx_word' id='word_1_147' title='bbox 1388 1823 1484 1893; x_wconf 85' lang='grc' dir='ltr'>μὲν</span> <span class='ocrx_word' id='word_1_148' title='bbox 1521 1822 1765 1892; x_wconf 80' lang='grc' dir='ltr'>ἀλλήλων</span> <span class='ocrx_word' id='word_1_149' title='bbox 1811 1821 1911 1887; x_wconf 85' lang='grc' dir='ltr'>τὰς</span> 
     </span>
    </p>
   </div>
   <div class='ocr_carea' id='block_1_20' title="bbox 324 1915 1910 1987">
    <p class='ocr_par' dir='ltr' id='par_1_20' title="bbox 324 1915 1910 1987">
     <span class='ocr_line' id='line_1_20' title="bbox 324 1915 1910 1987; baseline -0.002 -14"><span class='ocrx_word' id='word_1_150' title='bbox 324 1922 670 1983; x_wconf 73' lang='grc' dir='ltr'>ὑποστάσεις,</span> <span class='ocrx_word' id='word_1_151' title='bbox 703 1917 958 1972; x_wconf 80' lang='grc' dir='ltr'>ἐνοῦσθαι</span> <span class='ocrx_word' id='word_1_152' title='bbox 991 1916 1047 1970; x_wconf 80' lang='grc' dir='ltr'><strong>δὲ</strong></span> <span class='ocrx_word' id='word_1_153' title='bbox 1079 1916 1225 1970; x_wconf 82' lang='grc' dir='ltr'><strong>κατά</strong></span> <span class='ocrx_word' id='word_1_154' title='bbox 1257 1916 1425 1987; x_wconf 80' lang='grc' dir='ltr'>μόνην</span> <span class='ocrx_word' id='word_1_155' title='bbox 1450 1915 1548 1986; x_wconf 80' lang='grc' dir='ltr'>τὴν</span> <span class='ocrx_word' id='word_1_156' title='bbox 1580 1915 1761 1982; x_wconf 76' lang='grc' dir='ltr'>ἀξίαν,</span> <span class='ocrx_word' id='word_1_157' title='bbox 1791 1917 1910 1987; x_wconf 71' lang='grc' dir='ltr'>ἦτοι</span> 
     </span>
    </p>
   </div>
   <div class='ocr_carea' id='block_1_21' title="bbox 324 2007 1910 2083">
    <p class='ocr_par' dir='ltr' id='par_1_21' title="bbox 324 2007 1910 2083">
     <span class='ocr_line' id='line_1_21' title="bbox 324 2007 1910 2083; baseline -0.002 -18"><span class='ocrx_word' id='word_1_158' title='bbox 324 2012 421 2083; x_wconf 79' lang='grc' dir='ltr'>τὴν</span> <span class='ocrx_word' id='word_1_159' title='bbox 466 2011 775 2075; x_wconf 80' lang='grc' dir='ltr'>αὑθεντίαν,</span> <span class='ocrx_word' id='word_1_160' title='bbox 829 2013 1001 2079; x_wconf 72' lang='grc' dir='ltr'>ἧγουν</span> <span class='ocrx_word' id='word_1_161' title='bbox 1037 2008 1319 2075; x_wconf 77' lang='grc' dir='ltr'>ἐξουσίαν·</span> <span class='ocrx_word' id='word_1_162' title='bbox 1374 2009 1475 2061; x_wconf 76' lang='grc' dir='ltr'><strong>κάν</strong></span> <span class='ocrx_word' id='word_1_163' title='bbox 1518 2025 1601 2061; x_wconf 88' lang='grc' dir='ltr'><strong>τοι</strong></span> <span class='ocrx_word' id='word_1_164' title='bbox 1650 2007 1750 2071; x_wconf 82' lang='grc' dir='ltr'><strong>τὰς</strong></span> <span class='ocrx_word' id='word_1_165' title='bbox 1800 2008 1910 2063; x_wconf 82' lang='grc' dir='ltr'><strong>τῶν</strong></span> 
     </span>
    </p>
   </div>
   <div class='ocr_carea' id='block_1_22' title="bbox 333 2100 1908 2176">
    <p class='ocr_par' dir='ltr' id='par_1_22' title="bbox 333 2100 1908 2176">
     <span class='ocr_line' id='line_1_22' title="bbox 333 2100 1908 2176; baseline -0.001 -20"><span class='ocrx_word' id='word_1_166' title='bbox 333 2105 673 2176; x_wconf 79' lang='grc' dir='ltr'>πραγμάτων</span> <span class='ocrx_word' id='word_1_167' title='bbox 710 2100 1299 2173; x_wconf 71' lang='grc' dir='ltr'>πολυπραγμονοῦντες</span> <span class='ocrx_word' id='word_1_168' title='bbox 1343 2101 1556 2171; x_wconf 74' lang='grc' dir='ltr'>φύσεις,</span> <span class='ocrx_word' id='word_1_169' title='bbox 1586 2102 1656 2154; x_wconf 82' lang='grc' dir='ltr'><strong>τά</strong></span> <span class='ocrx_word' id='word_1_170' title='bbox 1701 2102 1759 2152; x_wconf 76' lang='grc' dir='ltr'>ὲν</span> <span class='ocrx_word' id='word_1_171' title='bbox 1797 2100 1908 2154; x_wconf 82' lang='grc' dir='ltr'>ἰσό-</span> 
     </span>
    </p>
   </div>
   <div class='ocr_carea' id='block_1_23' title="bbox 338 2193 1909 2264">
    <p class='ocr_par' dir='ltr' id='par_1_23' title="bbox 338 2193 1909 2264">
     <span class='ocr_line' id='line_1_23' title="bbox 338 2193 1909 2264; baseline -0.001 -15"><span class='ocrx_word' id='word_1_172' title='bbox 338 2213 467 2264; x_wconf 74' lang='grc' dir='ltr'>τητι</span> <span class='ocrx_word' id='word_1_173' title='bbox 498 2195 599 2263; x_wconf 67' lang='grc' dir='ltr'>τῆς</span> <span class='ocrx_word' id='word_1_174' title='bbox 630 2194 800 2260; x_wconf 73' lang='grc' dir='ltr'>ἀξίας,</span> <span class='ocrx_word' id='word_1_175' title='bbox 838 2196 897 2247; x_wconf 83' lang='grc' dir='ltr'><strong>οὑ</strong></span> <span class='ocrx_word' id='word_1_176' title='bbox 931 2194 1135 2264; x_wconf 84' lang='grc' dir='ltr'>ταύτης</span> <span class='ocrx_word' id='word_1_177' title='bbox 1166 2193 1329 2247; x_wconf 82' lang='grc' dir='ltr'>ἓνεκα</span> <span class='ocrx_word' id='word_1_178' title='bbox 1364 2194 1463 2264; x_wconf 85' lang='grc' dir='ltr'><strong>τῆς</strong></span> <span class='ocrx_word' id='word_1_179' title='bbox 1497 2194 1676 2256; x_wconf 77' lang='grc' dir='ltr'>αἰτίας</span> <span class='ocrx_word' id='word_1_180' title='bbox 1706 2193 1909 2247; x_wconf 82' lang='grc' dir='ltr'>ἀποϐε-</span> 
     </span>
    </p>
   </div>
   <div class='ocr_carea' id='block_1_24' title="bbox 354 2284 1908 2357">
    <p class='ocr_par' dir='ltr' id='par_1_24' title="bbox 354 2284 1908 2357">
     <span class='ocr_line' id='line_1_24' title="bbox 354 2284 1908 2357; baseline 0.003 -20"><span class='ocrx_word' id='word_1_181' title='bbox 354 2286 587 2355; x_wconf 62' lang='grc' dir='ltr'>ϐληκότα</span> <span class='ocrx_word' id='word_1_182' title='bbox 615 2287 1050 2357; x_wconf 72' lang='grc' dir='ltr'>καταθρήσαιμεν</span> <span class='ocrx_word' id='word_1_183' title='bbox 1098 2284 1166 2339; x_wconf 81' lang='grc' dir='ltr'>ἂν</span> <span class='ocrx_word' id='word_1_184' title='bbox 1200 2286 1263 2338; x_wconf 88' lang='grc' dir='ltr'>τὸ</span> <span class='ocrx_word' id='word_1_185' title='bbox 1301 2285 1568 2357; x_wconf 76' lang='grc' dir='ltr'>ὑπάρχειν</span> <span class='ocrx_word' id='word_1_186' title='bbox 1609 2285 1908 2341; x_wconf 84' lang='grc' dir='ltr'>ίδιοσυστά-</span> 
     </span>
    </p>
   </div>
   <div class='ocr_carea' id='block_1_25' title="bbox 355 2377 1907 2449">
    <p class='ocr_par' dir='ltr' id='par_1_25' title="bbox 355 2377 1907 2449">
     <span class='ocr_line' id='line_1_25' title="bbox 355 2377 1907 2449; baseline 0.001 -20"><span class='ocrx_word' id='word_1_187' title='bbox 355 2395 486 2440; x_wconf 80' lang='grc' dir='ltr'>τως.</span> <span class='ocrx_word' id='word_1_188' title='bbox 544 2378 673 2429; x_wconf 68' lang='grc' dir='ltr'>Οῦτε</span> <span class='ocrx_word' id='word_1_189' title='bbox 720 2378 818 2449; x_wconf 70' lang='grc' dir='ltr'>μὴν</span> <span class='ocrx_word' id='word_1_190' title='bbox 871 2380 929 2431; x_wconf 78' lang='grc' dir='ltr'>τὸ</span> <span class='ocrx_word' id='word_1_191' title='bbox 981 2380 1274 2449; x_wconf 76' lang='grc' dir='ltr'>ἰσομοιρεῖν</span> <span class='ocrx_word' id='word_1_192' title='bbox 1322 2378 1402 2441; x_wconf 81' lang='grc' dir='ltr'><strong>εἰς</strong></span> <span class='ocrx_word' id='word_1_193' title='bbox 1452 2377 1631 2442; x_wconf 76' lang='grc' dir='ltr'>δόξαν,</span> <span class='ocrx_word' id='word_1_194' title='bbox 1683 2378 1907 2448; x_wconf 80' lang='grc' dir='ltr'>ἀρκέσει</span> 
     </span>
    </p>
   </div>
   <div class='ocr_carea' id='block_1_26' title="bbox 344 2468 1907 2543">
    <p class='ocr_par' dir='ltr' id='par_1_26' title="bbox 344 2468 1907 2543">
     <span class='ocr_line' id='line_1_26' title="bbox 344 2468 1907 2543; baseline 0.002 -22"><span class='ocrx_word' id='word_1_195' title='bbox 344 2471 490 2541; x_wconf 80' lang='grc' dir='ltr'>πρὸς</span> <span class='ocrx_word' id='word_1_196' title='bbox 524 2472 720 2523; x_wconf 82' lang='grc' dir='ltr'>ἕνωσιν</span> <span class='ocrx_word' id='word_1_197' title='bbox 740 2488 753 2501; x_wconf 88' lang='grc'><strong>·</strong></span> <span class='ocrx_word' id='word_1_198' title='bbox 787 2468 888 2523; x_wconf 75' lang='grc' dir='ltr'>οἶόν</span> <span class='ocrx_word' id='word_1_199' title='bbox 917 2472 968 2523; x_wconf 83' lang='grc' dir='ltr'><strong>τί</strong></span> <span class='ocrx_word' id='word_1_200' title='bbox 996 2489 1129 2540; x_wconf 68' lang='grc' dir='ltr'>φημι</span> <span class='ocrx_word' id='word_1_201' title='bbox 1147 2490 1160 2501; x_wconf 71' lang='grc' dir='ltr'><strong>ν</strong></span> <span class='ocrx_word' id='word_1_202' title='bbox 1184 2470 1389 2543; x_wconf 83' lang='grc' dir='ltr'>Πέτρος</span> <span class='ocrx_word' id='word_1_203' title='bbox 1416 2488 1473 2524; x_wconf 90' lang='grc' dir='ltr'><strong>τε</strong></span> <span class='ocrx_word' id='word_1_204' title='bbox 1503 2471 1594 2523; x_wconf 79' lang='grc' dir='ltr'>καὶ</span> <span class='ocrx_word' id='word_1_205' title='bbox 1634 2471 1907 2541; x_wconf 80' lang='grc' dir='ltr'>Ἰωάννης,</span> 
     </span>
    </p>
   </div>
   <div class='ocr_carea' id='block_1_27' title="bbox 329 2563 1911 2633">
    <p class='ocr_par' dir='ltr' id='par_1_27' title="bbox 329 2563 1911 2633">
     <span class='ocr_line' id='line_1_27' title="bbox 329 2563 1911 2633; baseline 0.001 -18"><span class='ocrx_word' id='word_1_206' title='bbox 329 2563 505 2632; x_wconf 69' lang='grc' dir='ltr'>ἄμφω</span> <span class='ocrx_word' id='word_1_207' title='bbox 535 2563 650 2632; x_wconf 81' lang='grc' dir='ltr'>μὲν</span> <span class='ocrx_word' id='word_1_208' title='bbox 678 2564 857 2633; x_wconf 71' lang='grc' dir='ltr'>ῆστην</span> <span class='ocrx_word' id='word_1_209' title='bbox 902 2563 1164 2616; x_wconf 57' lang='lat' dir='ltr'><strong>drancis!</strong></span> <span class='ocrx_word' id='word_1_210' title='bbox 1200 2580 1260 2616; x_wconf 90' lang='grc' dir='ltr'><strong>τε</strong></span> <span class='ocrx_word' id='word_1_211' title='bbox 1311 2564 1404 2617; x_wconf 58' lang='grc' dir='ltr'><strong>καὶ⁵</strong></span> <span class='ocrx_word' id='word_1_212' title='bbox 1447 2564 1614 2632; x_wconf 81' lang='grc' dir='ltr'>ἆγιοι,</span> <span class='ocrx_word' id='word_1_213' title='bbox 1651 2564 1747 2617; x_wconf 73' lang='grc' dir='ltr'><strong>καὶ</strong></span> <span class='ocrx_word' id='word_1_214' title='bbox 1790 2568 1911 2627; x_wconf 82' lang='grc' dir='ltr'>ταῖς</span> 
     </span>
    </p>
   </div>
   <div class='ocr_carea' id='block_1_28' title="bbox 331 2655 1909 2727">
    <p class='ocr_par' dir='ltr' id='par_1_28' title="bbox 331 2655 1909 2727">
     <span class='ocr_line' id='line_1_28' title="bbox 331 2655 1909 2727; baseline 0.004 -21"><span class='ocrx_word' id='word_1_215' title='bbox 331 2655 646 2726; x_wconf 78' lang='grc' dir='ltr'>ἰσομέτροις</span> <span class='ocrx_word' id='word_1_216' title='bbox 683 2658 898 2724; x_wconf 81' lang='grc' dir='ltr'>τιμαῖς,</span> <span class='ocrx_word' id='word_1_217' title='bbox 934 2657 1027 2709; x_wconf 79' lang='grc' dir='ltr'><strong>καὶ</strong></span> <span class='ocrx_word' id='word_1_218' title='bbox 1062 2656 1307 2727; x_wconf 78' lang='grc' dir='ltr'>δυνάμεσι</span> <span class='ocrx_word' id='word_1_219' title='bbox 1338 2660 1460 2720; x_wconf 83' lang='grc' dir='ltr'>ταῖς</span> <span class='ocrx_word' id='word_1_220' title='bbox 1493 2657 1579 2711; x_wconf 79' lang='grc' dir='ltr'>διὰ</span> <span class='ocrx_word' id='word_1_221' title='bbox 1609 2657 1701 2712; x_wconf 87' lang='grc' dir='ltr'><strong>τοῦ</strong></span> <span class='ocrx_word' id='word_1_222' title='bbox 1738 2658 1909 2712; x_wconf 80' lang='grc' dir='ltr'>Πνεῦ-</span> 
     </span>
    </p>
   </div>
   <div class='ocr_carea' id='block_1_29' title="bbox 327 2746 1907 2822">
    <p class='ocr_par' dir='ltr' id='par_1_29' title="bbox 327 2746 1907 2822">
     <span class='ocr_line' id='line_1_29' title="bbox 327 2746 1907 2822; baseline 0.003 -22"><span class='ocrx_word' id='word_1_223' title='bbox 327 2764 497 2816; x_wconf 82' lang='grc' dir='ltr'>ματος</span> <span class='ocrx_word' id='word_1_224' title='bbox 533 2746 1003 2817; x_wconf 84' lang='grc' dir='ltr'>κατηγλαῖσμένοι</span> <span class='ocrx_word' id='word_1_225' title='bbox 1037 2749 1184 2819; x_wconf 84' lang='grc' dir='ltr'><strong>παρά</strong></span> <span class='ocrx_word' id='word_1_226' title='bbox 1212 2748 1311 2803; x_wconf 88' lang='grc' dir='ltr'><strong>τοῦ</strong></span> <span class='ocrx_word' id='word_1_227' title='bbox 1346 2750 1565 2803; x_wconf 87' lang='grc' dir='ltr'>πάντων</span> <span class='ocrx_word' id='word_1_228' title='bbox 1605 2750 1763 2822; x_wconf 81' lang='grc' dir='ltr'>ἡμῶν</span> <span class='ocrx_word' id='word_1_229' title='bbox 1794 2752 1907 2805; x_wconf 84' lang='grc' dir='ltr'><strong>Σω-</strong></span> 
     </span>
    </p>
   </div>
   <div class='ocr_carea' id='block_1_30' title="bbox 322 2836 1909 2911">
    <p class='ocr_par' dir='ltr' id='par_1_30' title="bbox 322 2836 1909 2911">
     <span class='ocr_line' id='line_1_30' title="bbox 322 2836 1909 2911; baseline 0.003 -23"><span class='ocrx_word' id='word_1_230' title='bbox 322 2837 487 2907; x_wconf 84' lang='grc' dir='ltr'>τῆρος</span> <span class='ocrx_word' id='word_1_231' title='bbox 506 2836 747 2908; x_wconf 78' lang='grc' dir='ltr'>Χριστοῦ</span> <span class='ocrx_word' id='word_1_232' title='bbox 761 2854 777 2867; x_wconf 77' lang='grc'><strong><em>⁸</em></strong></span> <span class='ocrx_word' id='word_1_233' title='bbox 795 2838 992 2906; x_wconf 69' lang='grc' dir='ltr'>ηκουον</span> <span class='ocrx_word' id='word_1_234' title='bbox 1013 2838 1122 2910; x_wconf 80' lang='grc' dir='ltr'><strong>γάρ</strong></span> <span class='ocrx_word' id='word_1_235' title='bbox 1138 2839 1275 2909; x_wconf 86' lang='grc' dir='ltr'>ὁμοῦ</span> <span class='ocrx_word' id='word_1_236' title='bbox 1301 2843 1415 2903; x_wconf 83' lang='grc' dir='ltr'>τοῖς</span> <span class='ocrx_word' id='word_1_237' title='bbox 1437 2840 1619 2903; x_wconf 82' lang='grc' dir='ltr'>ἄλλοις</span> <span class='ocrx_word' id='word_1_238' title='bbox 1638 2857 1651 2869; x_wconf 92' lang='grc'><strong>·</strong></span> <span class='ocrx_word' id='word_1_239' title='bbox 1672 2858 1691 2892; x_wconf 77' lang='grc' dir='ltr'><strong>ι</strong></span> <span class='ocrx_word' id='word_1_240' title='bbox 1720 2841 1909 2911; x_wconf 83' lang='grc' dir='ltr'>Ὑμεῖς</span> 
     </span>
    </p>
   </div>
   <div class='ocr_carea' id='block_1_31' title="bbox 323 2927 1905 3000">
    <p class='ocr_par' dir='ltr' id='par_1_31' title="bbox 323 2927 1905 3000">
     <span class='ocr_line' id='line_1_31' title="bbox 323 2927 1905 3000; baseline 0.003 -19"><span class='ocrx_word' id='word_1_241' title='bbox 323 2934 449 2981; x_wconf 80' lang='grc' dir='ltr'>ἐστε</span> <span class='ocrx_word' id='word_1_242' title='bbox 512 2927 574 2980; x_wconf 81' lang='grc' dir='ltr'>τὸ</span> <span class='ocrx_word' id='word_1_243' title='bbox 623 2929 742 2997; x_wconf 73' lang='grc' dir='ltr'><strong>φῶς</strong></span> <span class='ocrx_word' id='word_1_244' title='bbox 777 2928 872 2981; x_wconf 87' lang='grc' dir='ltr'><strong>τοῦ</strong></span> <span class='ocrx_word' id='word_1_245' title='bbox 929 2929 1138 3000; x_wconf 81' lang='grc' dir='ltr'>κόσμου</span> <span class='ocrx_word' id='word_1_246' title='bbox 1206 2950 1228 2983; x_wconf 74' lang='grc' dir='ltr'><strong>ι</strong></span> <span class='ocrx_word' id='word_1_247' title='bbox 1291 2931 1500 2985; x_wconf 79' lang='grc' dir='ltr'>τούτου.</span> <span class='ocrx_word' id='word_1_248' title='bbox 1558 2930 1665 2985; x_wconf 78' lang='grc' dir='ltr'>Καὶ</span> <span class='ocrx_word' id='word_1_249' title='bbox 1706 2931 1905 2987; x_wconf 86' lang='grc' dir='ltr'>πάλιν·</span> 
     </span>
    </p>
   </div>
   <div class='ocr_carea' id='block_1_32' title="bbox 327 3021 1909 3096">
    <p class='ocr_par' dir='ltr' id='par_1_32' title="bbox 327 3021 1909 3096">
     <span class='ocr_line' id='line_1_32' title="bbox 327 3021 1909 3096; baseline 0.003 -24"><span class='ocrx_word' id='word_1_250' title='bbox 327 3039 347 3071; x_wconf 77' lang='grc' dir='ltr'><strong>ι</strong></span> <span class='ocrx_word' id='word_1_251' title='bbox 408 3021 796 3085; x_wconf 74' lang='grc' dir='ltr'>’Ᾱσθενοῦντας</span> <span class='ocrx_word' id='word_1_252' title='bbox 825 3021 1154 3092; x_wconf 81' lang='grc' dir='ltr'>θεραπεύετε</span> <span class='ocrx_word' id='word_1_253' title='bbox 1176 3040 1190 3054; x_wconf 88' lang='grc'>·</span> <span class='ocrx_word' id='word_1_254' title='bbox 1241 3025 1468 3096; x_wconf 83' lang='grc' dir='ltr'>νεκροὺς</span> <span class='ocrx_word' id='word_1_255' title='bbox 1510 3024 1751 3096; x_wconf 76' lang='grc' dir='ltr'>ἐγείρετε</span> <span class='ocrx_word' id='word_1_256' title='bbox 1771 3040 1785 3055; x_wconf 73' lang='grc'><strong>⁸</strong></span> <span class='ocrx_word' id='word_1_257' title='bbox 1818 3023 1909 3077; x_wconf 84' lang='grc' dir='ltr'>λε-</span> 
     </span>
    </p>
   </div>
   <div class='ocr_carea' id='block_1_33' title="bbox 327 3111 1908 3188">
    <p class='ocr_par' dir='ltr' id='par_1_33' title="bbox 327 3111 1908 3188">
     <span class='ocr_line' id='line_1_33' title="bbox 327 3111 1908 3188; baseline 0.001 -22"><span class='ocrx_word' id='word_1_258' title='bbox 327 3115 507 3184; x_wconf 68' lang='grc' dir='ltr'>προὺς</span> <span class='ocrx_word' id='word_1_259' title='bbox 548 3112 905 3185; x_wconf 76' lang='grc' dir='ltr'><strong>καθαρίζετε·</strong></span> <span class='ocrx_word' id='word_1_260' title='bbox 952 3114 1208 3185; x_wconf 83' lang='grc' dir='ltr'>δαιμόνια</span> <span class='ocrx_word' id='word_1_261' title='bbox 1240 3115 1546 3169; x_wconf 69' lang='grc' dir='ltr'>ἐκϐάλλετε.</span> <span class='ocrx_word' id='word_1_262' title='bbox 1586 3134 1605 3168; x_wconf 76' lang='lat' dir='ltr'><strong>t</strong></span> <span class='ocrx_word' id='word_1_263' title='bbox 1644 3111 1789 3188; x_wconf 71' lang='grc' dir='ltr'><strong>Ἆρα</strong></span> <span class='ocrx_word' id='word_1_264' title='bbox 1816 3111 1908 3168; x_wconf 83' lang='grc' dir='ltr'><strong>οῦν</strong></span> 
     </span>
    </p>
   </div>
   <div class='ocr_carea' id='block_1_34' title="bbox 330 3203 1908 3276">
    <p class='ocr_par' dir='ltr' id='par_1_34' title="bbox 330 3203 1908 3276">
     <span class='ocr_line' id='line_1_34' title="bbox 330 3203 1908 3276; baseline 0.001 -21"><span class='ocrx_word' id='word_1_265' title='bbox 330 3206 394 3270; x_wconf 77' lang='grc' dir='ltr'><strong>ἐξ</strong></span> <span class='ocrx_word' id='word_1_266' title='bbox 420 3203 791 3276; x_wconf 75' lang='grc' dir='ltr'>ίσομοιροῦσης</span> <span class='ocrx_word' id='word_1_267' title='bbox 820 3203 1000 3270; x_wconf 80' lang='grc' dir='ltr'>ἀξίας,</span> <span class='ocrx_word' id='word_1_268' title='bbox 1026 3206 1194 3276; x_wconf 69' lang='grc' dir='ltr'>ἡγουν</span> <span class='ocrx_word' id='word_1_269' title='bbox 1223 3205 1507 3267; x_wconf 86' lang='grc' dir='ltr'>αὑθεντίας</span> <span class='ocrx_word' id='word_1_270' title='bbox 1532 3205 1712 3267; x_wconf 85' lang='grc' dir='ltr'>αὑτοῖς</span> <span class='ocrx_word' id='word_1_271' title='bbox 1734 3204 1908 3274; x_wconf 82' lang='grc' dir='ltr'>ὑπάρ-</span> 
     </span>
    </p>
   </div>
   <div class='ocr_carea' id='block_1_35' title="bbox 328 3290 1905 3366">
    <p class='ocr_par' dir='ltr' id='par_1_35' title="bbox 328 3290 1905 3366">
     <span class='ocr_line' id='line_1_35' title="bbox 328 3290 1905 3366; baseline -0.003 -19"><span class='ocrx_word' id='word_1_272' title='bbox 328 3295 416 3360; x_wconf 74' lang='grc' dir='ltr'>ξαι</span> <span class='ocrx_word' id='word_1_273' title='bbox 470 3297 667 3364; x_wconf 73' lang='grc' dir='ltr'>φαμὲν,</span> <span class='ocrx_word' id='word_1_274' title='bbox 724 3294 788 3347; x_wconf 84' lang='grc' dir='ltr'>τὸ</span> <span class='ocrx_word' id='word_1_275' title='bbox 840 3297 921 3358; x_wconf 70' lang='grc' dir='ltr'>εἰς</span> <span class='ocrx_word' id='word_1_276' title='bbox 982 3293 1270 3366; x_wconf 73' lang='grc' dir='ltr'>ἄνθρωπον</span> <span class='ocrx_word' id='word_1_277' title='bbox 1323 3294 1417 3347; x_wconf 72' lang='grc' dir='ltr'>ἕνα</span> <span class='ocrx_word' id='word_1_278' title='bbox 1456 3290 1905 3360; x_wconf 76' lang='grc' dir='ltr'>καταλογίζεσθαι</span> 
     </span>
    </p>
   </div>
   <div class='ocr_carea' id='block_1_36' title="bbox 321 3385 1905 3459">
    <p class='ocr_par' dir='ltr' id='par_1_36' title="bbox 321 3385 1905 3459">
     <span class='ocr_line' id='line_1_36' title="bbox 321 3385 1905 3459; baseline -0.001 -20"><span class='ocrx_word' id='word_1_279' title='bbox 321 3388 448 3451; x_wconf 72' lang='grc' dir='ltr'>τοὺς</span> <span class='ocrx_word' id='word_1_280' title='bbox 481 3387 592 3449; x_wconf 83' lang='grc' dir='ltr'>δύο,</span> <span class='ocrx_word' id='word_1_281' title='bbox 623 3390 720 3441; x_wconf 75' lang='grc' dir='ltr'><strong>καὶ</strong></span> <span class='ocrx_word' id='word_1_282' title='bbox 748 3389 910 3459; x_wconf 84' lang='grc' dir='ltr'>ἀρκεῖ</span> <span class='ocrx_word' id='word_1_283' title='bbox 934 3388 1095 3441; x_wconf 86' lang='grc' dir='ltr'>τοῦτο</span> <span class='ocrx_word' id='word_1_284' title='bbox 1123 3387 1258 3459; x_wconf 79' lang='grc' dir='ltr'>πρὸς</span> <span class='ocrx_word' id='word_1_285' title='bbox 1287 3386 1498 3450; x_wconf 72' lang='grc' dir='ltr'>ἕνωσιν,</span> <span class='ocrx_word' id='word_1_286' title='bbox 1527 3386 1625 3457; x_wconf 81' lang='grc' dir='ltr'>τὴν</span> <span class='ocrx_word' id='word_1_287' title='bbox 1650 3385 1726 3448; x_wconf 85' lang='grc' dir='ltr'>ὡς</span> <span class='ocrx_word' id='word_1_288' title='bbox 1754 3385 1810 3438; x_wconf 80' lang='grc' dir='ltr'>ἐν</span> <span class='ocrx_word' id='word_1_289' title='bbox 1839 3400 1905 3453; x_wconf 84' lang='grc' dir='ltr'><strong>γε</strong></span> 
     </span>
    </p>
   </div>
   <div class='ocr_carea' id='block_1_37' title="bbox 322 3474 1902 3548">
    <p class='ocr_par' dir='ltr' id='par_1_37' title="bbox 322 3474 1902 3548">
     <span class='ocr_line' id='line_1_37' title="bbox 322 3474 1902 3548; baseline 0 -18"><span class='ocrx_word' id='word_1_290' title='bbox 322 3482 441 3543; x_wconf 85' lang='grc' dir='ltr'>ταῖς</span> <span class='ocrx_word' id='word_1_291' title='bbox 470 3479 806 3533; x_wconf 80' lang='grc' dir='ltr'>ὑποστάσεσι</span> <span class='ocrx_word' id='word_1_292' title='bbox 833 3479 1012 3547; x_wconf 81' lang='grc' dir='ltr'>).έγω;</span> <span class='ocrx_word' id='word_1_293' title='bbox 1038 3474 1175 3532; x_wconf 76' lang='grc' dir='ltr'>Εἶτα</span> <span class='ocrx_word' id='word_1_294' title='bbox 1203 3478 1319 3541; x_wconf 83' lang='grc' dir='ltr'>πῶς</span> <span class='ocrx_word' id='word_1_295' title='bbox 1341 3480 1442 3531; x_wconf 82' lang='grc' dir='ltr'>οὐκ</span> <span class='ocrx_word' id='word_1_296' title='bbox 1472 3478 1678 3548; x_wconf 66' lang='grc' dir='ltr'>ἠλίθιον</span> <span class='ocrx_word' id='word_1_297' title='bbox 1706 3477 1902 3548; x_wconf 79' lang='grc' dir='ltr'>κομιδῇ</span> 
     </span>
    </p>
   </div>
   <div class='ocr_carea' id='block_1_38' title="bbox 324 3566 1904 3644">
    <p class='ocr_par' dir='ltr' id='par_1_38' title="bbox 324 3566 1904 3644">
     <span class='ocr_line' id='line_1_38' title="bbox 324 3566 1904 3644; baseline -0.001 -20"><span class='ocrx_word' id='word_1_298' title='bbox 324 3571 385 3624; x_wconf 72' lang='grc' dir='ltr'>τὸ</span> <span class='ocrx_word' id='word_1_299' title='bbox 437 3566 538 3625; x_wconf 76' lang='grc' dir='ltr'><strong>ὧδε</strong></span> <span class='ocrx_word' id='word_1_300' title='bbox 593 3576 835 3644; x_wconf 72' lang='grc' dir='ltr'>φρονεῖν,</span> <span class='ocrx_word' id='word_1_301' title='bbox 885 3573 1044 3625; x_wconf 70' lang='grc' dir='ltr'>νοοῖτ*</span> <span class='ocrx_word' id='word_1_302' title='bbox 1082 3570 1148 3625; x_wconf 83' lang='grc' dir='ltr'>ἂν</span> <span class='ocrx_word' id='word_1_303' title='bbox 1194 3571 1452 3636; x_wconf 82' lang='grc' dir='ltr'>εἰκότως;</span> <span class='ocrx_word' id='word_1_304' title='bbox 1504 3572 1569 3624; x_wconf 89' lang='grc' dir='ltr'>Τί</span> <span class='ocrx_word' id='word_1_305' title='bbox 1616 3571 1904 3642; x_wconf 77' lang='grc' dir='ltr'>τοιγαροῦν</span> 
     </span>
    </p>
   </div>
   <div class='ocr_carea' id='block_1_39' title="bbox 325 3659 1906 3735">
    <p class='ocr_par' dir='ltr' id='par_1_39' title="bbox 325 3659 1906 3735">
     <span class='ocr_line' id='line_1_39' title="bbox 325 3659 1906 3735; baseline -0.001 -18"><span class='ocrx_word' id='word_1_306' title='bbox 325 3663 645 3734; x_wconf 51' lang='lat' dir='ltr'><strong>amatas—.1;</strong></span> <span class='ocrx_word' id='word_1_307' title='bbox 696 3663 794 3733; x_wconf 84' lang='grc' dir='ltr'>μὲν</span> <span class='ocrx_word' id='word_1_308' title='bbox 828 3659 969 3717; x_wconf 76' lang='grc' dir='ltr'>εῖναι</span> <span class='ocrx_word' id='word_1_309' title='bbox 1007 3663 1104 3734; x_wconf 81' lang='grc' dir='ltr'>τὴν</span> <span class='ocrx_word' id='word_1_310' title='bbox 1149 3664 1330 3717; x_wconf 88' lang='grc' dir='ltr'>πίστιν</span> <span class='ocrx_word' id='word_1_311' title='bbox 1362 3663 1542 3735; x_wconf 78' lang='grc' dir='ltr'>ὀρθὸς,</span> <span class='ocrx_word' id='word_1_312' title='bbox 1588 3662 1685 3717; x_wconf 72' lang='grc' dir='ltr'>ἕνα</span> <span class='ocrx_word' id='word_1_313' title='bbox 1730 3662 1906 3732; x_wconf 74' lang='grc' dir='ltr'>Χέγων</span> 
     </span>
    </p>
   </div>
   <div class='ocr_carea' id='block_1_40' title="bbox 328 3752 1905 3828">
    <p class='ocr_par' dir='ltr' id='par_1_40' title="bbox 328 3752 1905 3828">
     <span class='ocr_line' id='line_1_40' title="bbox 328 3752 1905 3828; baseline -0.002 -18"><span class='ocrx_word' id='word_1_314' title='bbox 328 3756 563 3828; x_wconf 74' lang='grc' dir='ltr'>Χριστὸν</span> <span class='ocrx_word' id='word_1_315' title='bbox 624 3756 831 3827; x_wconf 78' lang='grc' dir='ltr'>Ἰησοῦν</span> <span class='ocrx_word' id='word_1_316' title='bbox 880 3755 1115 3827; x_wconf 61' lang='grc' dir='ltr'>Κύριον</span> <span class='ocrx_word' id='word_1_317' title='bbox 1175 3752 1292 3809; x_wconf 83' lang='grc' dir='ltr'>εἶτα</span> <span class='ocrx_word' id='word_1_318' title='bbox 1341 3756 1641 3826; x_wconf 78' lang='grc' dir='ltr'>διατέμνων</span> <span class='ocrx_word' id='word_1_319' title='bbox 1694 3758 1773 3819; x_wconf 79' lang='grc' dir='ltr'><strong>είς</strong></span> <span class='ocrx_word' id='word_1_320' title='bbox 1812 3755 1905 3808; x_wconf 79' lang='grc' dir='ltr'>δύο</span> 
     </span>
    </p>
   </div>
   <div class='ocr_carea' id='block_1_41' title="bbox 330 3846 1905 3919">
    <p class='ocr_par' dir='ltr' id='par_1_41' title="bbox 330 3846 1905 3919">
     <span class='ocr_line' id='line_1_41' title="bbox 330 3846 1905 3919; baseline -0.001 -19"><span class='ocrx_word' id='word_1_321' title='bbox 330 3848 598 3919; x_wconf 74' lang='grc' dir='ltr'>πρόσωπά</span> <span class='ocrx_word' id='word_1_322' title='bbox 631 3865 691 3901; x_wconf 83' lang='grc' dir='ltr'><strong>τε</strong></span> <span class='ocrx_word' id='word_1_323' title='bbox 738 3848 835 3901; x_wconf 54' lang='grc' dir='ltr'><strong>καὶ⁹</strong></span> <span class='ocrx_word' id='word_1_324' title='bbox 880 3848 1205 3911; x_wconf 77' lang='grc' dir='ltr'>ὑποστάσεις</span> <span class='ocrx_word' id='word_1_325' title='bbox 1250 3847 1340 3901; x_wconf 80' lang='grc' dir='ltr'>τὸν</span> <span class='ocrx_word' id='word_1_326' title='bbox 1383 3847 1499 3911; x_wconf 71' lang='grc' dir='ltr'>ἕνα,</span> <span class='ocrx_word' id='word_1_327' title='bbox 1536 3846 1632 3900; x_wconf 77' lang='grc' dir='ltr'>καὶ</span> <span class='ocrx_word' id='word_1_328' title='bbox 1673 3847 1765 3900; x_wconf 81' lang='grc' dir='ltr'>τὸν</span> <span class='ocrx_word' id='word_1_329' title='bbox 1806 3847 1905 3918; x_wconf 82' lang='grc' dir='ltr'>μὲν</span> 
     </span>
    </p>
   </div>
   <div class='ocr_carea' id='block_1_42' title="bbox 331 3934 1906 4013">
    <p class='ocr_par' dir='ltr' id='par_1_42' title="bbox 331 3934 1906 4013">
     <span class='ocr_line' id='line_1_42' title="bbox 331 3934 1906 4013; baseline -0.001 -18"><span class='ocrx_word' id='word_1_330' title='bbox 331 3943 432 4013; x_wconf 78' lang='grc' dir='ltr'>τῆς</span> <span class='ocrx_word' id='word_1_331' title='bbox 461 3940 690 4010; x_wconf 69' lang='grc' dir='ltr'>ἀληθοῦς</span> <span class='ocrx_word' id='word_1_332' title='bbox 722 3940 966 4003; x_wconf 82' lang='grc' dir='ltr'>ἐνώσεως</span> <span class='ocrx_word' id='word_1_333' title='bbox 997 3941 1283 4011; x_wconf 77' lang='grc' dir='ltr'>ἀτιμάζεις</span> <span class='ocrx_word' id='word_1_334' title='bbox 1316 3941 1536 4005; x_wconf 82' lang='grc' dir='ltr'>τρόπον,</span> <span class='ocrx_word' id='word_1_335' title='bbox 1565 3940 1632 3992; x_wconf 87' lang='grc' dir='ltr'>δι’</span> <span class='ocrx_word' id='word_1_336' title='bbox 1671 3934 1740 4010; x_wconf 86' lang='grc' dir='ltr'><strong>ἧς</strong></span> <span class='ocrx_word' id='word_1_337' title='bbox 1772 3940 1906 4010; x_wconf 86' lang='grc' dir='ltr'><strong>ἁλη-</strong></span> 
     </span>
    </p>
   </div>
   <div class='ocr_carea' id='block_1_43' title="bbox 342 4028 1905 4103">
    <p class='ocr_par' dir='ltr' id='par_1_43' title="bbox 342 4028 1905 4103">
     <span class='ocr_line' id='line_1_43' title="bbox 342 4028 1905 4103; baseline -0.001 -18"><span class='ocrx_word' id='word_1_338' title='bbox 342 4035 456 4095; x_wconf 81' lang='grc' dir='ltr'>θῶς</span> <span class='ocrx_word' id='word_1_339' title='bbox 502 4028 581 4095; x_wconf 76' lang='grc' dir='ltr'>εἷς</span> <span class='ocrx_word' id='word_1_340' title='bbox 612 4050 672 4085; x_wconf 88' lang='grc' dir='ltr'><strong>τε</strong></span> <span class='ocrx_word' id='word_1_341' title='bbox 701 4034 787 4085; x_wconf 80' lang='grc' dir='ltr'>καὶ</span> <span class='ocrx_word' id='word_1_342' title='bbox 832 4034 993 4102; x_wconf 82' lang='grc' dir='ltr'>μόνος</span> <span class='ocrx_word' id='word_1_343' title='bbox 1027 4032 1092 4087; x_wconf 85' lang='grc' dir='ltr'>ἂν</span> <span class='ocrx_word' id='word_1_344' title='bbox 1118 4033 1204 4103; x_wconf 82' lang='grc' dir='ltr'>εἴη</span> <span class='ocrx_word' id='word_1_345' title='bbox 1243 4034 1271 4085; x_wconf 89' lang='grc' dir='ltr'>ὁ</span> <span class='ocrx_word' id='word_1_346' title='bbox 1304 4030 1540 4101; x_wconf 84' lang='grc' dir='ltr'>Χριστός</span> <span class='ocrx_word' id='word_1_347' title='bbox 1563 4049 1577 4062; x_wconf 90' lang='grc'><strong>·</strong></span> <span class='ocrx_word' id='word_1_348' title='bbox 1615 4032 1905 4099; x_wconf 76' lang='grc' dir='ltr'>συνάφειαν</span> 
     </span>
    </p>
   </div>
   <div class='ocr_carea' id='block_1_44' title="bbox 341 4119 1900 4197">
    <p class='ocr_par' dir='ltr' id='par_1_44' title="bbox 341 4119 1900 4197">
     <span class='ocr_line' id='line_1_44' title="bbox 341 4119 1900 4197; baseline -0.001 -17"><span class='ocrx_word' id='word_1_349' title='bbox 341 4126 401 4180; x_wconf 73' lang='grc' dir='ltr'>ἃ</span> <span class='ocrx_word' id='word_1_350' title='bbox 434 4125 646 4196; x_wconf 80' lang='grc' dir='ltr'>ἀληθῶς</span> <span class='ocrx_word' id='word_1_351' title='bbox 676 4126 956 4196; x_wconf 80' lang='grc' dir='ltr'>ὀνομάζεις</span> <span class='ocrx_word' id='word_1_352' title='bbox 1000 4128 1099 4197; x_wconf 79' lang='grc' dir='ltr'>τὴν</span> <span class='ocrx_word' id='word_1_353' title='bbox 1135 4125 1440 4196; x_wconf 72' lang='grc' dir='ltr'>ἰσοτιμίανς</span> <span class='ocrx_word' id='word_1_354' title='bbox 1490 4127 1649 4188; x_wconf 84' lang='grc' dir='ltr'>Ποῖος</span> <span class='ocrx_word' id='word_1_355' title='bbox 1677 4125 1786 4196; x_wconf 84' lang='grc' dir='ltr'>γὰρ</span> <span class='ocrx_word' id='word_1_356' title='bbox 1818 4119 1900 4179; x_wconf 61' lang='lat' dir='ltr'><strong>oi}-</strong></span> 
     </span>
    </p>
   </div>
   <div class='ocr_carea' id='block_1_45' title="bbox 334 4213 1905 4290">
    <p class='ocr_par' dir='ltr' id='par_1_45' title="bbox 334 4213 1905 4290">
     <span class='ocr_line' id='line_1_45' title="bbox 334 4213 1905 4290; baseline -0.003 -17"><span class='ocrx_word' id='word_1_357' title='bbox 334 4220 429 4283; x_wconf 80' lang='grc' dir='ltr'><strong>τός</strong></span> <span class='ocrx_word' id='word_1_358' title='bbox 450 4221 564 4273; x_wconf 82' lang='grc' dir='ltr'>ἐστι</span> <span class='ocrx_word' id='word_1_359' title='bbox 594 4221 887 4290; x_wconf 73' lang='grc' dir='ltr'>συναφείας</span> <span class='ocrx_word' id='word_1_360' title='bbox 919 4220 1151 4290; x_wconf 84' lang='grc' dir='ltr'>τρόπος;</span> <span class='ocrx_word' id='word_1_361' title='bbox 1193 4221 1263 4273; x_wconf 84' lang='grc' dir='ltr'>Ἦ</span> <span class='ocrx_word' id='word_1_362' title='bbox 1307 4219 1408 4272; x_wconf 87' lang='grc' dir='ltr'><strong>οὑκ</strong></span> <span class='ocrx_word' id='word_1_363' title='bbox 1451 4213 1605 4270; x_wconf 74' lang='grc' dir='ltr'>οἶσθα</span> <span class='ocrx_word' id='word_1_364' title='bbox 1645 4217 1724 4269; x_wconf 82' lang='grc' dir='ltr'>ὅτι</span> <span class='ocrx_word' id='word_1_365' title='bbox 1753 4215 1905 4285; x_wconf 80' lang='grc' dir='ltr'>φίλον</span> 
     </span>
    </p>
   </div>
   <div class='ocr_carea' id='block_1_46' title="bbox 328 4297 1906 4381">
    <p class='ocr_par' dir='ltr' id='par_1_46' title="bbox 328 4297 1906 4381">
     <span class='ocr_line' id='line_1_46' title="bbox 328 4297 1906 4381; baseline -0.003 -16"><span class='ocrx_word' id='word_1_366' title='bbox 328 4329 450 4375; x_wconf 75' lang='grc' dir='ltr'><strong>πως</strong></span> <span class='ocrx_word' id='word_1_367' title='bbox 492 4312 582 4365; x_wconf 78' lang='grc' dir='ltr'>ἀεὶ</span> <span class='ocrx_word' id='word_1_368' title='bbox 631 4315 743 4374; x_wconf 87' lang='grc' dir='ltr'>τοῖς</span> <span class='ocrx_word' id='word_1_369' title='bbox 777 4311 917 4365; x_wconf 90' lang='grc' dir='ltr'><strong>κατά</strong></span> <span class='ocrx_word' id='word_1_370' title='bbox 962 4311 1110 4364; x_wconf 81' lang='grc' dir='ltr'>τόνδε</span> <span class='ocrx_word' id='word_1_371' title='bbox 1143 4311 1234 4365; x_wconf 81' lang='grc' dir='ltr'>τὸν</span> <span class='ocrx_word' id='word_1_372' title='bbox 1264 4310 1395 4381; x_wconf 83' lang='grc' dir='ltr'>βίον,</span> <span class='ocrx_word' id='word_1_373' title='bbox 1440 4308 1500 4362; x_wconf 86' lang='grc' dir='ltr'><strong>τὺ</strong></span> <span class='ocrx_word' id='word_1_374' title='bbox 1541 4311 1599 4363; x_wconf 82' lang='grc' dir='ltr'>ὲν</span> <span class='ocrx_word' id='word_1_375' title='bbox 1637 4297 1906 4371; x_wconf 83' lang='grc' dir='ltr'>εὑκλείαις</span> 
     </span>
    </p>
   </div>
   <div class='ocr_carea' id='block_1_47' title="bbox 2025 451 3596 524">
    <p class='ocr_par' dir='ltr' id='par_1_47' title="bbox 2025 451 3596 524">
     <span class='ocr_line' id='line_1_47' title="bbox 2025 451 3596 524; baseline 0.008 -19"><span class='ocrx_word' id='word_1_376' title='bbox 2025 451 2346 509; x_wconf 78' lang='lat' dir='ltr'><strong>confusione</strong></span> <span class='ocrx_word' id='word_1_377' title='bbox 2395 465 2493 510; x_wconf 87' lang='lat' dir='ltr'><strong>aut</strong></span> <span class='ocrx_word' id='word_1_378' title='bbox 2546 458 2924 514; x_wconf 72' lang='lat' dir='ltr'><strong>commistione</strong></span> <span class='ocrx_word' id='word_1_379' title='bbox 2969 457 3130 524; x_wconf 77' lang='lat' dir='ltr'><strong>facta,</strong></span> <span class='ocrx_word' id='word_1_380' title='bbox 3168 475 3291 514; x_wconf 85' lang='lat' dir='ltr'><strong>eum</strong></span> <span class='ocrx_word' id='word_1_381' title='bbox 3346 461 3596 517; x_wconf 80' lang='lat' dir='ltr'><strong>doctores</strong></span> 
     </span>
    </p>
   </div>
   <div class='ocr_carea' id='block_1_48' title="bbox 2016 542 3596 608">
    <p class='ocr_par' dir='ltr' id='par_1_48' title="bbox 2016 542 3596 608">
     <span class='ocr_line' id='line_1_48' title="bbox 2016 542 3596 608; baseline 0.007 -12"><span class='ocrx_word' id='word_1_382' title='bbox 2016 542 2275 599; x_wconf 83' lang='lat' dir='ltr'><strong>Ecclesiae</strong></span> <span class='ocrx_word' id='word_1_383' title='bbox 2301 561 2408 600; x_wconf 91' lang='lat' dir='ltr'><strong>non</strong></span> <span class='ocrx_word' id='word_1_384' title='bbox 2436 547 2582 603; x_wconf 88' lang='lat' dir='ltr'><strong>hunc</strong></span> <span class='ocrx_word' id='word_1_385' title='bbox 2607 549 2821 602; x_wconf 85' lang='lat' dir='ltr'><strong>modum</strong></span> <span class='ocrx_word' id='word_1_386' title='bbox 2852 550 3010 605; x_wconf 88' lang='lat' dir='ltr'><strong>nobis</strong></span> <span class='ocrx_word' id='word_1_387' title='bbox 3033 552 3375 607; x_wconf 75' lang='lat' dir='ltr'><strong>tradiderint.</strong></span> <span class='ocrx_word' id='word_1_388' title='bbox 3401 554 3596 608; x_wconf 72' lang='lat' dir='ltr'><strong>Veram</strong></span> 
     </span>
    </p>
   </div>
   <div class='ocr_carea' id='block_1_49' title="bbox 2019 637 3595 707">
    <p class='ocr_par' dir='ltr' id='par_1_49' title="bbox 2019 637 3595 707">
     <span class='ocr_line' id='line_1_49' title="bbox 2019 637 3595 707; baseline 0.005 -18"><span class='ocrx_word' id='word_1_389' title='bbox 2019 650 2258 705; x_wconf 82' lang='lat' dir='ltr'><strong>namque</strong></span> <span class='ocrx_word' id='word_1_390' title='bbox 2281 637 2722 706; x_wconf 85' lang='lat' dir='ltr'><strong>conjunctionem</strong></span> <span class='ocrx_word' id='word_1_391' title='bbox 2751 639 2947 694; x_wconf 80' lang='lat' dir='ltr'><strong>factam</strong></span> <span class='ocrx_word' id='word_1_392' title='bbox 2984 642 3237 707; x_wconf 83' lang='lat' dir='ltr'><strong>dicimus,</strong></span> <span class='ocrx_word' id='word_1_393' title='bbox 3268 643 3338 696; x_wconf 88' lang='lat' dir='ltr'><strong>ita</strong></span> <span class='ocrx_word' id='word_1_394' title='bbox 3370 652 3430 696; x_wconf 92' lang='lat' dir='ltr'><strong>ut</strong></span> <span class='ocrx_word' id='word_1_395' title='bbox 3465 643 3595 697; x_wconf 53' lang='lat' dir='ltr'><strong>Ver.</strong></span> 
     </span>
    </p>
   </div>
   <div class='ocr_carea' id='block_1_50' title="bbox 2017 726 3594 800">
    <p class='ocr_par' dir='ltr' id='par_1_50' title="bbox 2017 726 3594 800">
     <span class='ocr_line' id='line_1_50' title="bbox 2017 726 3594 800; baseline 0.004 -19"><span class='ocrx_word' id='word_1_396' title='bbox 2017 728 2145 781; x_wconf 87' lang='lat' dir='ltr'><strong>bum</strong></span> <span class='ocrx_word' id='word_1_397' title='bbox 2183 726 2288 782; x_wconf 85' lang='lat' dir='ltr'><strong>sibi</strong></span> <span class='ocrx_word' id='word_1_398' title='bbox 2330 728 2550 797; x_wconf 84' lang='lat' dir='ltr'><strong>quidem</strong></span> <span class='ocrx_word' id='word_1_399' title='bbox 2588 745 2785 798; x_wconf 87' lang='lat' dir='ltr'><strong>corpus</strong></span> <span class='ocrx_word' id='word_1_400' title='bbox 2815 730 3019 794; x_wconf 86' lang='lat' dir='ltr'><strong>uniret,</strong></span> <span class='ocrx_word' id='word_1_401' title='bbox 3063 733 3158 786; x_wconf 88' lang='lat' dir='ltr'><strong>sed</strong></span> <span class='ocrx_word' id='word_1_402' title='bbox 3206 732 3257 785; x_wconf 88' lang='lat' dir='ltr'><strong>id</strong></span> <span class='ocrx_word' id='word_1_403' title='bbox 3291 734 3432 800; x_wconf 88' lang='lat' dir='ltr'><strong>quod</strong></span> <span class='ocrx_word' id='word_1_404' title='bbox 3477 743 3594 788; x_wconf 82' lang='lat' dir='ltr'><strong>erat</strong></span> 
     </span>
    </p>
   </div>
   <div class='ocr_carea' id='block_1_51' title="bbox 2021 821 3596 893">
    <p class='ocr_par' dir='ltr' id='par_1_51' title="bbox 2021 821 3596 893">
     <span class='ocr_line' id='line_1_51' title="bbox 2021 821 3596 893; baseline 0.004 -19"><span class='ocrx_word' id='word_1_405' title='bbox 2021 830 2410 889; x_wconf 82' lang='lat' dir='ltr'><strong>permaneret:</strong></span> <span class='ocrx_word' id='word_1_406' title='bbox 2462 821 2549 875; x_wconf 87' lang='lat' dir='ltr'><strong>hic</strong></span> <span class='ocrx_word' id='word_1_407' title='bbox 2597 836 2726 876; x_wconf 87' lang='lat' dir='ltr'><strong>vero</strong></span> <span class='ocrx_word' id='word_1_408' title='bbox 2772 821 2883 893; x_wconf 61' lang='lat'><strong>34</strong></span> <span class='ocrx_word' id='word_1_409' title='bbox 2926 823 3061 876; x_wconf 85' lang='lat' dir='ltr'><strong>nihil</strong></span> <span class='ocrx_word' id='word_1_410' title='bbox 3108 824 3372 893; x_wconf 80' lang='lat' dir='ltr'><strong>ejusmodi</strong></span> <span class='ocrx_word' id='word_1_411' title='bbox 3414 827 3596 881; x_wconf 83' lang='lat' dir='ltr'><strong>conci-</strong></span> 
     </span>
    </p>
   </div>
   <div class='ocr_carea' id='block_1_52' title="bbox 2015 909 3583 982">
    <p class='ocr_par' dir='ltr' id='par_1_52' title="bbox 2015 909 3583 982">
     <span class='ocr_line' id='line_1_52' title="bbox 2015 909 3583 982; baseline 0.004 -20"><span class='ocrx_word' id='word_1_412' title='bbox 2015 909 2172 979; x_wconf 86' lang='lat' dir='ltr'><strong>piens</strong></span> <span class='ocrx_word' id='word_1_413' title='bbox 2204 911 2406 975; x_wconf 88' lang='lat' dir='ltr'><strong>animo,</strong></span> <span class='ocrx_word' id='word_1_414' title='bbox 2436 926 2542 966; x_wconf 90' lang='lat' dir='ltr'><strong>non</strong></span> <span class='ocrx_word' id='word_1_415' title='bbox 2582 913 2840 967; x_wconf 83' lang='lat' dir='ltr'><strong>mediocri</strong></span> <span class='ocrx_word' id='word_1_416' title='bbox 2867 913 3158 982; x_wconf 81' lang='lat' dir='ltr'><strong>impietatis</strong></span> <span class='ocrx_word' id='word_1_417' title='bbox 3192 916 3416 969; x_wconf 87' lang='lat' dir='ltr'><strong>crimine</strong></span> <span class='ocrx_word' id='word_1_418' title='bbox 3448 915 3583 969; x_wconf 86' lang='lat' dir='ltr'><strong>labo-</strong></span> 
     </span>
    </p>
   </div>
   <div class='ocr_carea' id='block_1_53' title="bbox 1966 1001 3595 1075">
    <p class='ocr_par' dir='ltr' id='par_1_53' title="bbox 1966 1001 3595 1075">
     <span class='ocr_line' id='line_1_53' title="bbox 1966 1001 3595 1075; baseline 0.004 -22"><span class='ocrx_word' id='word_1_419' title='bbox 1966 1006 2123 1064; x_wconf 87' lang='lat' dir='ltr'><strong>‘rat,</strong></span> <span class='ocrx_word' id='word_1_420' title='bbox 2166 1016 2290 1055; x_wconf 86' lang='lat' dir='ltr'><strong>cum</strong></span> <span class='ocrx_word' id='word_1_421' title='bbox 2352 1001 2407 1056; x_wconf 91' lang='lat' dir='ltr'><strong>in</strong></span> <span class='ocrx_word' id='word_1_422' title='bbox 2466 1003 2601 1057; x_wconf 84' lang='lat' dir='ltr'><strong>duas</strong></span> <span class='ocrx_word' id='word_1_423' title='bbox 2662 1018 2926 1072; x_wconf 84' lang='lat' dir='ltr'><strong>personas</strong></span> <span class='ocrx_word' id='word_1_424' title='bbox 2978 1013 3036 1059; x_wconf 87' lang='lat' dir='ltr'><strong>et</strong></span> <span class='ocrx_word' id='word_1_425' title='bbox 3081 1004 3215 1059; x_wconf 87' lang='lat' dir='ltr'><strong>duas</strong></span> <span class='ocrx_word' id='word_1_426' title='bbox 3277 1006 3595 1075; x_wconf 78' lang='lat' dir='ltr'><strong>hypostases</strong></span> 
     </span>
    </p>
   </div>
   <div class='ocr_carea' id='block_1_54' title="bbox 2014 1093 3592 1164">
    <p class='ocr_par' dir='ltr' id='par_1_54' title="bbox 2014 1093 3592 1164">
     <span class='ocr_line' id='line_1_54' title="bbox 2014 1093 3592 1164; baseline 0.004 -17"><span class='ocrx_word' id='word_1_427' title='bbox 2014 1093 2236 1147; x_wconf 88' lang='lat' dir='ltr'><strong>omnino</strong></span> <span class='ocrx_word' id='word_1_428' title='bbox 2262 1093 2403 1148; x_wconf 87' lang='lat' dir='ltr'><strong>inter</strong></span> <span class='ocrx_word' id='word_1_429' title='bbox 2422 1108 2483 1149; x_wconf 86' lang='lat' dir='ltr'><strong>se</strong></span> <span class='ocrx_word' id='word_1_430' title='bbox 2509 1094 2751 1150; x_wconf 87' lang='lat' dir='ltr'><strong>diversas</strong></span> <span class='ocrx_word' id='word_1_431' title='bbox 2781 1096 3110 1164; x_wconf 74' lang='lat' dir='ltr'><strong>abjunxerit,</strong></span> <span class='ocrx_word' id='word_1_432' title='bbox 3132 1099 3202 1150; x_wconf 89' lang='lat' dir='ltr'><strong>ita</strong></span> <span class='ocrx_word' id='word_1_433' title='bbox 3232 1107 3291 1150; x_wconf 89' lang='lat' dir='ltr'><strong>ut</strong></span> <span class='ocrx_word' id='word_1_434' title='bbox 3312 1113 3592 1154; x_wconf 81' lang='lat' dir='ltr'><strong>sermones</strong></span> 
     </span>
    </p>
   </div>
   <div class='ocr_carea' id='block_1_55' title="bbox 2014 1185 3630 1270">
    <p class='ocr_par' dir='ltr' id='par_1_55' title="bbox 2014 1185 3630 1270">
     <span class='ocr_line' id='line_1_55' title="bbox 2014 1185 3630 1270; baseline 0.004 -31"><span class='ocrx_word' id='word_1_435' title='bbox 2014 1185 2213 1254; x_wconf 87' lang='lat' dir='ltr'><strong>cuique</strong></span> <span class='ocrx_word' id='word_1_436' title='bbox 2258 1187 2651 1242; x_wconf 82' lang='lat' dir='ltr'><strong>convenientes</strong></span> <span class='ocrx_word' id='word_1_437' title='bbox 2699 1191 2921 1258; x_wconf 83' lang='lat' dir='ltr'><strong>utrique</strong></span> <span class='ocrx_word' id='word_1_438' title='bbox 2952 1206 3195 1259; x_wconf 59' lang='lat' dir='ltr'><strong>personat</strong></span> <span class='ocrx_word' id='word_1_439' title='bbox 3238 1192 3454 1261; x_wconf 84' lang='lat' dir='ltr'><strong>proprie</strong></span> <span class='ocrx_word' id='word_1_440' title='bbox 3497 1192 3630 1270; x_wconf 5' lang='lat' dir='ltr'><strong>tri-g</strong></span> 
     </span>
    </p>
   </div>
   <div class='ocr_carea' id='block_1_56' title="bbox 2013 1276 3595 1339">
    <p class='ocr_par' dir='ltr' id='par_1_56' title="bbox 2013 1276 3595 1339">
     <span class='ocr_line' id='line_1_56' title="bbox 2013 1276 3595 1339; baseline 0.006 -10"><span class='ocrx_word' id='word_1_441' title='bbox 2013 1276 2206 1331; x_wconf 71' lang='lat' dir='ltr'><strong>liueret</strong></span> <span class='ocrx_word' id='word_1_442' title='bbox 2235 1295 2249 1330; x_wconf 90' lang='lat'><strong>:</strong></span> <span class='ocrx_word' id='word_1_443' title='bbox 2285 1289 2342 1331; x_wconf 83' lang='lat' dir='ltr'><strong>et</strong></span> <span class='ocrx_word' id='word_1_444' title='bbox 2385 1293 2576 1334; x_wconf 85' lang='lat' dir='ltr'><strong>rursus</strong></span> <span class='ocrx_word' id='word_1_445' title='bbox 2603 1295 2767 1334; x_wconf 88' lang='lat' dir='ltr'><strong>unttnt</strong></span> <span class='ocrx_word' id='word_1_446' title='bbox 2792 1282 2926 1336; x_wconf 81' lang='lat' dir='ltr'><strong>dicit</strong></span> <span class='ocrx_word' id='word_1_447' title='bbox 2961 1283 3240 1337; x_wconf 80' lang='lat' dir='ltr'><strong>Christum</strong></span> <span class='ocrx_word' id='word_1_448' title='bbox 3266 1282 3451 1337; x_wconf 81' lang='lat' dir='ltr'><strong>Jesum</strong></span> <span class='ocrx_word' id='word_1_449' title='bbox 3490 1283 3595 1339; x_wconf 82' lang='lat' dir='ltr'><strong>Do-</strong></span> 
     </span>
    </p>
   </div>
   <div class='ocr_carea' id='block_1_57' title="bbox 2016 1368 3591 1444">
    <p class='ocr_par' dir='ltr' id='par_1_57' title="bbox 2016 1368 3591 1444">
     <span class='ocr_line' id='line_1_57' title="bbox 2016 1368 3591 1444; baseline 0.006 -22"><span class='ocrx_word' id='word_1_450' title='bbox 2016 1368 2248 1434; x_wconf 89' lang='lat' dir='ltr'><strong>minum,</strong></span> <span class='ocrx_word' id='word_1_451' title='bbox 2281 1379 2537 1441; x_wconf 88' lang='lat' dir='ltr'><strong>tanquam</strong></span> <span class='ocrx_word' id='word_1_452' title='bbox 2571 1372 2684 1426; x_wconf 87' lang='lat' dir='ltr'><strong>sola</strong></span> <span class='ocrx_word' id='word_1_453' title='bbox 2719 1374 2999 1444; x_wconf 77' lang='lat' dir='ltr'><strong>dignitatis</strong></span> <span class='ocrx_word' id='word_1_454' title='bbox 3030 1377 3265 1442; x_wconf 81' lang='lat' dir='ltr'><strong>ratione,</strong></span> <span class='ocrx_word' id='word_1_455' title='bbox 3305 1392 3410 1431; x_wconf 91' lang='lat' dir='ltr'><strong>non</strong></span> <span class='ocrx_word' id='word_1_456' title='bbox 3462 1392 3591 1432; x_wconf 82' lang='lat' dir='ltr'><strong>vera</strong></span> 
     </span>
    </p>
   </div>
   <div class='ocr_carea' id='block_1_58' title="bbox 2015 1460 3590 1530">
    <p class='ocr_par' dir='ltr' id='par_1_58' title="bbox 2015 1460 3590 1530">
     <span class='ocr_line' id='line_1_58' title="bbox 2015 1460 3590 1530; baseline 0.006 -18"><span class='ocrx_word' id='word_1_457' title='bbox 2015 1460 2234 1523; x_wconf 88' lang='lat' dir='ltr'><strong>unione,</strong></span> <span class='ocrx_word' id='word_1_458' title='bbox 2267 1462 2370 1516; x_wconf 86' lang='lat' dir='ltr'><strong>hoc</strong></span> <span class='ocrx_word' id='word_1_459' title='bbox 2392 1471 2497 1525; x_wconf 87' lang='lat' dir='ltr'><strong>est,</strong></span> <span class='ocrx_word' id='word_1_460' title='bbox 2522 1476 2628 1516; x_wconf 89' lang='lat' dir='ltr'><strong>non</strong></span> <span class='ocrx_word' id='word_1_461' title='bbox 2662 1464 2959 1518; x_wconf 81' lang='lat' dir='ltr'><strong>secundum</strong></span> <span class='ocrx_word' id='word_1_462' title='bbox 2986 1477 3257 1530; x_wconf 79' lang='lat' dir='ltr'><strong>naturain,</strong></span> <span class='ocrx_word' id='word_1_463' title='bbox 3285 1467 3447 1521; x_wconf 82' lang='lat' dir='ltr'><strong>homo</strong></span> <span class='ocrx_word' id='word_1_464' title='bbox 3468 1484 3590 1522; x_wconf 89' lang='lat' dir='ltr'><strong>cum</strong></span> 
     </span>
    </p>
   </div>
   <div class='ocr_carea' id='block_1_59' title="bbox 2015 1548 3591 1629">
    <p class='ocr_par' dir='ltr' id='par_1_59' title="bbox 2015 1548 3591 1629">
     <span class='ocr_line' id='line_1_59' title="bbox 2015 1548 3591 1629; baseline 0.008 -26"><span class='ocrx_word' id='word_1_465' title='bbox 2015 1548 2127 1605; x_wconf 89' lang='lat' dir='ltr'><strong>Deo</strong></span> <span class='ocrx_word' id='word_1_466' title='bbox 2172 1552 2496 1620; x_wconf 76' lang='lat' dir='ltr'><strong>coniunctus</strong></span> <span class='ocrx_word' id='word_1_467' title='bbox 2531 1557 2623 1610; x_wconf 86' lang='lat' dir='ltr'><strong>sit.</strong></span> <span class='ocrx_word' id='word_1_468' title='bbox 2656 1558 2900 1624; x_wconf 84' lang='lat' dir='ltr'><strong>Quonam</strong></span> <span class='ocrx_word' id='word_1_469' title='bbox 2939 1559 3105 1629; x_wconf 78' lang='lat' dir='ltr'><strong>igitur</strong></span> <span class='ocrx_word' id='word_1_470' title='bbox 3154 1561 3314 1615; x_wconf 88' lang='lat' dir='ltr'><strong>modo</strong></span> <span class='ocrx_word' id='word_1_471' title='bbox 3342 1577 3481 1615; x_wconf 86' lang='lat' dir='ltr'><strong>unus</strong></span> <span class='ocrx_word' id='word_1_472' title='bbox 3508 1571 3591 1616; x_wconf 88' lang='lat' dir='ltr'><strong>est</strong></span> 
     </span>
    </p>
   </div>
   <div class='ocr_carea' id='block_1_60' title="bbox 2016 1641 3588 1721">
    <p class='ocr_par' dir='ltr' id='par_1_60' title="bbox 2016 1641 3588 1721">
     <span class='ocr_line' id='line_1_60' title="bbox 2016 1641 3588 1721; baseline 0.009 -27"><span class='ocrx_word' id='word_1_473' title='bbox 2016 1641 2296 1710; x_wconf 80' lang='lat' dir='ltr'><strong>Christus,</strong></span> <span class='ocrx_word' id='word_1_474' title='bbox 2345 1656 2399 1699; x_wconf 91' lang='lat' dir='ltr'><strong>et</strong></span> <span class='ocrx_word' id='word_1_475' title='bbox 2433 1647 2600 1703; x_wconf 85' lang='lat' dir='ltr'><strong>Filius</strong></span> <span class='ocrx_word' id='word_1_476' title='bbox 2636 1649 2921 1716; x_wconf 86' lang='lat' dir='ltr'><strong>Dominus,</strong></span> <span class='ocrx_word' id='word_1_477' title='bbox 2956 1650 3225 1721; x_wconf 88' lang='lat' dir='ltr'><strong>siquidem</strong></span> <span class='ocrx_word' id='word_1_478' title='bbox 3267 1662 3330 1706; x_wconf 89' lang='lat' dir='ltr'><strong>ut</strong></span> <span class='ocrx_word' id='word_1_479' title='bbox 3366 1653 3588 1715; x_wconf 84' lang='lat' dir='ltr'><strong>asseris.</strong></span> 
     </span>
    </p>
   </div>
   <div class='ocr_carea' id='block_1_61' title="bbox 2014 1734 3589 1815">
    <p class='ocr_par' dir='ltr' id='par_1_61' title="bbox 2014 1734 3589 1815">
     <span class='ocr_line' id='line_1_61' title="bbox 2014 1734 3589 1815; baseline 0.007 -28"><span class='ocrx_word' id='word_1_480' title='bbox 2014 1734 2233 1804; x_wconf 87' lang='lat' dir='ltr'><strong>utrique</strong></span> <span class='ocrx_word' id='word_1_481' title='bbox 2251 1739 2480 1792; x_wconf 89' lang='lat' dir='ltr'><strong>seorsim</strong></span> <span class='ocrx_word' id='word_1_482' title='bbox 2515 1744 2771 1795; x_wconf 80' lang='lat' dir='ltr'><strong>convenit</strong></span> <span class='ocrx_word' id='word_1_483' title='bbox 2793 1759 2901 1797; x_wconf 88' lang='lat' dir='ltr'><strong>non</strong></span> <span class='ocrx_word' id='word_1_484' title='bbox 2921 1746 3082 1798; x_wconf 90' lang='lat' dir='ltr'><strong>modo</strong></span> <span class='ocrx_word' id='word_1_485' title='bbox 3100 1753 3156 1797; x_wconf 90' lang='lat' dir='ltr'><strong>ut</strong></span> <span class='ocrx_word' id='word_1_486' title='bbox 3175 1745 3255 1799; x_wconf 89' lang='lat' dir='ltr'><strong>sic</strong></span> <span class='ocrx_word' id='word_1_487' title='bbox 3269 1744 3589 1815; x_wconf 80' lang='lat' dir='ltr'><strong>appelletur,</strong></span> 
     </span>
    </p>
   </div>
   <div class='ocr_carea' id='block_1_62' title="bbox 2013 1831 3593 1900">
    <p class='ocr_par' dir='ltr' id='par_1_62' title="bbox 2013 1831 3593 1900">
     <span class='ocr_line' id='line_1_62' title="bbox 2013 1831 3593 1900; baseline 0.006 -19"><span class='ocrx_word' id='word_1_488' title='bbox 2013 1842 2202 1882; x_wconf 77' lang='lat' dir='ltr'><strong>verum</strong></span> <span class='ocrx_word' id='word_1_489' title='bbox 2232 1831 2395 1887; x_wconf 87' lang='lat' dir='ltr'><strong>etiam</strong></span> <span class='ocrx_word' id='word_1_490' title='bbox 2426 1842 2481 1886; x_wconf 90' lang='lat' dir='ltr'><strong>ut</strong></span> <span class='ocrx_word' id='word_1_491' title='bbox 2507 1835 2577 1888; x_wconf 88' lang='lat' dir='ltr'><strong>sit</strong></span> <span class='ocrx_word' id='word_1_492' title='bbox 2607 1849 2754 1900; x_wconf 85' lang='lat' dir='ltr'><strong>vere,</strong></span> <span class='ocrx_word' id='word_1_493' title='bbox 2780 1851 2905 1890; x_wconf 84' lang='lat' dir='ltr'><strong>cum</strong></span> <span class='ocrx_word' id='word_1_494' title='bbox 2938 1836 3042 1890; x_wconf 88' lang='lat' dir='ltr'><strong>isto</strong></span> <span class='ocrx_word' id='word_1_495' title='bbox 3076 1837 3235 1891; x_wconf 82' lang='lat' dir='ltr'><strong>modo</strong></span> <span class='ocrx_word' id='word_1_496' title='bbox 3261 1836 3351 1889; x_wconf 75' lang='lat' dir='ltr'><strong>fiat</strong></span> <span class='ocrx_word' id='word_1_497' title='bbox 3382 1845 3441 1889; x_wconf 90' lang='lat' dir='ltr'><strong>ut</strong></span> <span class='ocrx_word' id='word_1_498' title='bbox 3463 1836 3593 1891; x_wconf 74' lang='lat' dir='ltr'><strong>sub-</strong></span> 
     </span>
    </p>
   </div>
   <div class='ocr_carea' id='block_1_63' title="bbox 2016 1924 3594 1985">
    <p class='ocr_par' dir='ltr' id='par_1_63' title="bbox 2016 1924 3594 1985">
     <span class='ocr_line' id='line_1_63' title="bbox 2016 1924 3594 1985; baseline 0.004 -10"><span class='ocrx_word' id='word_1_499' title='bbox 2016 1924 2231 1978; x_wconf 75' lang='lat' dir='ltr'><strong>statrtire</strong></span> <span class='ocrx_word' id='word_1_500' title='bbox 2274 1927 2494 1981; x_wconf 86' lang='lat' dir='ltr'><strong>minime</strong></span> <span class='ocrx_word' id='word_1_501' title='bbox 2542 1928 2686 1982; x_wconf 88' lang='lat' dir='ltr'><strong>inter</strong></span> <span class='ocrx_word' id='word_1_502' title='bbox 2737 1944 2794 1984; x_wconf 86' lang='lat' dir='ltr'><strong>se</strong></span> <span class='ocrx_word' id='word_1_503' title='bbox 2836 1931 3131 1984; x_wconf 85' lang='lat' dir='ltr'><strong>secundum</strong></span> <span class='ocrx_word' id='word_1_504' title='bbox 3169 1931 3422 1985; x_wconf 90' lang='lat' dir='ltr'><strong>unionem</strong></span> <span class='ocrx_word' id='word_1_505' title='bbox 3460 1944 3594 1983; x_wconf 83' lang='lat' dir='ltr'><strong>con-</strong></span> 
     </span>
    </p>
   </div>
   <div class='ocr_carea' id='block_1_64' title="bbox 2014 2011 3594 2087">
    <p class='ocr_par' dir='ltr' id='par_1_64' title="bbox 2014 2011 3594 2087">
     <span class='ocr_line' id='line_1_64' title="bbox 2014 2011 3594 2087; baseline 0.009 -27"><span class='ocrx_word' id='word_1_506' title='bbox 2014 2011 2291 2075; x_wconf 75' lang='lat' dir='ltr'><strong>venerint,</strong></span> <span class='ocrx_word' id='word_1_507' title='bbox 2323 2014 2416 2067; x_wconf 87' lang='lat' dir='ltr'><strong>scd</strong></span> <span class='ocrx_word' id='word_1_508' title='bbox 2467 2016 2641 2068; x_wconf 88' lang='lat' dir='ltr'><strong>solum</strong></span> <span class='ocrx_word' id='word_1_509' title='bbox 2687 2019 2985 2071; x_wconf 88' lang='lat' dir='ltr'><strong>secundum</strong></span> <span class='ocrx_word' id='word_1_510' title='bbox 3026 2018 3338 2087; x_wconf 82' lang='lat' dir='ltr'><strong>dignitatem</strong></span> <span class='ocrx_word' id='word_1_511' title='bbox 3372 2019 3455 2073; x_wconf 80' lang='lat' dir='ltr'><strong>vei</strong></span> <span class='ocrx_word' id='word_1_512' title='bbox 3500 2035 3594 2074; x_wconf 87' lang='lat' dir='ltr'><strong>au-</strong></span> 
     </span>
    </p>
   </div>
   <div class='ocr_carea' id='block_1_65' title="bbox 2013 2100 3591 2180">
    <p class='ocr_par' dir='ltr' id='par_1_65' title="bbox 2013 2100 3591 2180">
     <span class='ocr_line' id='line_1_65' title="bbox 2013 2100 3591 2180; baseline 0.008 -28"><span class='ocrx_word' id='word_1_513' title='bbox 2013 2100 2343 2171; x_wconf 86' lang='lat' dir='ltr'><strong>ctoritatem,</strong></span> <span class='ocrx_word' id='word_1_514' title='bbox 2382 2106 2463 2159; x_wconf 77' lang='lat' dir='ltr'><strong>vel</strong></span> <span class='ocrx_word' id='word_1_515' title='bbox 2500 2117 2823 2176; x_wconf 87' lang='lat' dir='ltr'><strong>potestatem</strong></span> <span class='ocrx_word' id='word_1_516' title='bbox 2862 2111 3027 2163; x_wconf 76' lang='lat' dir='ltr'><strong>unitze</strong></span> <span class='ocrx_word' id='word_1_517' title='bbox 3050 2111 3382 2180; x_wconf 81' lang='lat' dir='ltr'><strong>sint?Atqni</strong></span> <span class='ocrx_word' id='word_1_518' title='bbox 3414 2111 3458 2165; x_wconf 90' lang='lat' dir='ltr'><strong>si</strong></span> <span class='ocrx_word' id='word_1_519' title='bbox 3494 2127 3591 2164; x_wconf 81' lang='lat' dir='ltr'><strong>na-</strong></span> 
     </span>
    </p>
   </div>
   <div class='ocr_carea' id='block_1_66' title="bbox 2013 2200 3591 2273">
    <p class='ocr_par' dir='ltr' id='par_1_66' title="bbox 2013 2200 3591 2273">
     <span class='ocr_line' id='line_1_66' title="bbox 2013 2200 3591 2273; baseline 0.01 -29"><span class='ocrx_word' id='word_1_520' title='bbox 2013 2200 2165 2247; x_wconf 86' lang='lat' dir='ltr'><strong>turas</strong></span> <span class='ocrx_word' id='word_1_521' title='bbox 2184 2210 2362 2248; x_wconf 87' lang='lat' dir='ltr'><strong>rerum</strong></span> <span class='ocrx_word' id='word_1_522' title='bbox 2394 2200 2839 2269; x_wconf 82' lang='lat' dir='ltr'><strong>pervestigentus,</strong></span> <span class='ocrx_word' id='word_1_523' title='bbox 2863 2203 3165 2257; x_wconf 88' lang='lat' dir='ltr'><strong>videbimus</strong></span> <span class='ocrx_word' id='word_1_524' title='bbox 3179 2219 3299 2273; x_wconf 67' lang='lat' dir='ltr'><strong>qua:</strong></span> <span class='ocrx_word' id='word_1_525' title='bbox 3322 2205 3437 2273; x_wconf 84' lang='lat' dir='ltr'><strong>pari</strong></span> <span class='ocrx_word' id='word_1_526' title='bbox 3466 2214 3591 2260; x_wconf 77' lang='lat' dir='ltr'><strong>sunt</strong></span> 
     </span>
    </p>
   </div>
   <div class='ocr_carea' id='block_1_67' title="bbox 2013 2284 3589 2367">
    <p class='ocr_par' dir='ltr' id='par_1_67' title="bbox 2013 2284 3589 2367">
     <span class='ocr_line' id='line_1_67' title="bbox 2013 2284 3589 2367; baseline 0.01 -30"><span class='ocrx_word' id='word_1_527' title='bbox 2013 2284 2295 2354; x_wconf 81' lang='lat' dir='ltr'><strong>dignitate,</strong></span> <span class='ocrx_word' id='word_1_528' title='bbox 2329 2304 2432 2342; x_wconf 88' lang='lat' dir='ltr'><strong>non</strong></span> <span class='ocrx_word' id='word_1_529' title='bbox 2471 2305 2533 2343; x_wconf 87' lang='lat' dir='ltr'><strong>ea</strong></span> <span class='ocrx_word' id='word_1_530' title='bbox 2577 2291 2645 2345; x_wconf 81' lang='lat' dir='ltr'><strong>de</strong></span> <span class='ocrx_word' id='word_1_531' title='bbox 2697 2307 2859 2348; x_wconf 77' lang='lat' dir='ltr'><strong>causa</strong></span> <span class='ocrx_word' id='word_1_532' title='bbox 2910 2295 2960 2349; x_wconf 89' lang='lat' dir='ltr'><strong>id</strong></span> <span class='ocrx_word' id='word_1_533' title='bbox 2996 2296 3248 2350; x_wconf 89' lang='lat' dir='ltr'><strong>amittere</strong></span> <span class='ocrx_word' id='word_1_534' title='bbox 3283 2311 3361 2367; x_wconf 71' lang='lat' dir='ltr'><strong>pe</strong></span> <span class='ocrx_word' id='word_1_535' title='bbox 3406 2297 3589 2352; x_wconf 88' lang='lat' dir='ltr'><strong>minus</strong></span> 
     </span>
    </p>
   </div>
   <div class='ocr_carea' id='block_1_68' title="bbox 2021 2376 3589 2459">
    <p class='ocr_par' dir='ltr' id='par_1_68' title="bbox 2021 2376 3589 2459">
     <span class='ocr_line' id='line_1_68' title="bbox 2021 2376 3589 2459; baseline 0.007 -29"><span class='ocrx_word' id='word_1_536' title='bbox 2021 2376 2134 2446; x_wconf 89' lang='lat' dir='ltr'><strong>ipsa</strong></span> <span class='ocrx_word' id='word_1_537' title='bbox 2175 2382 2398 2451; x_wconf 73' lang='lat' dir='ltr'><strong>proprie</strong></span> <span class='ocrx_word' id='word_1_538' title='bbox 2450 2384 2815 2454; x_wconf 82' lang='lat' dir='ltr'><strong>privatimque</strong></span> <span class='ocrx_word' id='word_1_539' title='bbox 2862 2390 3182 2452; x_wconf 81' lang='lat' dir='ltr'><strong>consistant,</strong></span> <span class='ocrx_word' id='word_1_540' title='bbox 3230 2403 3403 2459; x_wconf 89' lang='lat' dir='ltr'><strong>neque</strong></span> <span class='ocrx_word' id='word_1_541' title='bbox 3445 2389 3589 2457; x_wconf 88' lang='lat' dir='ltr'><strong>quod</strong></span> 
     </span>
    </p>
   </div>
   <div class='ocr_carea' id='block_1_69' title="bbox 2014 2470 3585 2541">
    <p class='ocr_par' dir='ltr' id='par_1_69' title="bbox 2014 2470 3585 2541">
     <span class='ocr_line' id='line_1_69' title="bbox 2014 2470 3585 2541; baseline 0.007 -20"><span class='ocrx_word' id='word_1_542' title='bbox 2014 2470 2137 2537; x_wconf 89' lang='lat' dir='ltr'><strong>pari</strong></span> <span class='ocrx_word' id='word_1_543' title='bbox 2167 2472 2277 2524; x_wconf 90' lang='lat' dir='ltr'><strong>sint</strong></span> <span class='ocrx_word' id='word_1_544' title='bbox 2306 2473 2477 2541; x_wconf 78' lang='lat' dir='ltr'><strong>gloria</strong></span> <span class='ocrx_word' id='word_1_545' title='bbox 2507 2476 2559 2528; x_wconf 90' lang='lat' dir='ltr'><strong>id</strong></span> <span class='ocrx_word' id='word_1_546' title='bbox 2591 2476 2658 2530; x_wconf 88' lang='lat' dir='ltr'><strong>ad</strong></span> <span class='ocrx_word' id='word_1_547' title='bbox 2681 2478 2930 2531; x_wconf 87' lang='lat' dir='ltr'><strong>unionem</strong></span> <span class='ocrx_word' id='word_1_548' title='bbox 2957 2478 3290 2533; x_wconf 71' lang='lat' dir='ltr'><strong>efﬁciendam</strong></span> <span class='ocrx_word' id='word_1_549' title='bbox 3321 2478 3585 2533; x_wconf 77' lang='lat' dir='ltr'><strong>suﬂicerr.</strong></span> 
     </span>
    </p>
   </div>
   <div class='ocr_carea' id='block_1_70' title="bbox 2013 2557 3586 2638">
    <p class='ocr_par' dir='ltr' id='par_1_70' title="bbox 2013 2557 3586 2638">
     <span class='ocr_line' id='line_1_70' title="bbox 2013 2557 3586 2638; baseline 0.008 -27"><span class='ocrx_word' id='word_1_550' title='bbox 2013 2557 2175 2614; x_wconf 84' lang='lat' dir='ltr'><strong>Verbi</strong></span> <span class='ocrx_word' id='word_1_551' title='bbox 2221 2564 2415 2628; x_wconf 84' lang='lat' dir='ltr'><strong>gratia,</strong></span> <span class='ocrx_word' id='word_1_552' title='bbox 2467 2562 2667 2620; x_wconf 89' lang='lat' dir='ltr'><strong>Petrus</strong></span> <span class='ocrx_word' id='word_1_553' title='bbox 2700 2578 2751 2621; x_wconf 90' lang='lat' dir='ltr'><strong>et</strong></span> <span class='ocrx_word' id='word_1_554' title='bbox 2797 2566 3037 2623; x_wconf 85' lang='lat' dir='ltr'><strong>Joannes</strong></span> <span class='ocrx_word' id='word_1_555' title='bbox 3070 2570 3229 2623; x_wconf 87' lang='lat' dir='ltr'><strong>ambo</strong></span> <span class='ocrx_word' id='word_1_556' title='bbox 3261 2578 3315 2624; x_wconf 93' lang='lat' dir='ltr'><strong>et</strong></span> <span class='ocrx_word' id='word_1_557' title='bbox 3354 2570 3586 2638; x_wconf 80' lang='lat' dir='ltr'><strong>aposmli</strong></span> 
     </span>
    </p>
   </div>
   <div class='ocr_carea' id='block_1_71' title="bbox 2011 2655 3591 2733">
    <p class='ocr_par' dir='ltr' id='par_1_71' title="bbox 2011 2655 3591 2733">
     <span class='ocr_line' id='line_1_71' title="bbox 2011 2655 3591 2733; baseline 0.008 -28"><span class='ocrx_word' id='word_1_558' title='bbox 2011 2660 2064 2705; x_wconf 90' lang='lat' dir='ltr'><strong>et</strong></span> <span class='ocrx_word' id='word_1_559' title='bbox 2106 2655 2279 2708; x_wconf 79' lang='lat' dir='ltr'><strong>sancti</strong></span> <span class='ocrx_word' id='word_1_560' title='bbox 2317 2655 2416 2710; x_wconf 86' lang='lat' dir='ltr'><strong>viri</strong></span> <span class='ocrx_word' id='word_1_561' title='bbox 2468 2662 2649 2726; x_wconf 84' lang='lat' dir='ltr'><strong>erant,</strong></span> <span class='ocrx_word' id='word_1_562' title='bbox 2684 2668 2739 2714; x_wconf 89' lang='lat' dir='ltr'><strong>et</strong></span> <span class='ocrx_word' id='word_1_563' title='bbox 2767 2661 2883 2729; x_wconf 85' lang='lat' dir='ltr'><strong>pari</strong></span> <span class='ocrx_word' id='word_1_564' title='bbox 2916 2661 3120 2716; x_wconf 89' lang='lat' dir='ltr'><strong>honore</strong></span> <span class='ocrx_word' id='word_1_565' title='bbox 3162 2676 3225 2717; x_wconf 87' lang='lat' dir='ltr'><strong>ac</strong></span> <span class='ocrx_word' id='word_1_566' title='bbox 3262 2666 3462 2717; x_wconf 81' lang='lat' dir='ltr'><strong>virtute</strong></span> <span class='ocrx_word' id='word_1_567' title='bbox 3494 2680 3591 2733; x_wconf 82' lang='lat' dir='ltr'><strong>per</strong></span> 
     </span>
    </p>
   </div>
   <div class='ocr_carea' id='block_1_72' title="bbox 2012 2741 3588 2811">
    <p class='ocr_par' dir='ltr' id='par_1_72' title="bbox 2012 2741 3588 2811">
     <span class='ocr_line' id='line_1_72' title="bbox 2012 2741 3588 2811; baseline 0.009 -16"><span class='ocrx_word' id='word_1_568' title='bbox 2012 2741 2276 2811; x_wconf 83' lang='lat' dir='ltr'><strong>Spiritum</strong></span> <span class='ocrx_word' id='word_1_569' title='bbox 2321 2756 2566 2803; x_wconf 87' lang='lat' dir='ltr'><strong>sanctum</strong></span> <span class='ocrx_word' id='word_1_570' title='bbox 2632 2751 2700 2806; x_wconf 87' lang='lat' dir='ltr'><strong>ab</strong></span> <span class='ocrx_word' id='word_1_571' title='bbox 2746 2752 2988 2807; x_wconf 89' lang='lat' dir='ltr'><strong>omnium</strong></span> <span class='ocrx_word' id='word_1_572' title='bbox 3037 2754 3318 2809; x_wconf 87' lang='lat' dir='ltr'><strong>Salvatore</strong></span> <span class='ocrx_word' id='word_1_573' title='bbox 3367 2754 3588 2810; x_wconf 82' lang='lat' dir='ltr'><strong>Christo</strong></span> 
     </span>
    </p>
   </div>
   <div class='ocr_carea' id='block_1_73' title="bbox 2011 2835 3590 2903">
    <p class='ocr_par' dir='ltr' id='par_1_73' title="bbox 2011 2835 3590 2903">
     <span class='ocr_line' id='line_1_73' title="bbox 2011 2835 3590 2903; baseline 0.008 -14"><span class='ocrx_word' id='word_1_574' title='bbox 2011 2835 2251 2892; x_wconf 85' lang='lat' dir='ltr'><strong>decorati</strong></span> <span class='ocrx_word' id='word_1_575' title='bbox 2290 2855 2305 2892; x_wconf 92' lang='lat'><strong>:</strong></span> <span class='ocrx_word' id='word_1_576' title='bbox 2343 2841 2503 2895; x_wconf 89' lang='lat' dir='ltr'><strong>simul</strong></span> <span class='ocrx_word' id='word_1_577' title='bbox 2533 2845 2678 2897; x_wconf 89' lang='lat' dir='ltr'><strong>enim</strong></span> <span class='ocrx_word' id='word_1_578' title='bbox 2716 2859 2837 2898; x_wconf 85' lang='lat' dir='ltr'><strong>cum</strong></span> <span class='ocrx_word' id='word_1_579' title='bbox 2884 2848 3100 2902; x_wconf 58' lang='lat' dir='ltr'><strong>caeteris</strong></span> <span class='ocrx_word' id='word_1_580' title='bbox 3132 2848 3236 2902; x_wconf 88' lang='lat' dir='ltr'><strong>sibi</strong></span> <span class='ocrx_word' id='word_1_581' title='bbox 3267 2848 3467 2903; x_wconf 88' lang='lat' dir='ltr'><strong>dictum</strong></span> <span class='ocrx_word' id='word_1_582' title='bbox 3493 2864 3590 2902; x_wconf 88' lang='lat' dir='ltr'><strong>att-</strong></span> 
     </span>
    </p>
   </div>
   <div class='ocr_carea' id='block_1_74' title="bbox 2011 2925 3588 3008">
    <p class='ocr_par' dir='ltr' id='par_1_74' title="bbox 2011 2925 3588 3008">
     <span class='ocr_line' id='line_1_74' title="bbox 2011 2925 3588 3008; baseline 0.008 -28"><span class='ocrx_word' id='word_1_583' title='bbox 2011 2925 2267 2982; x_wconf 88' lang='lat' dir='ltr'><strong>dierant:</strong></span> <span class='ocrx_word' id='word_1_584' title='bbox 2306 2946 2325 2980; x_wconf 77' lang='grc' dir='ltr'><strong>ι</strong></span> <span class='ocrx_word' id='word_1_585' title='bbox 2361 2931 2465 2985; x_wconf 82' lang='lat' dir='ltr'><strong>Vos</strong></span> <span class='ocrx_word' id='word_1_586' title='bbox 2496 2934 2628 2987; x_wconf 87' lang='lat' dir='ltr'><strong>estis</strong></span> <span class='ocrx_word' id='word_1_587' title='bbox 2660 2934 2749 2989; x_wconf 86' lang='lat' dir='ltr'><strong>lux</strong></span> <span class='ocrx_word' id='word_1_588' title='bbox 2784 2939 2969 2991; x_wconf 89' lang='lat' dir='ltr'><strong>mundi</strong></span> <span class='ocrx_word' id='word_1_589' title='bbox 3003 2957 3023 2991; x_wconf 77' lang='grc' dir='ltr'><strong>ι</strong></span> <span class='ocrx_word' id='word_1_590' title='bbox 3059 2938 3222 3008; x_wconf 85' lang='lat' dir='ltr'><strong>hujus</strong></span> <span class='ocrx_word' id='word_1_591' title='bbox 3248 2939 3335 2995; x_wconf 80' lang='grc' dir='ltr'><strong>⁶⁹ι</strong></span> <span class='ocrx_word' id='word_1_592' title='bbox 3373 2949 3428 2993; x_wconf 86' lang='lat' dir='ltr'><strong>et</strong></span> <span class='ocrx_word' id='word_1_593' title='bbox 3473 2956 3588 2993; x_wconf 91' lang='lat' dir='ltr'><strong>rur-</strong></span> 
     </span>
    </p>
   </div>
   <div class='ocr_carea' id='block_1_75' title="bbox 2011 3018 3589 3101">
    <p class='ocr_par' dir='ltr' id='par_1_75' title="bbox 2011 3018 3589 3101">
     <span class='ocr_line' id='line_1_75' title="bbox 2011 3018 3589 3101; baseline 0.01 -30"><span class='ocrx_word' id='word_1_594' title='bbox 2011 3031 2126 3071; x_wconf 88' lang='lat' dir='ltr'><strong>sum</strong></span> <span class='ocrx_word' id='word_1_595' title='bbox 2150 3035 2166 3075; x_wconf 89' lang='lat'><strong>:</strong></span> <span class='ocrx_word' id='word_1_596' title='bbox 2194 3036 2215 3071; x_wconf 79' lang='grc' dir='ltr'><strong>ι</strong></span> <span class='ocrx_word' id='word_1_597' title='bbox 2251 3018 2500 3075; x_wconf 78' lang='lat' dir='ltr'><strong>Inﬁrmus</strong></span> <span class='ocrx_word' id='word_1_598' title='bbox 2522 3035 2732 3091; x_wconf 81' lang='lat' dir='ltr'><strong>curate,</strong></span> <span class='ocrx_word' id='word_1_599' title='bbox 2760 3037 3004 3083; x_wconf 90' lang='lat' dir='ltr'><strong>mortuos</strong></span> <span class='ocrx_word' id='word_1_600' title='bbox 3032 3031 3312 3097; x_wconf 89' lang='lat' dir='ltr'><strong>suscitate,</strong></span> <span class='ocrx_word' id='word_1_601' title='bbox 3344 3032 3589 3101; x_wconf 83' lang='lat' dir='ltr'><strong>leprosos</strong></span> 
     </span>
    </p>
   </div>
   <div class='ocr_carea' id='block_1_76' title="bbox 2016 3110 3589 3197">
    <p class='ocr_par' dir='ltr' id='par_1_76' title="bbox 2016 3110 3589 3197">
     <span class='ocr_line' id='line_1_76' title="bbox 2016 3110 3589 3197; baseline 0.013 -37"><span class='ocrx_word' id='word_1_602' title='bbox 2016 3110 2293 3175; x_wconf 87' lang='lat' dir='ltr'><strong>mundale,</strong></span> <span class='ocrx_word' id='word_1_603' title='bbox 2346 3111 2611 3168; x_wconf 66' lang='lat' dir='ltr'><strong>daemonia</strong></span> <span class='ocrx_word' id='word_1_604' title='bbox 2656 3115 2839 3185; x_wconf 85' lang='lat' dir='ltr'><strong>ejicite</strong></span> <span class='ocrx_word' id='word_1_605' title='bbox 2881 3118 2949 3178; x_wconf 83' lang='lat'><strong>“.</strong></span> <span class='ocrx_word' id='word_1_606' title='bbox 2997 3137 3016 3172; x_wconf 80' lang='grc' dir='ltr'><strong>ι</strong></span> <span class='ocrx_word' id='word_1_607' title='bbox 3068 3120 3203 3177; x_wconf 79' lang='lat' dir='ltr'><strong>Num</strong></span> <span class='ocrx_word' id='word_1_608' title='bbox 3239 3139 3369 3197; x_wconf 90' lang='lat' dir='ltr'><strong>ergo</strong></span> <span class='ocrx_word' id='word_1_609' title='bbox 3410 3141 3477 3180; x_wconf 82' lang='lat' dir='ltr'><strong>ex</strong></span> <span class='ocrx_word' id='word_1_610' title='bbox 3523 3142 3589 3180; x_wconf 79' lang='lat' dir='ltr'><strong>eo</strong></span> 
     </span>
    </p>
   </div>
   <div class='ocr_carea' id='block_1_77' title="bbox 2015 3199 3586 3283">
    <p class='ocr_par' dir='ltr' id='par_1_77' title="bbox 2015 3199 3586 3283">
     <span class='ocr_line' id='line_1_77' title="bbox 2015 3199 3586 3283; baseline 0.013 -32"><span class='ocrx_word' id='word_1_611' title='bbox 2015 3199 2159 3269; x_wconf 88' lang='lat' dir='ltr'><strong>quod</strong></span> <span class='ocrx_word' id='word_1_612' title='bbox 2218 3201 2333 3272; x_wconf 85' lang='lat' dir='ltr'><strong>pari</strong></span> <span class='ocrx_word' id='word_1_613' title='bbox 2381 3214 2538 3257; x_wconf 87' lang='lat' dir='ltr'><strong>erant</strong></span> <span class='ocrx_word' id='word_1_614' title='bbox 2591 3206 2856 3278; x_wconf 79' lang='lat' dir='ltr'><strong>dignitate</strong></span> <span class='ocrx_word' id='word_1_615' title='bbox 2912 3211 2998 3267; x_wconf 92' lang='lat' dir='ltr'><strong>vel</strong></span> <span class='ocrx_word' id='word_1_616' title='bbox 3052 3216 3403 3283; x_wconf 83' lang='lat' dir='ltr'><strong>auctoritate,</strong></span> <span class='ocrx_word' id='word_1_617' title='bbox 3452 3216 3586 3272; x_wconf 88' lang='lat' dir='ltr'><strong>illttd</strong></span> 
     </span>
    </p>
   </div>
   <div class='ocr_carea' id='block_1_78' title="bbox 2011 3289 3586 3370">
    <p class='ocr_par' dir='ltr' id='par_1_78' title="bbox 2011 3289 3586 3370">
     <span class='ocr_line' id='line_1_78' title="bbox 2011 3289 3586 3370; baseline 0.011 -28"><span class='ocrx_word' id='word_1_618' title='bbox 2011 3289 2175 3343; x_wconf 87' lang='lat' dir='ltr'><strong>etiam</strong></span> <span class='ocrx_word' id='word_1_619' title='bbox 2203 3307 2299 3348; x_wconf 81' lang='lat' dir='ltr'><strong>eos</strong></span> <span class='ocrx_word' id='word_1_620' title='bbox 2332 3296 2585 3352; x_wconf 87' lang='lat' dir='ltr'><strong>habuisse</strong></span> <span class='ocrx_word' id='word_1_621' title='bbox 2618 3314 2952 3369; x_wconf 70' lang='lat' dir='ltr'><strong>asseremus,</strong></span> <span class='ocrx_word' id='word_1_622' title='bbox 2976 3314 3034 3358; x_wconf 89' lang='grc' dir='ltr'><strong>ιιι</strong></span> <span class='ocrx_word' id='word_1_623' title='bbox 3065 3320 3188 3359; x_wconf 90' lang='lat' dir='ltr'><strong>cum</strong></span> <span class='ocrx_word' id='word_1_624' title='bbox 3244 3308 3347 3362; x_wconf 89' lang='lat' dir='ltr'><strong>duo</strong></span> <span class='ocrx_word' id='word_1_625' title='bbox 3378 3317 3586 3370; x_wconf 86' lang='lat' dir='ltr'><strong>essent,</strong></span> 
     </span>
    </p>
   </div>
   <div class='ocr_carea' id='block_1_79' title="bbox 2011 3383 3589 3465">
    <p class='ocr_par' dir='ltr' id='par_1_79' title="bbox 2011 3383 3589 3465">
     <span class='ocr_line' id='line_1_79' title="bbox 2011 3383 3589 3465; baseline 0.013 -32"><span class='ocrx_word' id='word_1_626' title='bbox 2011 3395 2153 3435; x_wconf 91' lang='lat' dir='ltr'><strong>unus</strong></span> <span class='ocrx_word' id='word_1_627' title='bbox 2201 3383 2363 3440; x_wconf 86' lang='lat' dir='ltr'><strong>homo</strong></span> <span class='ocrx_word' id='word_1_628' title='bbox 2409 3392 2767 3446; x_wconf 84' lang='lat' dir='ltr'><strong>censeretur?</strong></span> <span class='ocrx_word' id='word_1_629' title='bbox 2810 3394 2975 3465; x_wconf 89' lang='lat' dir='ltr'><strong>idque</strong></span> <span class='ocrx_word' id='word_1_630' title='bbox 3025 3396 3091 3450; x_wconf 88' lang='lat' dir='ltr'><strong>ad</strong></span> <span class='ocrx_word' id='word_1_631' title='bbox 3138 3398 3392 3454; x_wconf 85' lang='lat' dir='ltr'><strong>unionem</strong></span> <span class='ocrx_word' id='word_1_632' title='bbox 3437 3412 3589 3455; x_wconf 80' lang='lat' dir='ltr'><strong>certe</strong></span> 
     </span>
    </p>
   </div>
   <div class='ocr_carea' id='block_1_80' title="bbox 2009 3472 3585 3555">
    <p class='ocr_par' dir='ltr' id='par_1_80' title="bbox 2009 3472 3585 3555">
     <span class='ocr_line' id='line_1_80' title="bbox 2009 3472 3585 3555; baseline 0.011 -28"><span class='ocrx_word' id='word_1_633' title='bbox 2009 3472 2371 3544; x_wconf 86' lang='lat' dir='ltr'><strong>hyposlaseon</strong></span> <span class='ocrx_word' id='word_1_634' title='bbox 2408 3494 2531 3534; x_wconf 87' lang='lat' dir='ltr'><strong>esse</strong></span> <span class='ocrx_word' id='word_1_635' title='bbox 2572 3484 2750 3537; x_wconf 87' lang='lat' dir='ltr'><strong>satis?</strong></span> <span class='ocrx_word' id='word_1_636' title='bbox 2788 3484 2952 3555; x_wconf 86' lang='lat' dir='ltr'><strong>Atqui</strong></span> <span class='ocrx_word' id='word_1_637' title='bbox 2994 3503 3169 3543; x_wconf 88' lang='lat' dir='ltr'><strong>nonne</strong></span> <span class='ocrx_word' id='word_1_638' title='bbox 3205 3488 3585 3545; x_wconf 88' lang='lat' dir='ltr'><strong>stultissimum</strong></span> 
     </span>
    </p>
   </div>
   <div class='ocr_carea' id='block_1_81' title="bbox 2011 3571 3586 3650">
    <p class='ocr_par' dir='ltr' id='par_1_81' title="bbox 2011 3571 3586 3650">
     <span class='ocr_line' id='line_1_81' title="bbox 2011 3571 3586 3650; baseline 0.011 -29"><span class='ocrx_word' id='word_1_639' title='bbox 2011 3571 2342 3624; x_wconf 85' lang='lat' dir='ltr'><strong>censendum</strong></span> <span class='ocrx_word' id='word_1_640' title='bbox 2384 3574 2455 3628; x_wconf 88' lang='lat' dir='ltr'><strong>sit</strong></span> <span class='ocrx_word' id='word_1_641' title='bbox 2496 3575 2566 3628; x_wconf 85' lang='lat' dir='ltr'><strong>ita</strong></span> <span class='ocrx_word' id='word_1_642' title='bbox 2593 3578 2842 3633; x_wconf 82' lang='lat' dir='ltr'><strong>sentire?</strong></span> <span class='ocrx_word' id='word_1_643' title='bbox 2864 3580 2975 3634; x_wconf 81' lang='lat' dir='ltr'><strong>Cur</strong></span> <span class='ocrx_word' id='word_1_644' title='bbox 3003 3596 3132 3650; x_wconf 82' lang='lat' dir='ltr'><strong>ergo</strong></span> <span class='ocrx_word' id='word_1_645' title='bbox 3167 3590 3219 3636; x_wconf 87' lang='lat' dir='ltr'><strong>te</strong></span> <span class='ocrx_word' id='word_1_646' title='bbox 3250 3582 3475 3637; x_wconf 79' lang='lat' dir='ltr'><strong>simulas</strong></span> <span class='ocrx_word' id='word_1_647' title='bbox 3501 3599 3586 3638; x_wconf 86' lang='lat' dir='ltr'><strong>re—</strong></span> 
     </span>
    </p>
   </div>
   <div class='ocr_carea' id='block_1_82' title="bbox 2013 3660 3584 3731">
    <p class='ocr_par' dir='ltr' id='par_1_82' title="bbox 2013 3660 3584 3731">
     <span class='ocr_line' id='line_1_82' title="bbox 2013 3660 3584 3731; baseline 0.008 -16"><span class='ocrx_word' id='word_1_648' title='bbox 2013 3669 2157 3715; x_wconf 82' lang='lat' dir='ltr'><strong>ctam</strong></span> <span class='ocrx_word' id='word_1_649' title='bbox 2189 3660 2346 3716; x_wconf 80' lang='lat' dir='ltr'><strong>ildem</strong></span> <span class='ocrx_word' id='word_1_650' title='bbox 2389 3672 2597 3731; x_wconf 86' lang='lat' dir='ltr'><strong>tenere,</strong></span> <span class='ocrx_word' id='word_1_651' title='bbox 2624 3682 2744 3721; x_wconf 89' lang='lat' dir='ltr'><strong>cum</strong></span> <span class='ocrx_word' id='word_1_652' title='bbox 2771 3668 3047 3725; x_wconf 84' lang='lat' dir='ltr'><strong>Christum</strong></span> <span class='ocrx_word' id='word_1_653' title='bbox 3076 3670 3256 3726; x_wconf 88' lang='lat' dir='ltr'><strong>.lesum</strong></span> <span class='ocrx_word' id='word_1_654' title='bbox 3298 3673 3584 3727; x_wconf 87' lang='lat' dir='ltr'><strong>Dominum</strong></span> 
     </span>
    </p>
   </div>
   <div class='ocr_carea' id='block_1_83' title="bbox 2010 3754 3589 3835">
    <p class='ocr_par' dir='ltr' id='par_1_83' title="bbox 2010 3754 3589 3835">
     <span class='ocr_line' id='line_1_83' title="bbox 2010 3754 3589 3835; baseline 0.007 -27"><span class='ocrx_word' id='word_1_655' title='bbox 2010 3754 2147 3809; x_wconf 86' lang='lat' dir='ltr'><strong>dicis</strong></span> <span class='ocrx_word' id='word_1_656' title='bbox 2171 3756 2389 3824; x_wconf 89' lang='lat' dir='ltr'><strong>quidem</strong></span> <span class='ocrx_word' id='word_1_657' title='bbox 2423 3774 2609 3824; x_wconf 88' lang='lat' dir='ltr'><strong>unum,</strong></span> <span class='ocrx_word' id='word_1_658' title='bbox 2641 3761 2736 3814; x_wconf 88' lang='lat' dir='ltr'><strong>sed</strong></span> <span class='ocrx_word' id='word_1_659' title='bbox 2766 3761 2909 3817; x_wconf 85' lang='lat' dir='ltr'><strong>hunc</strong></span> <span class='ocrx_word' id='word_1_660' title='bbox 2941 3779 3107 3817; x_wconf 88' lang='lat' dir='ltr'><strong>unum</strong></span> <span class='ocrx_word' id='word_1_661' title='bbox 3150 3764 3202 3818; x_wconf 92' lang='lat' dir='ltr'><strong>in</strong></span> <span class='ocrx_word' id='word_1_662' title='bbox 3232 3764 3365 3819; x_wconf 88' lang='lat' dir='ltr'><strong>duas</strong></span> <span class='ocrx_word' id='word_1_663' title='bbox 3406 3780 3589 3835; x_wconf 86' lang='lat' dir='ltr'><strong>perso-</strong></span> 
     </span>
    </p>
   </div>
   <div class='ocr_carea' id='block_1_84' title="bbox 2010 3850 3586 3918">
    <p class='ocr_par' dir='ltr' id='par_1_84' title="bbox 2010 3850 3586 3918">
     <span class='ocr_line' id='line_1_84' title="bbox 2010 3850 3586 3918; baseline 0.007 -18"><span class='ocrx_word' id='word_1_664' title='bbox 2010 3859 2108 3900; x_wconf 84' lang='lat' dir='ltr'><strong>nas</strong></span> <span class='ocrx_word' id='word_1_665' title='bbox 2156 3858 2212 3901; x_wconf 92' lang='lat' dir='ltr'><strong>et</strong></span> <span class='ocrx_word' id='word_1_666' title='bbox 2264 3850 2585 3918; x_wconf 87' lang='lat' dir='ltr'><strong>hypostases</strong></span> <span class='ocrx_word' id='word_1_667' title='bbox 2628 3853 2862 3907; x_wconf 82' lang='lat' dir='ltr'><strong>dividis?</strong></span> <span class='ocrx_word' id='word_1_668' title='bbox 2890 3853 2954 3908; x_wconf 71' lang='lat' dir='ltr'><strong>‘et</strong></span> <span class='ocrx_word' id='word_1_669' title='bbox 2996 3870 3138 3909; x_wconf 74' lang='lat' dir='ltr'><strong>vera:</strong></span> <span class='ocrx_word' id='word_1_670' title='bbox 3186 3855 3332 3911; x_wconf 89' lang='lat' dir='ltr'><strong>illius</strong></span> <span class='ocrx_word' id='word_1_671' title='bbox 3371 3857 3586 3912; x_wconf 85' lang='lat' dir='ltr'><strong>unionis</strong></span> 
     </span>
    </p>
   </div>
   <div class='ocr_carea' id='block_1_85' title="bbox 2012 3940 3584 4016">
    <p class='ocr_par' dir='ltr' id='par_1_85' title="bbox 2012 3940 3584 4016">
     <span class='ocr_line' id='line_1_85' title="bbox 2012 3940 3584 4016; baseline 0.007 -24"><span class='ocrx_word' id='word_1_672' title='bbox 2012 3940 2253 4003; x_wconf 87' lang='lat' dir='ltr'><strong>modum,</strong></span> <span class='ocrx_word' id='word_1_673' title='bbox 2301 3955 2398 4007; x_wconf 87' lang='lat' dir='ltr'><strong>per</strong></span> <span class='ocrx_word' id='word_1_674' title='bbox 2444 3957 2603 4008; x_wconf 89' lang='lat' dir='ltr'><strong>quem</strong></span> <span class='ocrx_word' id='word_1_675' title='bbox 2631 3958 2758 3997; x_wconf 90' lang='lat' dir='ltr'><strong>vere</strong></span> <span class='ocrx_word' id='word_1_676' title='bbox 2789 3960 2927 3999; x_wconf 91' lang='lat' dir='ltr'><strong>unus</strong></span> <span class='ocrx_word' id='word_1_677' title='bbox 2972 3960 3035 3998; x_wconf 82' lang='lat' dir='ltr'><strong>ac</strong></span> <span class='ocrx_word' id='word_1_678' title='bbox 3066 3947 3211 4001; x_wconf 90' lang='lat' dir='ltr'><strong>solus</strong></span> <span class='ocrx_word' id='word_1_679' title='bbox 3252 3962 3372 4001; x_wconf 86' lang='lat' dir='ltr'><strong>esse</strong></span> <span class='ocrx_word' id='word_1_680' title='bbox 3403 3958 3584 4016; x_wconf 89' lang='lat' dir='ltr'><strong>potest</strong></span> 
     </span>
    </p>
   </div>
   <div class='ocr_carea' id='block_1_86' title="bbox 2012 4030 3579 4107">
    <p class='ocr_par' dir='ltr' id='par_1_86' title="bbox 2012 4030 3579 4107">
     <span class='ocr_line' id='line_1_86' title="bbox 2012 4030 3579 4107; baseline 0.007 -23"><span class='ocrx_word' id='word_1_681' title='bbox 2012 4030 2282 4094; x_wconf 84' lang='lat' dir='ltr'><strong>Christus,</strong></span> <span class='ocrx_word' id='word_1_682' title='bbox 2310 4032 2604 4100; x_wconf 88' lang='lat' dir='ltr'><strong>itnprobas,</strong></span> <span class='ocrx_word' id='word_1_683' title='bbox 2627 4034 2768 4087; x_wconf 81' lang='lat' dir='ltr'><strong>illam</strong></span> <span class='ocrx_word' id='word_1_684' title='bbox 2804 4051 2933 4089; x_wconf 86' lang='lat' dir='ltr'><strong>vero</strong></span> <span class='ocrx_word' id='word_1_685' title='bbox 2969 4036 3191 4091; x_wconf 88' lang='lat' dir='ltr'><strong>honoris</strong></span> <span class='ocrx_word' id='word_1_686' title='bbox 3217 4039 3579 4107; x_wconf 73' lang='lat' dir='ltr'><strong>mqualitatetn</strong></span> 
     </span>
    </p>
   </div>
   <div class='ocr_carea' id='block_1_87' title="bbox 2009 4118 3584 4195">
    <p class='ocr_par' dir='ltr' id='par_1_87' title="bbox 2009 4118 3584 4195">
     <span class='ocr_line' id='line_1_87' title="bbox 2009 4118 3584 4195; baseline 0.008 -19"><span class='ocrx_word' id='word_1_687' title='bbox 2009 4137 2138 4177; x_wconf 86' lang='lat' dir='ltr'><strong>vere</strong></span> <span class='ocrx_word' id='word_1_688' title='bbox 2187 4124 2623 4191; x_wconf 77' lang='lat' dir='ltr'><strong>conjunctionent</strong></span> <span class='ocrx_word' id='word_1_689' title='bbox 2675 4127 2951 4195; x_wconf 83' lang='lat' dir='ltr'><strong>appellas?</strong></span> <span class='ocrx_word' id='word_1_690' title='bbox 2990 4130 3176 4195; x_wconf 78' lang='lat' dir='ltr'><strong>Qualis</strong></span> <span class='ocrx_word' id='word_1_691' title='bbox 3210 4133 3353 4185; x_wconf 89' lang='lat' dir='ltr'><strong>enim</strong></span> <span class='ocrx_word' id='word_1_692' title='bbox 3395 4133 3442 4188; x_wconf 90' lang='lat' dir='ltr'><strong>is</strong></span> <span class='ocrx_word' id='word_1_693' title='bbox 3499 4118 3584 4188; x_wconf 86' lang='lat' dir='ltr'><strong>est</strong></span> 
     </span>
    </p>
   </div>
   <div class='ocr_carea' id='block_1_88' title="bbox 2013 4214 3583 4291">
    <p class='ocr_par' dir='ltr' id='par_1_88' title="bbox 2013 4214 3583 4291">
     <span class='ocr_line' id='line_1_88' title="bbox 2013 4214 3583 4291; baseline 0.008 -23"><span class='ocrx_word' id='word_1_694' title='bbox 2013 4214 2421 4284; x_wconf 71' lang='lat' dir='ltr'><strong>coniunctionis</strong></span> <span class='ocrx_word' id='word_1_695' title='bbox 2468 4217 2703 4272; x_wconf 84' lang='lat' dir='ltr'><strong>modus?</strong></span> <span class='ocrx_word' id='word_1_696' title='bbox 2728 4219 2809 4272; x_wconf 89' lang='lat' dir='ltr'><strong>An</strong></span> <span class='ocrx_word' id='word_1_697' title='bbox 2846 4219 3062 4289; x_wconf 86' lang='lat' dir='ltr'><strong>ignoras</strong></span> <span class='ocrx_word' id='word_1_698' title='bbox 3095 4237 3292 4291; x_wconf 87' lang='lat' dir='ltr'><strong>cupere</strong></span> <span class='ocrx_word' id='word_1_699' title='bbox 3335 4224 3583 4280; x_wconf 88' lang='lat' dir='ltr'><strong>homines</strong></span> 
     </span>
    </p>
   </div>
   <div class='ocr_carea' id='block_1_89' title="bbox 2010 4305 3582 4386">
    <p class='ocr_par' dir='ltr' id='par_1_89' title="bbox 2010 4305 3582 4386">
     <span class='ocr_line' id='line_1_89' title="bbox 2010 4305 3582 4386; baseline 0.007 -28"><span class='ocrx_word' id='word_1_700' title='bbox 2010 4306 2101 4375; x_wconf 89' lang='lat' dir='ltr'><strong>qui</strong></span> <span class='ocrx_word' id='word_1_701' title='bbox 2128 4306 2182 4361; x_wconf 93' lang='lat' dir='ltr'><strong>in</strong></span> <span class='ocrx_word' id='word_1_702' title='bbox 2213 4305 2319 4361; x_wconf 83' lang='lat' dir='ltr'><strong>hoc</strong></span> <span class='ocrx_word' id='word_1_703' title='bbox 2347 4308 2547 4362; x_wconf 64' lang='lat' dir='ltr'><strong>saeculo</strong></span> <span class='ocrx_word' id='word_1_704' title='bbox 2577 4318 2883 4375; x_wconf 80' lang='lat' dir='ltr'><strong>versantur,</strong></span> <span class='ocrx_word' id='word_1_705' title='bbox 2911 4313 3181 4367; x_wconf 89' lang='lat' dir='ltr'><strong>mundana</strong></span> <span class='ocrx_word' id='word_1_706' title='bbox 3206 4316 3363 4381; x_wconf 87' lang='lat' dir='ltr'><strong>potiri</strong></span> <span class='ocrx_word' id='word_1_707' title='bbox 3388 4318 3582 4386; x_wconf 89' lang='lat' dir='ltr'><strong>gloria,</strong></span> 
     </span>
    </p>
   </div>
   <div class='ocr_carea' id='block_1_90' title="bbox 326 4398 1908 4477">
    <p class='ocr_par' dir='ltr' id='par_1_90' title="bbox 326 4398 1905 4474">
     <span class='ocr_line' id='line_1_90' title="bbox 326 4398 1905 4474; baseline -0.003 -17"><span class='ocrx_word' id='word_1_708' title='bbox 326 4399 472 4457; x_wconf 73' lang='grc' dir='ltr'>εἶναι</span> <span class='ocrx_word' id='word_1_709' title='bbox 502 4407 816 4474; x_wconf 83' lang='grc' dir='ltr'>κοσμικαῖς,</span> <span class='ocrx_word' id='word_1_710' title='bbox 853 4403 903 4455; x_wconf 85' lang='grc' dir='ltr'>οἳ</span> <span class='ocrx_word' id='word_1_711' title='bbox 932 4403 1028 4465; x_wconf 78' lang='grc' dir='ltr'><strong>τὰς</strong></span> <span class='ocrx_word' id='word_1_712' title='bbox 1059 4401 1210 4472; x_wconf 87' lang='grc' dir='ltr'><strong>παρά</strong></span> <span class='ocrx_word' id='word_1_713' title='bbox 1242 4401 1350 4454; x_wconf 84' lang='grc' dir='ltr'><strong>τῶν</strong></span> <span class='ocrx_word' id='word_1_714' title='bbox 1379 4398 1721 4471; x_wconf 84' lang='grc' dir='ltr'>κρατούντων</span> <span class='ocrx_word' id='word_1_715' title='bbox 1753 4399 1905 4453; x_wconf 82' lang='grc' dir='ltr'>πλου·</span> 
     </span>
    </p>
   </div>
   <div class='ocr_carea' id='block_1_91' title="bbox 2011 4398 3584 4477">
    <p class='ocr_par' dir='ltr' id='par_1_91' title="bbox 2013 4399 3584 4477">
     <span class='ocr_line' id='line_1_91' title="bbox 2013 4399 3584 4477; baseline 0.006 -25"><span class='ocrx_word' id='word_1_716' title='bbox 2013 4411 2219 4468; x_wconf 88' lang='lat' dir='ltr'><strong>eosque</strong></span> <span class='ocrx_word' id='word_1_717' title='bbox 2252 4415 2280 4452; x_wconf 92' lang='lat' dir='ltr'><strong>a</strong></span> <span class='ocrx_word' id='word_1_718' title='bbox 2308 4399 2644 4470; x_wconf 87' lang='lat' dir='ltr'><strong>principibus</strong></span> <span class='ocrx_word' id='word_1_719' title='bbox 2669 4403 2904 4459; x_wconf 88' lang='lat' dir='ltr'><strong>honores</strong></span> <span class='ocrx_word' id='word_1_720' title='bbox 2936 4405 3241 4475; x_wconf 80' lang='lat' dir='ltr'><strong>consequi?</strong></span> <span class='ocrx_word' id='word_1_721' title='bbox 3261 4407 3365 4462; x_wconf 86' lang='lat' dir='ltr'><strong>Sed</strong></span> <span class='ocrx_word' id='word_1_722' title='bbox 3394 4424 3584 4477; x_wconf 87' lang='lat' dir='ltr'><strong>quant-</strong></span> 
     </span>
    </p>
   </div>
   <div class='ocr_carea' id='block_1_92' title="bbox 326 4490 1906 4567">
    <p class='ocr_par' dir='ltr' id='par_1_92' title="bbox 326 4490 1906 4567">
     <span class='ocr_line' id='line_1_92' title="bbox 326 4490 1906 4567; baseline -0.004 -18"><span class='ocrx_word' id='word_1_723' title='bbox 326 4495 481 4549; x_wconf 85' lang='grc' dir='ltr'>τοῦσι</span> <span class='ocrx_word' id='word_1_724' title='bbox 522 4497 722 4567; x_wconf 84' lang='grc' dir='ltr'>τιμάς;</span> <span class='ocrx_word' id='word_1_725' title='bbox 769 4495 910 4548; x_wconf 79' lang='grc' dir='ltr'><strong>Ἀλλ’</strong></span> <span class='ocrx_word' id='word_1_726' title='bbox 959 4496 1016 4548; x_wconf 83' lang='grc' dir='ltr'>ὲν</span> <span class='ocrx_word' id='word_1_727' title='bbox 1055 4495 1190 4557; x_wconf 85' lang='grc' dir='ltr'>ῐσοις</span> <span class='ocrx_word' id='word_1_728' title='bbox 1223 4493 1375 4556; x_wconf 75' lang='grc' dir='ltr'>ὄντες</span> <span class='ocrx_word' id='word_1_729' title='bbox 1417 4492 1741 4562; x_wconf 79' lang='grc' dir='ltr'>ἀξιώμασιν,</span> <span class='ocrx_word' id='word_1_730' title='bbox 1793 4490 1906 4544; x_wconf 71' lang='grc' dir='ltr'>ἐσθ’</span> 
     </span>
    </p>
   </div>
   <div class='ocr_carea' id='block_1_93' title="bbox 326 4584 1905 4662">
    <p class='ocr_par' dir='ltr' id='par_1_93' title="bbox 326 4584 1905 4662">
     <span class='ocr_line' id='line_1_93' title="bbox 326 4584 1905 4662; baseline -0.004 -19"><span class='ocrx_word' id='word_1_731' title='bbox 326 4591 440 4657; x_wconf 82' lang='grc' dir='ltr'>ὅτε,</span> <span class='ocrx_word' id='word_1_732' title='bbox 481 4590 830 4662; x_wconf 84' lang='grc' dir='ltr'>διεστήκασιν</span> <span class='ocrx_word' id='word_1_733' title='bbox 864 4589 1111 4660; x_wconf 81' lang='grc' dir='ltr'>ἀλλήλων</span> <span class='ocrx_word' id='word_1_734' title='bbox 1150 4587 1381 4657; x_wconf 79' lang='grc' dir='ltr'>ὑπάρξει</span> <span class='ocrx_word' id='word_1_735' title='bbox 1424 4603 1485 4640; x_wconf 89' lang='grc' dir='ltr'><strong>τε</strong></span> <span class='ocrx_word' id='word_1_736' title='bbox 1522 4589 1589 4658; x_wconf 77' lang='grc' dir='ltr'>τῇ</span> <span class='ocrx_word' id='word_1_737' title='bbox 1617 4585 1739 4640; x_wconf 86' lang='grc' dir='ltr'>καθ’</span> <span class='ocrx_word' id='word_1_738' title='bbox 1783 4584 1905 4653; x_wconf 72' lang='grc' dir='ltr'>ἕνα,</span> 
     </span>
    </p>
   </div>
   <div class='ocr_carea' id='block_1_94' title="bbox 326 4676 1905 4751">
    <p class='ocr_par' dir='ltr' id='par_1_94' title="bbox 326 4676 1905 4751">
     <span class='ocr_line' id='line_1_94' title="bbox 326 4676 1905 4751; baseline -0.002 -17"><span class='ocrx_word' id='word_1_739' title='bbox 326 4682 506 4750; x_wconf 75' lang='grc' dir='ltr'>φημὶ,</span> <span class='ocrx_word' id='word_1_740' title='bbox 555 4681 651 4733; x_wconf 75' lang='grc' dir='ltr'>καὶ</span> <span class='ocrx_word' id='word_1_741' title='bbox 697 4680 879 4748; x_wconf 81' lang='grc' dir='ltr'>μέντοι</span> <span class='ocrx_word' id='word_1_742' title='bbox 920 4679 980 4732; x_wconf 83' lang='grc' dir='ltr'>τὸ</span> <span class='ocrx_word' id='word_1_743' title='bbox 1030 4677 1139 4751; x_wconf 80' lang='grc' dir='ltr'><strong>[ἷσ.</strong></span> <span class='ocrx_word' id='word_1_744' title='bbox 1190 4677 1291 4750; x_wconf 82' lang='grc' dir='ltr'><strong>τῷ]</strong></span> <span class='ocrx_word' id='word_1_745' title='bbox 1325 4677 1607 4748; x_wconf 79' lang='grc' dir='ltr'>βούλεσθαι</span> <span class='ocrx_word' id='word_1_746' title='bbox 1651 4678 1720 4731; x_wconf 84' lang='grc' dir='ltr'><strong>τά</strong></span> <span class='ocrx_word' id='word_1_747' title='bbox 1767 4676 1905 4731; x_wconf 81' lang='grc' dir='ltr'><strong>αὑτά</strong></span> 
     </span>
    </p>
   </div>
   <div class='ocr_carea' id='block_1_95' title="bbox 320 4765 1907 4841">
    <p class='ocr_par' dir='ltr' id='par_1_95' title="bbox 320 4765 1907 4841">
     <span class='ocr_line' id='line_1_95' title="bbox 320 4765 1907 4841; baseline 0.001 -19"><span class='ocrx_word' id='word_1_748' title='bbox 320 4774 542 4841; x_wconf 74' lang='grc' dir='ltr'>φρονεῖν</span> <span class='ocrx_word' id='word_1_749' title='bbox 572 4788 632 4824; x_wconf 86' lang='grc' dir='ltr'><strong>τε</strong></span> <span class='ocrx_word' id='word_1_750' title='bbox 660 4772 754 4823; x_wconf 76' lang='grc' dir='ltr'>καὶ</span> <span class='ocrx_word' id='word_1_751' title='bbox 781 4771 914 4841; x_wconf 84' lang='grc' dir='ltr'>δρᾷν</span> <span class='ocrx_word' id='word_1_752' title='bbox 933 4787 948 4800; x_wconf 75' lang='grc' dir='ltr'><strong>ο</strong></span> <span class='ocrx_word' id='word_1_753' title='bbox 982 4770 1096 4823; x_wconf 84' lang='grc' dir='ltr'>ἀλλ’</span> <span class='ocrx_word' id='word_1_754' title='bbox 1117 4770 1274 4841; x_wconf 76' lang='grc' dir='ltr'>εἴπερ</span> <span class='ocrx_word' id='word_1_755' title='bbox 1302 4765 1369 4841; x_wconf 82' lang='grc' dir='ltr'>ἦν</span> <span class='ocrx_word' id='word_1_756' title='bbox 1398 4785 1482 4832; x_wconf 87' lang='grc' dir='ltr'><strong>τις</strong></span> <span class='ocrx_word' id='word_1_757' title='bbox 1513 4769 1708 4841; x_wconf 80' lang='grc' dir='ltr'>δεσμὸς</span> <span class='ocrx_word' id='word_1_758' title='bbox 1739 4770 1907 4839; x_wconf 83' lang='grc' dir='ltr'>ἀναγ-</span> 
     </span>
    </p>
   </div>
   <div class='ocr_carea' id='block_1_96' title="bbox 322 4859 1898 4933">
    <p class='ocr_par' dir='ltr' id='par_1_96' title="bbox 322 4859 1898 4933">
     <span class='ocr_line' id='line_1_96' title="bbox 322 4859 1898 4933; baseline -0.001 -15"><span class='ocrx_word' id='word_1_759' title='bbox 322 4867 479 4926; x_wconf 82' lang='grc' dir='ltr'>καῖος</span> <span class='ocrx_word' id='word_1_760' title='bbox 524 4864 608 4925; x_wconf 85' lang='grc' dir='ltr'>εἱς</span> <span class='ocrx_word' id='word_1_761' title='bbox 660 4862 889 4930; x_wconf 79' lang='grc' dir='ltr'>ἑνότητα</span> <span class='ocrx_word' id='word_1_762' title='bbox 947 4862 1219 4930; x_wconf 80' lang='grc' dir='ltr'>συλλέγων</span> <span class='ocrx_word' id='word_1_763' title='bbox 1258 4861 1457 4924; x_wconf 73' lang='grc' dir='ltr'>αὐτοὺς</span> <span class='ocrx_word' id='word_1_764' title='bbox 1508 4862 1607 4933; x_wconf 75' lang='grc' dir='ltr'>τῆς</span> <span class='ocrx_word' id='word_1_765' title='bbox 1663 4859 1819 4927; x_wconf 81' lang='grc' dir='ltr'>ἀξίας</span> <span class='ocrx_word' id='word_1_766' title='bbox 1868 4863 1898 4916; x_wconf 80' lang='grc' dir='ltr'><strong>ὁ</strong></span> 
     </span>
    </p>
   </div>
   <div class='ocr_carea' id='block_1_97' title="bbox 316 4952 1902 5026">
    <p class='ocr_par' dir='ltr' id='par_1_97' title="bbox 316 4952 1902 5026">
     <span class='ocr_line' id='line_1_97' title="bbox 316 4952 1902 5026; baseline -0.001 -18"><span class='ocrx_word' id='word_1_767' title='bbox 316 4956 542 5025; x_wconf 69' lang='grc' dir='ltr'>τρόπος,</span> <span class='ocrx_word' id='word_1_768' title='bbox 576 4953 832 5026; x_wconf 82' lang='grc' dir='ltr'>καθάπερ</span> <span class='ocrx_word' id='word_1_769' title='bbox 874 4953 1063 5023; x_wconf 80' lang='grc' dir='ltr'>ἀμέλει</span> <span class='ocrx_word' id='word_1_770' title='bbox 1101 4955 1196 5008; x_wconf 68' lang='grc' dir='ltr'><strong>καὶ</strong></span> <span class='ocrx_word' id='word_1_771' title='bbox 1228 4952 1500 5024; x_wconf 80' lang='grc' dir='ltr'>σὺμὸασις</span> <span class='ocrx_word' id='word_1_772' title='bbox 1548 4953 1773 5026; x_wconf 79' lang='grc' dir='ltr'>φυσικὴ,</span> <span class='ocrx_word' id='word_1_773' title='bbox 1803 4954 1902 5007; x_wconf 87' lang='grc' dir='ltr'><strong>οὑκ</strong></span> 
     </span>
    </p>
   </div>
   <div class='ocr_carea' id='block_1_98' title="bbox 316 5043 1901 5119">
    <p class='ocr_par' dir='ltr' id='par_1_98' title="bbox 316 5043 1901 5119">
     <span class='ocr_line' id='line_1_98' title="bbox 316 5043 1901 5119; baseline 0.001 -19"><span class='ocrx_word' id='word_1_774' title='bbox 316 5050 382 5100; x_wconf 74' lang='grc' dir='ltr'>ἐν</span> <span class='ocrx_word' id='word_1_775' title='bbox 431 5048 491 5098; x_wconf 79' lang='grc' dir='ltr'>ἐν</span> <span class='ocrx_word' id='word_1_776' title='bbox 543 5047 748 5118; x_wconf 74' lang='grc' dir='ltr'>ἰσότητι</span> <span class='ocrx_word' id='word_1_777' title='bbox 782 5043 987 5118; x_wconf 78' lang='grc' dir='ltr'>γερῶν,</span> <span class='ocrx_word' id='word_1_778' title='bbox 1032 5048 1152 5119; x_wconf 72' lang='grc' dir='ltr'>ἦτοι</span> <span class='ocrx_word' id='word_1_779' title='bbox 1197 5048 1298 5117; x_wconf 83' lang='grc' dir='ltr'>τῆς</span> <span class='ocrx_word' id='word_1_780' title='bbox 1343 5046 1500 5115; x_wconf 84' lang='grc' dir='ltr'>ἀξίας</span> <span class='ocrx_word' id='word_1_781' title='bbox 1543 5047 1901 5118; x_wconf 83' lang='grc' dir='ltr'>ὑπάρχοντες,</span> 
     </span>
    </p>
   </div>
   <div class='ocr_carea' id='block_1_99' title="bbox 322 5135 1905 5212">
    <p class='ocr_par' dir='ltr' id='par_1_99' title="bbox 322 5135 1905 5212">
     <span class='ocr_line' id='line_1_99' title="bbox 322 5135 1905 5212; baseline 0.002 -22"><span class='ocrx_word' id='word_1_782' title='bbox 322 5137 653 5191; x_wconf 62' lang='grc' dir='ltr'>ᾆποστάσεσί</span> <span class='ocrx_word' id='word_1_783' title='bbox 672 5155 731 5192; x_wconf 79' lang='grc' dir='ltr'><strong>τε</strong></span> <span class='ocrx_word' id='word_1_784' title='bbox 753 5139 848 5192; x_wconf 75' lang='grc' dir='ltr'>καὶ</span> <span class='ocrx_word' id='word_1_785' title='bbox 866 5137 1084 5210; x_wconf 83' lang='grc' dir='ltr'>γνώμῃ,</span> <span class='ocrx_word' id='word_1_786' title='bbox 1108 5141 1188 5202; x_wconf 83' lang='grc' dir='ltr'><strong>είς</strong></span> <span class='ocrx_word' id='word_1_787' title='bbox 1214 5138 1276 5192; x_wconf 73' lang='grc' dir='ltr'><strong>τὸ</strong></span> <span class='ocrx_word' id='word_1_788' title='bbox 1297 5139 1483 5212; x_wconf 71' lang='grc' dir='ltr'>ἕτερος</span> <span class='ocrx_word' id='word_1_789' title='bbox 1506 5135 1643 5193; x_wconf 78' lang='grc' dir='ltr'>εἶναι</span> <span class='ocrx_word' id='word_1_790' title='bbox 1668 5140 1764 5194; x_wconf 59' lang='grc' dir='ltr'><strong>καὶ⁹</strong></span> <span class='ocrx_word' id='word_1_791' title='bbox 1788 5139 1905 5193; x_wconf 70' lang='grc' dir='ltr'>ἓτε-</span> 
     </span>
    </p>
   </div>
   <div class='ocr_carea' id='block_1_100' title="bbox 321 5228 1899 5301">
    <p class='ocr_par' dir='ltr' id='par_1_100' title="bbox 321 5228 1899 5301">
     <span class='ocr_line' id='line_1_100' title="bbox 321 5228 1899 5301; baseline -0.001 -18"><span class='ocrx_word' id='word_1_792' title='bbox 321 5247 414 5298; x_wconf 70' lang='grc' dir='ltr'><strong>ρος</strong></span> <span class='ocrx_word' id='word_1_793' title='bbox 461 5229 645 5293; x_wconf 78' lang='grc' dir='ltr'>ἱδικῶς</span> <span class='ocrx_word' id='word_1_794' title='bbox 685 5229 931 5300; x_wconf 79' lang='grc' dir='ltr'>ἀλλήλων</span> <span class='ocrx_word' id='word_1_795' title='bbox 976 5229 1422 5300; x_wconf 80' lang='grc' dir='ltr'>ἀπενοσφίζοντο.</span> <span class='ocrx_word' id='word_1_796' title='bbox 1468 5228 1579 5285; x_wconf 86' lang='grc' dir='ltr'>Ποῦ</span> <span class='ocrx_word' id='word_1_797' title='bbox 1609 5229 1899 5301; x_wconf 85' lang='grc' dir='ltr'>τοιγαροῦν</span> 
     </span>
    </p>
   </div>
   <div class='ocr_carea' id='block_1_101' title="bbox 314 5319 1899 5394">
    <p class='ocr_par' dir='ltr' id='par_1_101' title="bbox 314 5319 1899 5394">
     <span class='ocr_line' id='line_1_101' title="bbox 314 5319 1899 5394; baseline 0 -21"><span class='ocrx_word' id='word_1_798' title='bbox 314 5323 416 5393; x_wconf 70' lang='grc' dir='ltr'>τὴν</span> <span class='ocrx_word' id='word_1_799' title='bbox 463 5322 559 5394; x_wconf 76' lang='grc' dir='ltr'>σὴν</span> <span class='ocrx_word' id='word_1_800' title='bbox 599 5323 898 5392; x_wconf 74' lang='grc' dir='ltr'>συνάφειαν</span> <span class='ocrx_word' id='word_1_801' title='bbox 940 5322 1210 5394; x_wconf 74' lang='grc' dir='ltr'>θήσομενς</span> <span class='ocrx_word' id='word_1_802' title='bbox 1243 5321 1308 5374; x_wconf 88' lang='grc' dir='ltr'>Τί</span> <span class='ocrx_word' id='word_1_803' title='bbox 1354 5320 1411 5374; x_wconf 79' lang='grc' dir='ltr'><strong>δὲ</strong></span> <span class='ocrx_word' id='word_1_804' title='bbox 1442 5321 1538 5374; x_wconf 72' lang='grc' dir='ltr'>καὶ</span> <span class='ocrx_word' id='word_1_805' title='bbox 1567 5320 1763 5391; x_wconf 79' lang='grc' dir='ltr'>δρᾶσαι</span> <span class='ocrx_word' id='word_1_806' title='bbox 1811 5319 1899 5374; x_wconf 86' lang='grc' dir='ltr'>λο-</span> 
     </span>
    </p>
   </div>
   <div class='ocr_carea' id='block_1_102' title="bbox 315 5413 1897 5486">
    <p class='ocr_par' dir='ltr' id='par_1_102' title="bbox 315 5413 1897 5486">
     <span class='ocr_line' id='line_1_102' title="bbox 315 5413 1897 5486; baseline 0 -19"><span class='ocrx_word' id='word_1_807' title='bbox 315 5416 621 5485; x_wconf 74' lang='grc' dir='ltr'>γισόμεθα;</span> <span class='ocrx_word' id='word_1_808' title='bbox 668 5416 1105 5485; x_wconf 77' lang='grc' dir='ltr'>Ὀμογνωμονεῖν</span> <span class='ocrx_word' id='word_1_809' title='bbox 1154 5414 1263 5486; x_wconf 78' lang='grc' dir='ltr'><strong>ἄρα</strong></span> <span class='ocrx_word' id='word_1_810' title='bbox 1302 5414 1563 5468; x_wconf 80' lang='grc' dir='ltr'>πέπεικεν</span> <span class='ocrx_word' id='word_1_811' title='bbox 1604 5414 1831 5478; x_wconf 73' lang='grc' dir='ltr'>αὑτοὺς,</span> <span class='ocrx_word' id='word_1_812' title='bbox 1864 5413 1897 5485; x_wconf 82' lang='grc' dir='ltr'>ἢ</span> 
     </span>
    </p>
   </div>
   <div class='ocr_carea' id='block_1_103' title="bbox 315 5503 1892 5581">
    <p class='ocr_par' dir='ltr' id='par_1_103' title="bbox 315 5503 1892 5581">
     <span class='ocr_line' id='line_1_103' title="bbox 315 5503 1892 5581; baseline -0.001 -21"><span class='ocrx_word' id='word_1_813' title='bbox 315 5508 595 5578; x_wconf 70' lang='grc' dir='ltr'>συμϐῆναι</span> <span class='ocrx_word' id='word_1_814' title='bbox 630 5508 1047 5581; x_wconf 80' lang='grc' dir='ltr'>παρεσκεύασεν</span> <span class='ocrx_word' id='word_1_815' title='bbox 1079 5508 1161 5571; x_wconf 73' lang='grc' dir='ltr'>εἰς</span> <span class='ocrx_word' id='word_1_816' title='bbox 1194 5506 1422 5577; x_wconf 81' lang='grc' dir='ltr'>ἑνότητα</span> <span class='ocrx_word' id='word_1_817' title='bbox 1474 5507 1741 5578; x_wconf 77' lang='grc' dir='ltr'>μυστικήν</span> <span class='ocrx_word' id='word_1_818' title='bbox 1778 5503 1892 5575; x_wconf 57' lang='lat' dir='ltr'><strong>[Ion</strong></span> 
     </span>
    </p>
   </div>
   <div class='ocr_carea' id='block_1_104' title="bbox 390 5691 1367 5763">
    <p class='ocr_par' dir='ltr' id='par_1_104' title="bbox 390 5691 1367 5763">
     <span class='ocr_line' id='line_1_104' title="bbox 390 5691 1367 5763; baseline -0.001 -14"><span class='ocrx_word' id='word_1_819' title='bbox 390 5691 649 5752; x_wconf 66' lang='lat' dir='ltr'><strong>&quot;Hatth.</strong></span> <span class='ocrx_word' id='word_1_820' title='bbox 679 5708 735 5763; x_wconf 74' lang='grc' dir='ltr'>γ,</span> <span class='ocrx_word' id='word_1_821' title='bbox 769 5694 856 5750; x_wconf 65' lang='lat' dir='ltr'><strong>tt.</strong></span> <span class='ocrx_word' id='word_1_822' title='bbox 930 5695 976 5727; x_wconf 76' lang='grc' dir='ltr'><strong>’θ</strong></span> <span class='ocrx_word' id='word_1_823' title='bbox 1004 5691 1193 5749; x_wconf 80' lang='lat' dir='ltr'><strong>Matth.</strong></span> <span class='ocrx_word' id='word_1_824' title='bbox 1230 5707 1284 5760; x_wconf 75' lang='grc' dir='ltr'>χ,</span> <span class='ocrx_word' id='word_1_825' title='bbox 1313 5691 1367 5748; x_wconf 90' lang='grc'><strong>8.</strong></span> 
     </span>
    </p>
   </div>
   <div class='ocr_carea' id='block_1_105' title="bbox 2011 4490 3586 4571">
    <p class='ocr_par' dir='ltr' id='par_1_105' title="bbox 2011 4490 3586 4571">
     <span class='ocr_line' id='line_1_105' title="bbox 2011 4490 3586 4571; baseline 0.007 -27"><span class='ocrx_word' id='word_1_826' title='bbox 2011 4490 2093 4545; x_wconf 80' lang='lat' dir='ltr'><strong>vis</strong></span> <span class='ocrx_word' id='word_1_827' title='bbox 2129 4505 2518 4560; x_wconf 87' lang='lat' dir='ltr'><strong>nonnunquam</strong></span> <span class='ocrx_word' id='word_1_828' title='bbox 2558 4495 2820 4563; x_wconf 72' lang='lat' dir='ltr'><strong>aequalem</strong></span> <span class='ocrx_word' id='word_1_829' title='bbox 2871 4495 3105 4551; x_wconf 88' lang='lat' dir='ltr'><strong>habeant</strong></span> <span class='ocrx_word' id='word_1_830' title='bbox 3151 4499 3433 4569; x_wconf 86' lang='lat' dir='ltr'><strong>dignitatis</strong></span> <span class='ocrx_word' id='word_1_831' title='bbox 3458 4514 3586 4571; x_wconf 79' lang='lat' dir='ltr'><strong>gra-</strong></span> 
     </span>
    </p>
   </div>
   <div class='ocr_carea' id='block_1_106' title="bbox 2008 4582 3588 4663">
    <p class='ocr_par' dir='ltr' id='par_1_106' title="bbox 2008 4582 3588 4663">
     <span class='ocr_line' id='line_1_106' title="bbox 2008 4582 3588 4663; baseline 0.006 -24"><span class='ocrx_word' id='word_1_832' title='bbox 2008 4582 2160 4648; x_wconf 86' lang='lat' dir='ltr'><strong>dum,</strong></span> <span class='ocrx_word' id='word_1_833' title='bbox 2205 4595 2385 4640; x_wconf 87' lang='lat' dir='ltr'><strong>tamen</strong></span> <span class='ocrx_word' id='word_1_834' title='bbox 2436 4588 2670 4643; x_wconf 83' lang='lat' dir='ltr'><strong>invicem</strong></span> <span class='ocrx_word' id='word_1_835' title='bbox 2710 4590 2914 4645; x_wconf 88' lang='lat' dir='ltr'><strong>distant</strong></span> <span class='ocrx_word' id='word_1_836' title='bbox 2958 4600 3068 4645; x_wconf 90' lang='lat' dir='ltr'><strong>tum</strong></span> <span class='ocrx_word' id='word_1_837' title='bbox 3109 4593 3369 4663; x_wconf 81' lang='lat' dir='ltr'><strong>singulari</strong></span> <span class='ocrx_word' id='word_1_838' title='bbox 3409 4596 3588 4651; x_wconf 89' lang='lat' dir='ltr'><strong>subsi-</strong></span> 
     </span>
    </p>
   </div>
   <div class='ocr_carea' id='block_1_107' title="bbox 2008 4678 3584 4755">
    <p class='ocr_par' dir='ltr' id='par_1_107' title="bbox 2008 4678 3584 4755">
     <span class='ocr_line' id='line_1_107' title="bbox 2008 4678 3584 4755; baseline 0.006 -23"><span class='ocrx_word' id='word_1_839' title='bbox 2008 4678 2227 4741; x_wconf 73' lang='lat' dir='ltr'><strong>etentia,</strong></span> <span class='ocrx_word' id='word_1_840' title='bbox 2269 4686 2382 4733; x_wconf 89' lang='lat' dir='ltr'><strong>tum</strong></span> <span class='ocrx_word' id='word_1_841' title='bbox 2415 4694 2546 4735; x_wconf 90' lang='lat' dir='ltr'><strong>vero</strong></span> <span class='ocrx_word' id='word_1_842' title='bbox 2572 4681 2624 4736; x_wconf 93' lang='lat' dir='ltr'><strong>in</strong></span> <span class='ocrx_word' id='word_1_843' title='bbox 2662 4696 2727 4736; x_wconf 90' lang='lat' dir='ltr'><strong>eo</strong></span> <span class='ocrx_word' id='word_1_844' title='bbox 2754 4684 2896 4751; x_wconf 90' lang='lat' dir='ltr'><strong>quod</strong></span> <span class='ocrx_word' id='word_1_845' title='bbox 2926 4700 3031 4739; x_wconf 91' lang='lat' dir='ltr'><strong>non</strong></span> <span class='ocrx_word' id='word_1_846' title='bbox 3061 4687 3248 4740; x_wconf 90' lang='lat' dir='ltr'><strong>eadem</strong></span> <span class='ocrx_word' id='word_1_847' title='bbox 3284 4701 3472 4755; x_wconf 83' lang='lat' dir='ltr'><strong>sapere</strong></span> <span class='ocrx_word' id='word_1_848' title='bbox 3496 4697 3584 4742; x_wconf 85' lang='lat' dir='ltr'><strong>at-</strong></span> 
     </span>
    </p>
   </div>
   <div class='ocr_carea' id='block_1_108' title="bbox 2008 4768 3582 4844">
    <p class='ocr_par' dir='ltr' id='par_1_108' title="bbox 2008 4768 3582 4844">
     <span class='ocr_line' id='line_1_108' title="bbox 2008 4768 3582 4844; baseline 0.006 -22"><span class='ocrx_word' id='word_1_849' title='bbox 2008 4781 2115 4837; x_wconf 88' lang='lat' dir='ltr'><strong>que</strong></span> <span class='ocrx_word' id='word_1_850' title='bbox 2157 4768 2417 4838; x_wconf 73' lang='lat' dir='ltr'><strong>perlicere</strong></span> <span class='ocrx_word' id='word_1_851' title='bbox 2446 4770 2596 4825; x_wconf 88' lang='lat' dir='ltr'><strong>libet.</strong></span> <span class='ocrx_word' id='word_1_852' title='bbox 2631 4774 2792 4841; x_wconf 85' lang='lat' dir='ltr'><strong>Atqui</strong></span> <span class='ocrx_word' id='word_1_853' title='bbox 2829 4773 2875 4828; x_wconf 91' lang='lat' dir='ltr'><strong>si</strong></span> <span class='ocrx_word' id='word_1_854' title='bbox 2915 4773 3195 4844; x_wconf 81' lang='lat' dir='ltr'><strong>dignitatis</strong></span> <span class='ocrx_word' id='word_1_855' title='bbox 3228 4778 3365 4831; x_wconf 88' lang='lat' dir='ltr'><strong>ratio</strong></span> <span class='ocrx_word' id='word_1_856' title='bbox 3394 4778 3582 4831; x_wconf 88' lang='lat' dir='ltr'><strong>vincu-</strong></span> 
     </span>
    </p>
   </div>
   <div class='ocr_carea' id='block_1_109' title="bbox 2007 4860 3584 4937">
    <p class='ocr_par' dir='ltr' id='par_1_109' title="bbox 2007 4860 3584 4937">
     <span class='ocr_line' id='line_1_109' title="bbox 2007 4860 3584 4937; baseline 0.005 -22"><span class='ocrx_word' id='word_1_857' title='bbox 2007 4860 2119 4916; x_wconf 86' lang='lat' dir='ltr'><strong>lnm</strong></span> <span class='ocrx_word' id='word_1_858' title='bbox 2158 4873 2302 4918; x_wconf 87' lang='lat' dir='ltr'><strong>esset</strong></span> <span class='ocrx_word' id='word_1_859' title='bbox 2334 4864 2701 4918; x_wconf 86' lang='lat' dir='ltr'><strong>necessarium</strong></span> <span class='ocrx_word' id='word_1_860' title='bbox 2734 4880 2842 4935; x_wconf 91' lang='lat' dir='ltr'><strong>quo</strong></span> <span class='ocrx_word' id='word_1_861' title='bbox 2866 4867 2919 4921; x_wconf 90' lang='lat' dir='ltr'><strong>in</strong></span> <span class='ocrx_word' id='word_1_862' title='bbox 2963 4868 3224 4922; x_wconf 88' lang='lat' dir='ltr'><strong>unitatem</strong></span> <span class='ocrx_word' id='word_1_863' title='bbox 3255 4866 3584 4937; x_wconf 85' lang='lat' dir='ltr'><strong>colligeren-</strong></span> 
     </span>
    </p>
   </div>
   <div class='ocr_carea' id='block_1_110' title="bbox 2010 4956 3578 5029">
    <p class='ocr_par' dir='ltr' id='par_1_110' title="bbox 2010 4956 3578 5029">
     <span class='ocr_line' id='line_1_110' title="bbox 2010 4956 3578 5029; baseline 0.001 -15"><span class='ocrx_word' id='word_1_864' title='bbox 2010 4967 2120 5022; x_wconf 89' lang='lat' dir='ltr'><strong>tur,</strong></span> <span class='ocrx_word' id='word_1_865' title='bbox 2161 4965 2221 5009; x_wconf 91' lang='lat' dir='ltr'><strong>ut</strong></span> <span class='ocrx_word' id='word_1_866' title='bbox 2253 4966 2338 5011; x_wconf 89' lang='lat' dir='ltr'><strong>est</strong></span> <span class='ocrx_word' id='word_1_867' title='bbox 2375 4956 2561 5025; x_wconf 91' lang='lat' dir='ltr'><strong>procul</strong></span> <span class='ocrx_word' id='word_1_868' title='bbox 2593 4957 2757 5012; x_wconf 90' lang='lat' dir='ltr'><strong>dubio</strong></span> <span class='ocrx_word' id='word_1_869' title='bbox 2798 4958 2885 5012; x_wconf 88' lang='lat' dir='ltr'><strong>illa</strong></span> <span class='ocrx_word' id='word_1_870' title='bbox 2930 4958 3244 5029; x_wconf 86' lang='lat' dir='ltr'><strong>conjunctio</strong></span> <span class='ocrx_word' id='word_1_871' title='bbox 3291 4960 3578 5025; x_wconf 84' lang='lat' dir='ltr'><strong>naturalis.</strong></span> 
     </span>
    </p>
   </div>
   <div class='ocr_carea' id='block_1_111' title="bbox 2009 5048 3583 5121">
    <p class='ocr_par' dir='ltr' id='par_1_111' title="bbox 2009 5048 3583 5121">
     <span class='ocr_line' id='line_1_111' title="bbox 2009 5048 3583 5121; baseline 0.002 -17"><span class='ocrx_word' id='word_1_872' title='bbox 2009 5064 2287 5119; x_wconf 84' lang='lat' dir='ltr'><strong>nunquam</strong></span> <span class='ocrx_word' id='word_1_873' title='bbox 2324 5048 2377 5102; x_wconf 92' lang='lat' dir='ltr'><strong>in</strong></span> <span class='ocrx_word' id='word_1_874' title='bbox 2410 5048 2675 5103; x_wconf 86' lang='lat' dir='ltr'><strong>honorum</strong></span> <span class='ocrx_word' id='word_1_875' title='bbox 2708 5050 2794 5105; x_wconf 87' lang='lat' dir='ltr'><strong>vel</strong></span> <span class='ocrx_word' id='word_1_876' title='bbox 2822 5049 3103 5121; x_wconf 80' lang='lat' dir='ltr'><strong>dignitatis</strong></span> <span class='ocrx_word' id='word_1_877' title='bbox 3139 5048 3451 5119; x_wconf 66' lang='lat' dir='ltr'><strong>aequalitate</strong></span> <span class='ocrx_word' id='word_1_878' title='bbox 3488 5068 3583 5121; x_wconf 83' lang='lat' dir='ltr'><strong>po-</strong></span> 
     </span>
    </p>
   </div>
   <div class='ocr_carea' id='block_1_112' title="bbox 2007 5140 3586 5211">
    <p class='ocr_par' dir='ltr' id='par_1_112' title="bbox 2007 5140 3586 5211">
     <span class='ocr_line' id='line_1_112' title="bbox 2007 5140 3586 5211; baseline 0.002 -16"><span class='ocrx_word' id='word_1_879' title='bbox 2007 5140 2118 5206; x_wconf 88' lang='lat' dir='ltr'><strong>siti,</strong></span> <span class='ocrx_word' id='word_1_880' title='bbox 2169 5140 2446 5211; x_wconf 84' lang='lat' dir='ltr'><strong>hypostasi</strong></span> <span class='ocrx_word' id='word_1_881' title='bbox 2478 5150 2640 5210; x_wconf 87' lang='lat' dir='ltr'><strong>atque</strong></span> <span class='ocrx_word' id='word_1_882' title='bbox 2672 5143 2834 5196; x_wconf 86' lang='lat' dir='ltr'><strong>etiam</strong></span> <span class='ocrx_word' id='word_1_883' title='bbox 2861 5140 3125 5196; x_wconf 88' lang='lat' dir='ltr'><strong>sententia</strong></span> <span class='ocrx_word' id='word_1_884' title='bbox 3154 5141 3407 5209; x_wconf 84' lang='lat' dir='ltr'><strong>privatim</strong></span> <span class='ocrx_word' id='word_1_885' title='bbox 3444 5142 3586 5198; x_wconf 79' lang='lat' dir='ltr'><strong>inter</strong></span> 
     </span>
    </p>
   </div>
   <div class='ocr_carea' id='block_1_113' title="bbox 2008 5231 3580 5303">
    <p class='ocr_par' dir='ltr' id='par_1_113' title="bbox 2008 5231 3580 5303">
     <span class='ocr_line' id='line_1_113' title="bbox 2008 5231 3580 5303; baseline 0.001 -15"><span class='ocrx_word' id='word_1_886' title='bbox 2008 5248 2068 5288; x_wconf 87' lang='lat' dir='ltr'><strong>se</strong></span> <span class='ocrx_word' id='word_1_887' title='bbox 2092 5235 2518 5303; x_wconf 85' lang='lat' dir='ltr'><strong>sejungerentur,</strong></span> <span class='ocrx_word' id='word_1_888' title='bbox 2547 5231 2655 5303; x_wconf 81' lang='lat'><strong>35</strong></span> <span class='ocrx_word' id='word_1_889' title='bbox 2687 5242 2747 5287; x_wconf 90' lang='lat' dir='ltr'><strong>ut</strong></span> <span class='ocrx_word' id='word_1_890' title='bbox 2792 5233 2931 5287; x_wconf 90' lang='lat' dir='ltr'><strong>alter</strong></span> <span class='ocrx_word' id='word_1_891' title='bbox 2969 5232 3058 5287; x_wconf 90' lang='lat' dir='ltr'><strong>hic</strong></span> <span class='ocrx_word' id='word_1_892' title='bbox 3101 5242 3267 5297; x_wconf 87' lang='lat' dir='ltr'><strong>esset,</strong></span> <span class='ocrx_word' id='word_1_893' title='bbox 3299 5233 3390 5287; x_wconf 90' lang='lat' dir='ltr'><strong>ille</strong></span> <span class='ocrx_word' id='word_1_894' title='bbox 3424 5234 3580 5290; x_wconf 89' lang='lat' dir='ltr'><strong>alter.</strong></span> 
     </span>
    </p>
   </div>
   <div class='ocr_carea' id='block_1_114' title="bbox 2009 5322 3585 5394">
    <p class='ocr_par' dir='ltr' id='par_1_114' title="bbox 2009 5322 3585 5394">
     <span class='ocr_line' id='line_1_114' title="bbox 2009 5322 3585 5394; baseline 0.003 -18"><span class='ocrx_word' id='word_1_895' title='bbox 2009 5324 2126 5392; x_wconf 84' lang='lat' dir='ltr'><strong>Quo</strong></span> <span class='ocrx_word' id='word_1_896' title='bbox 2181 5323 2346 5394; x_wconf 79' lang='lat' dir='ltr'><strong>igitur</strong></span> <span class='ocrx_word' id='word_1_897' title='bbox 2398 5323 2517 5379; x_wconf 86' lang='lat' dir='ltr'><strong>loco</strong></span> <span class='ocrx_word' id='word_1_898' title='bbox 2573 5332 2719 5376; x_wconf 89' lang='lat' dir='ltr'><strong>tuam</strong></span> <span class='ocrx_word' id='word_1_899' title='bbox 2775 5322 3217 5392; x_wconf 87' lang='lat' dir='ltr'><strong>conjunctionem</strong></span> <span class='ocrx_word' id='word_1_900' title='bbox 3278 5325 3585 5394; x_wconf 74' lang='lat' dir='ltr'><strong>ponemus?</strong></span> 
     </span>
    </p>
   </div>
   <div class='ocr_carea' id='block_1_115' title="bbox 2008 5410 3585 5485">
    <p class='ocr_par' dir='ltr' id='par_1_115' title="bbox 2008 5410 3585 5485">
     <span class='ocr_line' id='line_1_115' title="bbox 2008 5410 3585 5485; baseline 0.002 -18"><span class='ocrx_word' id='word_1_901' title='bbox 2008 5414 2207 5484; x_wconf 88' lang='lat' dir='ltr'><strong>quidve</strong></span> <span class='ocrx_word' id='word_1_902' title='bbox 2254 5410 2473 5469; x_wconf 75' lang='lat' dir='ltr'><strong>cﬂicere</strong></span> <span class='ocrx_word' id='word_1_903' title='bbox 2514 5411 2852 5484; x_wconf 85' lang='lat' dir='ltr'><strong>putabimnr?</strong></span> <span class='ocrx_word' id='word_1_904' title='bbox 2893 5412 3280 5470; x_wconf 88' lang='lat' dir='ltr'><strong>Consentirene</strong></span> <span class='ocrx_word' id='word_1_905' title='bbox 3322 5416 3485 5485; x_wconf 84' lang='lat' dir='ltr'><strong>igitur</strong></span> <span class='ocrx_word' id='word_1_906' title='bbox 3530 5414 3585 5470; x_wconf 64' lang='grc' dir='ltr'><strong>ιιι</strong></span> 
     </span>
    </p>
   </div>
   <div class='ocr_carea' id='block_1_116' title="bbox 2009 5501 3584 5578">
    <p class='ocr_par' dir='ltr' id='par_1_116' title="bbox 2009 5501 3584 5578">
     <span class='ocr_line' id='line_1_116' title="bbox 2009 5501 3584 5578; baseline 0.001 -18"><span class='ocrx_word' id='word_1_907' title='bbox 2009 5504 2074 5562; x_wconf 84' lang='lat' dir='ltr'><strong>lis</strong></span> <span class='ocrx_word' id='word_1_908' title='bbox 2126 5504 2419 5575; x_wconf 83' lang='lat' dir='ltr'><strong>persuasit.</strong></span> <span class='ocrx_word' id='word_1_909' title='bbox 2455 5513 2547 5560; x_wconf 83' lang='lat' dir='ltr'><strong>aut</strong></span> <span class='ocrx_word' id='word_1_910' title='bbox 2602 5501 2732 5560; x_wconf 77' lang='lat' dir='ltr'><strong>fecit</strong></span> <span class='ocrx_word' id='word_1_911' title='bbox 2781 5512 2840 5561; x_wconf 91' lang='lat' dir='ltr'><strong>ut</strong></span> <span class='ocrx_word' id='word_1_912' title='bbox 2869 5505 2941 5575; x_wconf 58' lang='lat' dir='ltr'><strong>,iu</strong></span> <span class='ocrx_word' id='word_1_913' title='bbox 2991 5506 3275 5578; x_wconf 74' lang='lat' dir='ltr'><strong>mySticam</strong></span> <span class='ocrx_word' id='word_1_914' title='bbox 3322 5505 3584 5562; x_wconf 84' lang='lat' dir='ltr'><strong>unitatem</strong></span> 
     </span>
    </p>
   </div>
  </div>
