4004 6202
370 161 436 214 67
1391 160 1450 214 S.
1491 159 1768 218 CYRILLI
1807 162 2275 219 ALEXANDRINI
2314 163 2632 221 ARCHIE’P.
2971 195 2986 202 ~-
3549 170 3624 226 68

369 275 771 332 convenirent?
827 275 932 330 Sed
963 274 1146 330 dicere
1166 274 1224 328 id
1260 289 1364 330 non
1409 278 1630 345 poteris.
1663 277 1794 332 Nam
1831 279 1932 332 hac

2048 277 2335 351 ρυσικήν];
2371 278 2512 330 Ἀλλ’
2537 280 2638 331 οὑκ
2669 279 2734 332 ἀν
2769 279 2913 350 ἔχοις
2952 279 3143 332 εἰπεῖν’
3179 277 3475 346 Ἐκδὲδειχε
3514 277 3624 348 γὰρ

374 365 588 420 ratione
638 367 1066 420 demonstratum
1097 373 1204 430 est,
1235 364 1378 418 illam
1403 381 1524 421 esse
1554 368 1608 421 in
1657 379 1944 439 utramque

369 466 580 522 partem
613 457 908 510 admodum
941 456 1236 510 inﬁrmam.
1280 457 1411 512 illud
1441 473 1659 530 quoque
1693 461 1823 515 mihi
1855 476 1944 516 ex-

375 546 544 613 plices
591 547 777 610 velim,
825 564 949 600 nam
995 561 1184 616 rogare
1223 552 1532 603 necessario
1575 564 1761 619 cogor,
1813 551 1942 619 quid

373 637 488 703 ipsa
521 637 760 705 dignitas
783 639 982 704 juverit
1012 639 1306 704 hominem,
1333 648 1391 693 ut
1421 641 1537 710 ipse
1581 641 1785 704 dixisti,
1819 655 1940 695 cum

368 727 476 781 Deo
517 729 695 783 Verbo
719 729 1088 794 coniunctum,
1111 739 1168 783 et
1199 744 1264 782 ex
1296 729 1521 784 muliere
1555 732 1777 784 natum?
1803 731 1939 786 Num

368 833 497 872 vero
527 834 708 887 parem
743 820 912 888 gloria
940 829 994 873 et
1024 819 1346 874 excellentia
1377 821 1635 887 reddidit,
1670 831 1724 876 et
1761 832 1942 878 tantus

365 919 426 962 ut
459 919 602 964 esset
647 909 858 975 eﬂ‘ecit,
901 921 1164 980 quantum
1212 922 1268 966 et
1325 913 1498 982 ipsum
1534 928 1655 968 esse
1706 914 1940 969 Verbum

365 1001 623 1056 credibile
645 1011 731 1054 est
751 1000 776 1055 ἵ
805 1002 910 1056 Sed
931 1003 1202 1070 quomodo
1231 1018 1338 1057 non
1364 1004 1454 1058 ille
1479 1007 1792 1069 mentietur,
1815 1021 1940 1059 cum

365 1093 539 1148 dicit:
593 1108 614 1143 ι
651 1092 894 1149 Gloriam
931 1110 1104 1150 meam
1159 1096 1316 1148 alteri
1349 1111 1452 1150 non
1494 1097 1636 1158 dabo
1662 1098 1748 1151 "?
1781 1117 1800 1150 ι
1831 1097 1944 1151 {ru-

363 1193 476 1244 stra
518 1185 682 1239 etiam
733 1195 967 1255 nugatus
993 1185 1099 1240 erit
1135 1186 1224 1240 ille
1259 1187 1475 1240 divinus
1503 1187 1807 1241 carminum
1843 1203 1940 1242 au-

363 1285 501 1342 ctor,
561 1277 639 1331 sic
691 1275 862 1331 ferme
893 1277 1110 1331 dicens:
1149 1295 1166 1329 ι
1199 1276 1336 1342 Quis
1369 1279 1584 1333 tandem
1619 1279 1670 1332 in
1707 1279 1942 1334 nubibus

362 1367 671 1436 aequabitur
698 1365 969 1436 Domino?
996 1376 1087 1420 aut
1129 1367 1253 1436 quis
1281 1368 1478 1423 similis
1515 1369 1619 1422 erit
1656 1369 1766 1424 Deo
1802 1371 1854 1424 in
1888 1369 1944 1424 li-

364 1458 452 1510 liis
478 1459 567 1512 Dei
598 1457 684 1512 "?
719 1475 739 1509 ι
775 1459 858 1514 An
888 1472 1018 1512 vero
1065 1459 1109 1512 is
1148 1473 1254 1514 non
1297 1459 1404 1513 erit
1427 1459 1569 1514 alius
1599 1461 1668 1515 ab
1703 1459 1793 1515 illo
1829 1475 1939 1516 uno

363 1558 420 1604 et
458 1550 757 1618 secundum
793 1557 1042 1604 naturam
1077 1549 1173 1604 Dei
1221 1549 1402 1604 Patris
1435 1549 1637 1614 Verbo,
1682 1551 1774 1620 qui
1824 1566 1946 1622 pro-

2041 369 2070 420 ό
2099 367 2255 436 λόγος
2305 366 2439 438 πρὸς
2474 367 2642 437 ἄμφω
2673 369 2853 434 ταυτὶ,
2885 367 3019 420 πολὺ
3051 366 3310 420 νοσοῦσαν
3348 365 3410 417 τὸ
3455 364 3623 433 ἀδρα-

2042 459 2148 522 νές.
2175 460 2352 530 Φράζε
2380 458 2437 510 δέ
2471 474 2562 528 μοι
2593 460 2833 511 κάκεῖνοο
2865 459 3276 529 προσερήσομαι
3308 454 3419 526 γὰρ
3449 456 3620 524 ἀναγ-

2043 549 2242 614 καίως,
2297 549 2350 601 τί
2378 549 2440 602 τὸ
2470 549 2570 616 τῆς
2610 549 2768 615 ἀξίας
2814 548 2987 619 ὢνησε
3031 549 3218 620 χρῆμα
3270 547 3381 611 τὸν,
3435 546 3624 616 ὥσπερ

2042 641 2177 711 ἔφης
2202 641 2384 706 αὐτὸς,
2414 640 2492 710 τῷ
2520 640 2637 710 Θεῷ
2663 641 2820 710 Λόγῳ
2848 641 3185 710 συνημμένον
3214 638 3501 707 ἄνθρωπον
3529 637 3624 689 καὶ

2043 735 2108 786 ὲκ
2156 733 2448 800 γυναικός;
2484 728 2632 803 Ἀρα
2668 733 2775 802 γὰρ
2810 734 2922 784 ῖσον
2956 732 3235 802 ἀπέφηνεν
3270 731 3327 782 ὲν
3358 728 3483 798 δόξῃ
3529 729 3624 780 καὶ

2043 823 2307 894 ὑπεροχῇ,
2349 823 2444 876 καὶ
2474 821 2727 875 τοσοῦτον
2756 819 2895 875 εἶναι
2927 819 3358 891 παρεσκεύασεν,
3395 821 3518 880 ὅσος
3556 818 3624 872 ἂν

2041 911 2183 970 εἶναι
2211 914 2518 968 πιστεύοιτο
2543 915 2637 968 καὶ
2665 914 2861 978 αὑτός;
2890 909 3022 966 Εῐτα
3050 912 3167 974 πῶς
3190 912 3250 963 οὑ
3275 910 3622 979 διαψεύσιται

2041 1007 2234 1075 λέγων,
2269 1025 2289 1057 ι
2317 1005 2427 1075 Τὴν
2451 1006 2610 1071 δόξαν
2647 1022 2748 1076 μου
2793 1005 2964 1074 ἑτέρῳ
3001 1004 3062 1056 οὑ
3098 1001 3290 1066 δώσω;
3320 1019 3338 1052 ›
3378 1000 3622 1068 πεφλυά-

2045 1113 2178 1168 ρηκε
2211 1096 2266 1150 δὲ
2301 1097 2476 1167 μάτην
2502 1096 2598 1150 καὶ
2629 1096 2790 1158 αὑτὸς
2822 1097 2951 1166 ἡμῖν
2975 1095 3003 1146 ὁ
3037 1093 3324 1154 θεσπέσιος
3361 1091 3617 1162 μελῳδὸς,

2041 1187 2138 1241 ὡδί
2171 1204 2274 1240 που
2312 1186 2508 1256 λέγων,
2547 1189 2629 1240 ὃτι
2673 1205 2691 1238 ι
2722 1187 2819 1249 Τίς
2863 1189 2919 1238 ὲν
2967 1185 3220 1254 νεφέλαις
3294 1183 3622 1252 ἰσωθήσεται

2042 1278 2118 1350 τῷ
2159 1280 2384 1349 Κυρίῳ;
2427 1279 2460 1349 ἢ
2497 1278 2580 1341 τίς
2621 1277 3020 1348 ὁμοιωθήσεται
3062 1275 3140 1345 τῷ
3177 1273 3365 1344 Κυρίῳ
3396 1275 3454 1325 ἐν
3485 1274 3622 1334 υἰοῖς

2041 1369 2207 1436 Θεοῦ;
2233 1390 2252 1422 ι
2294 1371 2366 1423 Ἢ
2399 1371 2498 1440 οὑχ
2531 1370 2716 1440 ἕτερος
2758 1369 2909 1439 παρά
2939 1369 3032 1421 τὸν
3061 1369 3157 1420 ἓνα
3187 1368 3281 1419 καὶ
3315 1365 3492 1432 φύσει,
3526 1365 3622 1417 καὶ

2042 1462 2107 1516 ὲκ
2139 1461 2274 1515 Θεοῦ
2317 1462 2530 1533 Πατρδς
2568 1461 2760 1530 Λόγον,
2788 1462 2815 1512 ό
2845 1461 2966 1513 κατ’
3008 1459 3142 1513 ἰδίαν
3194 1458 3491 1510 ὑπόστασιν
3524 1456 3623 1524 τῆς

2042 1554 2179 1625 πρὸς
2223 1553 2385 1606 αὑτὸν
2424 1553 2675 1623 ένότητος
2720 1551 2938 1622 ἀληθῶς
2971 1550 3464 1620 διεσχοινισμένος;
3502 1544 3650 1600 εἶτα.

365 1640 495 1710 ιη’ὶώ
548 1641 856 1710 hypostasis
899 1641 1114 1696 ratione
1166 1655 1295 1698 vere
1343 1641 1416 1696 sit
1455 1640 1522 1696 ab
1557 1640 1680 1710 ejus
1733 1643 1944 1697 unitate

2048 1646 2163 1710 πῶς
2185 1645 2284 1715 οὑχ
2312 1644 2518 1698 ἅπασιν
2548 1644 2807 1716 ὲναργές;
2841 1642 2953 1695 ἀλλ’
2979 1644 3079 1695 οὐκ
3111 1643 3225 1694 ίσον
3259 1639 3356 1709 μὲν
3394 1639 3472 1707 τῷ
3502 1638 3622 1708 Θεῷ

363 1732 707 1801 disiunctus?
727 1734 945 1786 cuinam
968 1747 1095 1788 vero
1123 1732 1178 1788 id
1208 1748 1316 1787 non
1343 1732 1415 1788 sit
1437 1733 1942 1789 evidentissimum?

365 1824 470 1878 Sed
492 1823 843 1890 coniunctum
877 1838 1010 1880 sane
1042 1825 1213 1893 ipsum
1251 1824 1394 1878 haud
1425 1825 1633 1895 aequale
1665 1825 1774 1880 Deo
1811 1823 1943 1879 Ver-

365 1915 436 1967 ho
465 1914 705 1984 dignitas
737 1912 884 1979 fecit,
908 1914 1052 1982 quod
1079 1914 1304 1968 inferius
1333 1915 1425 1968 illo
1448 1929 1571 1970 esse
1599 1917 1940 1987 perspicuum

362 2014 483 2070 est;
508 2004 772 2071 quomodo
793 2003 957 2073 igitur
988 2019 1152 2057 unum
1190 2005 1391 2060 asseris
1421 2005 1724 2072 Christum,
1757 2017 1811 2060 et
1850 2006 1942 2060 Fi-

369 2094 518 2160 lium,
555 2104 612 2150 et
652 2094 962 2161 Dominum,
996 2097 1250 2164 quamvis
1281 2111 1441 2161 unus,
1473 2097 1615 2166 quod
1651 2097 1944 2152 sententia-

367 2202 482 2238 rum
519 2186 624 2240 vim
661 2186 876 2252 attinet,
909 2187 982 2241 sit
1013 2189 1386 2255 praestantior,
1424 2188 1564 2242 alter
1599 2188 1846 2252 inferior,
1888 2197 1944 2243 et

363 2277 482 2344 ejus
512 2277 792 2346 majestate
824 2287 879 2332 et
920 2278 1090 2346 gloria
1126 2278 1350 2331 minor?
1389 2277 1678 2344 Praeterea,
1714 2288 1769 2332 ut
1813 2280 1942 2334 illud

364 2380 581 2435 quoque
629 2367 714 2422 his
766 2382 885 2434 qua:
919 2367 1161 2421 diximus
1215 2367 1528 2436 adiungam,
1585 2370 1827 2434 donavit,
1885 2379 1943 2424 ut

370 2457 482 2522 ipse
509 2455 808 2519 existimat,
844 2455 974 2509 illud
1003 2469 1069 2507 ex
1112 2455 1222 2509 Deo
1253 2455 1414 2509 Patre
1455 2457 1690 2511 Verbum
1725 2459 1796 2511 illi
1831 2475 1944 2512 mu-

368 2545 516 2598 lieris
549 2544 661 2618 lilio
701 2559 858 2600 suam
898 2544 1068 2613 ipsius
1101 2545 1444 2616 dignitatem.
1479 2546 1586 2601 Sed
1629 2548 1731 2604 hoc
1767 2549 1940 2618 ipsum

365 2617 879 2705 quonam’sitmodo
910 2647 1144 2706 gestum,
1178 2639 1476 2707 exquirere
1501 2650 1586 2694 est
1609 2655 1788 2709 opera:
1817 2658 1943 2710 pre-

368 2728 500 2778 tium
533 2743 546 2780 :
582 2725 718 2780 Num
752 2729 865 2796 ipse
897 2743 1110 2800 quoque
1163 2728 1340 2783 factus
1371 2740 1453 2784 est
1496 2730 1586 2784 lux
1618 2733 1783 2788 vera?
1813 2749 1943 2785 llutll

364 2833 433 2872 ex
465 2826 656 2873 natura
687 2820 850 2885 Deus,
880 2828 934 2874 et
961 2821 1090 2881 vita,
1117 2828 1170 2874 et
1206 2835 1386 2873 rerum
1424 2821 1627 2889 opifex,
1651 2833 1707 2876 et
1731 2825 1945 2892 sapien-

367 2910 463 2974 tia,
501 2921 555 2965 et
583 2912 772 2977 virtus,
805 2912 983 2980 imago
1013 2911 1180 2963 etiam
1215 2920 1270 2963 et
1317 2910 1577 2979 splendor
1625 2913 1942 2968 substantiae

2044 1737 2203 1806 Λόγῳ
2233 1734 2530 1805 πεποίηκεν
2571 1734 2605 1803 ἡ
2652 1732 2778 1796 ἀξία
2809 1731 2870 1784 τὸ
2915 1729 3290 1799 συνημμένονο
3319 1725 3516 1796 ὁρᾶται
3556 1740 3622 1793 γι

2049 1828 2158 1899 μὴν
2182 1827 2275 1880 καὶ
2310 1827 2456 1879 ἐστιν
2483 1825 2539 1877 ὲν
2570 1823 2748 1894 μείοσι
2768 1839 2781 1853 ·
2817 1822 2934 1885 πῶς
2966 1817 3059 1874 οὖν
3100 1820 3196 1872 ἕνα
3226 1819 3332 1889 φὴς
3362 1817 3618 1884 Χριστὸν,

2047 1921 2141 1972 καὶ
2179 1920 2330 1984 Υἰὸν,
2360 1919 2453 1972 καὶ
2481 1917 2707 1988 Κύριον,
2739 1915 2915 1968 καίτοι
2945 1911 3274 1984 προύχοντος
3318 1909 3434 1973 ὲνὺς
3480 1907 3624 1964 κατά

2046 2029 2112 2080 γε
2142 1993 2252 2065 τῶν
2293 2009 2510 2064 ὲννοιῶν
2538 2009 2634 2078 τὴν
2669 2008 2918 2076 δύναμιν,
2946 2007 3042 2057 καὶ
3075 2001 3398 2073 ὑφιζηκότος
3434 2000 3620 2071 ἐτέρου

2046 2104 2144 2174 τῆς
2175 2102 2312 2173 πρὸς
2353 2101 2518 2154 αὑτὸν
2567 2099 2809 2169 ἰσότητός
2837 2113 2898 2150 τε
2932 2097 3028 2150 καί⁵
3056 2094 3246 2164 δόξης;
3285 2091 3492 2154 Ἀλλως
3539 2107 3620 2156 τε,

2048 2193 2395 2266 προσεποίσω
2432 2191 2540 2262 γὰρ
2571 2185 2650 2254 οἷς
2695 2190 2829 2260 ἔφην
2865 2188 2962 2241 καὶ
2999 2186 3139 2246 τόδε,
3169 2183 3466 2254 δεδώρηται
3501 2181 3622 2236 κατ’

2045 2284 2206 2340 αὑτὸν
2229 2287 2258 2338 ό
2282 2286 2346 2336 ὲκ
2379 2283 2516 2336 Θεοῦ
2551 2280 2763 2351 Πατρδς
2790 2279 2960 2348 Λόγος
2983 2278 3082 2347 τὴν
3112 2275 3249 2329 ἰδίαν
3278 2274 3436 2338 ἀξίαν
3460 2272 3538 2343 τῷ
3559 2273 3623 2324 ὲκ

2045 2377 2336 2447 γυναικόςο
2375 2374 2515 2426 κατά
2547 2373 2670 2426 τίνα
2715 2372 2773 2424 δὲ
2818 2369 3018 2440 τρόπον
3063 2367 3196 2419 αὐτὸ
3241 2367 3305 2438 δὴ
3335 2366 3482 2419 τουτὶ
3521 2381 3618 2416 πε·-

2048 2467 2290 2539 πράχθαι
2337 2465 2505 2534 φησι,
2555 2461 2860 2534 βασανίζειν
2909 2459 3082 2524 ἄξιον.
3108 2454 3255 2528 *Λρα
3300 2459 3486 2522 γέγονε
3524 2454 3618 2505 καὶ

2049 2554 2212 2632 αὑτὸς
2239 2553 2356 2622 φῶς
2395 2550 2650 2620 ἀληθινόν
2670 2567 2685 2615 ;
2708 2545 2856 2618 Ἀρα
2893 2547 3053 2616 φύσει
3086 2546 3235 2615 Θεὸς,
3261 2545 3352 2595 καὶ
3383 2542 3493 2612 ζωὴ
3523 2544 3617 2595 καὶ

2040 2647 2396 2718 δημιουργὸς,
2426 2646 2522 2698 καὶ
2551 2643 2709 2711 σοφία
2743 2644 2836 2695 καὶ
2864 2640 3109 2708 δύναμις,
3131 2637 3292 2690 εἰκὼν
3323 2639 3416 2690 καὶ
3441 2636 3618 2690 ἀπαύ-

2048 2754 2239 2808 γασμα
2264 2737 2365 2805 τῆς
2400 2735 2744 2794 ὑποστάσεως
2773 2729 2866 2784 τοῦ
2893 2729 3132 2799 Πατρός;
3163 2728 3257 2781 καὶ
3287 2729 3355 2782 τὰ
3381 2729 3479 2797 τῆς
3508 2728 3621 2782 ἅνω

2047 2828 2203 2897 δόξης
2260 2826 2708 2894 πλεονεκτήματα
2762 2819 3047 2890 κεχώρηκε
3109 2820 3352 2886 φυσικῶς
3402 2820 3482 2880 εις
3524 2817 3621 2870 ενα

2045 2918 2170 2971 τινὰ
2204 2915 2314 2970 τῶν
2343 2914 2760 2984 πεποιημένων;
2785 2911 2851 2962 Τί
2880 2907 2974 2963 οὖν
3013 2911 3130 2961 ἐστι
3167 2909 3228 2964 τὸ
3261 2909 3536 2976 ἐξαίρετον
3566 2909 3624 2960 ὲν

369 3001 566 3069 Patris,
593 3011 648 3056 et
676 3001 764 3055 illa
795 3001 1014 3055 eximiae
1039 3014 1102 3053 ac
1133 3015 1404 3068 supremae
1449 3002 1598 3056 illius
1630 3003 1816 3070 gloria:
1848 3019 1941 3058 or-

2048 3007 2121 3080 τῷ
2153 3007 2292 3061 κατά
2321 3006 2482 3076 φύσιν
2511 3003 2668 3075 Θεῷ;
2696 3003 2747 3056 τί
2777 3002 2838 3054 τὸ
2877 3001 3020 3073 μέγα
3075 3000 3172 3054 καὶ
3204 2999 3346 3070 ὑπὲρ
3376 3001 3543 3069 ἡμᾶς,
3575 3001 3624 3053 εἰ

369 3102 618 3147 namenta
651 3092 703 3146 in
736 3106 901 3145 unum
931 3091 1166 3157 aliquem
1197 3106 1227 3145 e
1256 3091 1459 3146 creatis
1497 3092 1811 3147 hominibus
1844 3108 1942 3163 nae

374 3185 625 3238 turaliter
650 3182 1021 3237 itiﬂuxerunt?
1047 3183 1182 3248 Quid
1207 3181 1372 3252 igitur
1395 3181 1656 3237 eximium
1691 3194 1775 3237 est
1799 3183 1853 3237 in
1877 3199 1944 3238 eo

367 3279 661 3332 secundum
689 3285 935 3328 naturam
983 3273 1134 3328 Deo?
1190 3273 1325 3342 quid
1373 3288 1625 3343 magnum
1671 3283 1729 3327 et
1778 3287 1946 3343 supra

371 3381 490 3432 nos,
521 3365 566 3421 si
600 3363 686 3421 l‘zs
705 3375 789 3421 est
814 3373 1124 3420 creaturam
1153 3365 1236 3419 his
1273 3365 1433 3420 bonis
1459 3380 1582 3435 quae
1611 3365 1729 3433 ipse
1757 3365 1940 3432 habet,

369 3469 427 3514 et
480 3460 697 3529 quidem
746 3458 1200 3523 substantialiter,
1252 3471 1416 3526 posse
1471 3456 1822 3525 locupletari?
1871 3457 1949 3511 At

371 3552 516 3606 enim
555 3551 868 3620 dignitatem
918 3559 1176 3619 tanquam
1227 3550 1552 3619 participata
1602 3551 1837 3604 fortasse
1873 3548 1948 3603 di-

373 3645 496 3698 vina
541 3642 856 3696 excellentia
911 3642 1080 3709 gessit
1127 3641 1358 3710 :.igitur
1395 3641 1500 3695 duo
1548 3655 1739 3696 rursus
1786 3649 1949 3695 erunt

375 3736 562 3805 procul
609 3734 772 3790 dubio
843 3735 936 3790 ﬁlii
973 3773 990 3802 ,
1033 3734 1307 3804 siquidem
1374 3748 1564 3788 verum
1635 3740 1720 3792 est
1761 3736 1829 3788 ab
1881 3746 1949 3786 eo

376 3827 517 3897 quod
563 3826 1028 3897 participationem
1065 3826 1396 3896 impertitur,
1440 3826 1713 3880 diversum
1750 3839 1869 3880 esse
1896 3833 1952 3878 et

377 3921 600 3976 inferius
636 3920 930 3976 secundum
965 3926 1241 3982 naturam,
1287 3917 1340 3972 iii
1373 3916 1519 3987 quod
1552 3917 1672 3971 ideo
1715 3915 1952 3970 hunora-

378 4023 485 4080 tur,
520 4012 644 4083 quia
698 4013 765 4066 ad
805 4012 980 4079 ipsum
1031 4009 1345 4064 relationem
1380 4009 1562 4064 habet.
1603 4007 1955 4062 Convinceris

376 4121 506 4175 ergo
533 4120 599 4160 ne
633 4119 694 4158 ea
725 4103 943 4171 quidem
973 4101 1116 4156 scire
1144 4115 1266 4170 quae
1297 4099 1456 4154 dicis.
1488 4098 1600 4152 Cur
1641 4104 1820 4150 autem
1859 4109 1955 4151 eos

379 4209 606 4249 accusas
631 4192 721 4262 qui
745 4205 904 4246 voces
933 4191 988 4245 in
1021 4189 1332 4261 Evangeliis
1361 4188 1564 4260 positas
1586 4187 1678 4242 uni
1714 4199 1954 4255 persona

382 4281 667 4337 tribuunt?
687 4284 882 4335 Annon
908 4280 1049 4346 ideo,
1099 4279 1223 4348 quia
1249 4294 1386 4333 novo
1407 4293 1557 4333 more
1585 4277 1719 4332 duos
1744 4275 1954 4330 inducis

2044 3100 2318 3172 ἐνδέχεται
2375 3099 2474 3169 τὴν
2525 3097 2702 3150 κτίσιν
2751 3094 3148 3148 καταπλουτεῖν
3196 3091 3480 3154 δύνασθαι,
3529 3091 3625 3144 καὶ

2044 3191 2201 3246 τοῦτο
2231 3190 2527 3256 οὑσιωδῶς,
2569 3189 2638 3242 τὰ
2670 3191 2728 3242 ὲν
2767 3181 2848 3250 οἷς
2891 3188 3039 3239 ἐστιν
3068 3185 3281 3254 ἀγαθά;
3325 3185 3440 3239 ἀλλ’
3461 3186 3536 3250 ὡς
3566 3187 3624 3238 ἐν

2048 3283 2262 3353 μεθέξει
2310 3263 2412 3351 τῆς
2456 3280 2607 3342 Θείας
2655 3278 2816 3348 τυχὸν
2865 3277 3142 3347 ὑπεροχῆς
3193 3276 3473 3346 πεφόρηκε
3527 3275 3624 3346 τὴν

2046 3371 2238 3436 ἀξίανς
2271 3369 2375 3422 Δύο
2408 3369 2472 3439 δὴ
2504 3368 2668 3422 πάλιν
2705 3365 3091 3435 ἀναμφιλόγως
3121 3366 3249 3428 υἱοὶ,
3280 3365 3439 3437 εἴπερ
3477 3367 3624 3420 ἐστὶν

2046 3464 2264 3534 ἀληθὲς,
2302 3464 2378 3522 ὡς
2404 3461 2589 3532 ἕτερόν
2629 3478 2701 3525 τι,
2731 3461 2824 3513 καὶ
2853 3458 3073 3513 ἔλαττον
3109 3459 3251 3512 κατὰ
3295 3458 3455 3528 φύσιν
3485 3460 3624 3525 ἐστὶ,

2046 3556 2142 3612 τοῦ
2187 3557 2286 3627 τὴν
2336 3555 2551 3625 μέθεξιν
2603 3553 2963 3625 ἐμποιοῦντος
3013 3552 3194 3623 αὑτῷ,
3237 3553 3297 3606 τδ
3336 3555 3516 3625 σχέσει
3557 3559 3623 3627 τῇ

2049 3644 2184 3714 πρὸς
2217 3643 2379 3697 αὑτὸν
2420 3643 2733 3714 τιμώμενον
2756 3659 2769 3673 ο
2801 3643 2985 3713 ἀλώσῃ
3019 3643 3082 3713 δὴ
3114 3638 3207 3697 οὖν
3235 3644 3356 3696 οὑδὲ
3397 3645 3554 3709 εἰδὼς
3589 3646 3628 3701 ἀ

2048 3735 2250 3803 λέγεις.
2289 3735 2453 3805 Αἰτιᾷ
2489 3734 2546 3788 δὲ
2578 3733 2695 3786 ἀνθ’
2717 3735 2840 3787 ὅτου
2877 3735 3004 3798 τοὺς
3034 3735 3116 3788 ἑνὶ
3155 3735 3428 3807 προσώπῳ
3460 3753 3628 3808 προσ-
3741 3757 3746 3761 ’

2050 3825 2314 3895 νέμοντας
2348 3823 2446 3887 τὰς
2487 3826 2544 3879 έν
2585 3826 2696 3888 τοῖς
2721 3826 3073 3892 Εὑαγγελιοις
3108 3827 3322 3893 φωνάς;
3349 3822 3474 3899 Ἆρ’
3505 3829 3626 3900 οὐχὶ

2051 3913 2144 3969 δύο
2184 3913 2520 3984 καινοτομῶν
2549 3914 2728 3979 υἰοὺς;
2756 3915 2879 3978 Πῶς
2907 3915 3016 3986 γὰρ
3047 3915 3128 3969 ἔτι
3157 3919 3363 3988 Κύριος
3399 3914 3498 3984 εἷς,
3531 3921 3628 3976 καὶ

2052 4005 2305 4077 Χριστὸς,
2332 4006 2428 4058 καὶ
2458 4004 2608 4068 Υἱὸς,
2633 4005 2683 4058 εί
2725 4005 3017 4076 πρόσωπον
3045 4007 3210 4062 ἰδικὸν
3238 4009 3501 4080 ἑκατέρῳ,
3533 4013 3628 4065 καὶ

2054 4094 2232 4163 λόγος,
2277 4095 2370 4149 καὶ
2406 4094 2511 4166 μὴν
2555 4095 2652 4148 καὶ
2701 4095 3033 4166 ὑπόστασις,
3079 4098 3433 4168 ἀναχωροῦσα
3484 4101 3625 4170 πρὸς

2054 4187 2369 4258 ἑτερότητα,
2397 4188 2490 4241 καὶ⁸
2519 4186 2579 4240 τὸ
2605 4187 2704 4257 τῆς
2731 4186 2967 4257 ἀληθοῦς
2993 4188 3237 4252 ένώσεως
3266 4190 3456 4260 χρῆμα
3485 4209 3625 4262 παρ-

2056 4277 2385 4348 αιτουμένη,
2437 4276 2531 4332 καὶ
2581 4276 2643 4330 τὸ
2699 4276 3015 4348 ἀσύμϐατον
3065 4279 3370 4349 όλοτρόπως
3432 4281 3627 4350 ἔχουσα

385 4371 562 4428 ﬁlios?
604 4370 738 4425 Nam
773 4342 1044 4440 quomodo
1072 4342 1211 4424 unus
1238 4370 1349 4440 jam
1393 4368 1670 4434 Dominus,
1711 4375 1763 4422 et
1793 4365 1946 4422 Chri-

2061 4369 2198 4438 πρὸς
2215 4342 2319 4439 ⁷τὴν
2340 4342 2574 4439 ⁷ἐτέραν;
2599 4367 2709 4421 Καὶ
2736 4367 2796 4420 τό
2811 4342 2888 4436 *γε
2927 4342 3226 4440 παράδοξον
3266 4371 3359 4424 καὶ
3384 4342 3492 4424 τῶν
3530 4374 3629 4428 αὑ-

380 4476 498 4521 sltts
526 4473 579 4517 et
607 4461 774 4516 Filius
794 4461 918 4525 erit,
939 4463 985 4516 si
1007 4461 1221 4530 utrique
1243 4476 1337 4516 sua
1366 4475 1592 4529 persona
1611 4468 1693 4516 est
1720 4470 1774 4514 et
1795 4461 1957 4525 ratio,

381 4555 491 4627 36
505 4565 665 4625 atque
685 4553 844 4608 etiam
865 4553 1188 4624 hypostasis,
1208 4553 1273 4607 ad
1297 4553 1660 4608 diversitatem
1678 4553 1955 4618 secedens,

382 4660 437 4704 et
467 4663 578 4702 rem
607 4661 746 4699 verte
781 4645 994 4699 unionis
1039 4661 1316 4711 recusans,
1346 4654 1400 4699 et
1430 4661 1548 4714 qua:
1586 4646 1804 4703 omnino
1829 4659 1952 4700 cum

384 4741 551 4795 altera
588 4739 879 4794 convenire
915 4754 1021 4791 non
1054 4737 1266 4807 possit?
1297 4737 1558 4806 Quodque
1585 4737 1674 4792 vix
1698 4736 1956 4793 credibile

383 4842 490 4898 est,
538 4843 591 4886 ct
643 4830 761 4904 ejus
812 4829 1263 4898 blasphemiarum
1315 4830 1702 4898 turpitudinem
1748 4829 1950 4898 prodit,

384 4923 688 4976 communia
721 4919 852 4975 dicit
893 4933 1015 4973 esse
1063 4920 1175 4974 haec
1219 4919 1454 4985 nomina,
1500 4919 1670 4976 Filius
1710 4921 1950 4990 inquam,

383 5022 438 5067 et
461 5012 734 5076 Christus,
765 5023 818 5067 et
851 5011 1108 5065 Dominus
1136 5030 1149 5066 :
1184 5025 1303 5080 qua:
1343 5011 1388 5066 si
1430 5012 1501 5065 ita
1532 5010 1836 5067 communia
1865 5011 1952 5066 di-

384 5101 480 5164 cit,
511 5107 570 5154 ut
604 5104 692 5154 nni
725 5101 966 5169 Christo,
992 5112 1044 5158 et
1069 5101 1389 5172 quibusdam
1414 5113 1609 5172 praeter
1633 5103 1806 5172 ipsum
1835 5103 1954 5158 aliis

383 5188 731 5254 conreniant,
760 5204 868 5244 non
894 5191 1126 5247 absurda
1156 5191 1272 5262 ejus
1299 5193 1402 5246 erit
1422 5192 1617 5246 oratio.
1651 5192 1744 5246 Sin
1781 5194 1954 5261 impc-

387 5279 488 5331 rite
526 5277 804 5346 disjungit,
836 5287 1092 5349 putatque
1121 5296 1184 5337 ea
1224 5281 1516 5337 convenire
1549 5288 1602 5336 et
1643 5281 1746 5350 ipsi
1778 5279 1954 5336 Verbo

385 5367 661 5436 privatim,
684 5373 738 5420 et
763 5365 836 5421 illi
866 5382 929 5422 ex
962 5370 1187 5427 muliere
1227 5372 1374 5438 lilio;
1411 5371 1518 5430 duo
1547 5371 1703 5444 plane
1739 5388 1952 5431 rursum

455 5543 495 5574 ⁹¹
523 5540 626 5599 lsa.
650 5556 779 5611 nn,
812 5541 865 5598 8.
947 5542 1002 5616 ,⁹¹
1024 5541 1169 5600 Psal.
1201 5559 1464 5617 Lxxxvm,
1503 5547 1556 5604 7.

2061 4460 2155 4512 τοῦ
2184 4459 2504 4530 δυσφημιῶν
2541 4460 2838 4530 ἀποφαῖνον
2866 4461 2962 4532 τὴν
2989 4461 3302 4532 βδελυρίαν’
3337 4463 3488 4518 κοινά
3528 4482 3629 4536 (gr,-

2063 4567 2146 4604 σιν
2185 4545 2325 4604 εἶναι
2357 4549 2425 4604 τὰ
2467 4551 2728 4620 ὀνόματα,
2776 4553 2836 4603 τό
2871 4569 2930 4605 τε
2973 4553 3128 4619 Υἱὸς,
3153 4552 3318 4623 φημὶ,
3361 4555 3453 4608 καὶ
3498 4556 3632 4624 Χρι-

2062 4642 2184 4706 στὸς
2223 4643 2318 4696 καὶ
2356 4642 2595 4714 Κύριοςο
2627 4644 2720 4697 καί
2749 4645 2798 4695 εἰ
2838 4643 2936 4713 μὲν
2964 4639 3100 4697 εἶναι
3145 4645 3302 4698 κοινά
3352 4662 3514 4715 φησιν
3557 4647 3632 4710 ώς

2061 4729 2142 4786 ἑνί
2171 4732 2248 4804 τῷ
2278 4732 2517 4804 Χριστῷ,
2547 4733 2639 4786 καί
2668 4751 2777 4786 τισι
2809 4735 2936 4805 παρ’
2965 4734 3128 4788 αὑτὸν
3153 4735 3381 4804 ἑτέροις,
3423 4735 3537 4804 ἔχοι
3567 4735 3632 4789 ἂν

2057 4824 2202 4887 εἰκὸς
2237 4824 2265 4876 ὁ
2297 4823 2452 4892 λόγος
2483 4823 2648 4894 αὑτῷ.
2692 4825 2754 4882 Εἰ
2783 4824 2841 4880 δὲ
2873 4825 3138 4896 διῖστησιν
3183 4826 3431 4896 ἀμαθῶς,
3463 4825 3633 4878 οἴεταί

2059 4932 2116 4968 τε
2151 4913 2380 4986 πρέπειν
2417 4915 2557 4970 αὑτά
2591 4916 2684 4970 καὶ
2724 4917 2904 4979 ἰδικῶς
2941 4917 3019 4986 τῷ
3045 4917 3222 4986 Λόγῳ,
3266 4917 3360 4970 καί
3405 4917 3511 4985 μὴν
3561 4917 3634 4984 τῷ

2060 5005 2125 5057 ὲκ
2165 5005 2440 5074 γυναικὸς,
2467 5005 2561 5059 δύο
2604 5024 2706 5059 που
2735 5007 2953 5072 πάντως
2997 5008 3158 5060 πάλιν
3198 5008 3293 5061 καὶ
3331 5007 3634 5077 ἀναμφιλὸ-

2057 5115 2168 5166 γως
2197 5099 2445 5168 Χριστοι,
2477 5099 2570 5151 καί⁵
2604 5099 2746 5164 Υἱοὶ,
2776 5101 2871 5153 καί
2905 5099 3118 5170 Κύριοι·
3145 5100 3248 5170 ἔφη
3289 5101 3419 5172 γὰρ,
3454 5101 3536 5154 ὅτι
3574 5099 3634 5151 τὸ

2057 5191 2289 5260 Χριστὸς
2319 5190 2508 5261 ὄνομα,
2544 5191 2674 5244 ποτὲ
2714 5192 2812 5260 μὲν
2865 5192 3048 5248 θετέον
3094 5194 3189 5246 ἐπὶ
3233 5193 3333 5263 τῆς
3380 5191 3630 5260 θεότητος

2059 5283 2250 5353 αὐτῆς,
2283 5283 2411 5336 ποτὲ
2441 5283 2499 5337 δὲ
2529 5284 2623 5338 καὶ
2648 5285 2741 5338 ὲπί
2768 5285 2864 5357 τῆς
2890 5285 3324 5356 ἀνθρωπότητος,
3358 5283 3391 5354 ἡ
3427 5281 3522 5336 καὶ
3548 5282 3627 5333 ἐπ’

2057 5375 2293 5444 ἀμφοῖν·
2330 5375 2574 5448 ὀνήσειεν
2603 5377 2649 5431 δ’
2674 5377 2740 5432 ἂν
2769 5379 2802 5448 ἡ
2832 5377 3120 5450 ὁμωνυμία
3155 5377 3217 5431 τὸ
3259 5374 3504 5446 σύμπαν,
3544 5371 3628 5426 οὺ-
