4004 6202
264 225 340 283 69
1424 218 1801 275 ADVERSUS
1840 218 2244 277 NESTORIUM
2285 220 2414 276 LlB.
2458 215 2524 275 il.
3493 225 3559 279 7d

261 348 391 414 δέθ,
417 345 502 408 εἷς
540 361 603 413 γε
644 341 707 397 τὸ
743 342 857 395 δεῖν
897 340 993 395 ἕνα
1029 338 1267 395 νοεῖσθαι
1313 341 1572 411 Χριστὸν.
1612 340 1706 395 καὶ
1736 340 1863 394 Υἱὺν

1988 350 2045 397 et
2076 342 2215 397 citra
2243 340 2637 397 dubitationem
2662 349 2823 397 erunt
2852 339 3079 407 Christi,
3122 348 3172 396 et
3207 339 3356 405 Filii,
3389 348 3441 396 et
3465 341 3571 398 Do-

268 439 376 492 καὶ
410 435 641 506 Κύριον,
675 419 950 504 τέμνοντα
978 430 1104 501 δίχα
1144 429 1243 483 τοῦ
1286 432 1384 484 καὶ
1420 431 1588 495 αὑτᾶς
1630 431 1869 501 ἀλλήλων

1986 432 2140 487 mini.
2194 432 2339 488 Dixit
2382 433 2527 488 enim
2576 431 2781 487 Christi
2827 447 3023 489 nomen
3067 447 3453 501 nonnunquam
3504 433 3571 486 tle

264 528 375 590 τὰς
412 525 754 585 ὑποστάσεις
780 521 1085 590 άποιροιτᾷν
1109 535 1121 548 ·
1152 520 1248 573 καὶ
1275 521 1359 582 εὶς
1389 520 1560 592 ἰδικὴν
1589 522 1869 592 ἑτερότητα

1986 522 2101 593 ipsa
2144 522 2445 586 divinitate,
2497 536 2882 590 nonnunquam
2939 525 3006 578 de
3060 522 3423 587 humanitate,
3478 533 3569 577 aut

265 618 389 671 τῶν
433 616 747 687 προσώπων
794 611 1221 682 διεσταλμένων.
1266 611 1518 681 Ἐμφανῆ
1555 612 1663 681 γὰρ
1690 613 1869 685 ὥσπερ

1984 614 2150 668 etiam
2184 612 2251 667 de
2285 621 2515 681 utroque
2563 613 2991 682 intelligendum.
3036 610 3094 666 ln
3132 613 3443 668 universum
3472 627 3570 668 au~

268 713 417 781 ἡμῖν
468 707 745 771 καθιστάς
788 709 887 776 τῆς
937 705 1170 776 ἐνούσης
1218 702 1369 774 αὐτῷ
1417 704 1726 776 δυσμαθίας
1781 706 1869 778 sip

1983 714 2093 759 tem
2123 703 2255 758 nihil
2282 704 2611 758 dividentem
2643 704 2845 773 iuverit
2865 706 3104 771 eiusdem
3136 706 3370 759 nominis
3397 707 3570 774 aequi.

269 802 535 871 δύναμιν,
574 799 925 871 προσεπάγει
956 797 1052 851 καί
1084 810 1267 867 φησιν’
1466 839 1472 845 .

1981 797 2196 851 vocatio
2220 796 2273 850 in
2298 797 2424 861 hoc,
2456 804 2513 850 ut
2543 811 2682 851 unus
2716 796 2968 851 Christus
2998 796 3355 865 intelligatur,
3377 807 3435 851 et
3462 796 3568 851 ‘Fi-

272 899 404 955 lius.
441 908 501 951 et
526 895 813 958 Dominus,
846 894 1062 947 etiamsi
1109 893 1238 961 ipsae
1300 891 1625 962 hypostases
1680 891 1912 948 invicem
1946 892 2212 962 sejunctte
2275 907 2384 947 non
2421 892 2552 955 sint,
2594 906 2658 948 ac
2704 907 2948 962 personis
2994 894 3210 961 propria
3257 893 3569 948 diversitate

275 989 581 1046 distinctae.
616 984 689 1039 Ut
716 986 865 1039 enim
896 1000 1009 1039 suae
1039 985 1193 1039 nobis
1232 983 1521 1052 imperitiae
1550 985 1658 1038 vim
1689 989 1965 1054 ostendat,
1993 985 2239 1055 adiungit
2265 994 2321 1041 et
2346 987 2422 1040 ait
2459 1003 2475 1041 :

353 1080 555 1154 [Ὅταν
590 1074 683 1133 οὖν
708 1081 743 1150 ἡ
775 1077 897 1133 θεία
920 1078 1112 1150 rma
1147 1076 1316 1148 μέλλῃ
1338 1075 1598 1148 λέγεινιῆ
1633 1077 1869 1150 γέννησιι

2059 1079 2324 1153 [Νεετοιι.
2368 1080 2471 1137 Ubi
2494 1082 2658 1152 igitur
2688 1096 2858 1138 sacra
2880 1078 3099 1136 Litterae
3122 1081 3205 1137 vel
3232 1083 3568 1138 nativitatem

280 1172 383 1226 τοῦ
417 1169 655 1244 Χριστοῦ
694 1170 791 1241 τὴν
822 1171 889 1222 ἐκ
923 1170 1024 1240 τῆς
1054 1168 1330 1240 μακαρίας
1362 1167 1666 1241 Παρθένου,
1714 1170 1869 1241 ῆτθά·

1985 1171 2191 1232 Christi
2225 1174 2291 1228 de
2319 1173 2476 1230 beata
2500 1172 2728 1244 Virgine
2755 1183 2851 1229 aut
2879 1173 2997 1244 ejus
3019 1183 3248 1229 mortem
3269 1183 3567 1244 exponunt,

288 1281 479 1330 νατον,
510 1260 734 1330 οὐδαμοῦ
774 1260 1030 1329 φαίνεται
1057 1259 1274 1314 τιθεῖσα
1294 1297 1312 1324 ,
1352 1258 1507 1325 Θεὸς,
1537 1261 1713 1334 ἀλλ’ἢ
1747 1264 1869 1337 Χρι-

1983 1282 2245 1337 nusquam
2264 1277 2471 1337 ponunt
2487 1267 2678 1332 Deum,
2701 1267 2796 1322 sed
2817 1266 2900 1321 vel
2921 1268 3217 1332 Christum,
3244 1269 3325 1321 vel
3347 1267 3565 1333 Filium,

293 1357 439 1419 στὸς,
476 1355 506 1424 ἦ
540 1354 682 1419 Υἱὸς,
709 1353 742 1423 ἦ
780 1352 1008 1421 Κύριος.
1048 1351 1273 1420 Ἐπειδὴ
1299 1350 1478 1406 ταῦτα
1508 1353 1579 1407 τά
1605 1354 1737 1426 τρία
1764 1356 1869 1410 τῶν

1985 1358 2066 1414 vel
2085 1358 2404 1426 Dominum;
2433 1374 2556 1413 nam
2579 1360 2693 1413 haec
2713 1358 2814 1413 tria
2838 1358 2973 1413 duas
2994 1368 3218 1412 naturas
3236 1358 3564 1429 signiﬁcant,

286 1449 383 1501 δύο
420 1446 637 1517 φύσεων
670 1447 778 1499 εἰσι
810 1445 1134 1516 σημαντικά
1155 1459 1169 1473 ·
1195 1444 1327 1499 ποτε
1359 1445 1459 1516 μὲν
1485 1445 1714 1519 ταύτης,
1738 1449 1869 1503 ποτέ

1978 1464 2122 1506 nunc
2162 1450 2326 1516 hanc,
2376 1465 2525 1505 nunc
2577 1449 2754 1514 illam;
2804 1463 2947 1505 nunc
2984 1457 3041 1503 et
3084 1452 3224 1504 hanc
3266 1458 3321 1502 et
3370 1448 3561 1515 illam;

288 1543 337 1595 δ’
373 1543 614 1611 ἐκείνης.
661 1540 794 1593 ποτὲ
822 1540 881 1594 δὲ
914 1542 1122 1610 ταύτης
1159 1541 1453 1612 κάκείνης·
1484 1539 1597 1598 οἷόν
1631 1561 1684 1598 τι
1716 1544 1879 1614 λέγω,

281 1636 412 1687 ὅταν
441 1634 543 1703 τὴν
572 1633 634 1699 ἐξ
672 1631 906 1703 οὐρανοῦ
936 1632 1196 1704 γέννησιν
1230 1634 1365 1703 ἡμῖν
1391 1635 1426 1704 ἡ
1456 1633 1649 1707 Γραφὴ
1690 1636 1883 1707 διηγῆ-

1983 1540 2134 1595 verbi
2158 1540 2354 1610 gratia,
2379 1555 2501 1597 cum
2524 1541 2674 1595 illam
2699 1556 2729 1595 e
2753 1540 2890 1597 celo
2913 1541 3253 1595 nativitatem
3285 1539 3564 1611 Scriptura

1984 1632 2140 1688 nobis
2153 1632 2395 1702 exponit,
2413 1632 2546 1700 quid
2563 1633 2642 1687 ait
2657 1632 2681 1686 ?
2697 1631 2843 1686 Misit
2872 1632 3014 1688 Deus
3027 1630 3222 1686 Filium
3239 1647 3396 1686 suum
3420 1650 3436 1699 ;
3457 1647 3589 1695 non,

282 1744 396 1792 ται,
434 1724 485 1778 τί
517 1726 701 1794 λέγεις
742 1724 1162 1791 Ἐξαπέστειλεν
1188 1726 1217 1778 ὀ
1248 1723 1381 1789 Θεὸς
1409 1725 1501 1779 τὸν
1534 1726 1663 1781 Υἱὸν
1688 1728 1869 1782 αὐτοῦ.

1980 1734 2160 1779 autem
2190 1739 2207 1778 :
2244 1722 2395 1779 Misit
2421 1724 2561 1780 Deus
2575 1724 2741 1778 Deum
2779 1721 3037 1789 Verbum,
3067 1723 3161 1777 sed
3187 1738 3385 1779 nomen
3399 1724 3566 1778 sumit

284 1816 403 1873 Οὐκ
424 1812 599 1883 εἶπεν,
616 1815 1035 1882 Ἐξαπέστειὶεν
1056 1817 1085 1868 ὁ
1100 1814 1234 1879 Θεὸς
1257 1815 1351 1870 τὸν
1374 1815 1507 1870 Θεὸν
1528 1818 1721 1887 Λόγον*
1744 1818 1882 1873 ἀλλὰ

283 1907 552 1979 Μμὸὼιει
590 1908 654 1960 τὸ
696 1908 867 1978 ὄνομα
899 1906 960 1959 τὸ
999 1906 1208 1976 μηνῦον
1245 1906 1348 1970 τὰς
1399 1906 1594 1976 φύσεις
1625 1908 1727 1974 τὰς
1762 1910 1876 1965 δύο.

296 2001 517 2070 Ἐπειδὴ
547 2000 658 2070 γὰρ
686 2001 715 2053 ό
742 1999 877 2063 Υἱὸς
906 1998 1198 2068 ἄνθρωπός
1226 1986 1344 2051 ἐστι
1375 1999 1470 2053 καὶ
1502 1999 1656 2065 Θεὸς,
1690 2000 1839 2071 λέγει
1863 2018 1878 2032 ⁸

297 2107 317 2138 ι
350 2089 763 2155 Ἐξαπέστειλεν
785 2090 879 2143 τὸν
925 2088 1055 2141 Υἱὸν
1099 2085 1268 2140 αὑτοῦ
1315 2087 1657 2159 γεννώμενον
1683 2091 1748 2144 ἐκ
1777 2108 1879 2160 γυ-

303 2180 521 2241 ναικὸς·
552 2199 572 2231 ι
605 2179 695 2233 ἵνα
736 2181 863 2232 ὅταν
906 2176 1149 2249 ἀκούσῃς
1188 2177 1252 2230 τὸ
1299 2176 1640 2247 γεννώμενον
1668 2179 1737 2232 ὲκ
1774 2196 1878 2248 γυιο

313 2267 524 2330 sua.th
544 2261 657 2319 εἶτα
677 2268 785 2339 ἴδῃς
810 2268 872 2320 τὸ
892 2266 1059 2337 ὄνομα
1083 2266 1443 2338 προκείμενον
1463 2267 1525 2320 τὸ
1550 2269 1755 2339 μηνῦον
1776 2268 1878 2334 τὰς

317 2357 512 2426 φύσεις
544 2360 635 2421 τὰς
658 2358 763 2424 δύο,
792 2360 880 2412 ἵνα
908 2360 1005 2431 τὴν
1035 2359 1291 2430 γέννησιν
1329 2362 1430 2428 τὴν
1463 2360 1529 2413 ἐκ
1557 2361 1655 2430 τῆς
1697 2376 1878 2431 μακα-

308 2446 443 2517 ρίας
475 2447 775 2518 Παρθένου,
793 2450 924 2502 Υἱοῦ
955 2450 1068 2520 μὲν,
1083 2448 1255 2520 καλῇς
1277 2465 1289 2478 ⁸
1322 2448 1450 2501 Υἱὸν
1479 2449 1588 2519 γάρ
1612 2450 1874 2521 ἐγέννησε

294 2536 438 2590 Θεοῦ
503 2541 603 2590 καὶ
638 2542 670 2609 ἡ
703 2540 1051 2610 Χριστοτόιος
1072 2540 1358 2611 Παρθένος.
1398 2539 1539 2593 Ἀλλ’
1568 2541 1865 2611 ἐπειδήπερ

1984 1814 2127 1886 quod
2152 1815 2289 1871 duas
2315 1824 2539 1871 naturas
2564 1815 2933 1873 indicatmam
2955 1815 3079 1885 quia
3108 1814 3275 1870 Filius
3301 1815 3462 1868 homo
3479 1823 3564 1868 est

1982 1921 2046 1962 ac
2079 1906 2245 1974 Deus,
2276 1908 2492 1983 inquit:
2515 1925 2536 1959 ι
2574 1907 2929 1963 MisitFilium
2960 1922 3116 1962 suum
3151 1915 3335 1961 natum
3363 1920 3429 1960 ex
3447 1919 3559 1958 mu-

1980 1997 2115 2054 liere
2140 1999 2221 2064 υς
2247 2016 2266 2051 ι
2292 2009 2488 2055 utcum
2516 1999 2778 2066 audieris,
2811 2009 2997 2067 notum
3021 2013 3088 2054 ea
3116 1997 3361 2062 muliere,
3384 1996 3562 2051 conti-

1981 2102 2090 2145 nuo
2109 2087 2294 2143 videas
2309 2089 2654 2157 praepositum
2679 2103 2875 2144 nomen
2895 2088 3039 2158 quod
3071 2088 3207 2142 duas
3237 2095 3462 2143 naturas
3482 2087 3564 2141 in-

1981 2178 2149 2241 dicat,
2183 2186 2240 2233 ut
2274 2178 2614 2233 nativitatem
2644 2193 2713 2233 ex
2743 2179 2900 2235 beata
2935 2177 3154 2251 Virgine
3178 2179 3298 2234 Filii
3332 2192 3454 2233 esse
3481 2179 3564 2233 di-

1979 2282 2097 2333 cas;
2118 2283 2242 2323 nam
2270 2268 2365 2325 Dei
2389 2268 2583 2326 Filium
2607 2270 2973 2338 genuitetiam
2996 2271 3085 2326 illa
3109 2269 3310 2326 Christi
3326 2269 3562 2338 genitrix

1981 2360 2163 2431 Virgo.
2198 2361 2304 2417 Sed
2329 2362 2454 2432 quia
2482 2361 2578 2418 Dei
2601 2363 2773 2420 Filius
2789 2364 2983 2435 duplex
3017 2373 3103 2420 est
3147 2364 3439 2419 secundum
3468 2379 3563 2416 na-

1979 2456 2156 2515 turas,
2182 2453 2370 2520 genuit
2410 2452 2826 2519 humanitatem,
2857 2469 2978 2524 qute
3030 2463 3116 2509 est
3157 2453 3300 2507 (ilius
3341 2463 3562 2522 propter

1975 2543 2318 2612 coniunctum
2352 2543 2453 2597 sibi
2490 2543 2736 2616 Filium]

288 2629 318 2680 ὁ
352 2628 485 2693 Υἱὸς
510 2630 609 2682 τοῦ
640 2630 785 2683 Θεοῦ
807 2631 1030 2694 διπλοῦς
1053 2635 1160 2684 ἐστι
1186 2632 1284 2695 τὰς
1305 2631 1519 2701 φύσεις,
1547 2631 1805 2702 ἐγέννησε
1832 2631 1954 2703 [οὐκ
1988 2632 2270 2704 ἐγέννησε]
2305 2633 2405 2705 μὲν
2434 2633 2526 2689 τὸν
2555 2635 2685 2691 Υἱδν
2723 2632 2819 2688 τοῦ
2850 2632 3008 2701 Θεοῦ,
3030 2633 3146 2689 ἀλλ’
3175 2634 3432 2706 ἐγέννησε
3460 2634 3560 2708 τὴν

286 2721 709 2795 ἀνθρωπὸτητα,
728 2725 857 2795 ἥτις
880 2727 1035 2779 ἐστὶν
1053 2726 1179 2793 υἱὸς,
1204 2728 1295 2783 διὰ
1321 2727 1412 2782 τὸν
1440 2728 1786 2800 συνημμένον
1807 2726 1987 2801 Υἱόν.1

897 2866 1149 2923 ΚΕΦΔΛ.
1183 2868 1260 2925 B'.

1864 2946 1890 2976 Α

368 2997 506 3053 Ἀλλ’
540 2998 702 3069 ἡμεῖς
729 3013 818 3065 γε,
854 2990 901 3051 ὦ
929 2998 1067 3062 ’τᾶν,
1090 3001 1142 3053 οἱ
1173 3000 1282 3054 τῶν
1317 3000 1425 3055 σῶν
1462 3002 1871 3074 τερετισμάτων

283 3088 358 3142 τὰ
394 3086 605 3158 ἀμείνω
637 3089 853 3157 φρονεῖν
882 3088 1212 3156 ἐγνωκότες·
1246 3091 1342 3145 καὶ
1372 3090 1475 3161 τῆς
1507 3091 1870 3148 θεοπνεύστου

286 3179 521 3250 Γραφῖκ
565 3178 970 3249 ἰχνηλατοῦντες
1008 3181 1102 3235 τὸν
1133 3183 1338 3253 κόσμον
1368 3180 1479 3255 [Im
1506 3182 1752 3256 σκοπὸν],
1777 3184 1873 3237 ἕνα

288 3269 557 3340 λεγούσης
595 3269 687 3323 τὸν
720 3269 942 3341 Πατέρα
975 3271 1071 3324 καὶ
1096 3272 1228 3327 Θεὸν
1269 3272 1329 3337 ἐξ
1357 3264 1418 3325 οὗ
1444 3272 1513 3326 τὰ
1547 3275 1747 3340 πάντα,
1779 3275 1874 3328 καὶ

285 3363 381 3417 ἕνα
422 3362 623 3435 Κύριον
656 3362 867 3433 Ἰησοῦν
912 3362 1171 3433 Χριστὸν,
1203 3363 1270 3417 δι’
1299 3357 1361 3419 οὗ
1392 3364 1461 3420 τά
1500 3365 1679 3420 πάντα
1725 3382 1870 3438 παρ-

284 3455 427 3527 ήχθη
479 3454 611 3525 πρὸς
659 3455 897 3523 γένεσιν,
943 3455 1073 3508 ὅταν
1117 3454 1439 3525 ἀκούσωμεν
1468 3457 1534 3511 ἐκ
1577 3457 1675 3529 τῆς
1707 3457 1872 3526 ἁγίας

287 3546 561 3617 Παρθένου
611 3545 976 3616 γεγεννῆσθαι
1027 3545 1291 3618 Χριστὸν,
1331 3548 1455 3600 τότε
1486 3544 1573 3618 δὴ,
1607 3547 1728 3600 τότε
1775 3549 1872 3602 καὶ

291 3638 434 3707 μάλα
484 3639 801 3709 ἐμφρόνως,
833 3636 930 3691 καὶ
963 3638 1087 3691 κατ’
1114 3636 1243 3690 εὐθὺ
1281 3637 1381 3710 τῆς
1428 3637 1687 3709 ἀληθείας
1730 3639 1869 3694 ἱέναι

293 3730 706 3794 σπουδάζοντες,
742 3728 833 3782 τὸν
861 3730 927 3782 ἐκ
957 3727 1091 3782 Θεοῦ
1124 3728 1337 3799 Πατρὸς
1372 3728 1547 3798 φύντα
1574 3729 1746 3797 Λόγον
1784 3731 1870 3783 ἐν·

294 3821 646 3895 ανθρωπῆσαί
690 3822 756 3891 γέ
802 3837 1005 3893 φαμεν,
1062 3822 1157 3874 καὶ
1204 3820 1472 3891 ἐνωθῆναι
1536 3822 1700 3892 σαρκὶ
1744 3821 1867 3875 καθ’

295 3916 610 3976 ὑπόστασιν,
638 3913 963 3985 γεννηθῆναξ
990 3930 1049 3967 τε
1078 3912 1219 3969 κατὰ
1261 3914 1438 3984 σάρκα
1457 3929 1472 3944 ·
1501 3914 1598 3967 καὶ
1636 3914 1734 3985 τῆς
1769 3915 1869 3987 σῆς

302 4008 382 4069 εἰς
412 4005 571 4057 τοῦτο
592 4006 867 4076 τερθρείας
895 4006 995 4058 οὐκ
1028 4002 1329 4074 ἀνεξόμεθα
1351 4021 1365 4036 ·
1397 4004 1477 4059 ἐνὶ
1506 4003 1563 4059 δὲ
1595 4004 1689 4057 κα).
1720 4005 1868 4077 μόνῳ

302 4096 387 4167 τῷ
434 4096 574 4149 κατὰ
616 4095 761 4165 φύσιν
792 4095 907 4168 Υἰῷ
951 4095 1014 4148 τὸ
1053 4095 1287 4167 Χριστὸς
1320 4094 1491 4165 ὅνομα
1534 4096 1870 4167 προσνεμοῦο

2646 2865 2797 2923 CAP.
2839 2866 2903 2922 ll.

2045 3002 2116 3059 At
2146 3015 2246 3063 nos
2288 3008 2456 3065 certe,
2488 3014 2520 3055 ο
2558 3000 2642 3054 vir
2687 3002 2915 3071 optime,
2963 3002 3054 3071 qui
3089 3001 3195 3057 tuis
3244 3002 3400 3071 nugis
3444 3016 3560 3058 mc-

1973 3093 2109 3149 iiora
2143 3092 2349 3147 sentire
2378 3092 2740 3157 decrevimus,
2782 3098 2839 3147 et
2881 3090 3184 3144 divinarum
3227 3089 3559 3145 Litterarum

1974 3183 2310 3256 propositum
2351 3184 2803 3253 pervestigainus,
2852 3195 2974 3251 qua:
3024 3180 3213 3235 dicunt
3248 3196 3413 3237 unum
3459 3181 3558 3235 Pa»

1975 3283 2112 3329 trem
2145 3281 2200 3330 et
2246 3275 2416 3330 Deum
2455 3289 2522 3329 ex
2574 3288 2683 3343 quo
2726 3273 2932 3336 omnia,
2962 3281 3016 3328 et
3059 3289 3224 3328 unum
3272 3276 3557 3331 Doiuiuum

1971 3364 2156 3421 desum
2205 3363 2501 3428 Christum,
2546 3377 2644 3433 per
2690 3376 2850 3432 quem
2886 3362 3069 3416 omnia
3112 3372 3173 3417 ut
3214 3375 3395 3420 essent
3433 3382 3557 3434 pro-

1972 3458 2132 3513 ducta
2171 3456 2384 3524 sunt“,
2415 3470 2539 3513 cum
2581 3456 2834 3512 audimus
2878 3470 2943 3510 ex
2972 3455 3080 3528 37
3109 3467 3300 3512 sancta
3338 3458 3557 3528 Virgine

1971 3558 2158 3605 natum
2192 3562 2315 3604 esse
2338 3547 2640 3611 Christum,
2668 3546 2812 3602 illico
2837 3545 3133 3617 prudenter
3164 3548 3454 3603 admodum
3501 3558 3556 3603 ιιι

1972 3653 2124 3698 recto
2174 3642 2242 3697 ad
2285 3641 2571 3696 veritatem
2618 3641 2814 3696 itinere
2858 3648 3236 3710 properantes,
3302 3640 3432 3695 illud
3486 3654 3553 3694 cx

1969 3718 2083 3790 Deo
2103 3732 2271 3790 Patre
2298 3743 2483 3788 natum
2510 3730 2741 3788 Verbum
2766 3732 3038 3787 hominem
3064 3733 3268 3788 factum
3295 3733 3550 3799 dicimus,

1969 3832 2023 3878 et
2069 3825 2281 3878 unitum
2329 3822 2480 3876 carni
2530 3821 2829 3879 secundum
2877 3822 3235 3894 hypostasim,
3265 3833 3321 3878 et
3365 3832 3551 3878 natum

1970 3913 2265 3967 secundum
2306 3926 2551 3978 carnem,
2605 3921 2663 3967 et
2709 3921 2830 3967 tuas
2879 3913 2932 3966 in
2986 3912 3088 3967 hac
3145 3927 3204 3967 re
3251 3914 3553 3983 prastigias

1977 4002 2125 4058 nullo
2179 4002 2342 4057 modo
2390 4002 2703 4071 patiemur:
2732 4002 2828 4058 sed
2870 4002 2966 4055 uni
3012 4010 3067 4055 et
3114 4002 3213 4055 soli
3253 4003 3550 4056 secundum

1970 4105 2217 4151 naturam
2253 4092 2394 4149 Filio
2421 4092 2624 4151 Christi
2660 4108 2856 4150 nomen
2886 4094 3182 4147 tribuemus
3212 4109 3228 4154 ;
3253 4102 3307 4147 et
3334 4092 3549 4160 quidem

295 4206 426 4260 μεν,
455 4187 669 4251 εἰκότως
688 4205 701 4218 ο
730 4189 1041 4260 γεννήσεως
1069 4187 1495 4259 ὀνομαζομένης,
1520 4187 1622 4259 τῆς
1652 4187 1739 4243 διὰ
1767 4189 1867 4262 τῆς

1975 4188 2112 4259 iure,
2141 4202 2263 4243 cum
2289 4187 2379 4245 illa
2406 4200 2503 4256 per
2531 4196 2777 4243 sanctam
2807 4183 3085 4256 Virginem
3113 4184 3300 4250 editio,
3325 4198 3551 4253 genera-

285 4281 454 4349 ἁγίας
482 4279 778 4351 Παρθένου.
812 4279 983 4333 Κοινὰ
1013 4276 1274 4352 μὲνγὰρ,
1304 4279 1378 4343 ὡς
1407 4279 1566 4349 ἔφην,
1598 4279 1745 4352 αὐτῷ
1772 4282 1869 4334 καὶ

1975 4283 2045 4336 tio
2079 4291 2441 4350 nuncupetur.
2488 4278 2811 4337 Communia
2862 4292 3098 4348 namque
3141 4288 3269 4333 sunt
3315 4276 3391 4331 illi
3424 4292 3549 4332 cum

282 4372 494 4443 ἑτέροις
539 4364 649 4423 εἷεν
677 4369 744 4423 ἂν
778 4369 849 4423 τὰ
891 4369 1069 4423 τοιάδε
1109 4368 1218 4423 τῶν
1252 4368 1534 4440 ὀνομάτων
1570 4369 1866 4441 ὁμολογου-

1975 4373 2095 4428 aliis
2123 4387 2362 4442 quoque,
2389 4381 2448 4426 ut
2470 4370 2606 4438 dixi,
2637 4369 2903 4441 ejusmodi
2943 4371 3184 4426 nomina.
3216 4368 3367 4425 Multi
3403 4384 3551 4424 nam-

284 4463 487 4533 μένως.
528 4462 722 4515 Πολλοὶ
761 4461 872 4534 γὰρ
910 4462 1017 4514 υἱοὶ
1049 4462 1192 4516 κατὰ
1236 4461 1418 4533 χάριν,
1455 4462 1548 4515 καὶ
1589 4461 1722 4528 θεοὶ,
1769 4462 1865 4516 καὶ

1975 4479 2079 4534 que
2122 4463 2218 4519 [iiii
2263 4464 2567 4519 secundum
2624 4463 2878 4531 gratiam,
2914 4471 2971 4517 et
3011 4462 3105 4526 dii,
3136 4472 3192 4517 et
3240 4460 3445 4515 domini
3491 4460 3545 4514 in

279 4556 486 4625 κύριοι,
516 4555 575 4607 ἐν
602 4571 662 4607 τε
706 4552 922 4625 οὐρανῷ
970 4558 1065 4607 κα.)¹
1098 4554 1188 4607 ἐπὶ
1222 4555 1322 4624 τῆς
1359 4555 1482 4625 γῆς,
1516 4554 1661 4608 καθὰ
1703 4555 1797 4610 καὶ
1837 4556 1866 4608 ό

1975 4555 2116 4612 coelo
2147 4563 2205 4610 et
2246 4556 2300 4610 in
2350 4567 2520 4619 terra,
2556 4564 2614 4613 ut
2642 4555 2835 4611 beatus
2880 4553 3081 4610 Paulus
3118 4554 3309 4609 scribit
3327 4553 3396 4619 ”,
3449 4554 3545 4608 sed

278 4648 570 4710 θεσπέσιος
595 4649 730 4717 ἡμῖν
756 4646 958 4716 γράφει
997 4645 1229 4710 Παῦλος,
1274 4646 1413 4717 πλὴν
1443 4645 1518 4710 ὡς
1558 4649 1616 4701 ἐν
1649 4645 1865 4718 μεθέξει

1975 4646 2090 4716 ejus
2123 4647 2539 4719 participatione
2567 4656 2730 4717 atque
2767 4647 3090 4712 imitatione,
3126 4646 3217 4717 qui
3246 4646 3542 4703 secundum

276 4740 374 4793 τοῦ
401 4740 546 4793 κατὰ
571 4738 754 4808 φύσιν,
784 4739 877 4791 καὶ
905 4737 1047 4791 κατὰ
1078 4740 1327 4809 μίμησιν.
1356 4737 1429 4790 Τὸ
1458 4736 1514 4790 δέ
1544 4755 1608 4805 γε
1631 4738 1863 4810 Χριστὸς

276 4832 452 4903 ὖτνομά
480 4847 539 4883 τε
574 4831 666 4883 καὶ
693 4828 907 4900 χρῆμα,
940 4828 1140 4899 πρέποι
1183 4827 1251 4881 ἂν
1295 4826 1415 4882 κατ’
1442 4827 1631 4881 οὐδένα
1662 4828 1863 4898 τρόπον

275 4921 355 4989 τῷ
395 4925 465 4974 ἐκ
504 4921 719 4991 Πατρδς
760 4920 875 4972 ὄντι
906 4919 1064 4990 Λόγῳ
1112 4917 1324 4990 γυμνῷ,
1367 4919 1461 4973 καὶ
1500 4919 1621 4973 καθ’
1648 4919 1859 4985 ἑαυτὸν,

278 5017 373 5066 καί
395 5014 503 5077 ἔξω
527 5012 732 5084 σαρκὸς
752 5011 888 5082 πρὸς
909 5010 1064 5082 ἡμῶν
1084 5011 1378 5083 νοουμένῳ.
1403 5012 1465 5065 Ei
1487 5011 1545 5065 δὲ
1564 5011 1628 5082 δὴ
1650 5010 1859 5079 λέγοιτο

285 5104 518 5157 κενῶσαι
552 5121 615 5157 τε
647 5103 862 5168 ἑαυτὸν,
890 5103 984 5157 καὶ
1020 5105 1077 5156 ἐν
1106 5106 1171 5175 τῇ
1200 5102 1294 5157 τοῦ
1326 5102 1510 5157 δούλου
1538 5102 1858 5157 καθικέσθαι

289 5199 494 5268 μορφῇ,
525 5196 619 5247 καὶ
658 5194 778 5247 καθ’
816 5196 967 5265 ἡμᾶς
1004 5193 1257 5262 γενέσθαι
1283 5193 1373 5247 διά
1402 5194 1500 5261 τὴν
1541 5192 1742 5262 σάρκα,
1770 5208 1859 5245 κε-

286 5292 547 5362 κλήσεται
575 5290 670 5342 καὶ
698 5289 885 5352 αὐτὸς,
901 5287 993 5343 διά
1033 5303 1113 5340 τοι
1152 5284 1218 5339 τὸ
1248 5284 1553 5359 κεκρίσθαι,
1592 5285 1856 5357 Χριστός·

279 5384 343 5435 εὖ
376 5382 493 5452 γὰρ
519 5383 807 5452 κέχρισται
837 5378 959 5432 κατ’
989 5377 1126 5432 ἰδίαν
1159 5376 1316 5446 φύσιν
1347 5376 1477 5442 Θεδς
1501 5376 1577 5431 ὣν
1605 5379 1633 5431 ὁ
1655 5376 1825 5444 Λόγος
1844 5392 1859 5406 ·

277 5470 479 5539 γέγονε
503 5469 563 5523 δὲ
587 5469 789 5541 μᾶλλον
815 5471 850 5542 ἠ
877 5468 1056 5541 χρίσις
1080 5459 1231 5535 αὑτῷ
1259 5468 1387 5538 περὶ
1406 5466 1469 5520 τὸ
1500 5464 1860 5538 ἀνθρώπινον.

1970 4747 2222 4793 naturam
2268 4739 2529 4809 ejusmodi
2575 4748 2680 4794 est.
2715 4738 2787 4793 At
2830 4738 3200 4795 veroChristi
3242 4752 3437 4793 nomen
3478 4752 3546 4792 ac

1970 4845 2077 4894 res,
2112 4829 2292 4886 Verbo
2320 4830 2395 4885 illi
2430 4845 2495 4886 ex
2522 4829 2684 4884 Patre
2714 4829 3019 4891 cxsisteuti,
3052 4844 3117 4883 ac
3151 4826 3294 4882 nudo
3318 4837 3372 4881 et
3392 4840 3543 4880 seor-

1966 4920 2069 4975 sim
2097 4927 2153 4995 et
2199 4926 2352 4974 extra
2381 4933 2601 4975 carnem
2648 4919 3015 4985 considerem,
3048 4918 3194 4974 nullo
3223 4915 3384 4969 modo
3412 4928 3544 4968 con-

1968 5012 2141 5067 venit.
2194 5010 2346 5077 Quod
2388 5011 2432 5065 si
2484 5010 2683 5066 dicitur
2720 5009 2954 5080 seipsum
3002 5007 3331 5071 exinanisse,
3384 5013 3440 5059 et
3486 5005 3539 5060 in

1964 5103 2106 5159 servi
2151 5101 2329 5158 forma
2383 5101 2748 5168 descendisse,
2791 5111 2848 5159 et
2888 5101 3092 5156 factum
3143 5096 3317 5151 fuisse
3359 5097 3537 5152 uosui

1964 5195 2196 5250 similem
2243 5203 2466 5263 propter
2513 5208 2736 5248 carnem
2758 5196 2827 5258 ",
2858 5194 2972 5260 ipse
3017 5202 3234 5260 quoque
3270 5198 3540 5259 quatenus

1965 5297 2163 5344 unctus
2214 5294 2322 5352 est,
2346 5285 2599 5343 Christus
2619 5285 2904 5341 vocabitur
2932 5300 2948 5338 :
2976 5297 3084 5338 non
3131 5283 3275 5338 enim
3300 5280 3538 5337 Verbum

1967 5378 2110 5446 quod
2158 5374 2304 5432 Deus
2344 5385 2466 5431 erat
2489 5373 2784 5433 secundum
2828 5386 2980 5428 suam
3024 5382 3276 5429 naturam
3320 5379 3403 5427 est
3439 5386 3541 5425 un-

1968 5474 2137 5533 ctum,
2168 5466 2267 5522 sed
2295 5465 2467 5536 ipsius
2511 5463 2699 5543 unctio
2728 5463 2910 5537 potius
2960 5463 3015 5522 iu
3058 5464 3295 5523 hominis
3346 5469 3542 5520 natura

360 5643 605 5704 "Colat.
636 5662 714 5716 tv,
742 5647 796 5702 4.
874 5647 962 5702 “l
991 5645 1113 5704 Cor.
1162 5662 1269 5715 Im,
1297 5644 1352 5702 6.
1426 5644 1473 5680 "
1496 5638 1639 5700 'lbid.
1667 5643 1722 5702 5.
1798 5641 1845 5675 "
1865 5639 2099 5714 Philipp.
2129 5655 2191 5709 ll,
2221 5640 2274 5710 7,
2308 5641 2361 5707 8ἢ
