4012 6212
394 185 448 236 7|
1391 175 1449 230 S.
1485 173 1767 230 CYRILLI
1812 173 2284 229 ALEXANDRINI
2333 173 2650 230 ARCHIEP.
3602 176 3675 231 7),

392 306 516 361 fuit.
555 305 646 360 Sic
691 303 858 373 igitur
896 300 986 356 illo
1018 305 1337 367 ant-egresso
1363 297 1420 351 in
1461 313 1568 366 quo
1611 298 1795 352 unctio
1837 296 1976 352 facta

2099 297 2241 350 361w
2273 295 2564 368 τοιγαροῦν
2595 294 3034 366 προσϐεὸηκότος
3062 293 3294 360 ἐκείνου,
3329 294 3460 366 περ)⁸
3490 289 3550 348 οὗ
3583 295 3676 364 γέ-

392 406 473 450 est
516 399 662 465 (nam
709 393 826 458 eius
875 389 1090 458 propria
1135 388 1450 443 humanitas
1504 389 1669 442 estin
1721 403 1825 456 qua
1873 386 1974 441 fuit

394 487 620 550 unctio),
659 498 778 536 cum
807 481 1082 534 Christum
1112 479 1263 533 illum
1291 479 1646 546 appellamus,
1679 493 1784 532 non
1828 488 1886 530 ut
1920 487 1972 531 tu

391 579 650 632 ell'renate
691 575 970 643 loqueris,
1029 586 1375 627 communem
1422 572 1694 624 hominem
1743 571 1976 625 aVerbo

395 667 651 728 divisum,
686 674 741 716 et
773 663 1006 717 seorsim
1038 664 1273 731 positum
1300 677 1364 714 ex
1399 671 1583 714 sancta
1618 660 1838 729 Virgine
1872 661 1979 714 edi-

396 769 506 810 tum
563 769 837 824 putamus,
881 756 974 808 sed
1025 756 1222 823 ipsum,
1276 763 1334 806 ut
1362 753 1493 816 dixi,
1554 768 1619 807 ex
1668 753 1775 807 Deo
1817 751 1980 805 l’atre

394 847 655 908 Verbum,
684 847 894 898 unitum
939 845 1112 909 carni,
1145 853 1205 898 et
1238 843 1358 897 oleo
1387 841 1767 894 exsultationis
1809 855 1836 892 a
1872 842 1979 894 Deo

396 947 451 990 et
488 935 652 989 Patre
701 945 923 988 unctum
961 935 1300 988 humanitus.
1338 931 1508 986 Porro
1553 931 1648 985 Dei
1685 931 1845 985 Verbi
1879 947 1979 982 un-

397 1029 628 1082 ctionem
673 1027 724 1078 in
763 1025 1099 1079 lmmanitate
1135 1023 1559 1096 factamvfuisse,
1601 1037 1709 1090 quo
1742 1031 1982 1089 tempore

398 1117 592 1172 similis
627 1117 784 1170 nobis
827 1116 1102 1184 apparuit,
1154 1130 1324 1170 saerze
1361 1113 1584 1167 Littera:
1615 1113 1770 1166 nobis
1795 1121 1984 1166 osten-

398 1212 546 1261 dent.
580 1208 712 1260 Cum
749 1207 891 1260 enim
927 1207 1117 1258 beatus
1143 1205 1314 1258 Jacob
1347 1212 1568 1272 paterna
1597 1203 1759 1256 domo
1779 1203 1982 1256 cedens

399 1303 452 1354 in
491 1298 930 1366 Mestipotamiam
967 1307 1236 1366 pergeret,
1281 1306 1332 1350 et
1370 1296 1435 1348 ad
1467 1295 1650 1348 Laban
1696 1293 1985 1346 contende-

400 1403 484 1447 ret
517 1393 796 1445 Balbuelis
825 1391 1015 1454 lilium,
1043 1391 1095 1443 in
1126 1391 1298 1442 locum
1326 1389 1613 1457 quemdam
1642 1387 1981 1456 interjectum

401 1485 670 1553 pervenit,
707 1483 893 1549 ibique
919 1482 1248 1545 diversatus,
1285 1481 1338 1533 in
1378 1479 1716 1548 suppositum
1751 1477 1982 1545 lapidem

392 1576 685 1656 inclinavit
715 1582 891 1641 caput,
925 1581 979 1625 et
1019 1587 1268 1625 somnum
1307 1573 1480 1637 cepit;
1517 1585 1580 1624 ac
1625 1584 1719 1638 per
1747 1569 1983 1636 quietem

2085 406 2242 457 γονεν
2271 391 2305 458 ἡ
2337 389 2518 458 χρίσις
2563 387 2748 457 (αὐτοῦ
2781 389 2945 459 γὰρὴ
2985 385 3422 458 ὲνανθρώπησις,
3457 388 3585 458 περὶ
3613 379 3676 440 οὗ

2087 483 2310 548 γέγονεν
2335 482 2368 551 ἡ
2399 478 2624 550 χρίσις),
2653 479 2780 532 ὅταν
2799 481 2929 548 ἡμῖν
2960 478 3297 548 ὀνομάζηται
3328 477 3584 546 Χριστὸς,
3614 480 3676 531 οὐ

2087 573 2228 626 κατά
2264 588 2327 639 γε
2380 572 2478 641 τὴν
2520 572 2617 640 σὴν
2659 570 3078 640 ἀθυροστομίαν,
3134 571 3420 641 ἄνθρωπον
3485 570 3677 631 ἁπλῶς

2088 662 2528 731 ὑποτοπήσομεν,
2551 662 2879 732 διῃρημένον
2907 660 3002 713 τοῦ
3026 662 3220 729 Λόγου,
3254 662 3350 713 καί
3375 659 3482 713 ἀνὰ
3515 660 3684 728 μέρος

2087 753 2359 821 κείμενον,
2400 755 2463 804 ὲκ
2495 755 2594 822 τῆς
2632 752 2792 820 ἁγίας
2826 752 3076 821 τετέχθαι
3107 752 3408 821 Παρθένου,
3444 751 3558 804 ἀλλ’
3591 751 3687 802 αύ-

2087 844 2198 906 τὸν,
2229 845 2304 906 ὼς
2339 842 2464 914 ἔφη,
2499 845 2586 896 τὸν
2639 845 2702 898 ὲκ
2741 843 2876 897 Θεοῦ
2930 843 3142 912 Πατρός
3190 844 3363 911 Λόγον
3407 841 3685 895 ὲνωθέντα

2091 937 2258 1006 σαρκὶ
2287 974 2300 996 .
2343 935 2544 1005 καὶτῷ
2578 936 2740 1006 ἐλαίῳ
2771 937 2870 1005 τῆς
2909 933 3285 1002 ἀγαλλιάσεως
3322 932 3685 1002 κεχρισμένον

2089 1026 2442 1096 ἀνθρωπίνως
2483 1027 2635 1097 παρὰ
2669 1026 2762 1079 τοῦ
2793 1025 2927 1079 Θεοῦ
2957 1026 3053 1078 καὶ
3082 1025 3316 1095 Πατρός.
3345 1025 3466 1077 Ὅτι
3500 1023 3556 1076 δὲ
3590 1021 3684 1090 γέ-

2089 1134 2212 1185 γονε
2241 1116 2316 1186 τῷ
2340 1116 2460 1186 Θεῴ
2485 1119 2643 1188 Λόγῳ
2677 1119 2802 1188 περί
2841 1118 2900 1169 τὸ
2933 1116 3271 1187 ἀνθρώπινον
3302 1118 3332 1187 ἡ
3361 1117 3561 1186 χρίσις,
3593 1117 3682 1170 ὅτε

2058 1284 2064 1290 ⁷
2092 1209 2298 1280 πέφηνε
2336 1209 2456 1262 καθ’
2483 1212 2652 1280 ἡμᾶς,
2689 1211 2832 1281 ἱερὸν
2863 1211 3023 1278 ἡμᾶς,
3050 1209 3380 1263 πιστώσεται
3418 1211 3679 1281 Γράμμα.

2103 1298 2161 1350 Ὀ
2193 1299 2292 1369 μὲν
2319 1301 2427 1370 γὰρ
2454 1300 2736 1363 θεσπέσιος
2773 1300 2986 1364 Ἰακὼϐ,
3014 1303 3112 1371 τῆς
3144 1301 3238 1354 τοῦ
3271 1302 3484 1371 Πατρός
3515 1300 3682 1354 άπαίε-

2097 1405 2202 1459 ρων
2242 1390 2458 1452 ἑστίας,
2503 1391 2583 1452 εἰς
2615 1391 2716 1460 τὴν
2744 1389 2855 1442 τῶν
2903 1389 3171 1459 ποταμῶν
3206 1391 3448 1459 ὑπήγετο
3485 1391 3678 1461 μέσην,

2093 1482 2186 1533 καὶ
2225 1482 2362 1551 πρὸς
2391 1481 2576 1534 Λάϐαν
2607 1482 2690 1551 ᾔει
2720 1482 2811 1535 τὸν
2844 1482 2936 1534 τοῦ
2976 1482 3243 1552 Βαθουὴλ,
3271 1482 3350 1532 ένί
3373 1481 3428 1532 δὲ
3457 1483 3564 1534 τῶν
3595 1483 3682 1535 διὰ

2098 1572 2262 1642 μέσον
2301 1573 2516 1642 χωρίων
2545 1572 2902 1643 ἐμϐεϐληκὼς
2941 1573 3312 1642 κατηυλίζετο.
3343 1575 3451 1626 Καὶ
3494 1573 3556 1643 δὴ
3588 1573 3680 1627 καὶ

402 1686 522 1721 cum
553 1668 654 1721 sibi
683 1666 888 1720 scalam
923 1665 1106 1718 videre
1129 1665 1275 1717 visus
1305 1675 1451 1716 esset
1483 1666 1548 1716 de
1577 1662 1736 1716 terris
1769 1661 1834 1714 ad
1869 1674 1983 1713 ca:—

2099 1664 2217 1733 ιίθῳ
2254 1663 2354 1732 τὴν
2389 1663 2629 1733 κεφαλὴν
2664 1664 2960 1727 ὑποκλίνας
2981 1707 2994 1729 ,
3020 1666 3110 1717 τὸν
3133 1664 3300 1716 ὕπνον
3337 1665 3638 1734 εἰσδέχεται
3665 1680 3678 1693 °

403 1762 510 1812 lum
541 1759 960 1826 pertingentem,
991 1756 1214 1826 angelos
1245 1766 1503 1824 praeterea
1537 1771 1632 1825 per
1655 1769 1774 1808 eam
1804 1768 1986 1806 ascen-

403 1856 590 1903 dentes
621 1866 682 1904 ac
731 1851 1143 1912 descendentes,
1202 1849 1556 1916 innixumque
1590 1862 1754 1916 super
1777 1861 1838 1898 ea
1881 1845 1986 1899 Do-

407 1945 652 2008 minum,
718 1945 1004 1996 admodum
1060 1942 1325 1995 visionem
1381 1952 1466 1995 est
1535 1941 1874 2003 admiratus,
1931 1945 1989 1992 et

404 2049 686 2104 acceptum
735 2036 966 2102 lapidem
1022 2051 1118 2100 pro
1171 2035 1329 2087 titulo
1380 2034 1594 2096 statuit,
1654 2044 1708 2085 et
1764 2033 1816 2085 in
1871 2032 1988 2100 eius

404 2138 706 2180 extremum
755 2128 948 2180 infudit
992 2127 1167 2178 oleum
1193 2126 1260 2180 ’⁷.
1293 2125 1410 2179 Jam
1464 2126 1515 2178 in
1567 2125 1649 2177 bis
1699 2124 1987 2177 considera

404 2219 690 2272 Dominum
733 2232 972 2272 nostrum
1007 2217 1188 2271 Jesuni
1221 2218 1497 2272 Christum
1545 2217 1692 2269 illum
1743 2231 1905 2269 unum
1937 2223 1990 2270 et

406 2313 578 2365 solum
625 2321 679 2366 et
722 2327 850 2364 vere
888 2310 1104 2373 Filium,
1151 2310 1304 2377 quasi
1331 2309 1441 2378 38
1470 2309 1698 2376 lapidem
1749 2318 1988 2362 erectum

407 2406 461 2457 in
511 2403 768 2456 titulum:
816 2403 859 2455 is
907 2403 1049 2455 enim
1101 2412 1184 2454 Cal.
1235 2401 1370 2470 lapis
1406 2401 1636 2464 electus,
1693 2400 1989 2466 angularis,

408 2498 694 2564 pretiosus,
751 2495 804 2547 in
855 2503 1017 2564 caput
1057 2492 1260 2561 anguli,
1308 2503 1364 2546 et
1412 2507 1442 2544 a
1478 2492 1586 2544 Deo
1629 2501 1683 2545 et
1728 2489 1888 2544 Patre
1937 2491 1989 2543 in

409 2589 761 2641 fitndatncnta
793 2585 922 2637 Sion
959 2585 1165 2651 positus
1189 2584 1256 2635 ⁹⁸.
1291 2583 1370 2636 Ad
1406 2584 1541 2648 ha‘c,
1581 2584 1797 2638 modum
1825 2582 1992 2635 etiam

407 2679 568 2731 velim
604 2677 885 2745 inspicias,
917 2691 1022 2743 quo
1051 2675 1122 2728 sit
1161 2684 1360 2728 unctus
1390 2691 1402 2726 :
1438 2689 1542 2726 non
1583 2674 1726 2726 enim
1758 2673 1876 2726 oleo
1913 2683 1994 2724 to-

413 2777 524 2817 tum
553 2766 788 2832 undique
826 2763 1054 2831 lapidem
1090 2764 1283 2816 beatus
1319 2761 1484 2816 Jacob
1515 2762 1780 2831 irrigavit,
1807 2763 1898 2816 sed
1941 2763 1994 2815 in

411 2857 557 2911 illius
585 2865 890 2909 extremum
924 2853 1140 2908 infudit.
1170 2852 1362 2922 Igitur,
1396 2864 1454 2906 ut
1484 2854 1556 2906 ita
1591 2855 1856 2915 dicamus,
1887 2869 1993 2906 non

413 2959 559 3003 totus
586 2948 673 3003 ille
705 2945 1045 3015 Unigenitus,
1078 2959 1252 3012 neque
1282 2945 1334 2998 in
1370 2960 1465 3000 sua
1501 2945 1614 3014 ipse
1643 2956 1856 3009 natura,
1889 2959 1992 3012 qua

2087 1756 2338 1827 κλίμακά
2363 1773 2422 1808 τε
2465 1757 2828 1826 τεθεαμένος,
2867 1758 2964 1827 τὴν
2996 1760 3056 1810 ἐκ
3091 1757 3196 1826 γῆς
3236 1758 3346 1810 ἄνω
3390 1758 3685 1828 διήκουσαν

2087 1850 2168 1910 εἰς
2193 1849 2283 1900 τὸν
2319 1848 2570 1917 οὐρανόν,
2622 1850 3014 1912 ἀναϐαίνοντας
3042 1867 3100 1902 τε
3135 1850 3230 1902 καὶ
3260 1851 3688 1914 καταϐαίνοντας

2089 1938 2153 1990 δι’
2187 1938 2357 2006 αὐτῆς
2427 1939 2554 2000 τοὺς
2615 1940 2901 2006 ἀγγέλους,
2970 1942 3441 2011 ἐπεστηριγμένον
3489 1942 3545 1995 δὲ
3597 1943 3688 1996 τὸν

2090 2031 2296 2100 Κύριον
2331 2029 2416 2080 ἐπ’
2445 2031 2635 2100 αὑτῆς,
2668 2032 2854 2102 θαῦμα
2890 2033 2986 2103 μὲν
3021 2033 3129 2086 τῶν
3173 2036 3416 2103 ὁράσεων
3453 2036 3689 2087 ἐποιεῖτο

2093 2121 2224 2174 πολύ
2253 2135 2265 2147 ⁸
2310 2119 2491 2172 λαϐὼν
2531 2122 2586 2174 δὲ
2635 2123 2726 2177 τὸν
2761 2124 2929 2187 λίθον,
2980 2127 3208 2195 ἔστησεν
3255 2127 3419 2180 αὑτὸν
3464 2127 3686 2197 στήλην,

2092 2215 2185 2267 καὶ
2235 2218 2459 2287 ἐπέχεεν
2498 2216 2672 2269 ἔλαιον
2711 2218 2801 2269 ἐπὶ
2846 2218 2906 2269 τὸ
2959 2219 3126 2286 ἄκρον
3162 2219 3351 2288 αὐτῆς.
3389 2219 3582 2291 Ἀθρει
3623 2222 3690 2293 δὴ

2098 2310 2158 2360 ἐν
2203 2310 2412 2372 τούτοις
2463 2310 2552 2362 τὸν
2609 2310 2811 2379 Κύριον
2859 2310 3012 2380 ἡμῶν
3050 2311 3256 2381 Ἰησοῦν
3305 2309 3559 2380 Χριστόν,
3600 2313 3690 2366 τὸν

2093 2401 2189 2454 ’ένα
2223 2403 2316 2454 καὶ
2370 2402 2529 2471 μόνον
2580 2404 2674 2454 καὶ
2721 2402 2942 2472 ἀληθῶς
2973 2402 3124 2462 Υίὸν,
3153 2403 3227 2464 ὡς
3267 2402 3413 2456 λίθον
3451 2407 3686 2474 ἀναστη-

2093 2493 2353 2563 λούμενον
2381 2511 2393 2524 ο
2439 2495 2533 2546 καὶ
2586 2494 2694 2564 γάρ
2742 2497 2856 2546 ἐστι
2900 2493 3047 2555 λίθος
3095 2493 3380 2559 ἐκλεκτὸς,
3427 2497 3679 2566 ἀκρογω-

2096 2589 2285 2652 νιαῖος,
2314 2586 2549 2656 ἔντιμος,
2598 2588 2678 2649 εἰς
2712 2584 2953 2655 κεφαλὴν
2991 2584 3210 2654 γωνίας,
3256 2585 3348 2638 καί
3383 2589 3460 2649 εἰς
3492 2585 3562 2639 τά
3596 2585 3683 2638 θε-

2099 2677 2260 2747 μέλια
2293 2678 2430 2730 Σιὼν
2477 2679 2788 2748 τεθειμένος
2837 2679 2987 2749 παρὰ
3029 2678 3124 2732 τοῦ
3152 2680 3286 2732 Θεοῦ
3319 2681 3412 2733 καὶ
3447 2681 3684 2749 Πατρός.

2101 2768 2294 2840 Ἀθρει
2335 2769 2390 2822 δέ
2425 2786 2518 2837 μοι
2552 2769 2688 2839 πρὸς
2726 2768 2900 2840 τούτῳ
2937 2771 3032 2824 καὶ
3069 2772 3189 2824 τίνα
3230 2772 3513 2842 κέχρισται
3559 2773 3688 2843 τρό-

2099 2875 2197 2910 πον
2219 2875 2230 2885 ’
2261 2860 2321 2911 οὐ
2349 2858 2457 2928 γάρ
2493 2857 2612 2910 ὃλον
2659 2857 2724 2910 δι’
2761 2857 2883 2910 ὅλου
2924 2858 3002 2928 τῷ
3035 2858 3198 2929 ἐλαίῳ
3251 2859 3544 2912 κατέδευσε
3575 2858 3688 2930 llo‘.

2099 2949 2420 3021 κατέχευσε]
2463 2949 2554 3002 τὸν
2584 2949 2730 3003 λίθον
2755 2951 2784 3002 ὁ
2813 2950 3101 3014 θεσπέσιος
3139 2950 3334 3004 Ἰακώϐ
3358 2969 3372 2984 ο
3406 2952 3598 3022 ἐπέχεε
3635 2952 3691 3005 δὲ

412 3041 650 3097 Verbum
693 3051 797 3108 est,
849 3049 1046 3094 unctus
1091 3049 1211 3104 est;
1254 3054 1376 3093 natn
1429 3039 1700 3106 quomodo
1749 3053 1876 3090 suus
1921 3038 1991 3091 illi

2104 3043 2304 3113 μᾶλλον
2344 3043 2435 3096 ἐπὶ
2473 3044 2534 3095 τὸ
2565 3043 2732 3112 ἄκρον
2759 3043 2946 3097 αὐτοῦ.
2981 3043 3211 3109 Οὐκοῦν,
3238 3045 3305 3097 ἵν’
3326 3043 3498 3107 οὕτως
3528 3044 3692 3098 εἴπω·

413 3138 637 3206 spiritus
681 3135 988 3205 impertitus
1045 3132 1270 3199 intelligi
1321 3131 1527 3200 possit?
1566 3131 1657 3184 sed
1706 3131 1905 3198 potius,
1941 3139 1998 3184 ut

414 3229 546 3292 dixi,
579 3231 630 3280 in
667 3237 914 3281 extremo
941 3225 1181 3293 ungitur,
1214 3223 1318 3276 hoc
1350 3234 1454 3286 εει,
1491 3223 1752 3285 exterius,
1791 3230 1845 3273 et
1882 3232 1998 3272 tan-

414 3337 575 3388 quam
613 3320 666 3372 in
706 3328 859 3384 parte
889 3329 1052 3384 atque
1089 3326 1357 3377 extremo,
1396 3313 1651 3367 nimirum
1685 3314 1736 3366 in
1773 3328 1871 3366 suo
1903 3328 2000 3382 per

415 3426 600 3463 veram
627 3411 878 3463 unionem
903 3419 1130 3476 corpore
1163 3426 1179 3462 :
1211 3417 1266 3461 et
1295 3408 1437 3461 sicut
1474 3421 1664 3475 passus
1691 3421 1812 3460 esse
1835 3422 1999 3459 carne

418 3505 618 3557 dicitur
642 3502 954 3556 humanitus
975 3503 1046 3565 θ’,
1077 3499 1327 3568 quamvis
1360 3504 1455 3568 per
1485 3510 1732 3553 naturam
1768 3507 1824 3550 ut
1858 3495 1998 3550 Deus

418 3605 563 3648 esset
591 3593 940 3663 impaSsibilis
963 3633 976 3658 ,
1020 3592 1091 3645 ita
1138 3590 1457 3660 intelligitur
1486 3599 1679 3642 unctus
1706 3587 2004 3655 secundant

419 3688 844 3748 humanitatem,
897 3686 1025 3738 licet
1079 3694 1248 3752 ungat
1304 3667 1421 3750 ipse
1478 3697 1573 3734 suo
1619 3681 1810 3749 spiritu
1865 3694 1999 3749 quos

422 3781 594 3850 ipsius
625 3779 966 3832 sanctitatem
1001 3777 1324 3846 participare
1353 3775 1530 3828 decet.
1559 3773 1634 3827 Ita
1673 3785 1767 3828 nos
1792 3782 1843 3826 et
1873 3787 1998 3825 sen-

425 3874 526 3924 tire
571 3872 880 3930 statuimus,
938 3878 992 3920 ct
1042 3879 1192 3920 recte
1233 3867 1443 3936 ingredi
1489 3867 1886 3928 consuevimus,
1943 3871 2001 3916 ut

421 3965 568 4034 regia
617 3975 869 4029 rectaque
897 3961 980 4012 via
1030 3959 1332 4012 tendamus.
1380 3959 1496 4026 lpse
1541 3971 1667 4010 vero
1701 3971 1823 4009 cum
1859 3954 2000 4023 ejus-

422 4058 566 4110 modi
609 4057 826 4111 nomina
859 4059 994 4108 duas
1044 4065 1268 4106 naturas
1296 4052 1604 4119 significare
1638 4050 1803 4110 dicat,
1838 4049 2003 4102 alter-

425 4148 530 4202 utri
562 4150 704 4218 quod
739 4148 837 4200 sibi
869 4146 1069 4215 placuit
1107 4160 1203 4212 pro
1233 4159 1332 4198 suo
1355 4142 1583 4196 arbitrio
1623 4141 1830 4205 tribuit,
1861 4141 2004 4194 etde

425 4239 723 4293 humilibus
760 4240 941 4291 verbis
987 4240 1053 4290 ad
1099 4237 1285 4290 carnis
1331 4233 1790 4303 dispensationem
1835 4232 2004 4300 perti-

2105 3152 2224 3205 μεν,
2253 3136 2351 3205 οὐχ
2383 3135 2547 3199 ἅπας,
2577 3134 2698 3187 οὒτε
2728 3135 2832 3205 μὴν
2928 3136 3098 3204 Λόγος
3130 3136 3276 3189 ἐστὶν
3305 3138 3332 3188 ὁ
3358 3136 3688 3208 Μονογενὴς,

2102 3230 2180 3289 εἰς
2217 3227 2352 3279 ἰδίαν
2376 3227 2538 3289 αὐτὸς
2573 3227 2867 3298 κέχρισται
2897 3227 3080 3295 φύσιν·
3116 3227 3256 3297 (πῶς
3285 3228 3392 3299 γὰρ
3427 3229 3491 3281 ἂν
3523 3233 3692 3284 νοοῖτο

2105 3318 2454 3389 μετεσχηκὼς
2484 3319 2580 3372 τοῦ
2617 3319 2746 3371 ἰδίου
2778 3319 3092 3390 πνεύματος
3115 3323 3154 3391 ;)
3205 3323 3418 3392 χρίεται
3448 3324 3503 3376 δὲ
3553 3323 3692 3393 μᾶλ-

2099 3411 2210 3472 λον,
2242 3411 2314 3473 ὡς
2360 3410 2516 3480 ἔφην,
2547 3411 2639 3463 ἐπὶ
2685 3413 2747 3464 τὸ
2781 3411 2969 3483 ἄκρον,
3021 3415 3323 3475 τουτέστιν,
3373 3415 3688 3484 έξωιρανῶς,

2102 3502 2197 3554 καὶ
2224 3495 2334 3554 οἷον
2376 3504 2432 3552 ὲν
2471 3501 2625 3571 μέρει
2657 3503 2750 3554 καὶ
2778 3502 2931 3572 ἄκρῳ
2958 3503 3034 3573 τῷ
3081 3503 3201 3556 καθ’
3229 3501 3420 3557 ἕνωσιν
3444 3505 3543 3576 τὴν
3567 3505 3692 3575 ἅλις·

2103 3592 2254 3662 θινὴν
2288 3593 2400 3661 ἰδίῳ
2436 3592 2678 3661 σώματι·
2712 3595 2806 3645 καὶ
2836 3593 3024 3664 ὥσπερ
3053 3595 3272 3662 λέγεται
3304 3594 3497 3647 παθεῖν
3528 3599 3693 3666 σαρκί

2101 3684 2480 3753 ἀνθρωπίνως,
2510 3683 2690 3736 καίτοι
2729 3683 2826 3754 τὴν
2869 3685 3028 3752 φύσιν
3062 3685 3322 3754 ὑπάρχων
3361 3685 3573 3755 ἀπαθὴς
3615 3685 3692 3747 ὡς

2103 3775 2233 3836 Θεός
2255 3789 2266 3801 ’
2305 3773 2449 3826 οὕτω
2483 3776 2687 3826 νοεῖται
2716 3773 3072 3844 κεχρισμένος
3107 3775 3250 3826 κατά
3283 3791 3345 3841 γε
3385 3773 3441 3826 τδ
3478 3774 3689 3842 ἀνθρώ’

2104 3883 2282 3931 πινον,
2333 3865 2507 3918 καίτοι
2541 3866 2710 3936 χρίων
2753 3867 2914 3928 αὐτὸς
2963 3866 3040 3936 τῷ
3089 3865 3203 3934 ἰδίῳ
3250 3865 3515 3935 πνεύματι
3560 3865 3689 3928 τοὺς

2103 3953 2185 4021 οἷς
2235 3958 2300 4011 ἂν
2338 3960 2540 4030 πρέποι
2598 3959 2925 4028 μεταλαχεῖν
2990 3959 3089 4028 τῆς
3151 3959 3441 4028 ἁγιότητος
3498 3957 3689 4010 αὑτοῦ.

2118 4052 2256 4105 Ἀλλ’
2305 4054 2464 4122 ἡμεῖς
2515 4053 2612 4121 μὲν
2659 4047 2760 4105 ὧδέ
2811 4070 2868 4104 τε
2927 4055 3143 4122 φρονεῖν
3199 4051 3552 4120 ἐγνώκαμεν,
3599 4049 3692 4104 καί⁸

2105 4144 2416 4215 όρθοποδεῖν
2471 4145 2790 4213 εἰθίσμεθα,
2841 4145 2940 4212 τὴν
2985 4143 3269 4211 βασιλικήν
3306 4160 3365 4195 τε
3401 4143 3492 4195 καὶ
3537 4143 3692 4197 ἀδιά-

2110 4253 2344 4306 στροφον
2375 4237 2663 4304 ἐρχόμενοι
2693 4234 2899 4304 τρίϐον.
2943 4236 3014 4304 Ση
3026 4234 3259 4303 μαντικὰ
3291 4234 3347 4286 δὲ
3380 4234 3553 4300 λέγων
3597 4237 3693 4289 αὐ-

426 4331 683 4384 uentibus
730 4330 1004 4383 erubescit
1055 4337 1158 4382 :et
1216 4329 1463 4394 quamvis
1517 4325 1730 4377 beatum
1777 4323 1991 4375 Paulun‘

2109 4329 2200 4389 τος
2235 4327 2346 4379 τῶν
2393 4325 2486 4377 δύο
2515 4324 2730 4392 φύσεων
2766 4325 2834 4377 τὰ
2865 4325 3041 4378 τοιάδε
3073 4324 3179 4377 τῶν
3222 4324 3521 4394 ὀνομάτων,
3564 4327 3691 4379 ἑκα-

426 4423 609 4475 audiat
640 4423 906 4475 dicentem
944 4439 957 4475 :
991 4440 1008 4472 ‹
1041 4419 1183 4472 Misit
1218 4417 1360 4471 Deus
1387 4415 1582 4469 Filium
1619 4431 1775 4469 suum
1805 4414 2004 4469 factum

424 4531 488 4570 ex
539 4515 784 4578 muliere,
827 4514 1028 4567 factum
1061 4514 1162 4566 sub
1191 4512 1306 4580 lege
1329 4511 1343 4540 ¹
1371 4525 1386 4574 ;
1419 4529 1436 4561 ι
1471 4512 1673 4577 Apage,
1711 4508 1905 4576 inquit,
1939 4520 2006 4559 ne

426 4607 663 4661 Verbum
711 4621 776 4658 ex
833 4605 943 4658 Deo
991 4615 1178 4656 natum
1231 4615 1350 4655 esse
1391 4601 1611 4653 missum
1661 4609 1857 4666 putes:
1897 4611 2003 4650 non

424 4699 568 4753 enim
599 4714 666 4751 ex
712 4697 939 4750 muliere
972 4697 1176 4750 factum
1216 4703 1318 4758 est,
1363 4707 1468 4745 non
1503 4690 1703 4743 factum
1735 4689 1833 4741 sub
1865 4687 1999 4754 lege.

421 4791 599 4860 Atque
646 4798 704 4843 ut
744 4790 1101 4842 ostendamus
1158 4787 1305 4854 quod
1364 4783 1594 4836 dicimus
1646 4795 1752 4832 non
1805 4793 2001 4830 vanum

423 4899 544 4937 esse
571 4883 910 4952 ﬁgmentum,
939 4879 1036 4934 sed
1060 4877 1228 4946 ipsius
1256 4889 1353 4928 nos
1379 4874 1454 4927 uti
1481 4873 1719 4935 vocibus,
1746 4871 1860 4940 ipsa
1885 4870 2000 4938 jam

424 4988 614 5028 rursus
639 4974 754 5040 ejus
787 4974 946 5026 verba
978 4970 1031 5024 in
1060 4969 1294 5021 medium
1333 4965 1578 5018 aﬂ'eram.

2112 4421 2246 4491 τέρα
2281 4419 2342 4471 τὸ
2381 4418 2570 4472 δοκοῦν
2615 4417 2878 4488 ἀπονέμει
2912 4417 3029 4488 μετ’
3056 4416 3334 4481 ἐξουσίας·
3369 4419 3461 4470 καὶ
3492 4418 3552 4471 τὸ
3596 4418 3695 4488 μές

2112 4527 2261 4580 τριον
2289 4511 2366 4573 είς
2403 4508 2596 4577 λόγους
2624 4508 2723 4577 τῆς
2759 4507 2896 4576 μετά
2924 4509 3125 4579 σαρκὸς
3155 4510 3465 4579 οἰκονομίας
3501 4506 3694 4579 αἰσχύτ

2112 4617 2289 4653 νεται·
2324 4601 2428 4652 κᾶν
2469 4597 2678 4670 ἀκούσῃ
2723 4597 2973 4665 λέγοντος
3007 4599 3102 4651 τοῦ
3137 4599 3406 4668 μακαρίου
3443 4597 3687 4651 Παύλου·

2116 4711 2134 4743 ι
2173 4691 2583 4756 Ἐξαπέστειλεν
2613 4693 2640 4743 ὁ
2663 4689 2794 4753 Θεὸς
2820 4692 2910 4744 τὸν
2937 4691 3064 4743 Υἱὸν
3095 4689 3284 4754 αὑτοῦ,
3313 4689 3602 4758 γενόμενον
3627 4690 3693 4742 ὲκ

2110 4785 2388 4851 γυναικὸς,
2427 4784 2720 4854 γενόμενον
2749 4783 2854 4835 ὑπὸ
2890 4784 3084 4852 νόμονο
3115 4804 3134 4835 ι
3161 4785 3395 4852 Ἀπαγε,
3432 4784 3584 4852 φησί,
3615 4783 3690 4853 μὴ

2107 4877 2198 4929 τὸν
2237 4878 2299 4930 ἐκ
2337 4876 2472 4929 Θεοῦ
2514 4877 2686 4947 φύντα
2728 4876 2898 4944 Λόγον
2944 4875 3283 4930 ἀπεστάλθαι
3328 4874 3583 4945 νομίσῃς·
3627 4873 3689 4926 οὐ

2109 4970 2216 5042 γὰρ
2241 4971 2462 5039 γέγονεν
2486 4973 2551 5023 ὲκ
2582 4971 2842 5038 γυναικός
2862 4985 2876 5000 ⁸
2902 4971 2962 5022 οὐ
2999 4969 3221 5037 γέγονεν
3243 4967 3346 5021 ὑπὸ
3382 4971 3544 5036 νόμον
3565 4981 3579 4997 υ
3608 4963 3694 5018 ὅτι

421 5070 473 5123 δὲ
493 5069 556 5122 οὐ
597 5067 931 5138 φενακισμίις
957 5065 1162 5126 εἰκαῖος
1199 5061 1270 5115 τὰ
1303 5058 1649 5130 παρ’ήμῶν·
1683 5056 2006 5127 κεχρήμεθα
2043 5059 2099 5114 δὲ
2157 5067 2355 5135 μᾶλλον
2415 5069 2533 5129 ταῖς
2593 5065 2758 5119 αὐτοῦ
2811 5067 3048 5152 φωναῖς,
3101 5064 3240 5118 αὐτὰ
3289 5063 3352 5134 δὴ
3397 5061 3560 5115 πάλιν
3615 5062 3694 5122 εἰς

422 5159 587 5228 μέσον
617 5160 748 5211 οῖσω
777 5158 846 5210 τὰ
874 5155 1156 5228 εἰρημένα.

491 5254 753 5328 [Νεετοιι.
797 5252 1132 5310 Misitenim,
1164 5249 1354 5316 inquit,
1401 5249 1540 5303 Deus
1583 5246 1778 5301 Filium
1823 5261 2000 5308 suum,

425 5361 604 5400 uatum
641 5361 706 5400 ex
747 5345 993 5406 muliere,
1066 5343 1263 5422 factum
1314 5343 1412 5394 sub
1451 5342 1584 5410 lege.
1622 5340 1731 5394 Hoc
1765 5342 1883 5393 loco
1931 5341 2003 5391 in-

425 5442 562 5495 dicat
601 5439 816 5507 quidem
865 5437 999 5488 duas
1033 5445 1274 5500 naturas,
1309 5437 1402 5488 sed
1456 5434 1507 5487 id
1557 5435 1692 5488 dicit
1718 5434 1858 5502 quod
1899 5435 2000 5486 ltu-

499 5617 542 5649 ’ν
567 5616 700 5672 Gen.
734 5630 922 5680 xxviii,
962 5613 1148 5670 1248.
1226 5614 1270 5647 θ’
1297 5613 1397 5669 lsa.
1425 5628 1612 5680 xxvtn,
1658 5610 1742 5667 16.

1817 5612 1860 5643 ¹¹⁹
1886 5609 1905 5664 ι
1934 5609 2075 5664 i‘ett‘.
2106 5624 2180 5674 tv,
2221 5608 2265 5661 ι.

2173 5241 2587 5317 [Ἑξαπέστειλε
2619 5247 2747 5318 γάρ,
2778 5249 2961 5319 φησὶν,
2994 5249 3022 5300 ὀ
3049 5249 3180 5312 Θεὸς
3207 5247 3298 5299 τὸν
3339 5248 3467 5301 Υἰὺν
3496 5246 3686 5311 αὑτοῦ,

2101 5339 2393 5408 γενόμενον
2445 5341 2508 5391 ἐκ
2548 5332 2838 5407 γυναικὸς,
2882 5339 3174 5408 γενόμενον
3214 5339 3318 5392 ὑπὸ
3351 5339 3534 5408 νόμον.
3573 5339 3692 5390 Ἐν-

2101 5431 2275 5484 milia
2333 5433 2526 5501 μηνύει
2584 5432 2684 5502 μέν
2722 5433 2818 5494 τὰς
2861 5432 2953 5484 δύο
3005 5432 3234 5501 φύσεις·

3275 5432 3335 5486 τὸ
3392 5432 3688 5504 συμϐαῖνον

2347 5607 2564 5662 ‘Galat.
2601 5625 2670 5676 tv,
2707 5611 2756 5665 4.
