4012 6212
208 320 276 375 73
1301 316 1669 375 ADVERSUS
1706 312 2109 373 NESTORIUM
2153 315 2278 374 LIB.
2321 316 2388 375 Ιῐ.
2486 325 2491 329 ’
3393 314 3461 378 71

209 435 480 511 [συμϐάν]
524 435 584 489 δὲ
628 436 757 508 περὶ
806 436 906 508 τὴν
957 436 1381 511 ἀνθρωπότητα,
1429 439 1611 509 λέγει·
1663 439 1787 493 ἐπεὶ

1897 441 2140 496 manitati
2179 443 2432 497 convenit
2460 465 2473 499 ι
2500 441 2698 512 alioqui
2757 454 2883 512 roga
2929 442 3327 499 contentiosum
3362 443 3460 499 ho-

204 528 503 600 ἀπαίτησον
540 527 630 581 τὸν
661 526 983 597 φιλόνεικον,
1028 528 1111 592 τίς
1155 529 1368 598 ἐγένετο
1401 529 1505 583 ὑπὸ
1534 531 1728 600 νόμον;
1757 532 1786 583 6

201 621 327 683 Θεὸς
346 619 524 688 Λόγος
542 617 585 690 ς]
668 628 681 635 ‘

804 755 1056 809 ΚΕΦᾹΛ.
1101 753 1172 809 Γ.

268 889 392 945 Εἶτα
449 888 570 952 πῶς
617 889 717 941 οὐκ
764 890 1133 961 ἐμϐρόντητος
1185 890 1400 961 ἀληθῶς
1446 892 1530 962 εἴη
1582 890 1669 956 ἂν,
1720 890 1787 944 τὰ

208 978 334 1033 οὕτω
380 979 542 1049 σαςῆ
596 981 691 1033 καὶ
738 979 941 1034 ἅπασιν
993 981 1311 1052 ἐγνωσμένα
1334 1022 1348 1047 ,
1399 982 1496 1035 καὶ
1542 982 1784 1052 ἀναμφι-

208 1070 365 1138 λόγως
402 1070 632 1140 ἔχοντα,
683 1071 744 1123 τό
799 1087 863 1140 γε
918 1068 1052 1144 ἧκον
1101 1073 1182 1136 εἰς
1241 1073 1405 1127 αὐτὸν
1461 1074 1785 1146 ἀνατρέπειν

212 1160 576 1232 πειρώμενοςς
631 1162 769 1214 Τίνα
821 1162 1115 1234 πέπομφεν
1169 1165 1302 1234 ἡμῖν
1355 1163 1414 1230 ἐξ
1466 1164 1710 1230 οὐρανῶν
1758 1168 1787 1219 6

212 1253 418 1323 Πατὴρ,
450 1253 678 1325 Σωτῆρα
710 1252 804 1305 καὶ
844 1254 1180 1325 Λυτρωτήνς
1210 1255 1269 1309 οὐ
1317 1254 1409 1308 τὸν
1447 1257 1512 1309 ἐκ
1551 1255 1653 1325 τῆς
1692 1257 1785 1310 οὐ·

223 1345 328 1409 σίας
365 1346 535 1400 αὐτοῦ
570 1346 748 1415 φύντα
777 1347 990 1415 Λόγον;
1030 1347 1127 1411 Τίς
1155 1349 1306 1400 ἐστιν
1338 1349 1367 1401 6
1411 1348 1654 1412 καταϐὰς
1693 1350 1788 1404 καὶ

231 1438 413 1501 dubi;
461 1437 716 1509 ὑπεράνω
782 1437 891 1491 τῶν
937 1437 1205 1509 οὐρανῶν,
1254 1440 1342 1493 ἵνα
1400 1439 1665 1512 πληρώσῃ
1717 1440 1787 1495 τὰ

235 1529 417 1593 adyta;
448 1524 557 1599 ἆρα
601 1529 665 1582 τὸ
696 1528 879 1583 πάντα
924 1527 1188 1582 δύνασθαι
1232 1529 1495 1600 πληροῦν,
1525 1531 1623 1601 τῆς
1664 1530 1785 1585 καθ’

222 1622 349 1689 ἡμᾶς
396 1623 618 1690 φύσεως
662 1620 824 1691 ἔργον
873 1617 1014 1675 εἶναι
1062 1621 1200 1692 φὴς,
1250 1623 1345 1675 καὶ
1388 1624 1501 1686 τοῖς
1552 1623 1652 1693 τῆς
1685 1624 1784 1677 ἀν-

222 1711 552 1785 θρωπὸτητος
603 1713 830 1782 ἀνάψεις
886 1712 1142 1784 μέτροις;
1198 1715 1327 1784 περὶ
1373 1713 1519 1777 τίνος
1574 1715 1783 1785 γέγρα-

217 1822 305 1872 ςεν
331 1808 356 1858 6
389 1807 668 1877 μακάριος
705 1804 963 1874 Ἰωάννης
986 1844 1001 1870 ,
1045 1823 1062 1856 ι
1108 1802 1164 1858 '0
1204 1804 1410 1859 ἀνωθεν
1454 1806 1783 1876 ἐρχόμενος,

217 1897 387 1950 ἐπάνω
438 1898 659 1950 πάντων
715 1896 892 1961 ἐστίν;
943 1915 961 1947 ι
1015 1898 1085 1949 Ἣ
1137 1896 1278 1967 τάχα
1325 1915 1427 1950 που
1481 1899 1575 1951 καὶ
1626 1899 1788 1962 αὐτὸς

215 1988 666 2059 ᾁευδομυθήσειεν
712 1987 779 2040 ἂν
812 1990 929 2051 τοῖς
969 1987 1236 2041 Ἰουδαίων
1274 1988 1468 2059 δήμοις
1515 1989 1787 2059 ἐπιτιμῶν

220 2098 273 2133 τε
316 2081 409 2134 καὶ
437 2081 644 2147 λέγων’
684 2100 702 2132 ι
744 2079 935 2150 Ὑμεῖς
963 2080 1027 2133 ἐκ
1059 2080 1168 2133 τῶν
1212 2079 1362 2133 κάτω
1401 2082 1544 2146 ἐστὲ,
1580 2080 1690 2149 ἐγὼ
1723 2082 1788 2134 ἐκ

227 2168 327 2221 τῶν
356 2170 465 2222 ἄνω
500 2169 643 2238 εἰμες
673 2189 689 2219 ι
717 2169 811 2222 καὶ
846 2168 1010 2222 πάλιν
1030 2185 1042 2198 ⁸
1082 2188 1100 2220 ι
1140 2166 1283 2237 Ἐγὼ
1311 2170 1411 2223 οὐκ
1449 2172 1565 2240 εἰμὶ
1595 2172 1659 2224 ἐκ
1691 2171 1786 2224 τοῦ

235 2260 433 2329 κὸσμου
459 2260 657 2313 τούτου.
696 2281 713 2311 ι
752 2262 815 2314 Εἰ
862 2261 975 2331 γὰρ
1011 2256 1080 2331 ἦν
1107 2260 1392 2339 ἄνθρωπος
1416 2264 1482 2316 ὲκ
1526 2263 1788 2331 γυναικὸς

230 2353 362 2406 καθ’
390 2353 481 2406 ἕνα
507 2354 605 2406 τῶν
634 2354 819 2418 ἄλλων,
845 2355 938 2407 καὶ
967 2353 1086 2423 οὐχὶ
1114 2352 1178 2423 δὴ
1206 2354 1407 2424 μᾶλλον
1435 2354 1790 2426 σεσαρκωμέ-

222 2459 333 2505 νος,
363 2444 460 2496 καὶ
487 2445 548 2495 ἐν
573 2443 867 2513 ἀκιιθριιοπιεὶξ⁸
894 2446 1078 2515 μορφῇ
1121 2443 1398 2515 πεφηνὼς,
1431 2446 1459 2498 6
1488 2444 1695 2500 ἄνωθέν
1728 2463 1788 2499 τε

216 2533 308 2587 καὶ
343 2535 408 2585 ἐκ
442 2532 585 2585 Θεοῦ
620 2533 835 2603 Πατρὸς
862 2533 1049 2602 Λόγος,
1076 2532 1193 2597 πῶς
1220 2534 1285 2587 ἂν
1311 2537 1483 2588 νοοῖτο
1524 2535 1619 2588 καὶ
1645 2532 1789 2588 ἀνω-

217 2623 302 2677 θεν
351 2624 442 2678 καὶ
490 2623 551 2688 ἐξ
595 2622 862 2693 οὐρανοῦ;
900 2624 1020 2687 πῶς
1067 2624 1250 2678 ἐπάνω
1296 2625 1513 2678 πάντων
1561 2625 1657 2680 καὶ
1692 2625 1792 2681 οὐκ

217 2718 318 2771 ἀπό
349 2735 409 2786 γε
438 2715 531 2769 τοῦ
569 2717 778 2787 κόσμου
802 2755 819 2778 ,
854 2717 947 2770 καί
975 2734 1057 2769 τοι
1087 2717 1289 2788 κόσμου
1337 2717 1506 2788 μέρος
1529 2717 1791 2789 ὑπάρχων

216 2808 296 2863 Bai
324 2811 422 2881 τὴν
474 2809 653 2880 σάρκα
678 2850 695 2875 ,
731 2807 828 2861 καὶ
874 2809 996 2862 ὅσον
1038 2806 1172 2880 ἧκεν
1217 2810 1393 2863 εἰπεῖν
1426 2809 1567 2863 κατά
1615 2826 1681 2878 γε
1730 2809 1792 2862 τὸ

216 2900 420 2971 πρέπον
450 2904 517 2972 τῇ
544 2900 927 2971 ἀνθρωπότητι
961 2899 1182 2972 μέτρον,
1210 2900 1451 2970 γεγονὼς
1481 2900 1619 2971 μετὰ
1655 2902 1792 2956 πάν-

212 3010 319 3046 των
348 2993 454 3045 ὑπὸ
484 2992 619 3046 Θεοῦ
644 2991 872 3066 ;Ταῦτῃ
896 3009 1000 3056 τοι,
1029 2994 1122 3046 καὶ
1160 2992 1291 3045 Θεὸν
1322 2991 1514 3046 ἑαυτοῦ
1548 2993 1790 3047 κατωνό-

1890 528 2111 597 minem,
2149 533 2397 602 quisnam
2446 531 2621 588 factus
2661 540 2746 589 est
2784 532 2885 588 sub
2922 530 3077 602 lege?
3114 532 3276 589 illene
3320 530 3480 625 Deus.

1890 620 2126 677 Verbum
2145 627 2168 674 ’ξ

2533 760 2683 818 CAP.
2728 761 2813 817 Ill.

1959 890 2076 945 Jam
2110 906 2238 947 vero
2276 893 2543 963 quomodo
2588 910 2691 948 nun
2739 895 2810 948 sit
2860 894 3016 962 plane
3062 894 3330 964 stupidus,
3369 896 3462 965 qui

1888 996 1977 1037 res
2011 983 2145 1036 adeo
2180 983 2379 1048 claras,
2418 994 2473 1038 et
2506 983 2759 1038 omnibus
2807 994 2984 1056 notas,
3009 994 3061 1038 et
3090 982 3159 1037 ab
3187 982 3335 1037 omni
3366 984 3465 1037 du-

1888 1071 2149 1127 bitatione
2192 1071 2421 1137 alienas,
2461 1072 2606 1142 quod
2652 1074 2719 1128 ad
2766 1073 2946 1143 ipsum
2980 1074 3197 1139 attinet,
3235 1082 3467 1127 conatur

1888 1163 2172 1218 evertere?
2201 1162 2371 1229 Quem
2396 1165 2552 1219 nobis
2577 1162 2742 1220 Pater
2776 1165 2844 1219 de
2874 1164 3014 1220 coelo
3048 1164 3195 1218 misit
3219 1161 3469 1218 Salvato-

1889 1268 2001 1309 rem
2050 1267 2114 1309 ac
2162 1252 2621 1324 Redemptorem?
2671 1270 2850 1310 nonne
2900 1254 3076 1324 ipsum
3121 1253 3353 1309 Verbum
3398 1254 3468 1308 de

1888 1360 1984 1401 sua
2019 1346 2258 1402 essentia
2313 1347 2539 1401 natum?
2566 1346 2825 1413 Quisnam
2872 1346 2960 1401 ille
2994 1354 3078 1401 est
3106 1346 3197 1415 qui
3222 1334 3468 1400 'desccn-

1889 1436 1969 1514 dit
1998 1443 2054 1491 et
2095 1435 2343 1491 ascendit
2389 1451 2552 1507 super
2594 1437 2784 1504 cmlos,
2831 1447 2889 1491 ut
2919 1436 3171 1505 impleret
3206 1434 3469 1491 omniu'?

1887 1542 2015 1582 num
2053 1527 2160 1583 hoc
2192 1527 2365 1598 ipsum
2400 1544 2560 1598 posse
2588 1530 2770 1584 omnia
2817 1528 3061 1600 implere,
3107 1538 3308 1609 nostra:
3345 1543 3469 1584 esse

1886 1633 2021 1688 opus
2061 1629 2271 1675 natura;
2326 1630 2505 1690 putas,
2558 1630 2613 1676 et
2659 1621 3014 1675 humanitatis
3056 1635 3322 1675 mensura:
3369 1620 3469 1674 tri-

1890 1710 2042 1765 buis?
2079 1711 2146 1765 de
2195 1725 2429 1780 quonam
2485 1712 2703 1782 scripsit
2758 1711 2871 1783 39
2915 1713 3104 1767 beatus
3161 1711 3395 1767 Joannes
3448 1730 3464 1766 :

1817 1784 1859 1839 Β
1898 1817 1917 1850 σ
1952 1799 2054 1867 Qui
2112 1802 2398 1855 desursum
2448 1801 2634 1865 venit,
2681 1816 2842 1870 supra
2884 1801 3065 1856 omnia
3117 1800 3331 1855 est'h
3381 1800 3468 1853 An

1888 1891 2061 1958 ipsum
2088 1906 2305 1961 quoque
2339 1892 2561 1947 mentiri
2605 1891 2840 1948 fortasse
2870 1892 3164 1962 putandum
3196 1900 3299 1958 est,
3337 1905 3466 1945 cum

1887 1978 2193 2034 Judzeorum
2225 1981 2451 2051 populos
2473 1981 2768 2050 obiurgans
2803 1982 2933 2037 dicit
2962 2001 2975 2037 :
3011 2000 3031 2034 ι
3067 1982 3171 2038 Vos
3195 1982 3263 2038 de
3302 1983 3466 2038 deor-

1889 2084 2007 2125 sum
2049 2071 2202 2135 estis,
2245 2086 2349 2141 ego
2392 2073 2459 2128 de
2507 2074 2757 2141 supernis
2805 2089 2922 2129 sum
2945 2074 3047 2128 ⁸2»
3099 2082 3153 2130 et
3203 2089 3467 2130 rursum:

1896 2184 1914 2217 ι
1946 2165 2057 2235 Ego
2103 2180 2212 2220 non
2254 2180 2375 2220 sum
2416 2166 2485 2221 de
2534 2167 2638 2223 hoc
2677 2167 2880 2223 mundo
2902 2168 2945 2222 '.
2984 2188 3005 2221 ι
3039 2156 3172 2224 Nam
3217 2171 3265 2225 si
3305 2171 3468 2227 homo

1889 2266 2032 2313 esset
2056 2272 2123 2312 ex
2147 2256 2374 2312 muliere
2404 2256 2495 2311 uni
2527 2257 2747 2313 cuilibet
2775 2261 3003 2316 aliorum
3026 2262 3225 2328 simile,
3259 2277 3324 2319 ac
3354 2279 3462 2319 non

1889 2348 2069 2417 potius
2090 2348 2429 2402 incarnatum
2472 2357 2526 2403 et
2560 2350 2612 2405 in
2651 2350 2890 2405 humana
2913 2350 3085 2406 forma
3115 2361 3464 2421 conspectum

1891 2439 2021 2494 illud
2051 2441 2336 2496 desursum
2364 2452 2418 2495 et
2456 2454 2522 2494 ex
2558 2441 2669 2495 Deo
2705 2441 2871 2496 Patre
2906 2441 3161 2506 Verbum,
3196 2443 3470 2511 quomodo
3510 2466 3525 2473 ι

1891 2531 2177 2586 desursum
2215 2531 2355 2585 idem
2387 2540 2441 2585 et
2472 2531 2538 2586 de
2567 2530 2709 2587 caelo
2739 2531 3172 2602 intelligeretur?
3200 2534 3470 2603 quomodo

1892 2636 2057 2691 supra
2093 2621 2276 2675 omnia
2327 2630 2382 2676 et
2428 2634 2534 2675 non
2588 2621 2655 2676 de
2703 2622 2925 2686 mundo,
2965 2624 3214 2691 quamvis
3252 2634 3472 2693 propter

1893 2729 2111 2769 carnem
2159 2729 2284 2783 pars
2314 2722 2463 2768 esset
2509 2714 2716 2778 mundi,
2753 2723 2809 2769 et
2854 2725 3115 2784 quantum
3165 2715 3347 2771 dicere
3388 2716 3472 2772 fas

1893 2816 1994 2871 est,
2026 2821 2091 2860 ex
2134 2820 2386 2865 mensura
2416 2821 2536 2875 qua:
2566 2806 2887 2862 humanitati
2913 2809 3187 2873 convenit,
3230 2809 3334 2863 sub
3364 2809 3469 2863 Dea

1894 2898 2094 2952 factum
2157 2914 2280 2953 cum
2336 2899 2625 2956 omnibus?
2671 2900 2785 2955 llac
2839 2899 3045 2955 ratione
3093 2902 3256 2955 etiam
3303 2899 3472 2956 Deum

1894 3006 2050 3045 suum
2081 2991 2386 3059 appellabat
2429 2992 2604 3060 ipsum
2645 2989 2882 3057 Patrem,
2918 2993 3166 3062 quamvis
3196 2994 3311 3060 ipse
3342 3008 3474 3061 quo-

218 3081 363 3149 μαζε
393 3082 486 3134 τὸν
513 3081 755 3152 Πατέραο
789 3081 972 3135 καίτοι
1007 3082 1167 3150 φύσει
1203 3084 1300 3136 καὶ
1333 3082 1494 3147 abst;
1527 3084 1789 3154 ὑπάρχων

1898 3098 2003 3152 que
2047 3098 2112 3137 ex
2161 3094 2353 3138 natura
2402 3084 2545 3139 Deus
2590 3093 2757 3149 esset,
2787 3092 2845 3138 et
2900 3098 2967 3138 ex
3016 3085 3133 3153 ejus
3170 3085 3472 3138 substantia

215 3172 354 3235 Θεὸς
374 3211 392 3237 ,
417 3172 506 3225 καὶ
535 3174 595 3225 ἐκ
624 3173 718 3243 τῆς
745 3173 935 3237 οὐσίας
972 3173 1138 3227 αὑτοῦ
1176 3175 1431 3244 πεφηνὼς
1472 3175 1598 3239 Υἱὸς
1633 3192 1791 3245 μονο-

217 3265 397 3334 γενής.
450 3263 581 3333 Περὶ
632 3264 776 3327 τίνος
824 3264 932 3334 ἄρα
983 3266 1144 3336 φησὶν
1207 3268 1235 3319 6
1284 3267 1553 3337 μακάριος
1609 3266 1791 3332 Δαὸὶδ,

216 3375 233 3405 ι
257 3356 637 3421 Ἐξαπέστει).ε
670 3356 763 3410 τὸν
784 3357 957 3425 Λόγον
988 3358 1179 3425 αὐτοῦ,
1199 3359 1294 3411 καὶ
1324 3359 1510 3412 ἰάσατο
1530 3358 1722 3422 αὐτούς
1744 3375 1789 3422 ;›

214 3446 426 3499 Σέεωκε
467 3448 577 3517 γὰρ
611 3449 790 3517 ἡμᾶς,
837 3449 896 3501 οὐ
944 3448 1222 3520 πρέσϐυς,
1254 3450 1353 3502 οὐκ
1380 3449 1641 3518 ἄγγελος,
1679 3449 1794 3503 ἀλλ’

215 3540 371 3602 αὐτὸς
400 3543 429 3592 6
456 3540 685 3610 Κύριος,
717 3540 860 3593 κατὰ
884 3540 983 3604 τὰς
1011 3541 1256 3611 Γραφάς.
1294 3540 1455 3595 Ἀλλά
1490 3542 1577 3595 ναί
1608 3560 1772 3613 φησιν

216 3631 243 3680 6
270 3633 445 3683 πάντα
477 3629 720 3700 πληροῦν
762 3629 1057 3702 δυνάμενος
1085 3630 1218 3695 Θεὸς
1244 3631 1415 3700 Λόγος
1441 3631 1791 3686 ἀπέσταλται.

221 3720 348 3773 Tia:
378 3722 580 3790 τρόπον
603 3737 618 3784 ;
644 3719 748 3772 ποῦ
775 3720 882 3793 γάρ
919 3721 1018 3774 οὐκ
1047 3717 1188 3775 εἷναί
1213 3739 1393 3793 φαμεν
1418 3723 1613 3789 αὐτόνς
1644 3722 1676 3795 ἦ
1704 3723 1797 3776 καὶ

224 3811 337 3864 ὅποι
388 3812 808 3884 πεμφθήσεται;
840 3812 1265 3884 καταγορεύσεις
1295 3810 1388 3867 οὖν
1424 3815 1531 3884 ἄρα
1573 3815 1665 3867 καὶ
1702 3814 1797 3867 τοῦ

232 3907 497 3971 sava/sema
514 3903 870 3967 Μωσέως,ὠς
902 3904 999 3974 τὴν
1029 3904 1339 3976 ἀπόρρητον
1365 3904 1459 3957 τοῦ
1478 3903 1610 3957 Θεοῦ
1641 3904 1799 3968 δόξαν

240 3995 301 4044 οῦ
335 3994 554 4061 μετρίως
580 3994 914 4065 ἡδικηκότα;
945 3993 1046 4065 ἔφη
1077 3996 1207 4066 γὰρ,
1227 3995 1308 4048 ὃτι
1343 4012 1361 4045 ι
1397 3993 1793 4064 Καταὸἐϐηκεν

241 4083 271 4134 ὀ
302 4082 428 4146 Θεὸς
454 4084 572 4137 εῖδει
602 4084 773 4155 πυρὸς
813 4084 907 4137 ἐπὶ
935 4084 995 4137 τὸ
1019 4083 1143 4156 ὅρος
1177 4084 1325 4136 Σινᾶ.
1368 4104 1387 4137 ι
1422 4082 1538 4136 Κᾶν
1564 4081 1802 4154 ἀκούσῃς

229 4172 476 4241 λέγοντος
508 4174 600 4228 τοῦ
634 4175 910 4247 μακαρίου
959 4175 1125 4228 Δαϐὶδ
1179 4175 1314 4246 πρὸς
1345 4174 1455 4227 τῶν
1494 4175 1630 4228 ὅλων
1665 4191 1802 4245 κρα-

221 4268 415 4320 τοῦντα
463 4266 629 4319 Θεὸν
664 4286 685 4319 ι
728 4267 1133 4333 Ἐξαποστελεῖς
1182 4265 1243 4320 τὸ
1270 4265 1496 4337 Πνεῦμά
1542 4283 1659 4333 σου,
1708 4266 1803 4320 καὶ

222 4358 646 4428 κτισθήσονταν
708 4357 803 4410 καὶ
854 4358 1189 4420 ἀνακαινιεῖς
1244 4358 1307 4410 τὸ
1361 4356 1653 4429 πρόσωπον
1705 4357 1805 4426 τῆς

1895 3175 2064 3231 Filius
2098 3177 2406 3245 unigenitus
2446 3176 2769 3232 exstitisset.
2804 3175 2879 3231 De
2908 3191 3140 3246 quonam
3171 3190 3301 3246 ergo
3345 3175 3476 3231 dicit

1896 3265 2087 3320 beatus
2140 3266 2351 3322 David:
2390 3269 2581 3335 «Misit
2638 3266 2874 3323 Verbum
2927 3283 3106 3334 suum,
3152 3277 3205 3320 et
3265 3268 3478 3322 sanavit.

1896 3372 1991 3411 cos
2014 3357 2095 3410 3‘?
2125 3376 2142 3409 ι
2183 3357 2424 3413 Salvavit
2446 3360 2591 3414 enim
2630 3374 2730 3413 nos
2764 3374 2868 3412 non
2904 3359 3135 3427 legatus,
3176 3374 3279 3413 non
3312 3373 3478 3429 ange-

1897 3449 2014 3515 lus,
2075 3453 2169 3505 sed
2212 3452 2328 3520 ipse
2386 3451 2685 3518 Dominus,
2735 3451 3032 3507 secundum
3093 3451 3406 3522 Scripturas
3429 3451 3474 3505 ⁸.

1901 3544 2053 3608 Esto,
2098 3531 2571 3612 inquil,iVerbnm
2614 3544 2755 3613 quod
2792 3543 2973 3598 omnia
3009 3550 3186 3613 potest
3228 3542 3473 3614 implere,

1899 3636 2123 3690 missum
2148 3644 2235 3689 est
2265 3653 2279 3688 :
2308 3636 2401 3690 sed
2433 3635 2739 3706 quomodo?
2761 3636 2848 3690 ubi
2882 3635 3027 3690 enim
3068 3651 3173 3690 non
3204 3636 3332 3690 illud
3357 3650 3478 3691 esse

1900 3727 2181 3782 dicemus?
2219 3736 2311 3782 aut
2335 3743 2445 3797 quo
2475 3727 2760 3782 mittetur?
2786 3727 3130 3784 lnsimulabis
3170 3729 3333 3801 igitur
3361 3728 3482 3784 Mo-

1900 3834 1996 3875 sen
2037 3821 2188 3875 illum
2221 3821 2711 3891 sapientissimum,
2760 3821 2914 3890 quasi
2952 3830 3057 3875 n‘on
3087 3821 3350 3876 mediocri
3395 3821 3480 3875 itt-

1895 3911 2040 3980 juria
2080 3909 2174 3963 Dei
2225 3909 2451 3979 gloriam
2490 3908 2770 3977 affecerit;
2801 3908 2937 3963 dixit
2962 3908 3152 3963 enim:
3189 3929 3206 3960 ι
3243 3908 3481 3964 Descen-

1902 4001 1984 4055 dit
2041 3999 2185 4055 Deus
2242 3999 2380 4069 ignis
2449 3999 2631 4067 specie
2688 4000 2741 4053 in
2804 4006 3041 4052 montem
3100 3997 3302 4064 Sina';
3336 4016 3355 4050 ι
3425 4009 3482 4053 et

1902 4092 2150 4162 quamvis
2183 4091 2401 4146 beatum
2430 4088 2599 4144 David
2640 4089 2830 4145 audias
2855 4088 3038 4145 dicere
3068 4090 3309 4144 omnium
3342 4104 3482 4161 pra:-

1904 4181 2109 4254 potenti
2143 4179 2253 4236 Deo
2286 4195 2302 4234 :
2336 4199 2355 4231 ι
2383 4181 2612 4233 Etnittes
2639 4176 2902 4247 Spiritum
2941 4189 3115 4244 tuum,
3138 4187 3193 4234 et
3216 4179 3483 4235 creaban-

1908 4282 2012 4339 tur,
2062 4281 2117 4326 et
2155 4269 2441 4326 renovabis
2487 4268 2685 4324 faciem
2731 4268 2963 4323 terras“:
3010 4286 3031 4321 ι
3084 4267 3317 4323 fortasse
3376 4282 3481 4321 non

1907 4364 2118 4427 credes,
2169 4372 2225 4417 et
2274 4362 2549 4417 hominem
2611 4361 2705 4416 Dei
2759 4361 2951 4429 spiritu
2999 4360 3215 4430 plenum
3266 4361 3483 4414 mentiri

222 4452 319 4520 γῆς
342 4468 354 4480 ·
394 4471 415 4501 ι
448 4451 781 4520 ἀποστήσας
811 4448 937 4521 [ἵσ.
968 4448 1329 4521 ἀπιστήσεις]
1357 4448 1497 4521 τάχα
1531 4466 1632 4502 που
1653 4487 1668 4512 ,
1708 4448 1793 4501 καὶ

1909 4455 2123 4523 putabis
2153 4473 2167 4508 :
2200 4469 2376 4524 neque
2412 4453 2559 4508 enim
2591 4452 2734 4508 Deus
2769 4452 3050 4520 migrando
3081 4458 3346 4514 movetur,
3389 4464 3487 4503 uc-

212 4545 583 4615 ᾁεπηγορεῐν
621 4545 783 4615 οἰήσῃ
824 4543 912 4596 τὸν
958 4543 1439 4613 πνευματοφόρον;
1485 4543 1546 4594 οὺ
1581 4542 1690 4613 γάρ
1724 4557 1805 4594 τοι

212 4638 433 4707 κίνησιν
489 4635 866 4707 μεταϐατικὴν
896 4638 1131 4689 ποιεῖται
1172 4635 1232 4688 τὸ
1259 4635 1414 4687 Θεῖον
1441 4650 1454 4662 ·
1485 4634 1595 4687 οὐδ’
1632 4634 1699 4688 ἂν
1737 4633 1802 4686 ἐκ

210 4732 378 4784 τόπου
419 4732 562 4800 πρὸς
608 4728 768 4782 τόπον
816 4728 1255 4799 μεταχωρήσειεν
1299 4725 1387 4789 ἂν,
1437 4726 1512 4786 ὡς
1537 4725 1637 4779 οὐκ
1689 4724 1806 4777 ἐνὸν

213 4823 363 4893 alr-.1;
417 4823 484 4874 τὸ
512 4823 574 4873 ἐν
633 4822 799 4874 πᾶσιν
852 4815 993 4874 εἶναι
1049 4819 1144 4872 καὶ
1192 4820 1261 4872 τὰ
1311 4818 1490 4872 πάντα
1540 4815 1804 4889 πληροῦν.

210 4915 410 4969 Ταῦτά
448 4929 556 4965 που
587 4912 683 4964 καὶ
711 4911 730 4984 [
754 4912 839 4967 ισ.
867 4909 1051 4983 κατὰ]
1084 4910 1276 4963 σαυτόν
1295 4926 1309 4938 ·
1348 4909 1504 4980 λογιῇ
1531 4909 1588 4962 δὲ
1621 4909 1805 4973 πάλιν,

212 5010 306 5060 καὶ
345 5008 470 5060 τῶν
514 5003 734 5076 ἀληθῶν
768 5005 1131 5074 ἀπαναστήση
1161 5002 1468 5073 δογμάτων.
1517 5000 1697 5071 σαυτῷ
1746 5016 1806 5052 τε

211 5102 307 5152 καὶ
353 5099 514 5170 μόνῳ
562 5095 981 5151 κατακολουθεῖν
1012 5096 1287 5167 ᾑρημένος
1306 5111 1318 5122 ·
1368 5093 1482 5147 ἀλλ’
1515 5089 1662 5164 ἦσθά
1700 5108 1803 5147 που

210 5195 445 5252 πάντως
474 5192 534 5242 ἐν
561 5189 838 5258 ἀμείνοσιν
860 5184 1087 5250 ἐννοίαις
1110 5188 1287 5239 ἐκεῖνο
1312 5183 1769 5255 διενθυμούμενος
1788 5199 1803 5215 ·

203 5281 289 5343 ὡς
320 5282 475 5342 ista;
501 5282 635 5349 ἡμῖν
661 5279 690 5329 6
719 5278 849 5350 περὶ
873 5277 1010 5331 Θεοῦ
1042 5276 1214 5345 Λόγος
1250 5275 1543 5344 πεποίηται
1573 5275 1673 5344 μὲν
1713 5276 1810 5328 ἀν⁹

204 5369 548 5439 Θρωπίνως·
580 5370 779 5420 νοεῖται
806 5384 872 5436 γε
904 5368 1045 5437 μὴν,
1092 5365 1167 5428 ὡς
1217 5364 1282 5418 ἆν
1329 5363 1478 5435 αὑτῷ
1516 5364 1610 5416 καὶ
1660 5363 1808 5435 μόνῳ

198 5464 464 5528 πρέποι·
511 5459 845 5531 τεθορύϐηκε
890 5459 947 5513 δὲ
988 5460 1050 5512 οὺ
1107 5458 1341 5528 μετρίως
1392 5456 1524 5510 αὐτὸ
1569 5456 1647 5521 τὸ,
1702 5457 1809 5510 ὑπὸ

300 5662 542 5728 ‘pres.
579 5676 650 5720 εν.
681 5660 762 5714 10.
841 5660 861 5690 ³
884 5658 1040 5714 Junii.
1076 5676 1156 5721 tu,
1180 5661 1270 5715 31.

199 5749 340 5799 ιιι,
380 5736 472 5787 I8.
574 5732 594 5761 ‘
620 5730 760 5784 l'sal.
803 5744 922 5793 Clll,
956 5733 1044 5784 30.
1147 5733 1166 5761 ⁸
1190 5730 1370 5787 Calai.
1399 5744 1470 5798 tv,
1501 5730 1554 5784 4.

521 5826 787 5889 ΡΑτιιοι.
832 5826 948 5889 Gn.
978 5825 1243 5890 LXXVI.

1346 5660 1366 5690 ³
1391 5658 1547 5712 .Ioatt.
1589 5676 1699 5729 tttt,
1734 5662 1823 5718 ‘25.

1908 4561 2016 4617 que
2051 4546 2119 4600 de
2156 4544 2274 4599 loco
2309 4544 2379 4599 ad
2404 4544 2583 4599 locum
2614 4544 2828 4607 transit,
2857 4541 3081 4613 perinde
3113 4557 3178 4597 ac
3213 4542 3260 4597 si
3295 4555 3403 4596 non
3432 4540 3487 4596 ei

1911 4635 2189 4705 proprium
2218 4634 2289 4690 sit
2334 4634 2388 4689 in
2424 4636 2679 4689 omnibus
2722 4648 2846 4689 esse
2881 4642 2938 4689 et
2969 4634 3149 4688 omnia
3192 4631 3483 4703 complere.

1910 4725 2036 4782 Haec
2068 4735 2245 4781 tecum
2275 4727 2389 4796 ipse
2422 4726 2661 4780 vicissim
2713 4723 3000 4795 cogitabis,
3027 4732 3085 4779 et
3129 4739 3157 4778 a
3192 4737 3323 4778 vera
3368 4737 3491 4777 sen-

1913 4818 2078 4874 tentia
2129 4816 2414 4882 discedes,
2462 4816 2555 4871 tibi
2604 4817 2707 4884 ipsi
2758 4826 2813 4871 et
2849 4817 3068 4885 quidem
3114 4815 3216 4870 soli
3262 4813 3487 4882 obsequi

1919 4918 2127 4963 certus.
2175 4907 2281 4963 Sed
2330 4908 2382 4961 in
2436 4906 2649 4961 meliori
2701 4923 2852 4962 esses
2891 4907 3077 4976 utique
3124 4904 3392 4960 sententia
3440 4907 3508 4961 si.

1917 5001 2044 5055 illud
2088 5000 2376 5071 cogitares,
2424 5015 2641 5053 omnem
2684 5015 2712 5052 a
2741 5000 2894 5055 nobis
2934 4999 3000 5052 de
3042 4998 3151 5051 Deo
3183 5008 3487 5050 sermonem

1917 5093 2102 5148 haberi
2137 5091 2356 5161 quidem
2407 5092 2645 5144 humano
2691 5106 2860 5154 more,
2909 5090 2989 5144 sic
3022 5097 3199 5141 tamen
3238 5085 3487 5159 intelligi,

1916 5193 1974 5238 ut
2009 5184 2083 5238 illi
2120 5182 2221 5238 soli
2261 5183 2535 5237 convenit.
2577 5172 2680 5237 Sed
2711 5181 2857 5233 illum
2897 5194 3002 5232 non
3051 5177 3240 5233 leviter
3271 5187 3492 5232 contur-

1917 5279 2087 5343 bavit,
2132 5277 2275 5346 quod
2322 5275 2416 5329 Dei
2465 5273 2645 5328 Patris
2698 5271 2928 5326 Verbum
2977 5269 3079 5325 sub
3123 5269 3243 5342 lege
3289 5268 3497 5324 factum

1915 5382 2037 5425 esse
2083 5367 2373 5423 dicitur”:
2414 5365 2592 5419 nullus
2644 5372 2825 5417 tamen
2884 5370 2970 5417 est
3013 5361 3066 5415 in
3121 5362 3223 5417 hac
3271 5374 3331 5415 re
3377 5371 3493 5412 me-

1920 5459 2100 5515 tuendi
2143 5459 2295 5515 locus
2324 5475 2340 5525 ;
2370 5471 2494 5511 nam
2539 5454 2837 5525 permansit
2870 5452 3015 5523 quod
3049 5463 3188 5519 erat,
3219 5447 3498 5519 legislator

1907 5661 1926 5693 '
1950 5659 2084 5716 ibid.
2194 5658 2238 5688 "
2263 5652 2401 5712 Psnl.
2429 5665 2535 5723 CVI,
2567 5654 2657 5712 20.
2740 5657 2758 5686 ⁶
2784 5655 2885 5711 lsa.
2921 5669 3076 5719 Litttt,
3112 5651 3167 5706 9.
3279 5648 3294 5679 '
3323 5641 3495 5703 Ειυάο

3094 5808 3131 5871 3
3169 5824 3177 5832 .
