4004 6202
498 359 574 418 7;,
814 405 831 412 ,
1487 354 1549 409 s.
1586 351 1860 408 CYRILLI
1901 349 2371 407 ALEXANDRINI
2412 352 2725 411 ARCHIEP.
3686 360 3756 415 7e

500 479 721 546 inquam
754 484 810 530 et
849 472 1013 527 Deus.
1052 470 1133 526 Ac
1170 471 1213 525 si
1260 484 1362 525 non
1388 468 1561 526 factus
1589 481 1735 528 esset
1761 472 1948 535 homo.
1977 486 2072 526 ne«

2182 471 2343 543 νόμον
2368 472 2624 542 λέγεσθαι
2652 475 2744 529 τὸν
2770 477 2835 529 ὲκ
2868 475 3004 530 Θεοῦ
3038 475 3250 547 Harpe;
3280 476 3611 546 γεγενῆσθαι
3654 478 3758 531 A6-

484 584 604 639 ,que
630 566 797 621 etiam
844 565 947 635 sub
978 562 1093 633 lege
1132 563 1309 618 lactus
1340 561 1551 618 fuisset.
1579 562 1685 618 Sed
1720 564 1844 633 quia
1889 578 2074 617 verum

497 669 583 713 est
619 657 855 726 seipsum
886 654 1222 717 humiliasse,
1267 654 1356 721 qni
1388 668 1454 708 ex
1499 665 1690 708 natura
1724 669 1817 709 sua
1860 669 2075 711 sursum

434 741 443 751 ’
499 758 615 804 erat
642 764 705 802 ac
746 746 1015 808 sublimis,
1054 754 1122 799 -ει
1153 754 1415 814 praeterea
1455 746 1651 801 factum
1698 744 2074 816 essemno-

502 845 599 899 stri
633 843 888 905 similem,
917 840 1009 908 qui
1040 853 1203 907 supra
1244 852 1461 892 omnem
1495 846 1801 892 creaturam
1835 844 1972 897 erat,
2022 844 2076 889 et

501 950 622 989 eum
662 934 811 987 dives
838 941 1006 993 esset,
1038 944 1334 1000 pauperem
1380 928 1725 983 factumesse
1759 927 1811 980 in
1842 944 1907 981 eo
1933 928 2075 996 quod

500 1038 583 1085 est
617 1025 795 1085 Iactus
826 1022 1022 1077 similis
1059 1021 1235 1076 nostri
1264 1020 1331 1083 “,
1363 1018 1634 1087 quomodo
1661 1020 1812 1073 nefas
1851 1018 1923 1072 sit
1952 1032 2075 1072 eum

498 1118 679 1172 dicere
727 1115 927 1170 factum
979 1128 1100 1169 esse
1160 1112 1441 1167 nobiscum
1491 1125 1555 1166 ac
1594 1110 1697 1165 sub
1748 1109 1905 1180 lege?
1938 1109 2076 1176 Quid

499 1209 683 1264 enim?
719 1224 786 1263 an
815 1222 922 1263 non
960 1217 1109 1263 reete
1141 1205 1407 1261 sentimus
1437 1217 1562 1258 cum
1592 1204 1840 1259 [inmanes
1866 1211 2078 1257 natura:

500 1317 810 1357 mensuram
840 1312 1093 1371 putamus
1122 1315 1188 1356 eo
1214 1297 1450 1362 deliniri,
1477 1297 1621 1367 quod
1653 1296 1725 1353 sit
1750 1294 2077 1366 legi‘suhje-

498 1393 625 1447 cla?
662 1407 786 1446 nam
816 1391 909 1446 illa
939 1390 1117 1446 soluta
1144 1398 1200 1444 et
1230 1402 1395 1457 supra
1422 1387 1598 1458 legem
1626 1387 1895 1450 essentia,
1924 1394 1980 1439 et
2008 1400 2075 1440 ex

498 1494 695 1539 natura
731 1497 793 1538 ac
827 1497 957 1539 vere
1006 1482 1201 1549 libera,
1246 1479 1382 1537 nihil
1413 1479 1562 1537 aliud
1603 1493 1726 1535 esse
1754 1486 1933 1550 petest
1971 1478 2076 1533 nisi

500 1577 681 1631 Deus:
708 1590 838 1645 ergo
869 1590 990 1634 eum
1025 1571 1262 1629 Verbum
1295 1571 1495 1627 factum
1521 1579 1603 1631 est
1624 1585 1774 1635 caro,
1808 1580 1918 1625 tum
1942 1585 2079 1641 quo-

490 1683 603 1737 que
643 1666 745 1721 sub
784 1667 901 1736 lege
951 1665 1157 1720 factum
1200 1673 1330 1720 est:
1365 1678 1489 1725 nam
1534 1677 1640 1723 una
1681 1677 1802 1717 cum
1862 1662 1948 1717 his
1985 1663 2076 1732 qui

500 1758 760 1813 trilnitum
807 1756 1136 1827 pendebant,
1186 1754 1499 1810 didrachma
1528 1754 1712 1825 posuit
1736 1754 1802 1820 “,
1832 1754 2079 1823 quamvis

497 1865 563 1902 ex
612 1863 709 1904 sua
760 1857 955 1902 natura
1004 1847 1145 1902 liber
1186 1857 1350 1913 esset,
1386 1856 1571 1916 utpote
1600 1844 1835 1902 Deusae
1884 1845 2103 1908 Filius,‘

496 1956 564 1994 ae
591 1940 755 1994 etiam
789 1953 855 1993 eo
899 1949 1141 2009 tempore
1177 1954 1284 2007 quo
1318 1939 1520 1993 factum
1548 1945 1635 1993 est
1662 1953 1818 1992 caro.
1854 1936 1948 1991 Sin
1981 1938 2077 1992 tibi

498 2033 682 2101 placet
720 2048 886 2085 unum
929 2031 984 2086 in
1032 2031 1147 2086 duo
1182 2030 1446 2096 dividere,
1491 2038 1547 2085 et
1589 2045 1713 2084 eum
1760 2029 1970 2100 quiest
2008 2043 2075 2084 ex

499 2123 749 2188 muliere,
777 2122 1005 2177 seorsim
1034 2122 1313 2177 hominem
1352 2123 1729 2192 pronuntiare,
1760 2137 2002 2192 quonam
2034 2122 2080 2177 is

505 2216 662 2272 modo
700 2215 813 2270 sub
854 2213 971 2284 lege
1015 2213 1193 2268 factus
1221 2213 1435 2267 dicetur
1481 2215 1573 2283 qui
1624 2223 1830 2269 natura:
1873 2215 1946 2271 sit
1971 2215 2078 2270 sub

501 2308 619 2378 lege
640 2305 870 2375 positae?
903 2303 1019 2360 Non
1046 2303 1191 2359 enim
1222 2305 1370 2373 quod
1398 2303 1511 2373 jam
1540 2313 1623 2360 est
1650 2304 1751 2374 legi
1780 2304 2078 2371 subditum,

500 2396 557 2453 id
594 2397 713 2455 ﬁeri
746 2396 846 2453 sub
870 2394 987 2464 lege
1017 2402 1221 2464 potest,
1250 2394 1344 2448 sed
1382 2393 1433 2447 id
1457 2395 1598 2463 quod
1638 2405 1890 2450 naturam
1916 2395 2079 2451 habet

501 2487 620 2554 lege
656 2486 1013 2555 superiorem,
1057 2496 1114 2539 et
1147 2493 1298 2539 extra
1334 2483 1529 2554 legem.
1561 2483 1689 2540 Sola
1721 2495 1803 2541 est
1823 2487 1989 2554 enim,
2020 2496 2078 2542 ut

503 2578 635 2646 dixi,
680 2577 766 2631 illa
795 2576 977 2633 divina
1013 2589 1377 2644 supremaque
1407 2585 1599 2630 natura
1626 2585 1680 2631 et
1714 2576 1854 2631 ultra
1883 2577 2075 2647 legem,

503 2676 557 2725 et
592 2674 851 2739 preterea
895 2664 1084 2731 libera,
1118 2673 1175 2719 et
1215 2679 1337 2734 quae
1384 2665 1489 2721 sibi
1528 2665 1841 2736 praefectum
1886 2668 2081 2724 habeat

495 2772 727 2829 prorsus
761 2755 1058 2822 neminem,
1091 2755 1186 2810 sed
1234 2755 1351 2824 ipsa
1384 2755 1456 2809 sit
1493 2756 1675 2826 potius
1706 2758 2076 2814 universorum

502 2848 742 2911 domina,
791 2856 845 2903 et
887 2844 1143 2903 omnibus
1198 2846 1362 2901 rebus
1410 2860 1521 2901 suae
1570 2848 1959 2904 dominationis
1991 2847 2080 2916 ju-

500 2960 627 3012 gnm
663 2947 923 3012 imponat.
956 2942 1060 2997 Sed
1090 2942 1198 2997 iste
1216 2942 1309 2996 -vir
1335 2956 1365 2995 a
1395 2949 1552 2994 recta
1602 2938 1961 2993 ratiocinandi
1990 2938 2076 2992 via

503 3054 626 3092 cum
673 3036 964 3099 ubcrraril,
996 3036 1049 3091 in
1095 3051 1216 3090 eam
1262 3044 1347 3090 est
1395 3034 1645 3103 delapsus
1690 3030 2077 3102 cogitationum

2177 583 2294 634 γον.
2338 567 2477 621 Ἀλλ’
2514 568 2672 621 οὐδὲν
2716 568 2773 622 ὲν
2805 568 2976 639 τούτῳ
3006 568 3067 621 τὸ
3112 568 3303 638 δεῖμα·
3340 567 3616 638 μεμένηκε
3644 568 3758 640 γὰρ

2176 658 2204 710 ὂ
2250 654 2352 729 ἦν’
2401 659 2698 730 νομοθέτης
2724 659 2963 731 δηλονότι
2997 659 3093 713 καὶ
3136 658 3288 722 Θεός.
3321 660 3433 712 Καὶ
3466 660 3514 711 εἰ
3555 660 3654 728 μὲν
3693 661 3758 712 οὐ

2176 749 2403 818 γέγονεν
2432 750 2736 822 ἄνθρωπος,
2771 752 2830 803 οὐ
2860 750 3080 819 γέγονεν
3108 750 3214 805 ὑπὸ
3245 750 3429 820 νόμον.
3449 751 3673 821 Ἐπειδὴ
3698 750 3761 804 δέ

2178 845 2325 895 ἐστιν
2360 841 2579 913 ἀληθὲς,
2602 843 2685 895 ὅτι
2713 842 3110 895 τεταπείνωκεν
3140 840 3331 895 ἑαυτὸν
3357 843 3385 894 ὁ
3428 842 3573 895 κατὰ
3595 841 3761 911 φύσιν

2181 934 2322 988 ίδίανν
2357 934 2469 988 ἅνω
2506 951 2608 988 που
2639 933 2734 989 καὶ
2760 933 2963 1005 ὑψηλός
2982 951 2995 966 ·
3045 930 3164 988 εἶτα
3190 933 3384 1003 γέγονε
3416 935 3539 989 καθ’
3573 924 3720 1006 ἡμᾶς
3742 973 3759 997 ,

2176 1029 2206 1081 ὀ
2236 1027 2378 1100 ὑπὲρ
2412 1031 2593 1084 πᾶσαν
2636 1029 2737 1100 τὴν
2778 1028 2986 1083 κτίσιν
3022 1029 3117 1083 καὶ
3149 1027 3404 1093 πλούσιος
3434 1028 3532 1097 ὢν,
3582 1029 3765 1083 ἐπτώ-

2178 1138 2340 1192 χευσε
2385 1121 2475 1175 διὰ
2516 1120 2611 1175 τοῦ
2641 1120 2892 1190 γενέσθαι
2918 1120 3040 1175 καθ’
3071 1122 3238 1192 ἡμᾶς,
3279 1119 3398 1185 πῶς
3428 1121 3528 1175 οὐκ
3566 1121 3633 1176 ἂν
3669 1121 3764 1175 λέ-

2178 1230 2330 1282 γοιτο
2359 1212 2479 1285 μεθ’
2503 1214 2660 1286 ήμῶν
2689 1213 2943 1282 γενέσθαι
2972 1214 3066 1266 καὶ
3092 1213 3199 1266 ὑπὸ
3235 1212 3433 1285 νόμως
3465 1212 3499 1285 ἢ
3534 1212 3655 1285 [ian
3682 1209 3763 1285 ἦ]

2177 1305 2287 1377 γάρ
2327 1307 2390 1360 οὐ
2438 1303 2766 1377 λογιούμεθα
2813 1304 3139 1377 φρονοῦντες
3171 1304 3384 1376 ὀρθῶς,
3430 1304 3493 1359 τὸ
3520 1305 3620 1377 τῆς
3665 1306 3768 1360 ἀν·

2179 1396 2399 1468 θρώπου
2429 1397 2645 1466 φύσεως
2670 1396 2950 1468 ὁρίζεσθαι
2998 1395 3215 1467 μέτρον,
3258 1395 3333 1460 ὡς
3357 1394 3416 1449 ἐν
3443 1412 3507 1464 γε
3534 1394 3612 1466 τῷ
3646 1395 3766 1449 δεῖν

2178 1489 2274 1544 καὶ
2318 1489 2640 1544 ὑποκεῖσθαι
2688 1489 2871 1560 νόμως
2916 1488 2980 1543 τὸ
3022 1489 3130 1560 γὰρ
3175 1488 3372 1557 ἄφετόν
3399 1505 3457 1542 τε
3498 1489 3593 1543 καὶ
3617 1489 3764 1562 ὑπὲρ

2179 1579 2361 1650 νόμον,
2393 1577 2551 1649 φύσει
2577 1595 2637 1631 τε
2668 1578 2764 1631 καὶ
2794 1576 3009 1648 ἀληθῶς
3039 1575 3323 1647 ἐλεύθερον
3358 1574 3445 1646 εἴη
3473 1572 3540 1629 ἄν
3563 1573 3757 1647 ἕτερον

2178 1671 2350 1738 οὐδὲν,
2380 1670 2527 1743 »πλὴν
2573 1670 2656 1724 δτι
2687 1669 2749 1724 τὸ
2778 1670 2950 1724 Θεῖοψ
2996 1667 3193 1722 οὐκοῦν
3221 1667 3310 1721 ὅτε
3340 1666 3535 1735 γέγονε
3582 1664 3722 1737 σὰρξ
3743 1705 3761 1730 ,

2179 1765 2302 1819 τότε
2348 1764 2539 1833 γέγονε
2584 1765 2679 1818 καὶ
2753 1762 2859 1817 ὑπὸ
2902 1762 3100 1834 νόμον·
3145 1759 3461 1813 συνετέλεσε
3499 1758 3609 1830 γάρ
3644 1760 3762 1823 τοῖς

2175 1854 2570 1927 δασμολογοῦσι
2597 1855 2656 1908 τὸ
2683 1854 2976 1926 δίδραχμον
2996 1870 3009 1883 °
3041 1851 3217 1906 καίτοι
3255 1851 3399 1905 κατὰ
3427 1849 3591 1921 φύσιν
3621 1849 3760 1904 ίδίαν

2178 1947 2463 2019 ἐλεύθερος
2485 1947 2582 2012 ὢν,
2609 1947 2685 2011 ὡς
2708 1946 2837 2009 Θεὸς
2860 1945 2953 1998 καὶ
2976 1944 3123 2009 Υἱὸς,
3151 1943 3246 1998 καὶ
3269 1945 3357 1997 ὅτε
3382 1944 3575 2013 γέγονε
3596 1942 3756 2013 σάρξ.

2178 2041 2242 2094 El
2272 2038 2329 2094 δέ
2357 2056 2440 2092 σοι
2467 2038 2616 2093 δοκεῖ
2642 2038 2732 2091 τὸν
2776 2038 2873 2091 ἕνα
2902 2038 3124 2108 τέμνειν
3150 2038 3231 2102 είς
3261 2035 3388 2103 δύο,
3434 2035 3529 2089 καὶ
3575 2035 3761 2100 ίδικῶς

2180 2133 2311 2203 ἡμῖν
2342 2130 2628 2202 ἄνθρωπον
2659 2129 2982 2200 ἀποφαίνειν
3010 2128 3103 2182 τὸν
3129 2129 3194 2182 ὲκ
3222 2127 3480 2197 γυναικὸς
3500 2168 3515 2193 ,
3542 2127 3659 2192 πῶς
3691 2127 3760 2182 ἂν

2180 2222 2389 2291 λέγοιτο
2432 2221 2682 2290 γενέσθαι
2712 2221 2805 2273 καὶ
2835 2219 2940 2272 ὑπὸ
2965 2219 3149 2290 νόμον,
3200 2219 3229 2271 ὁ
3279 2218 3381 2289 τῆς
3425 2217 3533 2270 ὑπὸ
3585 2218 3753 2288 νόμον

2176 2314 2394 2383 φύσεως
2424 2312 2529 2379 (Iw;
2568 2313 2642 2366 Οὐ
2674 2312 2783 2381 γάρ
2811 2328 2891 2364 τοι
2918 2310 2980 2365 τὸ
3005 2310 3149 2381 ἕχον,
3179 2309 3242 2363 τὸ
3281 2309 3391 2363 δεῖν
3433 2308 3758 2363 ὑποκεῖσθαι

2176 2407 2354 2477 νόμῳ,
2385 2405 2579 2476 γένοιτ’
2604 2406 2670 2459 ἂν
2698 2403 2804 2457 ὑπὸ
2843 2403 3037 2474 νόμου,
3064 2401 3205 2456 ἀλλὰ
3228 2402 3286 2455 τὸ
3317 2401 3481 2471 φύσιν
3512 2401 3634 2473 ἔχον
3657 2400 3759 2472 τὴν

2178 2498 2320 2569 ὑπὲρ
2357 2493 2539 2567 νᾋμον,
2587 2497 2682 2550 καὶ
2726 2495 2830 2561 ἔξω
2878 2494 3067 2564 νόμου.
3103 2494 3257 2564 Μόνη
3304 2494 3433 2565 γὰρ,
3478 2493 3557 2554 ὡς
3585 2491 3755 2562 ἔφην,

2178 2589 2348 2650 ἐστὶν,
2399 2588 2432 2656 ἡ
2481 2585 2601 2639 θεία
2660 2602 2719 2637 τε
2754 2585 2849 2638 καὶ
2887 2583 3164 2656 ὑπερτάτη
3196 2583 3383 2651 φύσις,
3430 2581 3525 2633 καὶ
3571 2580 3757 2650 νόμων

2177 2677 2456 2738 ἐπέκεινα,
2488 2674 2586 2727 καὶ
2630 2674 2729 2744 μέν
2765 2690 2846 2726 τοι
2893 2673 2988 2726 καὶ
3028 2671 3323 2740 ἐλευθέρα’
3368 2668 3461 2721 καὶ
3496 2666 3589 2720 τὸν
3629 2668 3755 2719 ἑπι-

2182 2767 2385 2835 στάτην
2442 2766 2644 2835 ἔχουσα
2690 2761 2967 2824 παντελῶς
3015 2759 3228 2825 οὐδένα,
3278 2759 3629 2829 κατάρχουσα
3697 2756 3759 2811 δδ

2184 2857 2386 2929 μᾶλλον
2432 2858 2568 2923 αὐτὴ
2617 2854 2725 2908 τῶν
2751 2854 2908 2917 ὅλων,
2958 2851 3052 2905 καὶ
3085 2852 3219 2905 πᾶσι
3260 2850 3353 2904 τὸν
3383 2850 3585 2919 ἑαυτῆς
3623 2849 3759 2902 ὑπο-

2181 2950 2389 3004 τιθεῖσα
2431 2948 2613 3016 ζυγόν.
2664 2945 2723 3000 Ὀ
2771 2944 2828 2998 δὲ
2872 2943 3135 3014 λογισμοῦ
3189 2941 3283 2995 τοῦ
3326 2940 3633 3012 πρέποντος
3677 2938 3758 2993 δι-

2181 3039 2536 3114 ημαρτηκὼς,
2557 3037 2871 3100 δυσσεὸείας
2891 3038 2968 3100 είς
2983 3035 3140 3088 τοῦτο
3162 3033 3492 3088 κατὼλισθεν
3513 3031 3753 3098 ἐννοιῶν,

504 3130 861 3199 impietatem,
909 3135 966 3181 et
1012 3140 1183 3195 usque
1236 3125 1373 3180 adeo
1422 3123 1489 3179 ad
1542 3136 1783 3179 summas
1831 3119 2077 3192 pervenit

2182 3136 2274 3189 καὶ
2307 3136 2386 3195 είς
2414 3134 2582 3202 ἄκρον
2616 3131 2741 3203 ἣκει
2772 3129 3092 3198 σκαιότητος
3116 3168 3130 3192 ,
3164 3125 3270 3180 ἀπό
3296 3142 3360 3195 γε
3393 3125 3489 3178 τοῦ
3527 3125 3752 3197 διαιρεῖν

504 3221 736 3291 ineptias
778 3235 843 3276 ex
879 3234 943 3275 eo
969 3219 1112 3288 quod
1155 3233 1321 3272 unum
1365 3216 1654 3272 Dominum
1702 3214 1886 3269 Jesum
1917 3212 2079 3268 Chri-

504 3324 644 3369 stum
679 3313 731 3366 in
767 3313 875 3366 duo
902 3310 1115 3374 dividit,
1146 3318 1205 3365 ut
1236 3310 1497 3364 audacter
1517 3307 1716 3363 dixerit
1741 3306 1914 3376 ipsum
1945 3303 2077 3358 Em-

504 3405 805 3461 manueletn
842 3394 1021 3473 neque
1051 3418 1180 3458 vere
1217 3401 1386 3457 Deum
1420 3416 1562 3465 esse,
1610 3413 1787 3471 neque
1813 3408 2077 3469 praeterea

503 3498 801 3552 secundum
849 3506 1098 3557 naturam
1150 3493 1344 3557 Filium
1384 3512 1398 3546 :
1438 3492 1521 3547 sic
1565 3507 1695 3547 vero
1751 3489 2076 3561 appellatum

501 3588 777 3645 Christum
798 3597 853 3641 et
874 3596 1145 3650 sanctum,
1176 3594 1235 3639 ut
1261 3584 1351 3639 alii
1378 3599 1595 3652 quoque
1634 3580 1877 3639 nonnulli
1906 3580 2076 3636 nostri

502 3679 729 3741 similes,
777 3690 872 3732 aut
922 3679 1260 3746 iuipnrorum
1310 3675 1629 3733 daemonum.
1655 3673 1924 3729 cultores.
1982 3672 2075 3726 Sic

500 3786 735 3841 namque
770 3785 959 3825 rursus
985 3770 1121 3825 dixit
1150 3787 1164 3822 :

570 3863 838 3936 [Νεετωιι.
883 3863 990 3917 Sed
1014 3862 1157 3920 sicut
1189 3860 1422 3915 dicimus
1452 3861 1618 3913 Deum
1656 3857 1801 3912 illum
1830 3854 2076 3910 omnium

501 3957 877 4019 Conditorem,
917 3963 973 4009 et
1003 3952 1167 4008 deum
1196 3952 1370 4021 ipsum
1394 3949 1578 4004 nosen
1606 3965 1621 4002 :
1650 3965 1671 4000 ι
1701 3947 1870 4000 Deum
1908 3944 2077 4009 enim,

501 4051 698 4118 inquit,
732 4047 884 4117 posui
924 4056 976 4099 te
1006 4043 1278 4099 Pharaoni
1302 4043 1389 4107 ης
1422 4060 1442 4093 ι
1491 4049 1548 4095 et
1580 4040 1757 4110 ipsum
1801 4035 1968 4093 Israel
2016 4034 2079 4089 li-

500 4143 632 4197 lium
693 4141 789 4194 Dei
830 4158 844 4194 :
879 4156 900 4190 ι
930 4135 1143 4201 Filius,
1204 4133 1419 4204 inquit,
1472 4129 1864 4202 primogenitus
1925 4142 2080 4183 meus

501 4231 665 4285 Israel
684 4229 766 4293 ⁸⁸;
794 4246 813 4280 ι
848 4240 907 4281 ιιι
929 4228 1094 4281 etiam
1120 4224 1255 4280 Saul
1284 4226 1458 4295 ipsum
1487 4222 1719 4278 dicimus
1756 4220 2025 4276 ehristum
2058 4235 2075 4275 :

506 4338 526 4369 ι
560 4318 802 4381 Minime,
828 4317 1023 4385 inquit,
1051 4318 1339 4371 extendam
1373 4330 1594 4371 manum
1624 4327 1798 4368 meam
1829 4310 1884 4366 in
1926 4325 2076 4376 eum,

502 4412 627 4479 quia
671 4409 913 4464 christus
941 4408 1154 4462 Domini
1182 4418 1269 4463 est
1288 4407 1369 4473 “;
1407 4426 1426 4459 ›
1462 4418 1517 4462 et
1545 4406 1743 4477 Cyrum
1777 4403 2073 4460 similiter:

2180 3228 2262 3289 εἰς
2293 3224 2386 3278 δύο
2415 3224 2506 3277 τὸν
2532 3224 2630 3277 ἕνα
2675 3221 2881 3294 Κύριον
2918 3218 3127 3290 Ἰησοῦν
3162 3218 3417 3289 Χριστὸν,
3447 3217 3524 3280 ὡς
3550 3218 3752 3273 ἀνυπο-

2180 3318 2381 3381 στόλως
2411 3318 2615 3380 εἰπεῖν,
2659 3316 2797 3386 μήτε
2836 3312 2971 3367 Θεὸν
3001 3310 3240 3383 άληθῶς,
3301 3311 3440 3381 μήτε
3479 3309 3586 3382 μὴν
3620 3309 3747 3362 Υἱὸν

2179 3406 2316 3465 εἶναι
2368 3410 2509 3463 κατὰ
2551 3407 2712 3476 φύσιν
2761 3407 2852 3460 τὸν
2906 3404 3289 3476 Ἐμμανουήλ·
3331 3401 3643 3473 ὠνομάσθαι
3695 3402 3754 3456 δὲ

2177 3502 2318 3557 οὕτω
2353 3500 2586 3572 Χριστὸν
2620 3500 2715 3553 καὶ
2745 3498 2919 3568 ἅγιον,
2946 3496 3198 3568 καθάπερ
3231 3494 3422 3566 ἀμέλει
3452 3495 3544 3548 καὶ
3576 3493 3754 3565 ἕτεροί

2176 3613 2321 3659 τινες
2363 3595 2473 3648 τῶν
2518 3592 2640 3647 καθ’
2691 3592 2874 3664 ἡμᾶς,
2935 3591 3105 3662 ἤγουν
3159 3588 3268 3642 τῶν
3314 3588 3754 3660 λελατρευκότων

2178 3689 2289 3750 τοῖς
2314 3684 2647 3756 ἀκαθάρτοις
2671 3683 2923 3754 δαίμοσιν
2942 3698 2955 3711 ·
2992 3679 3096 3751 ἔφη
3124 3679 3232 3750 γὰρ
3259 3678 3404 3733 οὕτω
3438 3678 3618 3732 πάλιν·

2248 3861 2424 3934 [Ἀλλ’
2468 3860 2656 3931 ὥσπερ
2681 3858 2910 3928 λέγομεν
2939 3856 3072 3910 Θεὸν
3103 3856 3193 3910 τὸν
3238 3855 3456 3911 πάντων
3483 3857 3749 3924 Δημιουρο

2179 3950 2296 4018 γὸν,
2327 3949 2423 4002 καὶ
2436 3948 2559 4002 θεὸν
2574 3948 2666 4001 τὸν
2687 3947 2894 4001 Μωσέα
2914 3961 2929 3978 ο
2967 3965 2987 3997 ι
3017 3946 3151 4000 Θεὸν
3167 3943 3296 4017 γάρ,
3328 3944 3459 4016 φησι
3479 3983 3494 4008 ,
3529 3942 3754 3998 τέθεικά

2182 4057 2242 4095 σε
2279 4039 2376 4094 τοῦ
2406 4038 2628 4111 ⁴ῑαραώ·
2682 4057 2701 4090 a
2750 4037 2844 4091 καὶ
2891 4035 3006 4090 υἱὸν
3047 4036 3140 4090 τὸν
3184 4034 3401 4108 Ἰσραὴλ
3449 4033 3544 4088 τοῦ
3592 4034 3752 4088 Θεοῦ·

2184 4151 2206 4185 ι
2242 4131 2368 4195 Υἱὸς
2412 4130 2543 4202 γὰρ,
2578 4129 2742 4201 φησὶ,
2783 4126 3128 4199 πρωτότοκος
3162 4142 3262 4196 μου
3315 4125 3561 4197 Ἰσραήλ·
3606 4143 3625 4176 ι
3656 4124 3753 4177 καὶ

2178 4225 2367 4295 ὥσπερ
2418 4222 2649 4292 λέγομεν
2708 4219 2927 4292 χριστὸν
2971 4219 3063 4272 τὸν
3107 4216 3311 4272 Σαούλ·
3350 4235 3368 4267 ι
3397 4216 3469 4268 Οὐ
3508 4213 3582 4285 μὴ
3615 4213 3750 4283 γὰρ,

2179 4317 2363 4388 φησὶν.
2392 4314 2636 4367 ἐπιϐαλῶ
2661 4313 2759 4383 τὴν
2788 4312 2947 4384 χεῖρά
2975 4329 3076 4383 μου
3102 4310 3188 4364 ἐπ’
3216 4308 3495 4372 αὐτὸν,ὅτι
3526 4306 3750 4377 χριστὸς
3808 4358 3815 4363 .

2179 4408 2385 4477 Κυρίου
2431 4407 2578 4461 ἐστί·
2619 4423 2638 4457 ι
2674 4405 2770 4459 καὶ
2822 4403 3003 4474 Κῦρον
3044 4401 3329 4464 ὡσαύτως
3368 4418 3387 4451 ι
3418 4399 3558 4453 Τάδε
3598 4397 3754 4466 λέγει

509 4476 685 4557 illam
733 4501 864 4556 dicit
918 4499 1178 4556 Dominus
1229 4501 1436 4556 christo
1488 4476 1611 4555 meo
1660 4497 1803 4569 Cyro
1840 4498 1924 4566 ¹⁵;
1954 4516 1974 4550 ι
2021 4507 2077 4553 et

2182 4502 2385 4574 Κύριος
2406 4500 2484 4571 τῷ
2513 4497 2717 4571 χριστῷ
2749 4515 2850 4568 μου
2876 4496 3044 4568 Κύρῳ
3062 4510 3077 4526 ·
3102 4514 3121 4548 ι
3164 4494 3258 4548 καὶ
3289 4493 3382 4547 τὸν
3413 4489 3755 4544 Βαϐυλώνιον

504 4597 677 4664 ipsum
715 4592 1066 4664 Babylonium
1095 4600 1342 4648 sanctum
1377 4609 1391 4645 :
1422 4610 1442 4644 ι
1477 4589 1613 4659 Ego,
1651 4590 1846 4660 inquit,
1880 4589 2075 4659 praei-

503 4687 591 4756 pio
639 4684 827 4740 eis“:
864 4704 883 4736 ι
922 4685 1002 4739 sie
1039 4685 1275 4739 dicimus
1316 4685 1491 4753 ipsum
1533 4697 1751 4752 quoque
1787 4682 2077 4737 Dominum

501 4780 799 4842 Christum,
836 4787 891 4831 et
938 4775 1127 4841 Deum,
1184 4784 1241 4829 et
1287 4773 1510 4837 Filium,
1563 4783 1619 4827 et
1650 4781 1920 4828 sanetum.
1968 4771 2075 4827 Sed

498 4869 747 4939 quamvis
792 4868 981 4922 eadem
1032 4867 1103 4919 sit
1140 4864 1452 4921 communio
1498 4862 1800 4929 nominum,
1851 4877 1958 4918 non
1996 4871 2075 4917 ta-

500 4981 622 5019 men
657 4971 740 5020 est
768 4961 957 5018 eadem
986 4956 1270 5030 dignitas]

1146 5070 1299 5128 CAP.
1341 5071 1430 5128 IV.

569 5191 706 5256 Quid
735 5194 906 5249 dicis?
932 5192 1150 5265 qualem
1196 5203 1502 5245 sermonem
1543 5201 1759 5248 eructas
1800 5196 1867 5249 de
1916 5196 2082 5254 corde

570 5344 614 5423 ξ’
641 5345 681 5399 Il
707 5347 832 5401 Cor.
864 5350 1078 5423 vitt,_$_i._
1175 5348 1214 5379 “
1244 5347 1433 5423 Matth.
1473 5364 1603 5417 xvn,
1636 5352 1708 5407 23
1740 5368 1894 5423 seqq.

501 5416 544 5448 “
564 5413 671 5470 lsa.
700 5431 827 5482 xu,
868 5415 920 5468 1.
998 5418 1167 5473 “lsa.
1206 5435 1325 5485 χιιι,
1352 5420 1405 5473 5.

1999 5355 2043 5385 ³⁸
2082 5352 2253 5407 Exod.
2295 5368 2393 5416 \‘ll,
2442 5350 2491 5404 l.

2180 4598 2370 4666 ἅγιον
2407 4613 2426 4646 ι
2465 4591 2608 4661 Ἐγὼ
2643 4589 2773 4663 γὰρ,
2806 4590 2962 4660 φησι,
3000 4588 3283 4643 συντάσσω
3324 4586 3508 4648 αὐτοῖς
3535 4581 3646 4652 (ll)
3671 4597 3685 4612 ·
3732 4599 3751 4631 ι

2179 4686 2321 4740 οὓτω
2351 4684 2585 4754 λέγομεν
2629 4681 2717 4735 καὶ
2748 4679 2838 4732 τὸν
2863 4678 3140 4748 Δεσπότην
3170 4674 3432 4746 Χριστὸν,
3480 4672 3576 4725 καὶ
3623 4668 3759 4723 Θεὸν

2186 4778 2279 4833 καὶ
2310 4776 2436 4831 Υίὸν
2468 4776 2564 4829 καὶ
2605 4774 2783 4842 ἅγιον.
2820 4771 2959 4825 Ἀλλ’
2991 4771 3025 4841 ἡ
3073 4769 3170 4839 μὲν
3216 4764 3474 4821 κοινωνία
3502 4758 3612 4817 τῶν
3636 4762 3755 4816 dvo-

2185 4872 2370 4944 μάτων
2398 4869 2578 4939 ὁμοία,
2612 4867 2709 4936 οὐχ
2740 4868 2772 4936 ή
2802 4865 2936 4935 αὐτὴ
2965 4863 3009 4916 δ’
3042 4859 3206 4931 ἀξία]

2778 5076 3029 5132 ΚΕΦΛΛ.
3084 5076 3156 5127 Δ’.

2254 5197 2318 5252 Τί
2354 5197 2489 5267 (mg;
2525 5195 2675 5246 ποῖον
2698 5189 2899 5261 ὲρεύγῃ
2927 5186 3083 5255 λόγον
3109 5182 3219 5237 ἀπὸ
3250 5179 3477 5251 καρδίας
3503 5180 3599 5253 τῆς
3635 5181 3761 5252 σῆς,

2601 5346 2835 5401 "Exod.
2872 5362 2945 5412 tv,
2975 5344 3069 5397 ‘22.
3191 5342 3235 5373 ”
3272 5340 3290 5397 Ι
3336 5342 3468 5409 Reg.
3508 5351 3658 5401 sxw,
3703 5334 3758 5389 7.

1765 5550 1925 5608 ANT.
1965 5550 2242 5608 AGELLll
2285 5550 2516 5607 NOTAE.

577 5709 683 5781 (ll)
709 5710 939 5770 Omnino
969 5704 1248 5778 legendum
1279 5715 1384 5769 est,
1415 5707 1611 5781 άγίοις,
1639 5706 1887 5781 quamvis
1908 5707 2068 5781 codd.

500 5778 818 5854 repugnent,
873 5781 951 5839 sic
998 5789 1230 5843 namque
1277 5778 1564 5845 requirunt
1608 5779 1936 5847 sequentia:
1990 5778 2071 5834 sic

2181 5707 2343 5760 etiam
2383 5704 2583 5758 habent
2616 5701 2824 5757 Hebrmi
2859 5703 3015 5761 codd.
3052 5703 3203 5760 Isaiae
3254 5717 3376 5771 χιιι,
3415 5712 3468 5757 et
3514 5697 3759 5755 nonnulli

2179 5776 2377 5844 Graci,
2408 5773 2730 5847 ἡγιασμένοι
2755 5773 2882 5829 είσί.
