4004 6202
180 416 261 473 -ιτ
1324 402 1689 460 ADVERSUS
1726 398 2128 459 NESTORIUM
2167 400 2295 456 LIB.
2323 400 2392 457 ll.
2634 426 2637 429 ·
3374 407 3444 463 78

185 526 282 581 καὶ
309 524 407 576 ούκ
433 518 542 576 ἀπὸ
566 520 831 591 στόματος
848 516 1077 590 Κυρίου,
1097 516 1242 571 κατὰ
1272 517 1328 571 16
1362 518 1766 590 γεγραμμένον;

1880 525 1988 584 ιιιο,
2018 531 2126 573 non
2153 516 2220 571 ab
2248 529 2345 571 ore
2368 514 2603 581 Domini,
2632 525 2690 570 ut
2729 517 2987 586 scriptum
3011 527 3093 573 cst
3122 494 3162 550 ίί
3188 519 3251 572 lc
3280 519 3450 576 Nemo

192 636 211 668 ι
234 616 427 677 Οὐδεὶς
447 614 594 682 λέγει
623 608 875 684 ἀνάθεμα
889 611 1118 682 Ἰησοῦν,
1139 612 1189 664 εἰ
1214 610 1288 682 μὴ
1309 612 1366 664 ἐν
1380 610 1735 676 ’Βεελζεϐούλ.
1749 625 1768 662 ι

200 708 290 770 Ὠς
334 706 400 759 ἄν
443 708 614 758 νοοῖτο
646 703 833 774 τυχὸν,
867 704 903 775 ἢ
937 704 1150 773 λέγοιτο
1197 702 1332 774 πρὸς
1379 703 1534 774 ἡμῶν
1579 703 1715 766 Θεὸς
1745 704 1775 755 6

190 801 417 870 Μωσῆς,
451 800 597 854 οὕτω
624 800 723 853 καὶ
750 801 778 852 6
804 799 1075 868 Χριστός;
1104 797 1227 851 καθ’
1259 798 1558 869 ὁμοιότητα
1589 798 1647 852 δὲ
1679 797 1775 872 τὴν

191 894 329 963 πρός
350 908 411 960 γε
441 891 530 944 τὸν
557 889 781 962 Ἰσραὴλ
802 890 889 960 εἴη
922 888 991 943 ἂν
1019 889 1112 943 καὶ
1129 889 1244 952 υἱός
1266 905 1280 955 ;
1308 889 1428 942 εἰπέ
1452 906 1566 959 μοι·
1586 889 1650 942 Ὃ
1676 889 1775 958 τῆς

189 984 537 1048 δυσσεϐείας·
580 983 626 1037 ὣ
647 984 829 1052 λόγων
860 981 1239 1053 ἠφειδηκότων
1270 982 1371 1053 τῆς
1404 981 1498 1034 τοῦ
1523 981 1774 1053 Σωτῆρος

191 1074 349 1146 ἡμῶν
382 1073 814 1144 κατεπαίρεσθαι
855 1071 1044 1138 δόξης·
1079 1070 1124 1124 ὣ
1151 1070 1455 1141 δυσμαθίας
1492 1071 1731 1143 ἀκράτου
1756 1109 1773 1135 ,

194 1166 305 1217 καὶ
334 1165 512 1217 πάντα
540 1164 777 1233 νικώσης
811 1163 1003 1226 ῦκνον,
1036 1162 1130 1215 τὸν
1156 1162 1252 1214 ἐπὶ
1293 1162 1355 1215 16
1394 1162 1593 1233 χρῆναί
1631 1178 1774 1233 φημι

197 1256 314 1309 τῶν
358 1254 462 1322 τῆς
518 1253 840 1323 ἐκκλησίας
886 1252 1174 1323 δογμάτων
1221 1252 1451 1315 ἀνοσίως
1497 1254 1774 1323 καταθρα-

204 1343 454 1398 σύνεσθαι
475 1345 490 1395 l
515 1342 771 1397 Ψαλλέτω
800 1343 898 1395 καὶ
930 1340 1029 1395 νῦν
1054 1343 1083 1395 6
1116 1341 1387 1413 μακάριος
1418 1340 1581 1395 Δαϐἱδ
1600 1358 1614 1373 ·
1654 1360 1672 1393 ι
1712 1342 1775 1396 Ol

201 1435 382 1506 ἐχθροὶ
413 1434 618 1505 Κυρίου
646 1433 948 1503 ἐψεύσαντο
995 1433 1164 1504 αὐτῷ.
1201 1452 1220 1484 ι
1254 1422 1453 1505 Μωσῆς
1486 1433 1585 1504 μὲν
1613 1434 1721 1506 γὰρ
1747 1436 1776 1488 6

201 1526 501 1588 θεσπέσιος,
529 1524 818 1596 ἄνθρωπος
862 1520 934 1594 ἦν
964 1525 1089 1578 καθ’
1129 1526 1276 1595 ἡμᾶς
1312 1525 1409 1596 τὴν
1453 1525 1645 1595 φύσιν,
1677 1525 1776 1580 καὶ

195 1615 377 1684 ἕτερον
436 1615 613 1669 οὐδέν.
681 1613 903 1684 Ἐπειδὴ
941 1614 1001 1667 δὲ
1036 1613 1172 1667 Θεοῦ
1203 1614 1486 1683 λέγοντος·
1525 1634 1544 1667 ι
1581 1614 1771 1686 Δεῦρο,

193 1706 492 1760 ἀποστείλω
536 1722 595 1759 σε
642 1707 779 1777 πρὸς
816 1706 1022 1777 Φαραὼ
1054 1706 1283 1776 βασιλέα
1329 1707 1638 1776 Αἰγύπτου,
1680 1709 1774 1763 καὶ

193 1798 399 1864 ἐξάξεις
455 1802 587 1863 τοὺς
643 1802 796 1863 υἱοὺς
863 1798 1082 1871 Ἰσραὴλ
1135 1800 1201 1851 ἐκ
1255 1799 1357 1870 γῆς
1410 1798 1707 1868 Αἰγύπτου·
1746 1817 1765 1851 ι

191 1894 574 1962 παραιτήσεως
630 1891 889 1961 ἀφορμὰς
941 1867 1187 1943 ἐποιεῖτο
1241 1867 1340 1961 τὴν
1410 1867 1723 1961 ἰχνομυθίαν
1752 1928 1767 1955 ,
1802 1867 1845 1926 Β

194 1982 283 2034 καὶ
312 1981 371 2032 16
408 1981 487 2051 μὴ
514 1979 745 2043 εῦλαλος
772 1974 912 2032 εἶναι
935 2020 949 2041 ,
983 1979 1088 2050 πρὸ
1117 1979 1217 2048 τῆς
1243 1977 1389 2048 χθὲς,
1423 1980 1517 2031 καὶ
1539 1979 1647 2049 πρὸ
1671 1982 1772 2050 τῆς

196 2072 380 2139 τρίτης
406 2111 421 2134 ,
464 2072 668 2140 ἢκουσε
716 2070 852 2123 Θεοῦ
897 2070 1180 2138 λέγοντος·
1218 2088 1237 2120 ι
1284 2070 1414 2123 Ἰδοὺ
1464 2070 1670 2125 δέδωκὰ
1711 2088 1770 2124 σε

210 2160 323 2212 Osiri
352 2161 586 2229 Φαραὼ·
622 2162 715 2212 καὶ
751 2160 961 2233 Ἀαρὼν
996 2163 1026 2214 6
1069 2160 1299 2229 ἀδελφός
1351 2176 1446 2213 σου
1494 2160 1647 2215 ἔσται
1690 2178 1770 2215 σοι

226 2249 520 2320 ὺποξὴτης.
549 2267 569 2299 ι
613 2251 863 2319 ’Δδρανὴς
902 2251 1001 2322 μὲν
1042 2252 1153 2324 γὰρ
1198 2251 1227 2303 6
1260 2251 1421 2322 νόμος
1449 2254 1530 2315 εἰς
1558 2252 1618 2305 16
1664 2253 1771 2306 ἀπ·

218 2341 506 2395 αλλὰττειν
530 2342 775 2396 δύνασθαί
813 2361 934 2398 τινα
973 2344 1076 2414 τῆς
1116 2343 1224 2397 ὑπὸ
1263 2344 1341 2416 τῷ
1381 2343 1610 2415 διαϐόλῳ
1653 2345 1775 2397 δου-

218 2432 386 2495 λείας.
445 2432 831 2496 Μεσιτεύοντος
884 2435 941 2486 δὲ
982 2434 1072 2488 τοῦ
1137 2434 1401 2527 Χριστοῦ,
1462 2436 1557 2489 καὶ
1612 2435 1775 2489 τοῦτο

210 2521 604 2593 κατώρθωται.
639 2521 905 2594 Καθάπερ
944 2526 1115 2594 ἀμέλει
1145 2521 1397 2589 συνόντος
1421 2527 1483 2580 16
1515 2527 1771 2589 τηνικάδε

206 2613 297 2668 τοῦ
333 2612 553 2683 Ἀαρὼν
588 2612 673 2683 τῷ
708 2615 985 2686 θεσπεσίῳ
1010 2616 1161 2688 Μοισῇ
1184 2659 1199 2683 ,
1263 2618 1365 2688 τῆς
1410 2619 1468 2673 ἐν
1515 2618 1776 2689 Αἰγύπτῳ

209 2706 441 2769 δουλείας
482 2706 511 2757 6
577 2706 799 2776 Ἰσραὴλ
843 2707 1239 2777 ἀπηλλάττετο·
1282 2709 1475 2781 ἐπειδὴ
1527 2709 1584 2762 δὲ
1632 2709 1773 2763 κατὰ

210 2796 421 2866 καιροὺς
465 2796 696 2866 ἔμελλεν
722 2799 751 2849 6
779 2798 1015 2868 X92616:
1052 2798 1302 2866 γενέσθαι
1334 2800 1429 2853 καὶ
1461 2798 1566 2852 ὑπὸ
1589 2800 1773 2868 νόμον,

211 2887 277 2952 ὥς
312 2887 433 2941 καθ’
472 2890 621 2958 ἡμᾶς
670 2905 729 2941 τε
776 2888 871 2941 καὶ
918 2889 1206 2960 ἄνθρωπος
1231 2931 1244 2951 .
1276 2891 1516 2945 τέθειταί
1566 2906 1685 2954 πως
1716 2891 1774 2942 ἐν

208 2980 468 3051 δευτέροις
512 2979 612 3034 ⁴τοῦ
652 2981 897 3045 Μωσέως
955 2985 984 3036 6
1038 2983 1283 3054 ’Λαρὼν·
1321 2984 1419 3037 καὶ⁸
1460 2985 1489 3037 6
1541 2982 1642 3050 μὲν
1680 2979 1775 3035 τοῦ

211 3072 504 3143 μυστηρίου
531 3071 714 3138 λόγος,
736 3072 936 3125 ούτοσί.
978 3068 1129 3144 Πλὴν
1159 3075 1206 3126 ει
1244 3073 1417 3127 ἕλοιτὸ
1445 3089 1530 3136 τις
1552 3074 1777 3126 κάκεῖνο

1876 611 2005 666 dicit
2048 609 2333 664 anathema
2374 602 2576 673 Iesum,
2623 608 2727 663 nisi
2774 608 2827 662 in
2868 608 3167 667 Beelzebub
3204 612 3270 666 ¹⁶.
3315 632 3334 665 ι
3376 610 3454 669 Ut

1876 700 2213 771 intelligitur,
2261 699 2407 754 verbi
2442 700 2610 769 gratia
2635 738 2649 767 ,
2682 708 2776 754 aut
2812 700 3012 754 dicitur
3046 717 3074 756 a
3120 703 3279 759 nobis
3318 704 3451 758 deus

1875 792 1991 862 ipse
2021 790 2219 855 Moses,
2243 790 2321 846 sic
2348 791 2511 845 etiam
2532 790 2822 846 Christus?
2846 788 2950 863 51
2972 792 3140 855 itane.
3184 795 3270 849 dic
3293 794 3449 861 mihi,

1875 881 1944 937 ad
1967 880 2377 937 similitudinem
2394 868 2608 935 Israelis
2629 887 2712 936 est
2735 880 2899 935 etiam
2926 881 3102 937 titius?
3119 879 3164 937 Ο
3180 897 3448 939 summam

1872 973 2231 1044 impietatem,
2261 984 2296 1028 ο
2329 973 2494 1028 verba
2521 985 2640 1042 qua:
2673 987 2776 1027 nec
2808 973 2982 1041 ipsius
3016 972 3315 1030 Sal‘vatoris
3348 990 3452 1032 no-

1874 1064 1974 1119 stri
2010 1064 2234 1134 gloriam
2261 1065 2567 1134 deprimere
2597 1074 2887 1131 verentur;
2930 1081 2962 1120 ο
2992 1065 3309 1121 eti‘renatam
3346 1067 3454 1122 im-

1870 1155 2126 1225 peritiam
2160 1165 2215 1211 et
2244 1164 2468 1221 tantam,
2502 1165 2562 1210 ut
2591 1156 2812 1211 minime
2841 1156 3157 1213 reformidet
3192 1159 3455 1215 adversus

1874 1245 2134 1300 Eeclesia:
2181 1246 2434 1317 dogmata
2488 1246 2655 1316 impie
2714 1255 2767 1302 et
2833 1248 3094 1301 audacter
3145 1248 3451 1320 insurgere.

1876 1337 2078 1413 Psallat
2105 1348 2256 1394 nunc
2291 1354 2507 1410 quoque
2537 1341 2734 1397 heatus
2787 1339 2955 1395 David
2992 1358 3006 1394 :
3045 1360 3062 1391 ι
3093 1339 3305 1395 Inimici
3344 1342 3456 1396 Do.

1874 1430 2009 1483 mini
2040 1430 2249 1485 mentiti
2292 1440 2418 1487 sunt
2448 1430 2496 1485 ei
2522 1431 2585 1485 ι’.
2619 1448 2639 1484 ι
2685 1429 2819 1485 Nam
2855 1431 3044 1487 beatus
3085 1430 3259 1487 Moses
3291 1433 3456 1488 homo

1874 1532 2011 1585 erat,
2050 1538 2116 1577 ex
2163 1516 2350 1578 natura
2383 1524 2577 1579 similis
2624 1526 2801 1589 nobis,
2838 1524 2972 1579 nihil
2994 1535 3290 1593 prmterea.
3318 1525 3458 1593 Quia

1875 1622 2004 1667 vero
2029 1614 2240 1669 dicente
2274 1615 2382 1669 Deo
2411 1632 2424 1669 :
2461 1635 2479 1666 ι
2511 1613 2669 1681 Veni,
2697 1616 2908 1670 mittam
2941 1628 2992 1671 te
3018 1618 3084 1670 ad
3116 1615 3454 1673 Pharaonem

1878 1718 2057 1775 regem
2086 1705 2325 1777 )Egypti,
2355 1715 2409 1762 et
2435 1706 2630 1762 educes
2661 1708 2802 1763 tilios
2826 1706 2989 1763 lsrael
3026 1709 3091 1762 de
3122 1717 3264 1763 terra
3288 1706 3459 1779 ,Εεν-

1875 1797 1951 1865 pti
1982 1798 2067 1847 ²⁰ι
2101 1814 2121 1848 ι
2155 1813 2253 1867 pro
2282 1799 2565 1853 recusandi
2596 1800 2885 1853 occasione
2914 1800 3271 1869 exiguitatem
3305 1801 3458 1859 vocis

1874 1887 2137 1954 obtendit,
2175 1886 2429 1944 causatus
2458 1891 2599 1959 quod
2641 1891 2864 1947 minime
2906 1902 3053 1946 esset
3097 1890 3358 1960 eloquens
3387 1880 3458 1945 ab

1876 1978 1991 2032 heri
2024 1988 2077 2032 et
2104 1981 2299 2035 nudius
2327 1982 2537 2045 tertius,
2565 1983 2682 2035 ideo
2708 1981 2875 2035 Deum
2905 1983 3170 2037 dicentem
3197 1982 3405 2037 audivit
3438 1999 3455 2038 :

1879 2066 2064 2123 «Ecce
2106 2069 2225 2124 dedi
2276 2080 2327 2126 te
2371 2072 2530 2126 deum
2577 2072 2894 2138 Pharaonis,
2946 2082 2999 2127 et
3054 2075 3235 2130 Aaron
3288 2074 3461 2130 frater

1876 2168 1999 2214 tuus
2024 2160 2128 2214 erit
2165 2160 2260 2214 tibi
2290 2162 2560 2231 interpres
2587 2163 2653 2217 ²¹.
2688 2181 2706 2214 ι
2749 2164 2969 2219 infirma
3003 2181 3239 2236 namque
3268 2174 3353 2222 est
3371 2165 3461 2224 lex

1874 2251 1941 2305 ad
1983 2252 2291 2322 quempiam
2327 2262 2357 2307 a
2404 2253 2604 2309 diaboli
2642 2258 2908 2313 servitute
2938 2257 3301 2314 liberandum.
3347 2258 3458 2316 Sed

1875 2341 1928 2396 id
1962 2357 2178 2413 quoque
2213 2345 2513 2401 mediatore
2537 2346 2760 2402 Christo
2801 2347 3099 2419 perfectum
3129 2358 3235 2416 est,
3262 2365 3458 2420 quem-

1876 2430 2165 2505 admodum
2194 2434 2401 2488 scilicet
2423 2449 2489 2488 eo
2514 2444 2755 2503 tempore
2778 2437 2831 2489 in
2858 2435 3095 2506 Egypto
3125 2451 3249 2491 cum
3301 2439 3459 2490 beato

1878 2520 2010 2575 Mosi
2043 2524 2156 2591 ipse
2182 2524 2364 2578 Aaron
2398 2524 2592 2579 fuisset
2627 2525 2934 2594 adjunctus,
2972 2527 3131 2581 lsrael
3162 2536 3248 2581 est
3277 2542 3306 2581 a
3339 2542 3458 2582 ser-

1877 2613 2048 2667 vitute
2080 2613 2360 2671 liberatus.
2389 2614 2494 2670 Sed
2526 2615 2651 2684 quia
2680 2630 2936 2672 successu
2965 2626 3271 2687 temporum
3307 2618 3456 2675 l‘utu-

1877 2720 1995 2758 rum
2026 2716 2143 2760 erat
2177 2716 2235 2760 ut
2264 2708 2514 2763 Christus
2554 2711 2721 2764 etiam
2756 2710 2859 2765 sub
2901 2709 3019 2782 lege
3060 2710 3236 2774 tieret,
3270 2720 3459 2782 utpote

1878 2797 2049 2851 nostri
2083 2798 2282 2853 similis
2327 2809 2381 2853 et
2415 2804 2596 2865 homo,
2655 2802 2777 2857 ideo
2820 2812 2945 2874 post
2994 2803 3176 2859 Mosen
3219 2806 3459 2861 secundo

1877 2886 1994 2943 loco
2026 2889 2232 2957 positus
2260 2901 2343 2944 cst
2363 2893 2567 2945 Aaron.
2597 2892 2772 2963 Atque
2803 2895 2917 2949 ha‘c
2951 2904 3035 2950 est
3069 2896 3285 2965 quidem
3322 2898 3459 2952 ratio

1879 2981 2143 3051 mysterii.
2185 2980 2290 3035 Sed
2334 2992 2512 3038 tamen
2544 2985 2588 3038 si
2630 2986 2752 3053 quis
2781 2986 2915 3040 velit
2956 2987 3086 3041 illud
3129 3004 3347 3059 quoque
3376 2992 3459 3045 di-

1878 3082 2021 3134 cere,
2059 3068 2244 3125 Mosen
2278 3070 2424 3125 illum
2455 3087 2703 3143 magnum
2736 3074 2907 3130 virum
2953 3076 3053 3132 bac
3097 3068 3180 3132 dei
3219 3081 3456 3150 appella-

209 3166 403 3230 εἰπεῖν,
426 3164 504 3227 ὡς
530 3166 596 3235 τῇ
626 3163 718 3217 τοῦ
747 3163 879 3218 Θεοῦ
917 3165 1112 3235 κλήσει
1152 3167 1250 3219 καὶ
1282 3169 1311 3220 6
1362 3166 1538 3237 μέγας
1569 3166 1775 3227 ἐκεῖνος

1883 3159 2028 3215 tione
2058 3160 2222 3217 fuisse
2258 3162 2604 3230 honoratum,
2625 3164 2779 3235 juxta
2810 3180 3098 3223 commune
3131 3169 3281 3235 illud,
3315 3182 3367 3227 et
3390 3186 3455 3227 ex

208 3258 490 3327 τετίμηται
513 3257 752 3327 Μωσῆς,
790 3257 936 3311 κατὰ
971 3259 1033 3312 τὸ
1067 3260 1243 3312 κοινὸν
1273 3258 1337 3329 δὴ
1363 3258 1540 3320 τοῦτο,
1573 3257 1671 3310 καὶ
1699 3256 1775 3320 ὡς

206 3349 263 3401 ἐν
289 3348 468 3419 χάριτι
495 3349 588 3402 καὶ
620 3348 904 3421 φιλοτιμίᾳ
934 3353 1001 3422 τῇ
1024 3351 1179 3421 παρὰ
1204 3350 1340 3403 Θεοῦ
1366 3350 1426 3403 16
1454 3350 1589 3422 πρὸς
1625 3351 1775 3420 ἡμᾶς

208 3441 506 3511 εἰρημένον·
539 3460 560 3493 ι
580 3440 724 3509 Ἐγὼ
752 3436 911 3494 εἶπα·
938 3442 1064 3495 Θεοί
1094 3444 1236 3506 ἐστε,
1257 3443 1352 3496 καὶ
1380 3442 1487 3495 υἱοὶ
1519 3440 1776 3511 Ὑψίστου

206 3535 419 3596 πάντες·
457 3552 478 3585 ι
509 3530 619 3604 ἆρα
644 3535 739 3587 καὶ
764 3534 907 3587 οὕτω
931 3534 1063 3597 Θεὸς
1089 3536 1118 3587 6
1138 3526 1406 3606 Χριστός;
1438 3534 1637 3589 Καίτοι
1660 3534 1777 3597 πῶς

205 3623 263 3675 ού
300 3624 466 3693 μανία
499 3624 657 3677 τοῦτο
682 3641 770 3692 γε,
804 3627 899 3679 καὶ
922 3624 1120 3694 φρενδς
1153 3625 1399 3694 ἀμαθοῦς
1440 3624 1778 3696 ἀπόὁρασμα

206 3715 389 3779 κενόν;
433 3712 492 3766 '0
526 3713 627 3784 μὲν
654 3715 785 3785 γὰρ,
816 3714 892 3778 ὡς
932 3714 1091 3784 ἔφην,
1140 3713 1269 3786 ψιλῇ
1322 3714 1417 3768 καὶ
1465 3714 1603 3787 μόνῃ
1633 3714 1778 3767 τετί-

212 3820 373 3875 μηται
420 3806 761 3878 κλήσει,τὴν
796 3807 959 3876 φύσιν
1003 3807 1287 3880 ἄνθρωπος
1317 3806 1425 3860 ὤν’
1476 3810 1505 3861 6
1553 3808 1610 3861 δέ
1659 3809 1780 3860 ἐστὶ

212 3894 337 3957 Θεὸς
377 3894 629 3965 ἀληθῶς·
662 3897 794 3960 θεὸς
825 3898 934 3968 γὰρ
961 3893 1030 3968 ἦν
1077 3899 1106 3952 6
1150 3899 1320 3968 Λόγος
1370 3900 1429 3953 ἐν
1462 3898 1778 3969 ἀνθρωπεία

215 3991 403 4058 illi???
427 4028 444 4050 ν
485 3989 585 4057 τῆς
628 3988 759 4053 ἰδία-ς
792 3990 1008 4059 φύσεως
1050 3992 1149 4061 τὴν
1182 3992 1324 4046 κατὰ
1356 3988 1577 4045 πάντων
1607 3991 1779 4063 ὑπερ-

209 4080 351 4148 οχὴν
389 4080 739 4151 ἀδιαλιὶὥητον
767 4083 906 4155 ἔχων
927 4100 941 4114 ’
970 4085 1031 4137 οὐ
1061 4085 1172 4156 γὰρ
1202 4084 1269 4139 ἂν
1300 4087 1359 4138 ἐν
1388 4086 1777 4157 παρατροπαίς

204 4175 336 4233 ταῖς
364 4171 462 4222 ἐπὶ
490 4171 550 4225 16
576 4176 749 4244 χεῖρον
772 4178 808 4246 ἠ
835 4176 956 4229 θεία
1000 4176 1210 4245 γένοιτο
1239 4176 1400 4245 φύσις
1424 4215 1439 4240 ,
1472 4176 1561 4229 διά
1588 4192 1652 4243 γε
1680 4174 1775 4228 τοῦ

197 4263 526 4317 καθικέσθαι
555 4267 691 4334 πρὸς
721 4268 1003 4322 κοινωνίαν
1034 4269 1263 4339 αἵματος
1295 4269 1390 4321 καὶ
1423 4268 1654 4337 σαρκός·
1686 4267 1783 4320 καὶ

195 4357 323 4423 γοῦν
348 4357 428 4419 ὡς
460 4357 593 4420 Θεὸς
618 4359 1035 4428 ἐπιγινώσκεται
1063 4361 1157 4414 καὶ
1183 4360 1468 4432 ἄνθρωπος
1489 4359 1742 4430 πεφηνώς
1764 4376 1777 4388 ⁸

195 4448 286 4498 καὶ
316 4447 517 4501 τούτου
552 4448 728 4520 σαφὴς
764 4449 1035 4514 ἀπόδειξις
1070 4451 1138 4504 τὰ
1179 4453 1236 4504 ἐν
1275 4454 1385 4514 τοῖς
1431 4450 1780 4519 Εύαγγελίοις

1879 3252 2052 3320 gratia
2088 3262 2251 3323 atque
2278 3255 2678 3325 magniﬁcentia
2703 3257 2797 3312 Dei
2818 3258 2868 3313 iu
2902 3274 3001 3314 nos
3029 3260 3228 3314 dictum
3263 3281 3276 3316 :
3302 3266 3322 3315 ι
3347 3264 3459 3333 Ego

1880 3344 2020 3397 dixi:
2046 3345 2123 3398 Dii
2150 3346 2308 3411 estis,
2335 3356 2390 3401 et
2420 3346 2510 3401 lilii
2535 3347 2746 3404 Excelsi
2772 3365 2961 3405 omnes
2982 3352 3062 3402 ":
3091 3371 3109 3403 ι
3139 3369 3265 3406 num
3296 3354 3457 3409 etiam

1882 3435 1983 3489 hoc
2007 3438 2165 3490 modo
2188 3438 2447 3491 Christus
2466 3448 2548 3492 est
2583 3439 2764 3495 Deus?
2790 3440 2908 3496 iam
2941 3458 3068 3498 vero
3097 3445 3367 3513 quomodo
3404 3446 3460 3500 id

1882 3541 1986 3582 non
2017 3528 2087 3582 sit
2128 3528 2359 3592 insania,
2395 3540 2448 3584 et
2485 3530 2645 3585 inane
2688 3532 2866 3587 stulta:
2907 3535 3105 3619 mentis
3134 3549 3458 3591 excremen-

1882 3618 2035 3677 tum?
2073 3620 2163 3674 llle
2204 3623 2373 3684 enim,
2407 3632 2462 3676 ut
2501 3623 2612 3692 jam
2646 3623 2777 3688 dixi,
2816 3627 2954 3679 nuda
2990 3618 3044 3680 et
3093 3627 3326 3696 simplici
3376 3637 3461 3683 est
3568 3635 3575 3641 ’

1882 3709 2197 3766 honestatus
2222 3712 2601 3781 appellatione,
2622 3729 2743 3768 cum
2770 3714 2932 3770 homo
2955 3730 3019 3769 ex
3052 3725 3244 3770 natura
3275 3726 3456 3785 esset:

1882 3802 1975 3856 sed
2008 3802 2099 3858 hic
2132 3813 2214 3857 est
2243 3820 2369 3860 vere
2398 3804 2540 3862 Deus
2573 3804 2733 3876 (nam
2771 3805 2913 3862 Deus
2949 3818 3064 3863 erat
3095 3809 3368 3883 Verbum)
3405 3812 3456 3866 in

1883 3895 2114 3948 humana
2142 3895 2316 3949 forma
2344 3913 2439 3966 pra
2456 3898 2710 3953 stantiam
2743 3913 2855 3954 sua:
2889 3911 3094 3955 natura:
3116 3916 3218 3970 qua
3247 3902 3459 3957 cunctis

1882 3984 2118 4051 excellit,
2150 3986 2413 4056 integram
2443 4002 2671 4043 servans
2700 4010 2715 4045 :
2753 4004 2927 4059 neque
2963 3991 3105 4045 enim
3144 4001 3338 4045 natura
3370 3992 3452 4045 dio

1883 4074 2006 4128 vina
2042 4086 2107 4129 ex
2140 4088 2205 4129 eo
2233 4077 2375 4144 quod
2403 4076 2684 4133 descendit
2708 4078 2774 4132 ad
2805 4080 3238 4135 conuuunionem
3270 4082 3455 4137 carnis

1882 4175 1937 4222 et
1982 4167 2278 4237 sanguinis,
2338 4168 2388 4221 in
2441 4168 2594 4239 pejus
2650 4184 2887 4239 unquam
2934 4173 3166 4240 perverti
3219 4182 3395 4244 potest
3441 4193 3455 4228 :

1882 4258 2067 4328 itaque
2114 4260 2275 4314 etiam
2321 4268 2442 4314 cum
2495 4262 2653 4317 homo
2685 4262 2954 4332 apparuit,
2994 4273 3052 4317 ut
3094 4262 3233 4319 Deus
3278 4274 3456 4321 tamen

1884 4351 2217 4418 agnoscitur,
2240 4350 2463 4421 ejusque
2494 4353 2568 4408 rei
2597 4353 2877 4424 perspicua
2908 4365 3035 4410 sunt
3066 4369 3378 4426 argumenta
3405 4358 3459 4412 in

1884 4434 2190 4514 Evangeliis
2211 4445 2275 4499 de
2297 4458 2361 4498 eo
2387 4444 2609 4513 scripta.
2642 4443 2789 4499 Dixit
2811 4447 2951 4500 enim
2977 4446 3166 4502 beatus
3184 4446 3418 4504 Joannes
3442 4464 3460 4502 :

196 4544 324 4612 περὶ
374 4542 547 4595 αὑτοῦ
603 4545 986 4614 γεγραμμένα.
1051 4545 1197 4614 Ἔφη
1253 4544 1361 4615 γὰρ
1416 4544 1444 4596 6
1494 4543 1777 4607 θεσπέσιος

1892 4552 1910 4586 ι
1936 4533 2069 4590 Cum
2106 4550 2239 4590 vero
2271 4544 2418 4591 esset
2462 4534 2851 4609 Hierosolymis
2888 4539 2941 4592 in
2978 4538 3065 4594 die
3103 4539 3263 4604 festo,
3305 4539 3460 4594 multi

204 4633 498 4704 Ἰωᾶννης·
542 4653 562 4685 ι
612 4636 701 4698 Ὡς
741 4635 798 4689 63-:
838 4633 907 4707 ἦν
938 4637 995 4689 ἐν
1023 4638 1134 4700 τοῖς
1194 4636 1582 4707 Ἰεροσολύμοις
1612 4636 1670 4688 ἐν
1711 4636 1778 4705 τῇ

195 4728 376 4797 ἐορτῇ,
414 4727 609 4780 πολλοὶ
646 4727 971 4781 ἐπίστευσαν
1015 4729 1097 4793 εἰς
1121 4729 1183 4782 16
1214 4728 1383 4798 ὄνομα
1419 4726 1604 4792 αὐτοῦ,
1647 4725 1783 4778 θεω·

196 4818 418 4884 ῥοῦ-ηις
453 4818 622 4871 αὑτοῦ
654 4818 723 4871 τὰ
757 4808 959 4888 σημεῖα
987 4817 1024 4872 ἃ
1065 4817 1257 4871 ἐποίει.
1290 4817 1461 4881 A616;
1497 4817 1553 4870 δὲ
1598 4818 1627 4869 6
1679 4816 1785 4886 Ἰη-

195 4910 345 4975 σοῦς,
392 4914 501 4965 οῦκ
549 4913 836 4965 ἐπίστευεν
873 4911 1063 4965 ἑαυτὸν
1114 4913 1335 4977 αὐτοῖς,
1386 4900 1475 4965 διὰ
1512 4910 1573 4964 16
1622 4910 1783 4963 αὑτὸν

197 5005 492 5071 γινώσκειν
532 5006 743 5061 πάντα·
799 5008 894 5061 καὶ
926 5008 1006 5060 ὅτι
1042 5007 1103 5059 ού
1153 5006 1339 5078 χρείαν
1369 5001 1532 5075 εἶχεν,
1584 5005 1671 5058 ἵνα
1702 5021 1784 5067 τις

205 5098 533 5172 μαρτυρήσῃ
569 5101 697 5171 περὶ
719 5086 816 5154 τοῦ
840 5100 1128 5172 ἀνθρώπου
1152 5117 1165 5130 ·
1193 5100 1354 5164 αὐτὸς
1380 5100 1488 5171 γὰρ
1519 5099 1783 5168 ἐγίνωσκε

202 5187 256 5238 τί
279 5182 344 5258 ἦν
370 5192 433 5243 ἐν
462 5189 543 5261 τῷ
581 5189 872 5261 ἀνθρώπῳ.
908 5209 926 5242 ι
950 5190 1139 5244 Καίτοι
1165 5189 1226 5242 16
1259 5187 1497 5259 καθορᾷν
1525 5184 1782 5240 δύνασθαι

197 5278 427 5350 καρδίαν
475 5281 691 5354 ἀνδρὸς,
722 5280 920 5335 εἰδέναι
953 5300 1010 5335 τε
1060 5282 1131 5335 τὰ
1172 5280 1548 5351 κεκρυμμένα,
1588 5279 1786 5352 πρέποι

196 5368 266 5422 ἂν
296 5374 402 5425 οὐκ
428 5370 700 5445 ἀνθρώπῳ
734 5374 899 5427 ποθὲν
931 5375 1038 5427 τῶν
1057 5373 1177 5427 καθ’
1211 5374 1355 5443 ἡμᾶς
1377 5370 1456 5425 ἐνί
1478 5388 1491 5401 ·
1527 5371 1642 5424 ἀλλ’
1674 5370 1784 5424 οὐδ’

196 5460 265 5513 ἃν
328 5464 503 5535 ἑτέρῳ
539 5482 620 5535 τῳ
654 5465 765 5520 τῶν
827 5464 1240 5535 πεποιημένων·
1297 5463 1444 5535 μόνῳ
1490 5461 1545 5515 δὲ
1584 5462 1785 5531 μᾶλλον

198 5554 417 5626 ἐκείνῳ,
452 5556 511 5620 ὃς
553 5557 650 5610 καὶ
691 5555 892 5611 πλάσαι
913 5555 1127 5623 λέγεται
1156 5553 1465 5618 καταμόνας
1505 5553 1600 5616 τὰς
1645 5568 1781 5620 καρ-

265 5750 313 5781 "
342 5752 543 5807 let-em.
574 5768 729 5814 χχιιι,
767 5751 849 5806 16.
926 5751 1005 5803 ⁸⁸1
1038 5751 1164 5806 Cor.
1200 5765 1296 5808 xu.
1350 5751 1403 5802 3.

216 5833 396 5890 Luat,
431 5822 488 5879 6.
564 5824 609 5855 ⁸³
631 5823 787 5879 Joan.
827 5838 889 5889 lt,
920 5822 1111 5879 23-23.
1187 5821 1230 5852 ”
1262 5820 1403 5875 Psal.
1447 5835 1615 5916 χχχιιι,
1657 5819 1742 5873 15.

1482 5750 1524 5781 ¹⁹
1561 5747 1697 5803 Psal.
1735 5763 1895 5816 um,
1926 5746 2007 5803 l6.
2088 5743 2132 5777 ²⁰
2164 5742 2331 5800 Exod.
2369 5759 2450 5808 ιιι,
2492 5743 2572 5797 l0.

1884 4627 2234 4682 crediderunt
2280 4628 2333 4681 in
2365 4627 2601 4703 nomine
2646 4629 2785 4699 ejus,
2840 4626 3090 4687 videntes
3134 4633 3287 4701 signa
3336 4646 3459 4702 qua:

1886 4720 2120 4775 faciebat
2144 4737 2160 4788 ;
2191 4721 2303 4791 ipse
2327 4734 2453 4776 vero
2481 4718 2638 4791 Jesus
2663 4730 2768 4775 non
2790 4722 3045 4778 credebat
3066 4724 3303 4792 seipsum
3327 4724 3456 4791 illis,

1887 4813 2011 4883 quia
2047 4812 2161 4882 ipse
2190 4810 2396 4867 seicbat
2425 4812 2628 4875 omnia,
2662 4822 2717 4865 et
2756 4814 2880 4880 quia
2917 4827 3021 4867 non
3066 4826 3199 4882 opus
3230 4813 3463 4870 habebat

1889 4917 1947 4960 ut
1977 4906 2099 4975 quis
2144 4904 2512 4959 testimonium
2559 4890 2871 4975 perhiberet
2911 4906 2978 4961 de
3024 4907 3242 4960 homine
3287 4924 3300 4959 :
3346 4907 3460 4974 ipse

1889 5000 2033 5052 enim
2062 4996 2266 5051 sciebat
2312 4996 2439 5066 quid
2472 5005 2617 5050 esset
2644 4996 2697 5051 in
2728 4996 2945 5051 homine
2984 4997 3048 5050 ³³.
3089 5014 3107 5046 ι
3143 4995 3252 5065 42
3294 4997 3461 5066 Atqui

1890 5091 2163 5159 inspicere
2202 5105 2360 5158 posse
2396 5102 2491 5143 cor
2530 5088 2788 5155 Ιιοιιιίιιίε,
2825 5099 2877 5145 et
2903 5088 3115 5143 occulta
3145 5090 3311 5158 scire,
3353 5104 3461 5146 non

1892 5185 1986 5238 ulli
2024 5182 2228 5238 homini
2262 5181 2352 5252 qui
2391 5183 2461 5237 sit
2508 5180 2679 5239 nostri
2733 5181 2924 5237 similis
2968 5182 3239 5247 convenit,
3289 5194 3465 5252 nedue

1892 5290 2022 5331 vero
2055 5274 2143 5328 ulli
2171 5274 2325 5328 alteri
2357 5286 2642 5339 creaturae,
2672 5274 2767 5327 sed
2799 5273 2872 5326 illi
2905 5272 3002 5326 soli
3039 5272 3131 5340 qui
3158 5274 3321 5330 etiam
3355 5275 3460 5330 tin-

1892 5382 2017 5438 gere
2047 5367 2245 5420 dicitur
2276 5364 2588 5436 singillatim
2636 5363 2798 5418 corda
2831 5373 3015 5419 nostra
3038 5365 3104 5419 ".
3144 5365 3255 5421 lioc
3304 5367 3348 5422 si
3390 5369 3461 5421 ita

1890 5460 1995 5522 est,
2027 5470 2261 5524 quonam
2294 5455 2451 5509 modo
2479 5454 2592 5508 sola
2625 5466 2689 5508 ac
2717 5451 2948 5523 simplici
2976 5456 3335 5526 appellatione
3361 5459 3460 5512 ho-

1892 5554 2114 5601 noratus
2135 5555 2218 5600 est
2246 5543 2583 5610 Emmanuel,
2620 5552 2678 5598 ut
2712 5544 2934 5615 perinde
2971 5560 3034 5600 ac
3065 5546 3239 5604 Moses
3279 5548 3463 5618 appel-

2667 5746 2709 5776 ³⁸
2746 5745 2908 5801 Exod.
2959 5762 3057 5810 vn,
3098 5747 3146 5799 l.
3235 5747 3279 5779 ⁸⁸
3310 5747 3451 5802 ΡειΙ.
