4004 6202
527 381 587 433 7g
633 404 645 415 κ
1521 378 1578 433 s.
1621 379 1895 435 evntLLt
1932 380 2405 436 ALEXANDlilNl
2444 379 2764 439 ARClllEP.
3728 394 3796 448 80

520 496 664 561 Jetur
700 496 860 558 Deu's,
889 505 943 550 et
978 508 1081 551 non
1118 497 1295 566 potius
1342 497 1392 551 id
1423 512 1549 552 vere
1593 500 1664 553 sit
1700 501 1845 569 quod
1875 515 1996 555 esse
2024 501 2096 555 di-

2205 501 2323 566 δίας
2353 502 2530 573 ἡμῶν.
2571 499 2701 556 Εἶτα
2730 501 2845 566 πῶς
2870 503 2999 575 ψιλῇ
3034 505 3127 558 καὶ
3158 505 3295 578 μόνῃ
3332 506 3621 579 τετίμηται
3662 506 3797 580 κλήο

525 588 700 657 eitur?
732 587 962 641 Rursum
992 590 1056 643 de
1080 602 1145 641 eo
1173 587 1365 643 scribit
1394 588 1444 641 in
1486 589 1628 643 lnmc
1665 591 1881 644 modum
1928 591 2095 646 Joan-

525 693 620 734 nes
648 696 662 732 :
693 698 711 730 ι
744 677 913 743 Quem
943 679 1089 733 enim
1135 679 1285 733 utisit
1320 678 1481 745 Deus,
1512 680 1675 735 \erba
1704 679 1798 735 Dei
1844 683 2102 752 loquitur,

522 780 577 824 ct
601 786 705 824 non
729 772 795 823 ad
829 784 1131 824 mensuram
1160 771 1253 823 dat
1281 769 1540 840 Spiritum
1572 771 1638 826 ".
1670 790 1689 824 ι
1717 770 1977 845 lntelligis
2006 776 2108 844 igi-

524 872 613 917 tur
657 861 1108 931 quemadmodum
1161 861 1326 916 verba
1381 863 1473 918 Dei
1524 863 1802 933 loquatur,
1855 868 2106 936 quamvis

522 955 683 1010 homo
712 954 937 1024 perinde
972 969 1037 1010 ac
1076 969 1175 1009 nos
1212 954 1496 1009 videatur?
1532 971 1655 1010 nam
1687 958 1789 1011 soli
1817 968 1873 1014 et
1911 974 2106 1015 secun-

522 1048 647 1102 dum
676 1056 926 1101 naturam
960 1061 1025 1102 ac
1059 1060 1186 1101 vere
1219 1047 1615 1116 Deotauquam
1653 1048 1910 1104 eximium
1943 1066 2103 1121 supra

518 1134 702 1191 omnia
738 1145 920 1191 creata
952 1135 1209 1192 convenit
1239 1135 1402 1190 etiam
1438 1135 1598 1190 verba
1644 1150 1800 1206 posse
1840 1140 2104 1208 perlicere

519 1229 662 1299 quod
684 1228 732 1284 ei
763 1227 1047 1298 placuerit,
1079 1238 1135 1285 et
1166 1228 1339 1284 sancti
1374 1226 1609 1298 Spiritus
1650 1230 1946 1301 participes
1984 1230 2102 1291 em—

520 1336 646 1376 θοι-ο
694 1320 945 1376 homines
999 1320 1101 1375 lide
1146 1319 1495 1390 jttstiiicatos.
1532 1318 1702 1374 Porro
1756 1319 1871 1377 haec
1919 1321 2100 1376 omnia

520 1418 702 1474 inesse
727 1416 950 1472 Christo
976 1416 1205 1485 quisque
1232 1415 1419 1469 videre
1446 1422 1633 1485 potest
1651 1433 1677 1469 -:
1711 1414 1927 1485 leproso
1950 1430 2103 1469 nam-

519 1523 625 1578 que
657 1508 811 1572 dixit,
838 1526 858 1558 ι
888 1506 1045 1570 Volo,
1076 1505 1337 1560 mundare
1359 1504 1437 1570 ²⁶;
1469 1522 1490 1558 ι
1519 1504 1692 1560 vidua:
1723 1519 1936 1576 quoque
1968 1505 2100 1571 lilio,

525 1618 542 1650 ι
575 1597 928 1663 Adolescens,
961 1596 1053 1651 tibi
1086 1596 1229 1660 dico,
1258 1611 1419 1667 surge
1439 1596 1507 1649 ’⁷.
1539 1613 1558 1647 ι
1600 1595 1907 1667 Partieipes
1936 1597 2101 1651 etiam

517 1691 693 1746 sancti
743 1690 976 1760 Spiritus
1030 1688 1322 1758 discipulos
1378 1703 1507 1743 suos
1551 1687 1765 1755 eﬂ‘ecit;
1816 1687 2104 1743 insulilavit

517 1783 662 1837 enim
687 1783 738 1835 in
764 1796 856 1836 eos
881 1781 1070 1836 dicens
1095 1798 1108 1834 :
1139 1797 1158 1832 ι
1186 1779 1427 1849 Accipite
1447 1778 1708 1848 Spiritum
1726 1789 1971 1835 sanctum
1995 1780 2095 1834 ³⁸.»

2214 610 2296 646 σει
2339 594 2481 647 κατὰ
2525 595 2728 648 Μωσέα
2773 595 3123 666 χρηματίζων
3157 596 3288 659 Θεὸς
3324 598 3354 650 6
3412 597 3797 671 Ἐμμανουήλο

2209 685 2303 737 καὶ
2331 684 2453 754 οὐχὶ
2486 685 2549 756 δὴ
2603 685 2799 755 μᾶλλον
2835 686 3095 758 ὑπάρχων
3126 688 3283 742 τοῦτο
3326 690 3467 742 κατὰ
3514 690 3794 763 ἀλήθειαν,

2207 774 2344 844 ὅπερ
2372 772 2510 828 εἶναι
2543 776 2638 828 καὶ
2667 774 2913 844 λέγεται;
2944 777 3147 848 Γράφει
3178 778 3325 831 οῦτω
3359 779 3521 832 πάλιν
3547 781 3576 833 6
3610 780 3795 835 Ἰωάν-

2207 883 2305 936 νης
2350 866 2478 937 περὶ
2513 866 2707 920 αὑτοῦ·
2745 886 2763 919 ι
2810 869 2906 921 Ὃν
2951 868 3059 939 γάρ
3101 868 3421 924 ἀπέστειλεν
3450 872 3479 924 6
3539 871 3691 934 Θεὸς,
3724 872 3798 925 τά

2210 958 2431 1028 ῥήματα
2459 956 2554 1011 τοῦ
2585 957 2719 1012 Θεοῦ
2766 958 2949 1012 λαλεῖο
2989 960 3085 1013 καὶ
3126 960 3227 1014 οὐκ
3269 962 3333 1015 ἐκ
3368 963 3566 1034 μέτρου
3611 963 3797 1016 δίδωσι

2206 1048 2267 1101 τὸ
2308 1049 2552 1119 Πνεῦμα.
2594 1069 2612 1102 ι
2649 1051 2861 1116 Συνιεὶς
2908 1051 3018 1124 [τσ.
3067 1052 3288 1119 συνίεις,
3334 1054 3393 1124 ἢ,
3446 1055 3655 1130 συνίης]
3701 1052 3798 1111 οῦν

2206 1141 2374 1208 ὅπως,
2407 1141 2582 1196 καίτοι
2620 1142 2743 1196 καθ’
2770 1144 2919 1214 ἡμᾶς
2950 1142 3226 1216 ὁρώμενος
3253 1145 3557 1218 ἄνθρωπος,
3603 1147 3672 1202 τὰ
3697 1149 3799 1219 ρήο

2211 1248 2356 1300 ματα
2382 1231 2477 1285 τοῦ
2500 1232 2634 1286 Θεοῦ
2663 1232 2847 1301 λαλεῖ;
2877 1232 2999 1304 Θεῷ
3026 1234 3136 1305 γὰρ
3171 1234 3319 1306 μόνῳ
3358 1236 3437 1307 τῷ
3464 1236 3602 1291 κατὰ
3632 1237 3798 1303 φύσιν

2209 1322 2305 1374 καὶ
2342 1320 2579 1391 ἀληθῶς,
2610 1323 2810 1394 πρέποι
2853 1323 2920 1376 ἂν
2963 1324 3036 1388 ὡς
3087 1324 3359 1396 ἐξαίρετον
3396 1326 3490 1380 καὶ
3523 1328 3662 1399 ὑπὲρ
3692 1328 3796 1400 τὴν

2209 1412 2408 1475 κτίσιν,
2448 1412 2509 1465 τὸ
2553 1414 2649 1466 καὶ
2695 1416 2898 1485 ῥήματι
2926 1414 3185 1469 δύνασθαι
3219 1417 3515 1488 κατορθοῦν
3543 1419 3606 1471 τὸ
3650 1422 3795 1475 κατὰ

2202 1503 2433 1575 ,γνώμην
2482 1502 2651 1574 αὐτῷ,
2704 1505 2798 1558 καὶ
2848 1505 3107 1575 μετόχους
3156 1506 3437 1561 ἀποτελεῖν
3487 1509 3581 1562 τοῦ
3634 1511 3794 1578 ἁγίου

2207 1591 2547 1661 Πνεῦματος,
2601 1593 2729 1656 τοὺς
2763 1594 2821 1647 ὲν
2857 1594 3040 1647 πίστει
3084 1594 3540 1667 δεδικαιομένους,
3587 1600 3716 1652 Ἷδοι
3747 1600 3795 1652 δ’

2207 1683 2272 1737 ἄν
2299 1702 2382 1748 τις
2424 1686 2481 1738 ἐν
2510 1684 2719 1749 τούτοις
2763 1686 2891 1739 ὄντα
2937 1687 3195 1759 Χριστόν.
3242 1689 3384 1759 Ἔφη
3435 1689 3534 1755 μὲν
3561 1689 3671 1761 γὰρ
3714 1691 3796 1763 τῷ

2205 1773 2420 1845 λεπρῷ·
2442 1794 2461 1826 ι
2489 1776 3036 1848 Θέλω,καθαρίσθητι
3056 1795 3070 1808 °
3107 1797 3125 1829 ι
3146 1777 3225 1850 τῷ
3248 1779 3305 1832 δὲ
3331 1780 3428 1851 τῆς
3454 1782 3630 1855 χήρας
3655 1784 3758 1855 υίῷ
3777 1799 3792 1817 ⁸

519 1875 644 1929 Haec
672 1888 792 1928 cum
833 1874 902 1928 ita
934 1873 1066 1939 sint,
1102 1871 1372 1943 quomodo
1416 1872 1507 1927 ille
1545 1872 1637 1942 qui
1685 1878 1795 1926 tam
1851 1872 2096 1928 sublimis

2210 1886 2229 1917 ι
2276 1867 2567 1934 Νεανίσκε,
2601 1869 2684 1921 σοὶ
2714 1867 2876 1937 λέγω,
2914 1870 3192 1941 ἐγέρθητι.
3243 1889 3261 1922 ι
3290 1873 3568 1944 Μετόχους
3604 1874 3660 1928 δὲ
3694 1876 3792 1931 τοῦ

516 1977 621 2030 est,
650 1966 739 2034 qui
768 1964 966 2019 divinis
993 1963 1286 2018 honoribus
1308 1973 1551 2028 ornatus,
1576 1963 1801 2033 perinde
1832 1978 1895 2018 ac
1920 1962 2097 2019 Moses

518 2059 660 2113 Deus
692 2056 833 2113 erit?
861 2054 1023 2124 Cujus
1052 2054 1196 2108 enim
1225 2054 1327 2106 iste
1368 2069 1461 2107 cor
1499 2054 1689 2107 novit?
1717 2053 1839 2122 quis
1871 2053 2098 2109 credidit

516 2153 570 2205 in
602 2150 821 2205 nomine
850 2147 1008 2219 ejus?
1035 2162 1193 2217 quem
1236 2161 1332 2215 per
1367 2146 1523 2199 Iidem
1553 2145 1604 2199 in
1652 2161 1711 2199 se
1733 2145 2097 2215 justilicavit?

515 2236 734 2292 ubinam
773 2236 987 2291 loeutus
1024 2244 1128 2301 est,
1159 2245 1216 2288 ut
1249 2232 1440 2299 Filius,
1477 2234 1639 2288 verba
1674 2233 1812 2289 Dei?
1846 2235 2095 2304 quamvis

516 2329 856 2397 perspicuum
889 2327 957 2382 sit
987 2326 1162 2396 ipsum
1196 2324 1261 2380 ad
1292 2325 1430 2379 ﬁlios
1458 2323 1622 2380 Israel
1652 2325 1942 2392 clamasse,
1971 2326 2095 2382 Haec

515 2418 647 2472 dicit
685 2418 980 2483 Dotuiutts;
1009 2425 1065 2472 et
1103 2416 1383 2471 domestici
1427 2417 1659 2472 hominis
1698 2432 2005 2472 mensuram
2041 2428 2096 2472 et

513 2508 739 2578 gradum
778 2507 1067 2571 habuisse;
1102 2506 1202 2560 l'uit
1236 2505 1381 2559 enim
1422 2507 1537 2575 ipse
1569 2515 1825 2576 tanquam
1860 2507 2095 2562 fatnulus

515 2604 568 2655 ιιι
591 2604 747 2655 domo
771 2601 860 2654 Dei
884 2596 1084 2653 ".Jam
1115 2598 1159 2653 si
1190 2613 1255 2653 eo
1278 2599 1435 2661 modo
1460 2597 1625 2653 Filius
1641 2610 1725 2652 est
1755 2597 2092 2667 Emmanuel,

513 2710 620 2763 quo
657 2704 713 2748 et
756 2693 842 2747 ille
872 2692 1165 2748 secundum
1198 2705 1417 2746 carnem
1471 2690 1658 2755 Israel,
1702 2690 1762 2751 iu
1811 2705 2092 2746 servorum

514 2785 758 2838 ordinem
795 2783 1047 2853 redegisti
1080 2782 1228 2837 illum
1255 2798 1317 2837 ex
1348 2792 1540 2837 natura
1569 2782 1819 2850 liberum,
1846 2786 2095 2854 quamvis

513 2886 731 2943 propter
762 2888 980 2927 carnem
1027 2881 1081 2927 et
1123 2873 1485 2942 proprietates
1526 2874 1710 2928 carnis
1737 2875 1881 2929 servi
1920 2874 2091 2928 forma

511 2966 584 3020 sit
639 2966 815 3018 factus
855 2981 869 3017 :
907 2964 959 3018 in
990 2964 1192 3018 eadem
1246 2977 1497 3018 mensura
1555 2965 1859 3035 eodemque
1906 2968 2094 3023 ordine

511 3057 785 3111 rollocasti
825 3070 947 3110 eum
994 3056 1079 3111 ltis
1126 3056 1216 3124 qui
1252 3067 1379 3110 sunt
1411 3072 1506 3125 per
1546 3057 1777 3126 gratiam
1814 3058 1927 3122 ﬁlii,
1969 3074 2090 3113 eum

511 3166 608 3220 per
650 3164 809 3218 quem
854 3148 929 3202 illi
971 3148 1276 3216 adoptionis
1305 3148 1475 3215 gratia
1508 3158 1636 3202 sunt
1686 3150 1862 3203 ditati.
1895 3149 2092 3206 Factus

2205 1955 2360 2023 άγίου
2402 1946 2716 2028 Πνεῦματος
2754 1958 2879 2022 τοὺς
2926 1959 3090 2022 ἰδίους
3135 1961 3360 2031 ἐνέφηνε
3390 1960 3501 2034 [ἵσ.
3530 1963 3791 2039 ἀνέφηνε]

2207 2049 2456 2120 μαθητάς
2481 2067 2495 2082 ’
2543 2048 2842 2121 ἐνεφύσησε
2884 2049 2994 2121 γὰρ
3017 2052 3234 2117 αὐτοῖς,
3280 2051 3483 2121 λέγων’
3521 2073 3541 2105 ι
3583 2055 3791 2110 Λάϐετε

2203 2142 2426 2212 Πνεῦμα
2473 2142 2645 2212 ἅγιον.
2684 2160 2703 2193 ι
2739 2138 2871 2195 Εἶτα
2909 2142 3031 2196 τίνα
3062 2144 3264 2215 τρόπον
3306 2146 3336 2198 6
3377 2148 3459 2210 είς
3485 2143 3644 2202 τοῦτο
3679 2149 3788 2203 διε-

2202 2232 2473 2302 ληλακὼς,
2513 2234 2607 2288 καὶ
2638 2232 3002 2305 θεοπρεπέσιν
3035 2235 3305 2301 εῦκλείαις
3329 2241 3787 2312 κατεστεμμένος,

2200 2326 2343 2380 οὓτω
2370 2326 2503 2390 Θεὸς
2527 2325 2593 2380 ἂν
2618 2326 2727 2399 εἴη,
2751 2326 3006 2399 καθάπερ
3030 2327 3224 2398 ἀμέλει
3244 2331 3349 2383 ικαὶ
3366 2332 3396 2384 6
3424 2333 3664 2404 Μωσῆςς
3690 2334 3791 2407 τὴν

2203 2416 2312 2488 [ῖσ.
2333 2417 2392 2481 ὃς
2408 2415 2529 2489 τὴν]
2548 2417 2691 2480 τίνος
2707 2416 2849 2485 ἔγνω
2872 2417 3098 2488 καρδίαν
3118 2436 3132 2485 ;
3148 2419 3233 2483 τίς
3250 2414 3611 2476 πεπίστευκεν
3629 2425 3710 2486 είς
3726 2423 3792 2477 τὸ

2199 2509 2369 2579 ὄνομα
2397 2509 2592 2574 αὐτοῦς
2612 2509 2734 2562 τίνα
2753 2508 3069 2562 δεδικαίωκε
3101 2509 3187 2565 διὰ
3210 2513 3308 2582 τῆς
3330 2513 3558 2574 πίστεως
3576 2513 3676 2583 τῆς
3701 2516 3785 2578 είς

2200 2600 2427 2665 ἑαυτόν;
2478 2598 2582 2652 ποῦ
2633 2598 2955 2670 λελάληκεν,
2984 2599 3056 2663 ὼς
3099 2601 3246 2662 Υἱὸς,
3277 2600 3369 2652 τοῦ
3410 2599 3542 2652 Θεοῦ
3572 2600 3641 2653 τά
3677 2604 3781 2673 ῥή-

2204 2710 2381 2763 ματα;
2416 2692 2595 2745 καίτοι
2638 2708 2702 2758 γε
2745 2691 3029 2762 κεκραγὼς
3055 2692 3243 2760 ὁρᾶται
3299 2692 3407 2754 τοῖς
3439 2692 3497 2759 ἐξ
3538 2694 3779 2763 Ἰσραὴλ,

2201 2785 2339 2839 Τάδε
2368 2784 2518 2853 λέγει
2563 2784 2785 2853 Κύριος·
2818 2782 2910 2835 καὶ
2963 2782 3160 2852 μέτρον
3192 2781 3328 2851 ἔχων
3355 2784 3653 2837 οἰκετικόνο
3695 2786 3784 2854 γέ-

2200 2893 2323 2945 γονε
2361 2875 2471 2944 γάρ
2500 2873 2690 2935 πιστὸς
2714 2872 2791 2935 ὡς
2829 2871 3082 2942 Θεράπων
3113 2872 3171 2925 ἐν
3207 2872 3286 2943 τῷ
3319 2873 3454 2944 οἴκῳ
3486 2875 3584 2927 τοῦ
3617 2875 3776 2934 Θεοῦ.

2199 2965 2260 3019 Ei
2288 2964 2342 3017 δὲ
2364 2964 2436 3034 δὴ
2471 2963 2564 3016 καὶ
2596 2961 2766 3025 οὕτως
2797 2960 2924 3024 Υίὺς
2962 2961 2991 3013 ὁ
3031 2961 3398 3033 Ἐμμανουὴλ,
3436 2963 3582 3016 καθὰ
3624 2965 3721 3018 καὶ
3750 2967 3780 3019 6

2199 3055 2339 3109 κατὰ
2383 3054 2562 3126 σάρκα
2603 3051 2840 3123 γεγονὼς
2887 3051 3124 3124 Ἰσραὴλ,
3159 3053 3527 3123 κατεκόμισας
3566 3055 3625 3108 ὲν
3657 3054 3780 3109 δού-

2196 3146 2308 3208 λοις
2359 3145 2448 3199 τὸν
2492 3144 2635 3198 κατὰ
2666 3142 2827 3212 φύσιν
2860 3143 2995 3196 ἰδίαν
3029 3142 3328 3213 ἐλεύθερον,
3366 3142 3469 3197 κᾶν
3498 3145 3546 3197 εί
3588 3145 3779 3215 γέγονε

514 3250 599 3295 est
648 3240 792 3293 enim
824 3237 1491 3308 Primogeuitus‘ttostt'utu
1522 3250 1742 3308 propter
1788 3241 2094 3295 humanita-

2200 3237 2381 3292 δούλου
2412 3235 2611 3307 μορφὴ,
2655 3235 2743 3290 διά
2780 3252 2864 3288 τοι
2888 3234 2986 3305 τὴν
3032 3233 3208 3305 σάρκα
3255 3234 3351 3286 καὶ
3384 3233 3454 3287 τὰ
3483 3235 3683 3306 αὐτῆς*
3717 3238 3776 3291 ἐν

514 3340 622 3381 lem
643 3346 656 3394 ;
676 3328 768 3383 sed
789 3328 949 3382 etiam
974 3328 1054 3382 sic
1078 3343 1183 3397 qua
1217 3327 1429 3382 ratione
1466 3326 1607 3384 Deus
1631 3340 1767 3395 erat,
1796 3332 2095 3401 permansit

512 3425 840 3492 unigenitus.
879 3422 990 3476 liae
1030 3422 1262 3486 ratione,
1310 3433 1365 3475 ttt
1400 3423 1476 3475 ait
1522 3422 1711 3489 beatus
1733 3420 1961 3488 Paulus,
2013 3422 2094 3475 in-

514 3516 819 3583 troductum
856 3529 884 3567 a
922 3512 1089 3568 Patre
1137 3513 1562 3582 l’rimogenituut
1598 3513 1649 3567 in
1684 3512 1869 3568 orbem
1923 3522 2094 3566 terra-

399 3632 407 3642 ι
515 3625 656 3672 rum,
689 3621 935 3677 supernae
967 3606 1069 3660 illae
1104 3609 1330 3661 virtutes
1368 3607 1599 3659 adorare
1627 3605 1886 3673 iubentur
1921 3606 1965 3636 ⁸ο
1995 3621 2009 3658 :
2040 3612 2093 3658 et

511 3700 687 3755 latens
730 3698 783 3752 in
828 3698 943 3767 ipso
976 3696 1296 3767 mysterium
1341 3696 1566 3759 οιιοςιειι,
1608 3695 2097 3765 gloriticatiouibus

515 3804 786 3858 nunquam
820 3788 1159 3843 cessantibus
1194 3786 1474 3841 celebrant
1512 3787 1659 3839 illum
1694 3802 1858 3839 uutttu
1901 3795 1958 3839 et
1998 3800 2092 3839 na-

515 3868 631 3933 tura
661 3889 715 3934 et
740 3893 867 3932 vere
904 3877 1118 3933 Filium.
1158 3876 1289 3931 Nam
1325 3878 1369 3931 si
1406 3878 1471 3930 iis
1505 3876 1595 3945 qui
1650 3891 1708 3930 se
1750 3887 2089 3944 receperunt,

511 3972 605 4025 dat
635 3978 956 4041 potestaleut
982 3978 1039 4023 ut
1071 3967 1163 4022 filii
1196 3968 1286 4023 Dei
1321 3967 1472 4031 ﬁant,
1501 3976 1558 4021 ut
1583 3965 1818 4021 Joannes
1844 3967 1920 4019 ait
1942 3967 2009 4029 “,
2041 3978 2094 4021 et

510 4062 559 4118 si
607 4077 790 4116 verum
847 4071 932 4116 est
973 4059 1093 4129 ejus
1159 4059 1354 4129 spiritu
1402 4057 1650 4127 uosipsos
1698 4071 1912 4127 quoque
1956 4055 2095 4113 ﬁlios

513 4150 666 4204 ﬁeri:
700 4150 808 4221 53
844 4168 863 4201 ι
900 4151 1051 4204 Misit
1088 4150 1233 4204 enim
1274 4148 1414 4202 Deus
1454 4148 1702 4217 spiritum
1745 4145 1865 4199 Filii
1908 4148 1988 4201 sui
2039 4148 2092 4201 itt

514 4243 676 4295 corda
698 4248 883 4296 nostra
901 4241 1248 4304 clamantem,
1270 4240 1420 4293 Abba
1440 4237 1601 4307 Pater
1618 4237 1662 4268 ³²
1684 4253 1733 4289 τι
1773 4252 1931 4291 nemo
1952 4250 2095 4293 recte

512 4333 753 4387 sentiens
781 4331 926 4385 hunc
974 4330 1116 4385 ferat
1152 4330 1445 4396 dicentem,
1480 4329 1630 4383 illum
1661 4328 1846 4383 eodem
1881 4343 2095 4398 quoque

511 4425 674 4493 modo
723 4437 844 4477 esse
872 4421 1091 4487 Filium,
1127 4436 1234 4489 quo
1253 4418 1537 4475 .lsraelem.
1591 4418 1691 4485 Qui
1743 4428 1924 4473 autem
1975 4418 2093 4475 ﬁeri

514 4522 690 4583 potest
716 4524 773 4568 ut
799 4513 987 4569 eodem
1026 4513 1235 4568 dicatur
1266 4512 1428 4568 modo
1457 4511 1729 4577 Christus,
1757 4528 1864 4582 quo
1895 4511 2095 4568 dicitur

2199 3329 2297 3401 ἴσῳ
2323 3330 2572 3392 τέθεικας
2600 3329 2783 3401 μέτρῳ
2806 3329 2919 3391 τοῖς
2944 3326 3084 3381 κατὰ
3120 3326 3281 3399 χάριν
3313 3329 3449 3392 υἱοῖς
3496 3328 3587 3382 τὸν
3623 3329 3691 3383 δι’
3715 3330 3778 3386 δν

2195 3425 2392 3477 ἐκεῖνοι
2430 3421 2527 3493 τὴν
2566 3423 2665 3493 τῆς
2695 3419 2961 3483 υἱοθεσίας
3005 3419 3408 3492 πεπλουτήκασι
3446 3420 3635 3492 χάριν
3684 3440 3779 3477 κιο

2194 3513 2500 3586 χρημάτικε
2532 3514 2630 3583 μὲν
2656 3511 2765 3582 γάρ
2792 3510 3141 3582 Πρωτότοκος
3167 3511 3199 3580 ἡ
3210 3510 3325 3579 μῶν
3356 3510 3446 3565 διὰ
3474 3511 3534 3565 τὸ
3561 3511 3777 3582 ἀνθρώ-

2195 3622 2347 3659 πινον
2366 3621 2379 3636 ο
2420 3604 2559 3675 πλὴν
2600 3604 2694 3658 καλ⁵
2720 3603 2862 3656 οὕτω
2901 3602 3178 3673 μεμένηκε
3215 3603 3511 3673 μονογενὴς
3536 3602 3616 3667 ὼς
3638 3603 3779 3668 Θεὸς

2193 3696 2468 3769 ταύτῃτοι,
2519 3695 2663 3750 καθὰ
2722 3695 2890 3764 φησιν
2935 3697 2964 3748 6
3011 3686 3325 3762 σοφώτατος
3366 3693 3598 3759 Παῦλος,
3640 3696 3780 3749 εἰσε-

2193 3786 2450 3856 νεχθέντα
2478 3785 2627 3856 παρὰ
2663 3783 2757 3837 τοῦ
2794 3782 3007 3854 Πατρὸς
3052 3782 3143 3835 τὸν
3192 3781 3533 3854 πρωτότοκον
3554 3782 3633 3845 είς
3673 3781 3778 3854 τὴν

2194 3880 2517 3951 οἰκουμένην
2561 3880 2987 3952 προστάττονται
3020 3878 3349 3950 προσκυνεῖν
3381 3875 3435 3928 αἱ
3468 3875 3580 3929 ἄνω
3609 3873 3779 3929 δυνά⁹

2198 3990 2319 4041 μεις
2340 3990 2353 4002 ο
2388 3973 2481 4025 καὶ
2517 3973 2578 4025 τὸ
2608 3972 2694 4025 ἐπ’
2727 3971 2874 4043 αὐτῷ
2910 3969 3176 4042 μαθοῦσαι
3211 3968 3525 4040 μυστήριον,
3568 3966 3779 4020 ἀκατα-

2195 4049 2414 4133 λήκτοις
2464 4062 2792 4130 δοξολογίαις
2840 4060 3157 4133 γεραίρουσι
3200 4058 3291 4111 τὸν
3333 4058 3427 4110 ἕνα
3466 4056 3565 4110 καὶ
3614 4054 3778 4124 φύσει

2197 4152 2288 4205 καὶ
2326 4151 2538 4221 ἀληθῶς
2568 4152 2713 4206 Υἱόν.
2751 4152 2811 4205 Ei
2840 4151 2951 4223 γάρ
2998 4150 3213 4203 δίδωσιν
3250 4146 3505 4212 ἐξουσίαν
3536 4148 3650 4208 τοῖς
3682 4145 3781 4200 λα-

2196 4242 2380 4297 ϐοῦσιν
2436 4244 2596 4297 αὑτὸν
2648 4243 2812 4298 τέκνα
2857 4241 2990 4296 Θεοῦ
3043 4238 3323 4309 γενέσθαι,
3368 4235 3511 4290 κατά
3559 4252 3623 4303 γε
3673 4235 3777 4307 τὴν

2209 4323 2454 4389 Ἰωάννου
2487 4336 2690 4407 φωνὴν,
2723 4337 2815 4390 καὶ
2844 4334 3005 4405 εἴπερ
3035 4332 3180 4386 ἐστὶν
3207 4327 3401 4399 ἀληθὲς
3427 4326 3506 4392 ὡς
3541 4329 3782 4382 υίοποιεῖ

2195 4424 2257 4477 τὸ
2289 4423 2513 4493 Πνεῦμα
2541 4424 2708 4484 αὐτοῦ
2736 4426 2830 4477 καὶ
2874 4426 3023 4496 ἡμᾶς
3051 4420 3248 4483 αὐτούς
3267 4435 3282 4451 ⁸
3323 4439 3341 4471 ι
3393 4417 3780 4483 Ἐξαπέστειλε

2196 4513 2305 4586 γὰρ
2335 4516 2364 4568 6
2394 4514 2523 4578 Θεὸς
2554 4516 2615 4568 τὸ
2646 4515 2870 4586 Πνεῦμα
2899 4514 2993 4568 τοῦ
3027 4512 3159 4568 Υίοῦ
3204 4510 3368 4565 αὐτοῦ
3396 4512 3476 4573 εἰς
3505 4509 3605 4573 τὰς
3638 4526 3780 4579 καρ-

512 4620 634 4662 esse
685 4607 848 4662 etiam
898 4603 1073 4675 Cyrus
1129 4604 1222 4660 ille
1275 4619 1367 4683 rex
1412 4603 1722 4667 Persarum,
1766 4612 2091 4660 et~sanctus

2200 4604 2311 4668 δίας
2340 4604 2498 4676 ᾐμῷν
2546 4607 2768 4675 κρᾶζον,
2804 4606 2973 4660 Ἀϐϐά
3015 4606 3044 4658 6
3081 4604 3270 4677 Πατήρ
3291 4619 3305 4634 ·
3342 4620 3361 4653 ι
3389 4601 3675 4671 ἀνάσχοιτο
3710 4599 3781 4653 ἂν

512 4698 785 4777 quomodo
830 4695 967 4751 Medi
1013 4710 1231 4767 quoque
1284 4696 1385 4766 ipsi
1420 4711 1487 4751 ac
1531 4694 1751 4752 Persae?
1800 4694 1918 4751 Jam
1960 4711 2089 4752 vero

2200 4697 2364 4762 οὐδεὶς
2404 4697 2512 4752 τῶν
2560 4695 2620 4752 εὖ
2673 4702 2888 4773 φρονεῖν
2932 4698 3225 4761 εἰωθότων,
3261 4694 3451 4750 τούτου
3496 4692 3780 4762 λέγοντος,

513 4791 695 4843 dicere
735 4788 938 4854 licebit,
985 4804 1053 4844 ne
1087 4789 1481 4844 sanctiﬁcatum
1523 4788 1740 4858 quidem
1779 4804 1898 4844 esse
1928 4787 2087 4844 Chri-

511 4890 654 4935 stum
692 4880 1026 4948 humanitus,
1059 4881 1307 4950 quamvis
1349 4879 1402 4933 itt
1446 4895 1571 4934 eum
1615 4881 1877 4936 columba:
1910 4882 2089 4951 specie

511 4979 732 5025 sanctus
777 4969 1013 5040 Spiritus
1057 4968 1315 5024 insederit
1357 4967 1421 5021 ³³.
1472 4966 1607 5022 Nam
1654 4967 1827 5040 Cyrus
1872 4968 2087 5038 quidem

511 5061 797 5133 Cauthysae
828 5062 972 5117 [ilius
992 5061 1120 5117 olim
1150 5059 1450 5115 exercitum
1480 5058 1634 5114 duxit
1658 5059 1711 5112 in
1740 5058 2085 5130 Babylonios,

512 5149 606 5235 sed
636 5161 812 5207 tamen
837 5151 891 5206 iu
923 5166 1112 5208 errore
1148 5150 1483 5218 versabatur,
1523 5160 1577 5204 et
1623 5150 1851 5220 impuris
1889 5151 2088 5205 daemo-

585 5326 808 5400 fl_.|o.m.
838 5345 917 5391 ιιι,
944 5332 1033 5389 54,
1109 5332 1161 5400 ’ἦ
1189 5329 1373 5384 Matth.
1401 5345 1515 5394 vnt,
1542 5330 1595 5384 5.
1672 5332 1718 5400 fi
1757 5330 1890 5387 Luc.
1923 5347 2020 5400 vn,
2064 5333 2149 5388 H.

1063 5402 1105 5434 "
1135 5399 1310 5455 Galat.
1353 5415 1425 5465 tv,
1456 5399 1510 5454 6.
1588 5400 1633 5431 ³⁸
1668 5399 1857 5456 Matth.
1895 5419 1977 5466 ιιι,
2011 5404 2192 5468 16,17.

514 5397 554 5428 ³¹
586 5396 783 5451 Uoztn.
821 5414 901 5462 ιιι,
935 5400 985 5454 1.

2190 4790 2361 4854 οὕτως
2387 4788 2525 4846 εἶναι
2554 4792 2648 4846 καὶ
2670 4794 2830 4846 αὑτὸν
2860 4791 3007 4856 Υίδν,
3040 4791 3118 4855 ὡς
3141 4791 3232 4845 τὸν
3274 4786 3515 4860 Ἰσραήλ.
3556 4785 3680 4848 Πῶς
3718 4784 3783 4839 δδ

2192 4883 2286 4935 καὶ
2326 4880 2466 4936 οὕτω
2512 4882 2744 4954 Χριστὸς
2788 4883 2883 4937 καὶ
2931 4881 3107 4952 άγιος,
3155 4881 3231 4945 ὼς
3266 4881 3333 4934 ἂν
3382 4873 3522 4932 εἶναι
3567 4876 3782 4945 λέγοιτο

2192 4974 2411 5044 χριστὸς
2451 4975 2634 5046 Κῦρός
2672 4992 2732 5027 τε
2769 4977 2798 5029 ό
2823 4975 2931 5028 τῶν
2961 4972 3187 5046 Περσῶν
3230 4966 3651 5041 βεϐασιλευκὼς,
3680 4966 3782 5021 καί⁵

2196 5064 2301 5136 μὴν
2342 5065 2437 5120 καὶ
2460 5065 2614 5119 αὐτοὶ
2646 5066 2756 5137 (ιε)
2784 5067 2991 5137 Πέρσαι
3020 5082 3081 5118 τε
3130 5066 3226 5119 καὶ
3258 5062 3472 5133 Μῆδοι;
3499 5059 3643 5131 Ὅρα
3668 5057 3783 5128 γὰρ

2193 5155 2365 5207 εἰπεῖν
2412 5153 2545 5225 μηδὲ
2581 5155 2838 5225 ἡγιάσοαι
2888 5154 3122 5227 Χριστὸν
3170 5150 3546 5223 ἀνθρωπίνως,
3599 5143 3782 5201 καίτοι

2251 5334 2295 5367 ’⁸
2324 5334 2480 5390 Joan.
2505 5353 2593 5402 xx,
2618 5337 2707 5391 9.2.
2806 5338 2850 5369 ²⁹
2885 5337 3053 5392 llebr.
3091 5352 3173 5404 ιιι,
3199 5335 3254 5390 4.
3333 5334 3378 5365 ³⁸
3413 5330 3579 5387 Hebr.
3611 5346 3652 5396 t,
3685 5328 3741 5384 6.

1753 5575 1914 5634 ANT.
1952 5577 2222 5634 AGELLII
2264 5578 2497 5634 NO'I'JE.

590 5727 703 5813 (ίῖ)
732 5727 1038 5801 Legetttlum
1076 5728 1306 5797 Videtur,
1372 5730 1462 5785 καὶ
1499 5732 1606 5803 μὴν
1646 5733 1739 5786 καὶ
1818 5732 1962 5802 ἅγιοι
2006 5734 2096 5807 Πέι

2200 5754 2233 5791 ι.
2286 5737 2375 5795 Sic
2445 5754 2678 5812 namque
2725 5741 3083 5813 prteecdcntia
3154 5754 3217 5796 ac
3264 5734 3548 5808 sequentia
3589 5726 3775 5799 ποσιυίσι

510 5809 658 5855 runt.
