  <div class='ocr_page' id='page_1' title='image "/cluster/home/n/w/nwhite01/storage/ocr_20150623/76/hvd.32044073501439/046.png"; bbox 0 0 4012 6212; ppageno 0'>
   <div class='ocr_carea' id='block_1_1' title="bbox 214 221 2419 284">
    <p class='ocr_par' dir='ltr' id='par_1_1' title="bbox 214 221 2419 284">
     <span class='ocr_line' id='line_1_1' title="bbox 214 221 2419 284; baseline 0.003 -7"><span class='ocrx_word' id='word_1_1' title='bbox 214 222 269 278; x_wconf 82' lang='lat'>8|</span> <span class='ocrx_word' id='word_1_2' title='bbox 1332 222 1701 280; x_wconf 75' lang='lat' dir='ltr'><strong>ADVERSUS</strong></span> <span class='ocrx_word' id='word_1_3' title='bbox 1739 221 2144 282; x_wconf 77' lang='lat' dir='ltr'><strong>NES‘TURIUM</strong></span> <span class='ocrx_word' id='word_1_4' title='bbox 2185 227 2313 284; x_wconf 83' lang='lat' dir='ltr'><strong>LIB.</strong></span> <span class='ocrx_word' id='word_1_5' title='bbox 2356 227 2419 283; x_wconf 86' lang='grc' dir='ltr'>ιι.</span> 
     </span>
    </p>
   </div>
   <div class='ocr_carea' id='block_1_2' title="bbox 3364 227 3446 284">
    <p class='ocr_par' dir='ltr' id='par_1_2' title="bbox 3364 227 3446 284">
     <span class='ocr_line' id='line_1_2' title="bbox 3364 227 3446 284; baseline 0.012 -3"><span class='ocrx_word' id='word_1_6' title='bbox 3364 227 3446 284; x_wconf 70' lang='grc' dir='ltr'><strong>Δ82</strong></span> 
     </span>
    </p>
   </div>
   <div class='ocr_carea' id='block_1_3' title="bbox 220 344 1812 417">
    <p class='ocr_par' dir='ltr' id='par_1_3' title="bbox 220 344 1781 417">
     <span class='ocr_line' id='line_1_3' title="bbox 220 344 1781 417; baseline 0 -19"><span class='ocrx_word' id='word_1_7' title='bbox 220 345 578 408; x_wconf 73' lang='grc' dir='ltr'>καταπτάντος</span> <span class='ocrx_word' id='word_1_8' title='bbox 607 345 698 399; x_wconf 63' lang='grc' dir='ltr'><strong>ἔπ’</strong></span> <span class='ocrx_word' id='word_1_9' title='bbox 719 344 884 399; x_wconf 79' lang='grc' dir='ltr'>αὑτὸν</span> <span class='ocrx_word' id='word_1_10' title='bbox 911 346 1006 400; x_wconf 79' lang='grc' dir='ltr'><strong>τοῦ</strong></span> <span class='ocrx_word' id='word_1_11' title='bbox 1040 346 1197 414; x_wconf 84' lang='grc' dir='ltr'>ἁγίου</span> <span class='ocrx_word' id='word_1_12' title='bbox 1236 347 1372 400; x_wconf 83' lang='grc' dir='ltr'>Πνεύ</span> <span class='ocrx_word' id='word_1_13' title='bbox 1380 365 1545 417; x_wconf 84' lang='grc' dir='ltr'>ματος</span> <span class='ocrx_word' id='word_1_14' title='bbox 1571 349 1628 399; x_wconf 82' lang='grc' dir='ltr'>ἐν</span> <span class='ocrx_word' id='word_1_15' title='bbox 1654 346 1781 399; x_wconf 73' lang='grc' dir='ltr'>εἴδει</span> 
     </span>
    </p>
   </div>
   <div class='ocr_carea' id='block_1_4' title="bbox 1915 344 3449 417">
    <p class='ocr_par' dir='ltr' id='par_1_4' title="bbox 1915 347 3449 407">
     <span class='ocr_line' id='line_1_4' title="bbox 1915 347 3449 407; baseline -0.002 -5"><span class='ocrx_word' id='word_1_16' title='bbox 1915 350 1992 404; x_wconf 73' lang='lat' dir='ltr'><strong>:iis</strong></span> <span class='ocrx_word' id='word_1_17' title='bbox 2035 352 2437 405; x_wconf 72' lang='lat' dir='ltr'><strong>venerationem</strong></span> <span class='ocrx_word' id='word_1_18' title='bbox 2484 350 2790 407; x_wconf 73' lang='lat' dir='ltr'><strong>exhibebat.</strong></span> <span class='ocrx_word' id='word_1_19' title='bbox 2842 350 2942 406; x_wconf 70' lang='lat' dir='ltr'><strong>Ubi</strong></span> <span class='ocrx_word' id='word_1_20' title='bbox 2987 364 3112 402; x_wconf 89' lang='lat' dir='ltr'><strong>vero</strong></span> <span class='ocrx_word' id='word_1_21' title='bbox 3149 348 3257 401; x_wconf 83' lang='lat' dir='ltr'><strong>Deo</strong></span> <span class='ocrx_word' id='word_1_22' title='bbox 3302 347 3449 401; x_wconf 83' lang='lat' dir='ltr'><strong>illum</strong></span> 
     </span>
    </p>
   </div>
   <div class='ocr_carea' id='block_1_5' title="bbox 222 438 1782 510">
    <p class='ocr_par' dir='ltr' id='par_1_5' title="bbox 222 438 1782 510">
     <span class='ocr_line' id='line_1_5' title="bbox 222 438 1782 510; baseline 0 -17"><span class='ocrx_word' id='word_1_23' title='bbox 222 440 548 510; x_wconf 72' lang='grc' dir='ltr'>περιστερᾶς.</span> <span class='ocrx_word' id='word_1_24' title='bbox 587 439 777 510; x_wconf 74' lang='grc' dir='ltr'>Κῦρος</span> <span class='ocrx_word' id='word_1_25' title='bbox 812 439 909 509; x_wconf 79' lang='grc' dir='ltr'>μὲν</span> <span class='ocrx_word' id='word_1_26' title='bbox 931 438 1038 509; x_wconf 83' lang='grc' dir='ltr'><strong>γάρ</strong></span> <span class='ocrx_word' id='word_1_27' title='bbox 1070 440 1100 491; x_wconf 93' lang='grc' dir='ltr'><strong>ό</strong></span> <span class='ocrx_word' id='word_1_28' title='bbox 1135 438 1455 509; x_wconf 85' lang='grc' dir='ltr'>Καμϐύσου,</span> <span class='ocrx_word' id='word_1_29' title='bbox 1480 440 1782 510; x_wconf 79' lang='grc' dir='ltr'>κατεστρά-</span> 
     </span>
    </p>
   </div>
   <div class='ocr_carea' id='block_1_6' title="bbox 221 528 1781 602">
    <p class='ocr_par' dir='ltr' id='par_1_6' title="bbox 221 528 1781 602">
     <span class='ocr_line' id='line_1_6' title="bbox 221 528 1781 602; baseline 0 -20"><span class='ocrx_word' id='word_1_30' title='bbox 221 546 363 584; x_wconf 63' lang='lat' dir='ltr'><strong>causa</strong></span> <span class='ocrx_word' id='word_1_31' title='bbox 394 530 489 598; x_wconf 84' lang='grc' dir='ltr'>τῆς</span> <span class='ocrx_word' id='word_1_32' title='bbox 516 528 883 583; x_wconf 83' lang='grc' dir='ltr'>Βαϐυλωνίων</span> <span class='ocrx_word' id='word_1_33' title='bbox 913 530 1057 584; x_wconf 77' lang='grc' dir='ltr'>κατὰ</span> <span class='ocrx_word' id='word_1_34' title='bbox 1087 530 1335 600; x_wconf 83' lang='grc' dir='ltr'>καιροὺς,</span> <span class='ocrx_word' id='word_1_35' title='bbox 1367 532 1679 602; x_wconf 81' lang='grc' dir='ltr'>πεπλάνητο</span> <span class='ocrx_word' id='word_1_36' title='bbox 1702 530 1781 596; x_wconf 77' lang='grc' dir='ltr'>δὲ,</span> 
     </span>
    </p>
   </div>
   <div class='ocr_carea' id='block_1_7' title="bbox 226 621 1781 691">
    <p class='ocr_par' dir='ltr' id='par_1_7' title="bbox 226 621 1781 691">
     <span class='ocr_line' id='line_1_7' title="bbox 226 621 1781 691; baseline 0.002 -18"><span class='ocrx_word' id='word_1_37' title='bbox 226 622 309 673; x_wconf 66' lang='grc' dir='ltr'>καὶ</span> <span class='ocrx_word' id='word_1_38' title='bbox 351 624 452 684; x_wconf 76' lang='grc' dir='ltr'>τοῖς</span> <span class='ocrx_word' id='word_1_39' title='bbox 502 621 844 691; x_wconf 78' lang='grc' dir='ltr'><strong>ἀκαθάρτοις</strong></span> <span class='ocrx_word' id='word_1_40' title='bbox 888 621 1139 691; x_wconf 78' lang='grc' dir='ltr'><strong>δαίμοσιν</strong></span> <span class='ocrx_word' id='word_1_41' title='bbox 1196 621 1432 675; x_wconf 79' lang='grc' dir='ltr'><strong>ἀνετίθει</strong></span> <span class='ocrx_word' id='word_1_42' title='bbox 1482 622 1542 674; x_wconf 86' lang='grc' dir='ltr'><strong>τὸ</strong></span> <span class='ocrx_word' id='word_1_43' title='bbox 1597 622 1781 685; x_wconf 81' lang='grc' dir='ltr'>σέϐας.</span> 
     </span>
    </p>
   </div>
   <div class='ocr_carea' id='block_1_8' title="bbox 238 711 1785 784">
    <p class='ocr_par' dir='ltr' id='par_1_8' title="bbox 238 711 1785 784">
     <span class='ocr_line' id='line_1_8' title="bbox 238 711 1785 784; baseline 0 -20"><span class='ocrx_word' id='word_1_44' title='bbox 238 711 429 782; x_wconf 74' lang='grc' dir='ltr'>Ἐπειδὴ</span> <span class='ocrx_word' id='word_1_45' title='bbox 478 713 535 765; x_wconf 78' lang='grc' dir='ltr'>δὲ</span> <span class='ocrx_word' id='word_1_46' title='bbox 580 712 729 766; x_wconf 81' lang='grc' dir='ltr'>Θεοῦ</span> <span class='ocrx_word' id='word_1_47' title='bbox 783 712 1218 784; x_wconf 82' lang='grc' dir='ltr'>παραθήγοντος,</span> <span class='ocrx_word' id='word_1_48' title='bbox 1271 713 1367 766; x_wconf 77' lang='grc' dir='ltr'>καὶ</span> <span class='ocrx_word' id='word_1_49' title='bbox 1418 713 1785 775; x_wconf 84' lang='grc' dir='ltr'>διανιστάντος</span> 
     </span>
    </p>
   </div>
   <div class='ocr_carea' id='block_1_9' title="bbox 231 798 1785 875">
    <p class='ocr_par' dir='ltr' id='par_1_9' title="bbox 231 798 1785 875">
     <span class='ocr_line' id='line_1_9' title="bbox 231 798 1785 875; baseline 0.001 -20"><span class='ocrx_word' id='word_1_50' title='bbox 231 804 370 856; x_wconf 64' lang='grc' dir='ltr'>αἰτόν</span> <span class='ocrx_word' id='word_1_51' title='bbox 426 806 503 867; x_wconf 84' lang='grc' dir='ltr'><strong>είς</strong></span> <span class='ocrx_word' id='word_1_52' title='bbox 561 804 765 875; x_wconf 79' lang='grc' dir='ltr'>ὀργάς,</span> <span class='ocrx_word' id='word_1_53' title='bbox 824 798 934 856; x_wconf 77' lang='grc' dir='ltr'>εἷλε</span> <span class='ocrx_word' id='word_1_54' title='bbox 992 804 1089 875; x_wconf 76' lang='grc' dir='ltr'>τὴν</span> <span class='ocrx_word' id='word_1_55' title='bbox 1140 803 1516 869; x_wconf 82' lang='grc' dir='ltr'>Βαϐυλωνίων,</span> <span class='ocrx_word' id='word_1_56' title='bbox 1561 805 1785 874; x_wconf 80' lang='grc' dir='ltr'>ὀνόματι</span> 
     </span>
    </p>
   </div>
   <div class='ocr_carea' id='block_1_10' title="bbox 235 895 1782 967">
    <p class='ocr_par' dir='ltr' id='par_1_10' title="bbox 235 895 1782 967">
     <span class='ocr_line' id='line_1_10' title="bbox 235 895 1782 967; baseline 0.001 -19"><span class='ocrx_word' id='word_1_57' title='bbox 235 895 390 965; x_wconf 76' lang='grc' dir='ltr'>κοινῷ,</span> <span class='ocrx_word' id='word_1_58' title='bbox 422 896 590 949; x_wconf 86' lang='grc' dir='ltr'>καίτοι</span> <span class='ocrx_word' id='word_1_59' title='bbox 631 897 929 966; x_wconf 84' lang='grc' dir='ltr'>Πνεύματι</span> <span class='ocrx_word' id='word_1_60' title='bbox 961 896 1039 966; x_wconf 84' lang='grc' dir='ltr'><strong>τῷ</strong></span> <span class='ocrx_word' id='word_1_61' title='bbox 1091 896 1233 966; x_wconf 83' lang='grc' dir='ltr'>ἁγίῳ</span> <span class='ocrx_word' id='word_1_62' title='bbox 1285 896 1361 967; x_wconf 80' lang='grc' dir='ltr'>μὴ</span> <span class='ocrx_word' id='word_1_63' title='bbox 1405 896 1782 967; x_wconf 81' lang='grc' dir='ltr'>κεχρισμένος,</span> 
     </span>
    </p>
   </div>
   <div class='ocr_carea' id='block_1_11' title="bbox 240 987 1787 1059">
    <p class='ocr_par' dir='ltr' id='par_1_11' title="bbox 240 987 1787 1059">
     <span class='ocr_line' id='line_1_11' title="bbox 240 987 1787 1059; baseline 0.003 -20"><span class='ocrx_word' id='word_1_64' title='bbox 240 988 418 1057; x_wconf 66' lang='grc' dir='ltr'>εἴρηται</span> <span class='ocrx_word' id='word_1_65' title='bbox 458 988 703 1059; x_wconf 81' lang='grc' dir='ltr'>χριστός.</span> <span class='ocrx_word' id='word_1_66' title='bbox 752 989 929 1058; x_wconf 80' lang='grc' dir='ltr'>Ἀγιοι</span> <span class='ocrx_word' id='word_1_67' title='bbox 952 987 1011 1040; x_wconf 84' lang='grc' dir='ltr'>δὲ</span> <span class='ocrx_word' id='word_1_68' title='bbox 1045 988 1186 1041; x_wconf 72' lang='grc' dir='ltr'>οὕτω</span> <span class='ocrx_word' id='word_1_69' title='bbox 1217 989 1423 1058; x_wconf 82' lang='grc' dir='ltr'>Πέρσαι</span> <span class='ocrx_word' id='word_1_70' title='bbox 1451 1006 1509 1042; x_wconf 90' lang='grc' dir='ltr'><strong>τε</strong></span> <span class='ocrx_word' id='word_1_71' title='bbox 1549 990 1641 1042; x_wconf 70' lang='grc' dir='ltr'><strong>καὶ</strong></span> <span class='ocrx_word' id='word_1_72' title='bbox 1666 989 1787 1059; x_wconf 79' lang='grc' dir='ltr'><strong>Μῆ-</strong></span> 
     </span>
    </p>
   </div>
   <div class='ocr_carea' id='block_1_12' title="bbox 243 1080 1789 1152">
    <p class='ocr_par' dir='ltr' id='par_1_12' title="bbox 243 1080 1789 1152">
     <span class='ocr_line' id='line_1_12' title="bbox 243 1080 1789 1152; baseline 0.001 -20"><span class='ocrx_word' id='word_1_73' title='bbox 243 1081 309 1132; x_wconf 77' lang='grc' dir='ltr'><strong>δοι</strong></span> <span class='ocrx_word' id='word_1_74' title='bbox 329 1081 375 1132; x_wconf 84' lang='grc' dir='ltr'>οἱ</span> <span class='ocrx_word' id='word_1_75' title='bbox 400 1080 822 1146; x_wconf 75' lang='grc' dir='ltr'>συνασπίζοντες</span> <span class='ocrx_word' id='word_1_76' title='bbox 847 1080 1016 1151; x_wconf 78' lang='grc' dir='ltr'>αὐτῷ·</span> <span class='ocrx_word' id='word_1_77' title='bbox 1036 1080 1428 1152; x_wconf 84' lang='grc' dir='ltr'>λελατρεύκασι</span> <span class='ocrx_word' id='word_1_78' title='bbox 1456 1081 1562 1152; x_wconf 86' lang='grc' dir='ltr'>γὰρ</span> <span class='ocrx_word' id='word_1_79' title='bbox 1601 1082 1789 1135; x_wconf 80' lang='grc' dir='ltr'>κάκεῖ·</span> 
     </span>
    </p>
   </div>
   <div class='ocr_carea' id='block_1_13' title="bbox 252 1171 1790 1244">
    <p class='ocr_par' dir='ltr' id='par_1_13' title="bbox 252 1171 1790 1244">
     <span class='ocr_line' id='line_1_13' title="bbox 252 1171 1790 1244; baseline 0.001 -21"><span class='ocrx_word' id='word_1_80' title='bbox 252 1187 319 1223; x_wconf 81' lang='grc' dir='ltr'><strong>νοι</strong></span> <span class='ocrx_word' id='word_1_81' title='bbox 343 1174 404 1242; x_wconf 73' lang='grc' dir='ltr'><strong>τῇ</strong></span> <span class='ocrx_word' id='word_1_82' title='bbox 428 1171 576 1224; x_wconf 87' lang='grc' dir='ltr'>κτίσει</span> <span class='ocrx_word' id='word_1_83' title='bbox 610 1173 781 1243; x_wconf 80' lang='grc' dir='ltr'>παρὰ</span> <span class='ocrx_word' id='word_1_84' title='bbox 809 1172 902 1225; x_wconf 87' lang='grc' dir='ltr'><strong>τὸν</strong></span> <span class='ocrx_word' id='word_1_85' title='bbox 932 1171 1191 1226; x_wconf 88' lang='grc' dir='ltr'>κτίσαντα</span> <span class='ocrx_word' id='word_1_86' title='bbox 1230 1172 1382 1234; x_wconf 83' lang='grc' dir='ltr'>Θεὸν,</span> <span class='ocrx_word' id='word_1_87' title='bbox 1425 1174 1516 1226; x_wconf 76' lang='grc' dir='ltr'>καὶ</span> <span class='ocrx_word' id='word_1_88' title='bbox 1556 1189 1790 1244; x_wconf 85' lang='grc' dir='ltr'>προσκε-</span> 
     </span>
    </p>
   </div>
   <div class='ocr_carea' id='block_1_14' title="bbox 254 1261 1789 1334">
    <p class='ocr_par' dir='ltr' id='par_1_14' title="bbox 254 1261 1789 1334">
     <span class='ocr_line' id='line_1_14' title="bbox 254 1261 1789 1334; baseline 0.002 -22"><span class='ocrx_word' id='word_1_89' title='bbox 254 1261 479 1331; x_wconf 70' lang='grc' dir='ltr'>κυνήκασι</span> <span class='ocrx_word' id='word_1_90' title='bbox 508 1265 615 1326; x_wconf 81' lang='grc' dir='ltr'>τοῖς</span> <span class='ocrx_word' id='word_1_91' title='bbox 648 1263 839 1334; x_wconf 67' lang='grc' dir='ltr'>ἔργοις</span> <span class='ocrx_word' id='word_1_92' title='bbox 875 1262 984 1315; x_wconf 86' lang='grc' dir='ltr'><strong>τῶν</strong></span> <span class='ocrx_word' id='word_1_93' title='bbox 1025 1263 1168 1315; x_wconf 84' lang='grc' dir='ltr'>ἰδίων</span> <span class='ocrx_word' id='word_1_94' title='bbox 1198 1262 1417 1333; x_wconf 81' lang='grc' dir='ltr'>χειρῶν.</span> <span class='ocrx_word' id='word_1_95' title='bbox 1479 1262 1695 1333; x_wconf 83' lang='grc' dir='ltr'>Ἐπειδὴ</span> <span class='ocrx_word' id='word_1_96' title='bbox 1733 1262 1789 1315; x_wconf 78' lang='grc' dir='ltr'>δὲ</span> 
     </span>
    </p>
   </div>
   <div class='ocr_carea' id='block_1_15' title="bbox 253 1344 1788 1424">
    <p class='ocr_par' dir='ltr' id='par_1_15' title="bbox 253 1344 1788 1424">
     <span class='ocr_line' id='line_1_15' title="bbox 253 1344 1788 1424; baseline 0.004 -23"><span class='ocrx_word' id='word_1_97' title='bbox 253 1351 329 1403; x_wconf 75' lang='grc' dir='ltr'>καὶ</span> <span class='ocrx_word' id='word_1_98' title='bbox 354 1350 491 1416; x_wconf 80' lang='grc' dir='ltr'>ἅπαξ.</span> <span class='ocrx_word' id='word_1_99' title='bbox 523 1354 678 1407; x_wconf 75' lang='grc' dir='ltr'>κα.τά</span> <span class='ocrx_word' id='word_1_100' title='bbox 707 1369 772 1421; x_wconf 87' lang='grc' dir='ltr'><strong>γε</strong></span> <span class='ocrx_word' id='word_1_101' title='bbox 793 1354 892 1415; x_wconf 75' lang='grc' dir='ltr'><strong>τὰς</strong></span> <span class='ocrx_word' id='word_1_102' title='bbox 915 1355 971 1406; x_wconf 73' lang='grc' dir='ltr'>ἐν</span> <span class='ocrx_word' id='word_1_103' title='bbox 998 1352 1074 1422; x_wconf 80' lang='grc' dir='ltr'>τῷ</span> <span class='ocrx_word' id='word_1_104' title='bbox 1100 1353 1377 1423; x_wconf 78' lang='grc' dir='ltr'>Μωσαῖκῷ</span> <span class='ocrx_word' id='word_1_105' title='bbox 1404 1344 1551 1424; x_wconf 74' lang='grc' dir='ltr'>νόμῳ</span> <span class='ocrx_word' id='word_1_106' title='bbox 1586 1356 1788 1421; x_wconf 79' lang='grc' dir='ltr'>φωνὰς,</span> 
     </span>
    </p>
   </div>
   <div class='ocr_carea' id='block_1_16' title="bbox 256 1443 1789 1515">
    <p class='ocr_par' dir='ltr' id='par_1_16' title="bbox 256 1443 1789 1515">
     <span class='ocr_line' id='line_1_16' title="bbox 256 1443 1789 1515; baseline 0.001 -22"><span class='ocrx_word' id='word_1_107' title='bbox 256 1443 306 1494; x_wconf 75' lang='grc' dir='ltr'><strong>τὸ</strong></span> <span class='ocrx_word' id='word_1_108' title='bbox 338 1445 606 1514; x_wconf 66' lang='grc' dir='ltr'>ἀφορισθὲν</span> <span class='ocrx_word' id='word_1_109' title='bbox 649 1444 729 1514; x_wconf 83' lang='grc' dir='ltr'><strong>τῷ</strong></span> <span class='ocrx_word' id='word_1_110' title='bbox 771 1443 889 1514; x_wconf 76' lang='grc' dir='ltr'>Θεῷ</span> <span class='ocrx_word' id='word_1_111' title='bbox 923 1444 1090 1515; x_wconf 84' lang='grc' dir='ltr'>θῦμα.</span> <span class='ocrx_word' id='word_1_112' title='bbox 1130 1443 1231 1497; x_wconf 75' lang='grc' dir='ltr'>κᾶν</span> <span class='ocrx_word' id='word_1_113' title='bbox 1278 1443 1332 1496; x_wconf 74' lang='grc' dir='ltr'>ετ</span> <span class='ocrx_word' id='word_1_114' title='bbox 1370 1461 1427 1497; x_wconf 83' lang='grc' dir='ltr'><strong>τε</strong></span> <span class='ocrx_word' id='word_1_115' title='bbox 1471 1445 1669 1515; x_wconf 81' lang='grc' dir='ltr'><strong>μόσχος</strong></span> <span class='ocrx_word' id='word_1_116' title='bbox 1705 1443 1789 1513; x_wconf 83' lang='grc' dir='ltr'>εἴη</span> 
     </span>
    </p>
   </div>
   <div class='ocr_carea' id='block_1_17' title="bbox 259 1531 1793 1605">
    <p class='ocr_par' dir='ltr' id='par_1_17' title="bbox 259 1531 1793 1605">
     <span class='ocr_line' id='line_1_17' title="bbox 259 1531 1793 1605; baseline 0.002 -22"><span class='ocrx_word' id='word_1_117' title='bbox 259 1531 404 1600; x_wconf 74' lang='grc' dir='ltr'>τυχὸν,</span> <span class='ocrx_word' id='word_1_118' title='bbox 446 1532 475 1602; x_wconf 78' lang='grc' dir='ltr'>ἢ</span> <span class='ocrx_word' id='word_1_119' title='bbox 520 1534 632 1596; x_wconf 69' lang='grc' dir='ltr'>εἰς,</span> <span class='ocrx_word' id='word_1_120' title='bbox 663 1533 820 1600; x_wconf 86' lang='grc' dir='ltr'>ἀγιον</span> <span class='ocrx_word' id='word_1_121' title='bbox 855 1532 1190 1602; x_wconf 80' lang='grc' dir='ltr'><strong>ὠνομάζετο,</strong></span> <span class='ocrx_word' id='word_1_122' title='bbox 1219 1534 1392 1605; x_wconf 85' lang='grc' dir='ltr'>ταύτῃ</span> <span class='ocrx_word' id='word_1_123' title='bbox 1438 1551 1521 1587; x_wconf 86' lang='grc' dir='ltr'><strong>τοι</strong></span> <span class='ocrx_word' id='word_1_124' title='bbox 1564 1537 1659 1589; x_wconf 77' lang='grc' dir='ltr'>καὶ</span> <span class='ocrx_word' id='word_1_125' title='bbox 1706 1533 1793 1587; x_wconf 83' lang='grc' dir='ltr'><strong>διά</strong></span> 
     </span>
    </p>
   </div>
   <div class='ocr_carea' id='block_1_18' title="bbox 259 1624 1790 1697">
    <p class='ocr_par' dir='ltr' id='par_1_18' title="bbox 259 1624 1790 1697">
     <span class='ocr_line' id='line_1_18' title="bbox 259 1624 1790 1697; baseline 0.001 -20"><span class='ocrx_word' id='word_1_126' title='bbox 259 1624 337 1692; x_wconf 75' lang='grc' dir='ltr'>τῆς</span> <span class='ocrx_word' id='word_1_127' title='bbox 358 1624 437 1677; x_wconf 74' lang='grc' dir='ltr'>τοῦ</span> <span class='ocrx_word' id='word_1_128' title='bbox 462 1626 739 1697; x_wconf 69' lang='grc' dir='ltr'>προφήτου</span> <span class='ocrx_word' id='word_1_129' title='bbox 766 1625 952 1696; x_wconf 82' lang='grc' dir='ltr'>φωνῆς</span> <span class='ocrx_word' id='word_1_130' title='bbox 979 1625 1122 1693; x_wconf 78' lang='grc' dir='ltr'>ἅγιοι</span> <span class='ocrx_word' id='word_1_131' title='bbox 1153 1625 1445 1697; x_wconf 83' lang='grc' dir='ltr'>κέκληνται</span> <span class='ocrx_word' id='word_1_132' title='bbox 1490 1628 1584 1680; x_wconf 82' lang='grc' dir='ltr'>καὶ</span> <span class='ocrx_word' id='word_1_133' title='bbox 1616 1627 1790 1687; x_wconf 75' lang='grc' dir='ltr'>αὐτοὶ,</span> 
     </span>
    </p>
   </div>
   <div class='ocr_carea' id='block_1_19' title="bbox 264 1716 1792 1790">
    <p class='ocr_par' dir='ltr' id='par_1_19' title="bbox 264 1716 1792 1790">
     <span class='ocr_line' id='line_1_19' title="bbox 264 1716 1792 1790; baseline 0.003 -22"><span class='ocrx_word' id='word_1_134' title='bbox 264 1716 412 1770; x_wconf 59' lang='lat' dir='ltr'><strong>esse:</strong></span> <span class='ocrx_word' id='word_1_135' title='bbox 436 1720 488 1772; x_wconf 85' lang='grc' dir='ltr'><strong>τὸ</strong></span> <span class='ocrx_word' id='word_1_136' title='bbox 512 1718 823 1789; x_wconf 71' lang='grc' dir='ltr'>ἀφωρίσθαι</span> <span class='ocrx_word' id='word_1_137' title='bbox 847 1722 961 1782; x_wconf 78' lang='grc' dir='ltr'>τοῖς</span> <span class='ocrx_word' id='word_1_138' title='bbox 988 1718 1155 1781; x_wconf 74' lang='grc' dir='ltr'>θείοις</span> <span class='ocrx_word' id='word_1_139' title='bbox 1177 1718 1407 1790; x_wconf 77' lang='grc' dir='ltr'>νεύμασι</span> <span class='ocrx_word' id='word_1_140' title='bbox 1426 1719 1563 1789; x_wconf 84' lang='grc' dir='ltr'>πρὸς</span> <span class='ocrx_word' id='word_1_141' title='bbox 1592 1718 1792 1773; x_wconf 79' lang='grc' dir='ltr'>ἁλῶναι</span> 
     </span>
    </p>
   </div>
   <div class='ocr_carea' id='block_1_20' title="bbox 266 1770 1874 1880">
    <p class='ocr_par' dir='ltr' id='par_1_20' title="bbox 266 1770 1874 1880">
     <span class='ocr_line' id='line_1_20' title="bbox 266 1770 1874 1880; baseline 0.003 -22"><span class='ocrx_word' id='word_1_142' title='bbox 266 1806 346 1874; x_wconf 77' lang='grc' dir='ltr'>τὴν</span> <span class='ocrx_word' id='word_1_143' title='bbox 384 1770 751 1861; x_wconf 40' lang='lat' dir='ltr'><strong>matrima}</strong></span> <span class='ocrx_word' id='word_1_144' title='bbox 768 1770 975 1879; x_wconf 56' lang='lat' dir='ltr'><strong>&quot;am;</strong></span> <span class='ocrx_word' id='word_1_145' title='bbox 1006 1770 1798 1880; x_wconf 50' lang='lat' dir='ltr'><strong>.5.aa..f.;a...‘x;.;..i.3</strong></span> <span class='ocrx_word' id='word_1_146' title='bbox 1831 1770 1874 1827; x_wconf 72' lang='grc' dir='ltr'><strong><em>Β</em></strong></span> 
     </span>
    </p>
   </div>
   <div class='ocr_carea' id='block_1_21' title="bbox 280 1896 1796 1970">
    <p class='ocr_par' dir='ltr' id='par_1_21' title="bbox 280 1896 1796 1970">
     <span class='ocr_line' id='line_1_21' title="bbox 280 1896 1796 1970; baseline 0.007 -24"><span class='ocrx_word' id='word_1_147' title='bbox 280 1896 599 1969; x_wconf 70' lang='grc' dir='ltr'>Ἐμμανουὴλ,</span> <span class='ocrx_word' id='word_1_148' title='bbox 636 1899 780 1953; x_wconf 84' lang='grc' dir='ltr'><strong>καθά</strong></span> <span class='ocrx_word' id='word_1_149' title='bbox 817 1901 912 1952; x_wconf 78' lang='grc' dir='ltr'>καὶ</span> <span class='ocrx_word' id='word_1_150' title='bbox 958 1900 987 1951; x_wconf 87' lang='grc' dir='ltr'><strong>ό</strong></span> <span class='ocrx_word' id='word_1_151' title='bbox 1024 1899 1223 1970; x_wconf 81' lang='grc' dir='ltr'>Κῦρος,</span> <span class='ocrx_word' id='word_1_152' title='bbox 1270 1900 1363 1953; x_wconf 70' lang='grc' dir='ltr'>καὶ</span> <span class='ocrx_word' id='word_1_153' title='bbox 1414 1900 1585 1965; x_wconf 74' lang='grc' dir='ltr'>οὕτως</span> <span class='ocrx_word' id='word_1_154' title='bbox 1622 1902 1796 1969; x_wconf 75' lang='grc' dir='ltr'>ἅγιος,</span> 
     </span>
    </p>
   </div>
   <div class='ocr_carea' id='block_1_22' title="bbox 274 1986 1800 2062">
    <p class='ocr_par' dir='ltr' id='par_1_22' title="bbox 274 1986 1800 2062">
     <span class='ocr_line' id='line_1_22' title="bbox 274 1986 1800 2062; baseline 0.006 -23"><span class='ocrx_word' id='word_1_155' title='bbox 274 1986 395 2041; x_wconf 69' lang='grc' dir='ltr'>καθὰ</span> <span class='ocrx_word' id='word_1_156' title='bbox 422 1990 503 2043; x_wconf 74' lang='grc' dir='ltr'>καὶ</span> <span class='ocrx_word' id='word_1_157' title='bbox 539 1991 707 2061; x_wconf 73' lang='grc' dir='ltr'>Μῆδοι</span> <span class='ocrx_word' id='word_1_158' title='bbox 747 1991 845 2045; x_wconf 77' lang='grc' dir='ltr'>καὶ</span> <span class='ocrx_word' id='word_1_159' title='bbox 888 1992 1123 2061; x_wconf 77' lang='grc' dir='ltr'>Πέρσαι·</span> <span class='ocrx_word' id='word_1_160' title='bbox 1172 1991 1304 2062; x_wconf 85' lang='grc' dir='ltr'>φαίη</span> <span class='ocrx_word' id='word_1_161' title='bbox 1335 2009 1420 2056; x_wconf 87' lang='grc' dir='ltr'><strong>τις</strong></span> <span class='ocrx_word' id='word_1_162' title='bbox 1458 1991 1523 2046; x_wconf 84' lang='grc' dir='ltr'>ἂν</span> <span class='ocrx_word' id='word_1_163' title='bbox 1574 1993 1800 2057; x_wconf 78' lang='grc' dir='ltr'>είκότως</span> 
     </span>
    </p>
   </div>
   <div class='ocr_carea' id='block_1_23' title="bbox 286 2078 1799 2158">
    <p class='ocr_par' dir='ltr' id='par_1_23' title="bbox 286 2078 1799 2158">
     <span class='ocr_line' id='line_1_23' title="bbox 286 2078 1799 2158; baseline 0.009 -30"><span class='ocrx_word' id='word_1_164' title='bbox 286 2078 345 2140; x_wconf 74' lang='lat' dir='ltr'><strong>in;</strong></span> <span class='ocrx_word' id='word_1_165' title='bbox 373 2082 464 2134; x_wconf 74' lang='grc' dir='ltr'><strong>ἀπό</strong></span> <span class='ocrx_word' id='word_1_166' title='bbox 482 2099 539 2149; x_wconf 82' lang='grc' dir='ltr'><strong>γε</strong></span> <span class='ocrx_word' id='word_1_167' title='bbox 560 2085 656 2154; x_wconf 81' lang='grc' dir='ltr'>τῆς</span> <span class='ocrx_word' id='word_1_168' title='bbox 678 2083 787 2137; x_wconf 82' lang='grc' dir='ltr'><strong>τῶν</strong></span> <span class='ocrx_word' id='word_1_169' title='bbox 816 2082 1038 2139; x_wconf 81' lang='grc' dir='ltr'>ἐννοιῶν</span> <span class='ocrx_word' id='word_1_170' title='bbox 1062 2084 1313 2149; x_wconf 82' lang='grc' dir='ltr'>ἀτοπίας,</span> <span class='ocrx_word' id='word_1_171' title='bbox 1346 2086 1482 2157; x_wconf 79' lang='grc' dir='ltr'>μήτε</span> <span class='ocrx_word' id='word_1_172' title='bbox 1514 2087 1799 2158; x_wconf 78' lang='grc' dir='ltr'>κεκρίσθαι</span> 
     </span>
    </p>
   </div>
   <div class='ocr_carea' id='block_1_24' title="bbox 299 2169 1797 2252">
    <p class='ocr_par' dir='ltr' id='par_1_24' title="bbox 299 2169 1797 2252">
     <span class='ocr_line' id='line_1_24' title="bbox 299 2169 1797 2252; baseline 0.009 -29"><span class='ocrx_word' id='word_1_173' title='bbox 299 2169 361 2239; x_wconf 66' lang='grc' dir='ltr'>τῷ</span> <span class='ocrx_word' id='word_1_174' title='bbox 382 2173 496 2244; x_wconf 63' lang='grc' dir='ltr'>ἁγίῳ</span> <span class='ocrx_word' id='word_1_175' title='bbox 514 2177 793 2247; x_wconf 73' lang='grc' dir='ltr'>Πνεῦματι,</span> <span class='ocrx_word' id='word_1_176' title='bbox 825 2178 964 2247; x_wconf 81' lang='grc' dir='ltr'>μήτε</span> <span class='ocrx_word' id='word_1_177' title='bbox 998 2177 1103 2248; x_wconf 84' lang='grc' dir='ltr'><strong>μὴν</strong></span> <span class='ocrx_word' id='word_1_178' title='bbox 1139 2178 1292 2246; x_wconf 75' lang='grc' dir='ltr'>ἅγιον</span> <span class='ocrx_word' id='word_1_179' title='bbox 1330 2180 1594 2252; x_wconf 83' lang='grc' dir='ltr'><strong>ὑπάρχειν</strong></span> <span class='ocrx_word' id='word_1_180' title='bbox 1615 2180 1797 2236; x_wconf 83' lang='grc' dir='ltr'>αὐτόν·</span> 
     </span>
    </p>
   </div>
   <div class='ocr_carea' id='block_1_25' title="bbox 305 2260 1803 2343">
    <p class='ocr_par' dir='ltr' id='par_1_25' title="bbox 305 2260 1803 2343">
     <span class='ocr_line' id='line_1_25' title="bbox 305 2260 1803 2343; baseline 0.009 -29"><span class='ocrx_word' id='word_1_181' title='bbox 305 2260 600 2336; x_wconf 67' lang='grc' dir='ltr'>ψευδοεπῆσει</span> <span class='ocrx_word' id='word_1_182' title='bbox 634 2268 696 2337; x_wconf 78' lang='grc' dir='ltr'>δὴ</span> <span class='ocrx_word' id='word_1_183' title='bbox 732 2264 824 2322; x_wconf 74' lang='grc' dir='ltr'>οὖν</span> <span class='ocrx_word' id='word_1_184' title='bbox 853 2269 884 2320; x_wconf 96' lang='lat'><strong>6</strong></span> <span class='ocrx_word' id='word_1_185' title='bbox 932 2268 1072 2332; x_wconf 81' lang='grc' dir='ltr'>θεῖος</span> <span class='ocrx_word' id='word_1_186' title='bbox 1100 2269 1256 2339; x_wconf 81' lang='grc' dir='ltr'>ἡμῶν</span> <span class='ocrx_word' id='word_1_187' title='bbox 1295 2270 1457 2324; x_wconf 82' lang='grc' dir='ltr'>Δαϐὶδ</span> <span class='ocrx_word' id='word_1_188' title='bbox 1486 2272 1621 2343; x_wconf 86' lang='grc' dir='ltr'>πρὸς</span> <span class='ocrx_word' id='word_1_189' title='bbox 1672 2272 1803 2327; x_wconf 75' lang='grc' dir='ltr'>αὑτό</span> 
     </span>
    </p>
   </div>
   <div class='ocr_carea' id='block_1_26' title="bbox 301 2348 1800 2438">
    <p class='ocr_par' dir='ltr' id='par_1_26' title="bbox 301 2348 1800 2438">
     <span class='ocr_line' id='line_1_26' title="bbox 301 2348 1800 2438; baseline 0.012 -36"><span class='ocrx_word' id='word_1_190' title='bbox 301 2348 400 2421; x_wconf 70' lang='lat' dir='ltr'><strong>[Im</strong></span> <span class='ocrx_word' id='word_1_191' title='bbox 428 2355 586 2424; x_wconf 59' lang='grc' dir='ltr'>αὐτόνὶ</span> <span class='ocrx_word' id='word_1_192' title='bbox 615 2376 706 2413; x_wconf 74' lang='grc' dir='ltr'><strong>πω</strong></span> <span class='ocrx_word' id='word_1_193' title='bbox 752 2359 951 2430; x_wconf 75' lang='grc' dir='ltr'>λέγων·</span> <span class='ocrx_word' id='word_1_194' title='bbox 1001 2381 1019 2414; x_wconf 80' lang='grc' dir='ltr'><strong>ι</strong></span> <span class='ocrx_word' id='word_1_195' title='bbox 1074 2362 1393 2434; x_wconf 78' lang='grc' dir='ltr'>Ἥγάπησας</span> <span class='ocrx_word' id='word_1_196' title='bbox 1434 2363 1800 2438; x_wconf 82' lang='grc' dir='ltr'>δικαιοσύνην,</span> 
     </span>
    </p>
   </div>
   <div class='ocr_carea' id='block_1_27' title="bbox 294 2443 1802 2526">
    <p class='ocr_par' dir='ltr' id='par_1_27' title="bbox 294 2443 1802 2526">
     <span class='ocr_line' id='line_1_27' title="bbox 294 2443 1802 2526; baseline 0.012 -32"><span class='ocrx_word' id='word_1_197' title='bbox 294 2443 373 2495; x_wconf 79' lang='grc' dir='ltr'>καὶ</span> <span class='ocrx_word' id='word_1_198' title='bbox 411 2447 667 2519; x_wconf 74' lang='grc' dir='ltr'>ἐμίσησας</span> <span class='ocrx_word' id='word_1_199' title='bbox 693 2451 913 2506; x_wconf 73' lang='grc' dir='ltr'>ἀδικίανσ</span> <span class='ocrx_word' id='word_1_200' title='bbox 946 2453 1037 2508; x_wconf 80' lang='grc' dir='ltr'>διὰ</span> <span class='ocrx_word' id='word_1_201' title='bbox 1075 2453 1234 2508; x_wconf 76' lang='grc' dir='ltr'>τοῦτο</span> <span class='ocrx_word' id='word_1_202' title='bbox 1266 2454 1448 2526; x_wconf 78' lang='grc' dir='ltr'>ἔχρισέ</span> <span class='ocrx_word' id='word_1_203' title='bbox 1487 2475 1544 2510; x_wconf 89' lang='grc' dir='ltr'><strong>σε</strong></span> <span class='ocrx_word' id='word_1_204' title='bbox 1583 2459 1611 2510; x_wconf 93' lang='grc' dir='ltr'><strong>ό</strong></span> <span class='ocrx_word' id='word_1_205' title='bbox 1649 2458 1802 2526; x_wconf 86' lang='grc' dir='ltr'>Θεὸς,</span> 
     </span>
    </p>
   </div>
   <div class='ocr_carea' id='block_1_28' title="bbox 282 2534 1805 2620">
    <p class='ocr_par' dir='ltr' id='par_1_28' title="bbox 282 2534 1805 2620">
     <span class='ocr_line' id='line_1_28' title="bbox 282 2534 1805 2620; baseline 0.011 -34"><span class='ocrx_word' id='word_1_206' title='bbox 282 2536 306 2585; x_wconf 78' lang='grc' dir='ltr'><strong><em>ὁ</em></strong></span> <span class='ocrx_word' id='word_1_207' title='bbox 324 2534 444 2601; x_wconf 76' lang='grc' dir='ltr'>Θεός</span> <span class='ocrx_word' id='word_1_208' title='bbox 457 2555 562 2605; x_wconf 85' lang='grc' dir='ltr'>σου,</span> <span class='ocrx_word' id='word_1_209' title='bbox 606 2541 783 2595; x_wconf 80' lang='grc' dir='ltr'>ἔλαιον</span> <span class='ocrx_word' id='word_1_210' title='bbox 804 2545 1184 2613; x_wconf 75' lang='grc' dir='ltr'>ἀγαλλιάσεως,</span> <span class='ocrx_word' id='word_1_211' title='bbox 1218 2547 1367 2619; x_wconf 84' lang='grc' dir='ltr'><strong>παρά</strong></span> <span class='ocrx_word' id='word_1_212' title='bbox 1392 2550 1518 2612; x_wconf 71' lang='grc' dir='ltr'>τοὺς</span> <span class='ocrx_word' id='word_1_213' title='bbox 1545 2550 1805 2620; x_wconf 81' lang='grc' dir='ltr'>μετόχους</span> 
     </span>
    </p>
   </div>
   <div class='ocr_carea' id='block_1_29' title="bbox 280 2632 1815 2711">
    <p class='ocr_par' dir='ltr' id='par_1_29' title="bbox 280 2632 1815 2711">
     <span class='ocr_line' id='line_1_29' title="bbox 280 2632 1815 2711; baseline 0.012 -31"><span class='ocrx_word' id='word_1_214' title='bbox 280 2642 380 2680; x_wconf 83' lang='grc' dir='ltr'>σου.</span> <span class='ocrx_word' id='word_1_215' title='bbox 427 2648 446 2680; x_wconf 75' lang='grc' dir='ltr'><strong>ι</strong></span> <span class='ocrx_word' id='word_1_216' title='bbox 494 2632 953 2707; x_wconf 71' lang='grc' dir='ltr'>Καταφλυαρήσας</span> <span class='ocrx_word' id='word_1_217' title='bbox 980 2636 1037 2690; x_wconf 74' lang='grc' dir='ltr'>δὲ</span> <span class='ocrx_word' id='word_1_218' title='bbox 1087 2636 1229 2690; x_wconf 73' lang='grc' dir='ltr'>οὕτω</span> <span class='ocrx_word' id='word_1_219' title='bbox 1277 2640 1376 2701; x_wconf 71' lang='grc' dir='ltr'>τῆς</span> <span class='ocrx_word' id='word_1_220' title='bbox 1422 2639 1515 2691; x_wconf 78' lang='grc' dir='ltr'>τοῦ</span> <span class='ocrx_word' id='word_1_221' title='bbox 1558 2641 1815 2711; x_wconf 71' lang='grc' dir='ltr'>Σωτῆρος</span> 
     </span>
    </p>
   </div>
   <div class='ocr_carea' id='block_1_30' title="bbox 276 2716 1806 2801">
    <p class='ocr_par' dir='ltr' id='par_1_30' title="bbox 276 2716 1806 2801">
     <span class='ocr_line' id='line_1_30' title="bbox 276 2716 1806 2801; baseline 0.01 -32"><span class='ocrx_word' id='word_1_222' title='bbox 276 2716 412 2786; x_wconf 63' lang='grc' dir='ltr'>ἡμῶν</span> <span class='ocrx_word' id='word_1_223' title='bbox 436 2720 695 2793; x_wconf 81' lang='grc' dir='ltr'>ὑπεροχῆς</span> <span class='ocrx_word' id='word_1_224' title='bbox 724 2742 782 2778; x_wconf 86' lang='grc' dir='ltr'><strong>τε</strong></span> <span class='ocrx_word' id='word_1_225' title='bbox 810 2726 904 2779; x_wconf 80' lang='grc' dir='ltr'>καὶ</span> <span class='ocrx_word' id='word_1_226' title='bbox 927 2726 1105 2798; x_wconf 78' lang='grc' dir='ltr'>δόξης,</span> <span class='ocrx_word' id='word_1_227' title='bbox 1137 2729 1536 2801; x_wconf 73' lang='grc' dir='ltr'>ἀποκρούεσθαι</span> <span class='ocrx_word' id='word_1_228' title='bbox 1566 2730 1714 2787; x_wconf 84' lang='grc' dir='ltr'>δοκεῖ</span> <span class='ocrx_word' id='word_1_229' title='bbox 1739 2730 1806 2784; x_wconf 76' lang='grc' dir='ltr'><strong>τὰ</strong></span> 
     </span>
    </p>
   </div>
   <div class='ocr_carea' id='block_1_31' title="bbox 271 2808 1809 2889">
    <p class='ocr_par' dir='ltr' id='par_1_31' title="bbox 271 2808 1809 2889">
     <span class='ocr_line' id='line_1_31' title="bbox 271 2808 1809 2889; baseline 0.008 -29"><span class='ocrx_word' id='word_1_230' title='bbox 271 2808 326 2861; x_wconf 79' lang='grc' dir='ltr'>ὲκ</span> <span class='ocrx_word' id='word_1_231' title='bbox 351 2810 451 2863; x_wconf 82' lang='grc' dir='ltr'><strong>τῶν</strong></span> <span class='ocrx_word' id='word_1_232' title='bbox 486 2812 797 2884; x_wconf 76' lang='grc' dir='ltr'>δυσφημιῶν</span> <span class='ocrx_word' id='word_1_233' title='bbox 844 2818 1183 2889; x_wconf 72' lang='grc' dir='ltr'>ἐγκλήματα,</span> <span class='ocrx_word' id='word_1_234' title='bbox 1224 2820 1585 2889; x_wconf 79' lang='grc' dir='ltr'>μειρακιῶδές</span> <span class='ocrx_word' id='word_1_235' title='bbox 1615 2838 1668 2873; x_wconf 89' lang='grc' dir='ltr'><strong>τι</strong></span> <span class='ocrx_word' id='word_1_236' title='bbox 1715 2823 1809 2874; x_wconf 72' lang='grc' dir='ltr'><strong>καὶ</strong></span> 
     </span>
    </p>
   </div>
   <div class='ocr_carea' id='block_1_32' title="bbox 271 2900 1810 2979">
    <p class='ocr_par' dir='ltr' id='par_1_32' title="bbox 271 2900 1810 2979">
     <span class='ocr_line' id='line_1_32' title="bbox 271 2900 1810 2979; baseline 0.007 -27"><span class='ocrx_word' id='word_1_237' title='bbox 271 2900 498 2956; x_wconf 78' lang='grc' dir='ltr'>ἀσύνετον</span> <span class='ocrx_word' id='word_1_238' title='bbox 540 2902 746 2971; x_wconf 80' lang='grc' dir='ltr'>λέγων·</span> <span class='ocrx_word' id='word_1_239' title='bbox 792 2906 858 2959; x_wconf 83' lang='grc' dir='ltr'><strong>Ἦ</strong></span> <span class='ocrx_word' id='word_1_240' title='bbox 887 2907 988 2976; x_wconf 81' lang='grc' dir='ltr'>μὲν</span> <span class='ocrx_word' id='word_1_241' title='bbox 1036 2907 1147 2978; x_wconf 82' lang='grc' dir='ltr'><strong>γὰρ</strong></span> <span class='ocrx_word' id='word_1_242' title='bbox 1195 2909 1465 2973; x_wconf 82' lang='grc' dir='ltr'>κοινωνία,</span> <span class='ocrx_word' id='word_1_243' title='bbox 1517 2911 1670 2979; x_wconf 72' lang='grc' dir='ltr'>φησὶ,</span> <span class='ocrx_word' id='word_1_244' title='bbox 1702 2912 1810 2964; x_wconf 82' lang='grc' dir='ltr'><strong>τῶν</strong></span> 
     </span>
    </p>
   </div>
   <div class='ocr_carea' id='block_1_33' title="bbox 263 2992 1806 3072">
    <p class='ocr_par' dir='ltr' id='par_1_33' title="bbox 263 2992 1806 3072">
     <span class='ocr_line' id='line_1_33' title="bbox 263 2992 1806 3072; baseline 0.008 -29"><span class='ocrx_word' id='word_1_245' title='bbox 263 2992 515 3063; x_wconf 75' lang='grc' dir='ltr'>ὀνομάτων</span> <span class='ocrx_word' id='word_1_246' title='bbox 544 2998 724 3066; x_wconf 77' lang='grc' dir='ltr'>ὁμοία,</span> <span class='ocrx_word' id='word_1_247' title='bbox 743 2998 843 3066; x_wconf 71' lang='grc' dir='ltr'>οὐχ</span> <span class='ocrx_word' id='word_1_248' title='bbox 871 3000 903 3066; x_wconf 83' lang='grc' dir='ltr'><strong>ἠ</strong></span> <span class='ocrx_word' id='word_1_249' title='bbox 933 2998 1072 3070; x_wconf 77' lang='grc' dir='ltr'>αὑτὴ</span> <span class='ocrx_word' id='word_1_250' title='bbox 1095 2999 1150 3052; x_wconf 84' lang='grc' dir='ltr'>δὲ</span> <span class='ocrx_word' id='word_1_251' title='bbox 1176 2998 1322 3063; x_wconf 76' lang='grc' dir='ltr'>ἀξία.</span> <span class='ocrx_word' id='word_1_252' title='bbox 1357 3000 1513 3065; x_wconf 81' lang='grc' dir='ltr'><strong>Πῶς;</strong></span> <span class='ocrx_word' id='word_1_253' title='bbox 1546 3003 1664 3055; x_wconf 80' lang='grc' dir='ltr'>εἰπέ</span> <span class='ocrx_word' id='word_1_254' title='bbox 1696 3020 1806 3072; x_wconf 85' lang='grc' dir='ltr'>μοι·</span> 
     </span>
    </p>
   </div>
   <div class='ocr_carea' id='block_1_34' title="bbox 1890 439 3451 511">
    <p class='ocr_par' dir='ltr' id='par_1_34' title="bbox 1890 439 3451 511">
     <span class='ocr_line' id='line_1_34' title="bbox 1890 439 3451 511; baseline -0.004 -15"><span class='ocrx_word' id='word_1_255' title='bbox 1890 452 2208 508; x_wconf 62' lang='lat' dir='ltr'><strong>exacui-nte,</strong></span> <span class='ocrx_word' id='word_1_256' title='bbox 2241 453 2294 497; x_wconf 89' lang='lat' dir='ltr'><strong>et</strong></span> <span class='ocrx_word' id='word_1_257' title='bbox 2323 442 2387 494; x_wconf 89' lang='lat' dir='ltr'><strong>ad</strong></span> <span class='ocrx_word' id='word_1_258' title='bbox 2430 442 2536 495; x_wconf 89' lang='lat' dir='ltr'><strong>iras</strong></span> <span class='ocrx_word' id='word_1_259' title='bbox 2576 441 2848 496; x_wconf 71' lang='lat' dir='ltr'><strong>excitante</strong></span> <span class='ocrx_word' id='word_1_260' title='bbox 2886 439 3300 511; x_wconf 77' lang='lat' dir='ltr'><strong>Babyloniorum</strong></span> <span class='ocrx_word' id='word_1_261' title='bbox 3342 448 3451 490; x_wconf 55' lang='lat' dir='ltr'><strong>ter»</strong></span> 
     </span>
    </p>
   </div>
   <div class='ocr_carea' id='block_1_35' title="bbox 1892 530 3463 603">
    <p class='ocr_par' dir='ltr' id='par_1_35' title="bbox 1892 530 3463 603">
     <span class='ocr_line' id='line_1_35' title="bbox 1892 530 3463 603; baseline -0.003 -16"><span class='ocrx_word' id='word_1_262' title='bbox 1892 549 2005 587; x_wconf 87' lang='lat' dir='ltr'><strong>ram</strong></span> <span class='ocrx_word' id='word_1_263' title='bbox 2055 535 2217 603; x_wconf 86' lang='lat' dir='ltr'><strong>cepit,</strong></span> <span class='ocrx_word' id='word_1_264' title='bbox 2272 534 2543 589; x_wconf 81' lang='lat' dir='ltr'><strong>eonnnuni</strong></span> <span class='ocrx_word' id='word_1_265' title='bbox 2594 532 2874 597; x_wconf 82' lang='lat' dir='ltr'><strong>vocabulo,</strong></span> <span class='ocrx_word' id='word_1_266' title='bbox 2932 530 3181 602; x_wconf 83' lang='lat' dir='ltr'><strong>quamvis</strong></span> <span class='ocrx_word' id='word_1_267' title='bbox 3236 530 3463 583; x_wconf 81' lang='lat' dir='ltr'><strong>minime</strong></span> 
     </span>
    </p>
   </div>
   <div class='ocr_carea' id='block_1_36' title="bbox 1892 620 3456 695">
    <p class='ocr_par' dir='ltr' id='par_1_36' title="bbox 1892 620 3456 695">
     <span class='ocr_line' id='line_1_36' title="bbox 1892 620 3456 695; baseline -0.003 -18"><span class='ocrx_word' id='word_1_268' title='bbox 1892 637 2086 679; x_wconf 88' lang='lat' dir='ltr'><strong>unctus</strong></span> <span class='ocrx_word' id='word_1_269' title='bbox 2111 625 2312 695; x_wconf 82' lang='lat' dir='ltr'><strong>Spiritu</strong></span> <span class='ocrx_word' id='word_1_270' title='bbox 2343 634 2550 689; x_wconf 84' lang='lat' dir='ltr'><strong>saneto,</strong></span> <span class='ocrx_word' id='word_1_271' title='bbox 2580 625 2753 678; x_wconf 85' lang='lat' dir='ltr'><strong>dictus</strong></span> <span class='ocrx_word' id='word_1_272' title='bbox 2774 632 2855 677; x_wconf 94' lang='lat' dir='ltr'><strong>est</strong></span> <span class='ocrx_word' id='word_1_273' title='bbox 2882 623 3142 677; x_wconf 87' lang='lat' dir='ltr'><strong>christus.</strong></span> <span class='ocrx_word' id='word_1_274' title='bbox 3176 621 3249 674; x_wconf 85' lang='lat' dir='ltr'><strong>Ita</strong></span> <span class='ocrx_word' id='word_1_275' title='bbox 3276 620 3456 674; x_wconf 73' lang='lat' dir='ltr'><strong>Persae</strong></span> 
     </span>
    </p>
   </div>
   <div class='ocr_carea' id='block_1_37' title="bbox 1892 710 3453 786">
    <p class='ocr_par' dir='ltr' id='par_1_37' title="bbox 1892 710 3453 786">
     <span class='ocr_line' id='line_1_37' title="bbox 1892 710 3453 786; baseline -0.004 -18"><span class='ocrx_word' id='word_1_276' title='bbox 1892 732 2106 786; x_wconf 87' lang='lat' dir='ltr'><strong>quoque</strong></span> <span class='ocrx_word' id='word_1_277' title='bbox 2134 732 2198 771; x_wconf 89' lang='lat' dir='ltr'><strong>ac</strong></span> <span class='ocrx_word' id='word_1_278' title='bbox 2225 716 2364 771; x_wconf 81' lang='lat' dir='ltr'><strong>Medi</strong></span> <span class='ocrx_word' id='word_1_279' title='bbox 2389 716 2650 771; x_wconf 73' lang='lat' dir='ltr'><strong>satellites</strong></span> <span class='ocrx_word' id='word_1_280' title='bbox 2678 714 2793 783; x_wconf 82' lang='lat' dir='ltr'><strong>ejus</strong></span> <span class='ocrx_word' id='word_1_281' title='bbox 2822 714 2993 768; x_wconf 84' lang='lat' dir='ltr'><strong>sancti</strong></span> <span class='ocrx_word' id='word_1_282' title='bbox 3029 712 3298 766; x_wconf 87' lang='lat' dir='ltr'><strong>dicuntur.</strong></span> <span class='ocrx_word' id='word_1_283' title='bbox 3322 710 3453 765; x_wconf 81' lang='lat' dir='ltr'><strong>Nam</strong></span> 
     </span>
    </p>
   </div>
   <div class='ocr_carea' id='block_1_38' title="bbox 1893 804 3455 879">
    <p class='ocr_par' dir='ltr' id='par_1_38' title="bbox 1893 804 3455 879">
     <span class='ocr_line' id='line_1_38' title="bbox 1893 804 3455 879; baseline -0.006 -14"><span class='ocrx_word' id='word_1_284' title='bbox 1893 810 2142 879; x_wconf 82' lang='lat' dir='ltr'><strong>quamvis</strong></span> <span class='ocrx_word' id='word_1_285' title='bbox 2166 809 2241 864; x_wconf 90' lang='lat' dir='ltr'><strong>illi</strong></span> <span class='ocrx_word' id='word_1_286' title='bbox 2273 824 2487 878; x_wconf 88' lang='lat' dir='ltr'><strong>quoque</strong></span> <span class='ocrx_word' id='word_1_287' title='bbox 2510 808 2798 864; x_wconf 88' lang='lat' dir='ltr'><strong>servierint</strong></span> <span class='ocrx_word' id='word_1_288' title='bbox 2823 815 3086 862; x_wconf 71' lang='lat' dir='ltr'><strong>creatum</strong></span> <span class='ocrx_word' id='word_1_289' title='bbox 3108 804 3281 874; x_wconf 83' lang='lat' dir='ltr'><strong>potius</strong></span> <span class='ocrx_word' id='word_1_290' title='bbox 3299 819 3455 871; x_wconf 86' lang='lat' dir='ltr'><strong>quam</strong></span> 
     </span>
    </p>
   </div>
   <div class='ocr_carea' id='block_1_39' title="bbox 1892 899 3456 967">
    <p class='ocr_par' dir='ltr' id='par_1_39' title="bbox 1892 899 3456 967">
     <span class='ocr_line' id='line_1_39' title="bbox 1892 899 3456 967; baseline -0.009 -9"><span class='ocrx_word' id='word_1_291' title='bbox 1892 904 2121 959; x_wconf 88' lang='lat' dir='ltr'><strong>creatori</strong></span> <span class='ocrx_word' id='word_1_292' title='bbox 2182 902 2291 957; x_wconf 87' lang='lat' dir='ltr'><strong>Deo</strong></span> <span class='ocrx_word' id='word_1_293' title='bbox 2344 902 2424 966; x_wconf 77' lang='lat'><strong>“,</strong></span> <span class='ocrx_word' id='word_1_294' title='bbox 2496 911 2550 956; x_wconf 92' lang='lat' dir='ltr'><strong>et</strong></span> <span class='ocrx_word' id='word_1_295' title='bbox 2602 899 2948 955; x_wconf 85' lang='lat' dir='ltr'><strong>adoravorint</strong></span> <span class='ocrx_word' id='word_1_296' title='bbox 2996 912 3157 967; x_wconf 82' lang='lat' dir='ltr'><strong>opera</strong></span> <span class='ocrx_word' id='word_1_297' title='bbox 3208 910 3456 950; x_wconf 87' lang='lat' dir='ltr'><strong>tuamnnn</strong></span> 
     </span>
    </p>
   </div>
   <div class='ocr_carea' id='block_1_40' title="bbox 1893 987 3461 1063">
    <p class='ocr_par' dir='ltr' id='par_1_40' title="bbox 1893 987 3461 1063">
     <span class='ocr_line' id='line_1_40' title="bbox 1893 987 3461 1063; baseline -0.006 -13"><span class='ocrx_word' id='word_1_298' title='bbox 1893 1010 2135 1058; x_wconf 86' lang='lat' dir='ltr'><strong>suarum,</strong></span> <span class='ocrx_word' id='word_1_299' title='bbox 2168 1006 2344 1050; x_wconf 89' lang='lat' dir='ltr'><strong>tamen</strong></span> <span class='ocrx_word' id='word_1_300' title='bbox 2381 994 2506 1063; x_wconf 92' lang='lat' dir='ltr'><strong>quia</strong></span> <span class='ocrx_word' id='word_1_301' title='bbox 2537 992 2703 1047; x_wconf 87' lang='lat' dir='ltr'><strong>semel</strong></span> <span class='ocrx_word' id='word_1_302' title='bbox 2724 991 2877 1059; x_wconf 79' lang='lat' dir='ltr'><strong>juxta</strong></span> <span class='ocrx_word' id='word_1_303' title='bbox 2913 1004 3073 1044; x_wconf 88' lang='lat' dir='ltr'><strong>voces</strong></span> <span class='ocrx_word' id='word_1_304' title='bbox 3098 1002 3218 1059; x_wconf 72' lang='lat' dir='ltr'><strong>qua:</strong></span> <span class='ocrx_word' id='word_1_305' title='bbox 3248 994 3372 1040; x_wconf 90' lang='lat' dir='ltr'><strong>sunt</strong></span> <span class='ocrx_word' id='word_1_306' title='bbox 3406 987 3461 1040; x_wconf 90' lang='lat' dir='ltr'><strong>in</strong></span> 
     </span>
    </p>
   </div>
   <div class='ocr_carea' id='block_1_41' title="bbox 1895 1077 3470 1159">
    <p class='ocr_par' dir='ltr' id='par_1_41' title="bbox 1895 1077 3470 1159">
     <span class='ocr_line' id='line_1_41' title="bbox 1895 1077 3470 1159; baseline -0.013 -14"><span class='ocrx_word' id='word_1_307' title='bbox 1895 1088 2013 1159; x_wconf 69' lang='lat' dir='ltr'><strong>lege</strong></span> <span class='ocrx_word' id='word_1_308' title='bbox 2037 1087 2191 1149; x_wconf 77' lang='lat' dir='ltr'><strong>Mosi,</strong></span> <span class='ocrx_word' id='word_1_309' title='bbox 2223 1094 2562 1155; x_wconf 71' lang='lat' dir='ltr'><strong>segregatum</strong></span> <span class='ocrx_word' id='word_1_310' title='bbox 2592 1084 2699 1138; x_wconf 90' lang='lat' dir='ltr'><strong>Deo</strong></span> <span class='ocrx_word' id='word_1_311' title='bbox 2730 1081 3078 1146; x_wconf 85' lang='lat' dir='ltr'><strong>sacriﬁcium,</strong></span> <span class='ocrx_word' id='word_1_312' title='bbox 3113 1080 3228 1134; x_wconf 88' lang='lat' dir='ltr'><strong>sive</strong></span> <span class='ocrx_word' id='word_1_313' title='bbox 3259 1077 3345 1130; x_wconf 84' lang='lat' dir='ltr'><strong>ille</strong></span> <span class='ocrx_word' id='word_1_314' title='bbox 3382 1079 3470 1125; x_wconf 76' lang='lat' dir='ltr'><strong>vi—</strong></span> 
     </span>
    </p>
   </div>
   <div class='ocr_carea' id='block_1_42' title="bbox 1898 1170 3460 1240">
    <p class='ocr_par' dir='ltr' id='par_1_42' title="bbox 1898 1170 3460 1240">
     <span class='ocr_line' id='line_1_42' title="bbox 1898 1170 3460 1240; baseline -0.01 -7"><span class='ocrx_word' id='word_1_315' title='bbox 1898 1181 2038 1234; x_wconf 89' lang='lat' dir='ltr'><strong>tulus</strong></span> <span class='ocrx_word' id='word_1_316' title='bbox 2063 1188 2206 1233; x_wconf 83' lang='lat' dir='ltr'><strong>esset</strong></span> <span class='ocrx_word' id='word_1_317' title='bbox 2232 1177 2479 1240; x_wconf 79' lang='lat' dir='ltr'><strong>fortasse,</strong></span> <span class='ocrx_word' id='word_1_318' title='bbox 2500 1176 2611 1230; x_wconf 86' lang='lat' dir='ltr'><strong>sive</strong></span> <span class='ocrx_word' id='word_1_319' title='bbox 2636 1176 2772 1240; x_wconf 88' lang='lat' dir='ltr'><strong>ovis,</strong></span> <span class='ocrx_word' id='word_1_320' title='bbox 2802 1183 3046 1229; x_wconf 88' lang='lat' dir='ltr'><strong>sanetum</strong></span> <span class='ocrx_word' id='word_1_321' title='bbox 3074 1170 3460 1240; x_wconf 80' lang='lat' dir='ltr'><strong>appellabatur,</strong></span> 
     </span>
    </p>
   </div>
   <div class='ocr_carea' id='block_1_43' title="bbox 1897 1258 3482 1337">
    <p class='ocr_par' dir='ltr' id='par_1_43' title="bbox 1897 1258 3482 1337">
     <span class='ocr_line' id='line_1_43' title="bbox 1897 1258 3482 1337; baseline -0.009 -12"><span class='ocrx_word' id='word_1_322' title='bbox 1897 1285 1958 1325; x_wconf 91' lang='lat' dir='ltr'><strong>ea</strong></span> <span class='ocrx_word' id='word_1_323' title='bbox 1993 1270 2200 1325; x_wconf 85' lang='lat' dir='ltr'><strong>ratione</strong></span> <span class='ocrx_word' id='word_1_324' title='bbox 2228 1269 2387 1323; x_wconf 84' lang='lat' dir='ltr'><strong>etiam</strong></span> <span class='ocrx_word' id='word_1_325' title='bbox 2425 1266 2734 1337; x_wconf 84' lang='lat' dir='ltr'><strong>prophetica</strong></span> <span class='ocrx_word' id='word_1_326' title='bbox 2765 1279 2895 1319; x_wconf 83' lang='lat' dir='ltr'><strong>voce</strong></span> <span class='ocrx_word' id='word_1_327' title='bbox 2923 1263 3021 1333; x_wconf 84' lang='lat' dir='ltr'><strong>ipsi</strong></span> <span class='ocrx_word' id='word_1_328' title='bbox 3053 1275 3266 1332; x_wconf 70' lang='lat' dir='ltr'><strong>quoque</strong></span> <span class='ocrx_word' id='word_1_329' title='bbox 3291 1258 3482 1313; x_wconf 22' lang='lat' dir='ltr'><strong>sancti.</strong></span> 
     </span>
    </p>
   </div>
   <div class='ocr_carea' id='block_1_44' title="bbox 1898 1351 3467 1427">
    <p class='ocr_par' dir='ltr' id='par_1_44' title="bbox 1898 1351 3467 1427">
     <span class='ocr_line' id='line_1_44' title="bbox 1898 1351 3467 1427; baseline -0.009 -10"><span class='ocrx_word' id='word_1_330' title='bbox 1898 1371 2023 1417; x_wconf 88' lang='lat' dir='ltr'><strong>sunt</strong></span> <span class='ocrx_word' id='word_1_331' title='bbox 2051 1361 2245 1424; x_wconf 87' lang='lat' dir='ltr'><strong>vocati,</strong></span> <span class='ocrx_word' id='word_1_332' title='bbox 2277 1360 2419 1427; x_wconf 88' lang='lat' dir='ltr'><strong>quod</strong></span> <span class='ocrx_word' id='word_1_333' title='bbox 2448 1358 2630 1412; x_wconf 87' lang='lat' dir='ltr'><strong>divino</strong></span> <span class='ocrx_word' id='word_1_334' title='bbox 2657 1356 2876 1410; x_wconf 85' lang='lat' dir='ltr'><strong>numine</strong></span> <span class='ocrx_word' id='word_1_335' title='bbox 2904 1353 3169 1424; x_wconf 77' lang='lat' dir='ltr'><strong>segregati</strong></span> <span class='ocrx_word' id='word_1_336' title='bbox 3197 1351 3467 1422; x_wconf 88' lang='lat' dir='ltr'><strong>dicatique</strong></span> 
     </span>
    </p>
   </div>
   <div class='ocr_carea' id='block_1_45' title="bbox 1898 1443 3466 1521">
    <p class='ocr_par' dir='ltr' id='par_1_45' title="bbox 1898 1443 3466 1521">
     <span class='ocr_line' id='line_1_45' title="bbox 1898 1443 3466 1521; baseline -0.011 -12"><span class='ocrx_word' id='word_1_337' title='bbox 1898 1462 2082 1510; x_wconf 71' lang='lat' dir='ltr'><strong>essent</strong></span> <span class='ocrx_word' id='word_1_338' title='bbox 2114 1455 2185 1509; x_wconf 90' lang='lat' dir='ltr'><strong>ad</strong></span> <span class='ocrx_word' id='word_1_339' title='bbox 2229 1450 2573 1521; x_wconf 81' lang='lat' dir='ltr'><strong>Babyloniam</strong></span> <span class='ocrx_word' id='word_1_340' title='bbox 2618 1448 2956 1518; x_wconf 83' lang='lat' dir='ltr'><strong>capiendam.</strong></span> <span class='ocrx_word' id='word_1_341' title='bbox 3009 1443 3147 1514; x_wconf 81' lang='lat' dir='ltr'><strong>Ergo</strong></span> <span class='ocrx_word' id='word_1_342' title='bbox 3185 1445 3229 1496; x_wconf 85' lang='lat' dir='ltr'><strong>si</strong></span> <span class='ocrx_word' id='word_1_343' title='bbox 3276 1443 3466 1497; x_wconf 87' lang='lat' dir='ltr'><strong>eadem</strong></span> 
     </span>
    </p>
   </div>
   <div class='ocr_carea' id='block_1_46' title="bbox 1902 1535 3467 1613">
    <p class='ocr_par' dir='ltr' id='par_1_46' title="bbox 1902 1535 3467 1613">
     <span class='ocr_line' id='line_1_46' title="bbox 1902 1535 3467 1613; baseline -0.008 -14"><span class='ocrx_word' id='word_1_344' title='bbox 1902 1546 2108 1601; x_wconf 84' lang='lat' dir='ltr'><strong>ratione</strong></span> <span class='ocrx_word' id='word_1_345' title='bbox 2140 1546 2254 1613; x_wconf 85' lang='lat' dir='ltr'><strong>ipse</strong></span> <span class='ocrx_word' id='word_1_346' title='bbox 2283 1541 2706 1597; x_wconf 78' lang='lat' dir='ltr'><strong>Emmanuelest</strong></span> <span class='ocrx_word' id='word_1_347' title='bbox 2741 1539 3011 1604; x_wconf 80' lang='lat' dir='ltr'><strong>Christus,</strong></span> <span class='ocrx_word' id='word_1_348' title='bbox 3040 1552 3144 1607; x_wconf 88' lang='lat' dir='ltr'><strong>qua</strong></span> <span class='ocrx_word' id='word_1_349' title='bbox 3183 1535 3375 1606; x_wconf 80' lang='lat' dir='ltr'><strong>Cyrus,</strong></span> <span class='ocrx_word' id='word_1_350' title='bbox 3413 1542 3467 1588; x_wconf 91' lang='lat' dir='ltr'><strong>et</strong></span> 
     </span>
    </p>
   </div>
   <div class='ocr_carea' id='block_1_47' title="bbox 1902 1629 3467 1704">
    <p class='ocr_par' dir='ltr' id='par_1_47' title="bbox 1902 1629 3467 1704">
     <span class='ocr_line' id='line_1_47' title="bbox 1902 1629 3467 1704; baseline -0.009 -12"><span class='ocrx_word' id='word_1_351' title='bbox 1902 1655 1967 1693; x_wconf 81' lang='lat' dir='ltr'><strong>eo</strong></span> <span class='ocrx_word' id='word_1_352' title='bbox 1997 1639 2155 1693; x_wconf 88' lang='lat' dir='ltr'><strong>modo</strong></span> <span class='ocrx_word' id='word_1_353' title='bbox 2188 1646 2411 1691; x_wconf 89' lang='lat' dir='ltr'><strong>sanctus</strong></span> <span class='ocrx_word' id='word_1_354' title='bbox 2446 1650 2551 1704; x_wconf 92' lang='lat' dir='ltr'><strong>quo</strong></span> <span class='ocrx_word' id='word_1_355' title='bbox 2578 1633 2713 1687; x_wconf 81' lang='lat' dir='ltr'><strong>Medi</strong></span> <span class='ocrx_word' id='word_1_356' title='bbox 2738 1647 2802 1686; x_wconf 90' lang='lat' dir='ltr'><strong>ac</strong></span> <span class='ocrx_word' id='word_1_357' title='bbox 2831 1629 3043 1695; x_wconf 71' lang='lat' dir='ltr'><strong>Persm;</strong></span> <span class='ocrx_word' id='word_1_358' title='bbox 3076 1636 3467 1698; x_wconf 81' lang='lat' dir='ltr'><strong>consequenter</strong></span> 
     </span>
    </p>
   </div>
   <div class='ocr_carea' id='block_1_48' title="bbox 1899 1721 3473 1801">
    <p class='ocr_par' dir='ltr' id='par_1_48' title="bbox 1899 1721 3473 1801">
     <span class='ocr_line' id='line_1_48' title="bbox 1899 1721 3473 1801; baseline -0.01 -16"><span class='ocrx_word' id='word_1_359' title='bbox 1899 1732 2045 1787; x_wconf 87' lang='lat' dir='ltr'><strong>dicet</strong></span> <span class='ocrx_word' id='word_1_360' title='bbox 2090 1729 2304 1801; x_wconf 85' lang='lat' dir='ltr'><strong>aliquis,</strong></span> <span class='ocrx_word' id='word_1_361' title='bbox 2336 1738 2593 1799; x_wconf 84' lang='lat' dir='ltr'><strong>quantum</strong></span> <span class='ocrx_word' id='word_1_362' title='bbox 2629 1741 2693 1782; x_wconf 80' lang='lat' dir='ltr'><strong>ex</strong></span> <span class='ocrx_word' id='word_1_363' title='bbox 2720 1721 3473 1781; x_wconf 79' lang='lat' dir='ltr'><strong>sententiarum.absurditate</strong></span> 
     </span>
    </p>
   </div>
   <div class='ocr_carea' id='block_1_49' title="bbox 1899 1812 3467 1892">
    <p class='ocr_par' dir='ltr' id='par_1_49' title="bbox 1899 1812 3467 1892">
     <span class='ocr_line' id='line_1_49' title="bbox 1899 1812 3467 1892; baseline -0.01 -13"><span class='ocrx_word' id='word_1_364' title='bbox 1899 1823 2256 1890; x_wconf 86' lang='lat' dir='ltr'><strong>conrluditur,</strong></span> <span class='ocrx_word' id='word_1_365' title='bbox 2284 1836 2458 1892; x_wconf 87' lang='lat' dir='ltr'><strong>neque</strong></span> <span class='ocrx_word' id='word_1_366' title='bbox 2485 1831 2705 1874; x_wconf 87' lang='lat' dir='ltr'><strong>unctum</strong></span> <span class='ocrx_word' id='word_1_367' title='bbox 2744 1817 2908 1873; x_wconf 75' lang='lat' dir='ltr'><strong>fuisse</strong></span> <span class='ocrx_word' id='word_1_368' title='bbox 2950 1818 3097 1871; x_wconf 73' lang='lat' dir='ltr'><strong>illiilli</strong></span> <span class='ocrx_word' id='word_1_369' title='bbox 3132 1823 3319 1869; x_wconf 85' lang='lat' dir='ltr'><strong>sancto</strong></span> <span class='ocrx_word' id='word_1_370' title='bbox 3340 1812 3467 1881; x_wconf 76' lang='lat' dir='ltr'><strong>Spi-</strong></span> 
     </span>
    </p>
   </div>
   <div class='ocr_carea' id='block_1_50' title="bbox 1902 1904 3469 1984">
    <p class='ocr_par' dir='ltr' id='par_1_50' title="bbox 1902 1904 3469 1984">
     <span class='ocr_line' id='line_1_50' title="bbox 1902 1904 3469 1984; baseline -0.01 -13"><span class='ocrx_word' id='word_1_371' title='bbox 1902 1918 2034 1980; x_wconf 88' lang='lat' dir='ltr'><strong>ritu,</strong></span> <span class='ocrx_word' id='word_1_372' title='bbox 2063 1929 2238 1984; x_wconf 86' lang='lat' dir='ltr'><strong>ncqoe</strong></span> <span class='ocrx_word' id='word_1_373' title='bbox 2268 1924 2510 1968; x_wconf 88' lang='lat' dir='ltr'><strong>sanctum</strong></span> <span class='ocrx_word' id='word_1_374' title='bbox 2540 1925 2661 1966; x_wconf 88' lang='lat' dir='ltr'><strong>esse</strong></span> <span class='ocrx_word' id='word_1_375' title='bbox 2694 1930 2708 1965; x_wconf 87' lang='lat'><strong>:</strong></span> <span class='ocrx_word' id='word_1_376' title='bbox 2741 1911 2923 1979; x_wconf 87' lang='lat' dir='ltr'><strong>itaque</strong></span> <span class='ocrx_word' id='word_1_377' title='bbox 2957 1907 3244 1962; x_wconf 70' lang='lat' dir='ltr'><strong>mentietur</strong></span> <span class='ocrx_word' id='word_1_378' title='bbox 3280 1904 3469 1958; x_wconf 85' lang='lat' dir='ltr'><strong>beatus</strong></span> 
     </span>
    </p>
   </div>
   <div class='ocr_carea' id='block_1_51' title="bbox 1902 1994 3469 2076">
    <p class='ocr_par' dir='ltr' id='par_1_51' title="bbox 1902 1994 3469 2076">
     <span class='ocr_line' id='line_1_51' title="bbox 1902 1994 3469 2076; baseline -0.009 -14"><span class='ocrx_word' id='word_1_379' title='bbox 1902 2008 2087 2075; x_wconf 82' lang='lat' dir='ltr'><strong>David,</strong></span> <span class='ocrx_word' id='word_1_380' title='bbox 2123 2008 2190 2062; x_wconf 89' lang='lat' dir='ltr'><strong>ad</strong></span> <span class='ocrx_word' id='word_1_381' title='bbox 2230 2006 2403 2076; x_wconf 87' lang='lat' dir='ltr'><strong>ipsum</strong></span> <span class='ocrx_word' id='word_1_382' title='bbox 2432 2003 2616 2074; x_wconf 87' lang='lat' dir='ltr'><strong>procul</strong></span> <span class='ocrx_word' id='word_1_383' title='bbox 2664 2003 2825 2057; x_wconf 87' lang='lat' dir='ltr'><strong>dubio</strong></span> <span class='ocrx_word' id='word_1_384' title='bbox 2854 1999 3016 2055; x_wconf 88' lang='lat' dir='ltr'><strong>verba</strong></span> <span class='ocrx_word' id='word_1_385' title='bbox 3060 1996 3261 2052; x_wconf 79' lang='lat' dir='ltr'><strong>faciens</strong></span> <span class='ocrx_word' id='word_1_386' title='bbox 3287 2013 3299 2049; x_wconf 91' lang='lat'>:</span> <span class='ocrx_word' id='word_1_387' title='bbox 3330 2013 3348 2046; x_wconf 83' lang='grc' dir='ltr'><strong>ι</strong></span> <span class='ocrx_word' id='word_1_388' title='bbox 3378 1994 3469 2048; x_wconf 82' lang='lat' dir='ltr'><strong>Di—</strong></span> 
     </span>
    </p>
   </div>
   <div class='ocr_carea' id='block_1_52' title="bbox 1901 2092 3477 2170">
    <p class='ocr_par' dir='ltr' id='par_1_52' title="bbox 1901 2092 3477 2170">
     <span class='ocr_line' id='line_1_52' title="bbox 1901 2092 3477 2170; baseline -0.011 -14"><span class='ocrx_word' id='word_1_389' title='bbox 1901 2098 2413 2170; x_wconf 16' lang='lat' dir='ltr'><strong>lexistirjustitiam,</strong></span> <span class='ocrx_word' id='word_1_390' title='bbox 2458 2106 2513 2151; x_wconf 89' lang='lat' dir='ltr'><strong>et</strong></span> <span class='ocrx_word' id='word_1_391' title='bbox 2556 2094 2715 2150; x_wconf 79' lang='lat' dir='ltr'><strong>odisti</strong></span> <span class='ocrx_word' id='word_1_392' title='bbox 2771 2092 3110 2162; x_wconf 82' lang='lat' dir='ltr'><strong>iniquitatem</strong></span> <span class='ocrx_word' id='word_1_393' title='bbox 3145 2106 3159 2143; x_wconf 87' lang='lat'><strong>:</strong></span> <span class='ocrx_word' id='word_1_394' title='bbox 3189 2096 3477 2157; x_wconf 71' lang='lat' dir='ltr'><strong>propterea</strong></span> 
     </span>
    </p>
   </div>
   <div class='ocr_carea' id='block_1_53' title="bbox 1902 2179 3472 2257">
    <p class='ocr_par' dir='ltr' id='par_1_53' title="bbox 1902 2179 3472 2257">
     <span class='ocr_line' id='line_1_53' title="bbox 1902 2179 3472 2257; baseline -0.011 -9"><span class='ocrx_word' id='word_1_395' title='bbox 1902 2193 2057 2248; x_wconf 77' lang='lat' dir='ltr'><strong>unxit</strong></span> <span class='ocrx_word' id='word_1_396' title='bbox 2083 2200 2134 2247; x_wconf 85' lang='lat' dir='ltr'><strong>te</strong></span> <span class='ocrx_word' id='word_1_397' title='bbox 2165 2191 2326 2253; x_wconf 88' lang='lat' dir='ltr'><strong>Deus,</strong></span> <span class='ocrx_word' id='word_1_398' title='bbox 2349 2188 2490 2246; x_wconf 89' lang='lat' dir='ltr'><strong>Deus</strong></span> <span class='ocrx_word' id='word_1_399' title='bbox 2519 2200 2662 2257; x_wconf 80' lang='lat' dir='ltr'><strong>tuus,</strong></span> <span class='ocrx_word' id='word_1_400' title='bbox 2690 2187 2809 2245; x_wconf 91' lang='lat' dir='ltr'><strong>oleo</strong></span> <span class='ocrx_word' id='word_1_401' title='bbox 2826 2185 3042 2252; x_wconf 68' lang='lat' dir='ltr'><strong>laetitim,</strong></span> <span class='ocrx_word' id='word_1_402' title='bbox 3073 2198 3183 2254; x_wconf 73' lang='lat' dir='ltr'><strong>pra:</strong></span> <span class='ocrx_word' id='word_1_403' title='bbox 3209 2179 3472 2236; x_wconf 82' lang='lat' dir='ltr'><strong>consorti-</strong></span> 
     </span>
    </p>
   </div>
   <div class='ocr_carea' id='block_1_54' title="bbox 1903 2271 3474 2348">
    <p class='ocr_par' dir='ltr' id='par_1_54' title="bbox 1903 2271 3474 2348">
     <span class='ocr_line' id='line_1_54' title="bbox 1903 2271 3474 2348; baseline -0.011 -7"><span class='ocrx_word' id='word_1_404' title='bbox 1903 2288 2002 2341; x_wconf 86' lang='lat' dir='ltr'><strong>lnts</strong></span> <span class='ocrx_word' id='word_1_405' title='bbox 2026 2285 2133 2340; x_wconf 85' lang='lat' dir='ltr'><strong>tuis</strong></span> <span class='ocrx_word' id='word_1_406' title='bbox 2159 2284 2259 2339; x_wconf 75' lang='grc'><strong>³⁵.»</strong></span> <span class='ocrx_word' id='word_1_407' title='bbox 2292 2283 2409 2339; x_wconf 84' lang='lat' dir='ltr'><strong>Jam</strong></span> <span class='ocrx_word' id='word_1_408' title='bbox 2441 2297 2571 2337; x_wconf 89' lang='lat' dir='ltr'><strong>vero</strong></span> <span class='ocrx_word' id='word_1_409' title='bbox 2599 2280 2735 2336; x_wconf 89' lang='lat' dir='ltr'><strong>adeo</strong></span> <span class='ocrx_word' id='word_1_410' title='bbox 2765 2279 3041 2348; x_wconf 88' lang='lat' dir='ltr'><strong>nugaciter</strong></span> <span class='ocrx_word' id='word_1_411' title='bbox 3071 2277 3327 2330; x_wconf 80' lang='lat' dir='ltr'><strong>adversus</strong></span> <span class='ocrx_word' id='word_1_412' title='bbox 3356 2271 3474 2325; x_wconf 85' lang='lat' dir='ltr'><strong>Sal-</strong></span> 
     </span>
    </p>
   </div>
   <div class='ocr_carea' id='block_1_55' title="bbox 1904 2361 3471 2439">
    <p class='ocr_par' dir='ltr' id='par_1_55' title="bbox 1904 2361 3471 2439">
     <span class='ocr_line' id='line_1_55' title="bbox 1904 2361 3471 2439; baseline -0.01 -12"><span class='ocrx_word' id='word_1_413' title='bbox 1904 2375 2107 2431; x_wconf 76' lang='lat' dir='ltr'><strong>vatoris</strong></span> <span class='ocrx_word' id='word_1_414' title='bbox 2150 2373 2319 2428; x_wconf 82' lang='lat' dir='ltr'><strong>nostri</strong></span> <span class='ocrx_word' id='word_1_415' title='bbox 2382 2371 2717 2439; x_wconf 83' lang='lat' dir='ltr'><strong>majestatem</strong></span> <span class='ocrx_word' id='word_1_416' title='bbox 2776 2378 2831 2421; x_wconf 89' lang='lat' dir='ltr'><strong>et</strong></span> <span class='ocrx_word' id='word_1_417' title='bbox 2891 2365 3112 2435; x_wconf 82' lang='lat' dir='ltr'><strong>gloriam</strong></span> <span class='ocrx_word' id='word_1_418' title='bbox 3167 2361 3471 2421; x_wconf 86' lang='lat' dir='ltr'><strong>ohlocnttts,</strong></span> 
     </span>
    </p>
   </div>
   <div class='ocr_carea' id='block_1_56' title="bbox 1905 2452 3473 2540">
    <p class='ocr_par' dir='ltr' id='par_1_56' title="bbox 1905 2452 3473 2540">
     <span class='ocr_line' id='line_1_56' title="bbox 1905 2452 3473 2540; baseline -0.011 -17"><span class='ocrx_word' id='word_1_419' title='bbox 1905 2468 2360 2540; x_wconf 77' lang='lat' dir='ltr'><strong>blasphemiarum</strong></span> <span class='ocrx_word' id='word_1_420' title='bbox 2390 2480 2607 2520; x_wconf 89' lang='lat' dir='ltr'><strong>suarum</strong></span> <span class='ocrx_word' id='word_1_421' title='bbox 2633 2463 2861 2518; x_wconf 83' lang='lat' dir='ltr'><strong>crimina</strong></span> <span class='ocrx_word' id='word_1_422' title='bbox 2892 2457 3151 2527; x_wconf 87' lang='lat' dir='ltr'><strong>repellere</strong></span> <span class='ocrx_word' id='word_1_423' title='bbox 3185 2453 3283 2508; x_wconf 88' lang='lat' dir='ltr'><strong>sibi</strong></span> <span class='ocrx_word' id='word_1_424' title='bbox 3326 2452 3473 2506; x_wconf 80' lang='lat' dir='ltr'><strong>vide-</strong></span> 
     </span>
    </p>
   </div>
   <div class='ocr_carea' id='block_1_57' title="bbox 1908 2543 3476 2629">
    <p class='ocr_par' dir='ltr' id='par_1_57' title="bbox 1908 2543 3476 2629">
     <span class='ocr_line' id='line_1_57' title="bbox 1908 2543 3476 2629; baseline -0.013 -14"><span class='ocrx_word' id='word_1_425' title='bbox 1908 2571 2015 2626; x_wconf 88' lang='lat' dir='ltr'><strong>tur,</strong></span> <span class='ocrx_word' id='word_1_426' title='bbox 2066 2559 2271 2629; x_wconf 89' lang='lat' dir='ltr'><strong>puerile</strong></span> <span class='ocrx_word' id='word_1_427' title='bbox 2309 2557 2564 2629; x_wconf 85' lang='lat' dir='ltr'><strong>quiddam</strong></span> <span class='ocrx_word' id='word_1_428' title='bbox 2614 2565 2670 2610; x_wconf 91' lang='lat' dir='ltr'><strong>et</strong></span> <span class='ocrx_word' id='word_1_429' title='bbox 2714 2552 2935 2609; x_wconf 87' lang='lat' dir='ltr'><strong>stultum</strong></span> <span class='ocrx_word' id='word_1_430' title='bbox 2989 2546 3229 2603; x_wconf 78' lang='lat' dir='ltr'><strong>inferens</strong></span> <span class='ocrx_word' id='word_1_431' title='bbox 3268 2564 3282 2599; x_wconf 90' lang='lat'>:</span> <span class='ocrx_word' id='word_1_432' title='bbox 3317 2543 3476 2598; x_wconf 86' lang='lat' dir='ltr'><strong>Com-</strong></span> 
     </span>
    </p>
   </div>
   <div class='ocr_carea' id='block_1_58' title="bbox 1908 2639 3476 2719">
    <p class='ocr_par' dir='ltr' id='par_1_58' title="bbox 1908 2639 3476 2719">
     <span class='ocr_line' id='line_1_58' title="bbox 1908 2639 3476 2719; baseline -0.013 -13"><span class='ocrx_word' id='word_1_433' title='bbox 1908 2652 2110 2719; x_wconf 89' lang='lat' dir='ltr'><strong>munio,</strong></span> <span class='ocrx_word' id='word_1_434' title='bbox 2134 2652 2327 2719; x_wconf 90' lang='lat' dir='ltr'><strong>inquit.</strong></span> <span class='ocrx_word' id='word_1_435' title='bbox 2352 2648 2631 2705; x_wconf 76' lang='lat' dir='ltr'><strong>nominum</strong></span> <span class='ocrx_word' id='word_1_436' title='bbox 2661 2643 2853 2700; x_wconf 89' lang='lat' dir='ltr'><strong>similis</strong></span> <span class='ocrx_word' id='word_1_437' title='bbox 2878 2650 3108 2705; x_wconf 80' lang='lat' dir='ltr'><strong>est,,non</strong></span> <span class='ocrx_word' id='word_1_438' title='bbox 3137 2639 3323 2693; x_wconf 86' lang='lat' dir='ltr'><strong>eadem</strong></span> <span class='ocrx_word' id='word_1_439' title='bbox 3351 2650 3476 2688; x_wconf 84' lang='lat' dir='ltr'><strong>vero</strong></span> 
     </span>
    </p>
   </div>
   <div class='ocr_carea' id='block_1_59' title="bbox 1908 2731 3479 2814">
    <p class='ocr_par' dir='ltr' id='par_1_59' title="bbox 1908 2731 3479 2814">
     <span class='ocr_line' id='line_1_59' title="bbox 1908 2731 3479 2814; baseline -0.011 -14"><span class='ocrx_word' id='word_1_440' title='bbox 1908 2745 2160 2814; x_wconf 68' lang='lat' dir='ltr'><strong>dignitas.</strong></span> <span class='ocrx_word' id='word_1_441' title='bbox 2196 2744 2295 2810; x_wconf 83' lang='lat' dir='ltr'><strong>Qui</strong></span> <span class='ocrx_word' id='word_1_442' title='bbox 2339 2740 2593 2796; x_wconf 86' lang='lat' dir='ltr'><strong>tandem?</strong></span> <span class='ocrx_word' id='word_1_443' title='bbox 2622 2739 2729 2802; x_wconf 87' lang='lat' dir='ltr'><strong>die,</strong></span> <span class='ocrx_word' id='word_1_444' title='bbox 2762 2750 2967 2805; x_wconf 75' lang='lat' dir='ltr'><strong>quaso,</strong></span> <span class='ocrx_word' id='word_1_445' title='bbox 3013 2748 3134 2788; x_wconf 85' lang='lat' dir='ltr'><strong>nam</strong></span> <span class='ocrx_word' id='word_1_446' title='bbox 3182 2731 3479 2799; x_wconf 84' lang='lat' dir='ltr'><strong>intelligere</strong></span> 
     </span>
    </p>
   </div>
   <div class='ocr_carea' id='block_1_60' title="bbox 1911 2821 3477 2905">
    <p class='ocr_par' dir='ltr' id='par_1_60' title="bbox 1911 2821 3477 2905">
     <span class='ocr_line' id='line_1_60' title="bbox 1911 2821 3477 2905; baseline -0.011 -15"><span class='ocrx_word' id='word_1_447' title='bbox 1911 2849 2137 2905; x_wconf 88' lang='lat' dir='ltr'><strong>nequeo.</strong></span> <span class='ocrx_word' id='word_1_448' title='bbox 2176 2832 2309 2888; x_wconf 78' lang='lat' dir='ltr'><strong>Nam</strong></span> <span class='ocrx_word' id='word_1_449' title='bbox 2346 2834 2393 2887; x_wconf 89' lang='lat' dir='ltr'><strong>si</strong></span> <span class='ocrx_word' id='word_1_450' title='bbox 2431 2832 2501 2885; x_wconf 83' lang='lat' dir='ltr'><strong>ita</strong></span> <span class='ocrx_word' id='word_1_451' title='bbox 2533 2840 2616 2885; x_wconf 87' lang='lat' dir='ltr'><strong>est</strong></span> <span class='ocrx_word' id='word_1_452' title='bbox 2648 2830 2788 2884; x_wconf 87' lang='lat' dir='ltr'><strong>Deus</strong></span> <span class='ocrx_word' id='word_1_453' title='bbox 2826 2838 2884 2881; x_wconf 91' lang='lat' dir='ltr'><strong>ut</strong></span> <span class='ocrx_word' id='word_1_454' title='bbox 2915 2826 3093 2880; x_wconf 86' lang='lat' dir='ltr'><strong>Moses</strong></span> <span class='ocrx_word' id='word_1_455' title='bbox 3122 2824 3304 2884; x_wconf 86' lang='lat' dir='ltr'><strong>etiam,</strong></span> <span class='ocrx_word' id='word_1_456' title='bbox 3331 2831 3382 2875; x_wconf 89' lang='lat' dir='ltr'><strong>et</strong></span> <span class='ocrx_word' id='word_1_457' title='bbox 3406 2821 3477 2874; x_wconf 85' lang='lat' dir='ltr'><strong>ita</strong></span> 
     </span>
    </p>
   </div>
   <div class='ocr_carea' id='block_1_61' title="bbox 1913 2916 3479 2993">
    <p class='ocr_par' dir='ltr' id='par_1_61' title="bbox 1913 2916 3479 2993">
     <span class='ocr_line' id='line_1_61' title="bbox 1913 2916 3479 2993; baseline -0.011 -11"><span class='ocrx_word' id='word_1_458' title='bbox 1913 2929 2101 2993; x_wconf 69' lang='lat' dir='ltr'><strong>Filius,</strong></span> <span class='ocrx_word' id='word_1_459' title='bbox 2136 2934 2193 2981; x_wconf 92' lang='lat' dir='ltr'><strong>ut</strong></span> <span class='ocrx_word' id='word_1_460' title='bbox 2216 2925 2398 2987; x_wconf 86' lang='lat' dir='ltr'><strong>Israel,</strong></span> <span class='ocrx_word' id='word_1_461' title='bbox 2426 2934 2478 2977; x_wconf 89' lang='lat' dir='ltr'><strong>et</strong></span> <span class='ocrx_word' id='word_1_462' title='bbox 2503 2923 2573 2975; x_wconf 92' lang='lat' dir='ltr'><strong>ita</strong></span> <span class='ocrx_word' id='word_1_463' title='bbox 2601 2922 2849 2975; x_wconf 78' lang='lat' dir='ltr'><strong>Christus</strong></span> <span class='ocrx_word' id='word_1_464' title='bbox 2878 2929 2935 2973; x_wconf 89' lang='lat' dir='ltr'><strong>ut</strong></span> <span class='ocrx_word' id='word_1_465' title='bbox 2958 2918 3146 2988; x_wconf 80' lang='lat' dir='ltr'><strong>Cyrus,</strong></span> <span class='ocrx_word' id='word_1_466' title='bbox 3165 2917 3291 2986; x_wconf 90' lang='lat' dir='ltr'><strong>quin</strong></span> <span class='ocrx_word' id='word_1_467' title='bbox 3321 2916 3479 2969; x_wconf 77' lang='lat' dir='ltr'><strong>etiam</strong></span> 
     </span>
    </p>
   </div>
   <div class='ocr_carea' id='block_1_62' title="bbox 1916 3008 3493 3081">
    <p class='ocr_par' dir='ltr' id='par_1_62' title="bbox 1916 3008 3493 3081">
     <span class='ocr_line' id='line_1_62' title="bbox 1916 3008 3493 3081; baseline -0.009 -10"><span class='ocrx_word' id='word_1_468' title='bbox 1916 3022 1987 3074; x_wconf 77' lang='lat' dir='ltr'><strong>ita</strong></span> <span class='ocrx_word' id='word_1_469' title='bbox 2030 3029 2250 3074; x_wconf 81' lang='lat' dir='ltr'><strong>sanctus</strong></span> <span class='ocrx_word' id='word_1_470' title='bbox 2290 3028 2341 3069; x_wconf 93' lang='lat' dir='ltr'><strong>ut</strong></span> <span class='ocrx_word' id='word_1_471' title='bbox 2387 3014 2544 3077; x_wconf 79' lang='lat' dir='ltr'><strong>Medi,</strong></span> <span class='ocrx_word' id='word_1_472' title='bbox 2590 3010 2856 3081; x_wconf 88' lang='lat' dir='ltr'><strong>quomodo</strong></span> <span class='ocrx_word' id='word_1_473' title='bbox 2900 3008 3095 3077; x_wconf 83' lang='lat' dir='ltr'><strong>poterit</strong></span> <span class='ocrx_word' id='word_1_474' title='bbox 3124 3008 3328 3060; x_wconf 80' lang='lat' dir='ltr'><strong>evitare</strong></span> <span class='ocrx_word' id='word_1_475' title='bbox 3359 3021 3493 3073; x_wconf 49' lang='lat' dir='ltr'><strong>qui»</strong></span> 
     </span>
    </p>
   </div>
   <div class='ocr_carea' id='block_1_63' title="bbox 265 3086 1812 3168">
    <p class='ocr_par' dir='ltr' id='par_1_63' title="bbox 265 3086 1809 3163">
     <span class='ocr_line' id='line_1_63' title="bbox 265 3086 1809 3163; baseline 0.008 -29"><span class='ocrx_word' id='word_1_476' title='bbox 265 3086 390 3135; x_wconf 79' lang='grc' dir='ltr'>νοεῖν</span> <span class='ocrx_word' id='word_1_477' title='bbox 410 3086 517 3155; x_wconf 74' lang='grc' dir='ltr'><strong>γάρ</strong></span> <span class='ocrx_word' id='word_1_478' title='bbox 541 3086 638 3139; x_wconf 76' lang='grc' dir='ltr'>οὐκ</span> <span class='ocrx_word' id='word_1_479' title='bbox 660 3086 792 3157; x_wconf 74' lang='grc' dir='ltr'><strong>ἔχω.</strong></span> <span class='ocrx_word' id='word_1_480' title='bbox 824 3088 885 3139; x_wconf 80' lang='lat' dir='ltr'><strong>El</strong></span> <span class='ocrx_word' id='word_1_481' title='bbox 913 3088 1022 3159; x_wconf 87' lang='grc' dir='ltr'><strong>γάρ</strong></span> <span class='ocrx_word' id='word_1_482' title='bbox 1047 3089 1196 3143; x_wconf 72' lang='grc' dir='ltr'>ἐστιν</span> <span class='ocrx_word' id='word_1_483' title='bbox 1221 3088 1365 3143; x_wconf 75' lang='grc' dir='ltr'>οὕτω</span> <span class='ocrx_word' id='word_1_484' title='bbox 1388 3091 1519 3154; x_wconf 84' lang='grc' dir='ltr'>Θεὸς</span> <span class='ocrx_word' id='word_1_485' title='bbox 1541 3091 1615 3153; x_wconf 77' lang='grc' dir='ltr'>ὡς</span> <span class='ocrx_word' id='word_1_486' title='bbox 1636 3093 1702 3144; x_wconf 85' lang='grc' dir='ltr'>ἂν</span> <span class='ocrx_word' id='word_1_487' title='bbox 1725 3094 1809 3163; x_wconf 78' lang='grc' dir='ltr'><strong>εἴη</strong></span> 
     </span>
    </p>
   </div>
   <div class='ocr_carea' id='block_1_64' title="bbox 1915 3086 3497 3168">
    <p class='ocr_par' dir='ltr' id='par_1_64' title="bbox 1917 3095 3497 3168">
     <span class='ocr_line' id='line_1_64' title="bbox 1917 3095 3497 3168; baseline -0.013 -1"><span class='ocrx_word' id='word_1_488' title='bbox 1917 3114 2090 3167; x_wconf 84' lang='lat' dir='ltr'><strong>minus</strong></span> <span class='ocrx_word' id='word_1_489' title='bbox 2127 3111 2314 3165; x_wconf 87' lang='lat' dir='ltr'><strong>eadem</strong></span> <span class='ocrx_word' id='word_1_490' title='bbox 2356 3124 2476 3162; x_wconf 82' lang='lat' dir='ltr'><strong>cum</strong></span> <span class='ocrx_word' id='word_1_491' title='bbox 2515 3106 2621 3160; x_wconf 91' lang='lat' dir='ltr'><strong>illis</strong></span> <span class='ocrx_word' id='word_1_492' title='bbox 2658 3112 2942 3160; x_wconf 68' lang='lat' dir='ltr'><strong>censeatur</strong></span> <span class='ocrx_word' id='word_1_493' title='bbox 2967 3099 3275 3168; x_wconf 72' lang='lat' dir='ltr'><strong>teqnalitate</strong></span> <span class='ocrx_word' id='word_1_494' title='bbox 3312 3095 3497 3164; x_wconf 49' lang='lat' dir='ltr'><strong>dignis</strong></span> 
     </span>
    </p>
   </div>
   <div class='ocr_carea' id='block_1_65' title="bbox 263 3174 1807 3248">
    <p class='ocr_par' dir='ltr' id='par_1_65' title="bbox 263 3174 1807 3248">
     <span class='ocr_line' id='line_1_65' title="bbox 263 3174 1807 3248; baseline 0.005 -25"><span class='ocrx_word' id='word_1_495' title='bbox 263 3174 352 3224; x_wconf 73' lang='lat' dir='ltr'><strong>ul.</strong></span> <span class='ocrx_word' id='word_1_496' title='bbox 374 3175 402 3226; x_wconf 87' lang='lat'><strong>6</strong></span> <span class='ocrx_word' id='word_1_497' title='bbox 431 3175 645 3245; x_wconf 74' lang='grc' dir='ltr'>Μωσῆς,</span> <span class='ocrx_word' id='word_1_498' title='bbox 672 3178 767 3229; x_wconf 68' lang='grc' dir='ltr'>καὶ</span> <span class='ocrx_word' id='word_1_499' title='bbox 805 3174 979 3239; x_wconf 73' lang='grc' dir='ltr'>οὕτως</span> <span class='ocrx_word' id='word_1_500' title='bbox 1009 3176 1155 3240; x_wconf 78' lang='grc' dir='ltr'>Υἱὸς,</span> <span class='ocrx_word' id='word_1_501' title='bbox 1185 3175 1261 3240; x_wconf 85' lang='grc' dir='ltr'>ὡς</span> <span class='ocrx_word' id='word_1_502' title='bbox 1301 3177 1531 3248; x_wconf 76' lang='grc' dir='ltr'>Ἰσραὴλ,</span> <span class='ocrx_word' id='word_1_503' title='bbox 1561 3177 1704 3231; x_wconf 71' lang='grc' dir='ltr'>οὕτω</span> <span class='ocrx_word' id='word_1_504' title='bbox 1748 3195 1807 3231; x_wconf 89' lang='grc' dir='ltr'><strong>τε</strong></span> 
     </span>
    </p>
   </div>
   <div class='ocr_carea' id='block_1_66' title="bbox 264 3263 1814 3337">
    <p class='ocr_par' dir='ltr' id='par_1_66' title="bbox 264 3263 1814 3337">
     <span class='ocr_line' id='line_1_66' title="bbox 264 3263 1814 3337; baseline 0.008 -23"><span class='ocrx_word' id='word_1_505' title='bbox 264 3263 471 3333; x_wconf 75' lang='grc' dir='ltr'>Χριστὸς</span> <span class='ocrx_word' id='word_1_506' title='bbox 497 3267 575 3329; x_wconf 84' lang='grc' dir='ltr'><strong>ὡς</strong></span> <span class='ocrx_word' id='word_1_507' title='bbox 600 3266 805 3337; x_wconf 75' lang='grc' dir='ltr'>Κύρος,</span> <span class='ocrx_word' id='word_1_508' title='bbox 836 3267 930 3319; x_wconf 80' lang='grc' dir='ltr'>καὶ</span> <span class='ocrx_word' id='word_1_509' title='bbox 961 3268 1067 3337; x_wconf 83' lang='grc' dir='ltr'>μὴν</span> <span class='ocrx_word' id='word_1_510' title='bbox 1093 3267 1188 3321; x_wconf 77' lang='grc' dir='ltr'>καὶ</span> <span class='ocrx_word' id='word_1_511' title='bbox 1219 3267 1387 3332; x_wconf 78' lang='grc' dir='ltr'>οὕτως</span> <span class='ocrx_word' id='word_1_512' title='bbox 1407 3268 1561 3336; x_wconf 84' lang='grc' dir='ltr'>ἀγιος</span> <span class='ocrx_word' id='word_1_513' title='bbox 1590 3269 1665 3333; x_wconf 83' lang='grc' dir='ltr'><strong>ὡς</strong></span> <span class='ocrx_word' id='word_1_514' title='bbox 1694 3270 1814 3336; x_wconf 80' lang='grc' dir='ltr'><strong>Μῆ-</strong></span> 
     </span>
    </p>
   </div>
   <div class='ocr_carea' id='block_1_67' title="bbox 257 3353 1816 3427">
    <p class='ocr_par' dir='ltr' id='par_1_67' title="bbox 257 3353 1816 3427">
     <span class='ocr_line' id='line_1_67' title="bbox 257 3353 1816 3427; baseline 0.002 -20"><span class='ocrx_word' id='word_1_515' title='bbox 257 3353 345 3407; x_wconf 75' lang='grc' dir='ltr'><strong>(τοι⁹</strong></span> <span class='ocrx_word' id='word_1_516' title='bbox 370 3356 482 3420; x_wconf 70' lang='grc' dir='ltr'>πῶς</span> <span class='ocrx_word' id='word_1_517' title='bbox 522 3356 589 3409; x_wconf 81' lang='grc' dir='ltr'>ἂν</span> <span class='ocrx_word' id='word_1_518' title='bbox 616 3355 854 3427; x_wconf 81' lang='grc' dir='ltr'>διαφύγῃ</span> <span class='ocrx_word' id='word_1_519' title='bbox 883 3355 946 3409; x_wconf 88' lang='grc' dir='ltr'><strong>τὸ</strong></span> <span class='ocrx_word' id='word_1_520' title='bbox 1004 3357 1098 3410; x_wconf 78' lang='grc' dir='ltr'>καὶ</span> <span class='ocrx_word' id='word_1_521' title='bbox 1123 3358 1181 3412; x_wconf 79' lang='grc' dir='ltr'>ὲν</span> <span class='ocrx_word' id='word_1_522' title='bbox 1213 3358 1415 3427; x_wconf 81' lang='grc' dir='ltr'>ἰσότητι</span> <span class='ocrx_word' id='word_1_523' title='bbox 1456 3357 1665 3412; x_wconf 86' lang='grc' dir='ltr'>κεῖσθαι</span> <span class='ocrx_word' id='word_1_524' title='bbox 1705 3358 1816 3411; x_wconf 85' lang='grc' dir='ltr'>δεῖν</span> 
     </span>
    </p>
   </div>
   <div class='ocr_carea' id='block_1_68' title="bbox 258 3444 1821 3520">
    <p class='ocr_par' dir='ltr' id='par_1_68' title="bbox 258 3444 1821 3520">
     <span class='ocr_line' id='line_1_68' title="bbox 258 3444 1821 3520; baseline 0.003 -24"><span class='ocrx_word' id='word_1_525' title='bbox 258 3444 346 3509; x_wconf 76' lang='grc' dir='ltr'>τῆς</span> <span class='ocrx_word' id='word_1_526' title='bbox 375 3446 508 3516; x_wconf 77' lang='grc' dir='ltr'>πρὸς</span> <span class='ocrx_word' id='word_1_527' title='bbox 529 3446 731 3507; x_wconf 72' lang='grc' dir='ltr'>αὐτοὺς</span> <span class='ocrx_word' id='word_1_528' title='bbox 751 3445 907 3510; x_wconf 76' lang='grc' dir='ltr'>ἀξίας</span> <span class='ocrx_word' id='word_1_529' title='bbox 931 3463 947 3511; x_wconf 87' lang='grc'>;</span> <span class='ocrx_word' id='word_1_530' title='bbox 983 3446 1195 3520; x_wconf 77' lang='grc' dir='ltr'><strong>Ἀλώσῃ</strong></span> <span class='ocrx_word' id='word_1_531' title='bbox 1304 3444 1395 3501; x_wconf 81' lang='grc' dir='ltr'>οὖν</span> <span class='ocrx_word' id='word_1_532' title='bbox 1422 3449 1514 3501; x_wconf 77' lang='grc' dir='ltr'>καὶ</span> <span class='ocrx_word' id='word_1_533' title='bbox 1539 3450 1618 3513; x_wconf 85' lang='grc' dir='ltr'><strong>είς</strong></span> <span class='ocrx_word' id='word_1_534' title='bbox 1648 3449 1821 3519; x_wconf 81' lang='grc' dir='ltr'>αὐτὴν</span> 
     </span>
    </p>
   </div>
   <div class='ocr_carea' id='block_1_69' title="bbox 258 3533 1815 3613">
    <p class='ocr_par' dir='ltr' id='par_1_69' title="bbox 258 3533 1815 3613">
     <span class='ocr_line' id='line_1_69' title="bbox 258 3533 1815 3613; baseline 0.005 -25"><span class='ocrx_word' id='word_1_535' title='bbox 258 3533 653 3607; x_wconf 75' lang='grc' dir='ltr'>όίδυσσεϐηκὼς</span> <span class='ocrx_word' id='word_1_536' title='bbox 683 3536 779 3608; x_wconf 79' lang='grc' dir='ltr'>τὴν</span> <span class='ocrx_word' id='word_1_537' title='bbox 807 3538 901 3591; x_wconf 78' lang='grc' dir='ltr'><strong>τοῦ</strong></span> <span class='ocrx_word' id='word_1_538' title='bbox 929 3539 1103 3605; x_wconf 82' lang='grc' dir='ltr'>Λόγου</span> <span class='ocrx_word' id='word_1_539' title='bbox 1134 3539 1313 3608; x_wconf 88' lang='grc' dir='ltr'>φύσιν,</span> <span class='ocrx_word' id='word_1_540' title='bbox 1343 3540 1478 3611; x_wconf 80' lang='grc' dir='ltr'>ἔφης</span> <span class='ocrx_word' id='word_1_541' title='bbox 1498 3542 1607 3613; x_wconf 87' lang='grc' dir='ltr'><strong>γάρ</strong></span> <span class='ocrx_word' id='word_1_542' title='bbox 1629 3541 1815 3596; x_wconf 60' lang='grc' dir='ltr'>πάλιν</span> 
     </span>
    </p>
   </div>
   <div class='ocr_carea' id='block_1_70' title="bbox 325 3628 1822 3703">
    <p class='ocr_par' dir='ltr' id='par_1_70' title="bbox 325 3628 1822 3703">
     <span class='ocr_line' id='line_1_70' title="bbox 325 3628 1822 3703; baseline 0.002 -21"><span class='ocrx_word' id='word_1_543' title='bbox 325 3628 502 3700; x_wconf 70' lang='grc' dir='ltr'><strong>[Εἰπὲ</strong></span> <span class='ocrx_word' id='word_1_544' title='bbox 564 3629 660 3682; x_wconf 80' lang='grc' dir='ltr'><strong>τὸν</strong></span> <span class='ocrx_word' id='word_1_545' title='bbox 701 3629 1058 3693; x_wconf 87' lang='grc' dir='ltr'>ἀναλαϐόντα,</span> <span class='ocrx_word' id='word_1_546' title='bbox 1096 3631 1177 3685; x_wconf 86' lang='grc' dir='ltr'>ὃτι</span> <span class='ocrx_word' id='word_1_547' title='bbox 1228 3631 1396 3695; x_wconf 84' lang='grc' dir='ltr'>Θεός·</span> <span class='ocrx_word' id='word_1_548' title='bbox 1450 3632 1684 3703; x_wconf 82' lang='grc' dir='ltr'>πρόσθες</span> <span class='ocrx_word' id='word_1_549' title='bbox 1730 3633 1822 3685; x_wconf 83' lang='grc' dir='ltr'><strong>τὸν</strong></span> 
     </span>
    </p>
   </div>
   <div class='ocr_carea' id='block_1_71' title="bbox 262 3718 1824 3794">
    <p class='ocr_par' dir='ltr' id='par_1_71' title="bbox 262 3718 1824 3794">
     <span class='ocr_line' id='line_1_71' title="bbox 262 3718 1824 3794; baseline 0.004 -24"><span class='ocrx_word' id='word_1_550' title='bbox 262 3718 651 3792; x_wconf 61' lang='grc' dir='ltr'>ἀναληφθέντα,</span> <span class='ocrx_word' id='word_1_551' title='bbox 681 3720 967 3774; x_wconf 81' lang='grc' dir='ltr'>ὅτιδούλου</span> <span class='ocrx_word' id='word_1_552' title='bbox 1001 3722 1203 3792; x_wconf 84' lang='grc' dir='ltr'>μορφή·</span> <span class='ocrx_word' id='word_1_553' title='bbox 1235 3721 1481 3791; x_wconf 83' lang='grc' dir='ltr'>ὲπάγαγε</span> <span class='ocrx_word' id='word_1_554' title='bbox 1512 3722 1824 3794; x_wconf 66' lang='grc' dir='ltr'>μεταταῖὴα</span> 
     </span>
    </p>
   </div>
   <div class='ocr_carea' id='block_1_72' title="bbox 266 3810 1824 3884">
    <p class='ocr_par' dir='ltr' id='par_1_72' title="bbox 266 3810 1824 3884">
     <span class='ocr_line' id='line_1_72' title="bbox 266 3810 1824 3884; baseline 0.004 -24"><span class='ocrx_word' id='word_1_555' title='bbox 266 3810 317 3860; x_wconf 78' lang='grc' dir='ltr'><strong>τὸ</strong></span> <span class='ocrx_word' id='word_1_556' title='bbox 352 3812 449 3878; x_wconf 74' lang='grc' dir='ltr'>τῆς</span> <span class='ocrx_word' id='word_1_557' title='bbox 494 3811 787 3878; x_wconf 72' lang='grc' dir='ltr'>συναφείας</span> <span class='ocrx_word' id='word_1_558' title='bbox 833 3810 1070 3882; x_wconf 79' lang='grc' dir='ltr'>ἀξίωμα,</span> <span class='ocrx_word' id='word_1_559' title='bbox 1104 3814 1185 3865; x_wconf 81' lang='grc' dir='ltr'>ὅτι</span> <span class='ocrx_word' id='word_1_560' title='bbox 1216 3812 1322 3866; x_wconf 86' lang='grc' dir='ltr'>τῶν</span> <span class='ocrx_word' id='word_1_561' title='bbox 1364 3813 1458 3866; x_wconf 82' lang='grc' dir='ltr'><strong>δύο</strong></span> <span class='ocrx_word' id='word_1_562' title='bbox 1498 3815 1531 3884; x_wconf 77' lang='grc' dir='ltr'>ἡ</span> <span class='ocrx_word' id='word_1_563' title='bbox 1570 3813 1824 3867; x_wconf 83' lang='grc' dir='ltr'>αὐθεντία</span> 
     </span>
    </p>
   </div>
   <div class='ocr_carea' id='block_1_73' title="bbox 268 3902 1825 3977">
    <p class='ocr_par' dir='ltr' id='par_1_73' title="bbox 268 3902 1825 3977">
     <span class='ocr_line' id='line_1_73' title="bbox 268 3902 1825 3977; baseline 0.004 -24"><span class='ocrx_word' id='word_1_564' title='bbox 268 3905 440 3972; x_wconf 53' lang='grc' dir='ltr'>κοιναίπ</span> <span class='ocrx_word' id='word_1_565' title='bbox 466 3903 544 3955; x_wconf 73' lang='grc' dir='ltr'>ὅτι</span> <span class='ocrx_word' id='word_1_566' title='bbox 581 3903 694 3955; x_wconf 79' lang='grc' dir='ltr'>τῶν</span> <span class='ocrx_word' id='word_1_567' title='bbox 730 3902 841 3967; x_wconf 89' lang='grc' dir='ltr'>δύο,</span> <span class='ocrx_word' id='word_1_568' title='bbox 879 3903 1075 3957; x_wconf 79' lang='grc' dir='ltr'>ταύτὸν</span> <span class='ocrx_word' id='word_1_569' title='bbox 1102 3903 1163 3957; x_wconf 89' lang='grc' dir='ltr'><strong>τὸ</strong></span> <span class='ocrx_word' id='word_1_570' title='bbox 1193 3904 1406 3976; x_wconf 77' lang='grc' dir='ltr'>ἀξίωμα</span> <span class='ocrx_word' id='word_1_571' title='bbox 1426 3922 1439 3937; x_wconf 78' lang='grc' dir='ltr'><strong><em>ο</em></strong></span> <span class='ocrx_word' id='word_1_572' title='bbox 1473 3905 1581 3959; x_wconf 84' lang='grc' dir='ltr'>τῶν</span> <span class='ocrx_word' id='word_1_573' title='bbox 1610 3905 1825 3977; x_wconf 83' lang='grc' dir='ltr'>φύσεων</span> 
     </span>
    </p>
   </div>
   <div class='ocr_carea' id='block_1_74' title="bbox 272 3994 1580 4069">
    <p class='ocr_par' dir='ltr' id='par_1_74' title="bbox 272 3994 1580 4069">
     <span class='ocr_line' id='line_1_74' title="bbox 272 3994 1580 4069; baseline 0.005 -24"><span class='ocrx_word' id='word_1_574' title='bbox 272 3994 553 4062; x_wconf 62' lang='grc' dir='ltr'>μενουσῶν,</span> <span class='ocrx_word' id='word_1_575' title='bbox 584 3995 835 4066; x_wconf 79' lang='grc' dir='ltr'>ὁμολόγει</span> <span class='ocrx_word' id='word_1_576' title='bbox 863 3994 963 4066; x_wconf 82' lang='grc' dir='ltr'>τὴν</span> <span class='ocrx_word' id='word_1_577' title='bbox 992 3995 1090 4067; x_wconf 83' lang='grc' dir='ltr'>τῆς</span> <span class='ocrx_word' id='word_1_578' title='bbox 1117 3995 1270 4061; x_wconf 76' lang='grc' dir='ltr'>ἀξίας</span> <span class='ocrx_word' id='word_1_579' title='bbox 1301 3995 1580 4069; x_wconf 84' lang='grc' dir='ltr'>ἑνότητα.]</span> 
     </span>
    </p>
   </div>
   <div class='ocr_carea' id='block_1_75' title="bbox 850 4104 1226 4187">
    <p class='ocr_par' dir='ltr' id='par_1_75' title="bbox 850 4104 1226 4187">
     <span class='ocr_line' id='line_1_75' title="bbox 850 4104 1226 4187; baseline 0.003 -1"><span class='ocrx_word' id='word_1_580' title='bbox 850 4104 1095 4186; x_wconf 60' lang='lat' dir='ltr'><strong>rem.</strong></span> <span class='ocrx_word' id='word_1_581' title='bbox 1151 4132 1226 4187; x_wconf 72' lang='grc' dir='ltr'>ιε’.</span> 
     </span>
    </p>
   </div>
   <div class='ocr_carea' id='block_1_76' title="bbox 326 4262 1830 4339">
    <p class='ocr_par' dir='ltr' id='par_1_76' title="bbox 326 4262 1830 4339">
     <span class='ocr_line' id='line_1_76' title="bbox 326 4262 1830 4339; baseline 0.002 -19"><span class='ocrx_word' id='word_1_582' title='bbox 326 4268 616 4337; x_wconf 78' lang='grc' dir='ltr'>Διατέμνει</span> <span class='ocrx_word' id='word_1_583' title='bbox 653 4267 752 4337; x_wconf 78' lang='grc' dir='ltr'>μὲν</span> <span class='ocrx_word' id='word_1_584' title='bbox 788 4262 882 4319; x_wconf 77' lang='grc' dir='ltr'>οὖν</span> <span class='ocrx_word' id='word_1_585' title='bbox 910 4269 989 4331; x_wconf 78' lang='grc' dir='ltr'><strong>είς</strong></span> <span class='ocrx_word' id='word_1_586' title='bbox 1018 4267 1110 4321; x_wconf 89' lang='grc' dir='ltr'><strong>δύο</strong></span> <span class='ocrx_word' id='word_1_587' title='bbox 1136 4267 1201 4339; x_wconf 80' lang='grc' dir='ltr'>δὴ</span> <span class='ocrx_word' id='word_1_588' title='bbox 1239 4267 1432 4321; x_wconf 76' lang='grc' dir='ltr'>πάλιν·</span> <span class='ocrx_word' id='word_1_589' title='bbox 1467 4269 1744 4334; x_wconf 74' lang='grc' dir='ltr'>ἀσυνέτως</span> <span class='ocrx_word' id='word_1_590' title='bbox 1773 4270 1830 4323; x_wconf 81' lang='grc' dir='ltr'>δὲ</span> 
     </span>
    </p>
   </div>
   <div class='ocr_carea' id='block_1_77' title="bbox 262 4358 1828 4434">
    <p class='ocr_par' dir='ltr' id='par_1_77' title="bbox 262 4358 1828 4434">
     <span class='ocr_line' id='line_1_77' title="bbox 262 4358 1828 4434; baseline 0.003 -24"><span class='ocrx_word' id='word_1_591' title='bbox 262 4361 466 4431; x_wconf 55' lang='grc' dir='ltr'>σφόδρα</span> <span class='ocrx_word' id='word_1_592' title='bbox 488 4358 588 4429; x_wconf 78' lang='grc' dir='ltr'>τὴν</span> <span class='ocrx_word' id='word_1_593' title='bbox 613 4358 715 4427; x_wconf 84' lang='grc' dir='ltr'>τῆς</span> <span class='ocrx_word' id='word_1_594' title='bbox 740 4358 986 4423; x_wconf 83' lang='grc' dir='ltr'>ὲνώσεως</span> <span class='ocrx_word' id='word_1_595' title='bbox 1012 4361 1240 4432; x_wconf 78' lang='grc' dir='ltr'>δύναμιν</span> <span class='ocrx_word' id='word_1_596' title='bbox 1266 4364 1331 4433; x_wconf 79' lang='grc' dir='ltr'>τῇ</span> <span class='ocrx_word' id='word_1_597' title='bbox 1361 4360 1798 4434; x_wconf 63' lang='grc' dir='ltr'>ἀξίᾳιχαρίζεται</span> <span class='ocrx_word' id='word_1_598' title='bbox 1815 4378 1828 4391; x_wconf 88' lang='grc'><strong>·</strong></span> 
     </span>
    </p>
   </div>
   <div class='ocr_carea' id='block_1_78' title="bbox 1915 3187 3486 3273">
    <p class='ocr_par' dir='ltr' id='par_1_78' title="bbox 1915 3187 3486 3273">
     <span class='ocr_line' id='line_1_78' title="bbox 1915 3187 3486 3273; baseline -0.014 -14"><span class='ocrx_word' id='word_1_599' title='bbox 1915 3198 2525 3273; x_wconf 83' lang='lat' dir='ltr'><strong>tatis?Deprebemleris</strong></span> <span class='ocrx_word' id='word_1_600' title='bbox 2554 3196 2715 3267; x_wconf 79' lang='lat' dir='ltr'><strong>igitur</strong></span> <span class='ocrx_word' id='word_1_601' title='bbox 2743 3193 2855 3263; x_wconf 88' lang='lat' dir='ltr'><strong>jam</strong></span> <span class='ocrx_word' id='word_1_602' title='bbox 2880 3194 3042 3248; x_wconf 86' lang='lat' dir='ltr'><strong>etiam</strong></span> <span class='ocrx_word' id='word_1_603' title='bbox 3075 3191 3138 3245; x_wconf 79' lang='lat' dir='ltr'><strong>in.</strong></span> <span class='ocrx_word' id='word_1_604' title='bbox 3164 3191 3330 3257; x_wconf 86' lang='lat' dir='ltr'><strong>ipsam</strong></span> <span class='ocrx_word' id='word_1_605' title='bbox 3357 3187 3486 3241; x_wconf 82' lang='lat' dir='ltr'><strong>Ver-</strong></span> 
     </span>
    </p>
   </div>
   <div class='ocr_carea' id='block_1_79' title="bbox 1916 3279 3484 3360">
    <p class='ocr_par' dir='ltr' id='par_1_79' title="bbox 1916 3279 3484 3360">
     <span class='ocr_line' id='line_1_79' title="bbox 1916 3279 3484 3360; baseline -0.013 -10"><span class='ocrx_word' id='word_1_606' title='bbox 1916 3298 1965 3350; x_wconf 89' lang='lat' dir='ltr'><strong>hi</strong></span> <span class='ocrx_word' id='word_1_607' title='bbox 2003 3304 2249 3350; x_wconf 83' lang='lat' dir='ltr'><strong>naturam</strong></span> <span class='ocrx_word' id='word_1_608' title='bbox 2287 3291 2483 3360; x_wconf 82' lang='lat' dir='ltr'><strong>impius</strong></span> <span class='ocrx_word' id='word_1_609' title='bbox 2514 3288 2699 3355; x_wconf 81' lang='lat' dir='ltr'><strong>fuisse,</strong></span> <span class='ocrx_word' id='word_1_610' title='bbox 2742 3287 2831 3343; x_wconf 82' lang='lat' dir='ltr'><strong>sic</strong></span> <span class='ocrx_word' id='word_1_611' title='bbox 2861 3297 3096 3352; x_wconf 87' lang='lat' dir='ltr'><strong>namque</strong></span> <span class='ocrx_word' id='word_1_612' title='bbox 3141 3279 3322 3349; x_wconf 74' lang='lat' dir='ltr'><strong>dixisti</strong></span> <span class='ocrx_word' id='word_1_613' title='bbox 3365 3294 3484 3332; x_wconf 49' lang='lat' dir='ltr'><strong>rer,</strong></span> 
     </span>
    </p>
   </div>
   <div class='ocr_carea' id='block_1_80' title="bbox 1916 3375 3160 3443">
    <p class='ocr_par' dir='ltr' id='par_1_80' title="bbox 1916 3375 3160 3443">
     <span class='ocr_line' id='line_1_80' title="bbox 1916 3375 3160 3443; baseline -0.012 0"><span class='ocrx_word' id='word_1_614' title='bbox 1916 3403 2032 3443; x_wconf 84' lang='lat' dir='ltr'><strong>sum</strong></span> <span class='ocrx_word' id='word_1_615' title='bbox 2078 3404 2091 3440; x_wconf 89' lang='lat'><strong>:</strong></span> <span class='ocrx_word' id='word_1_616' title='bbox 2109 3437 2120 3441; x_wconf 75' lang='grc'><em>,</em></span> <span class='ocrx_word' id='word_1_617' title='bbox 2438 3428 2445 3437; x_wconf 92' lang='grc'>.</span> <span class='ocrx_word' id='word_1_618' title='bbox 3140 3375 3160 3393; x_wconf 81' lang='grc'><strong>⁸</strong></span> 
     </span>
    </p>
   </div>
   <div class='ocr_carea' id='block_1_81' title="bbox 1993 3617 3528 3701">
    <p class='ocr_par' dir='ltr' id='par_1_81' title="bbox 1993 3617 3528 3701">
     <span class='ocr_line' id='line_1_81' title="bbox 1993 3617 3528 3701; baseline -0.01 -16"><span class='ocrx_word' id='word_1_619' title='bbox 1993 3630 2257 3701; x_wconf 62' lang='lat' dir='ltr'><strong>[Nm-ron.</strong></span> <span class='ocrx_word' id='word_1_620' title='bbox 2283 3628 2375 3683; x_wconf 89' lang='lat' dir='ltr'><strong>Dic</strong></span> <span class='ocrx_word' id='word_1_621' title='bbox 2397 3627 2463 3683; x_wconf 90' lang='lat' dir='ltr'><strong>de</strong></span> <span class='ocrx_word' id='word_1_622' title='bbox 2484 3634 2810 3689; x_wconf 86' lang='lat' dir='ltr'><strong>assumente,</strong></span> <span class='ocrx_word' id='word_1_623' title='bbox 2831 3624 2974 3694; x_wconf 90' lang='lat' dir='ltr'><strong>quod</strong></span> <span class='ocrx_word' id='word_1_624' title='bbox 3000 3623 3141 3677; x_wconf 84' lang='lat' dir='ltr'><strong>Deus</strong></span> <span class='ocrx_word' id='word_1_625' title='bbox 3158 3622 3255 3676; x_wconf 89' lang='lat' dir='ltr'><strong>sit:</strong></span> <span class='ocrx_word' id='word_1_626' title='bbox 3278 3617 3492 3689; x_wconf 79' lang='lat' dir='ltr'><strong>adjicite</strong></span> <span class='ocrx_word' id='word_1_627' title='bbox 3521 3690 3528 3697; x_wconf 23' lang='grc' dir='ltr'><em>α</em></span> 
     </span>
    </p>
   </div>
   <div class='ocr_carea' id='block_1_82' title="bbox 1922 3698 3492 3795">
    <p class='ocr_par' dir='ltr' id='par_1_82' title="bbox 1922 3698 3492 3795">
     <span class='ocr_line' id='line_1_82' title="bbox 1922 3698 3492 3795; baseline -0.011 -16"><span class='ocrx_word' id='word_1_628' title='bbox 1922 3698 2032 3795; x_wconf 59' lang='grc' dir='ltr'><strong><em>η</em></strong></span> <span class='ocrx_word' id='word_1_629' title='bbox 2069 3725 2134 3777; x_wconf 92' lang='lat' dir='ltr'><strong>de</strong></span> <span class='ocrx_word' id='word_1_630' title='bbox 2173 3730 2468 3788; x_wconf 83' lang='lat' dir='ltr'><strong>assumpto,</strong></span> <span class='ocrx_word' id='word_1_631' title='bbox 2508 3718 2648 3788; x_wconf 86' lang='lat' dir='ltr'><strong>quod</strong></span> <span class='ocrx_word' id='word_1_632' title='bbox 2696 3702 2837 3771; x_wconf 87' lang='lat' dir='ltr'><strong>servi</strong></span> <span class='ocrx_word' id='word_1_633' title='bbox 2879 3715 3046 3770; x_wconf 81' lang='lat' dir='ltr'><strong>forma</strong></span> <span class='ocrx_word' id='word_1_634' title='bbox 3079 3731 3092 3768; x_wconf 86' lang='lat'>:</span> <span class='ocrx_word' id='word_1_635' title='bbox 3131 3712 3270 3767; x_wconf 83' lang='lat' dir='ltr'><strong>infer</strong></span> <span class='ocrx_word' id='word_1_636' title='bbox 3310 3698 3492 3778; x_wconf 79' lang='lat' dir='ltr'><strong>postea</strong></span> 
     </span>
    </p>
   </div>
   <div class='ocr_carea' id='block_1_83' title="bbox 1924 3798 3497 3882">
    <p class='ocr_par' dir='ltr' id='par_1_83' title="bbox 1924 3798 3497 3882">
     <span class='ocr_line' id='line_1_83' title="bbox 1924 3798 3497 3882; baseline -0.013 -14"><span class='ocrx_word' id='word_1_637' title='bbox 1924 3810 2319 3882; x_wconf 74' lang='lat' dir='ltr'><strong>coniunctionis</strong></span> <span class='ocrx_word' id='word_1_638' title='bbox 2349 3808 2688 3877; x_wconf 80' lang='lat' dir='ltr'><strong>dignitatem,</strong></span> <span class='ocrx_word' id='word_1_639' title='bbox 2730 3802 2874 3872; x_wconf 89' lang='lat' dir='ltr'><strong>quod</strong></span> <span class='ocrx_word' id='word_1_640' title='bbox 2910 3799 3215 3856; x_wconf 83' lang='lat' dir='ltr'><strong>communis</strong></span> <span class='ocrx_word' id='word_1_641' title='bbox 3258 3798 3331 3852; x_wconf 87' lang='lat' dir='ltr'><strong>sit</strong></span> <span class='ocrx_word' id='word_1_642' title='bbox 3364 3798 3497 3851; x_wconf 86' lang='lat' dir='ltr'><strong>duo-</strong></span> 
     </span>
    </p>
   </div>
   <div class='ocr_carea' id='block_1_84' title="bbox 1926 3886 3491 3964">
    <p class='ocr_par' dir='ltr' id='par_1_84' title="bbox 1926 3886 3491 3964">
     <span class='ocr_line' id='line_1_84' title="bbox 1926 3886 3491 3964; baseline -0.012 -9"><span class='ocrx_word' id='word_1_643' title='bbox 1926 3917 2043 3955; x_wconf 92' lang='lat' dir='ltr'><strong>rum</strong></span> <span class='ocrx_word' id='word_1_644' title='bbox 2085 3900 2405 3959; x_wconf 86' lang='lat' dir='ltr'><strong>auctoritas,</strong></span> <span class='ocrx_word' id='word_1_645' title='bbox 2449 3895 2591 3964; x_wconf 91' lang='lat' dir='ltr'><strong>quod</strong></span> <span class='ocrx_word' id='word_1_646' title='bbox 2635 3896 2821 3949; x_wconf 86' lang='lat' dir='ltr'><strong>eadem</strong></span> <span class='ocrx_word' id='word_1_647' title='bbox 2856 3892 2927 3945; x_wconf 90' lang='lat' dir='ltr'><strong>sit</strong></span> <span class='ocrx_word' id='word_1_648' title='bbox 2960 3891 3187 3943; x_wconf 88' lang='lat' dir='ltr'><strong>duorum</strong></span> <span class='ocrx_word' id='word_1_649' title='bbox 3214 3886 3445 3955; x_wconf 82' lang='lat' dir='ltr'><strong>dignitas</strong></span> <span class='ocrx_word' id='word_1_650' title='bbox 3479 3903 3491 3936; x_wconf 90' lang='lat'><strong>:</strong></span> 
     </span>
    </p>
   </div>
   <div class='ocr_carea' id='block_1_85' title="bbox 1928 3974 3495 4053">
    <p class='ocr_par' dir='ltr' id='par_1_85' title="bbox 1928 3974 3495 4053">
     <span class='ocr_line' id='line_1_85' title="bbox 1928 3974 3495 4053; baseline -0.011 -7"><span class='ocrx_word' id='word_1_651' title='bbox 1928 3990 2269 4047; x_wconf 87' lang='lat' dir='ltr'><strong>manentibus</strong></span> <span class='ocrx_word' id='word_1_652' title='bbox 2301 3988 2513 4043; x_wconf 87' lang='lat' dir='ltr'><strong>naturis</strong></span> <span class='ocrx_word' id='word_1_653' title='bbox 2551 3985 2811 4041; x_wconf 86' lang='lat' dir='ltr'><strong>eonlltere</strong></span> <span class='ocrx_word' id='word_1_654' title='bbox 2844 3981 3124 4053; x_wconf 81' lang='lat' dir='ltr'><strong>dignitatis</strong></span> <span class='ocrx_word' id='word_1_655' title='bbox 3175 3974 3495 4046; x_wconf 85' lang='lat' dir='ltr'><strong>ttnilatem.]</strong></span> 
     </span>
    </p>
   </div>
   <div class='ocr_carea' id='block_1_86' title="bbox 2590 4114 2847 4172">
    <p class='ocr_par' dir='ltr' id='par_1_86' title="bbox 2590 4114 2847 4172">
     <span class='ocr_line' id='line_1_86' title="bbox 2590 4114 2847 4172; baseline -0.019 0"><span class='ocrx_word' id='word_1_656' title='bbox 2590 4114 2739 4172; x_wconf 81' lang='lat' dir='ltr'><strong>CAP.</strong></span> <span class='ocrx_word' id='word_1_657' title='bbox 2782 4114 2847 4172; x_wconf 57' lang='grc' dir='ltr'><strong>νε</strong></span> 
     </span>
    </p>
   </div>
   <div class='ocr_carea' id='block_1_87' title="bbox 2003 4242 3501 4327">
    <p class='ocr_par' dir='ltr' id='par_1_87' title="bbox 2003 4242 3501 4327">
     <span class='ocr_line' id='line_1_87' title="bbox 2003 4242 3501 4327; baseline -0.016 -12"><span class='ocrx_word' id='word_1_658' title='bbox 2003 4259 2199 4316; x_wconf 83' lang='lat' dir='ltr'><strong>Dividit</strong></span> <span class='ocrx_word' id='word_1_659' title='bbox 2227 4270 2355 4327; x_wconf 82' lang='lat' dir='ltr'><strong>ergo</strong></span> <span class='ocrx_word' id='word_1_660' title='bbox 2383 4267 2595 4310; x_wconf 87' lang='lat' dir='ltr'><strong>rursum</strong></span> <span class='ocrx_word' id='word_1_661' title='bbox 2623 4252 2676 4306; x_wconf 93' lang='lat' dir='ltr'><strong>in</strong></span> <span class='ocrx_word' id='word_1_662' title='bbox 2706 4250 2831 4313; x_wconf 73' lang='lat' dir='ltr'><strong>duo,</strong></span> <span class='ocrx_word' id='word_1_663' title='bbox 2858 4257 2913 4303; x_wconf 90' lang='lat' dir='ltr'><strong>et</strong></span> <span class='ocrx_word' id='word_1_664' title='bbox 2937 4245 3191 4314; x_wconf 87' lang='lat' dir='ltr'><strong>imperite</strong></span> <span class='ocrx_word' id='word_1_665' title='bbox 3216 4242 3501 4297; x_wconf 83' lang='lat' dir='ltr'><strong>admodum</strong></span> 
     </span>
    </p>
   </div>
   <div class='ocr_carea' id='block_1_88' title="bbox 1935 4332 3504 4418">
    <p class='ocr_par' dir='ltr' id='par_1_88' title="bbox 1935 4332 3504 4418">
     <span class='ocr_line' id='line_1_88' title="bbox 1935 4332 3504 4418; baseline -0.016 -9"><span class='ocrx_word' id='word_1_666' title='bbox 1935 4357 2041 4411; x_wconf 86' lang='lat' dir='ltr'><strong>vim</strong></span> <span class='ocrx_word' id='word_1_667' title='bbox 2078 4351 2303 4409; x_wconf 90' lang='lat' dir='ltr'><strong>unitatis</strong></span> <span class='ocrx_word' id='word_1_668' title='bbox 2340 4345 2586 4418; x_wconf 85' lang='lat' dir='ltr'><strong>dignitati</strong></span> <span class='ocrx_word' id='word_1_669' title='bbox 2626 4342 2873 4413; x_wconf 83' lang='lat' dir='ltr'><strong>largitur,</strong></span> <span class='ocrx_word' id='word_1_670' title='bbox 2926 4339 3155 4394; x_wconf 74' lang='lat' dir='ltr'><strong>fortasse</strong></span> <span class='ocrx_word' id='word_1_671' title='bbox 3197 4350 3265 4390; x_wconf 85' lang='lat' dir='ltr'><strong>ne</strong></span> <span class='ocrx_word' id='word_1_672' title='bbox 3309 4332 3504 4387; x_wconf 90' lang='lat' dir='ltr'><strong>intelli-</strong></span> 
     </span>
    </p>
   </div>
   <div class='ocr_carea' id='block_1_89' title="bbox 259 4424 1812 4525">
    <p class='ocr_par' dir='ltr' id='par_1_89' title="bbox 259 4424 1812 4525">
     <span class='ocr_line' id='line_1_89' title="bbox 259 4424 1812 4525; baseline 0.003 -22"><span class='ocrx_word' id='word_1_673' title='bbox 259 4424 411 4521; x_wconf 55' lang='grc' dir='ltr'><strong>τάχει⁷</strong></span> <span class='ocrx_word' id='word_1_674' title='bbox 434 4424 640 4522; x_wconf 35' lang='grc' dir='ltr'>που-μὴ</span> <span class='ocrx_word' id='word_1_675' title='bbox 669 4424 885 4519; x_wconf 77' lang='grc' dir='ltr'>συνιεὶς,</span> <span class='ocrx_word' id='word_1_676' title='bbox 903 4453 931 4505; x_wconf 82' lang='grc' dir='ltr'><strong><em>ὃ</em></strong></span> <span class='ocrx_word' id='word_1_677' title='bbox 957 4452 1010 4506; x_wconf 84' lang='grc' dir='ltr'><strong>τί</strong></span> <span class='ocrx_word' id='word_1_678' title='bbox 1034 4424 1164 4506; x_wconf 58' lang='grc' dir='ltr'>ποτε</span> <span class='ocrx_word' id='word_1_679' title='bbox 1194 4424 1341 4508; x_wconf 70' lang='grc' dir='ltr'>ἐστίν</span> <span class='ocrx_word' id='word_1_680' title='bbox 1370 4424 1754 4525; x_wconf 24' lang='grc' dir='ltr'>ἡνὲνωσιςᾼαὶ</span> <span class='ocrx_word' id='word_1_681' title='bbox 1782 4471 1812 4507; x_wconf 87' lang='grc' dir='ltr'><strong>τ</strong></span> 
     </span>
    </p>
   </div>
   <div class='ocr_carea' id='block_1_90' title="bbox 1915 4424 3508 4525">
    <p class='ocr_par' dir='ltr' id='par_1_90' title="bbox 1939 4424 3508 4519">
     <span class='ocr_line' id='line_1_90' title="bbox 1939 4424 3508 4519; baseline -0.018 -15"><span class='ocrx_word' id='word_1_682' title='bbox 1939 4461 2072 4519; x_wconf 83' lang='lat' dir='ltr'><strong>gens</strong></span> <span class='ocrx_word' id='word_1_683' title='bbox 2101 4443 2317 4516; x_wconf 84' lang='lat' dir='ltr'><strong>quidem</strong></span> <span class='ocrx_word' id='word_1_684' title='bbox 2347 4439 2474 4509; x_wconf 89' lang='lat' dir='ltr'><strong>quid</strong></span> <span class='ocrx_word' id='word_1_685' title='bbox 2510 4436 2723 4493; x_wconf 85' lang='lat' dir='ltr'><strong>tandem</strong></span> <span class='ocrx_word' id='word_1_686' title='bbox 2755 4433 2827 4489; x_wconf 92' lang='lat' dir='ltr'><strong>sit</strong></span> <span class='ocrx_word' id='word_1_687' title='bbox 2854 4431 3054 4491; x_wconf 81' lang='lat' dir='ltr'><strong>unitas,</strong></span> <span class='ocrx_word' id='word_1_688' title='bbox 3088 4426 3214 4497; x_wconf 87' lang='lat' dir='ltr'><strong>quid</strong></span> <span class='ocrx_word' id='word_1_689' title='bbox 3264 4439 3349 4479; x_wconf 90' lang='lat' dir='ltr'><strong>res</strong></span> <span class='ocrx_word' id='word_1_690' title='bbox 3391 4424 3508 4492; x_wconf 84' lang='lat' dir='ltr'><strong>ipsa</strong></span> 
     </span>
    </p>
   </div>
   <div class='ocr_carea' id='block_1_91' title="bbox 259 4543 1832 4617">
    <p class='ocr_par' dir='ltr' id='par_1_91' title="bbox 259 4543 1832 4617">
     <span class='ocr_line' id='line_1_91' title="bbox 259 4543 1832 4617; baseline 0.001 -20"><span class='ocrx_word' id='word_1_691' title='bbox 259 4546 357 4613; x_wconf 71' lang='grc' dir='ltr'>τῆς</span> <span class='ocrx_word' id='word_1_692' title='bbox 400 4543 557 4609; x_wconf 83' lang='grc' dir='ltr'>ἀξίας</span> <span class='ocrx_word' id='word_1_693' title='bbox 582 4543 645 4597; x_wconf 86' lang='grc' dir='ltr'><strong>τὸ</strong></span> <span class='ocrx_word' id='word_1_694' title='bbox 678 4543 897 4615; x_wconf 67' lang='grc' dir='ltr'>χρῆμαυ</span> <span class='ocrx_word' id='word_1_695' title='bbox 936 4544 1072 4616; x_wconf 83' lang='grc' dir='ltr'>πλὴν</span> <span class='ocrx_word' id='word_1_696' title='bbox 1098 4545 1273 4599; x_wconf 84' lang='grc' dir='ltr'>ἐκεῖνό</span> <span class='ocrx_word' id='word_1_697' title='bbox 1301 4562 1507 4617; x_wconf 86' lang='grc' dir='ltr'>φαμεν·</span> <span class='ocrx_word' id='word_1_698' title='bbox 1538 4547 1684 4600; x_wconf 84' lang='grc' dir='ltr'>Μίαν</span> <span class='ocrx_word' id='word_1_699' title='bbox 1727 4545 1832 4617; x_wconf 80' lang='grc' dir='ltr'><strong>ἔφη</strong></span> 
     </span>
    </p>
   </div>
   <div class='ocr_carea' id='block_1_92' title="bbox 262 4634 1831 4708">
    <p class='ocr_par' dir='ltr' id='par_1_92' title="bbox 262 4634 1831 4708">
     <span class='ocr_line' id='line_1_92' title="bbox 262 4634 1831 4708; baseline 0.004 -20"><span class='ocrx_word' id='word_1_700' title='bbox 262 4637 371 4689; x_wconf 79' lang='grc' dir='ltr'><strong>τῶν</strong></span> <span class='ocrx_word' id='word_1_701' title='bbox 415 4635 509 4688; x_wconf 79' lang='grc' dir='ltr'><strong>δύο</strong></span> <span class='ocrx_word' id='word_1_702' title='bbox 556 4634 769 4704; x_wconf 86' lang='grc' dir='ltr'>φύσεων</span> <span class='ocrx_word' id='word_1_703' title='bbox 807 4637 905 4707; x_wconf 85' lang='grc' dir='ltr'>τὴν</span> <span class='ocrx_word' id='word_1_704' title='bbox 938 4636 1242 4701; x_wconf 83' lang='grc' dir='ltr'>αὑθεντίαν,</span> <span class='ocrx_word' id='word_1_705' title='bbox 1273 4637 1369 4691; x_wconf 65' lang='grc' dir='ltr'>καὶ</span> <span class='ocrx_word' id='word_1_706' title='bbox 1414 4637 1470 4691; x_wconf 81' lang='grc' dir='ltr'>ἓν</span> <span class='ocrx_word' id='word_1_707' title='bbox 1501 4639 1563 4691; x_wconf 85' lang='grc' dir='ltr'><strong>τὸ</strong></span> <span class='ocrx_word' id='word_1_708' title='bbox 1595 4638 1831 4708; x_wconf 80' lang='grc' dir='ltr'>ἀξίωμα.</span> 
     </span>
    </p>
   </div>
   <div class='ocr_carea' id='block_1_93' title="bbox 267 4726 1837 4800">
    <p class='ocr_par' dir='ltr' id='par_1_93' title="bbox 267 4726 1837 4800">
     <span class='ocr_line' id='line_1_93' title="bbox 267 4726 1837 4800; baseline 0.003 -19"><span class='ocrx_word' id='word_1_709' title='bbox 267 4728 396 4781; x_wconf 85' lang='grc' dir='ltr'>ὐτε</span> <span class='ocrx_word' id='word_1_710' title='bbox 430 4726 606 4782; x_wconf 78' lang='grc' dir='ltr'>τοίνυν</span> <span class='ocrx_word' id='word_1_711' title='bbox 637 4729 666 4780; x_wconf 88' lang='grc' dir='ltr'><strong>ό</strong></span> <span class='ocrx_word' id='word_1_712' title='bbox 691 4729 751 4781; x_wconf 75' lang='grc' dir='ltr'>ἐν</span> <span class='ocrx_word' id='word_1_713' title='bbox 777 4728 984 4799; x_wconf 77' lang='grc' dir='ltr'>ἰσότητι</span> <span class='ocrx_word' id='word_1_714' title='bbox 1013 4728 1169 4799; x_wconf 81' lang='grc' dir='ltr'>δόξης</span> <span class='ocrx_word' id='word_1_715' title='bbox 1197 4731 1296 4799; x_wconf 81' lang='grc' dir='ltr'>τῆς</span> <span class='ocrx_word' id='word_1_716' title='bbox 1325 4730 1461 4799; x_wconf 86' lang='grc' dir='ltr'>πρὸς</span> <span class='ocrx_word' id='word_1_717' title='bbox 1502 4731 1633 4785; x_wconf 83' lang='grc' dir='ltr'>Θεὸν</span> <span class='ocrx_word' id='word_1_718' title='bbox 1664 4732 1837 4800; x_wconf 81' lang='grc' dir='ltr'>Λόγον</span> 
     </span>
    </p>
   </div>
   <div class='ocr_carea' id='block_1_94' title="bbox 266 4817 1835 4895">
    <p class='ocr_par' dir='ltr' id='par_1_94' title="bbox 266 4817 1835 4895">
     <span class='ocr_line' id='line_1_94' title="bbox 266 4817 1835 4895; baseline 0.001 -20"><span class='ocrx_word' id='word_1_719' title='bbox 266 4824 361 4892; x_wconf 74' lang='grc' dir='ltr'><strong>οὐχ</strong></span> <span class='ocrx_word' id='word_1_720' title='bbox 390 4822 777 4895; x_wconf 78' lang='grc' dir='ltr'>ὑπερκείσεται</span> <span class='ocrx_word' id='word_1_721' title='bbox 799 4822 892 4874; x_wconf 88' lang='grc' dir='ltr'><strong>τὸν</strong></span> <span class='ocrx_word' id='word_1_722' title='bbox 920 4820 1144 4886; x_wconf 83' lang='grc' dir='ltr'>Μωσέα,</span> <span class='ocrx_word' id='word_1_723' title='bbox 1177 4821 1318 4876; x_wconf 83' lang='grc' dir='ltr'>κατά</span> <span class='ocrx_word' id='word_1_724' title='bbox 1338 4838 1401 4887; x_wconf 83' lang='grc' dir='ltr'><strong>γε</strong></span> <span class='ocrx_word' id='word_1_725' title='bbox 1423 4822 1483 4875; x_wconf 88' lang='grc' dir='ltr'><strong>τὸ</strong></span> <span class='ocrx_word' id='word_1_726' title='bbox 1516 4817 1654 4876; x_wconf 81' lang='grc' dir='ltr'>εἶναι</span> <span class='ocrx_word' id='word_1_727' title='bbox 1682 4823 1835 4888; x_wconf 88' lang='grc' dir='ltr'>Θεὸς,</span> 
     </span>
    </p>
   </div>
   <div class='ocr_carea' id='block_1_95' title="bbox 266 4913 1841 4986">
    <p class='ocr_par' dir='ltr' id='par_1_95' title="bbox 266 4913 1841 4986">
     <span class='ocr_line' id='line_1_95' title="bbox 266 4913 1841 4986; baseline -0.002 -17"><span class='ocrx_word' id='word_1_728' title='bbox 266 4915 425 4986; x_wconf 64' lang='grc' dir='ltr'>δῆλον</span> <span class='ocrx_word' id='word_1_729' title='bbox 454 4915 523 4968; x_wconf 79' lang='grc' dir='ltr'>ἂν</span> <span class='ocrx_word' id='word_1_730' title='bbox 558 4914 644 4985; x_wconf 66' lang='grc' dir='ltr'><strong>εἴη</strong></span> <span class='ocrx_word' id='word_1_731' title='bbox 684 4914 975 4986; x_wconf 82' lang='grc' dir='ltr'>δήπουθεν,</span> <span class='ocrx_word' id='word_1_732' title='bbox 1000 4915 1083 4968; x_wconf 81' lang='grc' dir='ltr'>ὅτι</span> <span class='ocrx_word' id='word_1_733' title='bbox 1114 4914 1208 4969; x_wconf 76' lang='grc' dir='ltr'>καὶ</span> <span class='ocrx_word' id='word_1_734' title='bbox 1235 4915 1395 4979; x_wconf 81' lang='grc' dir='ltr'>αὐτὸς</span> <span class='ocrx_word' id='word_1_735' title='bbox 1420 4916 1449 4968; x_wconf 91' lang='lat'><strong>6</strong></span> <span class='ocrx_word' id='word_1_736' title='bbox 1486 4916 1551 4968; x_wconf 80' lang='grc' dir='ltr'>ἐκ</span> <span class='ocrx_word' id='word_1_737' title='bbox 1577 4913 1713 4968; x_wconf 81' lang='grc' dir='ltr'>Θεοῦ</span> <span class='ocrx_word' id='word_1_738' title='bbox 1736 4914 1841 4968; x_wconf 77' lang='lat' dir='ltr'><strong>A6-</strong></span> 
     </span>
    </p>
   </div>
   <div class='ocr_carea' id='block_1_96' title="bbox 271 5004 1842 5077">
    <p class='ocr_par' dir='ltr' id='par_1_96' title="bbox 271 5004 1842 5077">
     <span class='ocr_line' id='line_1_96' title="bbox 271 5004 1842 5077; baseline -0.001 -17"><span class='ocrx_word' id='word_1_739' title='bbox 271 5025 363 5073; x_wconf 77' lang='grc' dir='ltr'><strong>γος</strong></span> <span class='ocrx_word' id='word_1_740' title='bbox 400 5007 802 5077; x_wconf 82' lang='grc' dir='ltr'>ίσοστατήσειεν</span> <span class='ocrx_word' id='word_1_741' title='bbox 831 5005 897 5060; x_wconf 85' lang='grc' dir='ltr'>ἂν</span> <span class='ocrx_word' id='word_1_742' title='bbox 924 5008 991 5076; x_wconf 78' lang='grc' dir='ltr'>τῇ</span> <span class='ocrx_word' id='word_1_743' title='bbox 1023 5004 1116 5059; x_wconf 79' lang='grc' dir='ltr'><strong>τοῦ</strong></span> <span class='ocrx_word' id='word_1_744' title='bbox 1163 5006 1407 5069; x_wconf 84' lang='grc' dir='ltr'>Μωσέως</span> <span class='ocrx_word' id='word_1_745' title='bbox 1437 5007 1577 5076; x_wconf 82' lang='grc' dir='ltr'>τάχα</span> <span class='ocrx_word' id='word_1_746' title='bbox 1607 5022 1710 5059; x_wconf 84' lang='grc' dir='ltr'><strong>που</strong></span> <span class='ocrx_word' id='word_1_747' title='bbox 1741 5004 1842 5076; x_wconf 87' lang='grc' dir='ltr'>φύ-</span> 
     </span>
    </p>
   </div>
   <div class='ocr_carea' id='block_1_97' title="bbox 277 5092 1842 5168">
    <p class='ocr_par' dir='ltr' id='par_1_97' title="bbox 277 5092 1842 5168">
     <span class='ocr_line' id='line_1_97' title="bbox 277 5092 1842 5168; baseline -0.002 -18"><span class='ocrx_word' id='word_1_748' title='bbox 277 5114 355 5151; x_wconf 74' lang='grc' dir='ltr'><strong>σει</strong></span> <span class='ocrx_word' id='word_1_749' title='bbox 383 5098 477 5150; x_wconf 74' lang='grc' dir='ltr'>καὶ</span> <span class='ocrx_word' id='word_1_750' title='bbox 507 5095 664 5168; x_wconf 78' lang='grc' dir='ltr'>δόξῃ·</span> <span class='ocrx_word' id='word_1_751' title='bbox 698 5097 749 5148; x_wconf 88' lang='grc' dir='ltr'><strong>εί</strong></span> <span class='ocrx_word' id='word_1_752' title='bbox 773 5092 884 5166; x_wconf 88' lang='grc' dir='ltr'><strong>γάρ</strong></span> <span class='ocrx_word' id='word_1_753' title='bbox 914 5096 1064 5148; x_wconf 75' lang='grc' dir='ltr'>ἐστιν</span> <span class='ocrx_word' id='word_1_754' title='bbox 1084 5094 1259 5158; x_wconf 77' lang='grc' dir='ltr'>ἐοικὸς</span> <span class='ocrx_word' id='word_1_755' title='bbox 1293 5093 1387 5147; x_wconf 82' lang='grc' dir='ltr'>καὶ</span> <span class='ocrx_word' id='word_1_756' title='bbox 1406 5094 1842 5165; x_wconf 81' lang='grc' dir='ltr'>ἀπαραλλάκτως</span> 
     </span>
    </p>
   </div>
   <div class='ocr_carea' id='block_1_98' title="bbox 274 5182 1840 5254">
    <p class='ocr_par' dir='ltr' id='par_1_98' title="bbox 274 5182 1840 5254">
     <span class='ocr_line' id='line_1_98' title="bbox 274 5182 1840 5254; baseline -0.001 -17"><span class='ocrx_word' id='word_1_757' title='bbox 274 5186 395 5254; x_wconf 74' lang='grc' dir='ltr'>ἔχον</span> <span class='ocrx_word' id='word_1_758' title='bbox 424 5186 535 5239; x_wconf 79' lang='grc' dir='ltr'>πᾶν</span> <span class='ocrx_word' id='word_1_759' title='bbox 561 5183 740 5238; x_wconf 78' lang='grc' dir='ltr'>ὁτιοῦν</span> <span class='ocrx_word' id='word_1_760' title='bbox 766 5182 846 5254; x_wconf 84' lang='grc' dir='ltr'>τῷ</span> <span class='ocrx_word' id='word_1_761' title='bbox 895 5182 1097 5254; x_wconf 83' lang='grc' dir='ltr'>πρώτῳ</span> <span class='ocrx_word' id='word_1_762' title='bbox 1131 5183 1227 5236; x_wconf 77' lang='grc' dir='ltr'>καὶ</span> <span class='ocrx_word' id='word_1_763' title='bbox 1276 5183 1442 5254; x_wconf 83' lang='grc' dir='ltr'>τρίτῳ</span> <span class='ocrx_word' id='word_1_764' title='bbox 1467 5184 1527 5237; x_wconf 88' lang='grc' dir='ltr'><strong>τὸ</strong></span> <span class='ocrx_word' id='word_1_765' title='bbox 1551 5182 1641 5238; x_wconf 90' lang='grc' dir='ltr'><strong>διά</strong></span> <span class='ocrx_word' id='word_1_766' title='bbox 1670 5183 1840 5254; x_wconf 82' lang='grc' dir='ltr'>μέσου</span> 
     </span>
    </p>
   </div>
   <div class='ocr_carea' id='block_1_99' title="bbox 274 5273 1842 5347">
    <p class='ocr_par' dir='ltr' id='par_1_99' title="bbox 274 5273 1842 5347">
     <span class='ocr_line' id='line_1_99' title="bbox 274 5273 1842 5347; baseline -0.002 -18"><span class='ocrx_word' id='word_1_767' title='bbox 274 5278 359 5345; x_wconf 80' lang='grc' dir='ltr'>εἰη</span> <span class='ocrx_word' id='word_1_768' title='bbox 388 5275 453 5329; x_wconf 77' lang='grc' dir='ltr'>ἂν</span> <span class='ocrx_word' id='word_1_769' title='bbox 474 5276 574 5347; x_wconf 82' lang='grc' dir='ltr'><strong>οὐχ</strong></span> <span class='ocrx_word' id='word_1_770' title='bbox 596 5277 837 5346; x_wconf 78' lang='grc' dir='ltr'>ἑτεροῖος</span> <span class='ocrx_word' id='word_1_771' title='bbox 864 5276 1047 5338; x_wconf 82' lang='grc' dir='ltr'>αὐτοῖς</span> <span class='ocrx_word' id='word_1_772' title='bbox 1077 5276 1106 5326; x_wconf 89' lang='lat'><strong>6</strong></span> <span class='ocrx_word' id='word_1_773' title='bbox 1131 5275 1232 5345; x_wconf 78' lang='grc' dir='ltr'>τῆς</span> <span class='ocrx_word' id='word_1_774' title='bbox 1253 5274 1465 5344; x_wconf 86' lang='grc' dir='ltr'>φύσεως</span> <span class='ocrx_word' id='word_1_775' title='bbox 1495 5273 1673 5342; x_wconf 83' lang='grc' dir='ltr'>λόγος.</span> <span class='ocrx_word' id='word_1_776' title='bbox 1692 5273 1842 5327; x_wconf 85' lang='grc' dir='ltr'>Ἀλλ’</span> 
     </span>
    </p>
   </div>
   <div class='ocr_carea' id='block_1_100' title="bbox 276 5361 1842 5440">
    <p class='ocr_par' dir='ltr' id='par_1_100' title="bbox 276 5361 1842 5440">
     <span class='ocr_line' id='line_1_100' title="bbox 276 5361 1842 5440; baseline -0.001 -21"><span class='ocrx_word' id='word_1_777' title='bbox 276 5369 407 5432; x_wconf 65' lang='lat' dir='ltr'><strong>(sui;</strong></span> <span class='ocrx_word' id='word_1_778' title='bbox 430 5368 547 5440; x_wconf 60' lang='grc' dir='ltr'>ἐρεῖ</span> <span class='ocrx_word' id='word_1_779' title='bbox 570 5368 670 5438; x_wconf 86' lang='grc' dir='ltr'>τῆς</span> <span class='ocrx_word' id='word_1_780' title='bbox 704 5365 861 5431; x_wconf 81' lang='grc' dir='ltr'>ἀξίας</span> <span class='ocrx_word' id='word_1_781' title='bbox 889 5366 981 5420; x_wconf 84' lang='grc' dir='ltr'><strong>τὸν</strong></span> <span class='ocrx_word' id='word_1_782' title='bbox 1003 5366 1205 5437; x_wconf 84' lang='grc' dir='ltr'>τρόπον</span> <span class='ocrx_word' id='word_1_783' title='bbox 1259 5365 1358 5419; x_wconf 75' lang='grc' dir='ltr'>οὐκ</span> <span class='ocrx_word' id='word_1_784' title='bbox 1419 5361 1558 5419; x_wconf 83' lang='grc' dir='ltr'>εἶναι</span> <span class='ocrx_word' id='word_1_785' title='bbox 1600 5364 1693 5418; x_wconf 75' lang='grc' dir='ltr'>καὶ</span> <span class='ocrx_word' id='word_1_786' title='bbox 1738 5362 1842 5434; x_wconf 85' lang='grc' dir='ltr'>φύ-</span> 
     </span>
    </p>
   </div>
   <div class='ocr_carea' id='block_1_101' title="bbox 278 5454 1861 5527">
    <p class='ocr_par' dir='ltr' id='par_1_101' title="bbox 278 5454 1861 5527">
     <span class='ocr_line' id='line_1_101' title="bbox 278 5454 1861 5527; baseline -0.001 -15"><span class='ocrx_word' id='word_1_787' title='bbox 278 5476 392 5513; x_wconf 60' lang='grc' dir='ltr'>σιν</span> <span class='ocrx_word' id='word_1_788' title='bbox 419 5459 613 5515; x_wconf 77' lang='grc' dir='ltr'>οὐκοῦν</span> <span class='ocrx_word' id='word_1_789' title='bbox 656 5458 776 5514; x_wconf 83' lang='grc' dir='ltr'>ἀνθ’</span> <span class='ocrx_word' id='word_1_790' title='bbox 801 5459 923 5512; x_wconf 83' lang='grc' dir='ltr'>ὅτου</span> <span class='ocrx_word' id='word_1_791' title='bbox 954 5458 1022 5513; x_wconf 83' lang='grc' dir='ltr'><strong>τὰ</strong></span> <span class='ocrx_word' id='word_1_792' title='bbox 1068 5457 1170 5527; x_wconf 84' lang='grc' dir='ltr'>τῆς</span> <span class='ocrx_word' id='word_1_793' title='bbox 1249 5456 1382 5525; x_wconf 87' lang='grc' dir='ltr'>πρὸς</span> <span class='ocrx_word' id='word_1_794' title='bbox 1415 5454 1619 5526; x_wconf 82' lang='grc' dir='ltr'>ἄλληλα</span> <span class='ocrx_word' id='word_1_795' title='bbox 1652 5458 1861 5511; x_wconf 77' lang='grc' dir='ltr'>κοινω-“</span> 
     </span>
    </p>
   </div>
   <div class='ocr_carea' id='block_1_102' title="bbox 340 5633 1354 5706">
    <p class='ocr_par' dir='ltr' id='par_1_102' title="bbox 340 5633 1354 5706">
     <span class='ocr_line' id='line_1_102' title="bbox 340 5633 1354 5706; baseline -0.007 -10"><span class='ocrx_word' id='word_1_796' title='bbox 340 5634 385 5664; x_wconf 75' lang='grc'><strong>³⁸</strong></span> <span class='ocrx_word' id='word_1_797' title='bbox 427 5641 579 5697; x_wconf 77' lang='lat' dir='ltr'><strong>Rom.</strong></span> <span class='ocrx_word' id='word_1_798' title='bbox 631 5654 668 5706; x_wconf 85' lang='grc' dir='ltr'><strong>ι,</strong></span> <span class='ocrx_word' id='word_1_799' title='bbox 701 5637 793 5695; x_wconf 78' lang='lat'><strong>25.</strong></span> <span class='ocrx_word' id='word_1_800' title='bbox 874 5638 914 5670; x_wconf 86' lang='grc'><strong>³⁸</strong></span> <span class='ocrx_word' id='word_1_801' title='bbox 954 5637 1093 5694; x_wconf 84' lang='lat' dir='ltr'><strong>Psal.</strong></span> <span class='ocrx_word' id='word_1_802' title='bbox 1123 5649 1264 5701; x_wconf 74' lang='lat' dir='ltr'><strong>sur,</strong></span> <span class='ocrx_word' id='word_1_803' title='bbox 1302 5633 1354 5690; x_wconf 91' lang='lat'><strong>8.</strong></span> 
     </span>
    </p>
   </div>
   <div class='ocr_carea' id='block_1_103' title="bbox 1937 4515 3506 4610">
    <p class='ocr_par' dir='ltr' id='par_1_103' title="bbox 1937 4515 3506 4610">
     <span class='ocr_line' id='line_1_103' title="bbox 1937 4515 3506 4610; baseline -0.018 -15"><span class='ocrx_word' id='word_1_804' title='bbox 1937 4515 2240 4610; x_wconf 77' lang='lat' dir='ltr'><strong>dignitatis.</strong></span> <span class='ocrx_word' id='word_1_805' title='bbox 2278 4532 2410 4587; x_wconf 85' lang='lat' dir='ltr'><strong>Illud</strong></span> <span class='ocrx_word' id='word_1_806' title='bbox 2454 4539 2631 4583; x_wconf 87' lang='lat' dir='ltr'><strong>tamen</strong></span> <span class='ocrx_word' id='word_1_807' title='bbox 2679 4525 2956 4580; x_wconf 81' lang='lat' dir='ltr'><strong>dicemus:</strong></span> <span class='ocrx_word' id='word_1_808' title='bbox 3002 4518 3176 4575; x_wconf 79' lang='lat' dir='ltr'><strong>Unam</strong></span> <span class='ocrx_word' id='word_1_809' title='bbox 3207 4530 3327 4570; x_wconf 87' lang='lat' dir='ltr'><strong>esse</strong></span> <span class='ocrx_word' id='word_1_810' title='bbox 3370 4515 3506 4568; x_wconf 80' lang='lat' dir='ltr'><strong>dixit</strong></span> 
     </span>
    </p>
   </div>
   <div class='ocr_carea' id='block_1_104' title="bbox 1941 4607 3505 4687">
    <p class='ocr_par' dir='ltr' id='par_1_104' title="bbox 1941 4607 3505 4687">
     <span class='ocr_line' id='line_1_104' title="bbox 1941 4607 3505 4687; baseline -0.02 -1"><span class='ocrx_word' id='word_1_811' title='bbox 1941 4607 2165 4687; x_wconf 68' lang='lat' dir='ltr'><strong>duarum</strong></span> <span class='ocrx_word' id='word_1_812' title='bbox 2199 4634 2516 4680; x_wconf 86' lang='lat' dir='ltr'><strong>naturarum</strong></span> <span class='ocrx_word' id='word_1_813' title='bbox 2549 4615 2944 4675; x_wconf 80' lang='lat' dir='ltr'><strong>auctoritatem.</strong></span> <span class='ocrx_word' id='word_1_814' title='bbox 2989 4620 3042 4665; x_wconf 94' lang='lat' dir='ltr'><strong>et</strong></span> <span class='ocrx_word' id='word_1_815' title='bbox 3073 4623 3247 4664; x_wconf 84' lang='lat' dir='ltr'><strong>unam</strong></span> <span class='ocrx_word' id='word_1_816' title='bbox 3276 4607 3505 4676; x_wconf 85' lang='lat' dir='ltr'><strong>dignita-</strong></span> 
     </span>
    </p>
   </div>
   <div class='ocr_carea' id='block_1_105' title="bbox 1943 4696 3507 4787">
    <p class='ocr_par' dir='ltr' id='par_1_105' title="bbox 1943 4696 3507 4787">
     <span class='ocr_line' id='line_1_105' title="bbox 1943 4696 3507 4787; baseline -0.021 -9"><span class='ocrx_word' id='word_1_817' title='bbox 1943 4732 2073 4777; x_wconf 90' lang='lat' dir='ltr'><strong>tem.</strong></span> <span class='ocrx_word' id='word_1_818' title='bbox 2107 4717 2207 4775; x_wconf 84' lang='lat' dir='ltr'><strong>Dhi</strong></span> <span class='ocrx_word' id='word_1_819' title='bbox 2242 4714 2405 4787; x_wconf 82' lang='lat' dir='ltr'><strong>igitur</strong></span> <span class='ocrx_word' id='word_1_820' title='bbox 2432 4711 2480 4766; x_wconf 92' lang='lat' dir='ltr'><strong>is</strong></span> <span class='ocrx_word' id='word_1_821' title='bbox 2516 4708 2605 4778; x_wconf 89' lang='lat' dir='ltr'><strong>qui</strong></span> <span class='ocrx_word' id='word_1_822' title='bbox 2642 4719 2825 4777; x_wconf 88' lang='lat' dir='ltr'><strong>parem</strong></span> <span class='ocrx_word' id='word_1_823' title='bbox 2862 4702 3022 4758; x_wconf 82' lang='lat' dir='ltr'><strong>habet</strong></span> <span class='ocrx_word' id='word_1_824' title='bbox 3059 4701 3166 4755; x_wconf 90' lang='lat' dir='ltr'><strong>Deo</strong></span> <span class='ocrx_word' id='word_1_825' title='bbox 3194 4697 3372 4753; x_wconf 84' lang='lat' dir='ltr'><strong>Verbo</strong></span> <span class='ocrx_word' id='word_1_826' title='bbox 3396 4696 3507 4764; x_wconf 72' lang='lat' dir='ltr'><strong>glo-</strong></span> 
     </span>
    </p>
   </div>
   <div class='ocr_carea' id='block_1_106' title="bbox 1944 4789 3509 4880">
    <p class='ocr_par' dir='ltr' id='par_1_106' title="bbox 1944 4789 3509 4880">
     <span class='ocr_line' id='line_1_106' title="bbox 1944 4789 3509 4880; baseline -0.019 -10"><span class='ocrx_word' id='word_1_827' title='bbox 1944 4816 2101 4880; x_wconf 85' lang='lat' dir='ltr'><strong>riam,</strong></span> <span class='ocrx_word' id='word_1_828' title='bbox 2148 4812 2201 4866; x_wconf 93' lang='lat' dir='ltr'><strong>in</strong></span> <span class='ocrx_word' id='word_1_829' title='bbox 2251 4823 2317 4865; x_wconf 91' lang='lat' dir='ltr'><strong>eo</strong></span> <span class='ocrx_word' id='word_1_830' title='bbox 2348 4813 2497 4863; x_wconf 88' lang='lat' dir='ltr'><strong>certe</strong></span> <span class='ocrx_word' id='word_1_831' title='bbox 2529 4802 2671 4872; x_wconf 89' lang='lat' dir='ltr'><strong>quod</strong></span> <span class='ocrx_word' id='word_1_832' title='bbox 2717 4800 2855 4854; x_wconf 89' lang='lat' dir='ltr'><strong>Deus</strong></span> <span class='ocrx_word' id='word_1_833' title='bbox 2894 4804 2998 4862; x_wconf 88' lang='lat' dir='ltr'><strong>est,</strong></span> <span class='ocrx_word' id='word_1_834' title='bbox 3040 4793 3208 4848; x_wconf 86' lang='lat' dir='ltr'><strong>nihilo</strong></span> <span class='ocrx_word' id='word_1_835' title='bbox 3236 4799 3321 4844; x_wconf 77' lang='lat' dir='ltr'><strong>est</strong></span> <span class='ocrx_word' id='word_1_836' title='bbox 3362 4789 3509 4842; x_wconf 78' lang='lat' dir='ltr'><strong>Mose</strong></span> 
     </span>
    </p>
   </div>
   <div class='ocr_carea' id='block_1_107' title="bbox 1943 4876 3511 4975">
    <p class='ocr_par' dir='ltr' id='par_1_107' title="bbox 1943 4876 3511 4975">
     <span class='ocr_line' id='line_1_107' title="bbox 1943 4876 3511 4975; baseline -0.022 -12"><span class='ocrx_word' id='word_1_837' title='bbox 1943 4876 2211 4975; x_wconf 78' lang='lat' dir='ltr'><strong>superior,</strong></span> <span class='ocrx_word' id='word_1_838' title='bbox 2238 4894 2610 4971; x_wconf 90' lang='lat' dir='ltr'><strong>proculdubio</strong></span> <span class='ocrx_word' id='word_1_839' title='bbox 2634 4892 2803 4961; x_wconf 88' lang='lat' dir='ltr'><strong>liquet</strong></span> <span class='ocrx_word' id='word_1_840' title='bbox 2821 4890 2990 4959; x_wconf 88' lang='lat' dir='ltr'><strong>ipsum</strong></span> <span class='ocrx_word' id='word_1_841' title='bbox 3017 4896 3229 4975; x_wconf 86' lang='lat' dir='ltr'><strong>quoque</strong></span> <span class='ocrx_word' id='word_1_842' title='bbox 3257 4880 3345 4934; x_wconf 90' lang='lat' dir='ltr'><strong>Dei</strong></span> <span class='ocrx_word' id='word_1_843' title='bbox 3364 4876 3511 4975; x_wconf 52' lang='lat' dir='ltr'><strong>lier-</strong></span> 
     </span>
    </p>
   </div>
   <div class='ocr_carea' id='block_1_108' title="bbox 1944 4965 3513 5064">
    <p class='ocr_par' dir='ltr' id='par_1_108' title="bbox 1944 4965 3513 5064">
     <span class='ocr_line' id='line_1_108' title="bbox 1944 4965 3513 5064; baseline -0.021 -12"><span class='ocrx_word' id='word_1_844' title='bbox 1944 4965 2072 5053; x_wconf 46' lang='lat' dir='ltr'><strong>bu&#39;m</strong></span> <span class='ocrx_word' id='word_1_845' title='bbox 2102 4965 2217 5064; x_wconf 87' lang='lat' dir='ltr'><strong>pari</strong></span> <span class='ocrx_word' id='word_1_846' title='bbox 2239 4965 2520 5045; x_wconf 74' lang='lat' dir='ltr'><strong>momento</strong></span> <span class='ocrx_word' id='word_1_847' title='bbox 2557 4991 2613 5039; x_wconf 90' lang='lat' dir='ltr'><strong>et</strong></span> <span class='ocrx_word' id='word_1_848' title='bbox 2637 4989 2843 5036; x_wconf 71' lang='lat' dir='ltr'><strong>natura:</strong></span> <span class='ocrx_word' id='word_1_849' title='bbox 2876 4985 2943 5045; x_wconf 84' lang='lat' dir='ltr'><strong>et</strong></span> <span class='ocrx_word' id='word_1_850' title='bbox 2983 4973 3166 5042; x_wconf 78' lang='lat' dir='ltr'><strong>gloria:</strong></span> <span class='ocrx_word' id='word_1_851' title='bbox 3198 4983 3318 5026; x_wconf 90' lang='lat' dir='ltr'><strong>eum</strong></span> <span class='ocrx_word' id='word_1_852' title='bbox 3364 4965 3513 5020; x_wconf 85' lang='lat' dir='ltr'><strong>Mose</strong></span> 
     </span>
    </p>
   </div>
   <div class='ocr_carea' id='block_1_109' title="bbox 1946 5056 3510 5155">
    <p class='ocr_par' dir='ltr' id='par_1_109' title="bbox 1946 5056 3510 5155">
     <span class='ocr_line' id='line_1_109' title="bbox 1946 5056 3510 5155; baseline -0.023 -12"><span class='ocrx_word' id='word_1_853' title='bbox 1946 5056 2375 5155; x_wconf 71' lang='lat' dir='ltr'><strong>exaequandum.</strong></span> <span class='ocrx_word' id='word_1_854' title='bbox 2417 5074 2738 5143; x_wconf 85' lang='lat' dir='ltr'><strong>Ubicunque</strong></span> <span class='ocrx_word' id='word_1_855' title='bbox 2782 5067 2925 5123; x_wconf 88' lang='lat' dir='ltr'><strong>enim</strong></span> <span class='ocrx_word' id='word_1_856' title='bbox 2957 5061 3231 5134; x_wconf 88' lang='lat' dir='ltr'><strong>quodlibet</strong></span> <span class='ocrx_word' id='word_1_857' title='bbox 3275 5056 3510 5111; x_wconf 86' lang='lat' dir='ltr'><strong>medium</strong></span> 
     </span>
    </p>
   </div>
   <div class='ocr_carea' id='block_1_110' title="bbox 1944 5149 3510 5250">
    <p class='ocr_par' dir='ltr' id='par_1_110' title="bbox 1944 5149 3510 5250">
     <span class='ocr_line' id='line_1_110' title="bbox 1944 5149 3510 5250; baseline -0.022 -15"><span class='ocrx_word' id='word_1_858' title='bbox 1944 5149 2121 5250; x_wconf 72' lang='lat' dir='ltr'><strong>primo</strong></span> <span class='ocrx_word' id='word_1_859' title='bbox 2149 5189 2214 5229; x_wconf 87' lang='lat' dir='ltr'><strong>ac</strong></span> <span class='ocrx_word' id='word_1_860' title='bbox 2245 5170 2406 5227; x_wconf 89' lang='lat' dir='ltr'><strong>tertio</strong></span> <span class='ocrx_word' id='word_1_861' title='bbox 2440 5163 2713 5238; x_wconf 85' lang='lat' dir='ltr'><strong>persimile</strong></span> <span class='ocrx_word' id='word_1_862' title='bbox 2738 5169 2841 5223; x_wconf 88' lang='lat' dir='ltr'><strong>est,</strong></span> <span class='ocrx_word' id='word_1_863' title='bbox 2871 5156 3122 5221; x_wconf 86' lang='lat' dir='ltr'><strong>nullaque</strong></span> <span class='ocrx_word' id='word_1_864' title='bbox 3159 5152 3212 5206; x_wconf 89' lang='lat' dir='ltr'><strong>in</strong></span> <span class='ocrx_word' id='word_1_865' title='bbox 3247 5164 3304 5203; x_wconf 90' lang='lat' dir='ltr'><strong>re</strong></span> <span class='ocrx_word' id='word_1_866' title='bbox 3338 5149 3510 5202; x_wconf 89' lang='lat' dir='ltr'><strong>diver-</strong></span> 
     </span>
    </p>
   </div>
   <div class='ocr_carea' id='block_1_111' title="bbox 1943 5241 3515 5336">
    <p class='ocr_par' dir='ltr' id='par_1_111' title="bbox 1943 5241 3515 5336">
     <span class='ocr_line' id='line_1_111' title="bbox 1943 5241 3515 5336; baseline -0.024 -11"><span class='ocrx_word' id='word_1_867' title='bbox 1943 5241 2085 5336; x_wconf 75' lang='lat' dir='ltr'><strong>sum,</strong></span> <span class='ocrx_word' id='word_1_868' title='bbox 2111 5264 2335 5323; x_wconf 90' lang='lat' dir='ltr'><strong>omnino</strong></span> <span class='ocrx_word' id='word_1_869' title='bbox 2366 5258 2614 5330; x_wconf 78' lang='lat' dir='ltr'><strong>sequitur</strong></span> <span class='ocrx_word' id='word_1_870' title='bbox 2642 5262 2703 5309; x_wconf 91' lang='lat' dir='ltr'><strong>ut</strong></span> <span class='ocrx_word' id='word_1_871' title='bbox 2735 5249 2879 5305; x_wconf 89' lang='lat' dir='ltr'><strong>nulla</strong></span> <span class='ocrx_word' id='word_1_872' title='bbox 2914 5247 2984 5303; x_wconf 91' lang='lat' dir='ltr'><strong>sit</strong></span> <span class='ocrx_word' id='word_1_873' title='bbox 3016 5245 3156 5300; x_wconf 91' lang='lat' dir='ltr'><strong>inter</strong></span> <span class='ocrx_word' id='word_1_874' title='bbox 3190 5241 3277 5297; x_wconf 87' lang='lat' dir='ltr'><strong>illa</strong></span> <span class='ocrx_word' id='word_1_875' title='bbox 3312 5245 3515 5292; x_wconf 74' lang='lat' dir='ltr'><strong>natura:</strong></span> 
     </span>
    </p>
   </div>
   <div class='ocr_carea' id='block_1_112' title="bbox 1946 5328 3514 5416">
    <p class='ocr_par' dir='ltr' id='par_1_112' title="bbox 1946 5328 3514 5416">
     <span class='ocr_line' id='line_1_112' title="bbox 1946 5328 3514 5416; baseline -0.026 1"><span class='ocrx_word' id='word_1_876' title='bbox 1946 5328 2161 5416; x_wconf 69' lang='lat' dir='ltr'><strong>diversa</strong></span> <span class='ocrx_word' id='word_1_877' title='bbox 2197 5356 2356 5412; x_wconf 85' lang='lat' dir='ltr'><strong>ratio.</strong></span> <span class='ocrx_word' id='word_1_878' title='bbox 2393 5328 2499 5408; x_wconf 62' lang='lat' dir='ltr'><strong>Sed</strong></span> <span class='ocrx_word' id='word_1_879' title='bbox 2531 5348 2674 5404; x_wconf 87' lang='lat' dir='ltr'><strong>dicet</strong></span> <span class='ocrx_word' id='word_1_880' title='bbox 2702 5346 2952 5404; x_wconf 79' lang='lat' dir='ltr'><strong>fortasse,</strong></span> <span class='ocrx_word' id='word_1_881' title='bbox 2990 5330 3270 5405; x_wconf 78' lang='lat' dir='ltr'><strong>dignitatis</strong></span> <span class='ocrx_word' id='word_1_882' title='bbox 3300 5328 3514 5383; x_wconf 89' lang='lat' dir='ltr'><strong>modum</strong></span> 
     </span>
    </p>
   </div>
   <div class='ocr_carea' id='block_1_113' title="bbox 1948 5426 3515 5507">
    <p class='ocr_par' dir='ltr' id='par_1_113' title="bbox 1948 5426 3515 5507">
     <span class='ocr_line' id='line_1_113' title="bbox 1948 5426 3515 5507; baseline -0.025 0"><span class='ocrx_word' id='word_1_883' title='bbox 1948 5466 2052 5507; x_wconf 88' lang='lat' dir='ltr'><strong>non</strong></span> <span class='ocrx_word' id='word_1_884' title='bbox 2097 5449 2238 5505; x_wconf 86' lang='lat' dir='ltr'><strong>idem</strong></span> <span class='ocrx_word' id='word_1_885' title='bbox 2272 5460 2392 5503; x_wconf 89' lang='lat' dir='ltr'><strong>esse</strong></span> <span class='ocrx_word' id='word_1_886' title='bbox 2441 5456 2505 5497; x_wconf 89' lang='lat' dir='ltr'><strong>ac</strong></span> <span class='ocrx_word' id='word_1_887' title='bbox 2554 5447 2803 5495; x_wconf 85' lang='lat' dir='ltr'><strong>naturam</strong></span> <span class='ocrx_word' id='word_1_888' title='bbox 2848 5445 2990 5488; x_wconf 90' lang='lat' dir='ltr'><strong>:cur</strong></span> <span class='ocrx_word' id='word_1_889' title='bbox 3031 5426 3192 5495; x_wconf 84' lang='lat' dir='ltr'><strong>igitur</strong></span> <span class='ocrx_word' id='word_1_890' title='bbox 3240 5434 3302 5475; x_wconf 86' lang='lat' dir='ltr'><strong>ea</strong></span> <span class='ocrx_word' id='word_1_891' title='bbox 3332 5430 3515 5487; x_wconf 75' lang='lat' dir='ltr'><strong>qum-at</strong></span> 
     </span>
    </p>
   </div>
  </div>
