4004 6202
484 265 553 322 εε
1471 250 1531 307 s.
1573 212 1847 306 evntLta
1887 239 2052 298 ALE]

2158 237 2352 294 {DRINI
2389 239 2709 297 ARCHIEP.
3659 242 3729 300 8i

484 388 672 436 mutua
716 375 1117 439 communione,
1169 382 1331 442 atque
1383 369 1546 422 etiam
1588 364 1900 435 :equalitate
1946 368 2052 412 tam

2158 357 2297 423 νίας,
2329 359 2423 412 καὶ
2458 358 2565 430 μὴν
2608 360 2703 414 καὶ
2751 358 2994 430 ἰσότητος
3021 359 3293 424 οὐσιωδῶς
3324 359 3575 413 τοσοῦτον
3623 362 3733 431 ἀφ-

485 487 682 541 magno
708 467 957 525 essentia:
979 463 1290 537 discrimine
1316 459 1580 529 disjttncta
1608 466 1756 521 sunt,
1783 455 1835 508 in
1870 465 2052 514 unam,

483 574 543 617 ιιι
575 565 690 632 ipse
728 559 884 624 dicis,
930 556 1307 612 auctoritatem
1342 550 1663 622 colligenda,
1714 557 1769 602 et
1806 544 1919 615 pari
1959 543 2057 595 lto-

484 670 618 709 ποι-ο
644 665 834 708 censes
876 647 1159 704 ornatnla?
1202 646 1302 701 Ubi
1349 656 1580 713 namque
1619 654 1841 711 prorsus
1880 634 2057 701 minor

482 754 566 800 est
594 752 813 808 natura,
842 740 930 795 cui
957 739 1125 793 altera
1168 734 1570 806 superponitur,
1600 731 1689 800 qui
1734 726 1848 781 neri
1881 732 2057 795 potest

483 844 544 887 ut
568 832 641 887 illi
683 807 960 898 contingat
984 835 1039 883 et
1069 825 1271 896 paritas
1302 819 1545 887 honoris,
1578 826 1632 872 et
1663 812 1944 885 aequalitas
1975 807 2053 898 dif

484 922 724 993 gnitatis,
749 930 803 974 et
828 896 966 973 idem
994 916 1320 985 minimeque
1344 913 1588 966 diversus
1609 905 1794 975 gloria:
1824 896 2053 955 modus?

485 989 637 1077 Quod
676 1021 856 1063 autem
897 1006 1328 1077 coniunctionem
1366 998 1662 1071 appellans,
1694 1010 1812 1049 eam
1847 989 2056 1047 scilicet

483 1117 601 1170 qua:
627 1117 693 1157 ex
720 1101 916 1155 vicinia
948 1098 1062 1154 sola
1098 1096 1182 1151 vel
1211 1095 1503 1151 secundum
1533 1088 1943 1160 appositionem,
1971 1079 2055 1135 vel

483 1193 779 1248 secundum
808 1189 1181 1246 habitudinem
1218 1184 1556 1255 intelligitur,
1596 1181 1710 1250 ipse
1738 1176 1852 1232 suis
1892 1172 2056 1227 ratio-

483 1284 641 1339 nibus
669 1284 1007 1348 adversatur,
1035 1291 1092 1335 et
1122 1295 1242 1349 quae
1271 1276 1541 1333 destruxit
1567 1269 1819 1333 aediﬁcat,
1850 1275 1905 1321 et
1934 1278 2055 1335 qua:

484 1368 769 1423 demolitus
798 1378 880 1423 est
903 1368 1085 1437 erigit,
1116 1368 1332 1438 planum
1369 1363 1458 1418 fiet
1485 1377 1549 1418 ex
1574 1361 1677 1415 hoc
1707 1370 1897 1412 rursus
1926 1372 1942 1408 :
1977 1353 2056 1407 sic

483 1474 716 1529 namque
745 1459 880 1513 dixit
904 1477 922 1514 ι

554 1548 835 1622 [Νεετοιι.
864 1549 990 1604 Ideo
1021 1548 1144 1604 volo
1174 1562 1267 1603 vos
1295 1552 1453 1602 caute
1486 1543 1818 1611 iirmiterque
1847 1548 2047 1593 tenere.

487 1638 686 1693 Divisio
712 1637 856 1692 nulla
890 1635 1385 1708 estcoujnnctionis
1403 1633 1705 1705 dignitatis,
1739 1628 2011 1684 liliationis
2039 1646 2050 1681 :

484 1732 589 1809 hoc,
626 1729 798 1799 ipsum
833 1730 975 1800 quod
1019 1729 1266 1785 Christus
1303 1736 1406 1792 est,
1442 1725 1640 1781 nullam
1681 1723 1887 1792 patitur
1919 1719 2055 1775 divi-

482 1823 687 1878 sionem
712 1840 725 1875 :
751 1824 843 1877 sed
872 1821 1084 1877 deitatis
1109 1831 1161 1877 et
1181 1819 1533 1876 humanitatis
1555 1824 1636 1872 est
1662 1814 1873 1871 divisio.
1893 1810 2055 1867 Chri—

483 1920 623 1979 stus,
649 1929 749 1983 qua
775 1914 1043 1980 Christus,
1070 1913 1376 1969 individuus
1400 1917 1484 1965 est
1510 1927 1522 1964 :
1551 1920 1723 1978 neque
1750 1904 1893 1960 enim
1917 1902 2054 1957 duos

481 2007 720 2062 christos
770 2006 1053 2073 habemus,
1085 2021 1258 2076 neque
1284 2006 1418 2060 duos
1457 2003 1595 2057 ﬁlios
1621 2021 1634 2057 ε
1663 2016 1766 2055 non
1806 1998 1949 2053 cnim
1973 2002 2057 2051 est

483 2098 621 2167 apud
649 2112 748 2153 nos
769 2098 971 2169 primus
993 2108 1048 2155 et
1069 2098 1363 2159 secundus,
1393 2110 1563 2165 neque
1589 2094 1727 2149 alius
1778 2103 1832 2147 et
1870 2091 2010 2146 alius
2034 2103 2051 2144 :

483 2203 656 2257 neque
682 2204 869 2245 rursus
902 2189 1043 2245 alius
1085 2188 1343 2253 Filius,et
1369 2188 1506 2243 alius
1529 2201 1743 2242 rursum
1770 2202 1784 2251 ;
1812 2185 1904 2240 sed
1940 2184 2054 2253 ipse

482 2280 571 2335 ille
603 2295 740 2335 unus
780 2289 862 2337 est
894 2282 1131 2351 duplex:
1179 2297 1285 2337 nun
1330 2279 1614 2344 dignitate,
1653 2278 1746 2336 sed
1791 2274 2052 2349 natura.)

1111 2418 1265 2475 CAP.
1312 2418 1417 2474 VL.

551 2560 772 2632 EXplica
809 2559 941 2614 mihi
992 2572 1184 2613 rursus
1231 2556 1487 2628 quidnam
1542 2569 1665 2608 esse
1721 2552 2052 2606 individuam

481 2648 924 2718 conjunctionem
963 2648 1148 2703 dicis?
1188 2645 1551 2708 Unitalemne,
1609 2645 1904 2699 secundum
1957 2643 2055 2712 hy-

478 2739 740 2809 postasim
771 2739 1045 2803 nimirum,
1083 2753 1246 2809 quam
1278 2738 1381 2808 ipsi
1416 2738 1769 2806 prmdicnmus
1805 2751 1927 2790 cum
1958 2750 2055 2805 pro

480 2832 790 2902 dogmatum
844 2831 1076 2895 veritate
1128 2839 1425 2894 certamus,
1462 2845 1528 2885 an
1574 2843 1704 2884 vero
1758 2828 1898 2885 hanc
1931 2842 2053 2894 quae

481 2923 775 2979 secundum
805 2925 1219 2994 appositionem,
1245 2932 1297 2978 et
1325 2923 1549 2993 alicujus
1578 2923 1643 2976 ad
1671 2921 1874 2991 aliquid
1913 2921 2044 2975 vici-

2158 454 2426 526 εστηκότα
2469 452 2750 522 συλλέγειν
2796 458 2874 517 εἰς
2925 456 3073 527 μίαν,
3104 454 3246 528 καθά
3291 455 3399 526 φὴς
3423 454 3606 517 αὒτδς.
3637 457 3732 508 αύ-

2158 549 2370 604 θεντίαν
2392 589 2407 614 ,
2452 549 2548 603 καὶ
2587 550 2774 619 τιμαῖς
2823 551 2942 612 ταῖς
2990 550 3132 612 ῐσαις
3175 547 3472 616 στεφανοῦν
3520 546 3729 613 ἀξιοῖς;

2158 641 2332 695 Ὅπου
2363 640 2472 712 γάρ
2503 640 2640 704 ὅλως
2668 643 3056 710 μειονεκτεῖται
3107 638 3287 709 φύσις,
3323 639 3516 710 ἑτέρας
3563 640 3733 710 ὑπερ-

2156 732 2435 803 κειμένης,
2476 731 2593 796 πῶς
2625 731 2692 785 ἂν
2719 731 2855 802 αὐτῇ
2896 732 3249 802 προσγένοιτο
3274 732 3369 785 καὶ
3397 730 3577 802 γερῶν
3617 731 3729 784 ίσό-

2155 844 2274 898 της,
2308 826 2401 879 καὶ
2432 824 2741 896 ίσομοιροῦν
2780 823 3020 894 ἀξίωμα,
3056 826 3148 879 καὶ
3174 827 3201 879 6
3225 825 3326 895 τῆς
3350 823 3601 887 εὐκλείας
3631 825 3731 894 οὐχ

2154 918 2340 990 ἕτερος
2380 917 2613 991 τρόπος;
2645 917 2765 969 Ὅτι
2811 915 2868 969 δὲ
2916 916 3212 985 συνάφειαν
3255 916 3557 987 ὀνομάζων,
3586 916 3730 986 τάχα
3812 935 3822 939 έ

2158 1029 2256 1065 που
2313 1010 2411 1083 τὴν
2467 1011 2584 1064 κατ’
2613 1009 2888 1080 ἐγγύτητα
2934 1009 3103 1079 μόνην
3147 1009 3245 1062 xai.
3300 1008 3431 1080 [ίσ.
3463 1007 3540 1080 ἢ]
3586 1007 3731 1062 κατά

2157 1100 2479 1173 παράθεσιν,
2508 1101 2674 1171 ηγουν
2720 1087 2975 1170 σχετικὴν
3027 1098 3345 1171 νοουμένην,
3393 1098 3556 1162 αὐτὸς
3614 1100 3731 1162 τοῖς

2158 1197 2307 1260 ἰδίοις
2334 1194 2716 1249 ἀπανίσταται
2761 1192 2961 1261 λόγοις,
2996 1191 3032 1247 ἀ
3069 1190 3364 1245 κατέλυσεν
3405 1190 3725 1260 οἰκοδομῶν,

2157 1287 2251 1341 καὶ
2292 1285 2513 1349 ἀνιστὰς
2556 1285 2615 1338 τὸ
2647 1283 3048 1356 καθῃρημένον,
3086 1283 3258 1353 σαφὲς
3288 1283 3354 1341 ἂν
3392 1282 3603 1354 γένοιτο
3631 1283 3730 1337 καὶ

2155 1377 2243 1432 ea
2280 1376 2431 1430 τοῦδε
2460 1377 2524 1446 δὴ
2553 1376 2713 1431 πάλιν
2731 1393 2743 1407 ’
2781 1375 2882 1446 ἔφη
2908 1373 3017 1445 γὰρ
3043 1374 3235 1438 οὕτως·

2228 1552 2346 1623 ῘΔιά
2380 1550 2535 1605 τοῦτο
2586 1550 2850 1622 βούλομαι
2884 1552 3029 1621 ὑμᾶς
3067 1551 3205 1621 μετά
3253 1550 3554 1620 ἀσφαλείας
3596 1567 3732 1621 κρα-

2156 1649 2297 1698 τεῖν·
2328 1645 2588 1715 διαίρεσις
2617 1645 2717 1697 οὐκ
2747 1643 2863 1697 ἔστι
2894 1646 2993 1715 τῆς
3026 1642 3317 1713 συναφείας
3362 1642 3456 1696 τοῦ
3488 1640 3733 1711 ἀξιώμα-

2156 1755 2266 1801 τος,
2297 1736 2397 1808 τῆς
2428 1736 2700 1806 υἱότητοςτ
2735 1735 2900 1789 αὐτοῦ
2933 1735 3027 1788 τοῦ
3054 1731 3193 1791 εἶναι
3222 1735 3457 1806 Χριστὸς
3485 1734 3588 1786 οὐκ
3614 1733 3733 1785 ἐστι

2155 1830 2454 1900 διαίρεσις·
2505 1829 2605 1899 τῆς
2648 1828 2705 1883 δὲ
2753 1827 3003 1896 θεότητος
3034 1828 3127 1882 καὶ
3160 1826 3574 1898 ἀνθρωπότητός
3615 1826 3732 1878 ἑστι

2155 1923 2417 1994 διαίρεσις
2435 1938 2449 1951 ·
2477 1923 2505 1976 6
2529 1922 2782 1993 Χριστὸς,
2806 1920 2947 1975 κατά
2991 1920 3054 1973 τὸ
3097 1919 3354 1990 Χριστὸς,
3385 1917 3688 1990 ἀδιαίρετος
3715 1932 3729 1946 ·

2154 2017 2215 2070 ού
2259 2014 2368 2087 γὰρ
2397 2015 2591 2087 ἔχομεν
2624 2015 2717 2068 δύο
2744 2014 3021 2086 χριστοὺς,
3052 2013 3173 2067 οὐδὲ
3205 2012 3298 2066 δύο
3324 2010 3500 2073 υἱούς·
3531 2010 3592 2062 ού
3622 2009 3733 2080 γάρ

2154 2110 2272 2162 ἐστι
2305 2107 2435 2177 παρ’
2458 2107 2590 2177 ἡμῖν
2616 2105 2830 2178 πρῶτος
2858 2106 2952 2160 καὶ
2980 2104 3249 2175 δεύτερος,
3288 2102 3410 2156 ούδὲ
3437 2101 3594 2164 ἄλλος
3638 2100 3735 2153 καὶ⁵

2154 2198 2311 2269 ἄλλος
2332 2214 2345 2227 ⁸
2370 2195 2491 2251 οὐδὲ
2521 2195 2684 2250 πάλιν
2709 2194 2867 2259 ἄλλος
2890 2195 3038 2260 Υἱὸς,
3074 2195 3169 2249 καλ⁵
3199 2194 3356 2256 ἄλλος
3384 2191 3578 2246 πάλιν·
3607 2188 3736 2244 ἀλλ’

2156 2288 2317 2353 αὐτὸς
2354 2289 2382 2341 6
2417 2282 2499 2352 εἷς
2539 2289 2654 2341 ἑστι
2673 2286 2891 2350 διπλοῦς
2912 2303 2925 2314 ·
2946 2287 3008 2339 οὐ
3024 2284 3259 2357 τῇ,ἁξίᾳ,
3286 2284 3502 2354 etiam
3526 2277 3732 2353 φύσει]

2754 2424 3001 2478 ΚΕΦΑΛ.
3045 2425 3136 2490 εἶ’.

2224 2558 2402 2629 Φρὰζε
2427 2557 2490 2626 δή
2524 2574 2616 2627 μοι
2642 2556 2827 2617 πάλιν,
2850 2554 2901 2609 τί
2928 2554 2992 2623 δὴ
3020 2555 3128 2626 ἄρα
3158 2555 3257 2625 τὴν
3282 2555 3580 2622 ἀδιαίρετον
3605 2566 3731 2601 συν-

2155 2654 2349 2722 άφειαν
2380 2645 2518 2704 εἶναι
2556 2650 2662 2720 φής
2686 2666 2701 2715 ;
2722 2646 2870 2718 Ἀρα
2894 2648 2991 2716 τὴν
3015 2647 3227 2706 ἑνωσιν,
3259 2644 3414 2714 δῆλον
3434 2642 3489 2695 δὲ
3518 2642 3597 2694 ὅτι
3632 2640 3732 2701 τὴν

2157 2744 2282 2799 καθ’
2312 2743 2639 2805 ὑπόστασιν,
2688 2741 2755 2810 ἣν
2804 2740 2962 2806 ἡμεῖς
3011 2734 3422 2806 πρεσϐεύομεν,
3470 2735 3583 2794 τοῖς
3633 2732 3734 2801 τῆς

2156 2826 2415 2910 ἀληθείας
2440 2831 2824 2891 συναθλοῦντες
2846 2829 3107 2898 δόγμασιν
3127 2844 3141 2857 ’
3167 2827 3200 2897 ἢ
3224 2824 3453 2895 ταυτηνὶ
3471 2822 3573 2891 τὴν
3595 2820 3733 2874 κατὰ

2157 2928 2477 3001 παράθεσιν,
2506 2925 2600 2977 καὶ
2630 2922 2728 2993 τὴν
2759 2920 2894 2992 πρὸς
2917 2919 3039 2972 τόδε
3063 2936 3118 2971 τι
3143 2917 3238 2971 τοῦ
3265 2917 3434 2977 δεῖνος
3459 2912 3735 2981 ἐγγύτητα

480 3015 703 3069 nitatem
774 3015 1145 3085 intelligitur?
1178 3015 1312 3070 Nam
1368 3016 1447 3070 sic
1493 3016 1656 3070 etiam
1720 3013 1828 3086 45
1883 3028 2052 3067 sacrae

2158 3020 2485 3090 νοουμένηνς
2517 3015 2741 3084 Δέχεται
2769 3012 2879 3083 γὰρ
2910 3010 3055 3065 οὕτω
3080 3008 3180 3079 τὴν
3217 3007 3361 3073 λέξιν
3394 3007 3428 3075 ἡ
3473 3003 3733 3057 θεόπνευ-

478 3107 696 3163 Litterm
759 3110 897 3163 hanc
958 3107 1251 3164 dictionem
1309 3107 1844 3174 aceipiunt:itaqne
1909 3102 2048 3155 dixit

479 3202 621 3257 Dens
651 3202 717 3254 ad
750 3201 965 3255 beatum
1002 3198 1208 3263 Mosen,
1266 3196 1331 3253 de
1358 3196 1523 3249 veteri
1562 3195 1652 3249 illo
1700 3192 2050 3248 tabernaculo

483 3294 707 3361 loquens
738 3308 750 3343 :
788 3308 807 3341 ι
840 3289 905 3342 Ει
940 3287 1106 3343 facies
1134 3285 1322 3342 ﬁbulas
1345 3285 1735 3356 quinquaginta
1763 3299 1976 3345 aureas,
1997 3292 2050 3336 et

481 3382 774 3451 conjunges
820 3380 1057 3457 cortinas
1102 3378 1327 3433 alteram
1385 3376 1540 3431 alteri
1569 3376 1639 3429 “.
1682 3395 1701 3429 ι
1729 3375 1859 3430 Cum
1905 3374 2048 3428 enim

478 3472 714 3542 quinque
741 3478 944 3531 essent.
977 3478 1034 3524 et
1058 3482 1394 3537 unaquaeque
1417 3466 1640 3522 srorsim
1663 3465 1873 3520 diversa
1905 3471 2051 3518 esset

478 3565 546 3617 ab
577 3563 719 3629 aliis,
742 3559 1166 3632 conpungebatur
1195 3559 1394 3614 ﬁbulis.
1414 3559 1483 3611 At
1503 3573 1629 3611 vero
1655 3573 1754 3611 nos
1784 3555 1923 3610 haud
1948 3555 2051 3607 isto

480 3654 638 3715 modo
665 3653 858 3715 factam
882 3653 934 3707 in
954 3651 1170 3707 Christo
1197 3650 1453 3705 unionem
1477 3649 1709 3703 dicinms
1737 3666 1750 3702 :
1778 3663 1881 3702 non
1906 3647 2050 3699 enim

383 3811 399 3821 γ
475 3754 538 3823 ιιι
583 3742 877 3814 quispiam,
930 3741 1079 3795 verbi
1123 3739 1320 3810 gratia,
1380 3738 1730 3808 coniungitur
1778 3735 1933 3791 alteri
1969 3735 2052 3788 vel

479 3850 572 3909 per
610 3831 982 3889 unanimitatis
1021 3831 1263 3897 modum,
1291 3830 1372 3885 vel
1391 3844 1487 3898 per
1514 3829 1757 3897 corporis
1777 3825 2051 3891 viciniam,

477 3926 557 3988 sic
592 3924 678 3978 ille
718 3936 933 3992 quoque
962 3920 1283 3990 coniunctus
1318 3928 1430 3985 est;
1464 3917 1582 3982 sed,
1619 3926 1676 3969 ut
1713 3916 1911 3985 saepius
1940 3913 2053 3983 jam

477 4002 610 4082 dixi,
661 4030 817 4069 suum
854 4010 1034 4067 eil‘ecit
1081 4024 1277 4079 corpus
1313 4022 1378 4063 ex
1415 4016 1599 4062 sancta
1643 4004 1867 4076 Virgine
1907 4020 2055 4059 smn-

477 4117 650 4178 ptum,
676 4117 730 4161 et
763 4103 892 4160 illud
951 4117 1019 4157 ex
1074 4100 1183 4156 Deo
1217 4101 1453 4156 Verbum
1508 4098 1661 4153 carni
1717 4113 1821 4150 non
1881 4095 2056 4150 inani.

479 4206 637 4253 mata:
669 4211 795 4251 vere
838 4195 1047 4249 unitum
1076 4179 1325 4248 dicimus.
1354 4190 1523 4261 igitur
1552 4191 1597 4242 si
1626 4188 2050 4257 coniunctionis,

480 4298 539 4340 ut
581 4287 699 4356 ipse
738 4292 919 4347 vocat,
957 4285 1038 4337 vis
1088 4297 1210 4336 eam
1259 4285 1523 4337 unitatem
1571 4279 1847 4348 signiﬁcat
1891 4295 2052 4347 quam

2155 3129 2279 3174 στος
2306 3110 2526 3180 Γραφή⁶
2557 3106 2655 3160 καί¹
2683 3104 2814 3173 γοῦν
2843 3103 2945 3171 ἔφη
2986 3098 3120 3172 πρὸς
3153 3097 3358 3152 Μωσέα
3382 3095 3476 3149 τὸν
3503 3092 3722 3165 ἱερώτα-

2150 3221 2260 3263 τον,
2297 3201 2426 3264 περὶ
2454 3200 2552 3268 τῆς
2582 3196 2818 3268 ἀρχαίας
2850 3194 3065 3261 ἐκείνης
3087 3189 3292 3259 σκηνῆς
3315 3186 3584 3249 συντιθεὶς
3608 3185 3734 3248 τοὺς

2150 3296 2369 3361 λόγους·
2412 3312 2429 3343 ι
2461 3290 2572 3344 Kal.
2604 3287 2843 3355 ποιήσεις
2869 3284 3091 3354 κρίκους
3112 3281 3453 3351 πεντήκοντα
3475 3274 3730 3347 χρυσοῦς,

2152 3387 2244 3441 καὶ
2276 3383 2530 3452 συνάψεις
2558 3380 2655 3442 τὰς
2685 3377 2911 3439 αὐλαίας
2956 3376 3151 3444 ἑτέραν
3187 3375 3254 3443 τῇ
3284 3371 3447 3442 ἑτέρᾳ
3474 3371 3585 3431 τοῖς
3611 3368 3733 3437 κρί-

2153 3494 2287 3538 κοις.
2320 3494 2338 3526 ι
2375 3472 2542 3527 Πέντε
2569 3470 2678 3539 γὰρ
2704 3462 2884 3524 οὖσαι.
2925 3463 3020 3518 καὶ
3053 3462 3236 3524 ίδικῶς
3265 3460 3469 3529 ἑκάστη
3510 3457 3644 3527 πρὸς
3674 3455 3735 3509 τὸ

2154 3567 2315 3637 ἑτέρα
2328 3565 2417 3627 ,τίς
2439 3560 2578 3616 εἶναι
2612 3556 2763 3628 παρά
2788 3556 2885 3619 τὰς
2910 3554 3075 3617 ἄλλας
3097 3552 3314 3623 ἔχουσα,
3350 3549 3588 3618 συνῆπτο
3623 3548 3737 3608 τοῖς

2154 3655 2592 3730 κρίκοι;.Ἦμεῖς
2638 3651 2694 3705 δὲ
2742 3650 2840 3718 οὐχ
2873 3647 3016 3701 οὕτω
3057 3645 3237 3714 φαμὲν
3280 3639 3593 3712 πεπρᾶχθαι
3643 3640 3736 3691 ἐπὶ

2155 3748 2392 3819 Χριστοῦ
2424 3748 2522 3819 τὴν
2551 3745 2748 3799 ἕνωσιν
2767 3759 2781 3773 ’
2814 3740 2936 3794 οὐδὲ
2974 3738 3084 3809 γὰρ
3117 3737 3307 3807 ὥσπερ
3338 3738 3366 3790 ὁ
3396 3735 3544 3788 δεῖνα
3573 3732 3737 3801 τυχὸν

2154 3839 2233 3910 τῷ
2277 3838 2407 3892 δεῖνι
2460 3834 2784 3890 συνάπτοιτο
2824 3831 2911 3896 ἂν,
2939 3831 2972 3900 ἢ
3006 3828 3149 3883 κατά
3180 3827 3271 3881 τὸν
3300 3828 3401 3897 τῆς
3430 3823 3738 3895 ὁμοψυχίας

2154 3930 2374 4000 τρόπον,
2408 3928 2575 3997 ἡγουν
2619 3922 2761 3977 κατὰ
2802 3921 2862 3976 τὸ
2909 3919 3076 3989 ἑγγὺς
3114 3920 3172 3971 ἑν
3202 3917 3435 3987 σώματι,
3470 3914 3612 3967 οὕτω
3638 3915 3737 3965 καὶ

2156 4022 2349 4084 αὐτός·
2403 4017 2538 4073 ἀλλά
2587 4014 2717 4087 γὰρ,
2746 4014 2822 4077 ὡς
2869 4013 2969 4084 ἥδη
3018 4009 3335 4072 πλειστάκις
3386 4007 3555 4077 ἔφην,
3605 4006 3739 4059 ῐδιον

2156 4112 2450 4183 ἐποιήσατο
2486 4108 2644 4177 σῶμα
2674 4106 2735 4159 τὺ
2764 4104 2968 4176 ληφθὲν
2997 4105 3060 4156 ἐκ
3088 4102 3189 4171 τῆς
3232 4101 3391 4170 ἁγίας
3416 4098 3692 4169 Παρθένου
3721 4113 3736 4126 ·

2156 4205 2250 4258 καὶ
2284 4201 2500 4272 ἀληθῶς
2529 4196 2770 4271 ἡνῶσθαι
2805 4212 3003 4264 φαμεν,
3031 4196 3131 4248 οὐκ
3156 4192 3346 4263 ἀψύχῳ
3368 4191 3531 4261 σαρκὶ
3556 4190 3645 4243 τὸν
3671 4189 3738 4241 ἑκ

2158 4294 2293 4348 Θεοῦ
2321 4293 2507 4359 Λόγον.
2546 4286 2754 4342 Οὐκοῦν
2778 4286 2879 4355 τῆς
2918 4286 3048 4355 παρ’
3076 4281 3239 4336 αὐτοῦ
3272 4278 3572 4351 λεγομένης
3603 4295 3736 4340 συν-

481 4378 582 4444 ipsi
632 4376 1003 4443 intelligimus,
1035 4372 1204 4436 illam,
1262 4372 1503 4443 inquam,
1553 4371 1851 4426 secundum
1885 4373 2052 4440 hypo-

2159 4385 2405 4454 αφείαςή
2428 4381 2674 4450 δύναμις,
2692 4379 2740 4431 εί
2766 4378 2864 4447 τὴν
2887 4377 3008 4430 καθ’
3026 4376 3174 4446 ἡμᾶς
3195 4372 3487 4443 νοουμένην
3508 4370 3741 4438 ἑνότητα

481 4468 692 4535 stasim,
734 4473 880 4522 recte
910 4478 1043 4519 sane
1071 4464 1228 4527 dixit,
1274 4462 1473 4516 nullam
1527 4477 1653 4517 esse
1688 4461 1914 4527 Christi,
1949 4478 2054 4529 qna

479 4559 732 4614 Christus
779 4565 886 4623 est,
937 4555 1310 4629 divisionem:
1349 4568 1525 4623 neque
1567 4553 1713 4608 enim
1761 4565 1846 4609 est
1894 4556 2052 4620 alter,

479 4663 656 4720 neque
700 4648 841 4704 illius
875 4657 929 4701 et
966 4646 1131 4711 ﬁlius,
1191 4644 1330 4701 alius
1378 4654 1541 4716 atque
1593 4644 1754 4715 alius,
1805 4645 1954 4715 prior
2001 4658 2056 4700 ct

456 4741 767 4804 'secnndus,
797 4738 891 4795 sed
916 4753 1054 4792 unus
1082 4736 1357 4807 nimirum,
1382 4746 1436 4792 et
1455 4745 1581 4797 aute
1609 4752 1827 4792 carnem
1854 4747 1907 4807 et
1936 4748 2057 4807 post

476 4847 697 4891 rat-nem
730 4851 745 4887 :
781 4830 861 4886 sic
912 4844 1146 4899 namque
1178 4829 1304 4896 erit,
1340 4837 1398 4884 ut
1452 4837 1504 4883 ttt
1557 4828 1717 4899 dicis,
1753 4830 2049 4905 secundum

475 4926 792 4997 dignitatem
821 4933 984 4993 atque
1010 4924 1173 4977 etiam
1201 4921 1821 4995 secundumpotentiam
1855 4921 2047 4976 indivi-

477 5020 638 5082 duus,
687 5016 798 5071 imo
823 5029 952 5071 vero
995 5015 1159 5070 idem.
1187 5013 1242 5067 ld
1277 5013 1319 5067 si
1349 5013 1423 5083 ita
1446 5022 1552 5084 est,
1604 5013 1873 5085 quomodo
1901 5013 2048 5068 illum

477 5125 641 5164 unum
666 5118 723 5164 et
754 5108 1084 5163 individuum
1112 5105 1378 5176 duplicem
1409 5120 1531 5173 esse
1546 5106 1729 5173 ,ais,et
1751 5120 1860 5171 non
1876 5105 2053 5174 digni.

479 5208 611 5265 tate,
663 5199 759 5254 sed
803 5197 1166 5262 natura?Non
1214 5197 1523 5265 enimqnia
1568 5196 1660 5252 Dei
1705 5196 1884 5261 Patris
1915 5195 2055 5265 Ver-

478 5290 605 5346 bum
662 5300 938 5360 assumpta
1000 5292 1397 5362 carneprodiit
1445 5292 1607 5361 homo
1635 5293 2050 5365 similisnobis,

480 5381 602 5439 ideo
622 5379 820 5448 duplex
846 5388 930 5435 est
951 5381 1348 5451 appellandus:
1387 5397 1541 5448 unus
1573 5393 1657 5449 est
1676 5384 1835 5451 oenim
1863 5392 1923 5449 et,
1947 5399 2053 5445 non

475 5475 594 5531 sine
617 5485 806 5539 carne,
849 5472 942 5542 qui
973 5475 1270 5531 secundum
1298 5476 1574 5547 propriam
1614 5485 1863 5536 naturam
1897 5486 2053 5535 extra

544 5648 588 5680 “
617 5652 787 5710 Exod.
820 5668 968 5722 xth,
998 5656 1049 5723 l,
1083 5656 1138 5711 2.

2156 4477 2325 4546 δηλοῖ.
2362 4473 2504 4544 φημὶ
2533 4471 2598 4541 δὴ
2628 4470 2725 4541 τὴν
2756 4469 2877 4522 καθ’
2901 4467 3219 4527 ὑπόστασιν,
3253 4463 3357 4536 ἔφη
3391 4462 3457 4518 ἂν
3488 4462 3737 4524 εἰκότως,

2148 4569 2298 4640 μηδὲ
2323 4567 2451 4638 μίαν
2471 4560 2612 4619 εἶναι
2632 4560 2870 4635 Χριστοῦ
2899 4561 2998 4631 τὴν
3029 4558 3317 4629 διαίρεσιν,
3347 4555 3485 4610 κατά
3509 4554 3571 4608 τὸ
3595 4548 3741 4607 εἶναι

2158 4662 2391 4733 Χριστόν
2411 4679 2423 4690 ·
2456 4659 2519 4712 οὐ
2551 4657 2661 4727 γάρ
2692 4658 2841 4710 ἑστιν
2870 4654 3057 4726 ἕτερος
3099 4652 3194 4707 καὶ
3222 4651 3437 4722 ἕτερος·
3472 4646 3595 4701 οὔτε
3632 4646 3742 4717 μὴν

2158 4759 2270 4820 υἱὸς
2299 4755 2392 4810 καὶ
2416 4754 2547 4816 υίὸς,
2583 4751 2739 4812 ἄλλος
2762 4750 2855 4802 καὶ
2887 4747 3065 4811 ἄλλος,
3100 4744 3316 4816 πρῶτος
3344 4744 3439 4797 καὶ
3464 4740 3740 4810 δεύτερος,

2161 4848 2273 4902 ἀλλ’
2312 4840 2393 4909 εἷς
2419 4842 2662 4915 δηλονότι
2689 4840 2784 4895 καὶ
2811 4837 2919 4910 πρὸ
2950 4835 3153 4906 σαρκὸς
3182 4833 3279 4888 καὶ
3330 4831 3468 4903 μετά
3514 4831 3695 4902 σάρκα
3721 4844 3737 4858 ·

2159 4940 2312 4995 ἔσται
2345 4936 2453 5006 γὰρ
2500 4934 2641 4989 οὕτω
2671 4932 2813 4986 κατά
2838 4947 2902 4999 γε
2929 4927 3028 4999 τὴν
3055 4927 3232 4994 ἀξίαν,
3262 4925 3339 4989 ὡς
3384 4923 3449 4977 σὺ
3493 4922 3620 4992 φὴς,
3648 4921 3745 4973 καὶ

2164 5027 2348 5099 μέντοι
2390 5025 2484 5078 καὶ
2532 5021 2630 5093 τὴν
2670 5018 2992 5079 δυναστείαν
3034 5015 3356 5086 ἀδιαίρετος,
3401 5011 3601 5083 μᾶλλον
3631 5008 3688 5099 δὲ
3714 5009 3747 5061 6

2157 5095 2499 5187 αὑτός.,Εῐτα
2521 5113 2636 5177 πῶς
2656 5111 2747 5167 τὸν
2778 5111 2876 5165 ἕνα
2903 5107 3000 5163 καὶ
3034 5105 3339 5174 ἀδιαίρετον
3363 5100 3584 5158 διπλοῦν
3603 5095 3748 5154 εἶναι

2160 5210 2286 5282 φὴς,
2321 5209 2416 5264 καὶ
2454 5207 2576 5277 οὐχὶ
2607 5209 2674 5276 τῇ
2703 5203 2832 5275 ἀξίᾳ
2878 5200 3100 5270 μᾶλλον,
3143 5198 3296 5259 ἀλλὰ·
3326 5199 3393 5268 τῇ
3441 5194 3635 5265 φύσεις
3667 5192 3746 5246 Οὐ

2158 5302 2268 5374 γάρ
2301 5301 2507 5356 ἑπείτοι
2544 5298 2722 5370 σάρκα
2751 5294 2933 5349 λαϐὼν
2960 5294 2989 5346 6
3020 5295 3085 5347 ἑκ
3129 5289 3265 5347 Θεοῦ
3303 5288 3517 5359 nam;
3543 5285 3743 5354 Λόγος,

2158 5392 2429 5465 προῆλθεν
2467 5390 2751 5460 ἄνθρωπος
2800 5385 3137 5457 καθ’,ἠμᾶς,
3184 5380 3390 5452 ταύτης
3434 5380 3598 5434 ἕνεκα
3643 5377 3747 5444 τῆς

2157 5482 2361 5554 αίτίας,
2395 5482 2715 5555 ὀνομάζοιτο
2740 5479 2807 5544 ἂν
2833 5479 2928 5535 καὶ
2954 5476 3177 5542 διπλοῦς
3199 5495 3214 5510 ο
3244 5470 3326 5540 εἷς
3356 5476 3468 5546 γάρ
3493 5474 3611 5527 ἑστι
3647 5469 3743 5524 καὶ
