  <div class='ocr_page' id='page_1' title='image "/cluster/home/n/w/nwhite01/storage/ocr_20150623/76/hvd.32044073501439/049.png"; bbox 0 0 4004 6202; ppageno 0'>
   <div class='ocr_carea' id='block_1_1' title="bbox 460 274 3732 364">
    <p class='ocr_par' dir='ltr' id='par_1_1' title="bbox 460 274 3732 364">
     <span class='ocr_line' id='line_1_1' title="bbox 460 274 3732 364; baseline 0.01 -36"><span class='ocrx_word' id='word_1_1' title='bbox 460 279 555 336; x_wconf 84' lang='lat'><strong>.87</strong></span> <span class='ocrx_word' id='word_1_2' title='bbox 1475 281 1530 334; x_wconf 86' lang='lat' dir='ltr'><strong>s.</strong></span> <span class='ocrx_word' id='word_1_3' title='bbox 1571 281 1845 337; x_wconf 81' lang='lat' dir='ltr'><strong>CYRILLI</strong></span> <span class='ocrx_word' id='word_1_4' title='bbox 1882 284 2351 346; x_wconf 79' lang='lat' dir='ltr'><strong>ALEXANDRINI</strong></span> <span class='ocrx_word' id='word_1_5' title='bbox 2393 292 2708 354; x_wconf 83' lang='lat' dir='ltr'><strong>ARClllEP.</strong></span> <span class='ocrx_word' id='word_1_6' title='bbox 3354 274 3359 279; x_wconf 79' lang='grc'><strong>’</strong></span> <span class='ocrx_word' id='word_1_7' title='bbox 3664 314 3732 364; x_wconf 75' lang='lat'><strong>23</strong></span> 
     </span>
    </p>
   </div>
   <div class='ocr_carea' id='block_1_2' title="bbox 454 396 2049 499">
    <p class='ocr_par' dir='ltr' id='par_1_2' title="bbox 454 396 2049 469">
     <span class='ocr_line' id='line_1_2' title="bbox 454 396 2049 469; baseline 0.003 -18"><span class='ocrx_word' id='word_1_8' title='bbox 454 400 753 469; x_wconf 72' lang='lat' dir='ltr'><strong>quomodo</strong></span> <span class='ocrx_word' id='word_1_9' title='bbox 802 397 944 468; x_wconf 90' lang='lat' dir='ltr'><strong>quod</strong></span> <span class='ocrx_word' id='word_1_10' title='bbox 1005 396 1116 453; x_wconf 92' lang='lat' dir='ltr'><strong>dixi</strong></span> <span class='ocrx_word' id='word_1_11' title='bbox 1174 400 1357 468; x_wconf 76' lang='lat' dir='ltr'><strong>negari</strong></span> <span class='ocrx_word' id='word_1_12' title='bbox 1401 400 1626 468; x_wconf 85' lang='lat' dir='ltr'><strong>potest?</strong></span> <span class='ocrx_word' id='word_1_13' title='bbox 1655 399 1921 469; x_wconf 88' lang='lat' dir='ltr'><strong>Operatus</strong></span> <span class='ocrx_word' id='word_1_14' title='bbox 1951 402 2049 457; x_wconf 91' lang='lat' dir='ltr'><strong>erit</strong></span> 
     </span>
    </p>
   </div>
   <div class='ocr_carea' id='block_1_3' title="bbox 2152 396 3827 499">
    <p class='ocr_par' dir='ltr' id='par_1_3' title="bbox 2160 408 3827 499">
     <span class='ocr_line' id='line_1_3' title="bbox 2160 408 3827 499; baseline 0.013 -38"><span class='ocrx_word' id='word_1_15' title='bbox 2160 408 2277 499; x_wconf 78' lang='grc' dir='ltr'><strong>πῶς</strong></span> <span class='ocrx_word' id='word_1_16' title='bbox 2300 411 2401 465; x_wconf 77' lang='grc' dir='ltr'><strong>οὐκ</strong></span> <span class='ocrx_word' id='word_1_17' title='bbox 2431 413 2627 484; x_wconf 76' lang='grc' dir='ltr'>ἀληθὲς</span> <span class='ocrx_word' id='word_1_18' title='bbox 2660 417 2797 487; x_wconf 82' lang='grc' dir='ltr'>ὅπερ</span> <span class='ocrx_word' id='word_1_19' title='bbox 2824 418 2988 490; x_wconf 80' lang='grc' dir='ltr'>ἕφην;</span> <span class='ocrx_word' id='word_1_20' title='bbox 3026 422 3325 494; x_wconf 77' lang='grc' dir='ltr'>Ἑνήργηκε</span> <span class='ocrx_word' id='word_1_21' title='bbox 3347 426 3453 497; x_wconf 86' lang='grc' dir='ltr'>γὰρ</span> <span class='ocrx_word' id='word_1_22' title='bbox 3476 428 3735 499; x_wconf 69' lang='grc' dir='ltr'>ἀλλοτρίᾳ</span> <span class='ocrx_word' id='word_1_23' title='bbox 3818 466 3827 483; x_wconf 58' lang='grc' dir='ltr'><em>κ</em></span> 
     </span>
    </p>
   </div>
   <div class='ocr_carea' id='block_1_4' title="bbox 483 491 2055 561">
    <p class='ocr_par' dir='ltr' id='par_1_4' title="bbox 483 491 2055 561">
     <span class='ocr_line' id='line_1_4' title="bbox 483 491 2055 561; baseline 0.001 -15"><span class='ocrx_word' id='word_1_24' title='bbox 483 493 627 547; x_wconf 91' lang='lat' dir='ltr'><strong>enim</strong></span> <span class='ocrx_word' id='word_1_25' title='bbox 668 491 843 546; x_wconf 84' lang='lat' dir='ltr'><strong>aliena</strong></span> <span class='ocrx_word' id='word_1_26' title='bbox 873 492 1074 545; x_wconf 89' lang='lat' dir='ltr'><strong>virtute</strong></span> <span class='ocrx_word' id='word_1_27' title='bbox 1109 502 1286 555; x_wconf 86' lang='lat' dir='ltr'><strong>utens,</strong></span> <span class='ocrx_word' id='word_1_28' title='bbox 1326 501 1379 543; x_wconf 91' lang='lat' dir='ltr'><strong>ut</strong></span> <span class='ocrx_word' id='word_1_29' title='bbox 1413 506 1520 546; x_wconf 84' lang='lat' dir='ltr'><strong>non</strong></span> <span class='ocrx_word' id='word_1_30' title='bbox 1558 491 1691 560; x_wconf 87' lang='lat' dir='ltr'><strong>ipse,</strong></span> <span class='ocrx_word' id='word_1_31' title='bbox 1723 492 1816 546; x_wconf 85' lang='lat' dir='ltr'><strong>sed</strong></span> <span class='ocrx_word' id='word_1_32' title='bbox 1848 492 1939 561; x_wconf 91' lang='lat' dir='ltr'><strong>qui</strong></span> <span class='ocrx_word' id='word_1_33' title='bbox 1988 493 2055 548; x_wconf 88' lang='lat' dir='ltr'><strong>ad</strong></span> 
     </span>
    </p>
   </div>
   <div class='ocr_carea' id='block_1_5' title="bbox 482 582 2058 653">
    <p class='ocr_par' dir='ltr' id='par_1_5' title="bbox 482 582 2058 653">
     <span class='ocr_line' id='line_1_5' title="bbox 482 582 2058 653; baseline 0.004 -20"><span class='ocrx_word' id='word_1_34' title='bbox 482 597 618 651; x_wconf 85' lang='lat' dir='ltr'><strong>opus</strong></span> <span class='ocrx_word' id='word_1_35' title='bbox 644 582 845 645; x_wconf 88' lang='lat' dir='ltr'><strong>ciebat,</strong></span> <span class='ocrx_word' id='word_1_36' title='bbox 876 584 944 638; x_wconf 92' lang='lat' dir='ltr'><strong>ab</strong></span> <span class='ocrx_word' id='word_1_37' title='bbox 980 582 1065 638; x_wconf 87' lang='lat' dir='ltr'><strong>his</strong></span> <span class='ocrx_word' id='word_1_38' title='bbox 1091 583 1182 653; x_wconf 91' lang='lat' dir='ltr'><strong>qui</strong></span> <span class='ocrx_word' id='word_1_39' title='bbox 1232 582 1284 637; x_wconf 89' lang='lat' dir='ltr'><strong>in</strong></span> <span class='ocrx_word' id='word_1_40' title='bbox 1316 583 1515 640; x_wconf 88' lang='lat' dir='ltr'><strong>mundo</strong></span> <span class='ocrx_word' id='word_1_41' title='bbox 1567 595 1746 646; x_wconf 88' lang='lat' dir='ltr'><strong>erant,</strong></span> <span class='ocrx_word' id='word_1_42' title='bbox 1790 583 2058 653; x_wconf 77' lang='lat' dir='ltr'><strong>gloriﬁca-</strong></span> 
     </span>
    </p>
   </div>
   <div class='ocr_carea' id='block_1_6' title="bbox 482 670 2055 743">
    <p class='ocr_par' dir='ltr' id='par_1_6' title="bbox 482 670 2055 743">
     <span class='ocr_line' id='line_1_6' title="bbox 482 670 2055 743; baseline 0.003 -18"><span class='ocrx_word' id='word_1_43' title='bbox 482 684 652 727; x_wconf 84' lang='lat' dir='ltr'><strong>retur.</strong></span> <span class='ocrx_word' id='word_1_44' title='bbox 681 670 821 740; x_wconf 82' lang='lat' dir='ltr'><strong>Quid</strong></span> <span class='ocrx_word' id='word_1_45' title='bbox 858 673 1041 743; x_wconf 76' lang='lat' dir='ltr'><strong>igitur,</strong></span> <span class='ocrx_word' id='word_1_46' title='bbox 1082 687 1285 742; x_wconf 58' lang='lat' dir='ltr'><strong>quaeso,</strong></span> <span class='ocrx_word' id='word_1_47' title='bbox 1339 673 1394 727; x_wconf 88' lang='lat' dir='ltr'><strong>in</strong></span> <span class='ocrx_word' id='word_1_48' title='bbox 1424 687 1488 727; x_wconf 87' lang='lat' dir='ltr'><strong>eo</strong></span> <span class='ocrx_word' id='word_1_49' title='bbox 1527 673 1757 743; x_wconf 83' lang='lat' dir='ltr'><strong>amplius</strong></span> <span class='ocrx_word' id='word_1_50' title='bbox 1808 675 2055 729; x_wconf 87' lang='lat' dir='ltr'><strong>cernitur</strong></span> 
     </span>
    </p>
   </div>
   <div class='ocr_carea' id='block_1_7' title="bbox 481 762 2055 831">
    <p class='ocr_par' dir='ltr' id='par_1_7' title="bbox 481 762 2055 831">
     <span class='ocr_line' id='line_1_7' title="bbox 481 762 2055 831; baseline 0.004 -18"><span class='ocrx_word' id='word_1_51' title='bbox 481 777 644 831; x_wconf 81' lang='lat' dir='ltr'><strong>quam</strong></span> <span class='ocrx_word' id='word_1_52' title='bbox 679 764 731 817; x_wconf 91' lang='lat' dir='ltr'><strong>in</strong></span> <span class='ocrx_word' id='word_1_53' title='bbox 758 764 965 817; x_wconf 78' lang='lat' dir='ltr'><strong>sanctis</strong></span> <span class='ocrx_word' id='word_1_54' title='bbox 994 762 1258 828; x_wconf 87' lang='lat' dir='ltr'><strong>apostolis</strong></span> <span class='ocrx_word' id='word_1_55' title='bbox 1284 763 1305 815; x_wconf 85' lang='lat'><strong>?</strong></span> <span class='ocrx_word' id='word_1_56' title='bbox 1335 778 1456 816; x_wconf 89' lang='lat' dir='ltr'><strong>nam</strong></span> <span class='ocrx_word' id='word_1_57' title='bbox 1488 762 1543 817; x_wconf 86' lang='lat' dir='ltr'><strong>hi</strong></span> <span class='ocrx_word' id='word_1_58' title='bbox 1591 778 1695 817; x_wconf 93' lang='lat' dir='ltr'><strong>uon</strong></span> <span class='ocrx_word' id='word_1_59' title='bbox 1727 778 1822 818; x_wconf 91' lang='lat' dir='ltr'><strong>sua</strong></span> <span class='ocrx_word' id='word_1_60' title='bbox 1852 765 2055 820; x_wconf 87' lang='lat' dir='ltr'><strong>virtute</strong></span> 
     </span>
    </p>
   </div>
   <div class='ocr_carea' id='block_1_8' title="bbox 481 853 2051 925">
    <p class='ocr_par' dir='ltr' id='par_1_8' title="bbox 481 853 2051 925">
     <span class='ocr_line' id='line_1_8' title="bbox 481 853 2051 925; baseline 0.003 -19"><span class='ocrx_word' id='word_1_61' title='bbox 481 853 743 909; x_wconf 88' lang='lat' dir='ltr'><strong>miracula</strong></span> <span class='ocrx_word' id='word_1_62' title='bbox 793 853 1180 922; x_wconf 89' lang='lat' dir='ltr'><strong>perfecerunt:</strong></span> <span class='ocrx_word' id='word_1_63' title='bbox 1230 854 1390 924; x_wconf 88' lang='lat' dir='ltr'><strong>idque</strong></span> <span class='ocrx_word' id='word_1_64' title='bbox 1420 854 1522 924; x_wconf 87' lang='lat' dir='ltr'><strong>ipsi</strong></span> <span class='ocrx_word' id='word_1_65' title='bbox 1575 864 1763 925; x_wconf 90' lang='lat' dir='ltr'><strong>aperte</strong></span> <span class='ocrx_word' id='word_1_66' title='bbox 1820 856 2051 913; x_wconf 78' lang='lat' dir='ltr'><strong>confessi</strong></span> 
     </span>
    </p>
   </div>
   <div class='ocr_carea' id='block_1_9' title="bbox 479 943 2054 1018">
    <p class='ocr_par' dir='ltr' id='par_1_9' title="bbox 479 943 2054 1018">
     <span class='ocr_line' id='line_1_9' title="bbox 479 943 2054 1018; baseline 0.004 -22"><span class='ocrx_word' id='word_1_67' title='bbox 479 943 807 1013; x_wconf 76' lang='lat' dir='ltr'><strong>suntzdigui</strong></span> <span class='ocrx_word' id='word_1_68' title='bbox 837 957 1073 1014; x_wconf 81' lang='lat' dir='ltr'><strong>namque</strong></span> <span class='ocrx_word' id='word_1_69' title='bbox 1141 953 1267 999; x_wconf 90' lang='lat' dir='ltr'><strong>sunt</strong></span> <span class='ocrx_word' id='word_1_70' title='bbox 1328 945 1486 999; x_wconf 84' lang='lat' dir='ltr'><strong>laude</strong></span> <span class='ocrx_word' id='word_1_71' title='bbox 1512 954 1567 1000; x_wconf 92' lang='lat' dir='ltr'><strong>et</strong></span> <span class='ocrx_word' id='word_1_72' title='bbox 1597 946 1724 1016; x_wconf 84' lang='lat' dir='ltr'><strong>quia</strong></span> <span class='ocrx_word' id='word_1_73' title='bbox 1771 946 1823 1002; x_wconf 88' lang='lat' dir='ltr'><strong>id</strong></span> <span class='ocrx_word' id='word_1_74' title='bbox 1850 961 2054 1018; x_wconf 84' lang='lat' dir='ltr'><strong>cogno-</strong></span> 
     </span>
    </p>
   </div>
   <div class='ocr_carea' id='block_1_10' title="bbox 480 1035 2050 1108">
    <p class='ocr_par' dir='ltr' id='par_1_10' title="bbox 480 1035 2050 1108">
     <span class='ocr_line' id='line_1_10' title="bbox 480 1035 2050 1108; baseline 0.007 -25"><span class='ocrx_word' id='word_1_75' title='bbox 480 1042 697 1098; x_wconf 86' lang='lat' dir='ltr'><strong>verunt,</strong></span> <span class='ocrx_word' id='word_1_76' title='bbox 735 1043 790 1089; x_wconf 85' lang='lat' dir='ltr'><strong>et</strong></span> <span class='ocrx_word' id='word_1_77' title='bbox 823 1035 947 1103; x_wconf 84' lang='lat' dir='ltr'><strong>quia</strong></span> <span class='ocrx_word' id='word_1_78' title='bbox 995 1035 1048 1089; x_wconf 90' lang='lat' dir='ltr'><strong>in</strong></span> <span class='ocrx_word' id='word_1_79' title='bbox 1093 1035 1225 1106; x_wconf 89' lang='lat' dir='ltr'><strong>ipsis</strong></span> <span class='ocrx_word' id='word_1_80' title='bbox 1278 1045 1592 1106; x_wconf 83' lang='lat' dir='ltr'><strong>operantem</strong></span> <span class='ocrx_word' id='word_1_81' title='bbox 1654 1036 2050 1108; x_wconf 79' lang='lat' dir='ltr'><strong>glorificabant.</strong></span> 
     </span>
    </p>
   </div>
   <div class='ocr_carea' id='block_1_11' title="bbox 479 1122 2051 1198">
    <p class='ocr_par' dir='ltr' id='par_1_11' title="bbox 479 1122 2051 1198">
     <span class='ocr_line' id='line_1_11' title="bbox 479 1122 2051 1198; baseline 0 -16"><span class='ocrx_word' id='word_1_82' title='bbox 479 1122 595 1182; x_wconf 79' lang='lat' dir='ltr'><strong>Hoc</strong></span> <span class='ocrx_word' id='word_1_83' title='bbox 621 1122 667 1179; x_wconf 90' lang='lat' dir='ltr'><strong>si</strong></span> <span class='ocrx_word' id='word_1_84' title='bbox 694 1124 765 1178; x_wconf 90' lang='lat' dir='ltr'><strong>ita</strong></span> <span class='ocrx_word' id='word_1_85' title='bbox 789 1135 895 1190; x_wconf 87' lang='lat' dir='ltr'><strong>est,</strong></span> <span class='ocrx_word' id='word_1_86' title='bbox 932 1140 1115 1183; x_wconf 86' lang='lat' dir='ltr'><strong>annon</strong></span> <span class='ocrx_word' id='word_1_87' title='bbox 1182 1141 1392 1197; x_wconf 67' lang='lat' dir='ltr'><strong>aequum</strong></span> <span class='ocrx_word' id='word_1_88' title='bbox 1416 1136 1533 1182; x_wconf 88' lang='lat' dir='ltr'><strong>erat</strong></span> <span class='ocrx_word' id='word_1_89' title='bbox 1583 1137 1642 1183; x_wconf 91' lang='lat' dir='ltr'><strong>ut</strong></span> <span class='ocrx_word' id='word_1_90' title='bbox 1688 1127 1939 1185; x_wconf 84' lang='lat' dir='ltr'><strong>Christus</strong></span> <span class='ocrx_word' id='word_1_91' title='bbox 1960 1129 2051 1198; x_wconf 93' lang='lat' dir='ltr'><strong>qui</strong></span> 
     </span>
    </p>
   </div>
   <div class='ocr_carea' id='block_1_12' title="bbox 479 1213 2054 1287">
    <p class='ocr_par' dir='ltr' id='par_1_12' title="bbox 479 1213 2054 1287">
     <span class='ocr_line' id='line_1_12' title="bbox 479 1213 2054 1287; baseline 0.004 -21"><span class='ocrx_word' id='word_1_92' title='bbox 479 1215 547 1267; x_wconf 90' lang='lat' dir='ltr'><strong>ab</strong></span> <span class='ocrx_word' id='word_1_93' title='bbox 592 1213 719 1281; x_wconf 84' lang='lat' dir='ltr'><strong>alio,</strong></span> <span class='ocrx_word' id='word_1_94' title='bbox 776 1225 833 1269; x_wconf 90' lang='lat' dir='ltr'><strong>ut</strong></span> <span class='ocrx_word' id='word_1_95' title='bbox 872 1225 924 1270; x_wconf 91' lang='lat' dir='ltr'><strong>tu</strong></span> <span class='ocrx_word' id='word_1_96' title='bbox 960 1217 1181 1280; x_wconf 87' lang='lat' dir='ltr'><strong>asseris,</strong></span> <span class='ocrx_word' id='word_1_97' title='bbox 1210 1217 1277 1271; x_wconf 81' lang='lat' dir='ltr'><strong>ad</strong></span> <span class='ocrx_word' id='word_1_98' title='bbox 1329 1217 1661 1287; x_wconf 86' lang='lat' dir='ltr'><strong>operandum</strong></span> <span class='ocrx_word' id='word_1_99' title='bbox 1691 1218 1958 1284; x_wconf 80' lang='lat' dir='ltr'><strong>ciebatur,</strong></span> <span class='ocrx_word' id='word_1_100' title='bbox 1998 1228 2054 1273; x_wconf 87' lang='lat' dir='ltr'><strong>et</strong></span> 
     </span>
    </p>
   </div>
   <div class='ocr_carea' id='block_1_13' title="bbox 478 1306 2051 1380">
    <p class='ocr_par' dir='ltr' id='par_1_13' title="bbox 478 1306 2051 1380">
     <span class='ocr_line' id='line_1_13' title="bbox 478 1306 2051 1380; baseline 0.004 -23"><span class='ocrx_word' id='word_1_101' title='bbox 478 1306 822 1364; x_wconf 69' lang='lat' dir='ltr'><strong>extrinsecus</strong></span> <span class='ocrx_word' id='word_1_102' title='bbox 883 1308 1116 1363; x_wconf 79' lang='lat' dir='ltr'><strong>habebat</strong></span> <span class='ocrx_word' id='word_1_103' title='bbox 1144 1306 1416 1380; x_wconf 80' lang='lat' dir='ltr'><strong>Uuigeniti</strong></span> <span class='ocrx_word' id='word_1_104' title='bbox 1450 1310 1700 1380; x_wconf 73' lang='lat' dir='ltr'><strong>gloriam,</strong></span> <span class='ocrx_word' id='word_1_105' title='bbox 1727 1309 1792 1363; x_wconf 86' lang='lat' dir='ltr'><strong>ad</strong></span> <span class='ocrx_word' id='word_1_106' title='bbox 1833 1326 1891 1365; x_wconf 89' lang='lat' dir='ltr'><strong>se</strong></span> <span class='ocrx_word' id='word_1_107' title='bbox 1916 1317 2051 1364; x_wconf 85' lang='lat' dir='ltr'><strong>tan-</strong></span> 
     </span>
    </p>
   </div>
   <div class='ocr_carea' id='block_1_14' title="bbox 477 1399 2050 1472">
    <p class='ocr_par' dir='ltr' id='par_1_14' title="bbox 477 1399 2050 1472">
     <span class='ocr_line' id='line_1_14' title="bbox 477 1399 2050 1472; baseline 0.004 -23"><span class='ocrx_word' id='word_1_108' title='bbox 477 1412 638 1467; x_wconf 82' lang='lat' dir='ltr'><strong>quam</strong></span> <span class='ocrx_word' id='word_1_109' title='bbox 664 1399 731 1453; x_wconf 88' lang='lat' dir='ltr'><strong>ad</strong></span> <span class='ocrx_word' id='word_1_110' title='bbox 758 1399 866 1472; x_wconf 66' lang='grc'>47</span> <span class='ocrx_word' id='word_1_111' title='bbox 901 1400 1063 1454; x_wconf 83' lang='lat' dir='ltr'><strong>Deum</strong></span> <span class='ocrx_word' id='word_1_112' title='bbox 1106 1402 1514 1465; x_wconf 82' lang='lat' dir='ltr'><strong>accedentibus,</strong></span> <span class='ocrx_word' id='word_1_113' title='bbox 1560 1410 1614 1458; x_wconf 92' lang='lat' dir='ltr'><strong>et</strong></span> <span class='ocrx_word' id='word_1_114' title='bbox 1648 1402 1766 1471; x_wconf 84' lang='lat' dir='ltr'><strong>ejus</strong></span> <span class='ocrx_word' id='word_1_115' title='bbox 1824 1416 1928 1472; x_wconf 88' lang='lat' dir='ltr'><strong>ope</strong></span> <span class='ocrx_word' id='word_1_116' title='bbox 1963 1402 2050 1455; x_wconf 93' lang='lat' dir='ltr'><strong>in-</strong></span> 
     </span>
    </p>
   </div>
   <div class='ocr_carea' id='block_1_15' title="bbox 478 1489 2052 1557">
    <p class='ocr_par' dir='ltr' id='par_1_15' title="bbox 478 1489 2052 1557">
     <span class='ocr_line' id='line_1_15' title="bbox 478 1489 2052 1557; baseline 0.005 -18"><span class='ocrx_word' id='word_1_117' title='bbox 478 1489 781 1557; x_wconf 80' lang='lat' dir='ltr'><strong>digentibus</strong></span> <span class='ocrx_word' id='word_1_118' title='bbox 846 1490 1188 1557; x_wconf 83' lang='lat' dir='ltr'><strong>inclamaret,</strong></span> <span class='ocrx_word' id='word_1_119' title='bbox 1250 1492 1305 1547; x_wconf 91' lang='lat' dir='ltr'><strong>In</strong></span> <span class='ocrx_word' id='word_1_120' title='bbox 1362 1493 1598 1557; x_wconf 88' lang='lat' dir='ltr'><strong>nomine,</strong></span> <span class='ocrx_word' id='word_1_121' title='bbox 1624 1507 1717 1547; x_wconf 89' lang='lat' dir='ltr'><strong>seu</strong></span> <span class='ocrx_word' id='word_1_122' title='bbox 1765 1492 1818 1547; x_wconf 90' lang='lat' dir='ltr'><strong>in</strong></span> <span class='ocrx_word' id='word_1_123' title='bbox 1852 1493 2052 1547; x_wconf 89' lang='lat' dir='ltr'><strong>virtute</strong></span> 
     </span>
    </p>
   </div>
   <div class='ocr_carea' id='block_1_16' title="bbox 477 1578 2052 1653">
    <p class='ocr_par' dir='ltr' id='par_1_16' title="bbox 477 1578 2052 1653">
     <span class='ocr_line' id='line_1_16' title="bbox 477 1578 2052 1653; baseline 0.001 -18"><span class='ocrx_word' id='word_1_124' title='bbox 477 1578 751 1649; x_wconf 77' lang='lat' dir='ltr'><strong>Unigeuiti</strong></span> <span class='ocrx_word' id='word_1_125' title='bbox 782 1580 906 1643; x_wconf 82' lang='lat' dir='ltr'><strong>hoc,</strong></span> <span class='ocrx_word' id='word_1_126' title='bbox 932 1580 1080 1636; x_wconf 85' lang='lat' dir='ltr'><strong>verbi</strong></span> <span class='ocrx_word' id='word_1_127' title='bbox 1100 1582 1296 1653; x_wconf 82' lang='lat' dir='ltr'><strong>gratia,</strong></span> <span class='ocrx_word' id='word_1_128' title='bbox 1324 1582 1415 1638; x_wconf 88' lang='lat' dir='ltr'><strong>tibi</strong></span> <span class='ocrx_word' id='word_1_129' title='bbox 1441 1583 1781 1638; x_wconf 86' lang='lat' dir='ltr'><strong>commodum</strong></span> <span class='ocrx_word' id='word_1_130' title='bbox 1804 1583 2052 1638; x_wconf 81' lang='lat' dir='ltr'><strong>eveniat?</strong></span> 
     </span>
    </p>
   </div>
   <div class='ocr_carea' id='block_1_17' title="bbox 478 1668 2051 1743">
    <p class='ocr_par' dir='ltr' id='par_1_17' title="bbox 478 1668 2051 1743">
     <span class='ocr_line' id='line_1_17' title="bbox 478 1668 2051 1743; baseline 0.005 -23"><span class='ocrx_word' id='word_1_131' title='bbox 478 1684 598 1722; x_wconf 77' lang='lat' dir='ltr'><strong>nam</strong></span> <span class='ocrx_word' id='word_1_132' title='bbox 636 1671 685 1724; x_wconf 89' lang='lat' dir='ltr'><strong>id</strong></span> <span class='ocrx_word' id='word_1_133' title='bbox 720 1668 989 1731; x_wconf 74' lang='lat' dir='ltr'><strong>faciebant</strong></span> <span class='ocrx_word' id='word_1_134' title='bbox 1024 1672 1096 1727; x_wconf 91' lang='lat' dir='ltr'><strong>illi</strong></span> <span class='ocrx_word' id='word_1_135' title='bbox 1120 1672 1505 1743; x_wconf 83' lang='lat' dir='ltr'><strong>sapientissimi</strong></span> <span class='ocrx_word' id='word_1_136' title='bbox 1546 1674 1817 1743; x_wconf 83' lang='lat' dir='ltr'><strong>discipuli,</strong></span> <span class='ocrx_word' id='word_1_137' title='bbox 1854 1675 2051 1742; x_wconf 86' lang='lat' dir='ltr'><strong>ubique</strong></span> 
     </span>
    </p>
   </div>
   <div class='ocr_carea' id='block_1_18' title="bbox 474 1741 2121 1836">
    <p class='ocr_par' dir='ltr' id='par_1_18' title="bbox 474 1741 2121 1836">
     <span class='ocr_line' id='line_1_18' title="bbox 474 1741 2121 1836; baseline 0.002 -22"><span class='ocrx_word' id='word_1_138' title='bbox 474 1756 660 1819; x_wconf 72' lang='lat' dir='ltr'><strong>Iesum</strong></span> <span class='ocrx_word' id='word_1_139' title='bbox 692 1775 756 1815; x_wconf 84' lang='lat' dir='ltr'><strong>ex</strong></span> <span class='ocrx_word' id='word_1_140' title='bbox 790 1760 1060 1820; x_wconf 90' lang='lat' dir='ltr'><strong>Nazareth</strong></span> <span class='ocrx_word' id='word_1_141' title='bbox 1083 1741 1563 1836; x_wconf 83' lang='lat' dir='ltr'><strong>appellantes.Sed</strong></span> <span class='ocrx_word' id='word_1_142' title='bbox 1589 1741 1860 1818; x_wconf 86' lang='lat' dir='ltr'><strong>neminem</strong></span> <span class='ocrx_word' id='word_1_143' title='bbox 1895 1741 2049 1833; x_wconf 86' lang='lat' dir='ltr'><strong>pror-</strong></span> <span class='ocrx_word' id='word_1_144' title='bbox 2081 1741 2121 1795; x_wconf 75' lang='grc' dir='ltr'><strong>Β</strong></span> 
     </span>
    </p>
   </div>
   <div class='ocr_carea' id='block_1_19' title="bbox 475 1851 2050 1926">
    <p class='ocr_par' dir='ltr' id='par_1_19' title="bbox 475 1851 2050 1926">
     <span class='ocr_line' id='line_1_19' title="bbox 475 1851 2050 1926; baseline 0.004 -23"><span class='ocrx_word' id='word_1_145' title='bbox 475 1852 664 1905; x_wconf 68' lang='grc' dir='ltr'>ευςίιιι</span> <span class='ocrx_word' id='word_1_146' title='bbox 694 1863 778 1905; x_wconf 91' lang='lat' dir='ltr'><strong>est</strong></span> <span class='ocrx_word' id='word_1_147' title='bbox 807 1851 1097 1919; x_wconf 82' lang='lat' dir='ltr'><strong>allocutus,</strong></span> <span class='ocrx_word' id='word_1_148' title='bbox 1138 1869 1355 1924; x_wconf 72' lang='lat' dir='ltr'><strong>suaeque</strong></span> <span class='ocrx_word' id='word_1_149' title='bbox 1397 1856 1576 1924; x_wconf 88' lang='lat' dir='ltr'><strong>potius</strong></span> <span class='ocrx_word' id='word_1_150' title='bbox 1616 1855 1803 1909; x_wconf 80' lang='lat' dir='ltr'><strong>virtuti</strong></span> <span class='ocrx_word' id='word_1_151' title='bbox 1853 1870 2050 1926; x_wconf 89' lang='lat' dir='ltr'><strong>perpe-</strong></span> 
     </span>
    </p>
   </div>
   <div class='ocr_carea' id='block_1_20' title="bbox 482 1943 2046 2016">
    <p class='ocr_par' dir='ltr' id='par_1_20' title="bbox 482 1943 2046 2016">
     <span class='ocr_line' id='line_1_20' title="bbox 482 1943 2046 2016; baseline 0.004 -23"><span class='ocrx_word' id='word_1_152' title='bbox 482 1952 623 1996; x_wconf 87' lang='lat' dir='ltr'><strong>trata</strong></span> <span class='ocrx_word' id='word_1_153' title='bbox 651 1943 805 2016; x_wconf 80' lang='lat' dir='ltr'><strong>signa</strong></span> <span class='ocrx_word' id='word_1_154' title='bbox 842 1944 1132 2009; x_wconf 88' lang='lat' dir='ltr'><strong>tribuebat,</strong></span> <span class='ocrx_word' id='word_1_155' title='bbox 1161 1959 1305 2000; x_wconf 90' lang='lat' dir='ltr'><strong>nunc</strong></span> <span class='ocrx_word' id='word_1_156' title='bbox 1351 1945 1567 2014; x_wconf 88' lang='lat' dir='ltr'><strong>quidem</strong></span> <span class='ocrx_word' id='word_1_157' title='bbox 1598 1946 1758 2001; x_wconf 61' lang='lat' dir='ltr'><strong>caecis</strong></span> <span class='ocrx_word' id='word_1_158' title='bbox 1812 1947 1995 2003; x_wconf 91' lang='lat' dir='ltr'><strong>dicens</strong></span> <span class='ocrx_word' id='word_1_159' title='bbox 2032 1964 2046 2000; x_wconf 88' lang='lat'><strong>:</strong></span> 
     </span>
    </p>
   </div>
   <div class='ocr_carea' id='block_1_21' title="bbox 481 2034 2049 2106">
    <p class='ocr_par' dir='ltr' id='par_1_21' title="bbox 481 2034 2049 2106">
     <span class='ocr_line' id='line_1_21' title="bbox 481 2034 2049 2106; baseline 0.004 -20"><span class='ocrx_word' id='word_1_160' title='bbox 481 2055 501 2086; x_wconf 71' lang='grc' dir='ltr'><strong>ι</strong></span> <span class='ocrx_word' id='word_1_161' title='bbox 537 2034 770 2091; x_wconf 82' lang='lat' dir='ltr'><strong>Creditis</strong></span> <span class='ocrx_word' id='word_1_162' title='bbox 799 2035 943 2105; x_wconf 93' lang='lat' dir='ltr'><strong>quod</strong></span> <span class='ocrx_word' id='word_1_163' title='bbox 968 2035 1174 2106; x_wconf 86' lang='lat' dir='ltr'><strong>possim</strong></span> <span class='ocrx_word' id='word_1_164' title='bbox 1205 2035 1257 2090; x_wconf 90' lang='lat' dir='ltr'><strong>id</strong></span> <span class='ocrx_word' id='word_1_165' title='bbox 1280 2035 1461 2092; x_wconf 88' lang='lat' dir='ltr'><strong>facere</strong></span> <span class='ocrx_word' id='word_1_166' title='bbox 1483 2036 1567 2091; x_wconf 70' lang='lat'><strong>‘°?</strong></span> <span class='ocrx_word' id='word_1_167' title='bbox 1587 2055 1607 2089; x_wconf 77' lang='grc' dir='ltr'><strong>ι</strong></span> <span class='ocrx_word' id='word_1_168' title='bbox 1644 2048 1697 2091; x_wconf 89' lang='lat' dir='ltr'><strong>et</strong></span> <span class='ocrx_word' id='word_1_169' title='bbox 1727 2052 2049 2092; x_wconf 88' lang='lat' dir='ltr'><strong>consensum</strong></span> 
     </span>
    </p>
   </div>
   <div class='ocr_carea' id='block_1_22' title="bbox 474 2127 2046 2207">
    <p class='ocr_par' dir='ltr' id='par_1_22' title="bbox 474 2127 2046 2207">
     <span class='ocr_line' id='line_1_22' title="bbox 474 2127 2046 2207; baseline 0.003 -29"><span class='ocrx_word' id='word_1_170' title='bbox 474 2141 772 2194; x_wconf 81' lang='lat' dir='ltr'><strong>exposcens</strong></span> <span class='ocrx_word' id='word_1_171' title='bbox 805 2143 821 2207; x_wconf 60' lang='grc' dir='ltr'><strong>ί</strong></span> <span class='ocrx_word' id='word_1_172' title='bbox 852 2141 996 2182; x_wconf 91' lang='lat' dir='ltr'><strong>nunc</strong></span> <span class='ocrx_word' id='word_1_173' title='bbox 1018 2140 1143 2181; x_wconf 91' lang='lat' dir='ltr'><strong>cum</strong></span> <span class='ocrx_word' id='word_1_174' title='bbox 1183 2127 1408 2200; x_wconf 90' lang='lat' dir='ltr'><strong>imperio</strong></span> <span class='ocrx_word' id='word_1_175' title='bbox 1442 2128 1687 2196; x_wconf 79' lang='lat' dir='ltr'><strong>exigens,</strong></span> <span class='ocrx_word' id='word_1_176' title='bbox 1719 2143 1784 2183; x_wconf 91' lang='lat' dir='ltr'><strong>ac</strong></span> <span class='ocrx_word' id='word_1_177' title='bbox 1810 2128 1998 2183; x_wconf 79' lang='lat' dir='ltr'><strong>dicens</strong></span> <span class='ocrx_word' id='word_1_178' title='bbox 2032 2148 2046 2184; x_wconf 91' lang='lat'><strong>:</strong></span> 
     </span>
    </p>
   </div>
   <div class='ocr_carea' id='block_1_23' title="bbox 482 2214 2048 2289">
    <p class='ocr_par' dir='ltr' id='par_1_23' title="bbox 482 2214 2048 2289">
     <span class='ocr_line' id='line_1_23' title="bbox 482 2214 2048 2289; baseline 0.003 -20"><span class='ocrx_word' id='word_1_179' title='bbox 482 2236 502 2269; x_wconf 80' lang='grc' dir='ltr'><strong>ι</strong></span> <span class='ocrx_word' id='word_1_180' title='bbox 540 2214 692 2283; x_wconf 86' lang='lat' dir='ltr'><strong>Volo,</strong></span> <span class='ocrx_word' id='word_1_181' title='bbox 723 2218 981 2273; x_wconf 88' lang='lat' dir='ltr'><strong>mundare</strong></span> <span class='ocrx_word' id='word_1_182' title='bbox 1014 2217 1056 2250; x_wconf 67' lang='grc' dir='ltr'>δι</span> <span class='ocrx_word' id='word_1_183' title='bbox 1087 2236 1105 2286; x_wconf 82' lang='grc'>;</span> <span class='ocrx_word' id='word_1_184' title='bbox 1136 2236 1157 2271; x_wconf 69' lang='grc' dir='ltr'><strong>ι</strong></span> <span class='ocrx_word' id='word_1_185' title='bbox 1196 2233 1294 2274; x_wconf 88' lang='lat' dir='ltr'><strong>cur</strong></span> <span class='ocrx_word' id='word_1_186' title='bbox 1324 2233 1430 2276; x_wconf 91' lang='lat' dir='ltr'><strong>non</strong></span> <span class='ocrx_word' id='word_1_187' title='bbox 1464 2220 1842 2289; x_wconf 82' lang='lat' dir='ltr'><strong>praetermissis</strong></span> <span class='ocrx_word' id='word_1_188' title='bbox 1884 2221 2048 2274; x_wconf 87' lang='lat' dir='ltr'><strong>anili-</strong></span> 
     </span>
    </p>
   </div>
   <div class='ocr_carea' id='block_1_24' title="bbox 475 2307 2048 2384">
    <p class='ocr_par' dir='ltr' id='par_1_24' title="bbox 475 2307 2048 2384">
     <span class='ocr_line' id='line_1_24' title="bbox 475 2307 2048 2384; baseline 0.003 -22"><span class='ocrx_word' id='word_1_189' title='bbox 475 2309 574 2362; x_wconf 89' lang='lat' dir='ltr'><strong>bus</strong></span> <span class='ocrx_word' id='word_1_190' title='bbox 593 2307 825 2374; x_wconf 80' lang='lat' dir='ltr'><strong>fabellis,</strong></span> <span class='ocrx_word' id='word_1_191' title='bbox 850 2324 985 2379; x_wconf 89' lang='lat' dir='ltr'><strong>quas</strong></span> <span class='ocrx_word' id='word_1_192' title='bbox 1007 2310 1102 2365; x_wconf 89' lang='lat' dir='ltr'><strong>tibi</strong></span> <span class='ocrx_word' id='word_1_193' title='bbox 1143 2311 1315 2367; x_wconf 84' lang='lat' dir='ltr'><strong>etsoli</strong></span> <span class='ocrx_word' id='word_1_194' title='bbox 1339 2322 1679 2368; x_wconf 87' lang='lat' dir='ltr'><strong>commentus</strong></span> <span class='ocrx_word' id='word_1_195' title='bbox 1698 2328 1776 2378; x_wconf 86' lang='lat' dir='ltr'><strong>es,</strong></span> <span class='ocrx_word' id='word_1_196' title='bbox 1805 2313 2048 2384; x_wconf 66' lang='lat' dir='ltr'><strong>mysterii</strong></span> 
     </span>
    </p>
   </div>
   <div class='ocr_carea' id='block_1_25' title="bbox 472 2397 2051 2474">
    <p class='ocr_par' dir='ltr' id='par_1_25' title="bbox 472 2397 2051 2474">
     <span class='ocr_line' id='line_1_25' title="bbox 472 2397 2051 2474; baseline 0.005 -24"><span class='ocrx_word' id='word_1_197' title='bbox 472 2397 893 2472; x_wconf 80' lang='lat' dir='ltr'><strong>profunditatem</strong></span> <span class='ocrx_word' id='word_1_198' title='bbox 928 2401 1156 2470; x_wconf 84' lang='lat' dir='ltr'><strong>sapienti</strong></span> <span class='ocrx_word' id='word_1_199' title='bbox 1181 2401 1413 2458; x_wconf 81' lang='lat' dir='ltr'><strong>consilio</strong></span> <span class='ocrx_word' id='word_1_200' title='bbox 1442 2402 1712 2474; x_wconf 82' lang='lat' dir='ltr'><strong>perquiris</strong></span> <span class='ocrx_word' id='word_1_201' title='bbox 1743 2403 1766 2457; x_wconf 65' lang='grc' dir='ltr'>ἵ</span> <span class='ocrx_word' id='word_1_202' title='bbox 1800 2404 1905 2459; x_wconf 90' lang='lat' dir='ltr'><strong>Sed</strong></span> <span class='ocrx_word' id='word_1_203' title='bbox 1935 2419 2051 2473; x_wconf 82' lang='lat' dir='ltr'><strong>per-</strong></span> 
     </span>
    </p>
   </div>
   <div class='ocr_carea' id='block_1_26' title="bbox 473 2490 2049 2567">
    <p class='ocr_par' dir='ltr' id='par_1_26' title="bbox 473 2490 2049 2567">
     <span class='ocr_line' id='line_1_26' title="bbox 473 2490 2049 2567; baseline 0.004 -23"><span class='ocrx_word' id='word_1_204' title='bbox 473 2490 719 2563; x_wconf 88' lang='lat' dir='ltr'><strong>spicuum</strong></span> <span class='ocrx_word' id='word_1_205' title='bbox 747 2500 830 2547; x_wconf 89' lang='lat' dir='ltr'><strong>est</strong></span> <span class='ocrx_word' id='word_1_206' title='bbox 848 2507 1029 2549; x_wconf 90' lang='lat' dir='ltr'><strong>rerum</strong></span> <span class='ocrx_word' id='word_1_207' title='bbox 1057 2493 1111 2548; x_wconf 90' lang='lat' dir='ltr'><strong>in</strong></span> <span class='ocrx_word' id='word_1_208' title='bbox 1137 2493 1330 2562; x_wconf 90' lang='lat' dir='ltr'><strong>primis</strong></span> <span class='ocrx_word' id='word_1_209' title='bbox 1379 2494 1588 2549; x_wconf 89' lang='lat' dir='ltr'><strong>utilium</strong></span> <span class='ocrx_word' id='word_1_210' title='bbox 1613 2497 1863 2567; x_wconf 80' lang='lat' dir='ltr'><strong>exiguam</strong></span> <span class='ocrx_word' id='word_1_211' title='bbox 1893 2512 2049 2567; x_wconf 84' lang='lat' dir='ltr'><strong>pror-</strong></span> 
     </span>
    </p>
   </div>
   <div class='ocr_carea' id='block_1_27' title="bbox 473 2581 2049 2655">
    <p class='ocr_par' dir='ltr' id='par_1_27' title="bbox 473 2581 2049 2655">
     <span class='ocr_line' id='line_1_27' title="bbox 473 2581 2049 2655; baseline 0.005 -22"><span class='ocrx_word' id='word_1_212' title='bbox 473 2595 566 2635; x_wconf 91' lang='lat' dir='ltr'><strong>sus</strong></span> <span class='ocrx_word' id='word_1_213' title='bbox 603 2581 678 2636; x_wconf 92' lang='lat' dir='ltr'><strong>illi</strong></span> <span class='ocrx_word' id='word_1_214' title='bbox 714 2596 903 2641; x_wconf 76' lang='lat' dir='ltr'><strong>curam</strong></span> <span class='ocrx_word' id='word_1_215' title='bbox 955 2597 1099 2650; x_wconf 89' lang='lat' dir='ltr'><strong>esse,</strong></span> <span class='ocrx_word' id='word_1_216' title='bbox 1158 2598 1223 2638; x_wconf 89' lang='lat' dir='ltr'><strong>ac</strong></span> <span class='ocrx_word' id='word_1_217' title='bbox 1263 2584 1662 2655; x_wconf 84' lang='lat' dir='ltr'><strong>quodammodo</strong></span> <span class='ocrx_word' id='word_1_218' title='bbox 1695 2595 1940 2641; x_wconf 87' lang='lat' dir='ltr'><strong>metuere</strong></span> <span class='ocrx_word' id='word_1_219' title='bbox 1983 2600 2049 2641; x_wconf 90' lang='lat' dir='ltr'><strong>ne</strong></span> 
     </span>
    </p>
   </div>
   <div class='ocr_carea' id='block_1_28' title="bbox 474 2673 2048 2748">
    <p class='ocr_par' dir='ltr' id='par_1_28' title="bbox 474 2673 2048 2748">
     <span class='ocr_line' id='line_1_28' title="bbox 474 2673 2048 2748; baseline 0.004 -23"><span class='ocrx_word' id='word_1_220' title='bbox 474 2673 605 2741; x_wconf 81' lang='lat' dir='ltr'><strong>quid</strong></span> <span class='ocrx_word' id='word_1_221' title='bbox 635 2674 749 2728; x_wconf 82' lang='lat' dir='ltr'><strong>veri</strong></span> <span class='ocrx_word' id='word_1_222' title='bbox 804 2689 996 2742; x_wconf 85' lang='lat' dir='ltr'><strong>parum</strong></span> <span class='ocrx_word' id='word_1_223' title='bbox 1036 2676 1329 2734; x_wconf 83' lang='lat' dir='ltr'><strong>advertens</strong></span> <span class='ocrx_word' id='word_1_224' title='bbox 1384 2677 1548 2742; x_wconf 83' lang='lat' dir='ltr'><strong>dicat,</strong></span> <span class='ocrx_word' id='word_1_225' title='bbox 1578 2685 1630 2731; x_wconf 92' lang='lat' dir='ltr'><strong>et</strong></span> <span class='ocrx_word' id='word_1_226' title='bbox 1678 2678 1811 2733; x_wconf 86' lang='lat' dir='ltr'><strong>recti</strong></span> <span class='ocrx_word' id='word_1_227' title='bbox 1844 2677 2048 2748; x_wconf 87' lang='lat' dir='ltr'><strong>aliquid</strong></span> 
     </span>
    </p>
   </div>
   <div class='ocr_carea' id='block_1_29' title="bbox 473 2761 2051 2836">
    <p class='ocr_par' dir='ltr' id='par_1_29' title="bbox 473 2761 2051 2836">
     <span class='ocr_line' id='line_1_29' title="bbox 473 2761 2051 2836; baseline 0.006 -24"><span class='ocrx_word' id='word_1_228' title='bbox 473 2761 678 2816; x_wconf 88' lang='lat' dir='ltr'><strong>sentire</strong></span> <span class='ocrx_word' id='word_1_229' title='bbox 738 2763 1175 2830; x_wconf 80' lang='lat' dir='ltr'><strong>deprehendatur</strong></span> <span class='ocrx_word' id='word_1_230' title='bbox 1221 2782 1235 2818; x_wconf 89' lang='lat'><strong>:</strong></span> <span class='ocrx_word' id='word_1_231' title='bbox 1287 2774 1344 2821; x_wconf 92' lang='lat' dir='ltr'><strong>et</strong></span> <span class='ocrx_word' id='word_1_232' title='bbox 1391 2766 1776 2821; x_wconf 87' lang='lat' dir='ltr'><strong>absurdissima</strong></span> <span class='ocrx_word' id='word_1_233' title='bbox 1821 2782 2051 2836; x_wconf 73' lang='lat' dir='ltr'><strong>quaeque</strong></span> 
     </span>
    </p>
   </div>
   <div class='ocr_carea' id='block_1_30' title="bbox 472 2853 2051 2927">
    <p class='ocr_par' dir='ltr' id='par_1_30' title="bbox 472 2853 2051 2927">
     <span class='ocr_line' id='line_1_30' title="bbox 472 2853 2051 2927; baseline 0.004 -20"><span class='ocrx_word' id='word_1_234' title='bbox 472 2853 692 2927; x_wconf 80' lang='lat' dir='ltr'><strong>cogitat,</strong></span> <span class='ocrx_word' id='word_1_235' title='bbox 724 2864 780 2909; x_wconf 90' lang='lat' dir='ltr'><strong>et</strong></span> <span class='ocrx_word' id='word_1_236' title='bbox 799 2855 1197 2913; x_wconf 85' lang='lat' dir='ltr'><strong>inconsiderate</strong></span> <span class='ocrx_word' id='word_1_237' title='bbox 1218 2858 1507 2913; x_wconf 86' lang='lat' dir='ltr'><strong>admodum</strong></span> <span class='ocrx_word' id='word_1_238' title='bbox 1542 2865 1764 2913; x_wconf 86' lang='lat' dir='ltr'><strong>accusat</strong></span> <span class='ocrx_word' id='word_1_239' title='bbox 1797 2858 2051 2914; x_wconf 83' lang='lat' dir='ltr'><strong>Ecclesiae</strong></span> 
     </span>
    </p>
   </div>
   <div class='ocr_carea' id='block_1_31' title="bbox 474 2946 2049 3021">
    <p class='ocr_par' dir='ltr' id='par_1_31' title="bbox 474 2946 2049 3021">
     <span class='ocr_line' id='line_1_31' title="bbox 474 2946 2049 3021; baseline 0.006 -27"><span class='ocrx_word' id='word_1_240' title='bbox 474 2947 748 3015; x_wconf 76' lang='lat' dir='ltr'><strong>dogmata.</strong></span> <span class='ocrx_word' id='word_1_241' title='bbox 790 2946 951 3018; x_wconf 86' lang='lat' dir='ltr'><strong>Atqui</strong></span> <span class='ocrx_word' id='word_1_242' title='bbox 993 2949 1305 3004; x_wconf 84' lang='lat' dir='ltr'><strong>meminisse</strong></span> <span class='ocrx_word' id='word_1_243' title='bbox 1339 2964 1462 3004; x_wconf 85' lang='lat' dir='ltr'><strong>eum</strong></span> <span class='ocrx_word' id='word_1_244' title='bbox 1511 2950 1750 3021; x_wconf 88' lang='lat' dir='ltr'><strong>oportuit</strong></span> <span class='ocrx_word' id='word_1_245' title='bbox 1791 2950 1883 3006; x_wconf 90' lang='lat' dir='ltr'><strong>Dei</strong></span> <span class='ocrx_word' id='word_1_246' title='bbox 1931 2965 2049 3016; x_wconf 84' lang='lat' dir='ltr'><strong>ver-</strong></span> 
     </span>
    </p>
   </div>
   <div class='ocr_carea' id='block_1_32' title="bbox 2156 497 3734 583">
    <p class='ocr_par' dir='ltr' id='par_1_32' title="bbox 2156 497 3734 583">
     <span class='ocr_line' id='line_1_32' title="bbox 2156 497 3734 583; baseline 0.013 -32"><span class='ocrx_word' id='word_1_247' title='bbox 2156 497 2383 571; x_wconf 85' lang='grc' dir='ltr'>δυνάμει</span> <span class='ocrx_word' id='word_1_248' title='bbox 2430 503 2745 574; x_wconf 84' lang='grc' dir='ltr'>χρώμενος,</span> <span class='ocrx_word' id='word_1_249' title='bbox 2779 508 2846 560; x_wconf 80' lang='grc' dir='ltr'><strong>ἶν’</strong></span> <span class='ocrx_word' id='word_1_250' title='bbox 2880 512 2907 562; x_wconf 88' lang='grc' dir='ltr'>ὁ</span> <span class='ocrx_word' id='word_1_251' title='bbox 2950 513 3272 583; x_wconf 81' lang='grc' dir='ltr'>ἐνεργήσας,</span> <span class='ocrx_word' id='word_1_252' title='bbox 3320 516 3414 568; x_wconf 72' lang='grc' dir='ltr'><strong>καὶ</strong></span> <span class='ocrx_word' id='word_1_253' title='bbox 3460 516 3559 569; x_wconf 76' lang='grc' dir='ltr'><strong>οὐκ</strong></span> <span class='ocrx_word' id='word_1_254' title='bbox 3601 519 3734 572; x_wconf 76' lang='grc' dir='ltr'>αὑτό</span> 
     </span>
    </p>
   </div>
   <div class='ocr_carea' id='block_1_33' title="bbox 2158 585 3735 679">
    <p class='ocr_par' dir='ltr' id='par_1_33' title="bbox 2158 585 3735 679">
     <span class='ocr_line' id='line_1_33' title="bbox 2158 585 3735 679; baseline 0.013 -39"><span class='ocrx_word' id='word_1_255' title='bbox 2158 585 2269 658; x_wconf 81' lang='grc' dir='ltr'><strong>[Ῐσ.</strong></span> <span class='ocrx_word' id='word_1_256' title='bbox 2305 590 2486 663; x_wconf 81' lang='grc' dir='ltr'>αὐτός]</span> <span class='ocrx_word' id='word_1_257' title='bbox 2522 610 2621 646; x_wconf 86' lang='grc' dir='ltr'><strong>που</strong></span> <span class='ocrx_word' id='word_1_258' title='bbox 2653 595 2852 665; x_wconf 81' lang='grc' dir='ltr'>μᾶλλον</span> <span class='ocrx_word' id='word_1_259' title='bbox 2880 600 3029 670; x_wconf 74' lang='grc' dir='ltr'>παρὰ</span> <span class='ocrx_word' id='word_1_260' title='bbox 3054 601 3162 654; x_wconf 90' lang='grc' dir='ltr'><strong>τῶν</strong></span> <span class='ocrx_word' id='word_1_261' title='bbox 3194 603 3251 655; x_wconf 82' lang='grc' dir='ltr'>ἐν</span> <span class='ocrx_word' id='word_1_262' title='bbox 3285 604 3476 675; x_wconf 82' lang='grc' dir='ltr'>κόσμῳ</span> <span class='ocrx_word' id='word_1_263' title='bbox 3508 604 3735 679; x_wconf 79' lang='grc' dir='ltr'>δοξάζη-</span> 
     </span>
    </p>
   </div>
   <div class='ocr_carea' id='block_1_34' title="bbox 2155 684 3729 770">
    <p class='ocr_par' dir='ltr' id='par_1_34' title="bbox 2155 684 3729 770">
     <span class='ocr_line' id='line_1_34' title="bbox 2155 684 3729 770; baseline 0.011 -33"><span class='ocrx_word' id='word_1_264' title='bbox 2155 702 2269 740; x_wconf 79' lang='grc' dir='ltr'>ται.</span> <span class='ocrx_word' id='word_1_265' title='bbox 2297 687 2363 739; x_wconf 94' lang='grc' dir='ltr'>Τί</span> <span class='ocrx_word' id='word_1_266' title='bbox 2398 684 2512 753; x_wconf 83' lang='grc' dir='ltr'>οῦν,</span> <span class='ocrx_word' id='word_1_267' title='bbox 2548 690 2668 743; x_wconf 79' lang='grc' dir='ltr'>εἰπέ</span> <span class='ocrx_word' id='word_1_268' title='bbox 2698 709 2808 762; x_wconf 80' lang='grc' dir='ltr'>μοι,</span> <span class='ocrx_word' id='word_1_269' title='bbox 2835 691 2896 746; x_wconf 88' lang='grc' dir='ltr'><strong>τὸ</strong></span> <span class='ocrx_word' id='word_1_270' title='bbox 2928 695 3086 748; x_wconf 74' lang='grc' dir='ltr'>πλέον</span> <span class='ocrx_word' id='word_1_271' title='bbox 3116 696 3172 749; x_wconf 75' lang='grc' dir='ltr'>ἐν</span> <span class='ocrx_word' id='word_1_272' title='bbox 3203 715 3261 750; x_wconf 88' lang='grc' dir='ltr'><strong>τε</strong></span> <span class='ocrx_word' id='word_1_273' title='bbox 3283 699 3431 770; x_wconf 80' lang='grc' dir='ltr'>αὐτῷ</span> <span class='ocrx_word' id='word_1_274' title='bbox 3458 701 3729 769; x_wconf 83' lang='grc' dir='ltr'>φαίνεται,</span> 
     </span>
    </p>
   </div>
   <div class='ocr_carea' id='block_1_35' title="bbox 2156 775 3734 860">
    <p class='ocr_par' dir='ltr' id='par_1_35' title="bbox 2156 775 3734 860">
     <span class='ocr_line' id='line_1_35' title="bbox 2156 775 3734 860; baseline 0.012 -34"><span class='ocrx_word' id='word_1_275' title='bbox 2156 775 2251 828; x_wconf 69' lang='grc' dir='ltr'><strong>καὶ</strong></span> <span class='ocrx_word' id='word_1_276' title='bbox 2271 777 2384 839; x_wconf 84' lang='grc' dir='ltr'>τοῖς</span> <span class='ocrx_word' id='word_1_277' title='bbox 2406 777 2581 844; x_wconf 78' lang='grc' dir='ltr'><strong>ἁγίοις</strong></span> <span class='ocrx_word' id='word_1_278' title='bbox 2602 780 2956 847; x_wconf 86' lang='grc' dir='ltr'>ἁποστόλοις;</span> <span class='ocrx_word' id='word_1_279' title='bbox 3000 784 3444 841; x_wconf 86' lang='grc' dir='ltr'>Ἀποτετελέκασι</span> <span class='ocrx_word' id='word_1_280' title='bbox 3482 790 3589 860; x_wconf 78' lang='grc' dir='ltr'>γὰρ</span> <span class='ocrx_word' id='word_1_281' title='bbox 3633 793 3734 846; x_wconf 73' lang='grc' dir='ltr'><strong>οὐκ</strong></span> 
     </span>
    </p>
   </div>
   <div class='ocr_carea' id='block_1_36' title="bbox 2158 865 3732 947">
    <p class='ocr_par' dir='ltr' id='par_1_36' title="bbox 2158 865 3732 947">
     <span class='ocr_line' id='line_1_36' title="bbox 2158 865 3732 947; baseline 0.011 -30"><span class='ocrx_word' id='word_1_282' title='bbox 2158 865 2264 937; x_wconf 75' lang='grc' dir='ltr'>ἰδίᾳ</span> <span class='ocrx_word' id='word_1_283' title='bbox 2314 866 2541 940; x_wconf 80' lang='grc' dir='ltr'><strong>δυνάμει</strong></span> <span class='ocrx_word' id='word_1_284' title='bbox 2579 871 2677 936; x_wconf 82' lang='grc' dir='ltr'>τὰς</span> <span class='ocrx_word' id='word_1_285' title='bbox 2717 873 3191 947; x_wconf 83' lang='grc' dir='ltr'>θαυματουργίας”</span> <span class='ocrx_word' id='word_1_286' title='bbox 3239 879 3333 931; x_wconf 73' lang='grc' dir='ltr'>καὶ</span> <span class='ocrx_word' id='word_1_287' title='bbox 3375 879 3535 933; x_wconf 88' lang='grc' dir='ltr'>τοῦτο</span> <span class='ocrx_word' id='word_1_288' title='bbox 3578 884 3732 935; x_wconf 77' lang='grc' dir='ltr'>αὑτοὶ</span> 
     </span>
    </p>
   </div>
   <div class='ocr_carea' id='block_1_37' title="bbox 2152 956 3734 1041">
    <p class='ocr_par' dir='ltr' id='par_1_37' title="bbox 2152 956 3734 1041">
     <span class='ocr_line' id='line_1_37' title="bbox 2152 956 3734 1041; baseline 0.011 -33"><span class='ocrx_word' id='word_1_289' title='bbox 2152 956 2511 1032; x_wconf 78' lang='grc' dir='ltr'><strong>ὡμολόγησαν</strong></span> <span class='ocrx_word' id='word_1_290' title='bbox 2534 963 2778 1035; x_wconf 77' lang='grc' dir='ltr'><strong>ἐναργῶς</strong></span> <span class='ocrx_word' id='word_1_291' title='bbox 2798 982 2811 995; x_wconf 87' lang='grc'><strong>·</strong></span> <span class='ocrx_word' id='word_1_292' title='bbox 2839 966 3163 1035; x_wconf 80' lang='grc' dir='ltr'>ἁξιάγαστοι</span> <span class='ocrx_word' id='word_1_293' title='bbox 3192 968 3300 1038; x_wconf 84' lang='grc' dir='ltr'><strong>γὰρ</strong></span> <span class='ocrx_word' id='word_1_294' title='bbox 3330 968 3433 1041; x_wconf 74' lang='grc' dir='ltr'>[δἐι</span> <span class='ocrx_word' id='word_1_295' title='bbox 3463 974 3551 1024; x_wconf 76' lang='grc' dir='ltr'><strong>καὶ</strong></span> <span class='ocrx_word' id='word_1_296' title='bbox 3574 973 3734 1026; x_wconf 80' lang='grc' dir='ltr'>τοῦτο</span> 
     </span>
    </p>
   </div>
   <div class='ocr_carea' id='block_1_38' title="bbox 2153 1043 3727 1126">
    <p class='ocr_par' dir='ltr' id='par_1_38' title="bbox 2153 1043 3727 1126">
     <span class='ocr_line' id='line_1_38' title="bbox 2153 1043 3727 1126; baseline 0.013 -31"><span class='ocrx_word' id='word_1_297' title='bbox 2153 1043 2377 1111; x_wconf 77' lang='grc' dir='ltr'>εἰδότες,</span> <span class='ocrx_word' id='word_1_298' title='bbox 2427 1048 2519 1101; x_wconf 80' lang='grc' dir='ltr'><strong>καὶ</strong></span> <span class='ocrx_word' id='word_1_299' title='bbox 2556 1050 2646 1103; x_wconf 90' lang='grc' dir='ltr'><strong>τὸν</strong></span> <span class='ocrx_word' id='word_1_300' title='bbox 2692 1053 2749 1105; x_wconf 85' lang='grc' dir='ltr'>ὲν</span> <span class='ocrx_word' id='word_1_301' title='bbox 2791 1055 2973 1118; x_wconf 80' lang='grc' dir='ltr'>αὐτοῖς</span> <span class='ocrx_word' id='word_1_302' title='bbox 3005 1056 3333 1126; x_wconf 81' lang='grc' dir='ltr'><strong>ἐνεργοῦντα</strong></span> <span class='ocrx_word' id='word_1_303' title='bbox 3378 1059 3689 1126; x_wconf 78' lang='grc' dir='ltr'><strong>δοξάζοντες</strong></span> <span class='ocrx_word' id='word_1_304' title='bbox 3714 1081 3727 1093; x_wconf 90' lang='grc'><strong>·</strong></span> 
     </span>
    </p>
   </div>
   <div class='ocr_carea' id='block_1_39' title="bbox 2154 1132 3734 1222">
    <p class='ocr_par' dir='ltr' id='par_1_39' title="bbox 2154 1132 3734 1222">
     <span class='ocr_line' id='line_1_39' title="bbox 2154 1132 3734 1222; baseline 0.012 -35"><span class='ocrx_word' id='word_1_305' title='bbox 2154 1132 2273 1188; x_wconf 78' lang='grc' dir='ltr'>εἶτα</span> <span class='ocrx_word' id='word_1_306' title='bbox 2300 1137 2414 1202; x_wconf 87' lang='grc' dir='ltr'><strong>πῶς</strong></span> <span class='ocrx_word' id='word_1_307' title='bbox 2435 1140 2535 1194; x_wconf 70' lang='grc' dir='ltr'>οὐκ</span> <span class='ocrx_word' id='word_1_308' title='bbox 2563 1140 2669 1195; x_wconf 78' lang='grc' dir='ltr'>ἔδει</span> <span class='ocrx_word' id='word_1_309' title='bbox 2693 1143 2780 1197; x_wconf 84' lang='grc' dir='ltr'><strong>τὸν</strong></span> <span class='ocrx_word' id='word_1_310' title='bbox 2802 1146 3193 1218; x_wconf 81' lang='grc' dir='ltr'>ὲνεργοῦμενον</span> <span class='ocrx_word' id='word_1_311' title='bbox 3217 1148 3347 1221; x_wconf 66' lang='grc' dir='ltr'>παρ’</span> <span class='ocrx_word' id='word_1_312' title='bbox 3376 1150 3565 1222; x_wconf 83' lang='grc' dir='ltr'>ἐτέρου</span> <span class='ocrx_word' id='word_1_313' title='bbox 3591 1154 3734 1207; x_wconf 70' lang='grc' dir='ltr'>κατὰ</span> 
     </span>
    </p>
   </div>
   <div class='ocr_carea' id='block_1_40' title="bbox 2156 1226 3732 1312">
    <p class='ocr_par' dir='ltr' id='par_1_40' title="bbox 2156 1226 3732 1312">
     <span class='ocr_line' id='line_1_40' title="bbox 2156 1226 3732 1312; baseline 0.013 -35"><span class='ocrx_word' id='word_1_314' title='bbox 2156 1226 2216 1278; x_wconf 86' lang='grc' dir='ltr'>σὲ</span> <span class='ocrx_word' id='word_1_315' title='bbox 2249 1228 2501 1298; x_wconf 86' lang='grc' dir='ltr'>Χριστὸν,</span> <span class='ocrx_word' id='word_1_316' title='bbox 2535 1234 2628 1285; x_wconf 76' lang='grc' dir='ltr'><strong>καὶ</strong></span> <span class='ocrx_word' id='word_1_317' title='bbox 2665 1234 2896 1306; x_wconf 82' lang='grc' dir='ltr'>Θύραθεν</span> <span class='ocrx_word' id='word_1_318' title='bbox 2929 1238 3120 1309; x_wconf 73' lang='grc' dir='ltr'>ἔχοντα</span> <span class='ocrx_word' id='word_1_319' title='bbox 3147 1240 3244 1312; x_wconf 82' lang='grc' dir='ltr'>τὴν</span> <span class='ocrx_word' id='word_1_320' title='bbox 3269 1240 3363 1296; x_wconf 88' lang='grc' dir='ltr'><strong>τοῦ</strong></span> <span class='ocrx_word' id='word_1_321' title='bbox 3395 1244 3732 1311; x_wconf 88' lang='grc' dir='ltr'>Μονογενοῦς</span> 
     </span>
    </p>
   </div>
   <div class='ocr_carea' id='block_1_41' title="bbox 2153 1317 3730 1401">
    <p class='ocr_par' dir='ltr' id='par_1_41' title="bbox 2153 1317 3730 1401">
     <span class='ocr_line' id='line_1_41' title="bbox 2153 1317 3730 1401; baseline 0.011 -32"><span class='ocrx_word' id='word_1_322' title='bbox 2153 1317 2417 1385; x_wconf 79' lang='grc' dir='ltr'>εὐδοξίαν,</span> <span class='ocrx_word' id='word_1_323' title='bbox 2445 1325 2558 1385; x_wconf 78' lang='grc' dir='ltr'>τοῖς</span> <span class='ocrx_word' id='word_1_324' title='bbox 2591 1324 2901 1397; x_wconf 75' lang='grc' dir='ltr'><strong>προσιοῦσιν</strong></span> <span class='ocrx_word' id='word_1_325' title='bbox 2925 1328 3001 1393; x_wconf 86' lang='grc' dir='ltr'>ὡς</span> <span class='ocrx_word' id='word_1_326' title='bbox 3032 1329 3172 1401; x_wconf 82' lang='grc' dir='ltr'>Θεῷ,</span> <span class='ocrx_word' id='word_1_327' title='bbox 3197 1332 3292 1384; x_wconf 75' lang='grc' dir='ltr'><strong>καὶ</strong></span> <span class='ocrx_word' id='word_1_328' title='bbox 3336 1331 3438 1401; x_wconf 88' lang='grc' dir='ltr'><strong>τῆς</strong></span> <span class='ocrx_word' id='word_1_329' title='bbox 3480 1333 3607 1401; x_wconf 87' lang='grc' dir='ltr'>παρ’</span> <span class='ocrx_word' id='word_1_330' title='bbox 3630 1332 3730 1385; x_wconf 77' lang='grc' dir='ltr'><strong>αὖ·</strong></span> 
     </span>
    </p>
   </div>
   <div class='ocr_carea' id='block_1_42' title="bbox 2151 1409 3730 1494">
    <p class='ocr_par' dir='ltr' id='par_1_42' title="bbox 2151 1409 3730 1494">
     <span class='ocr_line' id='line_1_42' title="bbox 2151 1409 3730 1494; baseline 0.011 -33"><span class='ocrx_word' id='word_1_331' title='bbox 2151 1409 2245 1462; x_wconf 89' lang='grc' dir='ltr'><strong>τοῦ</strong></span> <span class='ocrx_word' id='word_1_332' title='bbox 2285 1411 2626 1485; x_wconf 88' lang='grc' dir='ltr'>δεδεημένοις</span> <span class='ocrx_word' id='word_1_333' title='bbox 2670 1418 2989 1490; x_wconf 76' lang='grc' dir='ltr'>ἐπικουρίας</span> <span class='ocrx_word' id='word_1_334' title='bbox 3044 1423 3357 1492; x_wconf 79' lang='grc' dir='ltr'>ἐπιφωνεῖν,</span> <span class='ocrx_word' id='word_1_335' title='bbox 3393 1424 3451 1477; x_wconf 76' lang='grc' dir='ltr'>ἐν</span> <span class='ocrx_word' id='word_1_336' title='bbox 3500 1425 3730 1494; x_wconf 78' lang='grc' dir='ltr'>ὀνόματι</span> 
     </span>
    </p>
   </div>
   <div class='ocr_carea' id='block_1_43' title="bbox 2152 1501 3731 1586">
    <p class='ocr_par' dir='ltr' id='par_1_43' title="bbox 2152 1501 3731 1586">
     <span class='ocr_line' id='line_1_43' title="bbox 2152 1501 3731 1586; baseline 0.008 -31"><span class='ocrx_word' id='word_1_337' title='bbox 2152 1501 2245 1555; x_wconf 87' lang='grc' dir='ltr'><strong>τοῦ</strong></span> <span class='ocrx_word' id='word_1_338' title='bbox 2269 1503 2630 1573; x_wconf 84' lang='grc' dir='ltr'>Μονογενοῦς,</span> <span class='ocrx_word' id='word_1_339' title='bbox 2655 1511 2822 1580; x_wconf 79' lang='grc' dir='ltr'>ἦγουν</span> <span class='ocrx_word' id='word_1_340' title='bbox 2844 1513 2902 1565; x_wconf 78' lang='grc' dir='ltr'>ἐν</span> <span class='ocrx_word' id='word_1_341' title='bbox 2921 1512 3319 1586; x_wconf 86' lang='grc' dir='ltr'>δυνάμει,Τόδε</span> <span class='ocrx_word' id='word_1_342' title='bbox 3342 1515 3393 1570; x_wconf 87' lang='grc' dir='ltr'><strong>τί</strong></span> <span class='ocrx_word' id='word_1_343' title='bbox 3418 1533 3498 1569; x_wconf 91' lang='grc' dir='ltr'><strong>σοι</strong></span> <span class='ocrx_word' id='word_1_344' title='bbox 3521 1517 3731 1583; x_wconf 88' lang='grc' dir='ltr'>γένοιτο</span> 
     </span>
    </p>
   </div>
   <div class='ocr_carea' id='block_1_44' title="bbox 2152 1586 3727 1679">
    <p class='ocr_par' dir='ltr' id='par_1_44' title="bbox 2152 1586 3727 1679">
     <span class='ocr_line' id='line_1_44' title="bbox 2152 1586 3727 1679; baseline 0.017 -34"><span class='ocrx_word' id='word_1_345' title='bbox 2152 1593 2261 1647; x_wconf 91' lang='grc' dir='ltr'><strong>τῶν</strong></span> <span class='ocrx_word' id='word_1_346' title='bbox 2289 1595 2544 1664; x_wconf 85' lang='grc' dir='ltr'>ἁγαθῶν;</span> <span class='ocrx_word' id='word_1_347' title='bbox 2569 1600 2727 1653; x_wconf 88' lang='grc' dir='ltr'>τοῦτο</span> <span class='ocrx_word' id='word_1_348' title='bbox 2751 1602 2859 1673; x_wconf 81' lang='grc' dir='ltr'><strong>γὰρ</strong></span> <span class='ocrx_word' id='word_1_349' title='bbox 2891 1603 3060 1676; x_wconf 79' lang='grc' dir='ltr'>ἔδρων</span> <span class='ocrx_word' id='word_1_350' title='bbox 3084 1607 3135 1660; x_wconf 87' lang='grc' dir='ltr'>οἱ</span> <span class='ocrx_word' id='word_1_351' title='bbox 3166 1586 3430 1675; x_wconf 63' lang='grc' dir='ltr'>πάνσοφοι</span> <span class='ocrx_word' id='word_1_352' title='bbox 3465 1609 3727 1679; x_wconf 66' lang='grc' dir='ltr'>μαθηταὶ,</span> 
     </span>
    </p>
   </div>
   <div class='ocr_carea' id='block_1_45' title="bbox 2165 1680 3732 1771">
    <p class='ocr_par' dir='ltr' id='par_1_45' title="bbox 2165 1680 3732 1771">
     <span class='ocr_line' id='line_1_45' title="bbox 2165 1680 3732 1771; baseline 0.009 -33"><span class='ocrx_word' id='word_1_353' title='bbox 2165 1680 2371 1756; x_wconf 82' lang='grc' dir='ltr'>Ἰησοῦν</span> <span class='ocrx_word' id='word_1_354' title='bbox 2395 1689 2486 1743; x_wconf 88' lang='grc' dir='ltr'><strong>τὸν</strong></span> <span class='ocrx_word' id='word_1_355' title='bbox 2507 1692 2571 1745; x_wconf 79' lang='grc' dir='ltr'>ἐκ</span> <span class='ocrx_word' id='word_1_356' title='bbox 2600 1693 2856 1766; x_wconf 77' lang='grc' dir='ltr'>Ναζαρὲτ</span> <span class='ocrx_word' id='word_1_357' title='bbox 2882 1697 3239 1768; x_wconf 78' lang='grc' dir='ltr'>ὀνομάζοντες</span> <span class='ocrx_word' id='word_1_358' title='bbox 3263 1704 3558 1771; x_wconf 81' lang='grc' dir='ltr'>πανταχοῦ.</span> <span class='ocrx_word' id='word_1_359' title='bbox 3575 1700 3699 1753; x_wconf 81' lang='grc' dir='ltr'>Ἀλλ</span> <span class='ocrx_word' id='word_1_360' title='bbox 3715 1699 3732 1721; x_wconf 72' lang='grc'>⁸</span> 
     </span>
    </p>
   </div>
   <div class='ocr_carea' id='block_1_46' title="bbox 2153 1774 3727 1858">
    <p class='ocr_par' dir='ltr' id='par_1_46' title="bbox 2153 1774 3727 1858">
     <span class='ocr_line' id='line_1_46' title="bbox 2153 1774 3727 1858; baseline 0.009 -32"><span class='ocrx_word' id='word_1_361' title='bbox 2153 1774 2329 1829; x_wconf 82' lang='grc' dir='ltr'>οὐδενὶ</span> <span class='ocrx_word' id='word_1_362' title='bbox 2370 1778 2467 1847; x_wconf 84' lang='grc' dir='ltr'><strong>μὲν</strong></span> <span class='ocrx_word' id='word_1_363' title='bbox 2497 1780 2655 1835; x_wconf 88' lang='grc' dir='ltr'>τοῦτο</span> <span class='ocrx_word' id='word_1_364' title='bbox 2680 1785 3121 1858; x_wconf 81' lang='grc' dir='ltr'>προσπεφώνηκε</span> <span class='ocrx_word' id='word_1_365' title='bbox 3152 1788 3458 1852; x_wconf 84' lang='grc' dir='ltr'>παντελῶς·</span> <span class='ocrx_word' id='word_1_366' title='bbox 3494 1787 3727 1841; x_wconf 80' lang='grc' dir='ltr'>ἀνετίθει</span> 
     </span>
    </p>
   </div>
   <div class='ocr_carea' id='block_1_47' title="bbox 2153 1863 3729 1950">
    <p class='ocr_par' dir='ltr' id='par_1_47' title="bbox 2153 1863 3729 1950">
     <span class='ocr_line' id='line_1_47' title="bbox 2153 1863 3729 1950; baseline 0.01 -35"><span class='ocrx_word' id='word_1_367' title='bbox 2153 1863 2210 1916; x_wconf 84' lang='grc' dir='ltr'>δὲ</span> <span class='ocrx_word' id='word_1_368' title='bbox 2240 1865 2442 1936; x_wconf 74' lang='grc' dir='ltr'>μᾶλλον</span> <span class='ocrx_word' id='word_1_369' title='bbox 2477 1868 2584 1942; x_wconf 81' lang='grc' dir='ltr'>ἰδίᾳ</span> <span class='ocrx_word' id='word_1_370' title='bbox 2619 1871 2845 1943; x_wconf 83' lang='grc' dir='ltr'>δυνάμει</span> <span class='ocrx_word' id='word_1_371' title='bbox 2877 1875 2948 1928; x_wconf 85' lang='grc' dir='ltr'>τὰ</span> <span class='ocrx_word' id='word_1_372' title='bbox 2982 1877 3419 1950; x_wconf 79' lang='grc' dir='ltr'>κατορθούμενα·</span> <span class='ocrx_word' id='word_1_373' title='bbox 3450 1878 3579 1932; x_wconf 80' lang='grc' dir='ltr'>ποτὲ</span> <span class='ocrx_word' id='word_1_374' title='bbox 3629 1878 3729 1947; x_wconf 72' lang='grc' dir='ltr'>μὲν</span> 
     </span>
    </p>
   </div>
   <div class='ocr_carea' id='block_1_48' title="bbox 2152 1954 3729 2039">
    <p class='ocr_par' dir='ltr' id='par_1_48' title="bbox 2152 1954 3729 2039">
     <span class='ocr_line' id='line_1_48' title="bbox 2152 1954 3729 2039; baseline 0.009 -29"><span class='ocrx_word' id='word_1_375' title='bbox 2152 1954 2328 2022; x_wconf 82' lang='grc' dir='ltr'>λέγων</span> <span class='ocrx_word' id='word_1_376' title='bbox 2371 1961 2484 2024; x_wconf 84' lang='grc' dir='ltr'>τοῖς</span> <span class='ocrx_word' id='word_1_377' title='bbox 2527 1963 2767 2032; x_wconf 79' lang='grc' dir='ltr'>τυφλοῖς,</span> <span class='ocrx_word' id='word_1_378' title='bbox 2805 1986 2824 2018; x_wconf 81' lang='grc' dir='ltr'><strong>ι</strong></span> <span class='ocrx_word' id='word_1_379' title='bbox 2854 1969 3145 2022; x_wconf 79' lang='grc' dir='ltr'>Πιστεύετε</span> <span class='ocrx_word' id='word_1_380' title='bbox 3185 1971 3268 2024; x_wconf 82' lang='grc' dir='ltr'>ὅτι</span> <span class='ocrx_word' id='word_1_381' title='bbox 3306 1969 3539 2039; x_wconf 80' lang='grc' dir='ltr'>δύναμαι</span> <span class='ocrx_word' id='word_1_382' title='bbox 3568 1969 3729 2024; x_wconf 83' lang='grc' dir='ltr'>τοῦτο</span> 
     </span>
    </p>
   </div>
   <div class='ocr_carea' id='block_1_49' title="bbox 2154 2051 3730 2133">
    <p class='ocr_par' dir='ltr' id='par_1_49' title="bbox 2154 2051 3730 2133">
     <span class='ocr_line' id='line_1_49' title="bbox 2154 2051 3730 2133; baseline 0.008 -31"><span class='ocrx_word' id='word_1_383' title='bbox 2154 2051 2411 2121; x_wconf 85' lang='grc' dir='ltr'>ποιῆσαι;</span> <span class='ocrx_word' id='word_1_384' title='bbox 2444 2055 2585 2109; x_wconf 62' lang='grc' dir='ltr'>ικαὶ</span> <span class='ocrx_word' id='word_1_385' title='bbox 2612 2058 2712 2127; x_wconf 81' lang='grc' dir='ltr'><strong>τὴν</strong></span> <span class='ocrx_word' id='word_1_386' title='bbox 2737 2061 3043 2115; x_wconf 86' lang='grc' dir='ltr'>συναίνεσιν</span> <span class='ocrx_word' id='word_1_387' title='bbox 3069 2063 3338 2117; x_wconf 86' lang='grc' dir='ltr'>ἀπαιτῶν·</span> <span class='ocrx_word' id='word_1_388' title='bbox 3365 2064 3495 2117; x_wconf 78' lang='grc' dir='ltr'>ποτὲ</span> <span class='ocrx_word' id='word_1_389' title='bbox 3515 2063 3571 2116; x_wconf 82' lang='grc' dir='ltr'>δὲ</span> <span class='ocrx_word' id='word_1_390' title='bbox 3600 2079 3699 2133; x_wconf 88' lang='grc' dir='ltr'><strong>μετ</strong></span> <span class='ocrx_word' id='word_1_391' title='bbox 3716 2063 3730 2085; x_wconf 89' lang='lat'>&#39;</span> 
     </span>
    </p>
   </div>
   <div class='ocr_carea' id='block_1_50' title="bbox 2152 2139 3727 2225">
    <p class='ocr_par' dir='ltr' id='par_1_50' title="bbox 2152 2139 3727 2225">
     <span class='ocr_line' id='line_1_50' title="bbox 2152 2139 3727 2225; baseline 0.015 -34"><span class='ocrx_word' id='word_1_392' title='bbox 2152 2139 2400 2205; x_wconf 81' lang='grc' dir='ltr'>ἐξουσίας</span> <span class='ocrx_word' id='word_1_393' title='bbox 2450 2144 2697 2201; x_wconf 85' lang='grc' dir='ltr'>ἀπαιτῶν</span> <span class='ocrx_word' id='word_1_394' title='bbox 2750 2148 2873 2219; x_wconf 60' lang='lat' dir='ltr'><strong>[Ion</strong></span> <span class='ocrx_word' id='word_1_395' title='bbox 2905 2152 3203 2225; x_wconf 82' lang='grc' dir='ltr'>παρέλκει]</span> <span class='ocrx_word' id='word_1_396' title='bbox 3257 2153 3452 2222; x_wconf 87' lang='grc' dir='ltr'>λέγων,</span> <span class='ocrx_word' id='word_1_397' title='bbox 3507 2173 3524 2204; x_wconf 80' lang='grc' dir='ltr'><strong>ι</strong></span> <span class='ocrx_word' id='word_1_398' title='bbox 3556 2153 3727 2215; x_wconf 77' lang='grc' dir='ltr'>Θέλω.</span> 
     </span>
    </p>
   </div>
   <div class='ocr_carea' id='block_1_51' title="bbox 2152 2230 3730 2314">
    <p class='ocr_par' dir='ltr' id='par_1_51' title="bbox 2152 2230 3730 2314">
     <span class='ocr_line' id='line_1_51' title="bbox 2152 2230 3730 2314; baseline 0.008 -32"><span class='ocrx_word' id='word_1_399' title='bbox 2152 2230 2545 2305; x_wconf 75' lang='grc' dir='ltr'>καθαρίσθητι·</span> <span class='ocrx_word' id='word_1_400' title='bbox 2576 2255 2595 2287; x_wconf 67' lang='grc' dir='ltr'><strong>ι</strong></span> <span class='ocrx_word' id='word_1_401' title='bbox 2626 2237 2677 2290; x_wconf 84' lang='grc' dir='ltr'><strong>τί</strong></span> <span class='ocrx_word' id='word_1_402' title='bbox 2719 2239 2793 2309; x_wconf 81' lang='grc' dir='ltr'>μὴ</span> <span class='ocrx_word' id='word_1_403' title='bbox 2817 2241 3012 2311; x_wconf 75' lang='grc' dir='ltr'>παρεὶς</span> <span class='ocrx_word' id='word_1_404' title='bbox 3036 2242 3104 2295; x_wconf 86' lang='grc' dir='ltr'><strong>τὰ</strong></span> <span class='ocrx_word' id='word_1_405' title='bbox 3130 2242 3313 2314; x_wconf 79' lang='grc' dir='ltr'>σαυτῷ</span> <span class='ocrx_word' id='word_1_406' title='bbox 3346 2259 3405 2296; x_wconf 88' lang='grc' dir='ltr'><strong>τε</strong></span> <span class='ocrx_word' id='word_1_407' title='bbox 3443 2242 3537 2296; x_wconf 73' lang='grc' dir='ltr'><strong>καὶ</strong></span> <span class='ocrx_word' id='word_1_408' title='bbox 3581 2244 3730 2312; x_wconf 83' lang='grc' dir='ltr'>μόνῳ</span> 
     </span>
    </p>
   </div>
   <div class='ocr_carea' id='block_1_52' title="bbox 2151 2320 3727 2405">
    <p class='ocr_par' dir='ltr' id='par_1_52' title="bbox 2151 2320 3727 2405">
     <span class='ocr_line' id='line_1_52' title="bbox 2151 2320 3727 2405; baseline 0.005 -27"><span class='ocrx_word' id='word_1_409' title='bbox 2151 2320 2491 2393; x_wconf 79' lang='grc' dir='ltr'>ἐξευρημένα</span> <span class='ocrx_word' id='word_1_410' title='bbox 2516 2331 2844 2401; x_wconf 87' lang='grc' dir='ltr'>γραοπρεπῆ</span> <span class='ocrx_word' id='word_1_411' title='bbox 2881 2330 3118 2402; x_wconf 80' lang='grc' dir='ltr'>μυθάρια</span> <span class='ocrx_word' id='word_1_412' title='bbox 3147 2336 3284 2403; x_wconf 81' lang='grc' dir='ltr'>σοφῇ</span> <span class='ocrx_word' id='word_1_413' title='bbox 3309 2332 3513 2405; x_wconf 77' lang='grc' dir='ltr'>διανοίᾳ</span> <span class='ocrx_word' id='word_1_414' title='bbox 3538 2334 3602 2386; x_wconf 90' lang='grc' dir='ltr'><strong>τὸ</strong></span> <span class='ocrx_word' id='word_1_415' title='bbox 3634 2333 3727 2386; x_wconf 89' lang='grc' dir='ltr'><strong>τοῦ</strong></span> 
     </span>
    </p>
   </div>
   <div class='ocr_carea' id='block_1_53' title="bbox 2154 2413 3725 2493">
    <p class='ocr_par' dir='ltr' id='par_1_53' title="bbox 2154 2413 3725 2493">
     <span class='ocr_line' id='line_1_53' title="bbox 2154 2413 3725 2493; baseline 0.008 -29"><span class='ocrx_word' id='word_1_416' title='bbox 2154 2413 2458 2483; x_wconf 82' lang='grc' dir='ltr'>μυστηρίου</span> <span class='ocrx_word' id='word_1_417' title='bbox 2488 2419 2828 2493; x_wconf 74' lang='grc' dir='ltr'>περιεργάζῃ</span> <span class='ocrx_word' id='word_1_418' title='bbox 2867 2421 3063 2491; x_wconf 84' lang='grc' dir='ltr'>βάθος;</span> <span class='ocrx_word' id='word_1_419' title='bbox 3105 2423 3220 2478; x_wconf 83' lang='grc' dir='ltr'>ἀλλ’</span> <span class='ocrx_word' id='word_1_420' title='bbox 3260 2424 3407 2478; x_wconf 78' lang='grc' dir='ltr'>ἐστιν</span> <span class='ocrx_word' id='word_1_421' title='bbox 3452 2425 3597 2485; x_wconf 72' lang='grc' dir='ltr'>ἰδεῖν,</span> <span class='ocrx_word' id='word_1_422' title='bbox 3644 2426 3725 2477; x_wconf 77' lang='grc' dir='ltr'>ὅτι</span> 
     </span>
    </p>
   </div>
   <div class='ocr_carea' id='block_1_54' title="bbox 2149 2502 3725 2582">
    <p class='ocr_par' dir='ltr' id='par_1_54' title="bbox 2149 2502 3725 2582">
     <span class='ocr_line' id='line_1_54' title="bbox 2149 2502 3725 2582; baseline 0.006 -29"><span class='ocrx_word' id='word_1_423' title='bbox 2149 2502 2257 2555; x_wconf 84' lang='grc' dir='ltr'><strong>τῶν</strong></span> <span class='ocrx_word' id='word_1_424' title='bbox 2280 2503 2388 2573; x_wconf 83' lang='grc' dir='ltr'><strong>μὲν</strong></span> <span class='ocrx_word' id='word_1_425' title='bbox 2415 2506 2729 2575; x_wconf 86' lang='grc' dir='ltr'>ἀναγκαίων</span> <span class='ocrx_word' id='word_1_426' title='bbox 2751 2511 2831 2570; x_wconf 84' lang='grc' dir='ltr'><strong>είς</strong></span> <span class='ocrx_word' id='word_1_427' title='bbox 2849 2509 3055 2581; x_wconf 73' lang='grc' dir='ltr'>ὄνησιν,</span> <span class='ocrx_word' id='word_1_428' title='bbox 3078 2511 3257 2582; x_wconf 80' lang='grc' dir='ltr'>ὀλίγος</span> <span class='ocrx_word' id='word_1_429' title='bbox 3278 2502 3426 2582; x_wconf 81' lang='grc' dir='ltr'><strong>αὐτῷ</strong></span> <span class='ocrx_word' id='word_1_430' title='bbox 3448 2511 3725 2575; x_wconf 76' lang='grc' dir='ltr'>παντελῶς</span> 
     </span>
    </p>
   </div>
   <div class='ocr_carea' id='block_1_55' title="bbox 2149 2594 3721 2674">
    <p class='ocr_par' dir='ltr' id='par_1_55' title="bbox 2149 2594 3721 2674">
     <span class='ocr_line' id='line_1_55' title="bbox 2149 2594 3721 2674; baseline 0.004 -25"><span class='ocrx_word' id='word_1_431' title='bbox 2149 2597 2176 2649; x_wconf 86' lang='grc' dir='ltr'><strong>ό</strong></span> <span class='ocrx_word' id='word_1_432' title='bbox 2208 2594 2365 2663; x_wconf 81' lang='grc' dir='ltr'>λόγος</span> <span class='ocrx_word' id='word_1_433' title='bbox 2384 2612 2397 2624; x_wconf 89' lang='grc'><strong>·</strong></span> <span class='ocrx_word' id='word_1_434' title='bbox 2429 2596 2564 2650; x_wconf 81' lang='grc' dir='ltr'>δέδιε</span> <span class='ocrx_word' id='word_1_435' title='bbox 2608 2599 2878 2672; x_wconf 82' lang='grc' dir='ltr'>δὲῶσπερ</span> <span class='ocrx_word' id='word_1_436' title='bbox 2919 2602 2992 2674; x_wconf 81' lang='grc' dir='ltr'>μὴ</span> <span class='ocrx_word' id='word_1_437' title='bbox 3023 2603 3128 2674; x_wconf 85' lang='grc' dir='ltr'>ἄρα</span> <span class='ocrx_word' id='word_1_438' title='bbox 3160 2621 3212 2656; x_wconf 93' lang='grc' dir='ltr'><strong>τι</strong></span> <span class='ocrx_word' id='word_1_439' title='bbox 3243 2604 3337 2656; x_wconf 81' lang='grc' dir='ltr'>καὶ</span> <span class='ocrx_word' id='word_1_440' title='bbox 3365 2603 3470 2655; x_wconf 91' lang='grc' dir='ltr'><strong>τῶν</strong></span> <span class='ocrx_word' id='word_1_441' title='bbox 3501 2602 3721 2669; x_wconf 79' lang='grc' dir='ltr'>ἀληθῶν</span> 
     </span>
    </p>
   </div>
   <div class='ocr_carea' id='block_1_56' title="bbox 2151 2686 3723 2765">
    <p class='ocr_par' dir='ltr' id='par_1_56' title="bbox 2151 2686 3723 2765">
     <span class='ocr_line' id='line_1_56' title="bbox 2151 2686 3723 2765; baseline 0.004 -27"><span class='ocrx_word' id='word_1_442' title='bbox 2151 2686 2622 2758; x_wconf 79' lang='grc' dir='ltr'>παραφθέγξαιτο’</span> <span class='ocrx_word' id='word_1_443' title='bbox 2664 2692 2838 2746; x_wconf 86' lang='grc' dir='ltr'>καίτοι</span> <span class='ocrx_word' id='word_1_444' title='bbox 2877 2693 2983 2764; x_wconf 83' lang='grc' dir='ltr'><strong>[τσ.</strong></span> <span class='ocrx_word' id='word_1_445' title='bbox 3023 2695 3117 2746; x_wconf 88' lang='grc' dir='ltr'><strong>καί</strong></span> <span class='ocrx_word' id='word_1_446' title='bbox 3137 2693 3221 2765; x_wconf 87' lang='grc' dir='ltr'>τε]</span> <span class='ocrx_word' id='word_1_447' title='bbox 3257 2695 3365 2746; x_wconf 89' lang='grc' dir='ltr'><strong>τῶν</strong></span> <span class='ocrx_word' id='word_1_448' title='bbox 3395 2695 3723 2763; x_wconf 71' lang='grc' dir='ltr'>ἐπαινουμέ-</span> 
     </span>
    </p>
   </div>
   <div class='ocr_carea' id='block_1_57' title="bbox 2150 2776 3726 2851">
    <p class='ocr_par' dir='ltr' id='par_1_57' title="bbox 2150 2776 3726 2851">
     <span class='ocr_line' id='line_1_57' title="bbox 2150 2776 3726 2851; baseline 0.004 -24"><span class='ocrx_word' id='word_1_449' title='bbox 2150 2793 2256 2829; x_wconf 90' lang='grc' dir='ltr'><strong>νων</strong></span> <span class='ocrx_word' id='word_1_450' title='bbox 2308 2776 2460 2848; x_wconf 84' lang='grc' dir='ltr'>ἁλοίη</span> <span class='ocrx_word' id='word_1_451' title='bbox 2508 2780 2887 2851; x_wconf 71' lang='grc' dir='ltr'>πεφρονηκώςο</span> <span class='ocrx_word' id='word_1_452' title='bbox 2938 2781 3108 2836; x_wconf 79' lang='grc' dir='ltr'>οἴεται</span> <span class='ocrx_word' id='word_1_453' title='bbox 3147 2782 3204 2836; x_wconf 85' lang='grc' dir='ltr'>δὲ</span> <span class='ocrx_word' id='word_1_454' title='bbox 3252 2785 3361 2837; x_wconf 82' lang='grc' dir='ltr'>πᾶν</span> <span class='ocrx_word' id='word_1_455' title='bbox 3402 2783 3577 2837; x_wconf 69' lang='grc' dir='ltr'>ὁτιοῦν</span> <span class='ocrx_word' id='word_1_456' title='bbox 3615 2783 3726 2835; x_wconf 86' lang='grc' dir='ltr'><strong>τῶν</strong></span> 
     </span>
    </p>
   </div>
   <div class='ocr_carea' id='block_1_58' title="bbox 2150 2865 3726 2945">
    <p class='ocr_par' dir='ltr' id='par_1_58' title="bbox 2150 2865 3726 2945">
     <span class='ocr_line' id='line_1_58' title="bbox 2150 2865 3726 2945; baseline 0.006 -28"><span class='ocrx_word' id='word_1_457' title='bbox 2150 2865 2563 2937; x_wconf 76' lang='grc' dir='ltr'>ἀπηχεστάτων,</span> <span class='ocrx_word' id='word_1_458' title='bbox 2596 2870 2690 2923; x_wconf 74' lang='grc' dir='ltr'><strong>καὶ</strong></span> <span class='ocrx_word' id='word_1_459' title='bbox 2714 2870 3096 2926; x_wconf 85' lang='grc' dir='ltr'>άκατάσκοπον</span> <span class='ocrx_word' id='word_1_460' title='bbox 3126 2874 3323 2945; x_wconf 86' lang='grc' dir='ltr'>κομιδῆ</span> <span class='ocrx_word' id='word_1_461' title='bbox 3348 2874 3456 2926; x_wconf 91' lang='grc' dir='ltr'><strong>τῶν</strong></span> <span class='ocrx_word' id='word_1_462' title='bbox 3479 2875 3578 2943; x_wconf 84' lang='grc' dir='ltr'><strong>τῆς</strong></span> <span class='ocrx_word' id='word_1_463' title='bbox 3608 2873 3726 2927; x_wconf 83' lang='grc' dir='ltr'><strong>Ἑκ-</strong></span> 
     </span>
    </p>
   </div>
   <div class='ocr_carea' id='block_1_59' title="bbox 2150 2957 3815 3037">
    <p class='ocr_par' dir='ltr' id='par_1_59' title="bbox 2150 2957 3815 3037">
     <span class='ocr_line' id='line_1_59' title="bbox 2150 2957 3815 3037; baseline 0.01 -28"><span class='ocrx_word' id='word_1_464' title='bbox 2150 2957 2379 3027; x_wconf 78' lang='grc' dir='ltr'>κλησίας</span> <span class='ocrx_word' id='word_1_465' title='bbox 2406 2959 2686 3030; x_wconf 78' lang='grc' dir='ltr'>δογμάτων</span> <span class='ocrx_word' id='word_1_466' title='bbox 2717 2965 2949 3017; x_wconf 84' lang='grc' dir='ltr'>ποιεῖται</span> <span class='ocrx_word' id='word_1_467' title='bbox 2999 2964 3098 3035; x_wconf 83' lang='grc' dir='ltr'>τὴν</span> <span class='ocrx_word' id='word_1_468' title='bbox 3141 2967 3512 3037; x_wconf 75' lang='grc' dir='ltr'>κατάρρησινο</span> <span class='ocrx_word' id='word_1_469' title='bbox 3548 2967 3724 3020; x_wconf 86' lang='grc' dir='ltr'>καίτοι</span> <span class='ocrx_word' id='word_1_470' title='bbox 3814 3022 3815 3025; x_wconf 45' lang='grc' dir='ltr'><strong>η</strong></span> 
     </span>
    </p>
   </div>
   <div class='ocr_carea' id='block_1_60' title="bbox 475 3037 2049 3139">
    <p class='ocr_par' dir='ltr' id='par_1_60' title="bbox 475 3037 2044 3111">
     <span class='ocr_line' id='line_1_60' title="bbox 475 3037 2044 3111; baseline -0.001 -17"><span class='ocrx_word' id='word_1_471' title='bbox 475 3037 689 3104; x_wconf 89' lang='lat' dir='ltr'><strong>borum,</strong></span> <span class='ocrx_word' id='word_1_472' title='bbox 719 3038 1022 3109; x_wconf 61' lang='lat' dir='ltr'><strong>praepositis</strong></span> <span class='ocrx_word' id='word_1_473' title='bbox 1050 3039 1405 3095; x_wconf 75' lang='lat' dir='ltr'><strong>rationalium</strong></span> <span class='ocrx_word' id='word_1_474' title='bbox 1456 3055 1680 3111; x_wconf 75' lang='lat' dir='ltr'><strong>gregum</strong></span> <span class='ocrx_word' id='word_1_475' title='bbox 1733 3054 1830 3108; x_wconf 91' lang='lat' dir='ltr'><strong>per</strong></span> <span class='ocrx_word' id='word_1_476' title='bbox 1857 3054 2044 3094; x_wconf 87' lang='lat' dir='ltr'><strong>vocem</strong></span> 
     </span>
    </p>
   </div>
   <div class='ocr_carea' id='block_1_61' title="bbox 2152 3037 3725 3139">
    <p class='ocr_par' dir='ltr' id='par_1_61' title="bbox 2152 3048 3725 3126">
     <span class='ocr_line' id='line_1_61' title="bbox 2152 3048 3725 3126; baseline 0.007 -28"><span class='ocrx_word' id='word_1_477' title='bbox 2152 3048 2459 3119; x_wconf 85' lang='grc' dir='ltr'>μεμνῆσθαι</span> <span class='ocrx_word' id='word_1_478' title='bbox 2495 3049 2611 3104; x_wconf 82' lang='grc' dir='ltr'>δέον</span> <span class='ocrx_word' id='word_1_479' title='bbox 2633 3052 2795 3106; x_wconf 80' lang='grc' dir='ltr'>αὐτὸν</span> <span class='ocrx_word' id='word_1_480' title='bbox 2815 3052 2948 3107; x_wconf 87' lang='grc' dir='ltr'>Θεοῦ</span> <span class='ocrx_word' id='word_1_481' title='bbox 2969 3053 3217 3123; x_wconf 86' lang='grc' dir='ltr'>λέγοντος</span> <span class='ocrx_word' id='word_1_482' title='bbox 3237 3054 3324 3108; x_wconf 85' lang='grc' dir='ltr'>διὰ</span> <span class='ocrx_word' id='word_1_483' title='bbox 3353 3056 3537 3126; x_wconf 80' lang='grc' dir='ltr'>φωνῆς</span> <span class='ocrx_word' id='word_1_484' title='bbox 3569 3057 3725 3120; x_wconf 73' lang='grc' dir='ltr'>Ἰεζεα</span> 
     </span>
    </p>
   </div>
   <div class='ocr_carea' id='block_1_62' title="bbox 472 3130 2044 3202">
    <p class='ocr_par' dir='ltr' id='par_1_62' title="bbox 472 3130 2044 3202">
     <span class='ocr_line' id='line_1_62' title="bbox 472 3130 2044 3202; baseline 0.002 -21"><span class='ocrx_word' id='word_1_485' title='bbox 472 3130 724 3190; x_wconf 73' lang='lat' dir='ltr'><strong>Ezechiel</strong></span> <span class='ocrx_word' id='word_1_486' title='bbox 758 3131 1024 3188; x_wconf 89' lang='lat' dir='ltr'><strong>dicentis:</strong></span> <span class='ocrx_word' id='word_1_487' title='bbox 1063 3149 1082 3183; x_wconf 84' lang='grc' dir='ltr'><strong>ι</strong></span> <span class='ocrx_word' id='word_1_488' title='bbox 1153 3131 1417 3186; x_wconf 83' lang='lat' dir='ltr'><strong>Praeclara</strong></span> <span class='ocrx_word' id='word_1_489' title='bbox 1468 3145 1665 3200; x_wconf 88' lang='lat' dir='ltr'><strong>pascua</strong></span> <span class='ocrx_word' id='word_1_490' title='bbox 1713 3132 2044 3202; x_wconf 78' lang='lat' dir='ltr'><strong>deposceba-</strong></span> 
     </span>
    </p>
   </div>
   <div class='ocr_carea' id='block_1_63' title="bbox 474 3222 2047 3298">
    <p class='ocr_par' dir='ltr' id='par_1_63' title="bbox 474 3222 2047 3298">
     <span class='ocr_line' id='line_1_63' title="bbox 474 3222 2047 3298; baseline 0.002 -24"><span class='ocrx_word' id='word_1_491' title='bbox 474 3223 626 3288; x_wconf 84' lang='lat' dir='ltr'><strong>miui,</strong></span> <span class='ocrx_word' id='word_1_492' title='bbox 678 3233 735 3281; x_wconf 90' lang='lat' dir='ltr'><strong>et</strong></span> <span class='ocrx_word' id='word_1_493' title='bbox 780 3239 976 3298; x_wconf 84' lang='lat' dir='ltr'><strong>aquam</strong></span> <span class='ocrx_word' id='word_1_494' title='bbox 1035 3223 1423 3280; x_wconf 88' lang='lat' dir='ltr'><strong>consistentem</strong></span> <span class='ocrx_word' id='word_1_495' title='bbox 1480 3222 1878 3289; x_wconf 84' lang='lat' dir='ltr'><strong>bibebatis;et</strong></span> <span class='ocrx_word' id='word_1_496' title='bbox 1918 3225 2047 3280; x_wconf 86' lang='lat' dir='ltr'><strong>reli-</strong></span> 
     </span>
    </p>
   </div>
   <div class='ocr_carea' id='block_1_64' title="bbox 472 3314 2047 3391">
    <p class='ocr_par' dir='ltr' id='par_1_64' title="bbox 472 3314 2047 3391">
     <span class='ocr_line' id='line_1_64' title="bbox 472 3314 2047 3391; baseline 0.004 -26"><span class='ocrx_word' id='word_1_497' title='bbox 472 3332 633 3391; x_wconf 68' lang='lat' dir='ltr'><strong>quam</strong></span> <span class='ocrx_word' id='word_1_498' title='bbox 662 3314 963 3371; x_wconf 83' lang='lat' dir='ltr'><strong>turbahatis</strong></span> <span class='ocrx_word' id='word_1_499' title='bbox 986 3315 1212 3384; x_wconf 89' lang='lat' dir='ltr'><strong>pedibus</strong></span> <span class='ocrx_word' id='word_1_500' title='bbox 1238 3314 1457 3383; x_wconf 86' lang='lat' dir='ltr'><strong>vestris,</strong></span> <span class='ocrx_word' id='word_1_501' title='bbox 1496 3325 1550 3370; x_wconf 92' lang='lat' dir='ltr'><strong>et</strong></span> <span class='ocrx_word' id='word_1_502' title='bbox 1594 3329 1725 3370; x_wconf 84' lang='lat' dir='ltr'><strong>oves</strong></span> <span class='ocrx_word' id='word_1_503' title='bbox 1754 3330 1887 3371; x_wconf 82' lang='lat' dir='ltr'><strong>meae</strong></span> <span class='ocrx_word' id='word_1_504' title='bbox 1914 3331 2047 3371; x_wconf 77' lang='lat' dir='ltr'><strong>con-</strong></span> 
     </span>
    </p>
   </div>
   <div class='ocr_carea' id='block_1_65' title="bbox 471 3405 2044 3480">
    <p class='ocr_par' dir='ltr' id='par_1_65' title="bbox 471 3405 2044 3480">
     <span class='ocr_line' id='line_1_65' title="bbox 471 3405 2044 3480; baseline 0.006 -28"><span class='ocrx_word' id='word_1_505' title='bbox 471 3427 484 3452; x_wconf 78' lang='grc' dir='ltr'><strong>ι</strong></span> <span class='ocrx_word' id='word_1_506' title='bbox 506 3406 691 3460; x_wconf 61' lang='grc' dir='ltr'>ιιΙοειιεικ</span> <span class='ocrx_word' id='word_1_507' title='bbox 714 3405 941 3480; x_wconf 84' lang='lat' dir='ltr'><strong>pedibus</strong></span> <span class='ocrx_word' id='word_1_508' title='bbox 979 3406 1178 3462; x_wconf 85' lang='lat' dir='ltr'><strong>vestris</strong></span> <span class='ocrx_word' id='word_1_509' title='bbox 1207 3406 1656 3476; x_wconf 88' lang='lat' dir='ltr'><strong>depascebantur,</strong></span> <span class='ocrx_word' id='word_1_510' title='bbox 1685 3417 1740 3461; x_wconf 95' lang='lat' dir='ltr'><strong>et</strong></span> <span class='ocrx_word' id='word_1_511' title='bbox 1773 3407 2044 3462; x_wconf 89' lang='lat' dir='ltr'><strong>turbatam</strong></span> 
     </span>
    </p>
   </div>
   <div class='ocr_carea' id='block_1_66' title="bbox 469 3497 2042 3566">
    <p class='ocr_par' dir='ltr' id='par_1_66' title="bbox 469 3497 2042 3566">
     <span class='ocr_line' id='line_1_66' title="bbox 469 3497 2042 3566; baseline 0.003 -18"><span class='ocrx_word' id='word_1_512' title='bbox 469 3510 666 3565; x_wconf 84' lang='lat' dir='ltr'><strong>aquam</strong></span> <span class='ocrx_word' id='word_1_513' title='bbox 729 3497 953 3566; x_wconf 86' lang='lat' dir='ltr'><strong>pedibus</strong></span> <span class='ocrx_word' id='word_1_514' title='bbox 1003 3497 1203 3553; x_wconf 79' lang='lat' dir='ltr'><strong>vestris</strong></span> <span class='ocrx_word' id='word_1_515' title='bbox 1248 3497 1505 3553; x_wconf 88' lang='lat' dir='ltr'><strong>bibebant</strong></span> <span class='ocrx_word' id='word_1_516' title='bbox 1534 3498 1599 3553; x_wconf 77' lang='lat'><strong>“.</strong></span> <span class='ocrx_word' id='word_1_517' title='bbox 1642 3498 1811 3554; x_wconf 56' lang='lat' dir='ltr'><strong>rNos</strong></span> <span class='ocrx_word' id='word_1_518' title='bbox 1872 3500 2042 3565; x_wconf 89' lang='lat' dir='ltr'><strong>enim,</strong></span> 
     </span>
    </p>
   </div>
   <div class='ocr_carea' id='block_1_67' title="bbox 470 3588 2040 3660">
    <p class='ocr_par' dir='ltr' id='par_1_67' title="bbox 470 3588 2040 3660">
     <span class='ocr_line' id='line_1_67' title="bbox 470 3588 2040 3660; baseline 0.004 -22"><span class='ocrx_word' id='word_1_519' title='bbox 470 3588 728 3643; x_wconf 80' lang='lat' dir='ltr'><strong>divinitus</strong></span> <span class='ocrx_word' id='word_1_520' title='bbox 782 3588 1062 3659; x_wconf 87' lang='lat' dir='ltr'><strong>inspiratis</strong></span> <span class='ocrx_word' id='word_1_521' title='bbox 1118 3589 1339 3645; x_wconf 87' lang='lat' dir='ltr'><strong>Litteris</strong></span> <span class='ocrx_word' id='word_1_522' title='bbox 1408 3590 1647 3645; x_wconf 88' lang='lat' dir='ltr'><strong>animum</strong></span> <span class='ocrx_word' id='word_1_523' title='bbox 1694 3591 2040 3660; x_wconf 89' lang='lat' dir='ltr'><strong>adjicientes,</strong></span> 
     </span>
    </p>
   </div>
   <div class='ocr_carea' id='block_1_68' title="bbox 470 3681 2044 3753">
    <p class='ocr_par' dir='ltr' id='par_1_68' title="bbox 470 3681 2044 3753">
     <span class='ocr_line' id='line_1_68' title="bbox 470 3681 2044 3753; baseline 0.001 -19"><span class='ocrx_word' id='word_1_524' title='bbox 470 3681 725 3749; x_wconf 55' lang='lat' dir='ltr'><strong>praeclara</strong></span> <span class='ocrx_word' id='word_1_525' title='bbox 746 3696 944 3751; x_wconf 90' lang='lat' dir='ltr'><strong>pascua</strong></span> <span class='ocrx_word' id='word_1_526' title='bbox 969 3681 1333 3751; x_wconf 88' lang='lat' dir='ltr'><strong>depascimur,</strong></span> <span class='ocrx_word' id='word_1_527' title='bbox 1352 3691 1410 3735; x_wconf 92' lang='lat' dir='ltr'><strong>ut</strong></span> <span class='ocrx_word' id='word_1_528' title='bbox 1429 3682 1690 3753; x_wconf 88' lang='lat' dir='ltr'><strong>scriptum</strong></span> <span class='ocrx_word' id='word_1_529' title='bbox 1714 3692 1819 3747; x_wconf 84' lang='lat' dir='ltr'><strong>est,</strong></span> <span class='ocrx_word' id='word_1_530' title='bbox 1848 3698 2044 3753; x_wconf 88' lang='lat' dir='ltr'><strong>aquam</strong></span> 
     </span>
    </p>
   </div>
   <div class='ocr_carea' id='block_1_69' title="bbox 468 3775 2045 3842">
    <p class='ocr_par' dir='ltr' id='par_1_69' title="bbox 468 3775 2045 3842">
     <span class='ocr_line' id='line_1_69' title="bbox 468 3775 2045 3842; baseline 0.001 -14"><span class='ocrx_word' id='word_1_531' title='bbox 468 3775 633 3830; x_wconf 87' lang='lat' dir='ltr'><strong>etiam</strong></span> <span class='ocrx_word' id='word_1_532' title='bbox 688 3776 1075 3831; x_wconf 87' lang='lat' dir='ltr'><strong>consistentem</strong></span> <span class='ocrx_word' id='word_1_533' title='bbox 1112 3776 1372 3839; x_wconf 87' lang='lat' dir='ltr'><strong>bibimus,</strong></span> <span class='ocrx_word' id='word_1_534' title='bbox 1426 3778 1528 3830; x_wconf 89' lang='lat' dir='ltr'><strong>hoc</strong></span> <span class='ocrx_word' id='word_1_535' title='bbox 1579 3786 1687 3842; x_wconf 73' lang='lat' dir='ltr'><strong>est,</strong></span> <span class='ocrx_word' id='word_1_536' title='bbox 1738 3792 2045 3832; x_wconf 88' lang='lat' dir='ltr'><strong>sermonem</strong></span> 
     </span>
    </p>
   </div>
   <div class='ocr_carea' id='block_1_70' title="bbox 468 3870 2047 3944">
    <p class='ocr_par' dir='ltr' id='par_1_70' title="bbox 468 3870 2047 3944">
     <span class='ocr_line' id='line_1_70' title="bbox 468 3870 2047 3944; baseline 0.001 -19"><span class='ocrx_word' id='word_1_537' title='bbox 468 3870 714 3940; x_wconf 84' lang='lat' dir='ltr'><strong>Spiritus.</strong></span> <span class='ocrx_word' id='word_1_538' title='bbox 738 3872 961 3927; x_wconf 83' lang='lat' dir='ltr'><strong>minime</strong></span> <span class='ocrx_word' id='word_1_539' title='bbox 1009 3870 1292 3929; x_wconf 83' lang='lat' dir='ltr'><strong>mendacio</strong></span> <span class='ocrx_word' id='word_1_540' title='bbox 1328 3872 1566 3939; x_wconf 89' lang='lat' dir='ltr'><strong>mistum,</strong></span> <span class='ocrx_word' id='word_1_541' title='bbox 1622 3884 1671 3928; x_wconf 89' lang='lat' dir='ltr'><strong>et</strong></span> <span class='ocrx_word' id='word_1_542' title='bbox 1701 3875 2047 3944; x_wconf 87' lang='lat' dir='ltr'><strong>perspicumu</strong></span> 
     </span>
    </p>
   </div>
   <div class='ocr_carea' id='block_1_71' title="bbox 468 3961 2049 4034">
    <p class='ocr_par' dir='ltr' id='par_1_71' title="bbox 468 3961 2049 4034">
     <span class='ocr_line' id='line_1_71' title="bbox 468 3961 2049 4034; baseline 0.004 -21"><span class='ocrx_word' id='word_1_543' title='bbox 468 3979 532 4019; x_wconf 77' lang='lat' dir='ltr'><strong>ac</strong></span> <span class='ocrx_word' id='word_1_544' title='bbox 558 3963 908 4031; x_wconf 86' lang='lat' dir='ltr'><strong>purissimum</strong></span> <span class='ocrx_word' id='word_1_545' title='bbox 942 3979 956 4016; x_wconf 91' lang='lat'><strong>:</strong></span> <span class='ocrx_word' id='word_1_546' title='bbox 988 3961 1079 4019; x_wconf 89' lang='lat' dir='ltr'><strong>ubi</strong></span> <span class='ocrx_word' id='word_1_547' title='bbox 1109 3976 1238 4018; x_wconf 82' lang='lat' dir='ltr'><strong>vero</strong></span> <span class='ocrx_word' id='word_1_548' title='bbox 1268 3964 1434 4018; x_wconf 88' lang='lat' dir='ltr'><strong>veluti</strong></span> <span class='ocrx_word' id='word_1_549' title='bbox 1497 3966 1736 4034; x_wconf 82' lang='lat' dir='ltr'><strong>ingratas</strong></span> <span class='ocrx_word' id='word_1_550' title='bbox 1788 3965 2049 4034; x_wconf 88' lang='lat' dir='ltr'><strong>quasdam</strong></span> 
     </span>
    </p>
   </div>
   <div class='ocr_carea' id='block_1_72' title="bbox 469 4054 2051 4125">
    <p class='ocr_par' dir='ltr' id='par_1_72' title="bbox 469 4054 2051 4125">
     <span class='ocr_line' id='line_1_72' title="bbox 469 4054 2051 4125; baseline 0.004 -18"><span class='ocrx_word' id='word_1_551' title='bbox 469 4065 778 4113; x_wconf 82' lang='lat' dir='ltr'><strong>nostrarum</strong></span> <span class='ocrx_word' id='word_1_552' title='bbox 798 4054 1210 4125; x_wconf 78' lang='lat' dir='ltr'><strong>‘cogitationum</strong></span> <span class='ocrx_word' id='word_1_553' title='bbox 1240 4055 1387 4112; x_wconf 79' lang='lat' dir='ltr'><strong>faces</strong></span> <span class='ocrx_word' id='word_1_554' title='bbox 1421 4056 1471 4111; x_wconf 92' lang='lat' dir='ltr'><strong>in</strong></span> <span class='ocrx_word' id='word_1_555' title='bbox 1491 4072 1557 4112; x_wconf 94' lang='lat' dir='ltr'><strong>eo</strong></span> <span class='ocrx_word' id='word_1_556' title='bbox 1580 4071 1834 4114; x_wconf 86' lang='lat' dir='ltr'><strong>sermone</strong></span> <span class='ocrx_word' id='word_1_557' title='bbox 1859 4057 2051 4115; x_wconf 85' lang='lat' dir='ltr'><strong>misce-</strong></span> 
     </span>
    </p>
   </div>
   <div class='ocr_carea' id='block_1_73' title="bbox 467 4148 2109 4222">
    <p class='ocr_par' dir='ltr' id='par_1_73' title="bbox 467 4148 2109 4222">
     <span class='ocr_line' id='line_1_73' title="bbox 467 4148 2109 4222; baseline 0.004 -22"><span class='ocrx_word' id='word_1_558' title='bbox 467 4164 611 4210; x_wconf 86' lang='lat' dir='ltr'><strong>nms,</strong></span> <span class='ocrx_word' id='word_1_559' title='bbox 643 4162 877 4217; x_wconf 89' lang='lat' dir='ltr'><strong>eumque</strong></span> <span class='ocrx_word' id='word_1_560' title='bbox 903 4148 1308 4216; x_wconf 84' lang='lat' dir='ltr'><strong>coufundimus,</strong></span> <span class='ocrx_word' id='word_1_561' title='bbox 1338 4149 1639 4206; x_wconf 81' lang='lat' dir='ltr'><strong>Salvatoris</strong></span> <span class='ocrx_word' id='word_1_562' title='bbox 1671 4152 1840 4206; x_wconf 86' lang='lat' dir='ltr'><strong>nostri</strong></span> <span class='ocrx_word' id='word_1_563' title='bbox 1868 4152 2049 4222; x_wconf 70' lang='grc' dir='ltr'>ιιι-θεῖ·</span> <span class='ocrx_word' id='word_1_564' title='bbox 2104 4163 2109 4168; x_wconf 85' lang='grc'><em>’</em></span> 
     </span>
    </p>
   </div>
   <div class='ocr_carea' id='block_1_74' title="bbox 466 4236 2044 4315">
    <p class='ocr_par' dir='ltr' id='par_1_74' title="bbox 466 4236 2044 4315">
     <span class='ocr_line' id='line_1_74' title="bbox 466 4236 2044 4315; baseline 0.004 -24"><span class='ocrx_word' id='word_1_565' title='bbox 466 4240 569 4298; x_wconf 81' lang='lat' dir='ltr'><strong>bus</strong></span> <span class='ocrx_word' id='word_1_566' title='bbox 603 4238 953 4296; x_wconf 77' lang='lat' dir='ltr'><strong>insidiantur.</strong></span> <span class='ocrx_word' id='word_1_567' title='bbox 981 4236 1097 4293; x_wconf 78' lang='lat' dir='ltr'><strong>Hoc</strong></span> <span class='ocrx_word' id='word_1_568' title='bbox 1132 4240 1309 4309; x_wconf 89' lang='lat' dir='ltr'><strong>ipsum</strong></span> <span class='ocrx_word' id='word_1_569' title='bbox 1339 4255 1526 4294; x_wconf 87' lang='lat' dir='ltr'><strong>verum</strong></span> <span class='ocrx_word' id='word_1_570' title='bbox 1556 4255 1700 4303; x_wconf 87' lang='lat' dir='ltr'><strong>esse,</strong></span> <span class='ocrx_word' id='word_1_571' title='bbox 1733 4241 1889 4315; x_wconf 76' lang='lat' dir='ltr'><strong>nobis</strong></span> <span class='ocrx_word' id='word_1_572' title='bbox 1920 4257 2044 4309; x_wconf 90' lang='lat' dir='ltr'><strong>per-</strong></span> 
     </span>
    </p>
   </div>
   <div class='ocr_carea' id='block_1_75' title="bbox 467 4328 2046 4399">
    <p class='ocr_par' dir='ltr' id='par_1_75' title="bbox 467 4328 2046 4399">
     <span class='ocr_line' id='line_1_75' title="bbox 467 4328 2046 4399; baseline 0.006 -18"><span class='ocrx_word' id='word_1_573' title='bbox 467 4329 716 4397; x_wconf 90' lang='lat' dir='ltr'><strong>spicuum</strong></span> <span class='ocrx_word' id='word_1_574' title='bbox 768 4328 970 4382; x_wconf 91' lang='lat' dir='ltr'><strong>facient</strong></span> <span class='ocrx_word' id='word_1_575' title='bbox 1018 4344 1080 4384; x_wconf 89' lang='lat' dir='ltr'><strong>ea</strong></span> <span class='ocrx_word' id='word_1_576' title='bbox 1136 4344 1256 4399; x_wconf 67' lang='lat' dir='ltr'><strong>qua:</strong></span> <span class='ocrx_word' id='word_1_577' title='bbox 1306 4331 1374 4385; x_wconf 89' lang='lat' dir='ltr'><strong>de</strong></span> <span class='ocrx_word' id='word_1_578' title='bbox 1410 4332 1631 4387; x_wconf 84' lang='lat' dir='ltr'><strong>Christo</strong></span> <span class='ocrx_word' id='word_1_579' title='bbox 1665 4348 1855 4389; x_wconf 84' lang='lat' dir='ltr'><strong>rursus</strong></span> <span class='ocrx_word' id='word_1_580' title='bbox 1888 4334 1956 4388; x_wconf 89' lang='lat' dir='ltr'><strong>ab</strong></span> <span class='ocrx_word' id='word_1_581' title='bbox 1980 4349 2046 4390; x_wconf 89' lang='lat' dir='ltr'><strong>eo</strong></span> 
     </span>
    </p>
   </div>
   <div class='ocr_carea' id='block_1_76' title="bbox 2150 3137 3721 3217">
    <p class='ocr_par' dir='ltr' id='par_1_76' title="bbox 2150 3137 3721 3217">
     <span class='ocr_line' id='line_1_76' title="bbox 2150 3137 3721 3217; baseline 0.004 -26"><span class='ocrx_word' id='word_1_582' title='bbox 2150 3137 2273 3209; x_wconf 82' lang='grc' dir='ltr'>χιὴλ</span> <span class='ocrx_word' id='word_1_583' title='bbox 2304 3142 2417 3202; x_wconf 85' lang='grc' dir='ltr'>τοῖς</span> <span class='ocrx_word' id='word_1_584' title='bbox 2447 3141 2554 3194; x_wconf 90' lang='grc' dir='ltr'><strong>τῶν</strong></span> <span class='ocrx_word' id='word_1_585' title='bbox 2591 3140 2825 3209; x_wconf 83' lang='grc' dir='ltr'>λογικῶν</span> <span class='ocrx_word' id='word_1_586' title='bbox 2884 3144 3148 3215; x_wconf 86' lang='grc' dir='ltr'>ποιμνίων</span> <span class='ocrx_word' id='word_1_587' title='bbox 3186 3144 3601 3217; x_wconf 85' lang='grc' dir='ltr'>προεστηκόσιν,</span> <span class='ocrx_word' id='word_1_588' title='bbox 3641 3146 3721 3199; x_wconf 80' lang='grc' dir='ltr'>ὅτι</span> 
     </span>
    </p>
   </div>
   <div class='ocr_carea' id='block_1_77' title="bbox 2146 3233 3724 3308">
    <p class='ocr_par' dir='ltr' id='par_1_77' title="bbox 2146 3233 3724 3308">
     <span class='ocr_line' id='line_1_77' title="bbox 2146 3233 3724 3308; baseline 0.004 -24"><span class='ocrx_word' id='word_1_589' title='bbox 2146 3235 2245 3303; x_wconf 78' lang='grc' dir='ltr'>τὴν</span> <span class='ocrx_word' id='word_1_590' title='bbox 2307 3251 2326 3283; x_wconf 79' lang='grc' dir='ltr'><strong>ι</strong></span> <span class='ocrx_word' id='word_1_591' title='bbox 2360 3233 2547 3305; x_wconf 80' lang='grc' dir='ltr'>Καλὴν</span> <span class='ocrx_word' id='word_1_592' title='bbox 2600 3236 2769 3304; x_wconf 79' lang='grc' dir='ltr'>νομὴν</span> <span class='ocrx_word' id='word_1_593' title='bbox 2808 3236 3096 3306; x_wconf 82' lang='grc' dir='ltr'>ἐνέμεσθε,</span> <span class='ocrx_word' id='word_1_594' title='bbox 3144 3237 3239 3291; x_wconf 80' lang='grc' dir='ltr'>καὶ</span> <span class='ocrx_word' id='word_1_595' title='bbox 3278 3236 3341 3290; x_wconf 88' lang='grc' dir='ltr'><strong>τὸ</strong></span> <span class='ocrx_word' id='word_1_596' title='bbox 3388 3236 3724 3308; x_wconf 83' lang='grc' dir='ltr'>καθεστηκὸς</span> 
     </span>
    </p>
   </div>
   <div class='ocr_carea' id='block_1_78' title="bbox 2150 3322 3723 3402">
    <p class='ocr_par' dir='ltr' id='par_1_78' title="bbox 2150 3322 3723 3402">
     <span class='ocr_line' id='line_1_78' title="bbox 2150 3322 3723 3402; baseline 0.004 -26"><span class='ocrx_word' id='word_1_597' title='bbox 2150 3322 2293 3393; x_wconf 76' lang='grc' dir='ltr'>ὕδωρ</span> <span class='ocrx_word' id='word_1_598' title='bbox 2337 3326 2570 3389; x_wconf 82' lang='grc' dir='ltr'>ὲπίνετε,</span> <span class='ocrx_word' id='word_1_599' title='bbox 2603 3328 2697 3380; x_wconf 72' lang='grc' dir='ltr'>καὶ</span> <span class='ocrx_word' id='word_1_600' title='bbox 2746 3327 2807 3380; x_wconf 89' lang='grc' dir='ltr'><strong>τὸ</strong></span> <span class='ocrx_word' id='word_1_601' title='bbox 2860 3328 3186 3385; x_wconf 82' lang='grc' dir='ltr'>κατάλοιπον</span> <span class='ocrx_word' id='word_1_602' title='bbox 3233 3330 3558 3402; x_wconf 84' lang='grc' dir='ltr'>ὲταράττετε</span> <span class='ocrx_word' id='word_1_603' title='bbox 3612 3334 3723 3393; x_wconf 89' lang='grc' dir='ltr'>τοῖς</span> 
     </span>
    </p>
   </div>
   <div class='ocr_carea' id='block_1_79' title="bbox 2151 3424 3723 3501">
    <p class='ocr_par' dir='ltr' id='par_1_79' title="bbox 2151 3424 3723 3501">
     <span class='ocr_line' id='line_1_79' title="bbox 2151 3424 3723 3501; baseline 0.002 -24"><span class='ocrx_word' id='word_1_604' title='bbox 2151 3424 2308 3477; x_wconf 74' lang='grc' dir='ltr'>ποσὶν</span> <span class='ocrx_word' id='word_1_605' title='bbox 2344 3424 2518 3494; x_wconf 81' lang='grc' dir='ltr'>ὑμῶν,</span> <span class='ocrx_word' id='word_1_606' title='bbox 2553 3426 2649 3479; x_wconf 76' lang='grc' dir='ltr'>καὶ</span> <span class='ocrx_word' id='word_1_607' title='bbox 2680 3425 2750 3479; x_wconf 83' lang='grc' dir='ltr'><strong>τὰ</strong></span> <span class='ocrx_word' id='word_1_608' title='bbox 2776 3426 3024 3498; x_wconf 79' lang='grc' dir='ltr'>πρόϐατά</span> <span class='ocrx_word' id='word_1_609' title='bbox 3053 3444 3154 3498; x_wconf 89' lang='grc' dir='ltr'><strong>μου</strong></span> <span class='ocrx_word' id='word_1_610' title='bbox 3189 3426 3260 3482; x_wconf 79' lang='grc' dir='ltr'><strong>τά</strong></span> <span class='ocrx_word' id='word_1_611' title='bbox 3285 3430 3577 3501; x_wconf 81' lang='grc' dir='ltr'>πατὴματα</span> <span class='ocrx_word' id='word_1_612' title='bbox 3614 3429 3723 3481; x_wconf 88' lang='grc' dir='ltr'><strong>τῶν</strong></span> 
     </span>
    </p>
   </div>
   <div class='ocr_carea' id='block_1_80' title="bbox 2149 3516 3723 3591">
    <p class='ocr_par' dir='ltr' id='par_1_80' title="bbox 2149 3516 3723 3591">
     <span class='ocr_line' id='line_1_80' title="bbox 2149 3516 3723 3591; baseline 0.002 -23"><span class='ocrx_word' id='word_1_613' title='bbox 2149 3516 2325 3569; x_wconf 80' lang='grc' dir='ltr'>ποδῶν</span> <span class='ocrx_word' id='word_1_614' title='bbox 2365 3516 2518 3586; x_wconf 87' lang='grc' dir='ltr'>ὑμῶν</span> <span class='ocrx_word' id='word_1_615' title='bbox 2560 3518 2849 3588; x_wconf 64' lang='grc' dir='ltr'>ἐνέμοντον</span> <span class='ocrx_word' id='word_1_616' title='bbox 2901 3520 2996 3573; x_wconf 75' lang='grc' dir='ltr'>καὶ</span> <span class='ocrx_word' id='word_1_617' title='bbox 3042 3519 3103 3573; x_wconf 79' lang='grc' dir='ltr'><strong>τὸ</strong></span> <span class='ocrx_word' id='word_1_618' title='bbox 3138 3520 3539 3591; x_wconf 77' lang='grc' dir='ltr'>τεταραγμένον</span> <span class='ocrx_word' id='word_1_619' title='bbox 3581 3519 3723 3591; x_wconf 78' lang='grc' dir='ltr'>ὕδωρ</span> 
     </span>
    </p>
   </div>
   <div class='ocr_carea' id='block_1_81' title="bbox 2150 3608 3721 3683">
    <p class='ocr_par' dir='ltr' id='par_1_81' title="bbox 2150 3608 3721 3683">
     <span class='ocr_line' id='line_1_81' title="bbox 2150 3608 3721 3683; baseline 0.003 -23"><span class='ocrx_word' id='word_1_620' title='bbox 2150 3608 2253 3661; x_wconf 83' lang='grc' dir='ltr'><strong>ὑπὸ</strong></span> <span class='ocrx_word' id='word_1_621' title='bbox 2285 3609 2391 3661; x_wconf 90' lang='grc' dir='ltr'><strong>τῶν</strong></span> <span class='ocrx_word' id='word_1_622' title='bbox 2430 3608 2606 3663; x_wconf 85' lang='grc' dir='ltr'>ποδῶν</span> <span class='ocrx_word' id='word_1_623' title='bbox 2652 3609 2803 3679; x_wconf 77' lang='grc' dir='ltr'>ὑμῶν</span> <span class='ocrx_word' id='word_1_624' title='bbox 2833 3610 3097 3665; x_wconf 80' lang='grc' dir='ltr'>ὲνὲπινον.</span> <span class='ocrx_word' id='word_1_625' title='bbox 3130 3631 3148 3663; x_wconf 79' lang='grc' dir='ltr'><strong>ι</strong></span> <span class='ocrx_word' id='word_1_626' title='bbox 3187 3610 3320 3676; x_wconf 84' lang='grc' dir='ltr'>Ταῖς</span> <span class='ocrx_word' id='word_1_627' title='bbox 3345 3612 3445 3682; x_wconf 85' lang='grc' dir='ltr'>μὲν</span> <span class='ocrx_word' id='word_1_628' title='bbox 3469 3611 3575 3683; x_wconf 81' lang='grc' dir='ltr'>γὰρ</span> <span class='ocrx_word' id='word_1_629' title='bbox 3602 3612 3721 3664; x_wconf 86' lang='grc' dir='ltr'>θεο-</span> 
     </span>
    </p>
   </div>
   <div class='ocr_carea' id='block_1_82' title="bbox 2150 3697 3723 3775">
    <p class='ocr_par' dir='ltr' id='par_1_82' title="bbox 2150 3697 3723 3775">
     <span class='ocr_line' id='line_1_82' title="bbox 2150 3697 3723 3775; baseline 0.004 -27"><span class='ocrx_word' id='word_1_630' title='bbox 2150 3697 2434 3758; x_wconf 82' lang='grc' dir='ltr'>πνεύστοις</span> <span class='ocrx_word' id='word_1_631' title='bbox 2452 3698 2698 3768; x_wconf 86' lang='grc' dir='ltr'>Γραφαῖς</span> <span class='ocrx_word' id='word_1_632' title='bbox 2722 3699 2812 3754; x_wconf 79' lang='grc' dir='ltr'><strong>τὸν</strong></span> <span class='ocrx_word' id='word_1_633' title='bbox 2831 3701 2955 3755; x_wconf 84' lang='grc' dir='ltr'>νοῦν</span> <span class='ocrx_word' id='word_1_634' title='bbox 2978 3702 3208 3766; x_wconf 78' lang='grc' dir='ltr'>ἐνιέντες</span> <span class='ocrx_word' id='word_1_635' title='bbox 3229 3704 3408 3775; x_wconf 79' lang='grc' dir='ltr'>ἡμεῖς,</span> <span class='ocrx_word' id='word_1_636' title='bbox 3431 3702 3526 3774; x_wconf 79' lang='grc' dir='ltr'>τὴν</span> <span class='ocrx_word' id='word_1_637' title='bbox 3553 3702 3723 3771; x_wconf 72' lang='grc' dir='ltr'>καλὴν</span> 
     </span>
    </p>
   </div>
   <div class='ocr_carea' id='block_1_83' title="bbox 2148 3791 3726 3866">
    <p class='ocr_par' dir='ltr' id='par_1_83' title="bbox 2148 3791 3726 3866">
     <span class='ocr_line' id='line_1_83' title="bbox 2148 3791 3726 3866; baseline 0.002 -23"><span class='ocrx_word' id='word_1_638' title='bbox 2148 3792 2319 3860; x_wconf 82' lang='grc' dir='ltr'>νομὴν</span> <span class='ocrx_word' id='word_1_639' title='bbox 2350 3791 2646 3861; x_wconf 85' lang='grc' dir='ltr'>νεμόμεθα,</span> <span class='ocrx_word' id='word_1_640' title='bbox 2682 3792 2823 3846; x_wconf 74' lang='grc' dir='ltr'>κατά</span> <span class='ocrx_word' id='word_1_641' title='bbox 2848 3793 2908 3846; x_wconf 87' lang='grc' dir='ltr'><strong>τὸ</strong></span> <span class='ocrx_word' id='word_1_642' title='bbox 2934 3794 3347 3866; x_wconf 80' lang='grc' dir='ltr'>γεγραμμένον·</span> <span class='ocrx_word' id='word_1_643' title='bbox 3383 3796 3475 3847; x_wconf 77' lang='grc' dir='ltr'><strong>καὶ</strong></span> <span class='ocrx_word' id='word_1_644' title='bbox 3495 3794 3603 3865; x_wconf 82' lang='grc' dir='ltr'><strong>μὴν</strong></span> <span class='ocrx_word' id='word_1_645' title='bbox 3627 3795 3726 3847; x_wconf 72' lang='grc' dir='ltr'><strong>καὶ</strong></span> 
     </span>
    </p>
   </div>
   <div class='ocr_carea' id='block_1_84' title="bbox 2148 3880 3721 3956">
    <p class='ocr_par' dir='ltr' id='par_1_84' title="bbox 2148 3880 3721 3956">
     <span class='ocr_line' id='line_1_84' title="bbox 2148 3880 3721 3956; baseline 0.004 -23"><span class='ocrx_word' id='word_1_646' title='bbox 2148 3882 2209 3934; x_wconf 89' lang='grc' dir='ltr'><strong>τὸ</strong></span> <span class='ocrx_word' id='word_1_647' title='bbox 2230 3880 2373 3954; x_wconf 76' lang='grc' dir='ltr'>ὕδωρ</span> <span class='ocrx_word' id='word_1_648' title='bbox 2403 3882 2631 3953; x_wconf 86' lang='grc' dir='ltr'>πίνομεν</span> <span class='ocrx_word' id='word_1_649' title='bbox 2656 3883 2717 3937; x_wconf 88' lang='grc' dir='ltr'><strong>τὸ</strong></span> <span class='ocrx_word' id='word_1_650' title='bbox 2750 3883 3108 3956; x_wconf 86' lang='grc' dir='ltr'>καθεστηκὸς,</span> <span class='ocrx_word' id='word_1_651' title='bbox 3132 3886 3396 3952; x_wconf 84' lang='grc' dir='ltr'>τουτέστι,</span> <span class='ocrx_word' id='word_1_652' title='bbox 3420 3886 3510 3939; x_wconf 90' lang='grc' dir='ltr'><strong>τὸν</strong></span> <span class='ocrx_word' id='word_1_653' title='bbox 3545 3886 3721 3956; x_wconf 81' lang='grc' dir='ltr'>ἀμιγῆ</span> 
     </span>
    </p>
   </div>
   <div class='ocr_carea' id='block_1_85' title="bbox 2147 3971 3726 4051">
    <p class='ocr_par' dir='ltr' id='par_1_85' title="bbox 2147 3971 3726 4051">
     <span class='ocr_line' id='line_1_85' title="bbox 2147 3971 3726 4051; baseline 0.004 -26"><span class='ocrx_word' id='word_1_654' title='bbox 2147 3971 2225 4043; x_wconf 83' lang='grc' dir='ltr'>τῷ</span> <span class='ocrx_word' id='word_1_655' title='bbox 2243 3972 2450 4043; x_wconf 70' lang='grc' dir='ltr'>ψεύδει,</span> <span class='ocrx_word' id='word_1_656' title='bbox 2472 3975 2638 4047; x_wconf 87' lang='grc' dir='ltr'>διειδῆ</span> <span class='ocrx_word' id='word_1_657' title='bbox 2664 3994 2724 4030; x_wconf 90' lang='grc' dir='ltr'><strong>τε</strong></span> <span class='ocrx_word' id='word_1_658' title='bbox 2754 3978 2847 4032; x_wconf 80' lang='grc' dir='ltr'><strong>καὶ</strong></span> <span class='ocrx_word' id='word_1_659' title='bbox 2878 3977 3263 4051; x_wconf 73' lang='grc' dir='ltr'>καθαρώτατον</span> <span class='ocrx_word' id='word_1_660' title='bbox 3285 3979 3377 4033; x_wconf 88' lang='grc' dir='ltr'><strong>τοῦ</strong></span> <span class='ocrx_word' id='word_1_661' title='bbox 3408 3977 3726 4048; x_wconf 73' lang='grc' dir='ltr'>Πνεῦματος</span> 
     </span>
    </p>
   </div>
   <div class='ocr_carea' id='block_1_86' title="bbox 2148 4062 3722 4141">
    <p class='ocr_par' dir='ltr' id='par_1_86' title="bbox 2148 4062 3722 4141">
     <span class='ocr_line' id='line_1_86' title="bbox 2148 4062 3722 4141; baseline 0.004 -26"><span class='ocrx_word' id='word_1_662' title='bbox 2148 4062 2326 4131; x_wconf 76' lang='grc' dir='ltr'>λόγον’</span> <span class='ocrx_word' id='word_1_663' title='bbox 2368 4065 2702 4136; x_wconf 85' lang='grc' dir='ltr'>ὲμφύροντες</span> <span class='ocrx_word' id='word_1_664' title='bbox 2725 4068 2784 4122; x_wconf 81' lang='grc' dir='ltr'>δὲ</span> <span class='ocrx_word' id='word_1_665' title='bbox 2813 4070 2906 4122; x_wconf 76' lang='grc' dir='ltr'><strong>καὶ</strong></span> <span class='ocrx_word' id='word_1_666' title='bbox 2934 4069 3327 4140; x_wconf 85' lang='grc' dir='ltr'>ἀναμίσγοντες</span> <span class='ocrx_word' id='word_1_667' title='bbox 3355 4070 3505 4124; x_wconf 89' lang='grc' dir='ltr'>θολὸν</span> <span class='ocrx_word' id='word_1_668' title='bbox 3531 4068 3722 4141; x_wconf 86' lang='grc' dir='ltr'>ὥσπερ</span> 
     </span>
    </p>
   </div>
   <div class='ocr_carea' id='block_1_87' title="bbox 2148 4156 3723 4234">
    <p class='ocr_par' dir='ltr' id='par_1_87' title="bbox 2148 4156 3723 4234">
     <span class='ocr_line' id='line_1_87' title="bbox 2148 4156 3723 4234; baseline 0.004 -27"><span class='ocrx_word' id='word_1_669' title='bbox 2148 4156 2270 4210; x_wconf 75' lang='grc' dir='ltr'>τινὰ</span> <span class='ocrx_word' id='word_1_670' title='bbox 2307 4157 2415 4210; x_wconf 90' lang='grc' dir='ltr'><strong>τῶν</strong></span> <span class='ocrx_word' id='word_1_671' title='bbox 2452 4158 2594 4211; x_wconf 82' lang='grc' dir='ltr'>ἰδίων</span> <span class='ocrx_word' id='word_1_672' title='bbox 2622 4159 3023 4231; x_wconf 81' lang='grc' dir='ltr'>ἐνθυμημάτων</span> <span class='ocrx_word' id='word_1_673' title='bbox 3048 4162 3110 4216; x_wconf 87' lang='grc' dir='ltr'><strong>τὸ</strong></span> <span class='ocrx_word' id='word_1_674' title='bbox 3135 4163 3367 4234; x_wconf 82' lang='grc' dir='ltr'>ἀτερπὲς</span> <span class='ocrx_word' id='word_1_675' title='bbox 3405 4162 3571 4231; x_wconf 79' lang='grc' dir='ltr'>αὐτῷ,</span> <span class='ocrx_word' id='word_1_676' title='bbox 3598 4164 3723 4220; x_wconf 81' lang='grc' dir='ltr'>ταῖς</span> 
     </span>
    </p>
   </div>
   <div class='ocr_carea' id='block_1_88' title="bbox 2148 4247 3722 4325">
    <p class='ocr_par' dir='ltr' id='par_1_88' title="bbox 2148 4247 3722 4325">
     <span class='ocr_line' id='line_1_88' title="bbox 2148 4247 3722 4325; baseline 0.003 -25"><span class='ocrx_word' id='word_1_677' title='bbox 2148 4247 2241 4300; x_wconf 80' lang='grc' dir='ltr'><strong>τοῦ</strong></span> <span class='ocrx_word' id='word_1_678' title='bbox 2270 4249 2521 4320; x_wconf 83' lang='grc' dir='ltr'>Σωτῆρος</span> <span class='ocrx_word' id='word_1_679' title='bbox 2557 4251 2780 4319; x_wconf 85' lang='grc' dir='ltr'>ἀγέλαις</span> <span class='ocrx_word' id='word_1_680' title='bbox 2807 4253 3246 4325; x_wconf 78' lang='grc' dir='ltr'>ἐπιϐουλεύομεν.</span> <span class='ocrx_word' id='word_1_681' title='bbox 3277 4254 3591 4320; x_wconf 82' lang='grc' dir='ltr'>Ἐκδείξειεν</span> <span class='ocrx_word' id='word_1_682' title='bbox 3653 4253 3722 4306; x_wconf 89' lang='grc' dir='ltr'>ἂν</span> 
     </span>
    </p>
   </div>
   <div class='ocr_carea' id='block_1_89' title="bbox 2149 4339 3720 4417">
    <p class='ocr_par' dir='ltr' id='par_1_89' title="bbox 2149 4339 3720 4417">
     <span class='ocr_line' id='line_1_89' title="bbox 2149 4339 3720 4417; baseline 0.004 -27"><span class='ocrx_word' id='word_1_683' title='bbox 2149 4339 2243 4391; x_wconf 75' lang='grc' dir='ltr'><strong>καὶ</strong></span> <span class='ocrx_word' id='word_1_684' title='bbox 2298 4339 2456 4394; x_wconf 89' lang='grc' dir='ltr'>τοῦτο</span> <span class='ocrx_word' id='word_1_685' title='bbox 2507 4343 2641 4412; x_wconf 79' lang='grc' dir='ltr'>ἡμῖν</span> <span class='ocrx_word' id='word_1_686' title='bbox 2697 4344 2773 4407; x_wconf 87' lang='grc' dir='ltr'>ὼς</span> <span class='ocrx_word' id='word_1_687' title='bbox 2826 4344 2972 4400; x_wconf 80' lang='grc' dir='ltr'>ἐστιν</span> <span class='ocrx_word' id='word_1_688' title='bbox 3004 4346 3203 4412; x_wconf 83' lang='grc' dir='ltr'>ἀληθὲς</span> <span class='ocrx_word' id='word_1_689' title='bbox 3231 4346 3297 4400; x_wconf 84' lang='grc' dir='ltr'>τὰ</span> <span class='ocrx_word' id='word_1_690' title='bbox 3324 4346 3449 4417; x_wconf 73' lang='grc' dir='ltr'>περὶ</span> <span class='ocrx_word' id='word_1_691' title='bbox 3482 4343 3720 4415; x_wconf 81' lang='grc' dir='ltr'>Χριστοῦ</span> 
     </span>
    </p>
   </div>
   <div class='ocr_carea' id='block_1_90' title="bbox 467 4412 2049 4508">
    <p class='ocr_par' dir='ltr' id='par_1_90' title="bbox 467 4418 2042 4494">
     <span class='ocr_line' id='line_1_90' title="bbox 467 4418 2042 4494; baseline 0.007 -24"><span class='ocrx_word' id='word_1_692' title='bbox 467 4427 524 4470; x_wconf 87' lang='lat' dir='ltr'><strong>et</strong></span> <span class='ocrx_word' id='word_1_693' title='bbox 564 4418 899 4488; x_wconf 72' lang='lat' dir='ltr'><strong>excogitata,</strong></span> <span class='ocrx_word' id='word_1_694' title='bbox 949 4428 1002 4473; x_wconf 88' lang='lat' dir='ltr'><strong>et</strong></span> <span class='ocrx_word' id='word_1_695' title='bbox 1055 4429 1259 4475; x_wconf 90' lang='lat' dir='ltr'><strong>temere</strong></span> <span class='ocrx_word' id='word_1_696' title='bbox 1305 4420 1454 4476; x_wconf 86' lang='lat' dir='ltr'><strong>dicta</strong></span> <span class='ocrx_word' id='word_1_697' title='bbox 1480 4430 1631 4490; x_wconf 88' lang='lat' dir='ltr'><strong>sunt,</strong></span> <span class='ocrx_word' id='word_1_698' title='bbox 1679 4437 1800 4494; x_wconf 61' lang='lat' dir='ltr'><strong>qua:</strong></span> <span class='ocrx_word' id='word_1_699' title='bbox 1831 4424 1911 4480; x_wconf 87' lang='lat' dir='ltr'><strong>sic</strong></span> <span class='ocrx_word' id='word_1_700' title='bbox 1941 4425 2042 4480; x_wconf 90' lang='lat' dir='ltr'><strong>ha-</strong></span> 
     </span>
    </p>
   </div>
   <div class='ocr_carea' id='block_1_91' title="bbox 2152 4412 3720 4508">
    <p class='ocr_par' dir='ltr' id='par_1_91' title="bbox 2152 4412 3720 4508">
     <span class='ocr_line' id='line_1_91' title="bbox 2152 4412 3720 4508; baseline 0.003 -26"><span class='ocrx_word' id='word_1_701' title='bbox 2152 4430 2311 4484; x_wconf 85' lang='grc' dir='ltr'>πάλιν</span> <span class='ocrx_word' id='word_1_702' title='bbox 2340 4431 2490 4503; x_wconf 86' lang='grc' dir='ltr'>αὐτῷ</span> <span class='ocrx_word' id='word_1_703' title='bbox 2513 4432 2898 4506; x_wconf 83' lang='grc' dir='ltr'>τεθεωρημένα</span> <span class='ocrx_word' id='word_1_704' title='bbox 2920 4454 2978 4490; x_wconf 88' lang='grc' dir='ltr'><strong>τε</strong></span> <span class='ocrx_word' id='word_1_705' title='bbox 3002 4438 3097 4492; x_wconf 77' lang='grc' dir='ltr'>καὶ</span> <span class='ocrx_word' id='word_1_706' title='bbox 3123 4412 3412 4508; x_wconf 79' lang='grc' dir='ltr'>ἀτημελῶς</span> <span class='ocrx_word' id='word_1_707' title='bbox 3432 4412 3720 4507; x_wconf 67' lang='grc' dir='ltr'>εἰρημένα*</span> 
     </span>
    </p>
   </div>
   <div class='ocr_carea' id='block_1_92' title="bbox 466 4510 634 4565">
    <p class='ocr_par' dir='ltr' id='par_1_92' title="bbox 466 4510 634 4565">
     <span class='ocr_line' id='line_1_92' title="bbox 466 4510 634 4565; baseline -0.006 -1"><span class='ocrx_word' id='word_1_708' title='bbox 466 4510 634 4565; x_wconf 82' lang='lat' dir='ltr'><strong>bent:</strong></span> 
     </span>
    </p>
   </div>
   <div class='ocr_carea' id='block_1_93' title="bbox 539 4599 2042 4674">
    <p class='ocr_par' dir='ltr' id='par_1_93' title="bbox 539 4599 2042 4674">
     <span class='ocr_line' id='line_1_93' title="bbox 539 4599 2042 4674; baseline 0.007 -19"><span class='ocrx_word' id='word_1_709' title='bbox 539 4599 825 4674; x_wconf 61' lang='grc' dir='ltr'><strong>[Νεςτοκ.</strong></span> <span class='ocrx_word' id='word_1_710' title='bbox 856 4599 988 4654; x_wconf 84' lang='lat' dir='ltr'><strong>Erat</strong></span> <span class='ocrx_word' id='word_1_711' title='bbox 1020 4599 1237 4670; x_wconf 88' lang='lat' dir='ltr'><strong>quidem</strong></span> <span class='ocrx_word' id='word_1_712' title='bbox 1262 4600 1351 4657; x_wconf 89' lang='lat' dir='ltr'><strong>ille</strong></span> <span class='ocrx_word' id='word_1_713' title='bbox 1395 4602 1543 4659; x_wconf 81' lang='lat' dir='ltr'><strong>Deus</strong></span> <span class='ocrx_word' id='word_1_714' title='bbox 1578 4604 1837 4672; x_wconf 84' lang='lat' dir='ltr'><strong>Verbum,</strong></span> <span class='ocrx_word' id='word_1_715' title='bbox 1879 4609 2042 4665; x_wconf 84' lang='lat' dir='ltr'><strong>etiam</strong></span> 
     </span>
    </p>
   </div>
   <div class='ocr_carea' id='block_1_94' title="bbox 465 4690 2046 4764">
    <p class='ocr_par' dir='ltr' id='par_1_94' title="bbox 465 4690 2046 4764">
     <span class='ocr_line' id='line_1_94' title="bbox 465 4690 2046 4764; baseline 0.005 -16"><span class='ocrx_word' id='word_1_716' title='bbox 465 4704 758 4763; x_wconf 79' lang='lat' dir='ltr'><strong>antequam</strong></span> <span class='ocrx_word' id='word_1_717' title='bbox 787 4693 952 4748; x_wconf 86' lang='lat' dir='ltr'><strong>homo</strong></span> <span class='ocrx_word' id='word_1_718' title='bbox 987 4690 1160 4761; x_wconf 82' lang='lat' dir='ltr'><strong>ﬁeret,</strong></span> <span class='ocrx_word' id='word_1_719' title='bbox 1201 4692 1372 4750; x_wconf 84' lang='lat' dir='ltr'><strong>Filius</strong></span> <span class='ocrx_word' id='word_1_720' title='bbox 1399 4704 1455 4751; x_wconf 87' lang='lat' dir='ltr'><strong>et</strong></span> <span class='ocrx_word' id='word_1_721' title='bbox 1496 4696 1656 4764; x_wconf 88' lang='lat' dir='ltr'><strong>Deus,</strong></span> <span class='ocrx_word' id='word_1_722' title='bbox 1710 4706 1768 4754; x_wconf 90' lang='lat' dir='ltr'><strong>et</strong></span> <span class='ocrx_word' id='word_1_723' title='bbox 1816 4714 2046 4756; x_wconf 83' lang='lat' dir='ltr'><strong>consen-</strong></span> 
     </span>
    </p>
   </div>
   <div class='ocr_carea' id='block_1_95' title="bbox 465 4782 2045 4860">
    <p class='ocr_par' dir='ltr' id='par_1_95' title="bbox 465 4782 2045 4860">
     <span class='ocr_line' id='line_1_95' title="bbox 465 4782 2045 4860; baseline 0.006 -21"><span class='ocrx_word' id='word_1_724' title='bbox 465 4786 607 4843; x_wconf 81' lang='lat' dir='ltr'><strong>tiens</strong></span> <span class='ocrx_word' id='word_1_725' title='bbox 630 4782 775 4843; x_wconf 77' lang='lat' dir='ltr'><strong>Patri</strong></span> <span class='ocrx_word' id='word_1_726' title='bbox 807 4800 821 4837; x_wconf 90' lang='lat'><strong>:</strong></span> <span class='ocrx_word' id='word_1_727' title='bbox 848 4784 1093 4853; x_wconf 89' lang='lat' dir='ltr'><strong>suscepit</strong></span> <span class='ocrx_word' id='word_1_728' title='bbox 1116 4799 1244 4840; x_wconf 89' lang='lat' dir='ltr'><strong>vero</strong></span> <span class='ocrx_word' id='word_1_729' title='bbox 1283 4788 1673 4857; x_wconf 83' lang='lat' dir='ltr'><strong>posterioribus</strong></span> <span class='ocrx_word' id='word_1_730' title='bbox 1711 4790 2045 4860; x_wconf 89' lang='lat' dir='ltr'><strong>temporibus</strong></span> 
     </span>
    </p>
   </div>
   <div class='ocr_carea' id='block_1_96' title="bbox 464 4867 2040 4938">
    <p class='ocr_par' dir='ltr' id='par_1_96' title="bbox 464 4867 2040 4938">
     <span class='ocr_line' id='line_1_96' title="bbox 464 4867 2040 4938; baseline 0.005 -8"><span class='ocrx_word' id='word_1_731' title='bbox 464 4875 609 4935; x_wconf 82' lang='lat' dir='ltr'><strong>servi</strong></span> <span class='ocrx_word' id='word_1_732' title='bbox 640 4875 904 4930; x_wconf 88' lang='lat' dir='ltr'><strong>formam:</strong></span> <span class='ocrx_word' id='word_1_733' title='bbox 932 4875 1031 4930; x_wconf 87' lang='lat' dir='ltr'><strong>sed</strong></span> <span class='ocrx_word' id='word_1_734' title='bbox 1066 4867 1195 4932; x_wconf 86' lang='lat' dir='ltr'><strong>cum</strong></span> <span class='ocrx_word' id='word_1_735' title='bbox 1231 4885 1372 4932; x_wconf 86' lang='lat' dir='ltr'><strong>esset</strong></span> <span class='ocrx_word' id='word_1_736' title='bbox 1406 4888 1567 4933; x_wconf 88' lang='lat' dir='ltr'><strong>antea</strong></span> <span class='ocrx_word' id='word_1_737' title='bbox 1602 4877 1771 4936; x_wconf 85' lang='lat' dir='ltr'><strong>Filius</strong></span> <span class='ocrx_word' id='word_1_738' title='bbox 1796 4891 1853 4937; x_wconf 90' lang='lat' dir='ltr'><strong>et</strong></span> <span class='ocrx_word' id='word_1_739' title='bbox 1879 4897 2040 4938; x_wconf 86' lang='lat' dir='ltr'><strong>voca-</strong></span> 
     </span>
    </p>
   </div>
   <div class='ocr_carea' id='block_1_97' title="bbox 465 4965 2038 5037">
    <p class='ocr_par' dir='ltr' id='par_1_97' title="bbox 465 4965 2038 5037">
     <span class='ocr_line' id='line_1_97' title="bbox 465 4965 2038 5037; baseline 0.006 -19"><span class='ocrx_word' id='word_1_740' title='bbox 465 4975 637 5032; x_wconf 77' lang='lat' dir='ltr'><strong>retur,</strong></span> <span class='ocrx_word' id='word_1_741' title='bbox 668 4976 787 5036; x_wconf 84' lang='lat' dir='ltr'><strong>post</strong></span> <span class='ocrx_word' id='word_1_742' title='bbox 809 4965 1235 5034; x_wconf 85' lang='lat' dir='ltr'><strong>assumptionetn</strong></span> <span class='ocrx_word' id='word_1_743' title='bbox 1264 4982 1369 5022; x_wconf 89' lang='lat' dir='ltr'><strong>non</strong></span> <span class='ocrx_word' id='word_1_744' title='bbox 1398 4977 1575 5037; x_wconf 86' lang='lat' dir='ltr'><strong>potest</strong></span> <span class='ocrx_word' id='word_1_745' title='bbox 1600 4973 1780 5026; x_wconf 84' lang='lat' dir='ltr'><strong>vocari</strong></span> <span class='ocrx_word' id='word_1_746' title='bbox 1811 4975 2038 5029; x_wconf 88' lang='lat' dir='ltr'><strong>seorsim</strong></span> 
     </span>
    </p>
   </div>
   <div class='ocr_carea' id='block_1_98' title="bbox 467 5054 2038 5132">
    <p class='ocr_par' dir='ltr' id='par_1_98' title="bbox 467 5054 2038 5132">
     <span class='ocr_line' id='line_1_98' title="bbox 467 5054 2038 5132; baseline 0.004 -22"><span class='ocrx_word' id='word_1_747' title='bbox 467 5055 663 5120; x_wconf 82' lang='lat' dir='ltr'><strong>Filius,</strong></span> <span class='ocrx_word' id='word_1_748' title='bbox 691 5072 764 5112; x_wconf 78' lang='lat' dir='ltr'><strong>re</strong></span> <span class='ocrx_word' id='word_1_749' title='bbox 797 5055 931 5111; x_wconf 90' lang='lat' dir='ltr'><strong>duos</strong></span> <span class='ocrx_word' id='word_1_750' title='bbox 965 5054 1106 5117; x_wconf 73' lang='lat' dir='ltr'><strong>filios</strong></span> <span class='ocrx_word' id='word_1_751' title='bbox 1163 5057 1611 5127; x_wconf 76' lang='lat' dir='ltr'><strong>dogmatizemus.</strong></span> <span class='ocrx_word' id='word_1_752' title='bbox 1660 5060 1767 5115; x_wconf 89' lang='lat' dir='ltr'><strong>Sed</strong></span> <span class='ocrx_word' id='word_1_753' title='bbox 1814 5064 1938 5132; x_wconf 87' lang='lat' dir='ltr'><strong>quia</strong></span> <span class='ocrx_word' id='word_1_754' title='bbox 1965 5063 2038 5118; x_wconf 87' lang='lat' dir='ltr'><strong>illi</strong></span> 
     </span>
    </p>
   </div>
   <div class='ocr_carea' id='block_1_99' title="bbox 465 5145 2041 5223">
    <p class='ocr_par' dir='ltr' id='par_1_99' title="bbox 465 5145 2041 5223">
     <span class='ocr_line' id='line_1_99' title="bbox 465 5145 2041 5223; baseline 0.006 -24"><span class='ocrx_word' id='word_1_755' title='bbox 465 5145 790 5213; x_wconf 68' lang='lat' dir='ltr'><strong>coniunctus</strong></span> <span class='ocrx_word' id='word_1_756' title='bbox 818 5156 901 5202; x_wconf 79' lang='lat' dir='ltr'><strong>est</strong></span> <span class='ocrx_word' id='word_1_757' title='bbox 954 5145 1093 5202; x_wconf 73' lang='lat' dir='ltr'><strong>Filio</strong></span> <span class='ocrx_word' id='word_1_758' title='bbox 1122 5147 1212 5217; x_wconf 87' lang='lat' dir='ltr'><strong>qui</strong></span> <span class='ocrx_word' id='word_1_759' title='bbox 1254 5156 1372 5203; x_wconf 77' lang='lat' dir='ltr'><strong>erat</strong></span> <span class='ocrx_word' id='word_1_760' title='bbox 1406 5148 1457 5202; x_wconf 90' lang='lat' dir='ltr'><strong>in</strong></span> <span class='ocrx_word' id='word_1_761' title='bbox 1497 5150 1780 5219; x_wconf 79' lang='lat' dir='ltr'><strong>principio,</strong></span> <span class='ocrx_word' id='word_1_762' title='bbox 1840 5153 2041 5223; x_wconf 85' lang='lat' dir='ltr'><strong>quique</strong></span> 
     </span>
    </p>
   </div>
   <div class='ocr_carea' id='block_1_100' title="bbox 465 5234 2038 5311">
    <p class='ocr_par' dir='ltr' id='par_1_100' title="bbox 465 5234 2038 5311">
     <span class='ocr_line' id='line_1_100' title="bbox 465 5234 2038 5311; baseline 0.006 -22"><span class='ocrx_word' id='word_1_763' title='bbox 465 5234 568 5289; x_wconf 88' lang='lat' dir='ltr'><strong>sibi</strong></span> <span class='ocrx_word' id='word_1_764' title='bbox 603 5234 882 5303; x_wconf 75' lang='lat' dir='ltr'><strong>copulatus</strong></span> <span class='ocrx_word' id='word_1_765' title='bbox 915 5245 1021 5302; x_wconf 86' lang='lat' dir='ltr'><strong>est,</strong></span> <span class='ocrx_word' id='word_1_766' title='bbox 1055 5252 1161 5291; x_wconf 91' lang='lat' dir='ltr'><strong>non</strong></span> <span class='ocrx_word' id='word_1_767' title='bbox 1218 5248 1395 5306; x_wconf 90' lang='lat' dir='ltr'><strong>potest</strong></span> <span class='ocrx_word' id='word_1_768' title='bbox 1443 5240 1584 5307; x_wconf 88' lang='lat' dir='ltr'><strong>quod</strong></span> <span class='ocrx_word' id='word_1_769' title='bbox 1615 5242 1683 5297; x_wconf 91' lang='lat' dir='ltr'><strong>ad</strong></span> <span class='ocrx_word' id='word_1_770' title='bbox 1723 5242 2038 5311; x_wconf 78' lang='lat' dir='ltr'><strong>dignitatem</strong></span> 
     </span>
    </p>
   </div>
   <div class='ocr_carea' id='block_1_101' title="bbox 471 5323 2041 5404">
    <p class='ocr_par' dir='ltr' id='par_1_101' title="bbox 471 5323 2041 5404">
     <span class='ocr_line' id='line_1_101' title="bbox 471 5323 2041 5404; baseline 0.008 -26"><span class='ocrx_word' id='word_1_771' title='bbox 471 5323 748 5380; x_wconf 85' lang='lat' dir='ltr'><strong>llliatiouis</strong></span> <span class='ocrx_word' id='word_1_772' title='bbox 803 5326 1016 5393; x_wconf 89' lang='lat' dir='ltr'><strong>attinet,</strong></span> <span class='ocrx_word' id='word_1_773' title='bbox 1065 5329 1386 5387; x_wconf 85' lang='lat' dir='ltr'><strong>divisionem</strong></span> <span class='ocrx_word' id='word_1_774' title='bbox 1440 5332 1716 5401; x_wconf 76' lang='lat' dir='ltr'><strong>suscipere</strong></span> <span class='ocrx_word' id='word_1_775' title='bbox 1758 5336 1944 5404; x_wconf 87' lang='lat' dir='ltr'><strong>:quod</strong></span> <span class='ocrx_word' id='word_1_776' title='bbox 1972 5336 2041 5391; x_wconf 88' lang='lat' dir='ltr'><strong>ad</strong></span> 
     </span>
    </p>
   </div>
   <div class='ocr_carea' id='block_1_102' title="bbox 467 5414 2035 5491">
    <p class='ocr_par' dir='ltr' id='par_1_102' title="bbox 467 5414 2035 5491">
     <span class='ocr_line' id='line_1_102' title="bbox 467 5414 2035 5491; baseline 0.006 -20"><span class='ocrx_word' id='word_1_777' title='bbox 467 5415 785 5484; x_wconf 75' lang='lat' dir='ltr'><strong>dignitatem</strong></span> <span class='ocrx_word' id='word_1_778' title='bbox 808 5414 1102 5483; x_wconf 84' lang='lat' dir='ltr'><strong>llliationis,</strong></span> <span class='ocrx_word' id='word_1_779' title='bbox 1124 5419 1364 5491; x_wconf 90' lang='lat' dir='ltr'><strong>inquam,</strong></span> <span class='ocrx_word' id='word_1_780' title='bbox 1386 5436 1490 5476; x_wconf 88' lang='lat' dir='ltr'><strong>non</strong></span> <span class='ocrx_word' id='word_1_781' title='bbox 1514 5423 1658 5491; x_wconf 92' lang='lat' dir='ltr'><strong>quod</strong></span> <span class='ocrx_word' id='word_1_782' title='bbox 1683 5424 1748 5478; x_wconf 90' lang='lat' dir='ltr'><strong>ad</strong></span> <span class='ocrx_word' id='word_1_783' title='bbox 1780 5434 2035 5482; x_wconf 81' lang='lat' dir='ltr'><strong>naturas:</strong></span> 
     </span>
    </p>
   </div>
   <div class='ocr_carea' id='block_1_103' title="bbox 466 5506 2033 5587">
    <p class='ocr_par' dir='ltr' id='par_1_103' title="bbox 466 5506 2033 5587">
     <span class='ocr_line' id='line_1_103' title="bbox 466 5506 2033 5587; baseline 0.005 -22"><span class='ocrx_word' id='word_1_784' title='bbox 466 5508 589 5565; x_wconf 85' lang='lat' dir='ltr'><strong>ideo</strong></span> <span class='ocrx_word' id='word_1_785' title='bbox 620 5506 781 5561; x_wconf 89' lang='lat' dir='ltr'><strong>etiam</strong></span> <span class='ocrx_word' id='word_1_786' title='bbox 806 5506 1059 5565; x_wconf 88' lang='lat' dir='ltr'><strong>Christus</strong></span> <span class='ocrx_word' id='word_1_787' title='bbox 1093 5512 1389 5583; x_wconf 86' lang='lat' dir='ltr'><strong>appellatur</strong></span> <span class='ocrx_word' id='word_1_788' title='bbox 1424 5513 1510 5568; x_wconf 80' lang='lat' dir='ltr'><strong>ille</strong></span> <span class='ocrx_word' id='word_1_789' title='bbox 1552 5513 1666 5587; x_wconf 65' lang='grc'><strong>48</strong></span> <span class='ocrx_word' id='word_1_790' title='bbox 1719 5514 1859 5573; x_wconf 83' lang='lat' dir='ltr'><strong>Deus</strong></span> <span class='ocrx_word' id='word_1_791' title='bbox 1902 5516 2033 5573; x_wconf 83' lang='lat' dir='ltr'><strong>Ver-</strong></span> 
     </span>
    </p>
   </div>
   <div class='ocr_carea' id='block_1_104' title="bbox 2149 4518 2590 4588">
    <p class='ocr_par' dir='ltr' id='par_1_104' title="bbox 2149 4518 2590 4588">
     <span class='ocr_line' id='line_1_104' title="bbox 2149 4518 2590 4588; baseline 0.011 -17"><span class='ocrx_word' id='word_1_792' title='bbox 2149 4518 2263 4588; x_wconf 76' lang='grc' dir='ltr'>εχει</span> <span class='ocrx_word' id='word_1_793' title='bbox 2303 4521 2361 4573; x_wconf 83' lang='grc' dir='ltr'>δὲ</span> <span class='ocrx_word' id='word_1_794' title='bbox 2397 4520 2590 4585; x_wconf 70' lang='grc' dir='ltr'>οὕτως*</span> 
     </span>
    </p>
   </div>
   <div class='ocr_carea' id='block_1_105' title="bbox 2219 4608 3724 4690">
    <p class='ocr_par' dir='ltr' id='par_1_105' title="bbox 2219 4608 3724 4690">
     <span class='ocr_line' id='line_1_105' title="bbox 2219 4608 3724 4690; baseline 0.003 -25"><span class='ocrx_word' id='word_1_795' title='bbox 2219 4608 2350 4684; x_wconf 70' lang='grc' dir='ltr'>[Ἱίν</span> <span class='ocrx_word' id='word_1_796' title='bbox 2384 4613 2483 4683; x_wconf 77' lang='grc' dir='ltr'>μὲν</span> <span class='ocrx_word' id='word_1_797' title='bbox 2515 4614 2623 4685; x_wconf 85' lang='grc' dir='ltr'>γὰρ</span> <span class='ocrx_word' id='word_1_798' title='bbox 2653 4617 2681 4668; x_wconf 88' lang='grc' dir='ltr'>ὀ</span> <span class='ocrx_word' id='word_1_799' title='bbox 2709 4614 2841 4680; x_wconf 85' lang='grc' dir='ltr'>Θεὸς</span> <span class='ocrx_word' id='word_1_800' title='bbox 2873 4617 3046 4685; x_wconf 87' lang='grc' dir='ltr'>Λόγος</span> <span class='ocrx_word' id='word_1_801' title='bbox 3070 4617 3166 4672; x_wconf 70' lang='grc' dir='ltr'><strong>καὶ</strong></span> <span class='ocrx_word' id='word_1_802' title='bbox 3195 4616 3303 4690; x_wconf 86' lang='grc' dir='ltr'><strong>πρὸ</strong></span> <span class='ocrx_word' id='word_1_803' title='bbox 3331 4616 3433 4687; x_wconf 83' lang='grc' dir='ltr'><strong>τῆς</strong></span> <span class='ocrx_word' id='word_1_804' title='bbox 3457 4616 3724 4687; x_wconf 78' lang='grc' dir='ltr'>ἐνανθρω-</span> 
     </span>
    </p>
   </div>
   <div class='ocr_carea' id='block_1_106' title="bbox 2148 4705 3726 4780">
    <p class='ocr_par' dir='ltr' id='par_1_106' title="bbox 2148 4705 3726 4780">
     <span class='ocr_line' id='line_1_106' title="bbox 2148 4705 3726 4780; baseline 0.002 -23"><span class='ocrx_word' id='word_1_805' title='bbox 2148 4706 2390 4777; x_wconf 83' lang='grc' dir='ltr'>πήσεως,</span> <span class='ocrx_word' id='word_1_806' title='bbox 2426 4705 2554 4769; x_wconf 84' lang='grc' dir='ltr'>Υίὸς</span> <span class='ocrx_word' id='word_1_807' title='bbox 2584 4706 2675 4760; x_wconf 75' lang='grc' dir='ltr'>καὶ</span> <span class='ocrx_word' id='word_1_808' title='bbox 2698 4706 2849 4773; x_wconf 82' lang='grc' dir='ltr'>Θεὸς,</span> <span class='ocrx_word' id='word_1_809' title='bbox 2880 4708 2975 4761; x_wconf 76' lang='grc' dir='ltr'><strong>καὶ</strong></span> <span class='ocrx_word' id='word_1_810' title='bbox 2996 4707 3259 4762; x_wconf 89' lang='grc' dir='ltr'>συναινῶν</span> <span class='ocrx_word' id='word_1_811' title='bbox 3283 4708 3359 4778; x_wconf 83' lang='grc' dir='ltr'>τῷ</span> <span class='ocrx_word' id='word_1_812' title='bbox 3390 4709 3563 4780; x_wconf 86' lang='grc' dir='ltr'>Πατρί</span> <span class='ocrx_word' id='word_1_813' title='bbox 3586 4725 3601 4740; x_wconf 68' lang='grc' dir='ltr'><strong>ι</strong></span> <span class='ocrx_word' id='word_1_814' title='bbox 3630 4710 3726 4761; x_wconf 81' lang='grc' dir='ltr'>ἁν-</span> 
     </span>
    </p>
   </div>
   <div class='ocr_carea' id='block_1_107' title="bbox 2148 4796 3717 4869">
    <p class='ocr_par' dir='ltr' id='par_1_107' title="bbox 2148 4796 3717 4869">
     <span class='ocr_line' id='line_1_107' title="bbox 2148 4796 3717 4869; baseline 0.002 -20"><span class='ocrx_word' id='word_1_815' title='bbox 2148 4796 2308 4850; x_wconf 77' lang='grc' dir='ltr'>έλαόε</span> <span class='ocrx_word' id='word_1_816' title='bbox 2346 4796 2405 4850; x_wconf 82' lang='grc' dir='ltr'>δὲ</span> <span class='ocrx_word' id='word_1_817' title='bbox 2433 4797 2491 4849; x_wconf 79' lang='grc' dir='ltr'>ἐν</span> <span class='ocrx_word' id='word_1_818' title='bbox 2519 4797 2766 4868; x_wconf 85' lang='grc' dir='ltr'>ὑστέροις</span> <span class='ocrx_word' id='word_1_819' title='bbox 2795 4801 3006 4869; x_wconf 84' lang='grc' dir='ltr'>καιροῖς</span> <span class='ocrx_word' id='word_1_820' title='bbox 3036 4801 3134 4869; x_wconf 81' lang='grc' dir='ltr'>τὴν</span> <span class='ocrx_word' id='word_1_821' title='bbox 3155 4798 3250 4853; x_wconf 90' lang='grc' dir='ltr'><strong>τοῦ</strong></span> <span class='ocrx_word' id='word_1_822' title='bbox 3271 4799 3462 4853; x_wconf 77' lang='grc' dir='ltr'>δούλου</span> <span class='ocrx_word' id='word_1_823' title='bbox 3486 4801 3717 4869; x_wconf 79' lang='grc' dir='ltr'>μορφήν.</span> 
     </span>
    </p>
   </div>
   <div class='ocr_carea' id='block_1_108' title="bbox 2162 4886 3725 4961">
    <p class='ocr_par' dir='ltr' id='par_1_108' title="bbox 2162 4886 3725 4961">
     <span class='ocr_line' id='line_1_108' title="bbox 2162 4886 3725 4961; baseline 0.002 -21"><span class='ocrx_word' id='word_1_824' title='bbox 2162 4888 2299 4941; x_wconf 83' lang='grc' dir='ltr'>Ἀλλ’</span> <span class='ocrx_word' id='word_1_825' title='bbox 2332 4886 2408 4941; x_wconf 85' lang='grc' dir='ltr'><strong>ῶν</strong></span> <span class='ocrx_word' id='word_1_826' title='bbox 2436 4886 2543 4960; x_wconf 84' lang='grc' dir='ltr'><strong>πρὸ</strong></span> <span class='ocrx_word' id='word_1_827' title='bbox 2567 4888 2755 4942; x_wconf 79' lang='grc' dir='ltr'>τούτου</span> <span class='ocrx_word' id='word_1_828' title='bbox 2779 4889 2928 4954; x_wconf 78' lang='grc' dir='ltr'>Υἱὸς,</span> <span class='ocrx_word' id='word_1_829' title='bbox 2952 4890 3045 4944; x_wconf 79' lang='grc' dir='ltr'><strong>καὶ</strong></span> <span class='ocrx_word' id='word_1_830' title='bbox 3077 4890 3430 4961; x_wconf 85' lang='grc' dir='ltr'>καλούμενος,</span> <span class='ocrx_word' id='word_1_831' title='bbox 3466 4891 3602 4960; x_wconf 83' lang='grc' dir='ltr'>μετὰ</span> <span class='ocrx_word' id='word_1_832' title='bbox 3625 4890 3725 4961; x_wconf 79' lang='grc' dir='ltr'>τὴν</span> 
     </span>
    </p>
   </div>
   <div class='ocr_carea' id='block_1_109' title="bbox 2148 4977 3721 5052">
    <p class='ocr_par' dir='ltr' id='par_1_109' title="bbox 2148 4977 3721 5052">
     <span class='ocr_line' id='line_1_109' title="bbox 2148 4977 3721 5052; baseline 0 -21"><span class='ocrx_word' id='word_1_833' title='bbox 2148 4977 2414 5047; x_wconf 76' lang='grc' dir='ltr'>ἀνάληψιν</span> <span class='ocrx_word' id='word_1_834' title='bbox 2445 4978 2506 5032; x_wconf 82' lang='grc' dir='ltr'>οὐ</span> <span class='ocrx_word' id='word_1_835' title='bbox 2539 4978 2761 5033; x_wconf 79' lang='grc' dir='ltr'>δύναται</span> <span class='ocrx_word' id='word_1_836' title='bbox 2805 4979 3088 5034; x_wconf 83' lang='grc' dir='ltr'>καλεῖσθαι</span> <span class='ocrx_word' id='word_1_837' title='bbox 3118 4981 3540 5052; x_wconf 77' lang='grc' dir='ltr'>κεχωρισμένως</span> <span class='ocrx_word' id='word_1_838' title='bbox 3570 4979 3721 5043; x_wconf 83' lang='grc' dir='ltr'>Υἱὸς,</span> 
     </span>
    </p>
   </div>
   <div class='ocr_carea' id='block_1_110' title="bbox 2148 5070 3725 5144">
    <p class='ocr_par' dir='ltr' id='par_1_110' title="bbox 2148 5070 3725 5144">
     <span class='ocr_line' id='line_1_110' title="bbox 2148 5070 3725 5144; baseline 0 -22"><span class='ocrx_word' id='word_1_839' title='bbox 2148 5071 2231 5123; x_wconf 81' lang='grc' dir='ltr'>ἵνα</span> <span class='ocrx_word' id='word_1_840' title='bbox 2258 5070 2331 5141; x_wconf 81' lang='grc' dir='ltr'>μὴ</span> <span class='ocrx_word' id='word_1_841' title='bbox 2353 5070 2446 5124; x_wconf 86' lang='grc' dir='ltr'>δύο</span> <span class='ocrx_word' id='word_1_842' title='bbox 2466 5071 2615 5134; x_wconf 82' lang='grc' dir='ltr'>υἱοὺς</span> <span class='ocrx_word' id='word_1_843' title='bbox 2645 5071 3080 5143; x_wconf 82' lang='grc' dir='ltr'>δογματίσωμεν.</span> <span class='ocrx_word' id='word_1_844' title='bbox 3100 5072 3240 5126; x_wconf 81' lang='grc' dir='ltr'>Ἀλλ’</span> <span class='ocrx_word' id='word_1_845' title='bbox 3264 5072 3560 5144; x_wconf 74' lang='grc' dir='ltr'>ἐπειδήπερ</span> <span class='ocrx_word' id='word_1_846' title='bbox 3580 5071 3725 5125; x_wconf 61' lang='grc' dir='ltr'>ὲκείη</span> 
     </span>
    </p>
   </div>
   <div class='ocr_carea' id='block_1_111' title="bbox 2146 5161 3725 5237">
    <p class='ocr_par' dir='ltr' id='par_1_111' title="bbox 2146 5161 3725 5237">
     <span class='ocr_line' id='line_1_111' title="bbox 2146 5161 3725 5237; baseline 0.001 -22"><span class='ocrx_word' id='word_1_847' title='bbox 2146 5179 2222 5231; x_wconf 87' lang='grc' dir='ltr'>νῳ</span> <span class='ocrx_word' id='word_1_848' title='bbox 2253 5161 2521 5232; x_wconf 79' lang='grc' dir='ltr'>συνῆπται</span> <span class='ocrx_word' id='word_1_849' title='bbox 2575 5162 2654 5234; x_wconf 81' lang='grc' dir='ltr'>τῷ</span> <span class='ocrx_word' id='word_1_850' title='bbox 2702 5165 2762 5216; x_wconf 82' lang='grc' dir='ltr'>ὲν</span> <span class='ocrx_word' id='word_1_851' title='bbox 2805 5165 2945 5236; x_wconf 82' lang='grc' dir='ltr'><strong>ἀρχῇ</strong></span> <span class='ocrx_word' id='word_1_852' title='bbox 2998 5166 3110 5219; x_wconf 68' lang='grc' dir='ltr'>ὄντι</span> <span class='ocrx_word' id='word_1_853' title='bbox 3140 5165 3255 5237; x_wconf 85' lang='grc' dir='ltr'>Υίῷ</span> <span class='ocrx_word' id='word_1_854' title='bbox 3296 5164 3374 5235; x_wconf 85' lang='grc' dir='ltr'>τῷ</span> <span class='ocrx_word' id='word_1_855' title='bbox 3401 5165 3535 5236; x_wconf 83' lang='grc' dir='ltr'>πρὸς</span> <span class='ocrx_word' id='word_1_856' title='bbox 3560 5163 3725 5217; x_wconf 83' lang='grc' dir='ltr'>αὐτὸν</span> 
     </span>
    </p>
   </div>
   <div class='ocr_carea' id='block_1_112' title="bbox 2149 5253 3723 5329">
    <p class='ocr_par' dir='ltr' id='par_1_112' title="bbox 2149 5253 3723 5329">
     <span class='ocr_line' id='line_1_112' title="bbox 2149 5253 3723 5329; baseline 0.004 -25"><span class='ocrx_word' id='word_1_857' title='bbox 2149 5253 2490 5323; x_wconf 80' lang='grc' dir='ltr'>συναφθέντι,</span> <span class='ocrx_word' id='word_1_858' title='bbox 2515 5255 2577 5309; x_wconf 78' lang='grc' dir='ltr'><strong>οὐ</strong></span> <span class='ocrx_word' id='word_1_859' title='bbox 2608 5255 2828 5315; x_wconf 79' lang='grc' dir='ltr'>δύναται</span> <span class='ocrx_word' id='word_1_860' title='bbox 2855 5258 2994 5310; x_wconf 85' lang='grc' dir='ltr'>κατὰ</span> <span class='ocrx_word' id='word_1_861' title='bbox 3022 5257 3083 5310; x_wconf 87' lang='grc' dir='ltr'><strong>τὸ</strong></span> <span class='ocrx_word' id='word_1_862' title='bbox 3104 5256 3318 5329; x_wconf 81' lang='grc' dir='ltr'>ἀξίωμα</span> <span class='ocrx_word' id='word_1_863' title='bbox 3348 5258 3446 5328; x_wconf 84' lang='grc' dir='ltr'><strong>τῆς</strong></span> <span class='ocrx_word' id='word_1_864' title='bbox 3474 5257 3723 5326; x_wconf 88' lang='grc' dir='ltr'>υίότητος</span> 
     </span>
    </p>
   </div>
   <div class='ocr_carea' id='block_1_113' title="bbox 2144 5341 3725 5420">
    <p class='ocr_par' dir='ltr' id='par_1_113' title="bbox 2144 5341 3725 5420">
     <span class='ocr_line' id='line_1_113' title="bbox 2144 5341 3725 5420; baseline 0.004 -25"><span class='ocrx_word' id='word_1_865' title='bbox 2144 5341 2409 5415; x_wconf 80' lang='grc' dir='ltr'>διαίρεσιν</span> <span class='ocrx_word' id='word_1_866' title='bbox 2438 5343 2689 5413; x_wconf 78' lang='grc' dir='ltr'>δέξασθαι</span> <span class='ocrx_word' id='word_1_867' title='bbox 2714 5363 2730 5378; x_wconf 67' lang='grc' dir='ltr'>θ</span> <span class='ocrx_word' id='word_1_868' title='bbox 2761 5347 2903 5402; x_wconf 79' lang='grc' dir='ltr'>κατὰ</span> <span class='ocrx_word' id='word_1_869' title='bbox 2924 5349 2987 5400; x_wconf 90' lang='grc' dir='ltr'><strong>τὸ</strong></span> <span class='ocrx_word' id='word_1_870' title='bbox 3010 5346 3225 5419; x_wconf 81' lang='grc' dir='ltr'>ἀξίωμά</span> <span class='ocrx_word' id='word_1_871' title='bbox 3250 5366 3392 5420; x_wconf 84' lang='grc' dir='ltr'>φημι</span> <span class='ocrx_word' id='word_1_872' title='bbox 3416 5349 3511 5418; x_wconf 83' lang='grc' dir='ltr'><strong>τῆς</strong></span> <span class='ocrx_word' id='word_1_873' title='bbox 3541 5350 3725 5419; x_wconf 73' lang='grc' dir='ltr'>υἰότηο</span> 
     </span>
    </p>
   </div>
   <div class='ocr_carea' id='block_1_114' title="bbox 2143 5434 3721 5511">
    <p class='ocr_par' dir='ltr' id='par_1_114' title="bbox 2143 5434 3721 5511">
     <span class='ocr_line' id='line_1_114' title="bbox 2143 5434 3721 5511; baseline 0.005 -26"><span class='ocrx_word' id='word_1_874' title='bbox 2143 5449 2261 5498; x_wconf 78' lang='grc' dir='ltr'>τος,</span> <span class='ocrx_word' id='word_1_875' title='bbox 2297 5434 2357 5487; x_wconf 76' lang='grc' dir='ltr'><strong>οὐ</strong></span> <span class='ocrx_word' id='word_1_876' title='bbox 2390 5434 2531 5489; x_wconf 77' lang='grc' dir='ltr'>κατὰ</span> <span class='ocrx_word' id='word_1_877' title='bbox 2556 5434 2658 5500; x_wconf 81' lang='grc' dir='ltr'>τὰς</span> <span class='ocrx_word' id='word_1_878' title='bbox 2687 5435 2895 5506; x_wconf 75' lang='grc' dir='ltr'>φύσεις.</span> <span class='ocrx_word' id='word_1_879' title='bbox 2930 5438 3030 5492; x_wconf 76' lang='grc' dir='ltr'><strong>Διὰ</strong></span> <span class='ocrx_word' id='word_1_880' title='bbox 3077 5439 3236 5493; x_wconf 86' lang='grc' dir='ltr'>τοῦτο</span> <span class='ocrx_word' id='word_1_881' title='bbox 3285 5441 3377 5493; x_wconf 75' lang='grc' dir='ltr'>καὶ</span> <span class='ocrx_word' id='word_1_882' title='bbox 3404 5440 3658 5511; x_wconf 74' lang='grc' dir='ltr'>Χριστὸς,</span> <span class='ocrx_word' id='word_1_883' title='bbox 3693 5443 3721 5495; x_wconf 82' lang='grc' dir='ltr'><strong>ὀ</strong></span> 
     </span>
    </p>
   </div>
   <div class='ocr_carea' id='block_1_115' title="bbox 2144 5523 3720 5604">
    <p class='ocr_par' dir='ltr' id='par_1_115' title="bbox 2144 5523 3720 5604">
     <span class='ocr_line' id='line_1_115' title="bbox 2144 5523 3720 5604; baseline 0.006 -28"><span class='ocrx_word' id='word_1_884' title='bbox 2144 5523 2276 5589; x_wconf 82' lang='grc' dir='ltr'>Θεὸς</span> <span class='ocrx_word' id='word_1_885' title='bbox 2307 5525 2477 5597; x_wconf 87' lang='grc' dir='ltr'>Λόγος</span> <span class='ocrx_word' id='word_1_886' title='bbox 2513 5527 2859 5598; x_wconf 77' lang='grc' dir='ltr'>ὀνομάζεται,</span> <span class='ocrx_word' id='word_1_887' title='bbox 2888 5530 3117 5603; x_wconf 74' lang='grc' dir='ltr'>ἐπείπερ</span> <span class='ocrx_word' id='word_1_888' title='bbox 3154 5530 3265 5603; x_wconf 76' lang='grc' dir='ltr'>ἔχει</span> <span class='ocrx_word' id='word_1_889' title='bbox 3293 5532 3394 5604; x_wconf 75' lang='grc' dir='ltr'><strong>τὴν</strong></span> <span class='ocrx_word' id='word_1_890' title='bbox 3426 5533 3720 5601; x_wconf 74' lang='grc' dir='ltr'>συνάφειαν</span> 
     </span>
    </p>
   </div>
   <div class='ocr_carea' id='block_1_116' title="bbox 539 5666 2309 5767">
    <p class='ocr_par' dir='ltr' id='par_1_116' title="bbox 539 5666 2309 5767">
     <span class='ocr_line' id='line_1_116' title="bbox 539 5666 2309 5767; baseline 0.011 -30"><span class='ocrx_word' id='word_1_891' title='bbox 539 5682 586 5719; x_wconf 61' lang='grc' dir='ltr'>ιο</span> <span class='ocrx_word' id='word_1_892' title='bbox 613 5680 806 5741; x_wconf 78' lang='lat' dir='ltr'><strong>Matth.</strong></span> <span class='ocrx_word' id='word_1_893' title='bbox 841 5699 917 5754; x_wconf 68' lang='grc' dir='ltr'><strong>ιι,</strong></span> <span class='ocrx_word' id='word_1_894' title='bbox 953 5666 1042 5741; x_wconf 70' lang='lat'><strong>28.</strong></span> <span class='ocrx_word' id='word_1_895' title='bbox 1120 5686 1160 5719; x_wconf 76' lang='grc'><strong>⁸⁸</strong></span> <span class='ocrx_word' id='word_1_896' title='bbox 1200 5685 1386 5744; x_wconf 79' lang='lat' dir='ltr'><strong>Matth.</strong></span> <span class='ocrx_word' id='word_1_897' title='bbox 1425 5704 1540 5757; x_wconf 86' lang='lat' dir='ltr'><strong>vm,</strong></span> <span class='ocrx_word' id='word_1_898' title='bbox 1577 5693 1630 5747; x_wconf 84' lang='lat'><strong>&#39;5.</strong></span> <span class='ocrx_word' id='word_1_899' title='bbox 1710 5693 1751 5727; x_wconf 76' lang='lat'><strong><em>“</em></strong></span> <span class='ocrx_word' id='word_1_900' title='bbox 1784 5693 1980 5751; x_wconf 78' lang='lat' dir='ltr'><strong>Ezech.</strong></span> <span class='ocrx_word' id='word_1_901' title='bbox 2008 5688 2309 5767; x_wconf 70' lang='lat' dir='ltr'><strong>xxxiv,18.</strong></span> 
     </span>
    </p>
   </div>
  </div>
