4004 6202
218 289 277 347 89
1393 284 1766 342 ADVERSUS
1808 284 2214 342 NESTORIUM
2256 284 2384 340 LIB.
2428 286 2489 342 ll.
3455 289 3526 347 90

220 408 309 476 τ’,ν
335 402 573 476 πρδςτδν
596 401 861 474 Χριστὸν
894 403 1141 474 διηνεκῆ
1162 421 1175 435 ο
1211 405 1302 457 καὶ
1335 405 1435 459 οὐκ
1464 405 1579 458 ἐστι
1605 404 1694 459 τὸν
1717 405 1827 458 Θεὸ¹

1955 407 2103 473 bum,
2169 407 2295 476 quia
2329 403 2488 460 habet
2535 416 2851 476 perpetuam
2885 423 3007 462 cum
3034 406 3251 464 Christo
3293 407 3521 477 conjun-

227 499 388 568 ,ιόγον
411 496 529 550 ἀνευ
552 493 656 563 τῆς
686 493 798 546 ἀνθ
809 496 1154 566 ρωπότητος
1183 495 1389 566 πρᾶξαί
1411 513 1462 549 τι
1477 512 1491 527 ο
1514 496 1827 567 ἀπηκρίϐωα

1946 500 2179 553 ctiouem
2221 517 2234 553 :
2269 513 2442 566 neque
2498 498 2761 568 contingit
2810 509 2868 553 ut
2912 500 3054 555 Deus
3116 498 3353 554 Verbum
3403 501 3521 555 sine

226 605 304 640 ται
348 585 451 655 γάρ
480 585 559 647 είς
598 582 797 653 ἄκραν
854 586 1196 654 συνάφειαν,
1238 586 1339 638 οὐκ
1386 586 1464 647 είς
1511 585 1827 652 ἀποθέωσιν1

1948 589 2285 645 humanitate
2341 588 2504 642 faciat
2557 587 2759 656 aliquid
2791 589 3126 655 :perductus
3164 598 3249 642 est
3280 593 3421 643 enim
3453 589 3518 640 ad

226 676 357 732 κατά
402 675 522 738 τοὺς
583 675 811 742 σαφοῦς
869 674 994 728 τῶν
1052 676 1431 747 δογματιστῶν
1486 677 1595 731 τῶν
1646 678 1842 733 νεωτέ-

227 770 371 843 ρων-1

1945 696 2212 734 summam
2271 678 2730 747 coniunctionem,
2767 694 2872 732 nor.
2902 680 2967 732 ad
3008 679 3431 741 dedicationem,
3462 688 3520 731 ut

1944 772 2217 841 sapientes
2254 786 2285 826 e
2315 770 2712 826 recentioribus
2760 769 3104 839 dogtnatistis
3141 767 3450 842 asserunt.]

825 902 1109 957 ΚΕΦΑΛ.
1154 904 1234 958 H'.

2568 903 2720 960 CAP.
2761 902 2895 957 Vlll.

2015 1040 2117 1109 Qui
2174 1041 2356 1095 dicere
2407 1055 2572 1094 ausus
2616 1048 2700 1094 est
2739 1039 3014 1109 Unigeniti
3069 1038 3515 1109 gloriﬁcatiouem

1942 1134 2147 1189 (.hristi
2180 1132 2433 1202 potentiae
2475 1132 2666 1194 tribui,
2723 1140 2778 1186 et
2827 1131 2917 1200 qui
2967 1132 3241 1185 vinculum
3296 1134 3517 1206 unitatis

1941 1226 2213 1291 distraxit,
2233 1238 2421 1278 rursus
2447 1223 2514 1276 ad
2537 1224 2787 1277 unionem
2806 1222 3109 1292 coniungit,
3152 1224 3517 1293 disjnngitque

1945 1333 2158 1381 rursus,
2191 1326 2245 1371 et
2277 1325 2499 1371 naturas
2530 1316 2759 1370 invicem
2784 1326 3026 1385 separat,
3058 1327 3115 1371 et
3148 1317 3232 1371 his
3263 1317 3330 1371 de
3353 1317 3516 1372 rebus

306 1039 365 1092 Ὀ
394 1039 553 1109 sinvat
576 1039 881 1110 τολμήσας
935 1043 1037 1112 τὴν
1078 1042 1175 1095 τοῦ
1222 1043 1562 1110 Μονογενοῦς
1597 1043 1836 1109 εὐδοξίαν

235 1136 301 1201 τῆ
332 1131 553 1202 Χριστοῦ
582 1129 877 1202 περίῆφθα
902 1152 925 1186 ι
949 1135 1257 1205 δυναστείᾳ,
1290 1135 1495 1189 καὶτὸν
1524 1136 1623 1205 τῆς
1648 1138 1837 1209 ἑνότη-

246 1241 331 1285 τος
364 1223 634 1293 σύνδεσμον
664 1226 1033 1291 διασπὰσας,
1070 1227 1290 1293 συνάγει
1325 1227 1487 1282 πάλιν
1515 1230 1595 1291 είς
1622 1229 1835 1295 ἕνωσιν,

256 1315 438 1368 διαλύει
466 1332 521 1368 τε
556 1312 645 1378 αὖ,
691 1317 794 1368 καὶ
833 1317 1132 1388 ἐξίστησιν
1181 1318 1428 1388 ἀλλήλων
1470 1320 1568 1383 τὰς
1621 1321 1833 1389 φύσεις,

262 1409 475 1461 τελεῖστά
504 1426 560 1461 τε
592 1410 698 1462 ὃσα
731 1411 886 1480 περὶ
929 1412 1136 1463 τούτων
1164 1412 1297 1480 ἡμῖν
1328 1411 1601 1479 κενολογεῖ
1627 1414 1719 1466 καὶ
1749 1430 1827 1466 τε·

1943 1408 2339 1478 quamplurima
2385 1409 2541 1463 nobis
2561 1423 2698 1462 vane
2721 1418 3143 1477 portentoseque
3173 1407 3431 1477 loquitur,
3457 1418 3517 1462 ut

267 1500 541 1571 ρατεόεται,
558 1503 645 1555 ἴνα
672 1502 781 1555 κᾶν
806 1503 876 1555 εἴ
892 1520 942 1555 τι
974 1504 1217 1572 φαίνοιτο
1246 1503 1420 1571 λέγων
1445 1505 1552 1558 τῶν
1579 1508 1657 1569 είς
1682 1507 1827 1578 ὀρθό-

1940 1502 2173 1555 etiamsi
2204 1500 2334 1570 quid
2370 1499 2502 1554 recti
2541 1500 2721 1554 dicere
2771 1499 3040 1565 videatur,
3102 1508 3275 1553 tamen
3328 1510 3515 1569 aperte

264 1611 385 1663 τητα
411 1595 755 1657 νενευκότων,
784 1596 1160 1666 ἐξελέγχηται
1197 1596 1383 1665 σαφῶς
1414 1600 1486 1669 μὴ
1515 1599 1670 1664 εἰδὼς
1694 1600 1723 1653 ὃ
1748 1600 1827 1654 λέ-

1940 1604 2266 1661 coarguatur
2291 1593 2541 1662 ignorare
2568 1595 2695 1662 quid
2718 1593 2880 1647 dicat.
2900 1591 3034 1646 Nam
3063 1593 3164 1647 hoc
3193 1592 3311 1646 loco
3341 1594 3510 1661 ipsum

268 1703 359 1753 γει,
386 1681 531 1740 Εἶναι
570 1687 667 1757 μὲν
699 1687 817 1757 γὰρ
842 1687 1037 1740 ἐνθάδε
1075 1688 1209 1757 φησί
1236 1688 1327 1740 τὸν
1349 1689 1444 1741 τοῦ
1473 1689 1609 1744 Θεοῦ
1637 1692 1827 1761 Λόγον,

1944 1684 2034 1736 Dei
2071 1681 2303 1736 Verbum
2333 1693 2387 1735 et
2436 1681 2630 1735 Filium
2659 1692 2713 1736 et
2756 1683 2920 1736 Deum
2952 1696 3071 1735 esse
3118 1682 3314 1735 asserit
3348 1683 3511 1736 etiam

275 1779 359 1829 καὶ
387 1778 506 1831 Υἱον
526 1781 619 1833 καί
641 1779 796 1845 Θεὸν,
827 1782 927 1833 καὶ
958 1781 1067 1852 πρὸ
1094 1782 1194 1850 τῆς
1214 1782 1681 1855 ἐνανθρωπήσεως
1699 1758 1827 1841 ’-καὶ

1939 1784 2229 1842 antequam
2269 1773 2430 1826 homo
2458 1773 2610 1826 ﬁeret
2636 1790 2651 1838 ;
2677 1781 2935 1841 pra-terea
2955 1772 3350 1838 posterioribus
3377 1783 3513 1826 tem-

284 1868 376 1938 μὴν
404 1870 480 1921 ὅτι
510 1872 600 1924 καὶ
643 1872 701 1924 ὲν
749 1874 1007 1943 ὑστέροις
1044 1877 1258 1944 καιροῖς
1307 1876 1535 1929 ἀνέλαϐε
1584 1879 1685 1948 τὴν
1737 1879 1827 1933 τοῦ

1938 1866 2155 1935 poribus
2198 1863 2424 1918 formam
2477 1865 2616 1917 servi
2680 1863 2980 1929 aet‘cpisse.
3047 1861 3267 1931 Explica
3324 1862 3508 1929 igitur,

286 1961 455 2013 δούλου
480 1964 704 2034 μορφήν.
733 1963 913 2036 Φράζε
949 1966 1014 2037 δὴ
1047 1962 1161 2030 οὖν,
1193 1969 1242 2019 εἰ
1274 1969 1347 2038 μή
1386 1985 1467 2022 σοι
1492 1969 1635 2023 δοκῶ
1661 1972 1729 2025 τὰ
1760 1975 1827 2027 εί-

1936 1957 2036 2011 nisi
2075 1956 2168 2010 tibi
2218 1957 2605 2024 consequentia
2669 1955 2854 2010 videor
2889 1956 3091 2019 dicere,
3135 1953 3382 2023 quisnam
3423 1953 3515 2007 ille

295 2053 415 2105 ιθτα
433 2053 623 2121 λέγειν,
644 2055 719 2118 τίς
745 2057 809 2126 δὴ
846 2057 956 2129 ἄρα
986 2060 1136 2111 ἐστὶν
1167 2060 1196 2112 ό
1225 2060 1643 2132 ἐνανθρωπῆσαι
1670 2064 1827 2133 λεγό-

1935 2058 2015 2102 est
2041 2048 2130 2117 qui
2185 2049 2345 2103 homo
2380 2047 2553 2101 factus
2601 2062 2719 2101 esse
2764 2048 2962 2101 dicitur
2989 2047 3011 2100 ἲ
3043 2047 3171 2116 quid
3211 2046 3373 2100 etiam
3411 2047 3512 2101 hoc

316 2161 455 2211 μενος
474 2162 493 2210 ',
514 2148 603 2198 καί
623 2146 671 2198 τί
696 2149 769 2215 τὸ,
794 2150 1232 2220 ὲνανθρωπῆσαι,
1265 2153 1405 2222 φὴςς
1442 2154 1526 2215 τίς
1553 2157 1580 2207 ό
1609 2155 1708 2225 τὴν
1737 2155 1827 2209 τοῦ

1936 2141 2107 2208 ipsum
2141 2141 2412 2193 hominem
2474 2139 2591 2193 ﬁcri
2622 2139 2758 2193 dicis
2787 2139 2811 2191 ’Ξ
2839 2139 3087 2207 quisnam
3126 2138 3213 2191 ille
3257 2138 3346 2205 qui
3395 2137 3511 2190 for-

320 2234 490 2289 δούλου
528 2239 718 2309 μορφὴν
754 2236 1058 2306 ἀναλαΰών;
1104 2243 1378 2315 ἀνελήφθη
1413 2246 1468 2298 δὲ
1501 2247 1633 2319 παρ’
1664 2249 1827 2303 αὐτοῦ

1936 2248 2074 2285 mam
2102 2233 2246 2295 servi
2276 2234 2515 2301 suscepit
2539 2233 2562 2286 ?
2596 2244 2652 2286 et
2681 2248 2915 2300 quonam
2954 2233 3112 2287 modo
3149 2230 3216 2285 ab
3240 2246 3303 2284 eo
3326 2244 3513 2285 susce-

1933 2330 2020 2391 pta
2049 2331 2130 2376 est
2158 2321 2276 2375 ?Ac
2307 2322 2350 2376 si
2391 2322 2664 2376 hominem
2715 2321 2916 2375 dixerit
2970 2335 3091 2376 esse
3134 2323 3509 2384 humauatum,

1934 2415 2217 2482 quisquam
2251 2431 2316 2469 ue
2353 2414 2560 2468 dubitet
2606 2415 2736 2483 quin
2798 2415 3127 2468 sententiam
3178 2429 3340 2467 suam
3398 2412 3507 2465 risu

1933 2506 2147 2571 dignam
2178 2506 2246 2555 sit
2279 2505 2598 2571 proditurus
2630 2505 2652 2556 ?
2679 2518 2803 2557 nam
2849 2503 2939 2569 qui
2987 2504 3148 2556 homo
3187 2503 3260 2555 sit
3312 2516 3509 2555 secun-

1933 2596 2059 2648 dum
2093 2604 2362 2657 naturam,
2406 2595 2677 2664 quomodo
2731 2594 2875 2663 quod
2915 2606 3034 2647 erat
3081 2609 3271 2647 rursus
3318 2593 3429 2660 (iet,
3456 2601 3510 2647 et

1934 2698 2191 2755 tanquam
2217 2686 2269 2739 in
2300 2687 2443 2739 aliud
2474 2685 2753 2755 quidpiam
2803 2685 3081 2752 transibit,
3118 2686 3261 2755 quod
3293 2685 3361 2741 ad
3416 2702 3510 2740 na-

322 2324 435 2378 τὶνα
460 2328 669 2395 τρόπονς
691 2332 798 2386 Ὀτι
825 2336 918 2404 μὲν
960 2329 1052 2388 οὖν
1084 2334 1373 2404 ἄνθρωπον
1412 2339 1831 2411 ὲνανθρωπῆσαι

307 2412 496 2481 λέγων,
530 2418 740 2486 γέλωτος
780 2424 924 2488 ἀξίαν
970 2428 1233 2497 ἀποφανεῖ
1273 2429 1374 2498 τὴν
1405 2431 1597 2484 ἑαυτοῦ
1635 2433 1828 2504 φρένα,

301 2506 409 2570 πῶς
436 2508 505 2561 ἂν
531 2512 816 2569 ἐνδοιάσειέ
840 2535 920 2581 τις
942 2537 956 2582 ;
980 2522 1007 2572 δ
1032 2522 1128 2591 γὰρ
1157 2520 1232 2575 ὢν
1258 2521 1542 2594 ἄνθρωπος
1567 2526 1708 2579 κατὰ
1732 2527 1831 2595 φύ-

297 2615 391 2661 σιν,
420 2600 534 2665 πῶς
565 2604 634 2657 ἄν
665 2607 692 2658 ὃ
734 2603 803 2676 ἦν
855 2610 1058 2677 γένοιτο
1094 2612 1266 2679 πάλιν,
1300 2616 1392 2668 καὶ
1422 2616 1497 2680 ὡς
1530 2619 1612 2685 ἐφ’
1638 2618 1832 2690 ἕτερόν

293 2707 336 2742 τι
358 2698 808 2766 μετακεχωρηκὼς
832 2699 915 2771 εἴη
942 2702 1026 2765 ἂν,
1052 2706 1191 2759 κατά
1221 2707 1284 2774 γέ
1313 2724 1455 2777 φημι
1485 2709 1577 2761 τὸν
1608 2711 1704 2777 τῆς
1731 2711 1831 2781 φύ-

293 2797 414 2845 σεως
436 2782 615 2852 λόγον;
647 2787 714 2840 Τὸ
759 2789 814 2841 δὲ
852 2794 991 2846 κατὰ
1025 2794 1186 2863 φύσιν
1219 2798 1357 2851 ίδίαν
1388 2800 1487 2852 οὐκ
1522 2800 1826 2870 ἐλεύθερον,

1934 2792 2088 2847 ιιιττιο,
2118 2782 2360 2850 inquam,
2387 2785 2580 2835 attitth
2613 2784 2874 2841 rationem
2905 2784 2928 2837 ‘I
2954 2784 3054 2849 Qui
3085 2785 3247 2839 etiam
3281 2800 3345 2838 ex
3391 2784 3507 2854 ipsa

288 2872 394 2927 τίνα
421 2876 606 2947 τρόπον
626 2880 688 2933 ἂν
717 2881 928 2950 λέγοιτο
967 2888 1303 2959 γεγενῆσθαι
1335 2891 1539 2956 δοῦλον,
1569 2894 1643 2957 ὡς
1674 2893 1827 2947 τοῦτο

1931 2886 2027 2924 sua
2082 2882 2273 2922 natura
2325 2887 2428 2924 non
2470 2871 2738 2936 estliber,
2791 2873 3061 2941 qttomodo
3100 2889 3293 2929 servus
3334 2875 3508 2929 factus

285 2966 373 3056 ot’m
401 2966 457 3019 δν
486 2970 541 3021 ἐν
571 2970 787 3042 άρχαῖςς
821 2976 1034 3030 οὐκοῦν
1078 2979 1179 3033 οὐκ
1223 2981 1497 3053 ἀνθρώπῳ
1530 2985 1728 3056 πρέποι
1762 2986 1827 3040 ἂν

1931 2975 2051 3016 esse
2081 2962 2309 3021 dicetur,
2362 2972 2614 3029 tanquam
2656 2962 2919 3029 ejusmodi
2977 2973 3104 3019 ante
3148 2980 3254 3018 non
3291 2965 3451 3019 fuerit
3482 2965 3507 3017 ἵ

283 3054 358 3119 τδ,
379 3057 788 3133 ὲνανθρωπῆσαι,
819 3066 1018 3120 πολλοῦ
1045 3086 1108 3137 γε
1133 3070 1241 3122 δεῖ·
1270 3072 1361 3124 καὶ
1389 3052 1487 3141 τὴν
1515 3052 1607 3128 τοι]
1638 3076 1825 3129 δούλου

1931 3053 2073 3123 Ergo
2106 3053 2309 3106 homini
2344 3067 2447 3105 non
2471 3054 2757 3106 conveniet
2794 3052 3064 3107 hominem
3105 3055 3245 3116 ﬁeri,
3284 3072 3507 3123 prorsus

288 3149 483 3220 μορφὴν
504 3151 690 3219 λαϐεῖν,
711 3156 830 3227 οὐχὶ
856 3157 934 3228 τῷ
962 3162 1058 3213 καὶ
1081 3162 1139 3213 ὲν
1162 3162 1358 3233 ἀρχαῖς
1385 3166 1446 3218 τὸ
1466 3167 1563 3236 τῆς
1586 3167 1827 3233 δουλείας

1931 3146 2077 3198 ιιιιΙΙο
2126 3144 2304 3208 modo,
2341 3152 2396 3196 et
2425 3143 2568 3196 servi
2605 3143 2833 3198 formam
2878 3145 3147 3214 accipere,
3203 3161 3308 3198 non
3340 3147 3388 3199 ei
3413 3149 3504 3213 qui

282 3239 437 3309 ἔχοντι
463 3244 672 3315 μέτρον,
694 3247 811 3301 ἀλλ’
836 3250 1032 3321 ἐκείνῳ
1061 3253 1281 3322 μᾶλλον,
1304 3255 1363 3319 ὃς
1395 3256 1493 3308 οὐκ
1517 3257 1591 3309 ὢν
1613 3258 1708 3311 άνθ
1719 3275 1825 3328 ρω-

280 3349 364 3397 πος
388 3334 516 3388 κατά
542 3337 724 3405 φύσιν,
750 3339 911 3395 τοῦτο
938 3344 1195 3412 γενέσθαι
1226 3346 1560 3401 πιστεύεται·
1592 3350 1685 3402 καὶ
1718 3350 1826 3404 τῶν

276 3424 393 3477 ὅλων
416 3428 671 3499 ὑπάρχων
693 3433 992 3505 Δεσπότης,
1017 3436 1091 3500 ὡς
1122 3437 1273 3501 Θεὸς,
1293 3438 1534 3508 καθῆκεν
1552 3441 1744 3495 ἑαυτὸν
1768 3444 1827 3495 ὲν

276 3520 371 3578 τοῖς
394 3518 503 3571 καθ’
525 3523 695 3592 ἡμᾶς,
727 3524 936 3589 ἐνώσας
964 3527 1140 3599 ἑαυτῷ
1174 3529 1293 3583 καθ’
1318 3530 1620 3584 ὑπόστασιν
1645 3532 1706 3585 τὸ
1734 3535 1827 3587 ἀν-

276 3606 537 3677 θρώπινον,
572 3614 668 3666 κα)⁵
713 3615 813 3686 τὴν
864 3617 961 3671 τοῦ
1009 3619 1196 3672 δούλου
1255 3621 1468 3693 μορφὴν
1516 3622 1821 3680 ἀναλαϐών.

276 3697 409 3754 Οὕτω
431 3704 544 3775 γὰρ
573 3704 723 3759 ἔσται
750 3709 847 3761 καὶ¹
879 3709 1077 3781 ἀληθὲς
1104 3712 1242 3782 ὅπερ
1264 3698 1431 3783 ¹ἔφης.
1459 3714 1540 3768 ὅτι
1565 3715 1703 3786 μετὰ
1726 3717 1825 3789 τὴν

277 3788 513 3860 ἀνάληψιν
541 3794 603 3846 οὐ
630 3794 853 3850 δύναται
877 3799 1158 3854 καλεῖσθαι
1204 3804 1628 3874 κεχωρισμένως
1672 3788 1822 3874 Υἱὸς,

277 3876 349 3929 ἱνα
386 3880 456 3950 μὴ
482 3881 577 3934 δύο
603 3884 751 3947 υἱοὺς
781 3885 1221 3961 δογματίσωμεν.
1255 3893 1364 3945 Καὶ
1391 3894 1424 3964 ὴ
1461 3894 1561 3964 μὲν
1596 3895 1704 3948 τῶν
1736 3897 1823 3950 δο-

279 3972 482 4039 γμάτων
523 3973 649 4046 ὀρθή
679 3994 736 4030 τε
791 3981 885 4032 καὶ
913 3981 1291 4054 ἀδιάστροφος,
1337 3987 1432 4038 καὶ
1460 3988 1540 4051 είς
1570 3988 1698 4041 εὐθὺ
1743 3988 1825 4041 δι-

281 4063 498 4134 ᾴττουσα
533 4067 726 4139 τρίϐος,
755 4070 852 4143 ἥδε
878 4072 937 4125 τέ
964 4073 1081 4126 ἐστι
1110 4075 1204 4128 καὶ
1232 4076 1330 4146 οὐχ
1360 4076 1542 4149 ἑτέρα.
1572 4078 1745 4141 Αὐτὸς
1768 4078 1825 4132 δὲ

1930 3242 2094 3294 etiam
2137 3255 2166 3291 a
2222 3238 2487 3308 principio
2540 3252 2851 3293 mensuram
2919 3246 3079 3306 atque
3137 3236 3504 3290 conditionem

1928 3332 2201 3387 servitutis
2231 3332 2457 3397 habeat;
2515 3331 2609 3385 sed
2638 3330 2713 3384 illi
2749 3330 3027 3395 nimirum,
3057 3328 3147 3399 qui
3180 3344 3303 3383 cum
3339 3329 3500 3382 homo

1929 3440 2034 3479 non
2088 3434 2233 3479 esset
2272 3423 2568 3478 secundum
2603 3432 2876 3485 naturam,
2908 3422 2957 3474 id
2993 3421 3168 3476 factus
3212 3434 3335 3475 esse
3380 3436 3501 3475 ere-

1927 3516 2074 3570 ditur
2104 3526 2196 3581 ;et
2224 3531 2355 3570 cum
2377 3514 2753 3569 universorum
2807 3523 2952 3567 esset
2992 3512 3274 3574 Dominus.
3322 3520 3506 3581 utpote

1928 3610 2093 3674 Deus,
2151 3610 2394 3678 seipsnm
2452 3607 2523 3662 ad
2576 3618 2766 3661 nostra
2830 3604 3049 3673 dejccit,
3146 3606 3342 3659 uniens
3404 3605 3505 3659 sibi

1927 3704 2218 3757 secundum
2276 3700 2614 3771 hypostasim
2705 3699 2877 3767 ipsam
2949 3698 3372 3763 humanitatem,
3448 3704 3505 3749 et

1927 3794 2069 3848 servi
2135 3793 2362 3847 fortnam
2417 3805 2720 3847 assumens.
2770 3789 2863 3844 Sic
2900 3805 3133 3859 namque
3155 3804 3341 3843 verum
3398 3787 3506 3842 erit

1928 3886 2069 3954 quod
2095 3885 2301 3949 dixisti,
2336 3894 2456 3951 post
2490 3881 2922 3950 assumptionem
2963 3898 3067 3935 non
3104 3896 3263 3948 posse
3306 3879 3502 3935 Filium

1927 3975 2113 4029 vocari
2193 3974 2448 4037 scorsim,
2523 3990 2590 4027 ne
2653 3974 2788 4027 duos
2865 3972 3005 4026 ﬁlios
3052 3972 3501 4036 dogmatizemus.

1925 4068 2005 4121 Ac
2037 4074 2181 4119 recta
2211 4063 2427 4132 quidem
2445 4071 2499 4115 et
2528 4061 2748 4115 minime
2783 4075 3058 4129 perversa,
3080 4060 3208 4113 etin
3232 4060 3497 4113 directum

270 4151 327 4221 δὴ
355 4156 530 4224 πάλιν,
563 4158 591 4210 ὁ
614 4159 715 4227 τὴν
739 4161 1152 4234 ὲνανθρώπησιν
1182 4167 1315 4236 ἡμῖν
1347 4167 1621 4237 ὀνομάσας
1642 4167 1737 4221 τοῦ
1761 4169 1825 4222 ὲκ

1931 4156 2154 4214 tendens
2212 4155 2523 4223 dogmatum
2564 4152 2756 4207 semita
2799 4160 2994 4220 przeter
3046 4152 3184 4206 hanc
3239 4149 3379 4204 nulla
3421 4159 3507 4205 cst

262 4242 459 4328 ματρὸς
486 4245 644 4311 ὄντος
676 4249 872 4318 Λόγου,
915 4255 1198 4325 μονονουχὶ
1227 4255 1323 4308 καὶ
1355 4236 1634 4328 εῖςνλήθην
1662 4258 1825 4323 εὐθὺς

1931 4248 2067 4302 alia:
2099 4246 2222 4315 ipse
2270 4252 2451 4298 autem
2490 4243 2582 4313 qui
2631 4242 3070 4296 humanationem
3114 4236 3274 4296 Verbi
3305 4254 3367 4294 ex
3392 4239 3506 4295 Deo

258 4324 320 4385 ὧν
346 4336 450 4406 ἔφη
493 4339 870 4410 παρενεχθεὶς,
907 4342 1141 4413 διῖστησι
1170 4324 1333 4399 πάλιν
1362 4348 1442 4411 είς
1469 4324 1562 4401 δόο
1587 4324 1680 4402 τὸν
1704 4347 1821 4414 ἕνα,

1931 4337 2239 4395 exsisteutis
2315 4334 2478 4401 dixit,
2557 4333 2950 4403 propemodum
3041 4332 3093 4385 in
3177 4330 3505 4385 oblivionem

255 4424 337 4477 καὶ
356 4430 482 4491 ταῖς
499 4429 612 4482 τῶν
626 4432 904 4501 ὀνομάτων
931 4432 1260 4509 [νοημάτων]
1288 4436 1585 4510 ὲξιτηλίαις
1610 4442 1820 4512 ἀσυφή-

1931 4431 2072 4486 illico
2114 4444 2301 4484 eorum
2343 4443 2462 4495 quae
2538 4426 2697 4492 dixit,
2763 4426 3040 4493 abreptus,
3101 4439 3291 4479 rursus
3337 4439 3501 4477 unum

253 4514 343 4583 λως
366 4522 796 4593 ἐπινηχόμενος’
831 4526 924 4579 καὶ
962 4531 1167 4596 φωναῖς
1201 4530 1585 4596 ἀϐασανίστοις
1615 4533 1702 4587 ἀεὶ
1732 4551 1827 4587 κε-

1933 4524 1986 4578 in
2078 4522 2184 4576 duo
2260 4519 2473 4584 dividit,
2569 4517 2816 4571 inanitati
2905 4517 3180 4570 nominum
3270 4516 3505 4571 absurde

250 4612 536 4681 χρημὲνος.
581 4616 728 4686 Ἔφη
760 4618 890 4688 γάρ·
920 4620 1096 4691 [Ἀλλ’
1123 4622 1423 4695 ἐπειδήπερ
1468 4624 1667 4695 ἐκείνῳ
1702 4642 1827 4679 συν-

1931 4615 2205 4677 innatans,
2259 4621 2315 4667 et
2359 4612 2582 4666 vocibus
2630 4625 2821 4679 parum
2894 4608 3222 4664 examinatis
3292 4623 3505 4677 semper

250 4703 411 4772 ἧπται
441 4706 522 4777 τῷ
572 4708 632 4760 ἐν
687 4710 828 4782 ἀρχῇ
863 4711 978 4766 δντι
1008 4713 1146 4785 Υίῴ,
1186 4714 1267 4786 τῷ
1316 4715 1454 4787 πρὸς
1494 4717 1657 4771 αὑτὸν
1698 4734 1825 4771 συν-

1931 4707 2039 4779 ω
2064 4720 2223 4762 utens
2255 4729 2267 4763 :
2303 4705 2540 4760 aitenim
2569 4722 2584 4759 :
2626 4702 2756 4775 [Sed
2787 4703 2915 4772 quia
2963 4703 3040 4757 illi
3075 4702 3392 4769 coniunctus
3416 4710 3502 4756 est

250 4796 493 4863 αφθέντι,
522 4800 586 4853 οὑ
640 4799 865 4857 δύναται
899 4806 1039 4858 κατά
1078 4806 1139 4859 τὸ
1185 4805 1404 4878 ἀξίωμα
1432 4809 1533 4879 τῆς
1578 4809 1827 4880 υἱότητος

1931 4798 2065 4853 Filio
2096 4798 2183 4866 qui
2216 4805 2335 4850 erat
2364 4796 2416 4849 in
2450 4794 2733 4862 principio,
2767 4793 2868 4848 sibi
2926 4793 3177 4862 copulato
3200 4832 3216 4856 ,
3254 4808 3356 4847 non
3402 4805 3501 4857 po-

248 4888 509 4962 διαίρεσιν
538 4893 799 4961 δέξασθαι
822 4912 837 4927 ·
874 4899 1014 4950 κατά
1039 4897 1102 4951 τὸ
1132 4899 1349 4970 ἀξίωμά
1390 4917 1554 4971 φησιν
1582 4900 1684 4971 τῆς
1709 4901 1823 4954 υἱό-

1931 4899 2054 4953 test,
2092 4889 2239 4958 quod
2269 4888 2334 4942 ad
2377 4888 2694 4957 dignitatem
2738 4885 3013 4940 lilialiouis
3044 4887 3238 4938 attinet
3262 4923 3277 4945 ,
3325 4882 3503 4936 susci-

247 5001 420 5057 τητος,
450 4988 515 5040 οὐ
549 4988 694 5042 κατά
733 4989 836 5053 τὰς
865 4989 1123 5064 φύσεις.]
1159 4992 1365 5064 Ὀρθῶς
1406 5011 1491 5061 γε,
1524 4987 1569 5046 ὦ
1592 4995 1690 5048 τάν
1714 5010 1728 5025 ·
1764 4995 1825 5048 τὸ

1931 4996 2053 5051 pere
2105 4981 2423 5035 divisionem
2459 4994 2474 5033 :
2527 4980 2671 5048 quod
2712 4982 2779 5033 ad
2830 4979 3151 5049 dignitatem
3189 4974 3494 5043 ﬁliationis,

248 5078 553 5147 ἀνασφαλὲς
600 5075 742 5134 εἶναι
785 5081 982 5149 δοκεῖν,
1006 5124 1020 5137 .
1052 5124 1067 5138 .
1096 5085 1361 5157 ,ἀχρεῖον
1404 5087 1668 5157 παραιτῇ.
1709 5086 1824 5139 Ἀεὶ

1931 5074 2167 5143 inquam,
2206 5089 2307 5126 non
2339 5073 2479 5140 quod
2512 5072 2578 5127 ad
2612 5069 2883 5143 naturas.]
2916 5070 3106 5132 Recte,
3147 5067 3233 5120 vir
3267 5067 3497 5136 optime,

247 5172 661 5244 διεγηγερμένῳ
696 5175 1104 5247 κεχρῆσθαιτῷ
1131 5176 1296 5246 λόγῳ,
1329 5176 1417 5231 διὰ
1459 5177 1695 5247 σπουδῆς
1731 5179 1822 5231 τέ-

1931 5165 2063 5230 quod
2101 5165 2318 5222 minime
2347 5173 2520 5217 tutum
2553 5179 2679 5220 esse
2736 5163 3047 5216 videtur....
3106 5169 3363 5228 tauquam
3411 5161 3497 5215 iu-

248 5262 416 5315 θειταί
452 5280 558 5317 σοι.
591 5264 727 5318 Ἰδοὺ
750 5265 881 5336 γὰρ,
914 5266 1023 5319 ἰδοὺ
1056 5266 1280 5339 διαιρῶν
1309 5268 1409 5331 τὰς
1453 5268 1664 5336 φύσεις,
1696 5268 1822 5321 συ)-

1931 5256 2054 5309 utile
2111 5253 2334 5321 refugis.
2390 5254 2619 5324 Semper
2666 5254 2763 5307 tibi
2826 5250 3067 5322 vigilanti
3128 5264 3379 5305 sermone
3418 5252 3495 5307 uti

246 5354 418 5424 λέγεις
466 5359 552 5420 εἰς
606 5356 802 5412 ἕνωσιν
849 5359 993 5412 κατά
1032 5359 1093 5412 τὸ
1129 5359 1349 5429 ἀξίωμα
1407 5361 1505 5432 τῆς
1548 5361 1816 5431 υἱότητος.

1931 5343 2159 5398 studium
2222 5341 2341 5396 fuit.
2397 5343 2533 5397 Ecce
2574 5342 2685 5411 jam
2731 5350 2880 5395 certe
2931 5340 3221 5418 dividendo
3271 5351 3496 5396 naturas

244 5444 366 5520 Ἃρ*
391 5446 487 5504 οὖν
520 5450 739 5521 ἀπόχρη
772 5451 910 5521 πρὸς
936 5452 1128 5506 ἕνωσιν
1157 5452 1328 5523 ἀληθῆ
1354 5456 1466 5516 τοῖς
1489 5453 1629 5506 κατὰ
1658 5455 1818 5521 φύσιν

1931 5434 2129 5503 εοιιῖείε
2148 5435 2213 5486 ad
2243 5434 2503 5488 unitatem
2521 5433 2813 5486 secundum
2834 5432 3110 5488 liliationis
3137 5433 3454 5505 dignitatem
3478 5452 3492 5489 :

247 5538 481 5612 ἀλλήλων
520 5539 899 5611 διεστηκόσιν,
958 5543 992 5613 ἡ
1033 5541 1139 5596 τῶν
1194 5543 1472 5613 ὀνομάτων
1527 5545 1815 5616 ταυτότης,

246 5631 406 5701 how
434 5632 747 5703 ὁμωνυμία,
771 5633 866 5686 καὶ
891 5634 949 5687 τὸ
972 5636 1093 5688 κατ’
1117 5635 1285 5707 αὐτὴν
1309 5636 1563 5709 ἀξίωμα;
1602 5637 1683 5690 σοὶ
1709 5638 1817 5708 γὰρ

252 5723 339 5778 καὶ
367 5724 509 5779 οὕτω
535 5724 700 5795 φάναι
732 5724 899 5780 δοκεῖ.
933 5725 1162 5796 Οὐκοῦν,
1188 5727 1480 5797 ἐπειδήπερ
1507 5728 1565 5783 τό
1600 5745 1656 5786 τε
1689 5729 1817 5801 Χρι-

1920 5542 2047 5581 unm
2079 5527 2245 5597 igitur
2268 5528 2333 5582 ad
2351 5526 2604 5581 unionem
2621 5540 2804 5581 veram
2835 5540 3015 5581 rerum
3043 5529 3187 5582 inter
3212 5540 3269 5582 se
3295 5536 3493 5582 natura

1917 5618 2230 5674 distantium
2254 5610 2453 5699 sumcit
2490 5618 2891 5689 cognominatio
2914 5659 2929 5684 ,
2980 5634 3074 5674 seu
3120 5619 3493 5691 bomonymia,

1916 5720 1971 5769 et
2004 5709 2240 5785 dignitas
2286 5725 2409 5783 quae
2454 5710 2575 5769 inde
2605 5710 2864 5770 exsistit?
2913 5711 2992 5768 sic
3022 5725 3256 5783 namque
3307 5713 3518 5767 dicerc'
