4004 6202
437 250 497 304 9|
979 244 985 249 ’
1475 246 1531 298 S.
1560 242 1831 296 CYllilLl
1874 239 2341 296 ALEXANDRINI
2383 239 2702 295 ARClllEI‘.
3448 256 3451 259 '
3622 242 3696 299 92

440 363 536 416 tibi
568 361 757 431 placet.
790 364 929 429 Ergo
957 359 1209 429 Quoniam
1231 358 1433 414 Christi
1465 376 1684 422 nomen,
1720 368 1774 413 et
1801 375 1999 412 nomen

2114 357 2235 420 στδς
2259 357 2452 427 ὄνομα,
2484 357 2577 410 καὶ
2617 355 2723 427 μὴν
2758 357 2840 423 τὸ,
2878 357 3007 421 Υἱὸς
3039 357 3133 410 καὶ
3164 357 3388 429 Κύριος.
3428 356 3583 410 κοινὰ
3606 358 3698 410 τὲ-

437 461 726 523 propterea
762 448 881 503 Filii
914 459 968 503 et
1026 449 1233 502 Domini
1280 448 1444 503 etiam
1480 448 1604 503 aliis
1650 451 2005 503 communiter

2116 448 2319 501 θεινται
2358 449 2449 501 καὶ
2475 447 2702 520 ἑτέροις,
2731 448 2973 502 πλεῖστοι
3001 448 3110 521 γὰρ
3139 450 3254 503 ὅσοι
3286 448 3544 518 γεγόνασι
3581 465 3699 518 χριο

439 544 687 612 imposita
718 552 864 604 sunt,
902 557 1024 595 nam
1057 541 1272 609 plurimi
1307 554 1441 594 sane
1480 538 1634 593 fuere
1683 539 1913 603 Christi,
1959 548 2005 593 et

2116 540 2252 603 στοὶ,
2290 539 2584 609 κέκληνται
2612 538 2671 592 δὲ
2716 540 2811 592 καὶ
2859 540 2963 593 υἱοὶ
2993 540 3087 592 καὶ
3122 538 3325 610 κύριοι,
3359 535 3468 591 εἶεν
3500 537 3566 591 ἂν
3600 541 3699 592 καὶ

438 634 615 688 vocati
646 642 772 687 sunt
799 631 895 686 filii
937 641 991 686 et
1039 622 1275 696 domini,
1313 639 1476 685 erunt
1519 630 1619 700 ipsi
1666 644 1884 699 quoque
1928 644 2012 683 se-

438 724 677 779 cundum
735 722 1021 776 liliatiouis
1049 722 1368 791 dignitatem
1398 708 1562 776 inter
1616 736 1677 776 se
1720 721 2009 787 individui,

435 824 490 867 et
515 829 676 867 unum
734 828 920 867 omnes
974 828 1036 868 ea
1096 814 1304 870 unitate
1348 829 1509 884 qnam
1570 814 1692 882 ipse
1745 815 1909 869 etiam
1958 814 2010 868 in

438 901 655 958 Christo
687 919 806 957 esse
829 902 1121 973 perfectam
1157 915 1314 973 putas
1344 923 1358 957 :
1392 905 1618 960 distabit
1646 916 1827 960 autem
1855 921 2011 974 pror-

440 1010 531 1047 sus
572 995 729 1047 homo
765 995 934 1048 nostri
980 995 1174 1050 similis
1202 1012 1231 1049 a
1266 996 1372 1050 Deo
1428 994 1624 1051 Verbo.
1676 995 1792 1051 Hoc
1832 996 2011 1066 posito

437 1090 707 1154 quomodo
754 1101 860 1139 non
904 1102 1112 1141 ενοι-ξοδ
1147 1086 1307 1141 divisi
1355 1097 1551 1152 erunt,
1603 1096 1697 1143 aut
1740 1087 2010 1157 quomodo

437 1178 601 1232 etiam
655 1193 793 1232 unus
826 1176 1036 1243 Filius,
1086 1178 1389 1248 intelligere
1439 1193 1545 1231 non
1586 1189 1851 1247 possum,
1907 1178 2008 1232 nisi

435 1268 729 1323 secundum
767 1269 1022 1323 unionem
1059 1283 1241 1322 veram
1273 1269 1595 1323 convenisse
1618 1269 2006 1322 humanitatem

404 1373 558 1413 .cum
610 1356 790 1412 Verbo
851 1358 1174 1416 dixerimus.
1247 1356 1351 1412 Sed
1410 1359 1539 1428 quia
1588 1367 1808 1428 promer
1847 1359 2019 1426 lmjos-

396 1440 411 1459 ⁸
437 1450 674 1504 hominis
704 1464 865 1504 voces
898 1464 1121 1504 necesse
1148 1459 1232 1505 est
1256 1451 1423 1505 etiam
1449 1466 1548 1520 per
1576 1450 1843 1505 absurdas
1875 1466 2002 1503 sen-

438 1542 632 1594 tentias
666 1541 967 1595 orationem
998 1541 1390 1608 circumferre,
1448 1552 1508 1597 ut
1561 1543 1803 1612 undique
1844 1557 2004 1596 coar-

434 1640 630 1701 guatur
668 1632 809 1687 haud
861 1644 1007 1688 recte
1033 1635 1313 1698 sensisse,
1378 1634 1606 1702 agedum
1657 1634 1785 1690 illud
1840 1634 2002 1689 etiam

433 1725 705 1779 dicamus:
729 1724 858 1778 Nam
890 1726 938 1780 si
967 1727 1102 1782 satis
1131 1737 1215 1781 est
1240 1728 1304 1783 ad
1332 1729 1583 1782 unionem
1604 1728 1837 1795 dignitas
1871 1727 2005 1781 ﬁlia-
2038 1703 2092 1756 B'

436 1816 618 1884 tionis,
677 1819 930 1886 quoniam
988 1820 1296 1888 appellatur
1352 1828 1408 1874 et
1452 1829 1537 1874 est
1595 1817 1764 1875 Filius
1808 1820 1898 1872 Dei
1942 1834 2006 1874 ac

433 1908 613 1965 Patris
648 1909 775 1964 illud
814 1926 885 1965 ex»
919 1911 1033 1979 ipso
1060 1909 1317 1976 Verbum,
1344 1921 1399 1967 et
1429 1928 1719 1969 commune
1753 1922 1834 1968 est
1863 1912 2003 1966 mul-

432 2002 501 2054 tis
534 2000 654 2055 aliis
687 2001 787 2056 hoc
820 2017 1039 2064 nomen,
1073 2001 1228 2072 quid,
1262 2019 1394 2074 rogo
1421 2015 1495 2069 te,
1529 2006 1781 2073 prohibet
1819 2007 2005 2061 dicere

428 2102 485 2146 et
516 2094 660 2162 ipsos
685 2104 739 2147 et
771 2092 905 2148 alios
928 2109 1116 2149 onmes
1144 2094 1216 2148 illi
1257 2096 1438 2150 unitos
1468 2111 1625 2161 esse,
1681 2104 1738 2149 ut
1778 2095 2003 2150 Ennna-

429 2183 553 2238 nuel
583 2184 715 2237 nihil
742 2185 1069 2253 prmcipuum
1099 2202 1261 2254 supra
1299 2188 1443 2255 ipsos
1490 2188 1727 2243 habeat?
1770 2199 1999 2242 conten-

427 2275 520 2329 det
545 2276 686 2329 enim
715 2292 835 2331 cum
866 2291 951 2342 eo,
987 2287 1043 2332 ut
1075 2288 1502 2333 consentaneum
1534 2291 1638 2347 est,
1693 2281 1760 2335 de
1802 2281 1997 2350 aequali

426 2364 632 2420 honoro
690 2366 991 2422 decertabit
1043 2368 1096 2423 id
1129 2368 1492 2439 quodcunque
1534 2372 1848 2426 eorumdem
1903 2389 2001 2426 no-

426 2456 635 2510 minum
682 2457 997 2528 dignitatem
1046 2469 1131 2514 est
1178 2462 1473 2530 adeptum;
1525 2471 1582 2518 et
1643 2463 1731 2519 ille
1776 2465 2002 2534 conjun-

426 2546 626 2602 ctionis
645 2549 836 2604 modus
863 2549 912 2603 in
938 2552 1078 2604 nuda
1102 2551 1325 2622 solaque
1344 2554 1606 2610 residebit
1620 2555 1996 2625 appellatione,

426 2639 509 2694 vel
536 2640 903 2711 homooymia.
939 2641 1059 2696 lam
1083 2659 1212 2698 vero
1235 2645 1494 2713 quidnam
1528 2661 1650 2701 csse
1673 2649 2002 2719 intelligetur

426 2730 542 2799 ipsa
575 2731 929 2786 humanatio?
956 2733 1087 2801 quid
1140 2744 1403 2801 pra-terea
1437 2736 1545 2790 erit
1581 2739 1725 2807 quod
1752 2740 1818 2793 ad
1853 2739 1996 2793 servi

427 2821 653 2875 formam
689 2822 1011 2877 descendit?
1045 2823 1179 2877 Nam
1216 2826 1285 2888 si,
1320 2837 1375 2880 ut
1405 2827 1520 2897 ipse
1546 2829 1765 2888 asserit.
1801 2830 1994 2884 huma-

425 2913 662 2967 nationis
694 2917 883 2969 modus
904 2915 1218 2984 coniunctio
1249 2917 1497 2987 quaedam
1545 2928 1632 2974 est
1676 2921 1904 2991 simplex
1944 2932 1999 2976 et

422 3003 719 3056 secundum
779 3003 946 3058 solum
992 3005 1269 3063 tiliationis
1323 3008 1663 3078 dignitatem,
1691 3012 1818 3079 quid
1867 3027 1984 3081 pro-
2022 3029 2065 3084 ο

425 3093 574 3147 hibet
628 3108 747 3148 eam
832 3095 1267 3164 coojnnctionem
1301 3098 1353 3151 in
1406 3098 1528 3153 aliis
1583 3100 1748 3154 etiam
1823 3103 1999 3156 omni-

422 3186 526 3239 bus
569 3185 764 3238 factam
793 3186 1016 3241 dicere?
1064 3188 1173 3245 Sed
1233 3190 1421 3257 procul
1464 3190 1632 3246 dubio
1687 3192 1779 3262 qui
1823 3194 2021 3250 solers'

421 3286 509 3332 est
541 3288 596 3332 et
625 3287 837 3341 acutus,
858 3279 1121 3347 prospicit
1144 3278 1262 3349 ejus
1293 3281 1562 3337 orationis
1579 3283 1991 3341 absurditatem.

422 3368 666 3434 Quonam
699 3368 861 3438 igitur
893 3367 1082 3433 fertur,
1111 3374 1179 3426 ad
1206 3388 1269 3426 ea
1308 3388 1428 3442 quae
1469 3374 1655 3430 dicere
1706 3376 1862 3433 nefas
1889 3388 1995 3445 est,

423 3458 730 3528 impulsus?
770 3458 1004 3516 Dicetur
1025 3472 1207 3519 autem
1234 3463 1312 3518 illi
1346 3480 1377 3518 a
1408 3466 1565 3521 nobis
1597 3467 1725 3523 illud
1748 3468 1999 3526 Jeremire

422 3551 628 3605 dictum
663 3566 679 3603 :
724 3569 743 3602 ‹
767 3550 823 3605 lu
854 3552 1198 3609 multitudine
1222 3554 1324 3610 viae
1347 3564 1450 3611 tua:
1475 3543 1733 3615 laborasti
1759 3561 1803 3593 “
1822 3578 1869 3628 ς»
1899 3560 1996 3615 θη-

421 3652 572 3697 ctuat
607 3643 772 3709 enim,
806 3654 862 3698 et
880 3644 1031 3699 omni
1063 3656 1225 3702 vento
1247 3648 1657 3719 circumfertur,
1714 3662 1773 3708 ut
1800 3654 2009 3710 beatus»

422 3731 623 3789 Paulus
651 3735 726 3789 ait
780 3735 850 3792 “.
884 3738 1086 3808 Accipe
1117 3739 1285 3810 igitur
1315 3743 1614 3799 anchoram
1669 3744 1777 3815 50
1800 3747 2019 3803 animae-

419 3833 593 3879 tutam
623 3842 688 3881 ac
729 3827 961 3891 lirtnam,
991 3838 1172 3884 statue
1195 3846 1358 3899 supra
1400 3843 1613 3901 petram
1648 3837 1814 3905 pedes
1844 3846 1991 3893 tuos.

420 3918 478 3973 Si
515 3919 789 3975 hominem
817 3919 1021 3973 factum
1060 3920 1233 3990 ipsum
1270 3922 1360 3978 Dei
1396 3925 1630 3979 Verbum
1658 3926 1833 3995 dicis,
1891 3929 1995 3985 hoe

419 4009 594 4076 ipsum
617 4011 752 4065 satis
780 4021 864 4066 est
891 4009 956 4064 ad
987 4012 1364 4081 explicandum
1397 4017 1567 4071 nostri
1593 4008 1829 4074 similem
1910 4018 1997 4074 fa-

422 4109 573 4153 ctum
602 4118 723 4156 esse
756 4103 925 4167 illum,
959 4105 1048 4173 qui
1081 4114 1163 4160 est
1194 4121 1360 4175 supra
1387 4122 1602 4162 omnem
1634 4123 1945 4166 creaturam
1976 4131 1992 4169 :

2113 629 2270 683 αὐτοὶ
2307 627 2447 682 κατὰ
2478 628 2539 679 τὸ
2581 626 2797 697 ἀξίωμα
2839 628 2937 698 τῆς
2980 628 3261 696 υἱότητος,
3305 627 3600 699 ἀδιαὶρετοί
3636 645 3694 680 τε

2112 719 2378 790 ἀλλήλων,
2401 718 2495 771 καὶ
2524 715 2582 770 ἓν
2609 719 2659 771 οῖ
2689 717 2888 780 πάντες
2916 717 3036 770 καθ’
3061 717 3277 782 ἕνωσιν,
3297 716 3364 786 ἢν
3386 717 3450 785 δὴ
3477 721 3697 788 πεπρὶ-

2113 812 2242 883 χθαι
2266 812 2509 883 νομίζεις
2552 810 2715 874 αὐτὸς
2748 810 2842 862 καὶ
2890 810 2982 863 ἐπὶ
3022 809 3293 882 Χριστοῦ·
3323 808 3591 877 διεστήξει
3627 810 3693 881 δὴ

2112 905 2252 968 ὅλως
2284 903 2420 974 πρὸς
2452 903 2542 956 τὸν
2574 903 2636 956 ὲκ
2674 900 2808 955 Θεοῦ
2851 902 3022 970 Λόγον
3053 900 3336 973 ἄνθρωπος
3375 899 3496 953 καθ’
3518 902 3550 971 ἡ
3561 902 3689 971 μᾶς.

2112 991 2248 1049 Εἶτα
2273 995 2392 1059 πῶς
2435 996 2497 1048 οὐ
2533 995 2817 1066 διῄρηνται
2846 993 3026 1056 πάλιν,
3056 992 3174 1056 πῶς
3205 993 3261 1047 δὲ
3303 995 3397 1047 καὶ
3428 993 3552 1056 Υἱὸς
3586 989 3690 1057 εἷς,

2111 1088 2213 1140 οὐκ
2233 1086 2342 1156 ἔχω
2366 1089 2526 1149 νοεῖν,
2549 1088 2598 1138 εί
2628 1085 2703 1155 μὴ
2725 1084 2847 1138 καθ’
2868 1083 3063 1138 ἕνωσιν
3089 1084 3263 1154 ἀληθῆ
3293 1084 3693 1154 συμϐεὸηκέναι
3808 1160 3827 1171 ἢ

2111 1177 2292 1249 φαμὲν
2325 1176 2402 1248 τῷ
2431 1178 2589 1247 Λόγῳ
2622 1176 2682 1230 τὸ
2713 1175 3074 1247 ἀνθρώπινον.
3110 1176 3325 1246 Ἐπειδὴ
3359 1179 3416 1230 δὲ
3448 1176 3573 1248 χρὴ,
3603 1177 3696 1231 διά

2108 1288 2172 1338 γε
2200 1269 2298 1333 τὰς
2317 1269 2505 1323 τούτου
2537 1267 2740 1338 φωνὰς,
2766 1269 2860 1322 καὶ
2890 1269 2970 1330 είς
3000 1268 3268 1332 ὲκτόπους
3296 1268 3502 1332 ἑννοίας
3531 1286 3691 1340 περι-

2110 1364 2353 1431 ενεγκεῖν
2385 1362 2476 1415 τὸν
2532 1360 2710 1429 λόγον,
2743 1360 2830 1413 ἵνα
2880 1361 3217 1430 πανταχόθεν
3260 1359 3548 1432 ἐλέγχηται
3594 1380 3694 1416 πε-

2109 1453 2397 1525 φρονηκὼς
2422 1454 2522 1506 οὐκ
2547 1452 2702 1524 ὀρθὰ,
2729 1451 2861 1523 φέρε
2887 1448 2974 1523 δὴζ
2998 1453 3149 1523 φέρε,
3173 1455 3392 1506 κακεῖνο
3419 1453 3687 1524 λέγωμενο

2110 1547 2171 1598 Ei
2203 1545 2312 1617 γὰρ
2340 1546 2501 1616 ἀρκεῖ
2522 1544 2657 1615 πρὸς
2685 1543 2900 1607 ἕνωσιν,
2941 1547 3041 1613 τῆς
3071 1544 3321 1614 υίότητος
3356 1544 3417 1597 τὸ
3449 1546 3691 1613 ἀξίωμα,

2108 1635 2294 1706 ἐπειδὴ
2334 1634 2581 1688 καλεῖταί
2606 1652 2663 1688 τε
2696 1635 2792 1687 καὶ
2825 1634 2972 1687 ἐστιν
3006 1633 3130 1698 Υἱὸς
3160 1634 3251 1688 τοῦ
3285 1634 3419 1688 Θεοῦ
3455 1636 3551 1688 καὶ
3579 1638 3701 1690 [lato

2105 1725 2230 1794 τρδς
2259 1728 2289 1779 ὁ
2342 1726 2402 1790 ἐξ
2451 1725 2616 1778 αὐτοῦ
2664 1725 2857 1794 Λόγος,
2903 1725 3080 1779 κοινὸν
3126 1726 3183 1778 δὲ
3233 1725 3449 1790 πολλοῖς
3508 1728 3689 1792 ἄλλοις

2104 1814 2363 1887 τοῦνομα,
2388 1817 2441 1868 τί
2473 1817 2534 1869 τὸ
2562 1816 2788 1881 λυποῦν,
2808 1817 2931 1870 εἰπέ
2965 1834 3077 1886 μοι,
3101 1817 3197 1871 καὶ
3225 1817 3421 1882 αὐτοὺς
3446 1819 3689 1887 ἡνῶσθαι

2104 1909 2286 1978 λέγειν
2308 1909 2477 1981 αὐτῷ,
2499 1911 2739 1974 καὶτοὺς
2761 1911 2955 1974 ἄλλους
2981 1911 3247 1977 ἅπαντας,
3265 1913 3353 1966 ἵνα
3394 1913 3559 1984 μηδὲν
3588 1914 3686 1986 ἔχῃ

2104 2000 2235 2072 παρ’
2267 2001 2466 2064 αὐτοὺς
2505 2000 2566 2055 τὸ
2611 2001 2793 2054 πλεῖον
2818 2002 2848 2055 6
2894 2003 3276 2073 Ἐμμανονήλς
3318 2004 3688 2077 φιλονεικήσει

2103 2090 2213 2160 γὰρ
2242 2091 2383 2144 κατᾶ
2416 2091 2476 2144 τὸ
2504 2091 2654 2154 εἰκὸς
2682 2090 2852 2162 αὐτῷ,
2886 2092 2979 2145 καὶ
3012 2094 3143 2164 περὶ
3161 2092 3270 2147 τῶν
3303 2095 3435 2147 ἴσων
3456 2094 3688 2165 ἁμιλλή..

2105 2199 2258 2236 σεται
2290 2183 2351 2235 τὸ
2392 2182 2500 2235 τῶν
2529 2182 2709 2236 αὐτῶν
2762 2185 3040 2254 ὀνομάτων
3074 2186 3408 2256 ἠξιωμένοψ
3456 2186 3549 2240 καὶ
3586 2190 3689 2256 τῆς

2103 2271 2399 2341 συναφείας
2436 2274 2567 2343 ἡμῖν
2599 2275 2629 2327 6
2675 2273 2913 2345 τρόπος,
2962 2275 3104 2330 κατὰ
3150 2276 3312 2347 ψιλὴν
3360 2277 3453 2330 καὶ
3516 2278 3687 2349 μόνην

2102 2362 2256 2415 ἔσται
2288 2363 2385 2434 τὴν
2414 2364 2628 2435 κλῆσιν,
2664 2366 2835 2436 ἥγουν
2875 2367 2974 2438 τὴν
3002 2369 3345 2440 ὁμωνυμίαν.
3376 2366 3509 2423 Εἶτα
3544 2369 3596 2421 τί
3624 2370 3685 2421 τὸ

2100 2453 2202 2524 τῆς
2246 2454 2714 2525 ἐνανθρωπήσεως
2736 2459 2938 2511 νοεῖται
2977 2457 3199 2528 χρῆμα;
3236 2458 3285 2511 τί
3314 2459 3370 2510 δὲ
3400 2457 3536 2527 πρὸς
3557 2454 3683 2508 τού-

2100 2564 2198 2617 τῳ,
2229 2547 2325 2599 καὶ
2364 2547 2446 2609 τὸ,
2484 2549 2541 2600 ὲν
2572 2550 2640 2619 τῇ
2667 2546 2761 2600 τοῦ
2791 2548 2977 2602 δούλου
3018 2550 3336 2602 καθικέσθαι
3364 2550 3581 2618 μορφῇς
3617 2547 3679 2599 Ei

2100 2636 2208 2707 γάρ
2252 2637 2370 2689 ἐστι
2396 2638 2520 2690 κατ’
2561 2635 2725 2690 αὑτὸν
2762 2637 2790 2688 6
2830 2637 2929 2706 τῆς
2972 2637 3435 2708 ὲνανθρωπήσεως
3474 2636 3681 2707 τρόπος

2102 2726 2372 2795 συνάφειά
2396 2744 2482 2790 τις
2514 2727 2665 2797 ψιλὴ,
2709 2727 2803 2779 καὶ
2836 2726 2978 2780 κατὰ
3009 2727 3171 2797 μόνον
3210 2728 3310 2797 τῆς
3346 2728 3587 2798 υίότητος
3620 2727 3681 2780 τὸ

2098 2817 2336 2888 ἀξίωμα,
2360 2818 2411 2871 τί
2437 2818 2497 2870 τὸ
2531 2817 2738 2870 κωλῦον
2774 2816 2853 2869 ἐτι
2889 2818 2984 2870 καὶ
3025 2818 3119 2871 ἐπὶ
3155 2821 3265 2881 τοῖς
3301 2818 3480 2881 ἄλλοις
3507 2819 3681 2873 ἅπασι

2099 2908 2411 2979 πεπρᾶχθαι
2441 2908 2622 2975 λέγειν
2653 2908 2858 2978 αὐτήν;
2895 2909 3034 2961 Ἀλλ’
3056 2910 3157 2978 δρα
3178 2909 3288 2978 (15)
3315 2927 3416 2963 που
3440 2909 3678 2973 πάντως,

2097 3002 2125 3053 6
2156 2999 2482 3070 φιλομαθὴς,
2512 2999 2606 3052 τοῦ
2636 3000 2796 3068 λόγου
2826 3000 2887 3052 ab
2915 3000 3168 3063 ἀκαλλὲς.
3199 3001 3298 3053 Ποῖ
3320 3000 3384 3070 δὴ
3413 2996 3507 3053 οὖν
3538 3001 3680 3054 ἀποο

2101 3090 2324 3162 φέρεται
2372 3089 2509 3160 πρὸς
2547 3089 2583 3143 ἃ.
2622 3090 2697 3161 μὴ
2745 3090 2905 3161 θέμις
2932 3088 3275 3160 ὲξεστηκώς;
3308 3089 3680 3161 Είρήσεταιδὲ

2098 3182 2233 3253 πρὸς
2264 3182 2585 3253 1]μῶναύτῷ
2615 3182 2674 3234 τὸ
2704 3181 2792 3235 διὰ
2820 3183 2916 3253 τῆς
2950 3182 3215 3254 Ἱερεμίου
3250 3182 3434 3252 φωνῆς
3457 3200 3471 3212 ο
3495 3202 3513 3233 ι
3547 3182 3681 3247 Ταῖς

2098 3273 2404 3336 πολυοδίαις
2436 3290 2529 3326 σου
2562 3273 2911 3336 ὲκοπίασας.»
2942 3274 3344 3338 Κλυδωνίζεται
3373 3276 3482 3347 γὰρ
3496 3276 3681 3345 ἀνέμῳ

2098 3366 2264 3419 παντὶ
2289 3366 2745 3436 περιφερόμενος,
2781 3364 2927 3419 καθά
2956 3382 3119 3436 φησιν
3138 3368 3166 3419 6
3194 3366 3505 3436 σοφώτατος
3544 3368 3683 3421 Παῦ-

2097 3456 2214 3520 λος.
2238 3455 2448 3510 Οὐκοῦν
2476 3456 2633 3527 δέχου
2668 3455 2765 3527 τὴν
2793 3456 3040 3527 ἄγκυραν
3066 3456 3163 3526 τῆς
3189 3456 3368 3528 ψυχῆς
3389 3457 3486 3528 τὴν
3508 3459 3683 3527 ἀστρα-

2097 3549 2166 3620 λῆ
2194 3550 2290 3603 καὶ
2323 3549 2570 3619 βεϐαίαν,
2604 3552 2801 3621 στῆσον
2835 3551 2931 3603 ἐπὶ
2970 3550 3178 3622 πέτραν
3204 3552 3327 3616 τοὺς
3358 3552 3552 3606 ἑαυτοῦ
3585 3552 3682 3607 πό-

2095 3640 2215 3705 δας.
2243 3642 2307 3694 Εἰ
2345 3642 2764 3712 ἐνανθρωπῆσαι
2788 3641 2897 3715 φὴς
2936 3642 3030 3696 τὸν
3067 3642 3162 3696 τοῦ
3192 3642 3327 3723 Θεοῦ
3357 3644 3549 3715 Λόγον,
3576 3645 3679 3716 ἀρ-

2101 3726 2256 3788 κέσει
2282 3735 2438 3789 τοῦτο
2474 3735 2610 3802 πρὸς
2650 3734 2881 3806 δήλωσιν
2926 3736 3020 3790 τοῦ
3064 3736 3186 3791 καθ’
3235 3739 3385 3808 ἡμᾶς
3421 3738 3678 3805 γενέσθαι

2095 3828 2188 3881 τὸν
2220 3827 2362 3899 ὑπὲρ
2412 3829 2594 3881 πᾶσαν
2622 3827 2724 3899 τὴν
2754 3828 2965 3882 κτίσιν·
3013 3828 3173 3882 ἔλασε
3223 3829 3322 3900 τὴν
3361 3828 3452 3883 τοῦ
3489 3828 3676 3883 δούλου

2100 3919 2334 3989 μορφὴν,
2361 3918 2535 3973 καίτοι
2560 3919 2659 3990 τὴν
2688 3918 3003 3991 ἐλευθερίαν
3028 3921 3168 3991 ἔχων
3185 3921 3259 3986 ὡς
3282 3917 3543 3985 Θεός.Ἧν
3567 3922 3678 3992 γὰρ

2097 4011 2156 4064 ἐν
2195 4010 2402 4082 ἰσότητι
2431 4010 2526 4064 τοῦ
2554 4010 2789 4081 Πατρὸς,
2819 4011 2916 4066 τοῦ
2941 4011 3004 4066 τὸ
3036 4012 3181 4066 κατὰ
3214 4013 3432 4068 πάντων
3460 4015 3681 4085 ἔχοντος-

2098 4098 2319 4169 κράτος.
2356 4100 2572 4154 Παῦσαι
2591 4100 2818 4172 διαιρῶν
2846 4101 2945 4161 τὰς
2970 4102 3159 4171 φύσεις
3189 4102 3327 4173 μετὰ
3344 4104 3441 4173 τὴν
3458 4103 3673 4159 ἕνωσιν.

417 4192 627 4258 accepit
658 4193 797 4245 servi
837 4192 1094 4258 formam,
1141 4198 1387 4260 quamvis
1416 4199 1716 4254 libertatem
1746 4212 1804 4257 ut
1852 4205 1994 4263 Deus

2102 4189 2224 4247 Ὀτι
2245 4191 2344 4261 μὲν
2361 4191 2467 4263 γὰρ
2494 4192 2677 4259 ἔτερόν
2705 4209 2778 4256 τι,
2799 4192 2893 4245 καὶ
2928 4193 3118 4265 ἕτερόν
3137 4197 3284 4249 ἐστιν
3305 4196 3338 4266 ἧ
3359 4212 3418 4248 τε
3442 4194 3560 4247 θεία
3578 4196 3673 4249 καὶ

418 4279 676 4343 haberet;
725 4297 847 4334 nam
899 4296 1019 4337 erat
1063 4284 1116 4338 in
1158 4289 1467 4354 aequalitate
1522 4288 1717 4346 Patris
1744 4291 1864 4358 ejus
1897 4299 1988 4365 qui

2102 4284 2126 4352 ἡ
2152 4283 2441 4355 ἀνθρώπου
2472 4282 2652 4353 φύσις,
2675 4284 2879 4354 πρέποι
2910 4282 2978 4338 ἂν
3009 4285 3229 4352 εἰδέναι,
3261 4285 3352 4340 καὶ
3378 4287 3675 4354 ἀναγκαῖον

418 4381 583 4435 super
634 4371 839 4423 omnia
869 4370 1078 4426 obtinet
1133 4370 1443 4444 imperium.
1502 4378 1698 4436 Desine
1744 4385 1987 4443 dividere

2102 4371 2232 4427 εἷναί
2269 4390 2412 4444 φημι
2438 4376 2552 4437 τοῖς
2579 4373 2892 4445 ἁρτίφροσι.
2926 4377 3258 4448 Διεστήκασι
3287 4377 3396 4448 γὰρ
3430 4377 3676 4448 ἀλλήλων

419 4469 641 4515 naturas
660 4473 781 4530 post
806 4465 1061 4520 unionem
1096 4489 1109 4523 :
1145 4484 1269 4523 nam
1299 4471 1441 4527 scire
1479 4472 1625 4530 aliud
1654 4486 1820 4548 atque
1844 4481 1990 4536 aliud

2102 4464 2193 4517 καὶ
2248 4463 2602 4535 ἀσυγκρίτοις
2650 4463 2960 4535 διαφοραῖς.
3033 4467 3157 4522 Ἐπὶ
3202 4469 3261 4523 δὲ
3308 4467 3404 4523 τοῦ
3459 4469 3678 4523 πάντων

417 4565 540 4607 esse
582 4553 820 4607 divinam
881 4554 1281 4629 humanamque
1330 4571 1579 4618 naturam
1610 4606 1625 4632 ,
1677 4584 1785 4624 non
1834 4574 1992 4628 modo

2102 4556 2253 4627 ἡμῶν
2281 4557 2536 4629 Σωτῆρος
2562 4558 2832 4630 Χριστοῦ,
2875 4560 3311 4630 συνεισενεγκὼν
3352 4562 3433 4624 εἰς
3479 4560 3677 4614 ’ἐνωσιν

419 4647 709 4701 eorwenire
747 4648 1100 4716 prudentibus
1131 4647 1301 4719 viris’,
1356 4668 1546 4711 verum
1574 4659 1742 4715 etiam
1794 4679 1991 4721 neces-

2102 4645 2189 4717 τὴν
2216 4647 2391 4719 ἀληθῆ
2423 4665 2485 4701 τε
2522 4650 2625 4703 καὶ
2652 4649 2774 4703 καθ’
2801 4650 3120 4717 ὑπόστασιν,
3154 4650 3426 4723 παραιτοῦ
3466 4652 3566 4722 τὴν
3596 4652 3676 4705 δι-

419 4736 621 4791 sarium
646 4753 767 4793 esse
797 4754 996 4795 censeo
1021 4758 1037 4795 :
1066 4742 1267 4800 distant
1289 4746 1434 4800 enim
1465 4747 1609 4804 inter
1631 4764 1692 4806 se
1721 4790 1736 4815 ,
1786 4762 1841 4807 et
1867 4754 1990 4824 qui-

2102 4737 2337 4809 ιίρεσινο
2380 4739 2479 4794 ἕνα
2515 4742 2622 4813 γὰρ
2651 4739 2823 4805 οὕτως
2876 4743 3237 4814 ὁμολογήσεις
3282 4742 3543 4814 Χριστὸν,
3580 4742 3678 4796 καὶ

417 4824 540 4880 dem
563 4829 924 4885 tumstimabili
951 4830 1380 4890 dilferentiarum
1408 4838 1584 4906 spatio
1613 4858 1627 4895 :
1660 4842 1714 4895 in
1740 4844 1985 4899 omnium

2102 4830 2246 4895 Υἱὸν,
2273 4830 2368 4884 καὶ
2390 4830 2615 4903 Κύριον.
2650 4832 2809 4899 Ἀλλ’,
2838 4834 2937 4887 οὐκ
2953 4830 3050 4889 οἷδ’
3079 4836 3247 4900 ὅπως,
3294 4837 3323 4889 6
3349 4833 3459 4889 τῶν
3494 4833 3676 4903 ἐξιτή-

418 4925 597 4971 antem
633 4931 877 4975 nostrum
934 4921 1229 4981 Salvatore‘
1263 4927 1483 4984 Christo
1544 4932 1635 4988 ubi
1689 4934 1811 4990 illas
1853 4951 1988 4991 con-

2102 4922 2206 4974 λων
2232 4923 2366 4992 ἡμῖν
2390 4922 2677 4994 δογμάτων
2711 4924 2962 4996 εὑρετὴς,
2999 4926 3059 4980 ὲν
3085 4924 3305 4997 σμικρῷ
3345 4924 3447 4995 μὲν
3479 4923 3675 4995 κομιδῆ

411 5002 661 5072 iunxeris
710 5013 763 5067 in
811 5030 997 5070 veram
1031 5025 1087 5072 et
1127 5020 1428 5076 secundum
1482 5022 1817 5094 hypostasim
1863 5029 1986 5083 uni-

2102 5012 2395 5084 πεποίηται
2422 5013 2568 5086 λόγῳ
2595 5015 2657 5070 τὸ
2683 5016 2784 5089 τῆς
2814 5013 3059 5081 ἑνώσεως
3085 5019 3275 5089 χρῆμα
3292 5033 3306 5048 ·
3337 5013 3677 5084 διωσάμενος

490 5161 535 5193 ⁸³
570 5164 704 5230 lmo,
732 5166 835 5221 lsa.
870 5185 998 5237 un,
1028 5171 1111 5227 ιο.
1192 5172 1238 5204 ⁸³
1267 5173 1463 5243 Ephes.
1502 5191 1576 5241 tv,
1612 5178 1698 5233 M.

1684 5332 1844 5387 ANT.
1888 5332 2161 5391 AGELLII
2198 5333 2428 5392 NOTAE.

490 5499 600 5576 (13)
628 5486 955 5572 Legendnm,
980 5507 1100 5629 ὁρᾷ,
1144 5518 1201 5563 ιιι
1236 5510 1328 5565 lib.
1368 5528 1427 5575 ιι,
1460 5525 1582 5580 pag.
1621 5511 1712 5575 ει,
1746 5512 1984 5585 ἀλλ’ὁρᾷ

490 5590 523 5624 ›υ
555 5572 773 5629 πάντως
798 5575 829 5627 6
857 5574 1010 5629 θεοιοι
1045 5578 1130 5629 ἧς.
1163 5587 1220 5629 et
1249 5579 1336 5629 55-
1369 5582 1471 5629 sua
1494 5581 1560 5629 δὴ
1574 5578 1677 5629 m'w
1701 5585 1729 5629 ὁ
1754 5600 1984 5629 vana-m-

417 5572 528 5655 ποῦ
798 5575 841 5655 6.
857 5572 1130 5655 θεοφιλής,
1163 5587 1220 5632 et
1249 5579 1336 5644 55,
1494 5572 1560 5653 δῆ
1574 5578 1677 5655 οὖν
1700 5572 1729 5637 6
1754 5572 1985 5655 χρησὲοζ.

420 5641 620 5715 pallae.
654 5645 760 5701 Aut
798 5646 841 5702 si
872 5641 1106 5705 secunda
1147 5641 1374 5717 persoria
1400 5641 1608 5724 legatur
1639 5641 1987 5741 ὄραῖὶοξςειιτ

2091 5512 2305 5606 ME:
2320 5512 3039 5606 τεέειξσξίέὴξιίὲἒετξῗιλὴξι,
3056 5516 3553 5606 eaeaeae”?
3581 5518 3671 5603 sui

2090 5584 2308 5640 lectioni
2343 5583 2487 5663 favet
2512 5583 2663 5663 locus
2693 5583 2787 5663 lib.
2821 5583 2904 5663 tit,
2937 5583 3059 5663 pag.
3082 5583 3175 5651 ϐξ,
3203 5583 3308 5662 ὅρα
3337 5583 3405 5645 ’δέ
3439 5583 3531 5663 μόι
3560 5588 3671 5646 τῶν

2090 5653 2445 5727 προφητικῶν
2471 5654 2688 5711 ἐννοιῶν
2713 5652 2811 5727 τὴν
2843 5652 3192 5731 ιγρήγδρσιν.
3240 5652 3252 5662 -
3439 5652 3452 5663 .
3678 5663 3684 5668 .
