4004 6202
428 255 499 315 οδ
1460 232 1522 312 ς.
1560 253 1836 311 evrum
1870 254 2342 312 ALEXANDRINI
2375 254 2697 312 meumr.
3604 250 3674 308 οδ

431 377 529 428 das
566 374 790 431 tendere
839 375 1124 432 credemus
1165 389 1262 445 par
1296 374 1423 430 illud
1459 375 1689 431 filiorum
1735 391 1765 432 a
1809 387 1862 433 te
1914 378 1997 431 di-

2107 394 2191 431 ται
2221 378 2279 431 δὲ
2306 379 2509 449 μᾶλλον
2528 373 2726 449 οἷάπερ
2748 379 2964 450 ὀργάνῳ
2996 378 3073 450 τῷ
3097 349 3211 449 ἰδίῳ
3239 375 3474 445 σώματι,
3501 372 3675 430 καθά-

430 475 642 521 ctornm
670 481 682 512 τ
714 458 933 533 quodsi
970 466 1044 520 ita
1070 475 1172 532 est,
1205 467 1473 536 quomodo
1508 483 1614 522 non
1641 469 1746 523 duo
1775 469 1992 533 chriSti,

431 568 484 608 et
520 556 634 618 filii,
671 566 724 609 et
755 556 1004 610 domini?
1044 559 1114 611 At
1155 572 1282 612 vero
1328 573 1559 626 corpore
1615 568 1871 628 tanquam
1910 575 2002 615 or-

432 662 572 716 gano
602 647 774 716 ipsum
812 646 1044 702 Verbum
1069 662 1223 702 usum
1271 647 1532 716 afﬁrmas,
1592 661 1651 704 ut
1688 661 1773 706 est
1806 666 2003 706 consc-

434 753 627 803 quens.
666 737 771 791 Sed
815 738 862 792 si
898 753 1062 796 unum
1095 738 1233 795 dicis
1286 739 1507 806 Filium,
1550 752 1605 796 et
1638 758 1800 796 unam
1835 743 2006 814 hypo-

434 829 621 882 s'asim
655 827 810 882 Verbi
845 829 1203 895 incarnatam,
1232 846 1337 884 non
1370 832 1541 901 ipsum
1567 828 1674 887 erit
1698 832 2007 890 Divinitatis

434 933 717 987 organum,
764 918 856 972 sed
884 928 1067 974 utetur
1120 921 1299 991 potius
1351 922 1574 992 proprio
1623 926 1852 993 corpore
1889 935 2006 979 tan-

388 1074 392 1078 Δ
435 1022 595 1076 quant
629 1023 862 1076 organo;
888 1018 946 1063 ut
970 1009 1224 1063 nimirum
1251 1012 1362 1081 ipsa
1387 1012 1621 1068 hominis
1645 1015 1845 1068 anima.
1869 1014 2007 1084 Ergo

436 1114 599 1159 unum
652 1097 842 1163 fatere,
881 1113 985 1154 non
1044 1101 1291 1155 dividens
1336 1113 1579 1169 naturas,
1635 1106 1795 1159 simul
1847 1107 2005 1161 intel-

438 1191 607 1259 ligens
630 1207 693 1244 ac
725 1193 965 1247 sentiens
1013 1193 1172 1246 aliam
1217 1209 1341 1249 esse
1372 1197 1554 1251 carnis
1583 1238 1598 1264 ,
1648 1198 1808 1252 aliam
1861 1198 2004 1253 divi-

437 1283 622 1335 nitatis
651 1282 914 1336 rationem
947 1299 1065 1350 quae
1094 1285 1167 1338 illi
1199 1300 1262 1339 ac
1291 1286 1391 1339 soli
1446 1288 1737 1343 conveniat
1775 1305 1789 1343 :
1825 1302 2005 1358 neque

438 1372 583 1425 cuitu
612 1373 759 1426 illam
790 1372 953 1430 Verbi
990 1387 1208 1430 carnem
1245 1377 1475 1432 dicimus
1502 1378 1699 1433 factam
1723 1395 1845 1435 esse
1867 1382 2005 1435 divi-

440 1463 685 1525 nitatem,
722 1463 815 1518 sed
870 1466 1050 1535 potius
1092 1466 1352 1533 divinam,
1407 1478 1465 1523 ut
1509 1468 1660 1524 illius
1701 1471 1997 1540 propriam.

2106 488 2213 544 περ
2244 473 2436 543 ἀμέλει
2463 474 2612 544 καὶὴ
2656 471 2751 525 τοῦ
2782 472 3070 544 ἀνθρώπου
3103 473 3268 543 ψυχή.
3301 468 3514 526 Οὐκοῦν
3541 471 3676 538 ὁμο-

2107 563 2336 635 λόγησον
2367 565 2483 629 ἕνα,
2520 564 2594 635 μὴ
2633 563 2855 637 διαιρῶν
2883 563 2982 627 τάς
3008 564 3217 634 φύσεις,
3248 562 3387 634 μετά
3416 559 3511 613 τοῦ
3539 559 3679 612 εἰδέ-

2109 673 2198 709 ναι
2237 655 2331 709 καὶ
2385 658 2623 727 φρονεῖν,
2665 656 2747 709 ὅτι
2800 655 3001 725 σαρκὸς
3049 655 3149 726 μὲν
3205 655 3390 724 ἕτερος
3418 653 3447 705 6
3482 652 3672 716 λόγος.

2062 794 2063 797 η
2111 747 2375 818 θεότητος
2404 747 2461 800 δὲ
2486 746 2668 811 πάλιν,
2691 747 2720 800 6
2744 748 2879 817 αὐτῇ
2913 746 3003 799 καὶ
3036 745 3173 818 μόνῃ
3200 744 3444 814 πρέπων·
3477 742 3676 812 ἥκιστα

2116 838 2214 908 μὲν
2257 837 2368 909 γὰρ
2418 836 2660 909 Θεότητα
2699 835 2952 905 γενέσθαι
2989 835 3167 905 φαμὲν
3202 833 3298 886 τοῦ
3350 832 3523 900 Λόγου
3576 830 3676 898 τὴν

2112 928 2313 998 σάρκα,
2339 926 2491 980 θείαν
2520 926 2576 979 δὲ
2609 927 2832 997 μᾶλλον,
2861 926 2935 991 ὡς
2966 926 3102 980 ἰδίαν
3133 922 3297 978 αὐτοῦ
3319 941 3334 955 ο
3373 925 3420 975 el
3448 922 3556 992 γὰρ
3583 923 3675 972 ἁν-

2112 1017 2329 1089 θρὼπου
2359 1017 2495 1088 σὰρξ
2539 1020 2571 1088 ή
2608 1017 2926 1087 ἀνθρωπίνη
2966 1016 3206 1083 λέγεται,
3252 1013 3303 1065 τί
3362 1013 3421 1065 τὸ
3469 1010 3676 1065 κωλύον

2109 1108 2188 1161 ἔτι
2212 1107 2305 1161 καὶ
2329 1108 2477 1160 θείαν
2503 1109 2678 1160 εἰπεῖν
2720 1106 2819 1178 τὴν
2852 1107 2946 1161 τοῦ
2978 1105 3113 1159 Θεοῦ
3155 1105 3367 1173 Λόγους
3411 1103 3473 1155 Τί
3498 1102 3674 1155 τοίνυν

2106 1200 2360 1271 διαγελᾷς
2396 1201 2495 1269 τῆς
2545 1198 2803 1268 ἀληθείας
2847 1198 2907 1252 τὸ
2947 1198 3165 1261 κάλλος,
3203 1195 3510 1251 ἀποθέωσιν
3544 1195 3676 1262 ἡμῖν

2107 1291 2388 1361 ὀνομάζων
2412 1290 2508 1360 τῆς
2535 1288 2694 1358 ἁγίας
2729 1289 2948 1360 σαρκὸς,
2976 1289 3134 1359 μόνον
3165 1288 3223 1340 δὲ
3252 1286 3394 1356 οὐχὶ,
3424 1285 3517 1338 καὶ
3544 1299 3675 1337 κατ-

2106 1380 2383 1444 ονειδίζων
2434 1383 2547 1444 τοῖς
2603 1378 2741 1452 ὀρθά
2794 1383 3011 1450 φρονεῖν
3066 1378 3364 1449 ᾑρημένοις
3413 1376 3511 1446 τὴν
3560 1374 3675 1427 θεο-

2107 1473 2358 1543 ποίησιν;
2389 1472 2566 1527 καίτοι
2594 1471 2766 1540 λέγων
2791 1471 2971 1532 αὐτός’

438 1553 569 1608 Nam
597 1556 641 1609 si
673 1555 907 1611 hominis
966 1574 1094 1613 caro
1120 1560 1352 1615 humana
1405 1562 1626 1627 dicitur,
1659 1563 1788 1632 quid
1850 1565 2103 1632 prohibet
2140 1565 2303 1620 etiam
2347 1565 2582 1619 divinam
2645 1563 2828 1617 dicere
2889 1561 3036 1615 illam
3082 1576 3200 1630 qua:
3248 1571 3330 1615 est
3382 1559 3473 1613 Dei
3513 1557 3673 1612 Verhi

439 1646 599 1700 caro?
642 1645 781 1713 Quid
820 1646 983 1719 igitur
1017 1650 1212 1707 irrides
1244 1652 1698 1722 pulchritudinem
1727 1657 2015 1712 veritatis?
2070 1666 2271 1725 sancta:
2305 1657 2448 1712 illius
2490 1656 2674 1712 carnis
2718 1654 3181 1710 consecrationem
3240 1654 3294 1707 in
3351 1653 3479 1707 deos
3523 1651 3675 1704 nolis

439 1732 729 1797 ohjieicns,
761 1749 825 1790 ac
870 1742 1255 1808 propemodum
1291 1742 1687 1798 deilicationcm
1735 1746 2043 1803 hominibus
2076 1757 2222 1803 recte
2267 1747 2623 1802 sentientibus
2659 1745 3041 1812 exprobrans:
3077 1743 3289 1797 tametsi
3330 1742 3445 1809 ipse
3484 1742 3671 1796 dicas:

515 1820 780 1895 [Νεετοιι.
835 1825 903 1881 Ut
970 1844 1100 1900 ergo
1162 1831 1565 1889 demonstretur
1615 1836 1749 1907 ipsis
1795 1854 2003 1908 quoque

2182 1838 2322 1912 [Ἵνα
2355 1839 2533 1892 τοίνυν
2560 1836 2748 1908 δειχθῇ
2779 1838 2876 1890 κει)⁵
2918 1838 3032 1899 τοῖς
3069 1834 3265 1906 μάγοις
3295 1834 3375 1897 τίς
3410 1835 3559 1886 ἐστιν
3591 1825 3679 1885 οὗ·

442 1912 613 1981 magis
651 1914 774 1981 quis
808 1915 899 1970 hic
925 1917 999 1971 sit
1032 1919 1100 1973 ab
1148 1920 1257 1975 illis
1295 1922 1551 1979 adoratus
1584 1966 1600 1992 ,
1652 1935 1708 1981 et
1746 1928 1811 1981 ad
1845 1942 2005 1996 quem

443 2004 562 2056 illos
598 2004 813 2061 duxerit
842 2005 1080 2075 Spiritus
1111 2013 1283 2067 sancti
1317 2015 1491 2082 gratia
1513 2057 1526 2081 ,
1563 2031 1756 2087 nempe
1788 2034 1895 2073 non
1938 2021 2007 2074 ad

438 2092 735 2161 simplicem
768 2097 925 2168 vulgo
959 2111 1310 2170 conspectum
1338 2104 1448 2175 52
1483 2106 1766 2173 infantem,
1816 2110 1909 2166 sed
1939 2111 2009 2167 ad

437 2198 635 2256 corpus
657 2189 924 2257 quoddam
958 2191 1306 2251 ineﬂ'abiliter
1350 2197 1459 2252 Deo
1478 2200 1895 2275 conjunctum.]

1074 2304 1227 2362 CAP.
1278 2309 1370 2364 IX.

508 2388 639 2445 Cum
668 2391 831 2459 igitur
862 2408 1061 2466 corpus
1094 2398 1446 2457 inell'abiliter
1493 2405 1602 2459 Deo
1654 2407 2001 2476 coniunctum

440 2478 601 2543 dicat,
634 2482 777 2551 quod
801 2492 980 2538 autem
1012 2494 1097 2539 est
1128 2503 1255 2543 vere
1289 2487 1584 2557 ineﬂabile,
1638 2508 1802 2563 supra
1842 2497 2005 2550 intel-

439 2569 713 2638 ligentiam
740 2573 808 2627 sit
830 2583 885 2628 et
908 2590 1067 2644 supra
1102 2592 1432 2647 sermonem,
1479 2596 1607 2637 vera
1642 2599 1866 2652 prorsus
1902 2588 2009 2642 erit

440 2663 566 2714 unio
588 2663 666 2715 vel
697 2665 1026 2734 conjunctio,
1074 2677 1130 2722 ut
1155 2669 1270 2738 ipse
1312 2671 1455 2740 loqui
1489 2673 1631 2728 solet
1667 2693 1681 2727 :
1713 2691 1837 2729 nam
1860 2678 2007 2747 ejus-

440 2753 582 2806 modi
613 2762 737 2808 sunt
767 2756 1078 2824 ineffabilia,
1116 2768 1167 2812 et
1197 2774 1379 2814 rerum
1413 2762 1485 2816 ita
1516 2763 1657 2817 inter
1706 2780 1764 2820 se
1811 2781 2009 2823 conve-

441 2843 703 2897 nientium
740 2848 881 2902 haud
914 2850 1098 2919 utique
1130 2838 1418 2922 quisquam
1470 2857 1613 2910 scire
1665 2859 1865 2926 poterit
1895 2875 2011 2915 mo-

440 2935 588 2988 dum.
633 2935 785 3002 Quod
817 2940 862 2992 si
899 2941 1082 2994 dicere
1108 2943 1272 3010 nosti,
1319 2959 1382 2999 ac
1409 2956 1569 3014 putas
1593 2963 1753 3016 posse
1795 2958 1847 3004 te
1896 2953 2004 3004 vim

443 3023 584 3078 illius
615 3028 1012 3097 coajnnctionis
1042 3033 1344 3099 declarare,
1398 3039 1667 3105 quomodo
1697 3040 1873 3093 adhuc
1901 3041 2006 3094 erit

439 3131 500 3168 ea
543 3132 632 3170 res
662 3119 951 3177 ineﬂabilis
972 3123 999 3178 τ
1027 3125 1193 3177 Miror
1215 3134 1390 3179 autem
1413 3127 1580 3195 quod,
1608 3129 1856 3195 quamvis
1880 3144 2005 3183 cor—

438 3223 540 3276 pus
566 3207 673 3262 Dco
703 3211 1047 3280 conjunctum
1085 3214 1248 3279 dicat,
1278 3216 1437 3282 idque
1476 3216 1829 3273 ineffabiliter
1849 3262 1863 3284 ,
1896 3235 2001 3273 non

438 3307 618 3354 tatnen
647 3301 774 3354 illud
801 3303 961 3355 etiam
994 3304 1160 3371 ipsius
1191 3308 1464 3373 proprium
1494 3322 1615 3362 esse
1670 3321 1901 3374 asserat,
1949 3320 2006 3365 ttt

440 3404 559 3443 cum
599 3405 665 3444 eo
697 3401 949 3462 tanquam
982 3411 1146 3449 unum
1189 3397 1550 3466 intelligatur;
1605 3400 1698 3454 sed
1733 3417 1919 3455 rursus
1950 3405 2002 3469 iu

442 3479 715 3534 hominem
772 3499 835 3535 ae
886 3484 1051 3537 Deum
1081 3486 1272 3540 dividit
1321 3489 1546 3542 seorsim
1593 3505 1656 3544 ac
1690 3493 2003 3560 separatim,

441 3587 604 3626 untur.
635 3572 909 3627 Christum
942 3586 994 3629 et
1025 3576 1304 3632 Dominum
1339 3576 1546 3644 Jesum,
1594 3588 1650 3635 et
1702 3591 1847 3637 recte
1877 3600 2004 3638 seu-

442 3664 544 3717 tire
563 3680 622 3719 se
652 3666 891 3733 simulat,
923 3668 1153 3725 dicens:

510 3754 772 3828 [Νεετοιι.
806 3757 993 3829 Neque
1026 3777 1154 3817 vero
1185 3765 1410 3833 simplex
1430 3766 1592 3819 homo
1620 3775 1705 3819 est
1731 3763 2004 3829 Christus,

436 3861 470 3903 ο
497 3850 876 3916 calumniator,
911 3855 1004 3908 sed
1053 3857 1215 3911 homo
1249 3858 1410 3911 simul
1437 3866 1490 3911 et
1541 3857 1682 3910 Deus
1719 3872 1732 3908 :
1769 3856 1913 3924 quod
1957 3857 2005 3912 si

436 3941 606 3994 solum
641 3942 780 3997 Deus
809 3956 980 4009 esset,
1015 3961 1154 4015 epus
1181 3958 1320 4013 erat,
1352 3964 1385 4001 ο
1416 3947 1740 4015 Apollinari,
1767 3948 1950 4001 dicere
1981 3964 1995 4000 :

440 4045 460 4078 ι
493 4027 630 4094 Quid
659 4045 743 4085 me
767 4034 1010 4101 quaeritis
1051 4036 1360 4092 interficere
1393 4038 1558 4090 Deum
1588 4077 1602 4103 ,
1629 4038 1719 4106 qui
1764 4052 1891 4092 vera
1931 4037 2009 4092 lo-

435 4130 594 4173 cutus
622 4139 740 4175 sum
769 4124 921 4179 vobis
941 4127 988 4158 “
1013 4127 1076 4182 ⁸3»
1113 4127 1410 4185 Hicilleest
1438 4129 1525 4184 cui
1553 4130 1736 4199 spinea
1769 4128 1870 4182 fuit
1897 4130 2007 4183 cir-

436 4212 733 4276 cumposita
769 4228 1014 4282 corona;
1044 4217 1133 4270 hic
1176 4219 1267 4286 qui
1304 4218 1557 4272 dicebat:
1600 4236 1619 4268 ι
1652 4217 1795 4271 Deus
1832 4233 2006 4283 meus,

438 4299 580 4353 Deus
622 4316 793 4369 meus,
852 4307 1037 4372 utquid
1083 4322 1169 4362 me
1219 4309 1560 4377 dereliquisti
1590 4308 1684 4362 ⁸⁸2
1748 4327 1767 4360 ι
1804 4310 1892 4364 hic
1914 4311 2007 4379 qui

428 4389 747 4455 triduanam
784 4396 953 4449 subiit
987 4408 1240 4463 mortem,
1300 4398 1484 4453 Adero
1516 4408 1693 4453 autem
1744 4400 1891 4456 hunc
1926 4402 2005 4457 si-

2109 1948 2201 1994 τος
2236 1931 2265 1983 6
2320 1931 2453 2000 παρ’
2507 1928 2685 1983 αὐτῶν
2753 1927 3257 2001 προσκυνούμενος,
3299 1925 3392 1979 καὶ
3416 1924 3509 1979 ἐπὶ
3559 1925 3679 1978 τίνα

2110 2023 2318 2095 ἤγαγεν
2349 2003 2544 2085 αὐτοὺς
2575 2020 2670 2075 τοῦ
2716 2020 3034 2091 Πνεύματος
3078 2018 3171 2072 τοῦ
3227 2018 3383 2086 ἁγίου
3420 2019 3455 2086 ἡ
3489 2017 3672 2087 χάρις·

2109 2113 2312 2166 ὅτιούκ
2356 2112 2451 2166 ἐπὶ
2493 2111 2648 2181 ψιλὸν
2681 2110 2872 2175 ἁπλῶς
2903 2108 3277 2181 θεωρούμενον
3317 2108 3534 2181 βρέφος,
3564 2107 3678 2161 ἀλλ’

2107 2201 2203 2258 ὲπί
2231 2220 2284 2256 τι
2314 2202 2475 2273 σῶμα
2507 2201 2849 2272 συνημμένον
2878 2201 3132 2272 ἀρρήτως
3158 2196 3329 2272 Θεῷ.]

2707 2314 2960 2371 ΚΕΦΑΛ.
3001 2313 3080 2370 0'.

2180 2406 2310 2460 Ὅτε
2343 2406 2520 2461 τοίνυν
2542 2407 2791 2478 ἀρρήτως
2825 2405 3095 2477 συνῆφθαι
3126 2404 3247 2478 Θεῷ
3276 2405 3338 2459 τδ
3380 2404 3537 2474 σῶμά
3580 2418 3679 2471 φη-

2112 2514 2193 2552 σι’
2228 2499 2290 2551 τὸ
2324 2498 2382 2551 δὲ
2435 2499 2748 2569 ἀπόρρητον
2793 2497 3029 2569 ἀληθῶς,
3067 2499 3208 2569 ὑπὲρ
3240 2496 3365 2551 νοῦν
3418 2496 3531 2546 ἐστι
3583 2490 3676 2543 καὶ

2108 2590 2286 2660 λόγον,
2332 2590 2539 2661 ἀληθής
2584 2607 2689 2643 που
2719 2590 2994 2660 πάντωςὴ
3039 2590 3249 2652 ἓνωσις,
3272 2588 3437 2656 ἤγουν
3473 2585 3506 2653 ἡ
3547 2599 3675 2635 συν-

2111 2684 2298 2752 άφεια,
2341 2685 2461 2736 κατ’
2503 2683 2689 2737 αὐτόν.
2733 2682 3042 2751 Ἀπὸῤῥητα
3078 2679 3183 2749 γὰρ
3235 2679 3305 2729 τά
3349 2674 3547 2741 τοιάδε,
3581 2673 3677 2727 καὶ

2109 2773 2215 2826 τῶν
2230 2772 2657 2842 οὖτωςάλλήλοις
2682 2788 2743 2825 συ
2753 2769 3119 2841 μϐεὸηκότων,
3142 2769 3242 2822 οὐκ
3262 2767 3349 2833 ἂν,
3384 2762 3569 2837 οἶμαι,
3585 2762 3673 2827 τὶς

2111 2864 2278 2935 εἰδείη
2309 2867 2401 2917 τὸν
2435 2864 2657 2933 τρόπον.
2692 2863 2758 2917 Ei
2791 2862 2846 2915 δὲ
2872 2858 3030 2915 οἶσθα
3064 2862 3267 2930 λέγειν,
3292 2859 3393 2913 οἴει
3427 2876 3484 2912 τε
3514 2856 3678 2910 δύνα-

2112 2955 2232 3008 σθαι
2274 2952 2597 3025 διατρανοῦν
2638 2954 2737 3023 τῆς
2792 2953 3089 3022 συναφείας
3133 2953 3233 3020 τὴν
3265 2951 3524 3020 δύναμιν,
3562 2948 3679 3012 πῶς

2108 3046 2417 3117 ἀπόρρητον
2453 3043 2533 3097 ἔτι
2565 3044 2625 3096 τὸ
2653 3043 2842 3115 χρῆμά
2868 3044 3018 3108 em;
3046 3039 3321 3112 Θαυμάζω
3342 3040 3419 3102 δὲ,
3443 3040 3524 3092 ὅτι
3552 3039 3679 3091 καί-

2109 3156 2189 3191 τοι
2220 3136 2378 3206 σῶμα
2415 3135 2588 3204 λέγων
2634 3134 2903 3205 συνῆφθαι
2933 3133 3082 3202 Θεῷ,
3123 3132 3218 3186 καὶ
3245 3129 3403 3184 τοῦτο
3436 3130 3681 3200 ἀπορρή-

2109 3247 2239 3293 τως,
2260 3230 2359 3281 οὐκ
2390 3227 2556 3280 αὑτοῦ
2588 3227 2651 3296 δὴ
2677 3226 2834 3279 τοῦτο
2860 3227 2953 3279 καὶ
2983 3225 3113 3277 ἴδιον
3134 3219 3274 3276 εἶναί
3303 3239 3488 3292 φησιν,
3517 3220 3583 3272 ἵν’
3605 3220 3681 3283 ὡς

2111 3325 2167 3377 ἓν
2196 3328 2366 3376 νοοῖτο
2404 3324 2517 3393 μετ’
2546 3319 2711 3375 αὐτοῦ
2737 3336 2748 3348 ·
2779 3318 2988 3388 μερίζει
3017 3315 3073 3368 δὲ
3105 3313 3265 3367 πάλιν
3297 3314 3374 3375 εἰς
3395 3310 3678 3379 ἄνθρωπον

2110 3417 2204 3468 καὶ
2232 3415 2385 3478 Θεὸν,
2413 3414 2518 3466 ἀνὰ
2552 3413 2735 3482 μέρως
2764 3427 2822 3462 τε
2849 3409 2942 3462 καὶ
2974 3406 3177 3470 ἱδικῶς,
3199 3405 3290 3457 τον
3316 3404 3410 3455 ἕνα
3445 3400 3679 3472 Χριστὸν

2110 3508 2204 3559 καὶ
2231 3505 2435 3576 Κύριον
2474 3501 2703 3575 Ἰησοῦν,
2739 3502 2834 3555 καὶ
2864 3498 2999 3570 όρθά
3028 3498 3246 3569 φρονεῖν
3278 3493 3681 3548 ὑποπλάττεται

2108 3598 2281 3664 λέγων
2299 3612 2311 3624 ·

2181 3773 2356 3846 [Ἀλλ’
2386 3774 2445 3825 οὺ
2480 3770 2634 3841 ψιλὸς
2664 3768 2949 3839 ἄνθρωπος
2990 3766 3018 3818 6
3051 3763 3307 3837 Χριστὸς,
3344 3763 3678 3831 συκοφάντα,

2109 3866 2224 3921 ἀλλ’
2262 3865 2549 3936 ἄνθρωπος
2581 3860 2718 3931 ὁμοῦ
2751 3859 2846 3913 καὶ
2882 3857 3015 3921 Θεός
3037 3873 3052 3888 ·
3085 3859 3132 3909 εἰ
3161 3856 3218 3909 δὲ
3263 3855 3421 3925 μόνον
3464 3854 3678 3924 ὑπῆρχε

2109 3956 2265 4021 Θεὸς,
2321 3956 2511 4027 ἐχρῆν,
2564 3949 2931 4020 Ἀπολινάριε,
2963 3948 3165 4000 εἰπεῖν’
3201 3964 3219 3997 ι
3254 3944 3320 3997 Τί
3361 3961 3427 4015 με
3467 3943 3680 4013 ζητεῖτε

2110 4046 2434 4100 ἀποκτεῖναι
2477 4042 2631 4105 Θεὸν,
2660 4040 2720 4103 ὃς
2742 4041 2841 4111 τὴν
2868 4036 3127 4107 ἀλήθειαν
3162 4036 3291 4104 ὑμῖν
3320 4034 3623 4105 λελάληκα;
3657 4053 3675 4084 ι

2111 4134 2283 4202 Οὗτος
2322 4140 2351 4192 6
2379 4136 2470 4191 τὸν
2500 4134 2789 4190 ἀκάνθινον
2815 4130 3173 4203 περιθέμενος
3202 4128 3460 4197 στέφανον
3480 4144 3494 4156 ·
3526 4121 3682 4186 οὗτος

2108 4233 2138 4284 6
2204 4232 2402 4300 λέγων,
2450 4249 2469 4281 ι
2509 4227 2611 4281 Θεέ
2649 4244 2751 4297 μου
2775 4267 2790 4291 ,
2822 4224 2925 4277 Θεέ
2963 4239 3100 4293 μου,
3141 4222 3226 4275 ἵνα
3256 4222 3307 4274 τί
3355 4237 3422 4290 με
3452 4219 3678 4289 ἐγκατέ-

2109 4322 2293 4387 λιπες;
2342 4340 2361 4373 ι
2414 4315 2568 4382 οὗτος
2625 4321 2653 4370 6
2696 4317 2997 4388 τριήμερον
3050 4311 3303 4382 τελευτὴν
3358 4309 3677 4382 ὑπομείνας.

2108 4409 2408 4482 Προσκυνῶ
2444 4410 2502 4463 δὲ
2535 4410 2633 4462 σὺν
2665 4410 2730 4479 τῇ
2769 4405 2994 4476 Θεότητι
3019 4400 3225 4469 τοῦτον,
3264 4402 3339 4465 ὡς
3390 4401 3491 4471 τῆς
3527 4398 3682 4461 θείας

435 4481 543 4533 mul
580 4496 700 4536 cum
736 4483 1063 4554 Divinitate,
1102 4496 1363 4559 tauquam
1424 4489 1625 4544 divina:
1666 4488 2002 4548 defensorem

2109 4481 2406 4573 συνήγορον
2436 4496 2771 4570 αὐθεντίας.]

434 4566 822 4640 auctoritatis.]

1085 4669 1238 4725 CAP.
1278 4669 1347 4725 X.
1395 4681 1398 4683 λ

506 4755 762 4826 Videjam
804 4774 988 4815 rursus
1015 4762 1468 4831 quemadmodum
1504 4763 1697 4833 raptim
1732 4764 1992 4834 decipiat,

431 4856 486 4900 et
514 4848 628 4902 suis
654 4850 996 4906 sermonibus
1043 4852 1287 4907 veritatis
1335 4854 1570 4923 speciem
1622 4856 1999 4927 cireutnponat

433 4934 605 5010 [Nnn,
639 4941 835 5008 inquit,
868 4941 1096 5013 simplex
1129 4943 1290 4998 homo
1312 4954 1393 4998 est
1423 4945 1691 5011 Christus,
1722 4948 1815 5002 sed
1839 4948 2001 5003 homo

433 5030 593 5083 simul
625 5041 677 5083 et
712 5031 896 5103 Deus],
958 5049 1255 5104 rursusque
1284 5036 1512 5101 dividat,
1556 5048 1612 5091 et
1644 5036 1799 5092 haud
1832 5055 1996 5093 unum

432 5131 555 5171 esse
587 5119 751 5184 dicat,
801 5131 856 5175 et
902 5122 1065 5178 stulte
1097 5126 1238 5192 quod
1288 5140 1317 5177 a
1370 5127 1585 5181 nemine
1640 5129 1710 5181 sit
1765 5131 1996 5196 positum

433 5206 685 5274 accipiat,
704 5218 758 5261 et
789 5214 928 5278 quod
963 5215 1062 5266 sibi
1101 5214 1277 5282 placet
1317 5224 1544 5269 astruat.
1579 5216 1806 5272 Perinde
1848 5218 1995 5272 enim

435 5312 503 5353 ac
529 5298 577 5353 si
602 5300 868 5370 quispiam
898 5304 1124 5371 diceret,
1152 5309 1349 5361 nudum
1376 5308 1547 5375 ipsqu
1578 5309 1806 5363 Verbum
1834 5320 1889 5364 et
1918 5311 1998 5364 ci-

439 5399 519 5443 tt‘a
557 5405 776 5445 carnem
808 5392 861 5445 in
890 5395 1050 5447 terris
1089 5396 1243 5451 nobis
1293 5400 1635 5468 apparuisse,
1678 5401 1998 5455 nobiscum-

437 5476 542 5550 que
566 5482 827 5549 locutum,
859 5484 940 5539 vel
971 5485 1150 5540 divina
1183 5488 1336 5559 signa
1382 5489 1616 5545 edidisse
1638 5532 1652 5555 ,
1704 5500 1800 5546 aut
1849 5506 1999 5547 com-

420 5719 430 5730 .
505 5641 550 5670 ⁵⁵
582 5643 734 5700 Joan.
764 5660 870 5712 vtt,
918 5646 1002 5702 ιο.
1081 5647 1124 5678 ’⁸⁸
1166 5647 1353 5705 Matth.
1388 5666 1558 5717 κει-ιι,
1594 5652 1679 5704 46.

2716 4673 2966 4726 ΚΕΦΑΔ.
3010 4674 3068 4727 1'.

2182 4765 2371 4836 Ἀθρει
2393 4764 2454 4835 δή
2488 4781 2579 4833 μοι
2627 4763 2786 4817 πάλιν
2819 4762 3229 4834 συναρπάζοντα
3289 4761 3409 4829 μὲν.
3453 4758 3547 4812 καὶ
3579 4757 3679 4826 τῆς

2105 4856 2363 4926 ἀληθείας
2398 4855 2497 4926 τὴν
2545 4856 2825 4925 μόρφωσιν
2872 4856 2984 4917 τοῖς
3030 4851 3224 4906 ἑαυτοῦ
3275 4848 3563 4918 περιθέντα
3591 4846 3681 4898 λό-

2106 4963 2251 5015 γοις·
2288 4945 2385 5017 [οὐ
2415 4945 2524 5016 γὰρ
2573 4945 2728 5015 ψιλὸς
2778 4944 3064 5015 ἄνθρωπος
3085 4982 3098 5003 ,
3149 4942 3335 5013 φησιν,
3365 4941 3394 4991 ὁ
3424 4937 3681 5008 Χριστὸς.

2107 5039 2223 5093 ἀλλ’
2251 5038 2537 5108 ἄνθρωπος
2577 5036 2711 5107 ὁμοῦ
2752 5038 2846 5091 καὶ
2894 5034 3071 5108 Θεὸς]
3103 5034 3381 5088 διῖστάντα
3420 5031 3477 5085 δὲ
3523 5029 3684 5082 πάλιν

2108 5132 2202 5185 καὶ
2217 5131 2315 5200 οὐχ
2336 5130 2433 5183 ἕνα
2455 5129 2703 5197 λέγοντα,
2727 5130 2822 5182 καὶ
2837 5127 3167 5181 ἀνυπόθετόν
3177 5144 3227 5179 τι
3247 5125 3536 5194 δεχόμενον
3550 5122 3689 5191 ἅμα.

2110 5219 2237 5285 θῶς,
2255 5221 2351 5273 καὶ
2377 5219 2851 5282 κατασκευάζοντα
2870 5218 2928 5271 τὸ
2956 5217 3163 5271 δοκοῦν.
3194 5216 3282 5277 Ὠς
3303 5220 3410 5284 γάρ
3436 5212 3685 5280 λέγοντός

2106 5326 2270 5372 τινος,
2298 5310 2504 5380 γυμνὸν
2530 5310 2623 5362 ἐπὶ
2645 5311 2747 5380 γῆς
2770 5310 2865 5363 κα)⁸
2894 5309 3015 5379 δίχα
3044 5308 3242 5379 σαρκὸς
3262 5301 3439 5374 ὧφθαί
3463 5321 3521 5357 τε
3552 5305 3685 5373 ἡμῖν

2106 5400 2198 5452 τὸν
2228 5401 2418 5467 Λόγον,
2461 5400 2555 5453 καὶ
2591 5401 2719 5463 τοὺς
2752 5401 2887 5470 πρὸς
2924 5400 3073 5469 ἡμᾶς
3102 5396 3433 5468 ποιήσασθαι
3465 5395 3683 5462 λόγους,

2108 5493 2273 5563 ἤγουν
2312 5494 2602 5565 ἐνεργῆσαι
2636 5492 2736 5556 τὰς
2765 5491 3125 5563 θεοσημείας,
3179 5490 3348 5560 ἤγουν
3394 5488 3476 5541 ὃτι
3506 5485 3685 5549 κοινὸς
