4004 6202
249 296 309 355 9'1
1418 282 1793 341 ADVERSUS
1833 281 2240 340 NESTORIUM
2281 282 2412 339 LIB.
2456 280 2522 338 ll.
3486 287 3555 344 98

255 413 319 487 ἦν
346 413 643 482 ἄνθρωπος,
689 409 796 462 καί⁵
836 408 953 463 οὐκ
1007 408 1169 471 αὐτὸς
1196 410 1223 461 ό
1272 408 1444 475 Λόγος
1484 408 1671 477 γέγονε
1700 408 1871 480 σάρξ.

1981 422 2195 462 munem
2228 408 2502 462 hominem
2525 404 2710 472 fuisse,
2745 421 2847 461 non
2877 407 3052 477 ipsum
3079 406 3314 462 Verbum
3353 408 3553 463 factum

264 504 358 579 [οὓ
383 494 547 572 ψιλὸς,
577 496 758 567 φησὶν
784 538 843 579 ,ξ
862 498 1171 570 ἄνθρωπος
1218 498 1247 549 ό
1297 497 1549 568 Χριστὸς,
1589 496 1729 550 ἀλλὰ
1775 498 1869 551 καὶ

264 577 439 660 Θεός.]
481 587 674 657 Ἡμεῖς
699 584 785 648 δὲ,
811 577 863 637 ὦ
899 584 1181 655 βέλτιστε,
1218 584 1386 654 φαίην
1426 582 1492 637 ἂν
1529 584 1726 653 ἔγωγε,
1763 583 1869 637 κᾶν

264 682 491 751 λέγωμεν
514 674 682 729 αὐτὸν
712 674 1038 745 ἄνθρωπόν
1069 691 1131 727 τε
1160 672 1294 744 ὁμοῦ
1326 673 1421 727 καὶ
1450 672 1603 739 Θεὸν,
1637 674 1739 727 οὐκ
1764 672 1869 728 ἀνά

272 772 423 841 μέρος
449 766 689 828 τιθέντες
720 764 799 818 τὰ
826 767 1030 820 τοιάδε
1061 765 1243 836 φαμέν
1267 781 1281 795 ο
1306 764 1400 817 τὸν
1433 764 1594 818 αὐτὸν
1621 764 1679 818 δὲ
1728 764 1868 836 μᾶλ-

269 862 352 915 λον
392 858 586 921 εἰδότες
621 857 722 910 καὶ
758 856 881 928 πρὸ
942 859 1051 927 τῆς
1083 855 1550 926 ἐνανθρωπησεως
1596 853 1727 908 Υίὸν
1769 854 1868 909 καὶ

273 953 389 1007 Θεὸν
414 951 503 1006 καὶ
528 950 700 1019 Λόγον
728 947 831 1002 τοῦ
872 949 1100 1019 Πατρός
1120 965 1134 978 ’
1159 947 1444 1017 ἄνθρωπον
1463 945 1520 999 δὲ
1546 945 1685 1017 μετὰ
1705 946 1868 1000 τοῦτο

277 1046 383 1100 καθ’
435 1044 573 1115 ἡμᾶς
599 1040 881 1109 γεγονότα
916 1081 934 1104 ,
972 1041 1067 1092 καὶ
1128 1036 1565 1109 σεσαρκωμένον.
1606 1036 1665 1090 '0
1696 1036 1753 1091 δὲ
1788 1038 1869 1091 δι-

285 1136 656 1207 ῖσγυριζόμενος
692 1133 774 1204 μὴ
804 1132 943 1187 δεῖν
972 1131 1133 1185 αὐτὸν
1165 1129 1454 1201 ἄνθρωπον
1498 1128 1734 1184 νοεῖσθαι
1774 1130 1866 1200 ψι-

290 1227 392 1292 ὶὶν,
445 1226 563 1280 ἀλλὰ
590 1225 719 1279 Θεὸν
770 1226 893 1277 καὶ
941 1223 1258 1294 ἄνθρωπον,
1309 1221 1575 1293 ἀπονέμει
1625 1223 1723 1293 μὲν
1775 1222 1866 1276 τὸν

298 1317 546 1371 ἀκάνθινον
569 1314 856 1383 στέφανον,
899 1316 994 1367 καὶ
1023 1314 1094 1366 τά
1123 1312 1286 1382 ἕτερα
1310 1311 1417 1364 τῶν
1440 1311 1647 1374 παθῶν,
1682 1311 1866 1375 ίδικῶς

302 1409 539 1478 ἀνθρώπῳ
554 1409 644 1460 καὶ
668 1408 774 1460 ἀνά
807 1407 1014 1477 μέρος·
1048 1406 1376 1475 προσκυνεῖν
1398 1404 1455 1456 δὲ
1487 1403 1741 1473 ὁμολογεῖ
1768 1405 1865 1457 σὺν

304 1507 361 1573 τῇ
382 1500 581 1571 Θεὸτητι
608 1498 820 1551 τοῦτον
856 1496 959 1551 καῖ
990 1497 1050 1549 τὸ
1085 1496 1164 1548 ἔτι
1199 1494 1641 1564 δυσσεϐέστερον,
1663 1494 1738 1557 ὡς
1764 1494 1867 1547 οὐκ

305 1595 416 1646 δντα
451 1593 538 1663 μὲν
567 1590 705 1645 κατὰ
726 1590 789 1643 τὸ
816 1591 977 1652 εἰκὸς
1003 1589 1136 1641 Θεὸν
1166 1586 1380 1657 άληθῶς
1410 1587 1506 1640 καὶ
1534 1586 1663 1640 Υίόν
1682 1603 1696 1617 ·
1742 1603 1865 1639 συν-

312 1688 485 1756 ἡτορον
510 1683 562 1735 δὲ
601 1682 872 1751 γεγονότα
904 1680 1006 1750 τῆς
1039 1677 1328 1741 αύθεντίας
1375 1676 1466 1730 τοῦ
1505 1677 1701 1746 Λόγου.
1738 1677 1863 1730 Ὅτι

1970 516 2091 556 esse
2115 515 2332 556 carnem
2363 518 2378 556 :
2405 497 2570 571 [Nom
2600 499 2799 569 inquit,
2841 499 3072 568 simplex
3094 506 3179 554 est
3210 499 3373 554 homo
3434 498 3555 567 ipse

1970 591 2246 655 Christus,
2298 605 2489 645 verum
2523 589 2689 645 etiam
2724 586 2911 660 Deus]
2957 588 3064 643 Sed
3100 597 3158 641 ut
3203 588 3336 642 mihi
3371 588 3555 642 dicere

1970 683 2155 750 liceat,
2193 698 2312 749 nos,
2344 698 2377 738 ο
2411 682 2497 736 vir
2545 681 2773 751 optime,
2810 681 3056 749 quamvis
3106 679 3256 734 illum
3305 679 3556 735 dicamus

1969 775 2247 831 hominem
2271 773 2432 829 simul
2450 783 2504 827 et
2535 774 2728 838 Deum,
2756 787 2859 825 non
2881 770 2994 825 hare
3016 770 3243 824 seorsim
3262 768 3555 824 dividendo

1971 865 2226 929 dicimus,
2256 865 2351 920 sed
2384 865 2563 934 potius
2604 864 2857 919 eumdem
2907 861 3145 916 scientes
3187 861 3353 916 etiam
3400 869 3557 914 ante-

1969 971 2131 1024 quam
2169 963 2316 1010 esset
2339 954 2503 1009 homo
2559 954 2756 1019 factus,
2784 961 2839 1008 et
2892 950 3120 1017 Filium,
3174 959 3232 1006 et
3275 950 3467 1015 Deum,
3503 956 3557 1004 et

1970 1048 2213 1103 Verbum
2251 1045 2457 1112 Patris,
2491 1046 2769 1100 hominem
2801 1059 2932 1099 vero
2965 1052 3150 1113 postea
3199 1041 3372 1096 nostri
3404 1041 3558 1095 simi-

1970 1140 2073 1195 lem
2097 1138 2298 1194 factum
2344 1149 2400 1194 et
2417 1139 2777 1193 incarnatum.
2807 1136 2898 1192 Ille
2917 1151 3043 1190 vero
3058 1149 3181 1191 cum
3198 1133 3429 1188 aﬂirmet
3451 1147 3558 1188 non

1970 1246 2092 1286 esse
2122 1229 2268 1284 illum
2294 1230 2497 1284 nudum
2524 1228 2797 1284 hominem
2814 1226 3244 1296 intelligendum,
3272 1224 3368 1280 sed
3390 1225 3560 1280 Deum

1967 1331 2023 1377 et
2072 1321 2370 1385 hominem,
2404 1320 2647 1389 spineam
2692 1318 2911 1386 quidem
2963 1329 3221 1370 coronam
3251 1323 3307 1369 et
3329 1323 3559 1369 exteras

1969 1412 2253 1481 passiones
2291 1410 2597 1481 pmprieac
2626 1408 2853 1463 seorsim
2878 1406 3084 1461 homini
3110 1404 3320 1469 tribuit,
3367 1412 3424 1459 et
3462 1403 3559 1459 ad-

1967 1519 2126 1557 orare
2151 1518 2211 1557 se
2237 1505 2379 1558 hunc
2405 1501 2564 1555 simul
2605 1515 2726 1555 cum
2760 1499 3054 1553 Divinitate
3085 1497 3310 1562 fatetur,
3330 1505 3384 1551 et
3412 1495 3556 1565 quod

1968 1596 2073 1668 53
2109 1596 2279 1666 magis
2310 1595 2535 1665 impium
2565 1596 2653 1660 sit,
2686 1602 2943 1661 tanquam
2974 1606 3081 1645 non
3111 1591 3201 1656 sit,
3234 1600 3292 1644 ut
3318 1599 3401 1645 est
3425 1604 3558 1659 con-

1968 1702 2318 1753 sentaneum,
2369 1700 2495 1741 vere
2539 1685 2683 1740 Deus
2732 1699 2797 1739 ac
2824 1683 3026 1748 Filius,
3072 1682 3165 1737 sed
3216 1679 3559 1736 auctoritatis

316 1778 411 1844 γάρ
444 1776 690 1846 διῖστησιν
733 1774 1011 1844 ἐναργῶς,
1049 1774 1304 1841 σαφηνιεῖ
1345 1771 1506 1825 πάλιν
1536 1771 1596 1825 τὸ
1653 1774 1749 1826 σὺν
1798 1776 1861 1844 τῇ

1979 1781 2132 1837 Verbi
2167 1787 2427 1835 assertor.
2464 1777 2598 1831 Nam
2637 1780 2781 1846 quod
2816 1776 3099 1831 evidenter
3133 1772 3453 1842 distinguat,
3489 1785 3558 1826 ex

321 1865 520 1935 Θεότητι
541 1863 958 1935 προσκυνεῖσθαι
991 1862 1103 1914 δεῖν
1133 1862 1299 1915 αὑτὸν
1320 1861 1621 1930 ὁμολογεῖν.
1656 1862 1729 1915 Τὸ
1756 1863 1865 1930 γὰρ

268 1994 277 2001 ι
328 1959 477 2029 ἑτέρῳ
502 1955 1093 2026 συμπροσκυνούμενον,
1130 1953 1315 2025 ἕτερόν
1349 1970 1447 2006 που
1482 1953 1699 2016 πάντως
1748 1955 1867 2007 ἐστὶ

338 2048 446 2118 παρ’
474 2048 632 2099 ὶκεῖνο
661 2046 768 2115 μεθ’
801 2041 860 2099 οὗ
910 2043 1343 2117 προσκυνεῖσθαι
1389 2042 1624 2111 λέγεται.
1672 2044 1867 2114 Ἡμεῖς

352 2138 420 2199 δὲ,
455 2140 545 2208 μιᾷ
583 2138 916 2208 προσκυνήσει
961 2137 1130 2206 τιμᾷν
1175 2134 1464 2205 εἰθίσμεθα
1503 2136 1593 2189 τὸν
1653 2135 1866 2206 Ἐμμα-

362 2227 588 2296 νουῇ,ού
616 2227 879 2292 eamme;
911 2227 1007 2280 τοῦ
1041 2227 1219 2295 Λόγου
1247 2225 1307 2278 τὸ
1336 2226 1533 2280 ένωθὲν
1563 2227 1714 2297 αύτῷ
1742 2226 1865 2280 καθ’

361 2318 627 2372 ὑπόστασιν
650 2319 800 2390 σῶμα.
829 2320 892 2373 Τί
922 2320 964 2372 δ’
1000 2319 1066 2372 ἂν
1091 2320 1284 2385 νοοῖτο,
1316 2317 1375 2371 τὸ
1404 2318 1500 2389 τῆς
1533 2317 1683 2382 θείας
1705 2319 1868 2390 συνή-

330 2427 508 2495 ,γορον
555 2410 825 2474 αὐθεντιας,
870 2411 1168 2481 βασανίζειν
1217 2411 1402 2475 ἄξιονο
1450 2409 1560 2481 ἆρα
1613 2412 1721 2484 γὰρ
1775 2413 1870 2465 καὶ

341 2501 496 2563 αὐτὸς
528 2503 556 2554 ὁ
580 2501 773 2573 Κύριος
803 2504 954 2574 ἡμῶν
986 2502 1179 2573 Ἰησοῦς
1208 2503 1462 2573 Χριστὸς,
1490 2503 1611 2557 καθ’
1636 2504 1732 2556 ἕνα
1759 2502 1869 2556 τῶν

335 2594 495 2664 άγίων
564 2594 867 2650 ἀποστόλων
940 2599 1031 2649 καὶ
1088 2595 1487 2664 εὐαγγελιστῶν
1555 2596 1740 2666 ἕτερον
1791 2594 1870 2666 τῷ

333 2688 507 2759 κόσμῳ
530 2687 797 2759 διεκήρυξε
828 2690 1074 2761 Χριστὸν,
1107 2690 1275 2760 ἡγουν
1324 2689 1451 2742 Υἱὸν
1498 2690 1592 2743 καὶ
1637 2689 1866 2760 Κύριον,

328 2784 397 2847 ὠς
427 2783 565 2836 θείαν
612 2782 789 2854 ἔχοντα
830 2784 929 2848 τὴν
974 2785 1060 2853 ἐφ’
1105 2781 1309 2836 ἅπασιν
1348 2782 1656 2848 αὑθεντίαν,
1702 2782 1871 2852 ἤγουν

327 2875 570 2942 ἐξουσίαν,
603 2874 952 2945 συνηγόρευσε
984 2875 1042 2927 δὲ
1072 2874 1168 2926 καὶ
1199 2873 1358 2937 αὐτὸς
1385 2875 1453 2944 τῇ
1490 2872 1678 2945 ἐτέρου
1709 2854 1869 2945 δόξῃς

326 2968 499 3021 Καίτοι
524 2967 624 3021 τῶν
649 2967 923 3039 θεηγόρων
969 2968 997 3019 ό
1047 2967 1226 3038 χορὸς,
1278 2967 1483 3038 ’ῐησοῦν
1516 2965 1750 3038 Χριστὸν
1783 2967 1873 3018 τὸν

327 3061 387 3113 ἐκ
413 3060 691 3133 σπέρματος
709 3060 869 3112 Δαϐὶδ
897 3061 1043 3113 κατὰ
1073 3061 1252 3130 σάρκα
1274 3059 1350 3129 τῷ
1374 3061 1564 3128 κόσμῳ
1580 3057 1872 3129 διακηρύτ-

326 3169 494 3206 τουσι·
526 3154 722 3222 καὶτῆς
772 3154 1011 3215 πίστεως
1053 3153 1210 3223 ἡμῶν
1254 3156 1282 3205 ό
1319 3153 1516 3222 τρόπος
1551 3151 1638 3205 διά
1666 3152 1765 3221 τῆς
1793 3153 1871 3215 εἰς

324 3246 465 3299 αὐτὸν
500 3245 777 3314 ὁμολογίας
809 3245 1066 3315 ἔρχεται·
1097 3242 1455 3313 δικαιούμεθα
1498 3243 1553 3296 δὲ
1586 3244 1874 3296 πιστεύον-

321 3351 416 3398 τες,
446 3335 535 3405 οὐχ
577 3338 650 3399 ὡς
690 3334 787 3388 ἕνα
824 3336 933 3387 τῶν
969 3334 1094 3388 καθ’
1139 3336 1285 3405 ἡμᾶς
1327 3334 1613 3404 ἄνθρωπον
1663 3332 1872 3397 ἁπλῶς,

320 3426 420 3479 ἀλλ’
446 3428 518 3489 εἰς
551 3429 643 3480 τὶν
693 3427 854 3495 φύσει
894 3444 955 3479 τε
989 3426 1085 3480 καὶ
1130 3426 1346 3496 άληθῶς
1383 3426 1513 3479 ὄντα
1556 3426 1709 3480 Θεόν.
1765 3428 1877 3480 Καὶ

319 3515 431 3583 γοῦν
460 3517 582 3570 ἄθεα
614 3517 720 3588 μὲν
750 3517 821 3569 τά
863 3516 991 3586 ἔθνη
1024 3516 1292 3569 διετέλουν
1332 3516 1477 3568 κατὰ
1516 3516 1608 3569 τὸν
1647 3515 1875 3586 κόσμον,

320 3610 523 3682 Χριστὸν
562 3611 670 3664 οὐκ
720 3610 906 3664 εἰδότα
951 3610 1104 3675 ποτὲ,
1159 3608 1304 3663 καθά
1334 3626 1498 3679 φησιν
1538 3611 1567 3662 ό
1609 3609 1878 3680 μακάριος

323 3702 537 3765 Hai‘m'
574 3702 769 3771 ἐπειδὴ
813 3701 870 3755 δὲ
903 3701 1230 3771 ἐγνώκασιν,
1285 3700 1347 3753 οὐ
1393 3700 1767 3770 μεμενήκασιν
1821 3701 1879 3751 ὲν

327 3799 487 3870 ἀγνοίᾳ
510 3799 608 3855 τοῦ
630 3799 773 3853 κατὰ
799 3798 963 3869 φύσιν
987 3798 1138 3861 ὄντος
1160 3797 1317 3851 Θεοῦ.
1345 3796 1556 3850 Οὐκοῦν
1582 3795 1881 3869 διδασκέτω

327 3895 386 3964 τῇ
406 3892 537 3957 τίνος
571 3893 695 3963 δόξῃ
724 3892 821 3945 καὶ
845 3890 1107 3960 αὑθεντίᾳ
1138 3888 1538 3960 συνηγόρευσεν
1567 3890 1595 3941 ό
1620 3887 1879 3959 Χριστὸς,

334 3985 483 4039 καίτοι
524 3984 629 4039 τῶν
654 3985 994 4055 προσιόντων
1026 3983 1175 4054 αὐτῷ
1224 3982 1324 4053 τὴν
1354 3981 1538 4034 πίστιν
1578 3980 1664 4050 ἐφ’
1698 3978 1881 4050 ἑαυτῷ

333 4076 421 4149 μὲν
448 4077 609 4131 αξτῶν
625 4094 641 4109 ·
668 4077 946 4140 ἀνατιθεὶς
966 4076 1023 4129 δὲ
1061 4074 1266 4144 ταύτην
1290 4076 1347 4127 ἐν
1375 4071 1523 4143 αύτῷ
1548 4070 1656 4145 [fax
1682 4070 1882 4143 ἑαυτῷ]

324 4166 390 4237 τῷ
409 4168 589 4238 Πατρί.
622 4169 733 4221 Καὶ
764 4166 897 4235 γοῦν
930 4165 1082 4235 ἔλεγε
1111 4181 1125 4195 ’
1164 4184 1179 4217 t
1206 4162 1498 4218 Πιστεύετε
1528 4165 1608 4227 είς
1647 4163 1768 4233 ἐμὲ,
1791 4163 1887 4216 καὶ

317 4260 386 4322 εἰς
408 4260 490 4313 τὸν
518 4260 655 4314 Θεὸν
682 4258 1021 4313 πιστεύετε»
1045 4258 1138 4311 καὶ
1166 4257 1351 4311 πάλιν·
1379 4275 1398 4309 ι
1419 4256 1479 4310 '0
1509 4254 1779 4310 πιστεύων
1806 4256 1887 4319 εἰς

315 4352 420 4421 ἐμὲ,
446 4353 509 4406 οὐ
542 4352 791 4406 πιστεύει
819 4353 900 4415 είς
933 4351 1053 4422 ἐμὲ,
1083 4352 1200 4405 ἀλλ’
1228 4351 1308 4415 είς
1334 4350 1426 4403 τὸν
1456 4348 1750 4420 πέμψαντά
1780 4364 1849 4419 με
1868 4364 1882 4380 ⁸

1969 1888 2035 1929 eo
2097 1887 2285 1927 rursus
2320 1870 2665 1940 perspicuum
2722 1867 2835 1930 fiet,
2887 1866 3029 1935 quod
3090 1879 3213 1919 cum
3268 1862 3561 1916 Divinitate

1970 1966 2146 2034 ipsum
2169 1977 2290 2017 esse
2314 1959 2646 2014 adorandum
2674 1959 2964 2011 conﬁtetur
3003 1976 3016 2011 :
3059 1954 3202 2024 quod
3247 1953 3392 2007 enim
3433 1966 3558 2006 cum

1970 2054 2142 2108 altero
2185 2053 2465 2115 adoratur,
2507 2051 2780 2105 diversum
2825 2059 2908 2103 est
2954 2062 3177 2118 prorsus
3219 2045 3286 2101 ab
3326 2059 3392 2099 eo
3434 2059 3560 2100 cum

1969 2159 2078 2213 quo
2120 2142 2339 2198 adorari
2384 2141 2722 2211 perhibetur.
2764 2137 2872 2194 Nos
2917 2154 3048 2194 vero
3093 2154 3198 2192 una
3240 2136 3560 2192 adoratione

1970 2238 2239 2292 honorare
2265 2234 2647 2290 consuevimus
2671 2232 3103 2298 Emmanuelem,
3126 2246 3231 2286 non
3258 2229 3559 2285 dividentes

1970 2347 1998 2383 a
2024 2330 2206 2384 Verbo
2240 2343 2438 2399 corpus
2474 2328 2574 2397 ipsi
2611 2326 2908 2383 secundum
2948 2325 3285 2395 hypostasim
3323 2324 3555 2377 unitum.

1970 2421 2107 2488 Quid
2150 2431 2329 2475 autem
2365 2419 2674 2490 signiﬁcent
2718 2418 2808 2471 illa
2847 2420 3045 2480 verba,
3086 2416 3284 2469 divina:
3321 2421 3560 2467 asserto-

1969 2526 2085 2565 rem
2107 2510 2468 2572 auctoritatis,
2493 2508 2915 2561 examinandum
2938 2515 3040 2559 est.
3066 2504 3202 2558 Num
3226 2505 3369 2559 enim
3392 2503 3556 2558 etiam

1971 2604 2086 2671 ipse
2123 2602 2382 2656 Dominus
2417 2609 2601 2655 noster
2629 2597 2787 2653 Jcsns
2818 2595 3069 2651 Christus
3103 2605 3161 2649 ut
3193 2610 3335 2651 unus
3365 2611 3396 2649 e
3429 2610 3559 2649 san-

1970 2695 2076 2749 ctis
2109 2694 2366 2763 apostolis
2395 2702 2448 2747 et
2477 2690 2849 2762 evangelistis,
2878 2681 3042 2743 alium
3072 2688 3271 2743 mundo
3301 2687 3559 2758 praedicata

1971 2788 2047 2840 vit
2077 2784 2382 2852 Christum,
2416 2785 2498 2839 vel
2536 2783 2761 2848 Filium,
2796 2783 2879 2838 vel
2918 2782 3227 2847 Dominum,
3263 2790 3320 2834 ut
3346 2780 3563 2843 haben-

1975 2890 2080 2933 tem
2105 2880 2170 2933 ad
2195 2878 2376 2932 omnia
2401 2878 2639 2931 divinam
2665 2876 3044 2931 auctoritatem
3071 2875 3185 2928 sive
3211 2881 3560 2942 potestatem,

1973 2982 2028 3027 et
2056 2972 2171 3041 ipse
2199 2968 2424 3022 alterius
2456 2967 2683 3037 gloriam
2718 2963 2993 3019 asseruit?
3022 2963 3184 3030 Atqui
3219 2961 3419 3015 chorus
3449 2962 3563 3029 ipse

1976 3063 2070 3118 Dei
2105 3059 2518 3132 prtedicatorum
2547 3054 2729 3110 Jcsum
2759 3053 3038 3108 Christum
3072 3052 3221 3105 illum
3254 3066 3319 3104 ex
3353 3050 3564 3104 semine

1978 3156 2146 3210 David
2175 3151 2470 3208 secundum
2501 3162 2720 3201 carnem
2753 3144 3031 3214 praedicat,
3063 3151 3118 3196 et
3152 3141 3265 3210 ipsa
3304 3136 3428 3193 fidei
3461 3151 3561 3191 no-

1978 3260 2105 3305 stra:
2135 3247 2275 3301 ratio
2305 3259 2402 3315 per
2430 3240 2831 3297 confessionem
2861 3236 2913 3290 in
2945 3250 3067 3289 eum
3103 3232 3301 3287 factam
3336 3231 3511 3300 pergit
3543 3243 3559 3283 :

1973 3339 2446 3413 justificamurque
2472 3348 2537 3389 eo
2566 3333 2685 3401 ipso
2711 3330 2853 3400 quod
2882 3327 3154 3383 credimus
3183 3340 3287 3379 nou
3316 3332 3374 3377 ut
3398 3336 3563 3376 unum

1980 3452 2011 3493 e
2051 3433 2205 3489 nobis
2247 3430 2517 3485 hominem
2558 3424 2882 3494 simplicem,
2921 3422 3015 3476 sed
3058 3419 3111 3473 in
3155 3418 3330 3489 ipsum
3373 3424 3566 3469 natura

1980 3540 2215 3597 vereque
2245 3525 2435 3579 Deum.
2468 3521 2651 3590 Itaque
2681 3518 2802 3573 sine
2835 3517 2942 3570 Deo
2971 3521 3161 3585 gentes
3190 3517 3349 3565 erant
3379 3508 3432 3562 in
3462 3507 3567 3561 hoc

1980 3619 2204 3682 mundo,
2236 3614 2513 3670 Christum
2550 3612 2862 3680 ignorantes
2897 3603 3213 3675 aliquando,
3245 3610 3303 3655 ut
3337 3602 3411 3654 ait
3443 3600 3568 3652 hea-

1984 3722 2071 3765 tus
2104 3707 2302 3763 Paulus
2325 3705 2369 3736 "
2402 3723 2416 3759 :
2451 3703 2539 3757 ubi
2572 3716 2699 3756 vero
2733 3698 2882 3753 illum
2915 3702 3274 3767 agnoverunt,
3305 3706 3410 3746 non
3443 3703 3569 3759 per-

1984 3807 2301 3857 manserunt
2348 3793 2520 3864 ignari
2564 3791 2680 3860 ejus
2720 3790 2809 3860 qui
2857 3789 3153 3842 secundum
3196 3794 3443 3843 naturam
3485 3786 3570 3833 est

1984 3893 2145 3947 Deus.
2180 3888 2343 3958 Igitur
2374 3887 2568 3939 doceat
2604 3881 2756 3950 cujus
2795 3878 2980 3948 gloriae
3021 3884 3077 3930 et
3119 3873 3430 3928 auctoritati
3476 3886 3572 3941 pa-

1988 3983 2289 4038 trocinatus
2315 3979 2384 4032 sit
2410 3975 2662 4030 Christus
2690 3991 2703 4027 :
2732 3970 2944 4026 tametsi
2972 3968 3042 4022 ab
3073 3966 3384 4021 hominibus
3413 3962 3480 4015 ad
3509 3976 3571 4016 se

1986 4069 2365 4126 accedentibus
2394 4066 2549 4119 fidem
2581 4063 2633 4116 in
2665 4061 2906 4129 seipsum
2932 4057 3133 4127 exigat,
3161 4064 3218 4108 et
3243 4068 3362 4107 eam
3393 4052 3567 4118 ipsam

1988 4165 2041 4219 in
2072 4178 2131 4218 se
2163 4160 2262 4231 ipsi
2295 4158 2441 4214 Patri
2474 4156 2765 4217 attribuat,
2798 4151 2978 4221 itaque
3007 4147 3218 4203 dicebat
3248 4159 3264 4200 :
3299 4162 3317 4196 ι
3351 4143 3569 4199 Credite

1990 4256 2043 4310 in
2079 4271 2188 4320 me,
2218 4262 2274 4308 et
2310 4252 2362 4306 in
2400 4251 2567 4305 Deum
2607 4245 2816 4302 credite
2843 4242 2926 4308 ";
2968 4260 2987 4294 ι
3028 4250 3081 4296 et
3117 4241 3311 4294 iterum
3350 4254 3366 4291 :
3408 4253 3427 4287 ι
3467 4234 3572 4301 Qui

1990 4350 2164 4406 credit
2193 4348 2245 4401 in
2280 4361 2385 4409 me,
2417 4358 2524 4397 non
2554 4342 2727 4397 credit
2758 4341 2813 4395 in
2844 4352 2953 4405 me,
2982 4334 3076 4390 sed
3109 4334 3161 4386 in
3194 4346 3316 4385 eum
3350 4328 3440 4399 qui
3473 4328 3574 4381 mia

315 4444 435 4497 καὶὸ
457 4444 687 4516 θεωρῶν
714 4445 838 4514 ἐμὲ,
873 4445 1067 4516 θεωρεῖ
1092 4444 1184 4497 τὸν
1216 4442 1513 4514 πέμψαντά
1541 4458 1631 4513 με.
1670 4460 1689 4493 ι
1738 4440 1875 4493 Ἀλλ’

1987 4444 2058 4499 sit
2102 4456 2189 4496 me
2206 4438 2275 4495 δ’.
2327 4458 2345 4490 ι
2393 4436 2499 4491 Sed
2544 4435 2777 4489 fortasse
2821 4432 2923 4486 hoc
2960 4427 3186 4483 verbum
3232 4423 3570 4493 συνηγορεῖν,

314 4536 424 4599 ἴσως
447 4537 512 4591 τὸ
545 4539 869 4608 συνηγορεῖν
903 4535 1046 4590 κατὰ
1082 4535 1143 4589 τὸ
1173 4534 1322 4605 αὐτῷ
1345 4530 1560 4596 δοκοιλὴ
1608 4532 1748 4604 τάχα
1777 4548 1883 4584 που

314 4627 673 4700 ὑπεμφήνειεν
708 4629 776 4682 ἂν
838 4628 898 4681 τὸ
946 4629 1223 4699 ἱσηγορεῖν
1248 4643 1261 4657 ·
1297 4626 1495 4697 ἐφίημι
1541 4625 1673 4697 γὰρ.
1711 4624 1890 4683 καίτοι

313 4720 397 4790 τῆς
422 4720 628 4785 λέξεως
689 4719 885 4790 ἑτέραν
914 4718 1142 4791 ἐχούσης
1177 4719 1277 4788 τὴν
1307 4717 1559 4788 δήλωσιν.
1592 4714 1726 4770 Εῐτα
1772 4716 1891 4780 πῶς

318 4816 682 4885 ἰσηγορησειεν
738 4811 804 4865 ἂν
850 4811 1135 4884 ἄνθρωπος
1169 4810 1288 4881 Θεῷ
1334 4809 1474 4863 κατὰ
1514 4808 1598 4873 σὲ,
1646 4808 1741 4862 καὶ
1794 4807 1892 4870 τὰς

316 4907 369 4959 ix
404 4906 514 4959 τῶν
575 4904 844 4958 Ἰουδαίων
895 4904 1182 4976 παροινίας
1229 4900 1557 4971 διενεγκὼν;
1594 4900 1733 4973 Φέρε
1780 4899 1889 4970 γάρ

317 4998 394 5051 τὸν
415 4998 666 5069 ἑκατέρῳ
693 4997 976 5070 πρέποντα
1000 4994 1439 5066 καταθρήσωμεν
1465 4993 1645 5062 λόγον.
1682 4991 1890 5063 Πρέποι

317 5090 352 5142 δ’
376 5092 440 5145 ἂν
472 5093 650 5144 εἰπεῖν
687 5089 765 5160 τῷ
811 5106 873 5158 γε
902 5088 1016 5141 θντι
1052 5087 1171 5157 Θεῷ
1208 5086 1350 5140 κατὰ
1393 5085 1585 5156 φύσινε
1624 5084 1757 5154 Εἰμὶ
1789 5083 1887 5153 μὲν

320 5184 561 5254 ἀόρατος,
599 5181 831 5253 ἀναφὴς,
854 5182 950 5234 καὶ
976 5178 1070 5233 τοῦ
1107 5178 1299 5233 παθεῖν
1327 5178 1620 5249 ἁνώτερος,
1659 5176 1753 5228 καὶ
1782 5174 1890 5245 μὴν

322 5279 403 5330 καὶ
430 5277 739 5347 ἀσώματος,
765 5275 879 5347 ζωὴ
909 5275 1002 5328 καὶ
1027 5272 1311 5337 ζωοποιὸς,
1348 5270 1440 5323 καὶ¹
1464 5269 1650 5321 ἐπάνω
1676 5267 1892 5319 πάντων

321 5370 388 5432 ὡς
424 5370 574 5432 Θεός.
624 5371 681 5423 Ὀ
715 5368 772 5422 δὲ
797 5370 896 5436 τὴν
940 5367 1075 5421 ἰδίαν
1121 5367 1275 5436 ἡμῖν,
1318 5365 1466 5424 ὅπως
1489 5362 1553 5413 ἂν
1582 5360 1693 5429 ἔχοι
1734 5358 1894 5428 φύσιν

322 5463 695 5532 ἐξηγούμενος,
729 5461 835 5530 ἔφη
886 5459 952 5513 ἂν
1002 5458 1263 5519 εἰκότως’
1329 5453 1555 5523 Ὀρατὸς
1604 5454 1751 5520 εἰμι,
1804 5450 1896 5501 καὶ

324 5555 516 5616 ἁπτόςο
558 5553 818 5624 παθητὸς,
848 5552 943 5604 καὶ
964 5550 1068 5603 ὑπὸ
1090 5547 1316 5619 φθορὰν,
1348 5545 1437 5599 καὶ
1474 5542 1578 5597 ὑπὸ
1604 5542 1741 5613 Θεῷ.
1770 5537 1897 5610 'Ap’

401 5733 649 5806 “Ephcs.
680 5750 740 5802 tt,
795 5732 875 5788 l2.
957 5732 998 5761 ⁵⁸
1035 5730 1190 5787 Joau.
1232 5744 1340 5793 ιμ’,
1382 5725 1426 5779 l.

1992 4533 2134 4602 quod
2181 4528 2509 4601 patrocinari
2562 4525 2841 4588 diximus,
2887 4518 3196 4575 subiudicat
3244 4515 3384 4570 idem
3434 4514 3573 4582 φωτί

1997 4626 2302 4696 ἰσηγορεῖν,
2339 4622 2442 4676 hoc
2480 4629 2599 4682 est,
2634 4633 2700 4672 ex
2741 4629 2898 4682 aequo
2936 4610 3235 4683 praedicare
3271 4623 3285 4660 :
3327 4604 3573 4676 permitti

1994 4718 2162 4781 enim,
2184 4713 2431 4783 quamvis
2462 4711 2577 4765 inec
2608 4709 2775 4762 dictio
2802 4706 2965 4760 aliam
2998 4704 3195 4758 habeat
3223 4696 3572 4783 significatio-

1994 4823 2138 4863 nem.
2169 4782 2331 4873 Atqui
2364 4800 2635 4869 quomodo
2666 4813 2733 4852 ex
2764 4810 2918 4865 aequo
2946 4792 3015 4848 de
3044 4806 3102 4846 se
3133 4790 3386 4858 loquatur
3414 4782 3575 4835 homo

1995 4899 2223 4971 perinde
2251 4912 2315 4951 ac
2343 4894 2510 4959 Deus,
2538 4902 2595 4947 ut
2624 4901 2681 4946 tu
2713 4899 2891 4960 putas,
2918 4895 2972 4941 et
2999 4884 3089 4955 qui
3118 4899 3146 4937 a
3173 4879 3372 4935 Iudaeis
3400 4873 3575 4971 ill-ams

1995 4966 2355 5044 contumelias
2388 4982 2640 5053 pertulit?
2668 4982 2781 5050 Age
2813 4976 2981 5042 enim,
3016 4983 3322 5029 sermonem
3356 4966 3575 5034 utrique

1994 5079 2405 5136 convenientem
2449 5074 2854 5130 consideremus
2895 5090 2909 5125 :
2952 5082 3078 5123 nam
3112 5077 3240 5119 vero
3277 5059 3574 5117 secundum

1998 5183 2246 5228 naturam
2280 5170 2390 5225 Deo
2421 5166 2672 5224 convenit
2701 5165 2881 5220 dicere
2915 5180 2929 5217 :
2959 5160 3074 5230 Ego
3102 5172 3220 5213 sum
3254 5151 3575 5217 invisibilis,

2000 5263 2381 5328 intractabilis,
2417 5258 2789 5331 impassihilis,
2821 5258 3194 5324 incorporeus,
3224 5249 3351 5306 item
3385 5245 3490 5300 vita
3524 5252 3577 5298 et

2000 5358 2326 5421 vivilicator,
2351 5364 2406 5407 et
2433 5368 2592 5421 supra
2622 5348 2804 5403 omnia
2836 5356 3093 5416 tanquam
3122 5343 3265 5398 Dcus
3292 5360 3307 5397 :
3336 5340 3424 5396 hic
3449 5353 3579 5393 vero

2005 5448 2051 5504 si
2082 5463 2179 5502 sua
2211 5447 2368 5501 nobis
2399 5453 2591 5499 natura
2621 5452 2677 5496 ut
2706 5440 2905 5498 habeat
2932 5448 3193 5510 exponat,
3220 5437 3363 5491 dicct
3391 5433 3578 5502 utique

2007 5547 2066 5592 ut
2095 5551 2193 5607 par
2221 5545 2301 5593 est
2335 5552 2347 5591 :
2378 5533 2617 5591 Visibflis
2646 5549 2797 5600 sum,
2831 5541 2885 5588 ct
2913 5529 3245 5595 tractabilis,
3276 5521 3578 5599 passibilis,

1508 5725 1547 5755 δι’
1577 5720 1733 5778 Juan.
1772 5734 1869 5782 xu,
1906 5716 1991 5772 Η.
