4004 6202
454 370 523 428 99
1507 362 1562 417 S.
1604 355 1879 417 (ΣΥΜΠιῖ
1918 356 2386 414 ALEXANDRINI
2427 358 2740 418 ARCHIEP.

3613 370 3715 424 l0!)

456 492 511 539 et
545 481 879 552 eorruptioni
918 480 1226 552 subjectus,
1263 494 1325 535 ac
1360 481 1459 535 sub
1498 481 1605 535 Deo
1642 498 1657 534 :
1695 496 1819 533 num
1863 480 2010 549 igitm

2136 471 2249 543 οὖν,
2284 480 2313 530 ὁ
2363 476 2432 530 τὰ
2476 477 2655 531 τοιάδε
2702 476 2900 545 λέγων,
2938 480 3307 552 ῖσηγορήσειεν
3336 480 3403 534 ἂν
3434 479 3513 552 τῷ
3548 482 3717 552 προῦο

453 572 545 642 qui
582 571 707 627 talia
743 570 907 637 dicit,
943 571 990 627 is
1022 586 1173 641 aeque
1208 571 1272 625 de
1305 586 1363 624 se
1401 570 1711 640 przedicabit
1747 578 1905 639 atque
1940 569 2030 624 ille

452 662 562 736 54
600 665 943 732 prmstantior
978 674 1032 717 et
1068 662 1440 730 excellentior,
1486 666 1628 733 quod
1673 664 1738 717 ad
1780 678 1890 718 sua:
1931 677 2029 717 na-

453 760 589 805 tura:
628 753 818 807 attinet
859 753 1127 807 rationes?
1162 755 1307 823 atqui
1349 755 1620 824 quomodo
1661 768 1765 808 non
1805 753 1858 808 id
1896 754 2030 808 stul-

454 851 564 896 tum
599 844 666 898 sit
700 843 918 897 dicere?
949 859 1071 897 nam
1109 853 1200 897 aut
1233 844 1320 898 ille
1355 860 1598 915 prorsus,
1632 856 1723 900 aut
1756 845 1842 901 hic
1878 861 2029 900 men-

452 934 637 989 tietur.
658 935 1029 991 Asset'tioneut
1049 951 1175 991 vero
1194 952 1315 991 cum
1336 939 1489 1002 dicis,
1510 937 1624 992 sive
1643 938 2021 1007 patrocinium,

449 1024 530 1079 sic
564 1041 794 1093 namque
831 1026 989 1080 liceat
1021 1026 1201 1081 dicere
1234 1028 1647 1099 συνηγόρευσιν,
1684 1044 1862 1084 nonne
1893 1029 2027 1084 alte-

449 1131 566 1171 rum
602 1132 787 1171 rursus
818 1118 1104 1185 quemdam
1137 1118 1293 1173 alteri
1330 1120 1657 1189 patrocinari
1689 1120 1852 1174 etiam
1886 1119 2026 1173 imi-

449 1216 533 1261 tus
572 1208 685 1277 ipse
724 1208 1032 1274 confiteris,
1066 1212 1156 1278 qui
1197 1212 1354 1266 nobis
1390 1211 1791 1281 coniunctionis
1828 1226 2022 1265 nomen

446 1313 868 1362 commemoras,
909 1311 961 1355 et
1008 1317 1173 1355 unum
1221 1301 1492 1356 Christum
1536 1312 1592 1357 et
1635 1302 1921 1357 Dominum
1967 1302 2020 1355 in

444 1391 552 1444 duo
582 1391 825 1446 dividens
856 1390 1082 1455 adoras,
1116 1393 1225 1446 into
1254 1409 1381 1448 vero
1413 1395 1574 1448 simul
1606 1397 1833 1460 adoras,
1866 1406 1920 1450 et
1956 1396 2022 1449 li-

443 1482 633 1537 berare
682 1492 732 1537 te
783 1495 941 1552 putas
991 1484 1287 1539 Ecclesiam
1338 1486 1698 1543 deificatiouis
1747 1488 2015 1554 crimine,

441 1588 562 1628 cum
601 1573 715 1642 ipse
749 1574 964 1629 deifices
998 1575 1293 1639 hominem,
1318 1588 1373 1631 et
1410 1594 1514 1632 non
1554 1595 1717 1633 unum
1755 1580 1907 1634 dicas
1929 1579 2020 1634 Fi-

441 1662 595 1726 lium,
624 1664 838 1718 etiamsi
891 1681 995 1719 non
1026 1676 1176 1721 extra
1207 1669 1481 1736 propriam
1508 1686 1726 1725 carnem
1755 1671 2019 1741 intelliga-

442 1755 564 1810 tur?
589 1754 857 1812 Adorabis
887 1760 1031 1812 enim
1062 1768 1187 1813 tunc
1218 1774 1454 1830 quoque,
1485 1763 1581 1817 sed
1610 1762 1728 1818 sine
1754 1763 2013 1830 crimine;

2132 582 2281 636 χοντι
2335 567 2430 619 καὶ
2478 566 2882 638 ὑπερκειμένῳ,
2931 570 3072 623 κατά
3128 586 3191 637 γε
3255 570 3381 634 τοὺς
3427 570 3530 640 τῆς
3577 571 3717 636 ιδίας
3790 596 3799 603 -

2131 654 2347 723 φύσεως
2376 656 2594 725 λόγους;
2629 654 2761 710 Εἶτα
2796 657 2910 721 πῶς
2940 659 3098 713 τοῦτο
3125 660 3224 714 οὐκ
3253 660 3462 731 ἀμαθὲς
3495 663 3669 716 εἰπεῖν
3696 681 3712 730 ;

2129 747 2481 817 διαψεύσεται
2522 749 2632 819 γὰρ
2686 751 2988 822 πάντως,ῆ
3039 754 3266 817 ἐκεῖνος,
3308 751 3341 824 ἢ
3378 748 3551 818 οὗτος.
3581 754 3713 807 Συν-

2128 840 2356 911 ηγορίαν
2377 841 2431 894 δὲ
2458 840 2654 910 λέγων,
2682 841 2849 912 ἤγουν
2881 843 3293 913 συνηγόρευσιν,
3326 845 3424 914 οὐχ
3448 844 3639 916 ἕτερόν
3656 862 3711 898 τι

2129 930 2291 984 πάλιν
2322 932 2496 1004 ἑτέρῳ
2529 935 2840 1004 συνηγορεῖ,
2872 933 2967 986 καὶ
3015 934 3114 1003 οὐχ
3162 935 3304 987 ἑκὼν
3344 935 3647 1004 ὁμολογεῖς,
3680 937 3710 988 ό

2130 1019 2425 1090 συνάφειαν
2452 1023 2583 1091 ἡμῖν
2608 1018 2907 1091 ὀνομάζων,
2938 1022 3033 1073 καὶ
3060 1021 3156 1074 ἕνα
3183 1020 3418 1092 Χριστὸν
3455 1022 3550 1074 καὶ
3594 1021 3709 1075 Κύ-

2128 1127 2276 1182 ριοΨ
2321 1112 2416 1167 καὶ
2468 1112 2682 1183 τέμνων
2733 1113 2813 1175 εἰς
2865 1111 2959 1165 δύο
3007 1114 3364 1184 προσκυνεῖς·
3407 1113 3606 1182 μᾶλλον
3651 1113 3708 1167 δδ

2126 1207 2597 1275 συμπροσκυνεῖςσ
2645 1204 2740 1257 καὶ
2782 1204 3147 1257 ἀπαλλάττειν
3177 1204 3279 1256 οἴει
3321 1203 3421 1274 τὴν
3473 1203 3707 1274 Ἐκκληο

2128 1294 2245 1347 σίαν
2299 1293 2391 1347 τοῦ
2426 1294 2526 1365 τῆς
2553 1294 2827 1356 θεοποιῖας
2865 1293 3227 1366 ἐγκλήματος,
3258 1293 3521 1347 θεοποιῶν
3546 1293 3708 1359 αὐτὸς

2123 1385 2426 1458 ἄνθρωπον,
2460 1387 2554 1440 καὶ
2580 1387 2677 1456 οὐχ
2706 1386 2801 1439 ἕνα
2844 1386 3020 1455 λέγων
3054 1386 3202 1451 Υίὸν,
3236 1385 3340 1439 κᾶν
3384 1387 3434 1438 εί
3468 1384 3543 1457 μὴ
3581 1386 3703 1457 δίχα

2123 1479 2292 1532 νοοῖτο
2316 1479 2415 1549 τῆς
2447 1478 2581 1542 ἰδίας
2607 1479 2844 1549 σαρκός;
2890 1480 3298 1551 Προσκυνήσεις
3320 1479 3430 1552 γὰρ
3459 1480 3579 1533 τότε
3607 1482 3705 1535 καὶ

2122 1568 2510 1640 ἀνεγκλήτως·
2567 1571 2662 1623 καὶ
2703 1570 2887 1642 γνώσῃ
2939 1570 3043 1625 ποῦ
3097 1565 3262 1643 ἦσθα,
3312 1571 3455 1626 κατὰ
3495 1570 3557 1625 τὸ
3607 1589 3702 1641 γε-

2120 1660 2460 1733 γραμμένον,
2493 1660 2599 1713 τῶν
2629 1660 2729 1731 τῆς
2765 1660 3023 1733 ἀληθείας
3052 1661 3365 1731 ἀποφοιτῶν
3392 1662 3700 1733 δογμάτων.

2134 1753 2294 1807 Ἀλλὰ
2322 1753 2434 1817 ναὶ,
2466 1752 2654 1823 φησὶν,
2689 1754 2880 1823 εἴρηκε
2903 1752 2981 1823 τῷ
3007 1752 3214 1825 λεπρῷ,
3258 1773 3276 1806 ι
3306 1751 3483 1818 Θέλω,
3529 1754 3702 1809 καθα-

437 1856 493 1905 et
520 1863 817 1917 cognosces
849 1850 937 1904 ubi
972 1865 1112 1915 eras,
1144 1863 1202 1905 ut
1236 1853 1497 1922 scriptum
1528 1863 1631 1920 est,
1664 1869 1784 1909 cum
1816 1870 1845 1909 a
1874 1855 2010 1910 veri-

2121 1845 2357 1919 ρίσθητιο
2401 1816 2425 1898 »ν
2461 1816 2555 1899 καὶ
2582 1847 2647 1917 τῇ
2675 1816 2770 1899 τοῦ
2800 1816 3260 1916 ’ἀρχισυναγώγου
3285 1816 3534 1916 θυγατρὶ,
3570 1866 3588 1899 ι
3637 1849 3702 1903 Ἠ
3739 1870 3762 1896 κ

440 1940 565 1994 tatis
600 1941 869 2009 dogmatis
904 1943 1211 1997 aberrares.
1249 1946 1319 1998 At
1349 1945 1525 2009 enim,
1563 1946 1765 2015 inquit,
1804 1944 2015 2016 leproéo

437 2032 571 2086 dixit
602 2050 615 2085 :
649 2051 666 2084 ι
698 2033 851 2097 V'olo,
876 2037 1141 2090 mundare
1164 2037 1243 2103 ‘°;
1279 2056 1297 2089 ι
1324 2046 1378 2092 et
1409 2038 1530 2093 filia:
1558 2040 1968 2112 archisynagogi
1997 2058 2012 2096 :

442 2140 461 2173 ι
485 2120 690 2187 Puella,
718 2124 971 2191 surge“;
1000 2143 1018 2175 ι
1048 2134 1101 2178 et
1125 2126 1260 2180 mari
1285 2141 1300 2180 :
1326 2145 1345 2178 ι
1371 2125 1533 2194 Tace,
1559 2129 1870 2184 obmutesce
1883 2131 1961 2197 ";
1988 2149 2008 2183 ι

434 2211 490 2266 in
522 2226 587 2267 eo
623 2214 787 2284 igitur
846 2214 1075 2271 dicendo
1128 2232 1310 2273 comes
1363 2234 1427 2273 ac
1476 2220 1829 2291 pariloquens
1860 2221 1960 2277 fuit
1995 2239 2012 2291 ;

434 2319 556 2357 nam
589 2304 774 2358 divina
806 2305 967 2360 verba
1004 2307 1380 2377 eloquebatur,
1416 2325 1512 2379 per
1542 2325 1663 2380 quae
1698 2311 1856 2368 facile
1887 2328 2011 2368 om~

433 2394 519 2446 nia
553 2393 816 2463 perﬁcere
843 2395 1060 2453 licebat.
1092 2399 1203 2453 Duo
1235 2401 1397 2470 igitur
1423 2412 1580 2455 erant
1611 2404 1701 2473 qui
1734 2405 2012 2474 praecipie-

432 2486 582 2549 bant,
615 2496 667 2538 et
706 2487 989 2557 utriusque
1023 2504 1142 2544 esse
1177 2495 1534 2547 concedemus
1560 2494 1723 2548 verba
1759 2497 2010 2552 omnibus

431 2573 496 2627 de
529 2575 687 2627 rebus
717 2575 947 2643 prolata.
977 2576 1110 2631 Cum
1141 2593 1272 2649 ergo
1303 2581 1432 2635 dicit
1463 2599 1477 2637 :
1514 2601 1533 2633 ι
1573 2584 1712 2649 Quid
1747 2600 1833 2639 me
1865 2600 2009 2655 qua:-

431 2661 552 2716 ritis
601 2664 944 2732 interficere,
998 2668 1271 2723 hominem
1322 2671 1414 2741 qui
1465 2675 1747 2729 veritatem
1799 2675 2009 2733 locutus

428 2768 548 2808 sum
577 2755 730 2810 vobis
751 2756 833 2810 "2
869 2778 887 2810 ι
922 2760 1108 2828 cujus,
1136 2762 1363 2818 obsecro
1397 2776 1476 2829 te,
1509 2766 1816 2837 hujusmodi
1844 2769 2007 2825 verba

427 2861 549 2902 esse
584 2847 758 2903 dicis?
791 2864 858 2903 an
897 2851 984 2904 illa
1023 2853 1237 2921 quidem
1275 2856 1376 2927 ipsi
1408 2858 1584 2915 Verbo
1625 2861 1852 2929 tribues,
1890 2862 2006 2919 hac

425 2952 555 2992 vero
592 2948 843 3009 tanquam
878 2941 1082 2998 homini
1118 2960 1148 2999 a
1169 2944 1347 3002 Verbo
1378 2949 1613 3019 diverso,
1644 2952 1747 3023 ipsi
1782 2969 1847 3009 ex
1884 2972 2006 3010 mu-

424 3028 557 3084 liere
597 3032 813 3099 genito?
857 3033 962 3089 Sed
1004 3050 1123 3105 quo,
1154 3036 1272 3095 loco
1310 3054 1480 3109 pones
1519 3042 1734 3097 beatum
1774 3040 2000 3097 Paulum

426 3131 613 3190 aperte
650 3123 920 3179 dicentem
956 3143 972 3180 :
1011 3147 1030 3180 ι
1066 3128 1232 3184 Nobis
1260 3139 1438 3185 autem
1472 3148 1610 3186 unus
1643 3135 1780 3188 Deus
1813 3132 1996 3203 Pater,
2026 3156 2070 3214 ο

422 3229 489 3268 ex
526 3231 633 3286 quo
666 3218 879 3281 omnia,
916 3228 971 3273 et
1007 3235 1105 3273 ttos
1140 3220 1195 3272 in
1231 3223 1437 3291 ipsum,
1472 3231 1523 3276 et
1563 3238 1704 3278 unus
1740 3223 2000 3281 Dominus

417 3303 577 3360 Jesus
618 3302 906 3371 Christus,
949 3323 1047 3377 per
1080 3323 1241 3380 quem
1281 3311 1504 3380 omnia;
1548 3323 1603 3369 et
1649 3330 1746 3370 nos
1786 3331 1884 3387 per
1921 3318 2001 3387 ip-

418 3410 537 3450 sum
558 3395 644 3448 “?
674 3414 694 3448 ι
724 3394 828 3450 Iste
852 3412 982 3452 vero
1007 3413 1221 3454 sursum
1251 3401 1505 3456 deorsum
1536 3403 1812 3470 dictitans,
1847 3403 1997 3461 Unus

416 3485 611 3550 Filius,
640 3498 694 3540 et
723 3503 831 3542 non
866 3488 1004 3544 alius
1032 3501 1087 3545 et
1115 3489 1273 3557 alius,
1302 3510 1478 3565 neque
1509 3495 1637 3550 item
1668 3492 1917 3554 Christus
1945 3506 1998 3552 et

414 3576 553 3631 alius
578 3576 850 3645 Christus,
880 3595 1003 3635 cum
1034 3583 1151 3638 suis
1180 3594 1381 3655 pugnat
1407 3586 1607 3650 verbis,
1635 3587 1848 3643 duabus
1874 3603 1993 3659 per-

414 3669 566 3723 sonis
600 3680 655 3723 et
697 3671 1077 3741 hypostasibus
1116 3676 1350 3745 propriis
1386 3683 1499 3732 tum
1540 3676 1635 3733 Dei
1676 3679 1996 3747 praedicato-

413 3772 532 3811 rum
558 3775 741 3825 voces,
770 3771 879 3816 tum
907 3778 1035 3820 suas
1063 3766 1236 3836 ipsius
1263 3769 1529 3824 tribuens.
1557 3769 1663 3825 Sed
1692 3770 1836 3826 enim
1866 3786 1996 3847 sya-

410 3863 531 3905 rum
568 3853 708 3907 haud
741 3853 1021 3924 negligens
1053 3859 1445 3913 sententiarum
1479 3859 1641 3913 infert
1671 3874 1901 3914 rursus:

484 3940 744 4015 [ﬂes-ron.
790 3945 1032 4003 Veneror
1064 3948 1238 4018 ipsum
1273 3958 1334 4005 ut
1365 3951 1755 4021 omnipotentis
1788 3951 1989 4007 divini-

410 4035 535 4089 tatis
565 4036 854 4107 imaginem
888 4051 904 4091 :
937 4054 1060 4093 nam
1097 4058 1116 4092 ι
1155 4041 1577 4112 superexaltavit
1624 4057 1772 4110 eum,
1805 4053 1860 4099 et
1889 4044 1989 4099 do-

2115 1939 2264 1999 παῖς,
2318 1936 2562 2007 ἔγειραι·
2599 1955 2617 1987 ι
2667 1940 2760 1990 καὶ
2803 1938 2869 2008 τῇ
2916 1936 3181 2008 θαλάσσῃ,
3215 1956 3234 1989 ι
3265 1936 3485 2002 Σιώπα,
3535 1938 3696 2009 πεφί-

2119 2046 2289 2099 μωσο.
2360 2048 2378 2080 ›
2433 2030 2741 2100 Συνήγορος
2789 2028 2845 2083 δὲ
2890 2028 3032 2082 κατὰ
3063 2028 3258 2082 τοῦτο·
3295 2029 3421 2092 τοὺς
3461 2028 3570 2101 γάρ
3617 2046 3702 2083 τοι

2115 2119 2291 2184 θείους
2326 2119 2624 2189 ἐφθέγγετο
2651 2119 2864 2189 λόγους,
2896 2120 2964 2174 δι’
2991 2112 3067 2173 ὧν
3109 2116 3178 2192 ἦν
3222 2121 3399 2174 πάντα
3439 2119 3700 2174 δύνασθαι

2113 2211 2413 2281 κατορθοῦν
2460 2211 2721 2276 εὐκόλως.
2753 2211 2859 2266 Δύο
2907 2211 2971 2284 δὴ
3016 2207 3109 2265 οὖν
3152 2213 3203 2266 οἱ
3248 2213 3699 2283 προστὰττοντες,

2111 2303 2205 2358 καὶ
2250 2304 2581 2377 ἀμφοτέρων
2632 2300 2771 2359 εἶναι
2817 2304 3063 2376 δώσομεν
3103 2305 3230 2369 τοὺς
3280 2305 3366 2375 ἐφ’
3398 2306 3569 2360 ἅπασι
3613 2307 3700 2361 λό-

2110 2412 2260 2464 γους.
2291 2396 2463 2450 Ὅταν
2504 2392 2598 2450 οὖν
2638 2396 2793 2469 λέγῃ,
2837 2416 2855 2448 ι
2891 2396 2957 2451 Τί
2986 2414 3054 2468 με
3094 2397 3307 2469 ζητεῖτε
3355 2398 3695 2465 ἀποκτεῖναι,

2110 2486 2420 2560 ἄνθρωπον,
2448 2488 2506 2553 ὃς
2532 2490 2631 2562 τὴν
2657 2489 2916 2562 ἀλήθειαν
2946 2491 3075 2562 ὑμῖν
3122 2489 3432 2562 λελάληκας
3471 2494 3490 2544 i
3527 2490 3689 2554 τίνος,

2110 2580 2232 2634 εἰπέ
2259 2599 2368 2653 μοι,
2394 2581 2522 2646 τοὺς
2571 2583 2817 2638 τοιούσδε
2839 2582 3030 2651 λόγους
3055 2578 3195 2638 εἶναι
3225 2587 3363 2655 «pix;
3390 2582 3420 2654 ἢ
3450 2582 3691 2646 ἐκείνους

2113 2669 2214 2742 μὲν
2248 2672 2544 2743 ἀπονέμεις
2568 2671 2647 2745 τῷ
2685 2674 2866 2744 Λόγῳ,
2894 2673 3118 2734 τούτους
3143 2688 3204 2740 γε
3247 2672 3354 2740 μὴν
3380 2669 3454 2733 ὡς
3481 2668 3691 2739 ἀνθρώ-

2111 2768 2199 2833 πῳ
2241 2764 2371 2834 παρ’
2400 2763 2563 2817 αὐτὸν
2602 2764 2774 2834 ἑτέρῳ
2811 2763 2889 2833 τῷ
2940 2763 3004 2814 ἐκ
3047 2760 3341 2828 γυναικόςς
3387 2754 3519 2812 Εἶτα
3565 2760 3688 2812 ὅποι

2111 2857 2242 2910 ποτὲ
2268 2855 2457 2928 θήσεις
2496 2855 2586 2908 τὸν
2621 2853 2912 2925 ἱερώτατον
2946 2852 3179 2917 Παῦλον,
3210 2851 3435 2920 λέγοντα
3463 2850 3647 2919 σαφῶς
3671 2866 3685 2880 ο

2114 2968 2134 2999 σ
2185 2950 2345 3018 Ἡμῖν
2372 2948 2428 3001 δὲ
2453 2942 2533 3010 εἷς
2560 2944 2694 3010 Θεὸς
2717 2948 2747 3000 ὁ
2772 2940 2984 3017 Πατὴρ.
3027 2945 3087 3010 ἐξ
3136 2939 3198 2999 οὗ
3242 2943 3311 2997 τὰ
3351 2943 3550 3007 πάντα,
3592 2943 3688 2995 καὶ

2106 3038 2268 3106 ἡμεῖς
2297 3039 2378 3099 εἰς
2403 3036 2566 3090 αὐτόν
2590 3052 2604 3067 ·
2628 3036 2722 3091 καὶ
2753 3031 2834 3101 εἷς
2862 3037 3067 3107 Κύριος
3106 3035 3313 3104 Ἰησοῦς
3336 3033 3587 3106 Χριστὸς,
3617 3032 3687 3088 δι’

2105 3120 2166 3180 οὗ
2200 3124 2269 3178 τὰ
2298 3126 2496 3191 πάντα,
2524 3127 2618 3180 καὶ
2656 3127 2818 3197 ἡμεῖς
2850 3127 2916 3180 δι’
2970 3125 3177 3191 αὐτοῦ;
3214 3144 3232 3177 ι
3273 3125 3330 3179 '0
3373 3125 3430 3178 δὲ
3473 3123 3586 3178 ἄνω
3623 3140 3684 3177 τε

2104 3217 2197 3269 καὶ
2221 3215 2373 3269 κάτω
2395 3215 2592 3286 λέγων,
2635 3213 2730 3280 Εἷς
2756 3217 2883 3281 Υἱὸς
2901 3258 2916 3283 ,
2942 3216 3037 3270 καὶ
3070 3217 3169 3269 οὐκ
3192 3215 3348 3280 ἄλλος
3389 3216 3481 3269 καὶ
3508 3216 3683 3281 ἄλλος,

2102 3305 2224 3361 οὔτε
2257 3307 2364 3378 μὴν
2390 3308 2644 3377 Χριστὸς,
2676 3309 2773 3362 καὶ
2796 3308 3047 3380 δεύτερος
3072 3307 3326 3379 Χριστὸς,
3351 3309 3462 3372 τοῖς
3482 3307 3680 3362 ⁴ἑαυτοῦ

2099 3397 2443 3469 διαμαχεῖται
2474 3397 2676 3466 λόγοις,
2708 3400 2830 3454 δυσὶ
2862 3398 3174 3472 προσώποις
3197 3400 3291 3454 καλ⁵
3322 3400 3682 3452 ὑποστάσεσιν

2102 3489 2296 3554 ίδικαῖς
2322 3490 2422 3554 τάς
2451 3508 2508 3544 τε
2538 3490 2645 3543 τῶν
2677 3491 2955 3564 θεηγόρων
3012 3492 3110 3547 καὶ
3155 3491 3253 3555 τὰς
3294 3488 3458 3545 αὑτοῦ
3505 3489 3685 3545 διανί-

2052 3576 2058 3587 ’
2101 3600 2219 3651 μων
2253 3583 2456 3652 φωνάς.
2501 3581 2662 3637 Ἀλλὰ
2690 3584 2800 3655 γὰρ
2836 3584 2945 3640 τῶν
2978 3584 3125 3640 ἰδίων
3163 3585 3263 3639 οῦκ
3292 3581 3575 3657 ἀμελήσας
3593 3581 3681 3636 έν-

2096 3674 2277 3743 νοιῶν,
2313 3676 2565 3748 ἐπιφέρει
2590 3676 2773 3743 πάλιν·

2164 3932 2343 4007 [Σέϐω
2371 3937 2553 4003 αὑτὸν,
2573 3937 2648 4001 ὡς
2676 3938 2773 4009 τῆς
2796 3938 3238 4012 παντοκράτορος
3269 3930 3453 3993 εἰκόνα
3484 3936 3672 4008 θεότη-

2092 4042 2214 4091 τος·
2250 4046 2267 4078 ι
2300 4028 2627 4102 ὑπερύψωσε
2680 4031 2790 4104 γὰρ
2828 4031 3013 4097 αὐτὸν,
3065 4031 3161 4085 καὶ
3198 4030 3492 4103 ἐχαρίσατο
3523 4028 3675 4100 αὐτῷ

407 4125 556 4178 navit
585 4126 660 4179 illi
693 4143 888 4183 nomen
921 4130 1063 4199 quod
1092 4140 1176 4187 est
1206 4146 1370 4200 super
1396 4148 1558 4188 omne
1588 4148 1807 4201 nomen,
1840 4143 1900 4189 ut
1930 4134 1984 4188 in

2115 4134 2261 4191 ινομα
2287 4121 2347 4175 τὸ
2372 4121 2512 4192 ὑπὲρ
2540 4123 2648 4176 πᾶν
2680 4122 2853 4194 δνομα
2871 4137 2886 4153 °
2915 4123 3004 4176 ἵνα
3032 4124 3091 4177 ἐν
3129 4122 3206 4194 τῷ
3232 4123 3454 4194 όνὸματι
3496 4120 3670 4192 Ἰησοῦ

405 4217 625 4271 nomine
644 4215 770 4272 Jesu
795 4219 998 4273 Christi
1023 4235 1184 4275 omne
1206 4235 1347 4292 genu
1388 4221 1640 4276 flectatur
1659 4222 1980 4288 caelestium,

409 4308 748 4361 terrestrium
809 4319 863 4364 et
892 4309 1226 4366 infernarum
1257 4329 1271 4365 :
1303 4321 1359 4366 et
1389 4314 1567 4368 omnis
1597 4313 1777 4382 lingua
1810 4313 1983 4370 confi-

406 4405 581 4452 teatur
637 4400 761 4469 quia
796 4398 1055 4455 Dominus
1084 4399 1242 4456 Jesus
1268 4401 1518 4458 Christus
1540 4405 1608 4457 ".
1648 4403 1697 4476 ι]

1041 4532 1195 4590 CAP.
1240 4532 1331 4591 XI.

471 4668 529 4723 Et
563 4668 813 4738 quisnam
844 4667 1172 4740 intelligetur
1197 4670 1327 4726 item
1360 4670 1425 4732 is.
1453 4682 1704 4741 quem,ut
1735 4674 1846 4743 ipse
1879 4684 1977 4744 pu-

2086 4211 2325 4285 Χριστοῦ
2357 4215 2466 4268 πᾶν
2492 4215 2619 4282 γόνυ
2642 4214 2856 4286 κάμψῃ,
2880 4215 3240 4285 ἐπουρανίων,
3270 4215 3364 4267 καὶ
3387 4213 3665 4281 ἐπιγείων,

2087 4305 2181 4358 καὶ
2207 4304 2601 4376 καταχθονίων*
2625 4306 2721 4359 καὶ
2745 4302 2895 4361 πᾶσα
2922 4306 3147 4375 γλῶσσα
3177 4305 3664 4377 ἐξομολογήσηται,

2086 4395 2170 4449 ὅτι
2199 4395 2404 4466 Κύριος
2444 4394 2650 4470 Ἰησοῦς
2681 4396 2936 4463 Χριστός.
2973 4396 3022 4469 ι]

2678 4526 2932 4587 ΚΕΦΑΛ.
2974 4533 3076 4589 IA'.

2155 4664 2268 4719 Καὶ
2297 4666 2380 4730 τίς
2421 4666 2489 4720 ἃν
2516 4668 2689 4721 νοοῖτο
2723 4664 2906 4732 πάλιν,
2937 4667 3018 4732 ὃν,
3049 4666 3127 4730 ὥς
3177 4680 3239 4735 γε
3267 4668 3461 4727 οἴεται,
3488 4666 3665 4721 σέϐειν

398 4768 509 4823 tat,
546 4774 606 4814 se
642 4758 889 4814 venerari
928 4755 1148 4826 fatetur,
1187 4769 1241 4815 et
1275 4774 1435 4830 quem
1479 4770 1699 4832 propter
1734 4763 1972 4819 divinam

2116 4757 2356 4828 μολογεῖ,
2386 4759 2481 4812 καὶ
2522 4761 2588 4830 τῇ
2622 4758 2759 4831 πρὸς
2782 4758 2917 4813 Θεὸν
2944 4757 3199 4831 ὁμοιώσει
3224 4760 3394 4829 τιμᾷν
3436 4758 3668 4829 ὑποκρί-

394 4851 804 4906 similitudinem
829 4850 1051 4905 simulat
1075 4865 1134 4907 se
1160 4853 1451 4920 honorare,
1478 4853 1580 4909 nisi
1608 4852 1698 4910 ille
1723 4866 1967 4925 prorsus,

2115 4865 2232 4902 εται
2252 4887 2268 4912 ,
2300 4848 2333 4919 ἢ
2365 4849 2571 4913 ἐκεῖνός
2613 4866 2717 4903 που
2755 4850 2995 4915 πάντως,
3037 4848 3097 4903 δν
3140 4850 3344 4921 ἀρτίως
3372 4852 3504 4920 ἡμῖν
3533 4849 3669 4903 ώνό-

394 4958 551 5010 quem
584 4942 783 4997 dudum
816 4941 972 4997 nobis
1000 4941 1303 5013 appellabat
1328 4942 1606 5016 (quidnam
1639 4946 1844 5002 diceret
1872 4962 1968 5002 ne-

2115 4937 2275 5003 ιαζεν,
2306 4941 2406 4993 οὐκ
2441 4936 2540 4993 οἷδ’
2572 4940 2654 4994 ὅτι
2683 4939 2878 5011 λέγων,
2903 4943 3002 5012 τῆς
3033 4939 3181 5004 θείας
3211 4940 3514 5011 συνήγορον
3544 4941 3664 5012 ἢτοι

392 5036 527 5101 scin)
556 5036 750 5090 divinae
775 5044 1104 5092 assertorem
1131 5038 1244 5092 sive
1270 5036 1574 5106 adiutorem
1602 5040 1965 5106 auctoritatis,

2115 5032 2339 5104 υνεργδν
2394 5031 2718 5097 αὐθεντίας*
2763 5034 2825 5088 ὃν
2866 5036 2933 5106 τῇ
2960 5033 3190 5103 Θεότητι
3219 5036 3663 5103 συμπροσκυνεῖ-

390 5138 549 5191 quem
587 5124 747 5179 simul
790 5140 914 5182 cum
1087 5126 1379 5183 Diviuitate
1421 5130 1753 5186 adorandum
1796 5130 1964 5186 stulte

2115 5110 2197 5179 θαι
2224 5125 2334 5179 δεῖν
2361 5125 2601 5197 ἀνοήτως
2647 5127 2904 5195 ἔφασκεν,
2939 5126 3018 5189 ὡς
3042 5124 3229 5198 ἕτερον
3267 5125 3398 5179 δντα
3434 5126 3528 5178 καὶ⁵
3565 5124 3662 5179 ιδιο

390 5216 700 5281 asserebat,
740 5226 991 5288 tauquam
1033 5219 1123 5289 qui
1164 5219 1410 5277 diversus
1448 5231 1595 5278 esset
1633 5234 1697 5278 ac
1733 5224 1961 5279 seorsim

2115 5215 2182 5279 ὥς
2214 5216 2327 5268 υἱὸν
2358 5215 2510 5288 παρὰ
2540 5216 2632 5270 τὸν
2660 5216 2755 5270 τοῦ
2777 5216 2913 5270 Θεοῦ
2934 5217 3146 5285 Λόγον;
3175 5217 3348 5269 Αὑτὸν
3382 5214 3476 5268 καὶ
3509 5214 3658 5285 ὑψῶ-

390 5306 530 5360 lilius
561 5318 756 5377 praeter
783 5308 956 5377 ipsum
986 5308 1081 5365 Dei
1110 5308 1382 5367 Verbum?
1407 5310 1587 5382 Ipsum
1618 5314 1782 5367 etiam
1812 5314 1963 5369 exal-

2115 5308 2192 5362 9αι
2221 5307 2368 5375 λέγει
2400 5310 2548 5380 παρὰ
2573 5308 2666 5363 τοῦ
2694 5309 2830 5363 Θεοῦ
2882 5310 2975 5363 καὶ⁵
3010 5308 3223 5381 Πατρός
3242 5326 3255 5339 ·
3297 5308 3392 5363 καὶ
3428 5308 3537 5379 μὴν
3563 5310 3659 5360 καὶ

390 5407 556 5451 latum
589 5398 721 5452 dicit
748 5414 777 5452 a
815 5396 920 5454 Deo
951 5412 1004 5456 et
1034 5403 1223 5469 Patre,
1253 5420 1317 5460 ac
1346 5414 1608 5475 praeterea
1640 5418 1835 5460 nomen
1866 5420 1961 5462 ac-

2115 5419 2125 5453 t
2175 5399 2346 5471 ὄνομα
2390 5400 2573 5454 λαϐεῖν
2604 5402 2666 5455 τὸ
2716 5403 2855 5473 ὑπὲρ
2903 5401 3008 5455 πᾶν
3049 5401 3257 5470 ὄνομα·
3298 5402 3383 5454 ῖνα
3424 5401 3516 5453 καὶ
3548 5403 3657 5453 πᾶν

386 5490 595 5557 cepisse
620 5505 780 5559 super
803 5506 963 5546 omne
990 5506 1182 5548 nomen
1232 5504 1291 5548 ut
1315 5495 1478 5549 etiam
1508 5494 1608 5563 ipsi
1632 5509 1793 5550 omne
1817 5511 1969 5567 genu.

2115 5494 2214 5567 5τῷ
2256 5495 2387 5563 γόνυ
2433 5493 2650 5567 κάμψῃ,
2684 5493 3042 5564 ἐπουρανίων,
3082 5495 3178 5546 καὶ
3227 5493 3504 5561 ἐπιγείων,
3558 5490 3654 5545 καὶ

454 5689 500 5768 '_°
531 5689 720 5768 Matth.
754 5708 868 5751 vm.
923 5693 977 5749 ὅ.
1076 5693 1119 5768 ἐ
1153 5692 1322 5754 Marc.
1351 5710 1403 5764 ν,
1439 5698 1527 5753 At.
1630 5699 1677 5733 "
1706 5698 1872 5757 Marc.
1913 5717 1988 5768 tv,

2217 5699 2263 5732 ⁸³
2293 5698 2448 5755 Joan.
2474 5713 2594 5767 vut,
2621 5696 2710 5753 40.
2787 5699 2834 5731 ⁸³
2865 5695 2883 5751 Ι
2912 5697 3037 5754 Cor.
3069 5714 3184 5768 Vill,
3214 5699 3265 5756 6.
3341 5700 3384 5733 ⁸⁸
3412 5697 3646 5768 Philipp.

1076 5693 1119 5769 ’ἦ
1153 5692 1322 5754 Marc.
1351 5710 1403 5764 ν,
1439 5698 1527 5753 At.

382 5774 441 5830 It,
464 5760 615 5818 9-H.

1630 5699 1677 5733 ⁸⁹
1706 5698 1872 5757 Marc.
1913 5717 1988 5773 tv,
2013 5700 2102 5759 '59.
