4012 6212
226 328 318 384 ιοι
1380 322 1752 387 Αονειιευδ
1787 326 1824 380 1V

1926 322 2210 387 tTORIUM
2248 330 2383 387 LIB.
2422 330 2489 390 ιι.

3421 339 3523 394 102

229 439 610 511 καταχθονίων
635 454 649 469 ’
702 439 801 493 καὶ
857 437 1009 493 πᾶσα
1076 437 1295 507 γλῶσσα
1352 440 1824 514 ἐξομολογήσηται,

1942 446 2196 504 tlectatur
2247 447 2575 517 caelestium,
2613 448 2947 505 terrestrium
2981 459 3036 509 et
3070 450 3427 521 infernarum,
3464 464 3523 510 et

226 536 306 588 δτι
354 532 563 602 Κύριος
621 529 836 602 Ἰησοῦς
880 530 1133 601 Χριστός.
1171 531 1236 584 ΕΞ
1269 531 1367 601 μὲν
1413 528 1505 586 οὖν
1534 533 1667 587 Θεὸν
1703 534 1834 589 ὄντα

229 624 367 678 κατὰ
397 622 585 692 φύσιν,
618 624 722 675 καὶ
743 622 849 694 πρὸ
876 621 978 692 τῆς
1007 621 1194 677 ἐνθάδε
1217 622 1517 696 λεγομένης
1547 625 1830 695 ὑψώσεως,

231 716 359 785 ὑψοῦ
391 714 657 769 τέθεικεν
701 716 732 768 ὁ
764 715 992 786 Πατήρο
1029 714 1121 767 τὸν
1166 715 1267 789 τῆς
1314 716 1516 786 μεταξὺ
1563 718 1834 772 ταπεινώ-

212 828 362 874 eam;
413 793 1019 881 πολυπραγμονοῦντες
1065 807 1295 877 τρόπον,
1347 808 1657 879 οἰκονομίαν
1710 810 1835 864 τινὰ

237 903 392 972 σοφὴν
431 901 778 973 εὑρήσομεν,
819 898 942 953 καθ’
967 901 1035 970 ἢν
1077 900 1346 973 ἀδοξήσας
1388 901 1477 956 διὰ
1521 903 1708 974 μέσον,
1740 904 1834 972 γέ-

238 1012 348 1063 γονε
375 994 540 1048 πάλιν
570 995 648 1047 ἐν
684 987 765 1057 οἷς
792 988 862 1064 ῆν
901 993 988 1047 ἀεὶ
1021 995 1114 1046 καὶ
1143 994 1418 1058 οὑσιωδῶς
1447 997 1830 1068 ἐνυπάρχουσι,

240 1087 323 1139 καὶ
343 1088 397 1138 ὲν
420 1086 572 1150 ἰδίοις
608 1082 835 1154 ἀληθῶς
858 1082 1171 1154 ὑψώμασιν.
1202 1085 1263 1137 Ei
1291 1085 1350 1139 δὲ
1381 1084 1538 1139 τοῦτο
1572 1088 1670 1157 μὲν
1691 1087 1830 1158 οὐχί,

243 1176 469 1249 καθάπερ
495 1172 597 1231 οὗν
622 1175 799 1230 οἴεται
830 1175 923 1229 καί
962 1192 1130 1246 φησιν
1151 1193 1165 1206 ·
1196 1175 1389 1248 ἕτερον
1431 1176 1491 1229 δέ
1528 1194 1651 1229 τινα
1680 1177 1832 1247 παρὰ

247 1271 328 1322 τὸν
345 1269 433 1323 τοῦ
458 1268 597 1323 Θεοῦ
635 1268 815 1337 Λόγον
844 1267 938 1321 τὸν
968 1266 1119 1338 αὐτῷ
1144 1267 1487 1339 συνημμένον
1522 1268 1830 1340 ἄνθρωπον,

251 1362 606 1435 προσκυνητὸν
669 1361 928 1431 εποίησεν
960 1358 1177 1431 οὐρανῷ
1218 1377 1278 1413 τε
1325 1361 1418 1413 καὶ
1447 1363 1540 1432 γῇ,
1587 1363 1683 1415 καὶ
1720 1364 1833 1427 τοῖς

255 1457 324 1507 ἔτι
346 1455 667 1527 κατωτέρω·
700 1452 1091 1524 τεθεοποίηκεν
1122 1451 1233 1521 ἄρα
1275 1452 1396 1506 καθ’
1430 1454 1578 1525 ἡμᾶς
1617 1453 1829 1523 ἄνθρω-

255 1566 362 1613 πον,
397 1550 703 1603 αἰτιάσεται
741 1547 800 1600 δὲ
842 1547 1013 1617 ἡμᾶς,
1040 1546 1140 1598 οὐκ
1181 1544 1261 1598 ἔτι
1288 1547 1348 1598 ὲν
1383 1545 1460 1617 τῷ
1506 1545 1697 1617 κόσμῳ
1721 1545 1831 1598 λοι-

256 1641 359 1703 πον,
386 1640 452 1703 ὡς
491 1640 767 1694 θεοποιεῖν
792 1638 1077 1700 ἐθέλοντας
1101 1635 1192 1690 τὸν
1231 1637 1331 1691 οὐκ
1355 1637 1482 1691 ὅντα
1521 1637 1675 1705 Θεὸν,
1705 1638 1828 1691 καί·

257 1748 327 1784 τοι
361 1731 465 1784 δέον
503 1731 771 1784 ἀνάπτειν
813 1728 964 1798 αὐτῷ
991 1727 1069 1798 τῷ
1096 1727 1215 1799 Θεῷ
1246 1730 1341 1782 καὶ
1395 1730 1571 1800 Ila-cpi
1599 1728 1697 1800 τῆς
1743 1729 1829 1782 ἐπ’

260 1822 389 1893 αὐτῷ
404 1824 463 1894 δὴ
483 1823 660 1893 τούτῳ
682 1820 1068 1890 πλημμελείας
1092 1823 1159 1875 τὰ
1180 1820 1348 1891 ὲγκλή
1359 1837 1520 1891 ματα.
1550 1822 1690 1893 Ὀρα
1713 1819 1824 1893 [ισ.
1860 1806 1902 1860 Β

261 1913 370 1985 ὁρᾷ]
403 1915 463 1985 δὴ
500 1911 616 1977 οὖν,
664 1916 697 1968 ὁ
739 1912 1137 1983 χριστομαϐὴς,
1164 1913 1285 1967 ὅποι
1323 1913 1453 1966 ποτὲ
1498 1912 1648 1981 αὐτῷ
1686 1913 1827 1966 διεκ-

267 2005 487 2059 παίουσιν
559 2006 673 2078 [Ζσ.
731 2004 1221 2071 διεκπαιδεύουσιν,
1268 2004 1330 2073 ἢ,
1396 2003 1822 2077 διεκπταίουσιν]

273 2099 317 2148 οἱ
336 2099 466 2166 λόγοι
484 2117 499 2130 ι
526 2100 614 2152 καὶ
650 2098 720 2151 τὰ
741 2098 810 2150 ἐκ
832 2100 932 2168 τῆς
964 2098 1206 2169 ἀκράτου
1246 2098 1477 2166 ταυτησὶ
1505 2097 1824 2160 δυσϐουλίας

286 2189 551 2259 ﬂetuum,
577 2190 712 2261 πρὸς
744 2193 899 2244 ποῖον
940 2189 1096 2261 αὐτῷ
1140 2189 1391 2260 καταίρει
1417 2189 1591 2259 λόγον.
1633 2191 1824 2261 Ἡμεῖς

293 2281 386 2350 μὲν
418 2283 511 2353 γαρ
543 2284 665 2337 Seba
692 2284 816 2337 δντα
862 2284 1005 2337 κατὰ
1047 2284 1208 2353 φύσιν
1247 2284 1338 2337 τὸν
1379 2284 1526 2346 Υξὺν,
1557 2286 1820 2351 τουτέστι,

286 2374 373 2426 τὸν
408 2376 471 2427 ἐκ
512 2375 595 2428 τοῦ
638 2376 761 2430 Θεοῦ
800 2377 1015 2448 Πατρὸς
1043 2377 1239 2445 Λόγον,
1275 2377 1598 2431 καθικέσθαι
1644 2379 1822 2450 φαμὲν

277 2466 351 2527 εἰς
378 2466 619 2520 ἑκούσιον
648 2466 881 2521 κὲνωσιν·
927 2468 1288 2537 ἀναφοιτῆσαι
1324 2468 1380 2521 δὲ
1429 2465 1496 2522 αὖ
1540 2470 1634 2523 καὶ
1687 2469 1822 2540 μετὰ

268 2556 456 2628 σαρκὸ;
474 2561 556 2622 εἰς
581 2558 645 2611 τὸ
676 2559 769 2628 τῆς
795 2559 1008 2630 ἐνούσης
1039 2560 1312 2631 ὑπεροχῆς
1342 2558 1490 2629 αὐτῷ
1520 2560 1822 2631 θεοπρεπὲς

259 2646 477 2714 ἀξίωμα.
510 2649 895 2721 Προσκυνεῖται
927 2650 1040 2721 γὰρ
1069 2651 1162 2703 καὶ
1201 2649 1339 2720 μετὰ
1368 2649 1589 2720 σαρκὸς,
1620 2652 1697 2713 ὡς
1729 2652 1821 2703 καὶ

256 2740 353 2811 περ)
376 2742 534 2813 αὐτῆς
578 2742 836 2813 ὑπάρχων
878 2742 1286 2815 προσκυνητός·
1335 2737 1405 2813 ῆν
1447 2741 1559 2813 γὰρ
1606 2742 1698 2794 καὶ
1741 2741 1820 2794 ἔτι

250 2830 351 2904 [ιον.
380 2830 510 2904 ἔστι]
555 2833 699 2886 κατὰ
736 2835 898 2901 φύσιν
926 2832 1082 2900 Θεὸς,
1110 2834 1206 2887 καὶ
1238 2833 1343 2903 πρὸ
1373 2832 1473 2902 τῆς
1514 2830 1817 2895 κενώσεως,

250 2923 335 2978 καὶ
378 2926 463 2978 ὅτε
515 2925 614 2996 τὴν
672 2926 904 2980 κένωσιν
954 2927 1243 2996 ὑπομεῖναι
1290 2924 1528 2993 λέγεται,
1580 2924 1819 2993 γεγονὼς

244 3016 355 3069 καθ’
396 3017 560 3087 ἡμᾶς.
607 3016 668 3068 '0
707 3016 765 3068 δὲ
808 3016 917 3070 τῶν
944 3016 1086 3070 οὕτω
1129 3016 1341 3070 σεπτῶν
1381 3015 1475 3068 καὶ
1513 3015 1820 3087 ἀκιϐδὴλων

240 3108 518 3178 διτμάτων
547 3108 855 3179 ὑπερορῶν,
902 3108 1187 3180 ἄνθρωπον
1220 3109 1480 3162 συνάπτει
1514 3106 1632 3177 Θεῴ
1677 3108 1819 3161 κατά
1846 3148 1887 3203 C

238 3216 299 3266 γε
327 3200 428 3269 τὴν
454 3198 652 3265 ἔξωθεν
681 3199 899 3270 σχέσιν·
952 3201 1044 3253 καὶ
1074 3200 1150 3263 ὡς
1183 3201 1240 3253 ὲν
1271 3199 1475 3269 ἰσότητι
1505 3199 1607 3270 τῆς
1638 3199 1816 3267 ἀξίας,

237 3289 325 3344 καὶ
344 3290 425 3353 ὼς
451 3290 637 3361 ἕτερον
663 3292 837 3362 ἑτέρῳ
867 3294 1305 3362 συμπροσκυνεῖν
1339 3295 1436 3347 οὐκ
1482 3291 1812 3362 αἰσχύνεται.

233 3384 565 3436 Διατείνεται
605 3383 686 3451 δὲ,
720 3385 904 3455 φησιν,
933 3383 1009 3445 ὡς
1040 3383 1204 3455 ἀηθές
1226 3402 1278 3436 τι
1308 3385 1402 3438 καὶ⁹
1426 3385 1598 3451 ξένον,
1629 3384 1724 3436 καὶ
1743 3382 1820 3446 ὡς

232 3478 283 3540 ty
318 3476 548 3549 χάριτος
591 3476 759 3548 μοίρᾳ
799 3476 986 3529 λαϐεῖν
1030 3475 1093 3529 τὸ
1133 3475 1348 3548 κάμψαι
1407 3494 1467 3530 τε
1514 3474 1662 3546 αὑτῴ
1710 3477 1819 3528 πᾶν

230 3568 370 3635 γόνυ.
407 3569 505 3622 καὶ
530 3568 639 3638 μὴν
675 3569 771 3621 καὶ
817 3567 879 3621 τὸ
905 3568 1084 3622 πᾶσαν
1111 3566 1611 3639 ἐξομολογήσασθαι
1639 3566 1818 3636 γλῶσ-

234 3676 339 3723 σαν,
368 3662 463 3714 ὃτι
509 3658 719 3730 Κύριος
774 3659 979 3730 Ἰησοῦς
1023 3660 1275 3733 Χριστός.
1305 3662 1414 3714 Καὶ
1446 3663 1494 3713 εί
1525 3661 1622 3732 μὲν
1659 3662 1819 3730 φύσει

230 3752 352 3807 Θεὸν
402 3751 660 3821 γενέσθαι
688 3752 794 3824 φὴς
821 3751 929 3824 [ἴσ.
966 3751 1151 3825 φησὶν]
1187 3754 1372 3819 αὐτὸν,
1402 3754 1818 3827 δεδυσφήμηκεν

231 3845 510 3918 ἐναργῶς,
568 3844 830 3917 γεννητὴν
871 3840 1011 3899 εἶναι
1059 3845 1231 3914 λέγων
1275 3846 1375 3916 τὴν
1415 3849 1514 3917 τῆς
1545 3847 1820 3918 Θεὸτητος

231 3937 414 4003 φύσιν.
463 3936 528 3988 Εἰ
562 3934 620 3989 δὲ
663 3935 865 4005 ἥκιστα
907 3936 1008 4006 μὲν
1038 3936 1179 3991 κατά
1214 3935 1397 4005 φύσιν,
1440 3937 1592 3991 δοτὸν
1620 3936 1676 3990 δὲ
1723 3938 1819 3990 καὶ

231 4027 470 4101 θύραθεν
516 4027 707 4080 ἑλόντα
734 4027 797 4082 τὸ
833 4026 1068 4099 ἀξίωμα,
1114 4030 1208 4082 καὶ
1251 4027 1327 4091 ὡς
1367 4029 1425 4082 ἐν
1463 4028 1598 4100 μόνῃ
1641 4031 1815 4100 φωνῇ,

225 4123 342 4186 πῶς
392 4121 495 4175 οὐκ
540 4122 715 4175 ἐκεῖνό
755 4137 921 4191 φησιν
967 4120 1230 4191 ἐναργῶς,
1261 4122 1341 4174 ὅτι
1382 4120 1818 4195 λελατρεύκαμεν

225 4216 299 4287 τῷ
358 4215 442 4285 μὴ
476 4214 639 4282 φύσει
663 4214 784 4283 Θεῷ
807 4253 824 4280 ,
867 4213 961 4266 καὶ
993 4214 1089 4266 σὺν
1118 4214 1275 4283 ήμῖν,
1322 4213 1397 4276 ὡς
1438 4213 1607 4274 ἔοικε,
1653 4214 1747 4266 καὶ
1782 4215 1815 4284 ἡ

223 4309 332 4363 τῶν
382 4306 496 4360 ἄνω
520 4307 847 4377 πνευμάτων
880 4305 1223 4376 πεπλάνηται
1259 4305 1438 4377 νῆψις,
1474 4306 1567 4360 καὶ
1610 4304 1817 4359 τούτων

222 4405 364 4473 ἡμῖν
399 4400 558 4464 αὐτὸς
597 4401 627 4452 ὁ
654 4397 845 4470 Πατὴρ
871 4400 964 4451 καὶ
986 4398 1127 4468 ἀρχὴ
1154 4398 1249 4452 καὶ⁵
1284 4398 1594 4468 πρόφασιςς
1646 4396 1816 4450 Ἐπὰν
1848 4377 1893 4432 ι)

222 4487 315 4545 οὖν
350 4488 469 4560 [ισ.
499 4489 615 4550 πῶς
639 4484 754 4559 οὖν]
786 4487 865 4540 ἔτι
901 4487 1314 4559 διαμωμήσαιτο
1337 4488 1459 4550 τοὺς
1481 4488 1611 4559 παρ’
1652 4487 1816 4541 αὐτὴν

221 4591 285 4657 τῇ
332 4585 518 4637 κτίσει
558 4584 882 4653 προσκυνεῖν
918 4582 1258 4652 ᾑρημένουςς
1301 4578 1571 4651 γράφεται
1599 4578 1657 4630 δὲ
1698 4576 1816 4631 ἀνθ’

221 4681 354 4733 ὅτου
380 4675 600 4740 κολάζει
627 4674 737 4747 (14)
766 4674 893 4736 τοὺς
923 4672 1394 4741 πεπλανημένους,
1433 4672 1482 4724 εἰ
1511 4672 1622 4733 τοῖς
1651 4667 1815 4721 αὑτοῦ

222 4771 467 4841 κύμασι
490 4767 829 4836 πεπλάνηται
850 4763 961 4836 [ῑσ.
990 4761 1408 4833 πεπλάνηνται],
1444 4760 1817 4833 προσκυνητὺν

226 4866 368 4934 ἡμῖν
394 4860 770 4931 ἁποφήναντος
802 4857 893 4910 τὸν
919 4857 1017 4910 οὐκ
1041 4856 1172 4910 ὄντα
1202 4854 1359 4924 φύσει
1387 4853 1554 4918 Θεὸν;
1598 4850 1815 4924 Ἐπειδὴ

230 4958 283 5010 δὲ
305 4952 637 5024 παρατιθεὶς
659 4951 721 5005 τδ
748 4949 912 5021 ῥητὸν
937 4951 995 5003 ὲν
1013 4948 1247 5013 τούτοις,
1278 4964 1352 5017 φη
1361 4947 1421 5017 μὶ
1441 4946 1509 5014 δὴ
1526 4944 1586 4998 τὸ
1610 4947 1667 4998 ὲν
1691 4961 1818 5014 χερ-

231 5050 317 5102 σὶν
337 5088 357 5111 ,
395 5048 478 5100 ὅτι
517 5044 667 5116 αὐτῷ
689 5043 898 5116 κάμψει
942 5044 1053 5096 πᾶν
1082 5042 1211 5111 γόνυ
1232 5081 1247 5104 ,
1283 5042 1377 5095 καὶ
1411 5041 1561 5094 πᾶσα
1590 5038 1814 5106 γλῶσσα

232 5138 808 5211 ἱξομολογήσεται,ὃτι
833 5134 1035 5208 Κύριος
1074 5132 1278 5205 Ἰησοῦς
1301 5131 1557 5204 Χριστὸς,
1594 5130 1812 5198 παρῆκε

230 5236 291 5286 se
310 5234 499 5285 λεῖπον
523 5232 616 5284 καὶ
639 5229 838 5301 ἐφεξῆς
862 5227 1174 5295 ἀναγκαίως
1202 5225 1281 5296 τῷ
1326 5224 1580 5295 μακαρίῳ
1615 5221 1814 5293 Παύλῳ

228 5324 842 5395 προσεπενηνεγμένον,
902 5320 1002 5375 οὐκ
1060 5313 1156 5372 οἷδ’
1204 5318 1285 5371 ὃτι
1337 5314 1809 5385 διενθυμούμενος,

218 5418 364 5485 φέρε
409 5413 741 5483 προσθέντες
779 5414 940 5484 ἡμεῖς
977 5412 1154 5465 ἐκεῖνο
1193 5407 1468 5477 λέγωμεν·
1514 5424 1533 5456 ι
1594 5402 1814 5474 Ἐξομο-

1937 541 2115 596 omnis
2141 541 2321 611 lingua
2350 540 2695 606 conﬁteatur,
2726 542 2851 612 quia
2881 543 3137 600 Dominus
3166 544 3324 600 Iesus
3351 544 3517 600 Chri-

1937 638 2068 686 stus.
2101 631 2157 688 Si
2188 631 2354 702 igitur
2378 632 2544 687 Deum
2565 631 2675 701 jam
2701 647 2769 688 ex
2796 645 2989 689 natura
3009 675 3024 698 ,
3050 634 3213 689 etiam
3241 644 3369 689 ante
3395 650 3514 691 eam

1937 737 2057 791 quae
2084 723 2174 778 hic
2200 724 2401 779 dicitur
2423 723 2828 789 exultationem,
2859 726 2914 779 in
2946 725 3161 780 sublimi
3190 726 3370 797 posuit
3401 728 3517 795 ipse

1936 811 2123 880 Pater,
2147 814 2363 870 modum
2391 814 2565 883 ipsum
2595 814 2984 871 humiliationis
3010 816 3341 885 intermediae
3362 832 3514 871 scru-

1940 915 2136 971 tantes,
2172 906 2634 976 -dispensationem
2675 908 2966 977 quamdam
3010 907 3308 976 sapientem
3350 907 3517 963 fuisse

1938 997 2315 1066 reperiemus:
2341 1012 2439 1067 per
2459 1013 2619 1068 quam
2647 1014 2770 1053 cum
2799 998 3003 1055 interea
3033 999 3293 1070 inglorius
3341 999 3515 1055 factus

1936 1097 2114 1152 esset,
2148 1102 2337 1143 rursus
2366 1089 2434 1143 ad
2463 1105 2527 1143 ea
2558 1088 2611 1142 in
2643 1089 2840 1158 quibus
2873 1104 3087 1160 semper
3117 1090 3326 1154 fuerat,
3354 1099 3409 1144 et
3438 1089 3514 1144 illi

1934 1180 2294 1235 essentialiter
2327 1180 2565 1244 inerant,
2603 1191 2659 1236 et
2700 1181 2766 1236 ad
2808 1197 2960 1236 suam
2998 1197 3176 1237 veram
3215 1182 3515 1237 sublimita-

1938 1280 2043 1326 tem
2076 1273 2254 1329 rediit.
2286 1274 2511 1340 Quodsi
2546 1289 2651 1329 non
2684 1275 2758 1329 ita
2789 1283 2906 1340 est,
2935 1284 2992 1329 ut
3023 1275 3138 1345 ipse
3169 1284 3319 1345 putat
3347 1283 3401 1329 et
3430 1273 3517 1328 di-

1933 1362 2030 1428 cit,
2059 1363 2220 1418 alium
2247 1378 2375 1419 vero
2401 1368 2689 1433 quemdam
2720 1365 2821 1434 ipsi
2852 1366 3205 1437 conjunctum
3235 1366 3510 1420 hominem

1933 1464 2132 1524 praeter
2154 1454 2330 1523 ipsum
2362 1455 2457 1510 Dei
2481 1455 2741 1518 Verbum.
2771 1457 2910 1512 caelo
2939 1467 2993 1512 et
3020 1466 3184 1513 terra:
3212 1466 3267 1511 et
3293 1455 3517 1512 inferio-

1934 1548 2083 1603 ribus
2109 1547 2273 1603 etiam
2302 1548 2548 1619 partibus
2576 1549 2907 1605 adorandum
2938 1549 3085 1616 fecit,
3114 1564 3246 1621 ergo
3275 1550 3512 1606 similem

1933 1641 2103 1695 nostri
2139 1640 2412 1695 hominem
2449 1640 2743 1710 deiﬁcavit,
2781 1657 2957 1712 neque
2990 1642 3171 1698 adhuc
3204 1644 3361 1699 nobis
3389 1643 3516 1712 jure

1931 1731 2066 1786 vitio
2093 1741 2306 1787 vertere
2333 1733 2552 1802 poterit,
2581 1734 2736 1803 quasi
2767 1749 2889 1787 eum
2919 1735 3009 1807 qui
3040 1749 3144 1789 non
3172 1743 3318 1790 esset
3344 1734 3511 1800 Deus,

1931 1825 2184 1880 deiiicare
2214 1825 2563 1888 voluerimus,
2596 1840 2721 1881 cum
2759 1826 2918 1897 hujus
2949 1825 3177 1882 sceleris
3215 1827 3421 1882 crimen
3455 1826 3513 1881 in

1930 1919 2102 1988 ipsum
2139 1918 2304 1973 Deum
2336 1932 2401 1973 ac
2431 1917 2646 1973 Patrem
2679 1918 2750 1973 sit
2778 1918 3194 1974 conferendum.
3223 1918 3374 1974 Videt
3408 1917 3512 1989 igi-

1929 2020 2019 2065 tur
2040 2010 2247 2066 Christi
2278 2010 2556 2064 studiosus
2582 2024 2688 2078 quo
2711 2010 2931 2063 tandem
2956 2008 3076 2077 ejus
3101 2023 3383 2065 sermones
3411 2009 3510 2065 de-

1927 2099 2208 2165 labuntur,
2239 2108 2294 2154 et
2328 2099 2394 2152 ad
2429 2098 2613 2167 qualia
2643 2097 2802 2151 verba
2834 2097 3094 2154 immanis
3128 2098 3286 2167 huius
3321 2100 3509 2157 stulti-

1927 2195 2014 2249 tiae
2050 2200 2353 2248 commenta
2390 2192 2731 2260 perveniunt.
2759 2190 2868 2248 Nos
2904 2194 3047 2249 enim
3089 2193 3266 2263 ipsum
3289 2192 3508 2261 Filium,

1926 2284 2016 2353 qui
2056 2284 2195 2338 Deus
2228 2297 2292 2337 ex
2331 2289 2520 2335 natura
2561 2291 2709 2349 erat,
2745 2282 2847 2338 hoc
2886 2293 3000 2349 est,
3028 2283 3261 2338 Verbum
3297 2298 3364 2338 ex
3399 2282 3512 2338 Deo

1927 2375 2084 2430 Patre
2124 2376 2399 2445 genitum,
2440 2375 2507 2429 ad
2547 2375 2902 2430 voluntariam
2942 2376 3368 2431 exinanitionem
3411 2377 3509 2431 de-

1925 2468 2203 2522 scendisse
2232 2467 2483 2531 dicimus,
2516 2481 2582 2521 ac
2614 2468 2840 2522 rediisse
2870 2484 3058 2521 rursus
3086 2483 3210 2531 cum
3243 2481 3411 2521 carne
3438 2466 3508 2520 ad

1927 2557 2072 2611 iliam
2110 2558 2348 2635 divinam
2383 2556 2698 2625 dignitatem
2750 2566 2913 2627 atque
2947 2557 3337 2612 sublimitatem
3387 2572 3510 2627 qua:

1925 2649 1997 2703 illi
2030 2648 2230 2702 inerat.
2257 2648 2532 2702 Adoratur
2557 2647 2700 2703 enim
2730 2649 2893 2703 etiam
2923 2664 3045 2703 cum
3075 2663 3263 2715 carne,
3293 2657 3351 2703 ut
3378 2659 3509 2704 ante

1925 2754 2144 2795 carnem
2174 2748 2294 2794 erat
2323 2739 2634 2794 adorandus
2664 2758 2678 2795 :
2705 2750 2824 2797 erat
2851 2742 2994 2796 enim
3019 2751 3182 2798 etest
3209 2746 3509 2800 secundum

1925 2843 2173 2888 naturam
2208 2833 2350 2887 Deus
2375 2842 2429 2887 et
2457 2842 2582 2888 ante
2607 2834 3063 2901 exinanitionem,
3091 2846 3145 2892 et
3174 2851 3294 2892 cum
3322 2839 3510 2893 exina-

1926 2926 2185 2980 nitionem
2230 2924 2469 2980 subiisse
2493 2925 2711 2990 dicitur,
2738 2924 2914 2981 factus
2937 2928 3110 2981 nostri
3153 2930 3366 2986 similis.
3407 2928 3511 2986 Iste

1923 3033 2054 3072 vero
2087 3017 2204 3072 hazc
2236 3016 2371 3072 adeo
2401 3018 2707 3071 veneranda
2744 3028 3001 3088 rectaque
3035 3020 3283 3090 dogmata
3320 3022 3505 3091 despi-

1922 3111 2075 3166 ciens
2115 3109 2386 3165 hominem
2430 3106 2541 3164 Deo
2578 3108 2855 3179 coniungit
2891 3111 3187 3166 secundum
3228 3124 3507 3170 externam

1922 3202 2318 3267 habitudinem,
2351 3212 2404 3256 et
2441 3210 2694 3270 tanquam
2734 3203 2785 3256 in
2822 3202 2943 3273 ejus
2980 3203 3257 3275 dignitatis
3289 3206 3511 3276 a‘quali-

1924 3308 2061 3363 tate,
2093 3307 2150 3354 et
2181 3308 2435 3367 tanquam
2470 3295 2699 3349 alterum
2730 3312 2851 3351 cum
2883 3298 3056 3353 altero
3085 3297 3244 3352 simul
3277 3299 3508 3355 adorare

1924 3407 2031 3446 non
2059 3390 2355 3446 erubescit.
2382 3389 2595 3444 Asserit
2617 3400 2818 3454 autem,
2848 3390 3041 3461 inquit,
3065 3391 3214 3445 velut
3239 3391 3507 3447 insuetum

1923 3483 2179 3554 quiddam
2217 3499 2282 3538 ac
2318 3499 2549 3552 novum,
2584 3495 2638 3538 et
2672 3484 2814 3538 velut
2854 3485 3040 3555 gratia:
3078 3484 3196 3539 loco
3232 3486 3510 3556 accepisse

1925 3587 1982 3631 ut
2010 3576 2082 3630 illi
2110 3574 2356 3631 ﬂectatur
2377 3591 2537 3631 omne
2564 3592 2725 3648 genu,
2754 3587 2808 3632 et
2834 3577 3012 3631 omnis
3041 3577 3218 3644 lingua
3248 3578 3510 3632 confitea-

1924 3679 2034 3733 tur,
2060 3670 2182 3738 quia
2208 3669 2465 3723 Dominus
2490 3667 2644 3723 Jesus
2664 3668 2932 3722 Christus.
2962 3668 3037 3722 Ac
3063 3669 3106 3724 si
3139 3668 3282 3722 illum
3315 3677 3506 3722 natura

1924 3761 2090 3815 Deum
2130 3759 2329 3814 factum
2365 3774 2486 3814 esse
2523 3760 2687 3820 dicit.
2729 3771 2916 3829 aperte
2956 3760 3349 3827 blasphemavit
3373 3798 3388 3823 ,
3426 3758 3508 3812 fa-

1921 3859 2063 3906 ctam
2106 3865 2227 3905 esse
2269 3849 2457 3904 dicens
2488 3846 2797 3904 Divinitatis
2837 3858 3104 3902 naturam.
3146 3847 3241 3902 Sin
3285 3849 3509 3902 minime

1921 3940 2215 3997 secundum
2256 3949 2543 4003 naturam,
2581 3939 2674 3994 sed
2713 3953 2832 3992 eam
2872 3938 3190 4008 dignitatem
3230 3938 3410 3991 datam
3451 3949 3510 3993 et

1920 4031 2263 4088 extrinsecus
2292 4038 2592 4099 acceptam,
2620 4040 2675 4083 et
2704 4030 2848 4085 velut
2882 4030 2935 4082 in
2964 4029 3075 4083 sola
3105 4043 3235 4082 voce
3265 4030 3502 4097 positam

1922 4123 2212 4188 habuisse,
2240 4121 2511 4191 quomodo
2543 4136 2647 4174 non
2681 4120 2810 4173 illud
2843 4119 3123 4174 evidenter
3149 4120 3372 4185 asserit,
3405 4135 3507 4174 nos

1920 4214 2127 4271 servire
2159 4223 2215 4268 et
2254 4210 2453 4267 cultum
2497 4210 2711 4267 deferre
2751 4210 2800 4264 ei
2842 4210 2933 4280 qui
2981 4207 3089 4280 56
3128 4221 3320 4263 natura
3362 4210 3504 4266 Deus

1920 4323 2026 4363 non
2057 4306 2151 4373 sit,
2181 4314 2236 4361 et
2265 4304 2569 4370 nobiscum,
2599 4311 2657 4357 ut
2685 4317 3022 4372 consequens
3051 4310 3156 4367 est,
3188 4301 3333 4356 illam
3363 4317 3501 4370 quo-

1922 4413 2028 4469 que
2067 4410 2423 4467 supernorum
2466 4395 2756 4463 spirituum
2798 4393 3112 4465 pervigilem
3159 4393 3501 4463 prudentiam

1920 4503 2107 4544 errore
2149 4490 2449 4551 seductam,
2493 4496 2546 4541 et
2581 4487 2776 4542 horum
2816 4485 3080 4541 scelerum
3126 4485 3281 4540 nobis
3326 4486 3500 4554 ipsum

1921 4580 2136 4636 Patrem
2186 4580 2398 4634 initium
2442 4589 2496 4634 et
2538 4592 2760 4634 causam
2806 4574 2967 4633 esse?
3011 4575 3292 4643 Quomodo
3340 4578 3504 4645 igitur

1922 4673 2099 4728 adhuc
2128 4670 2306 4742 culpat
2333 4685 2429 4727 eos
2456 4672 2545 4742 qui
2576 4671 2668 4725 illo
2693 4671 2907 4739 abjecto
2932 4680 3241 4725 creaturam
3273 4671 3503 4725 adorare

1922 4760 2270 4817 maluerunt?
2303 4776 2402 4816 cur
2431 4775 2559 4815 vero
2593 4771 2808 4815 accusat
2846 4770 2901 4815 et
2936 4761 3092 4828 punit
3124 4760 3377 4815 seductos
3413 4773 3501 4812 cr-

1924 4864 2049 4904 rore
2093 4849 2379 4914 homines,
2422 4850 2465 4904 si
2516 4849 2634 4918 ejus
2684 4858 2816 4904 nutu
2865 4864 2928 4905 ac
2970 4849 3246 4905 voluntate
3291 4846 3497 4903 seducti

1923 4952 2071 5005 sunt,
2102 4958 2224 4997 cum
2257 4956 2380 4996 cum
2412 4941 2501 5009 qui
2537 4958 2641 4997 non
2673 4951 2815 4998 esset
2845 4956 2911 4997 ex
2948 4950 3142 4997 natura
3172 4941 3334 5003 Deus,
3365 4941 3493 4994 σάος

1923 5033 2148 5088 rabilem
2179 5034 2336 5089 nobis
2361 5034 2640 5090 eﬂ'ecerit?
2668 5034 2775 5091 Sed
2803 5035 2930 5105 quia
2962 5035 3016 5089 in
3049 5034 3132 5090 his
3160 5047 3283 5088 cum
3316 5031 3496 5086 locum

1920 5129 2161 5193 citasset,
2194 5142 2339 5194 eum,
2370 5127 2614 5197 inquam,
2640 5127 2731 5197 qui
2764 5135 2848 5183 est
2882 5128 2933 5180 in
2965 5125 3236 5189 manibus,
3267 5124 3367 5194 ipsi
3402 5121 3498 5179 ilc-

1921 5228 2097 5272 ctetur
2142 5231 2304 5272 omne
2350 5231 2528 5285 genu,
2577 5226 2632 5270 et
2677 5217 2853 5270 unniis
2902 5215 3078 5282 lingua
3126 5211 3499 5277 conﬁtebitur,

1920 5310 2044 5378 quia
2101 5308 2359 5362 Dominus
2405 5307 2564 5363 Jcsus
2613 5307 2897 5373 Christus;
2947 5304 3134 5360 onnsit
3183 5303 3388 5375 reliqua
3441 5313 3497 5358 et

1920 5399 2332 5469 consequentia,
2363 5414 2483 5469 qua:
2511 5398 2820 5455 necessario
2846 5412 2876 5451 a
2908 5397 3067 5454 beato
3098 5396 3262 5454 Paulo
3292 5393 3497 5465 adjecta

1504 5580 1663 5636 ANT.
1705 5574 1976 5637 AGELLll
2012 5574 2245 5633 ΝΟΤΛΞ.

288 5754 411 5824 (li)
444 5750 752 5824 Legendum
789 5748 1021 5817 videtur,
1056 5747 1150 5802 καὶ
1178 5743 1413 5817 κολάζει.
