  <div class='ocr_page' id='page_1' title='image "/cluster/home/n/w/nwhite01/storage/ocr_20150623/76/hvd.32044073501439/057.png"; bbox 0 0 4004 6202; ppageno 0'>
   <div class='ocr_carea' id='block_1_1' title="bbox 474 331 579 387">
    <p class='ocr_par' dir='ltr' id='par_1_1' title="bbox 474 331 579 387">
     <span class='ocr_line' id='line_1_1' title="bbox 474 331 579 387; baseline 0.019 -2"><span class='ocrx_word' id='word_1_1' title='bbox 474 331 579 387; x_wconf 65' lang='grc'>105</span> 
     </span>
    </p>
   </div>
   <div class='ocr_carea' id='block_1_2' title="bbox 1452 311 2686 374">
    <p class='ocr_par' dir='ltr' id='par_1_2' title="bbox 1452 311 2686 374">
     <span class='ocr_line' id='line_1_2' title="bbox 1452 311 2686 374; baseline -0.004 0"><span class='ocrx_word' id='word_1_2' title='bbox 1452 319 1512 374; x_wconf 91' lang='lat' dir='ltr'><strong>S.</strong></span> <span class='ocrx_word' id='word_1_3' title='bbox 1553 315 1819 373; x_wconf 73' lang='lat' dir='ltr'><strong>CVRILLI</strong></span> <span class='ocrx_word' id='word_1_4' title='bbox 1858 311 2324 372; x_wconf 72' lang='lat' dir='ltr'><strong>ALEXANDRINI</strong></span> <span class='ocrx_word' id='word_1_5' title='bbox 2366 311 2686 370; x_wconf 71' lang='lat' dir='ltr'><strong>ARCHIEP.</strong></span> 
     </span>
    </p>
   </div>
   <div class='ocr_carea' id='block_1_3' title="bbox 3624 317 3727 373">
    <p class='ocr_par' dir='ltr' id='par_1_3' title="bbox 3624 317 3727 373">
     <span class='ocr_line' id='line_1_3' title="bbox 3624 317 3727 373; baseline -0.029 0"><span class='ocrx_word' id='word_1_6' title='bbox 3624 317 3727 373; x_wconf 66' lang='lat' dir='ltr'><strong>lO‘</strong></span> 
     </span>
    </p>
   </div>
   <div class='ocr_carea' id='block_1_4' title="bbox 468 429 2055 510">
    <p class='ocr_par' dir='ltr' id='par_1_4' title="bbox 468 433 2042 510">
     <span class='ocr_line' id='line_1_4' title="bbox 468 433 2042 510; baseline -0.01 -11"><span class='ocrx_word' id='word_1_7' title='bbox 468 446 720 509; x_wconf 75' lang='lat' dir='ltr'><strong>fuerant;</strong></span> <span class='ocrx_word' id='word_1_8' title='bbox 754 451 989 510; x_wconf 89' lang='lat' dir='ltr'><strong>quonam</strong></span> <span class='ocrx_word' id='word_1_9' title='bbox 1027 436 1079 492; x_wconf 99' lang='lat' dir='ltr'><strong>id</strong></span> <span class='ocrx_word' id='word_1_10' title='bbox 1113 435 1335 490; x_wconf 84' lang='lat' dir='ltr'><strong>consilio</strong></span> <span class='ocrx_word' id='word_1_11' title='bbox 1373 433 1563 488; x_wconf 85' lang='lat' dir='ltr'><strong>fecerit</strong></span> <span class='ocrx_word' id='word_1_12' title='bbox 1585 474 1599 498; x_wconf 93' lang='lat'><strong>,</strong></span> <span class='ocrx_word' id='word_1_13' title='bbox 1637 434 1820 487; x_wconf 90' lang='lat' dir='ltr'><strong>nescio</strong></span> <span class='ocrx_word' id='word_1_14' title='bbox 1854 450 1869 486; x_wconf 91' lang='lat'><strong>:</strong></span> <span class='ocrx_word' id='word_1_15' title='bbox 1908 446 2005 501; x_wconf 81' lang='lat' dir='ltr'><strong>age</strong></span> <span class='ocrx_word' id='word_1_16' title='bbox 2027 475 2042 496; x_wconf 85' lang='lat'><strong>,</strong></span> 
     </span>
    </p>
   </div>
   <div class='ocr_carea' id='block_1_5' title="bbox 2159 429 3735 510">
    <p class='ocr_par' dir='ltr' id='par_1_5' title="bbox 2159 429 3735 502">
     <span class='ocr_line' id='line_1_5' title="bbox 2159 429 3735 502; baseline 0.001 -19"><span class='ocrx_word' id='word_1_17' title='bbox 2159 433 2385 498; x_wconf 63' lang='grc' dir='ltr'>λογεῖται</span> <span class='ocrx_word' id='word_1_18' title='bbox 2415 432 2524 502; x_wconf 67' lang='grc' dir='ltr'>γὰρ</span> <span class='ocrx_word' id='word_1_19' title='bbox 2559 432 2707 483; x_wconf 67' lang='grc' dir='ltr'>πᾶσι</span> <span class='ocrx_word' id='word_1_20' title='bbox 2737 431 2974 498; x_wconf 70' lang='grc' dir='ltr'>γλῶσσα,</span> <span class='ocrx_word' id='word_1_21' title='bbox 2998 431 3078 484; x_wconf 79' lang='grc' dir='ltr'>ὅτι</span> <span class='ocrx_word' id='word_1_22' title='bbox 3107 431 3308 502; x_wconf 72' lang='grc' dir='ltr'>Κύριος</span> <span class='ocrx_word' id='word_1_23' title='bbox 3367 429 3572 501; x_wconf 72' lang='grc' dir='ltr'>Ἰησοῦς</span> <span class='ocrx_word' id='word_1_24' title='bbox 3600 432 3735 502; x_wconf 76' lang='grc' dir='ltr'>Χρι-</span> 
     </span>
    </p>
   </div>
   <div class='ocr_carea' id='block_1_6' title="bbox 467 524 2040 602">
    <p class='ocr_par' dir='ltr' id='par_1_6' title="bbox 467 524 2040 602">
     <span class='ocr_line' id='line_1_6' title="bbox 467 524 2040 602; baseline -0.008 -14"><span class='ocrx_word' id='word_1_25' title='bbox 467 535 786 602; x_wconf 86' lang='lat' dir='ltr'><strong>adjiciamns</strong></span> <span class='ocrx_word' id='word_1_26' title='bbox 819 545 918 584; x_wconf 86' lang='lat' dir='ltr'><strong>nos</strong></span> <span class='ocrx_word' id='word_1_27' title='bbox 949 529 1056 591; x_wconf 86' lang='lat' dir='ltr'><strong>illa,</strong></span> <span class='ocrx_word' id='word_1_28' title='bbox 1089 543 1152 581; x_wconf 86' lang='lat' dir='ltr'><strong>ac</strong></span> <span class='ocrx_word' id='word_1_29' title='bbox 1184 528 1423 582; x_wconf 76' lang='lat' dir='ltr'><strong>dicamus</strong></span> <span class='ocrx_word' id='word_1_30' title='bbox 1455 542 1469 579; x_wconf 89' lang='lat'><strong>:</strong></span> <span class='ocrx_word' id='word_1_31' title='bbox 1509 543 1529 576; x_wconf 76' lang='grc' dir='ltr'><strong>ι</strong></span> <span class='ocrx_word' id='word_1_32' title='bbox 1564 524 1870 580; x_wconf 81' lang='lat' dir='ltr'><strong>Confitetur</strong></span> <span class='ocrx_word' id='word_1_33' title='bbox 1896 524 2040 577; x_wconf 90' lang='lat' dir='ltr'><strong>enim</strong></span> 
     </span>
    </p>
   </div>
   <div class='ocr_carea' id='block_1_7' title="bbox 463 614 2043 691">
    <p class='ocr_par' dir='ltr' id='par_1_7' title="bbox 463 614 2043 691">
     <span class='ocr_line' id='line_1_7' title="bbox 463 614 2043 691; baseline -0.009 -10"><span class='ocrx_word' id='word_1_34' title='bbox 463 627 642 681; x_wconf 89' lang='lat' dir='ltr'><strong>omnis</strong></span> <span class='ocrx_word' id='word_1_35' title='bbox 678 624 879 691; x_wconf 93' lang='lat' dir='ltr'><strong>lingua,</strong></span> <span class='ocrx_word' id='word_1_36' title='bbox 917 622 1043 691; x_wconf 84' lang='lat' dir='ltr'><strong>quia</strong></span> <span class='ocrx_word' id='word_1_37' title='bbox 1082 620 1339 673; x_wconf 91' lang='lat' dir='ltr'><strong>Dominus</strong></span> <span class='ocrx_word' id='word_1_38' title='bbox 1371 617 1529 673; x_wconf 83' lang='lat' dir='ltr'><strong>.lesus</strong></span> <span class='ocrx_word' id='word_1_39' title='bbox 1557 617 1808 673; x_wconf 75' lang='lat' dir='ltr'><strong>Christus</strong></span> <span class='ocrx_word' id='word_1_40' title='bbox 1842 616 1895 670; x_wconf 92' lang='lat' dir='ltr'><strong>in</strong></span> <span class='ocrx_word' id='word_1_41' title='bbox 1930 614 2043 685; x_wconf 84' lang='lat' dir='ltr'><strong>glu-</strong></span> 
     </span>
    </p>
   </div>
   <div class='ocr_carea' id='block_1_8' title="bbox 465 705 2038 776">
    <p class='ocr_par' dir='ltr' id='par_1_8' title="bbox 465 705 2038 776">
     <span class='ocr_line' id='line_1_8' title="bbox 465 705 2038 776; baseline -0.006 -9"><span class='ocrx_word' id='word_1_42' title='bbox 465 717 600 767; x_wconf 86' lang='lat' dir='ltr'><strong>riam</strong></span> <span class='ocrx_word' id='word_1_43' title='bbox 644 712 737 766; x_wconf 90' lang='lat' dir='ltr'><strong>Dei</strong></span> <span class='ocrx_word' id='word_1_44' title='bbox 778 711 975 764; x_wconf 87' lang='lat' dir='ltr'><strong>Patris.</strong></span> <span class='ocrx_word' id='word_1_45' title='bbox 1018 726 1038 758; x_wconf 75' lang='grc' dir='ltr'><strong>ι</strong></span> <span class='ocrx_word' id='word_1_46' title='bbox 1079 706 1245 776; x_wconf 85' lang='lat' dir='ltr'><strong>lgitur</strong></span> <span class='ocrx_word' id='word_1_47' title='bbox 1281 708 1327 760; x_wconf 89' lang='lat' dir='ltr'><strong>si</strong></span> <span class='ocrx_word' id='word_1_48' title='bbox 1367 718 1560 769; x_wconf 69' lang='lat' dir='ltr'><strong>natura</strong></span> <span class='ocrx_word' id='word_1_49' title='bbox 1604 705 1747 760; x_wconf 89' lang='lat' dir='ltr'><strong>Deus</strong></span> <span class='ocrx_word' id='word_1_50' title='bbox 1787 721 1891 758; x_wconf 90' lang='lat' dir='ltr'><strong>non</strong></span> <span class='ocrx_word' id='word_1_51' title='bbox 1935 712 2038 768; x_wconf 90' lang='lat' dir='ltr'><strong>est,</strong></span> 
     </span>
    </p>
   </div>
   <div class='ocr_carea' id='block_1_9' title="bbox 465 800 2041 877">
    <p class='ocr_par' dir='ltr' id='par_1_9' title="bbox 465 800 2041 877">
     <span class='ocr_line' id='line_1_9' title="bbox 465 800 2041 877; baseline -0.007 -16"><span class='ocrx_word' id='word_1_52' title='bbox 465 808 558 861; x_wconf 89' lang='lat' dir='ltr'><strong>sed</strong></span> <span class='ocrx_word' id='word_1_53' title='bbox 594 815 815 877; x_wconf 85' lang='lat' dir='ltr'><strong>propter</strong></span> <span class='ocrx_word' id='word_1_54' title='bbox 845 801 1280 871; x_wconf 70' lang='lat' dir='ltr'><strong>coniunctionem</strong></span> <span class='ocrx_word' id='word_1_55' title='bbox 1319 800 1740 854; x_wconf 87' lang='lat' dir='ltr'><strong>habitudinalem</strong></span> <span class='ocrx_word' id='word_1_56' title='bbox 1777 813 1881 868; x_wconf 88' lang='lat' dir='ltr'><strong>qua</strong></span> <span class='ocrx_word' id='word_1_57' title='bbox 1910 802 2041 865; x_wconf 76' lang='lat' dir='ltr'><strong>jun-</strong></span> 
     </span>
    </p>
   </div>
   <div class='ocr_carea' id='block_1_10' title="bbox 465 890 2040 956">
    <p class='ocr_par' dir='ltr' id='par_1_10' title="bbox 465 890 2040 956">
     <span class='ocr_line' id='line_1_10' title="bbox 465 890 2040 956; baseline -0.008 -1"><span class='ocrx_word' id='word_1_58' title='bbox 465 910 585 955; x_wconf 85' lang='lat' dir='ltr'><strong>ctus</strong></span> <span class='ocrx_word' id='word_1_59' title='bbox 623 907 707 952; x_wconf 87' lang='lat' dir='ltr'><strong>est</strong></span> <span class='ocrx_word' id='word_1_60' title='bbox 750 912 870 951; x_wconf 91' lang='lat' dir='ltr'><strong>cum</strong></span> <span class='ocrx_word' id='word_1_61' title='bbox 910 894 1021 949; x_wconf 89' lang='lat' dir='ltr'><strong>Deo</strong></span> <span class='ocrx_word' id='word_1_62' title='bbox 1055 893 1255 956; x_wconf 85' lang='lat' dir='ltr'><strong>Verbo,</strong></span> <span class='ocrx_word' id='word_1_63' title='bbox 1295 891 1509 947; x_wconf 87' lang='lat' dir='ltr'><strong>adorari</strong></span> <span class='ocrx_word' id='word_1_64' title='bbox 1556 891 1704 944; x_wconf 89' lang='lat' dir='ltr'><strong>illum</strong></span> <span class='ocrx_word' id='word_1_65' title='bbox 1747 890 1879 945; x_wconf 85' lang='lat' dir='ltr'><strong>dicit</strong></span> <span class='ocrx_word' id='word_1_66' title='bbox 1917 900 1971 943; x_wconf 92' lang='lat' dir='ltr'><strong>et</strong></span> <span class='ocrx_word' id='word_1_67' title='bbox 2010 904 2040 943; x_wconf 85' lang='lat' dir='ltr'><strong>a</strong></span> 
     </span>
    </p>
   </div>
   <div class='ocr_carea' id='block_1_11' title="bbox 464 980 2039 1056">
    <p class='ocr_par' dir='ltr' id='par_1_11' title="bbox 464 980 2039 1056">
     <span class='ocr_line' id='line_1_11' title="bbox 464 980 2039 1056; baseline -0.009 -10"><span class='ocrx_word' id='word_1_68' title='bbox 464 992 649 1056; x_wconf 88' lang='lat' dir='ltr'><strong>nobis,</strong></span> <span class='ocrx_word' id='word_1_69' title='bbox 681 997 736 1041; x_wconf 87' lang='lat' dir='ltr'><strong>et</strong></span> <span class='ocrx_word' id='word_1_70' title='bbox 765 1003 794 1040; x_wconf 93' lang='lat' dir='ltr'><strong>a</strong></span> <span class='ocrx_word' id='word_1_71' title='bbox 824 985 1032 1041; x_wconf 81' lang='lat' dir='ltr'><strong>sanctis</strong></span> <span class='ocrx_word' id='word_1_72' title='bbox 1062 984 1301 1055; x_wconf 78' lang='lat' dir='ltr'><strong>angelis.</strong></span> <span class='ocrx_word' id='word_1_73' title='bbox 1328 998 1456 1053; x_wconf 83' lang='lat' dir='ltr'><strong>ergo</strong></span> <span class='ocrx_word' id='word_1_74' title='bbox 1484 982 1667 1052; x_wconf 66' lang='lat' dir='ltr'><strong>gloriae</strong></span> <span class='ocrx_word' id='word_1_75' title='bbox 1694 981 1886 1035; x_wconf 85' lang='lat' dir='ltr'><strong>modus</strong></span> <span class='ocrx_word' id='word_1_76' title='bbox 1917 980 2039 1049; x_wconf 85' lang='lat' dir='ltr'><strong>qni-</strong></span> 
     </span>
    </p>
   </div>
   <div class='ocr_carea' id='block_1_12' title="bbox 463 1068 2038 1140">
    <p class='ocr_par' dir='ltr' id='par_1_12' title="bbox 463 1068 2038 1140">
     <span class='ocr_line' id='line_1_12' title="bbox 463 1068 2038 1140; baseline -0.008 -6"><span class='ocrx_word' id='word_1_77' title='bbox 463 1082 584 1134; x_wconf 90' lang='lat' dir='ltr'><strong>dam</strong></span> <span class='ocrx_word' id='word_1_78' title='bbox 626 1092 653 1128; x_wconf 90' lang='lat' dir='ltr'><strong>a</strong></span> <span class='ocrx_word' id='word_1_79' title='bbox 696 1074 859 1129; x_wconf 82' lang='lat' dir='ltr'><strong>Patre</strong></span> <span class='ocrx_word' id='word_1_80' title='bbox 902 1074 1153 1127; x_wconf 88' lang='lat' dir='ltr'><strong>iuventus</strong></span> <span class='ocrx_word' id='word_1_81' title='bbox 1195 1083 1278 1126; x_wconf 87' lang='lat' dir='ltr'><strong>cst</strong></span> <span class='ocrx_word' id='word_1_82' title='bbox 1323 1073 1374 1125; x_wconf 92' lang='lat' dir='ltr'><strong>in</strong></span> <span class='ocrx_word' id='word_1_83' title='bbox 1423 1086 1487 1125; x_wconf 92' lang='lat' dir='ltr'><strong>eo</strong></span> <span class='ocrx_word' id='word_1_84' title='bbox 1528 1071 1671 1140; x_wconf 89' lang='lat' dir='ltr'><strong>quod</strong></span> <span class='ocrx_word' id='word_1_85' title='bbox 1713 1068 1872 1124; x_wconf 86' lang='lat' dir='ltr'><strong>simul</strong></span> <span class='ocrx_word' id='word_1_86' title='bbox 1917 1082 2038 1123; x_wconf 91' lang='lat' dir='ltr'><strong>cum</strong></span> 
     </span>
    </p>
   </div>
   <div class='ocr_carea' id='block_1_13' title="bbox 464 1160 2041 1239">
    <p class='ocr_par' dir='ltr' id='par_1_13' title="bbox 464 1160 2041 1239">
     <span class='ocr_line' id='line_1_13' title="bbox 464 1160 2041 1239; baseline -0.008 -16"><span class='ocrx_word' id='word_1_87' title='bbox 464 1169 581 1239; x_wconf 82' lang='lat' dir='ltr'><strong>ipso</strong></span> <span class='ocrx_word' id='word_1_88' title='bbox 618 1167 870 1220; x_wconf 84' lang='lat' dir='ltr'><strong>deificata</strong></span> <span class='ocrx_word' id='word_1_89' title='bbox 910 1173 992 1217; x_wconf 90' lang='lat' dir='ltr'><strong>est</strong></span> <span class='ocrx_word' id='word_1_90' title='bbox 1029 1173 1276 1217; x_wconf 82' lang='lat' dir='ltr'><strong>creatura</strong></span> <span class='ocrx_word' id='word_1_91' title='bbox 1316 1180 1329 1216; x_wconf 91' lang='lat'>:</span> <span class='ocrx_word' id='word_1_92' title='bbox 1370 1162 1444 1216; x_wconf 90' lang='lat' dir='ltr'><strong>ita</strong></span> <span class='ocrx_word' id='word_1_93' title='bbox 1487 1162 1686 1216; x_wconf 87' lang='lat' dir='ltr'><strong>frustra</strong></span> <span class='ocrx_word' id='word_1_94' title='bbox 1733 1160 2041 1231; x_wconf 75' lang='lat' dir='ltr'><strong>indignatus</strong></span> 
     </span>
    </p>
   </div>
   <div class='ocr_carea' id='block_1_14' title="bbox 463 1251 2042 1325">
    <p class='ocr_par' dir='ltr' id='par_1_14' title="bbox 463 1251 2042 1325">
     <span class='ocr_line' id='line_1_14' title="bbox 463 1251 2042 1325; baseline -0.005 -13"><span class='ocrx_word' id='word_1_95' title='bbox 463 1270 545 1312; x_wconf 75' lang='lat' dir='ltr'><strong>est</strong></span> <span class='ocrx_word' id='word_1_96' title='bbox 576 1257 897 1325; x_wconf 75' lang='lat' dir='ltr'><strong>quibusdam</strong></span> <span class='ocrx_word' id='word_1_97' title='bbox 932 1264 990 1305; x_wconf 93' lang='lat' dir='ltr'><strong>ut</strong></span> <span class='ocrx_word' id='word_1_98' title='bbox 1019 1253 1109 1321; x_wconf 90' lang='lat' dir='ltr'><strong>qui</strong></span> <span class='ocrx_word' id='word_1_99' title='bbox 1145 1253 1246 1307; x_wconf 89' lang='lat' dir='ltr'><strong>hoc</strong></span> <span class='ocrx_word' id='word_1_100' title='bbox 1280 1252 1533 1307; x_wconf 82' lang='lat' dir='ltr'><strong>fecissent</strong></span> <span class='ocrx_word' id='word_1_101' title='bbox 1566 1269 1579 1306; x_wconf 90' lang='lat'><strong>:</strong></span> <span class='ocrx_word' id='word_1_102' title='bbox 1613 1251 1754 1318; x_wconf 87' lang='lat' dir='ltr'><strong>quod</strong></span> <span class='ocrx_word' id='word_1_103' title='bbox 1774 1251 1830 1305; x_wconf 85' lang='lat' dir='ltr'><strong>si</strong></span> <span class='ocrx_word' id='word_1_104' title='bbox 1859 1265 1918 1304; x_wconf 88' lang='lat' dir='ltr'><strong>ea</strong></span> <span class='ocrx_word' id='word_1_105' title='bbox 1954 1264 2042 1304; x_wconf 87' lang='lat' dir='ltr'><strong>res</strong></span> 
     </span>
    </p>
   </div>
   <div class='ocr_carea' id='block_1_15' title="bbox 465 1342 2042 1418">
    <p class='ocr_par' dir='ltr' id='par_1_15' title="bbox 465 1342 2042 1418">
     <span class='ocr_line' id='line_1_15' title="bbox 465 1342 2042 1418; baseline -0.006 -14"><span class='ocrx_word' id='word_1_106' title='bbox 465 1350 543 1404; x_wconf 92' lang='lat' dir='ltr'><strong>illi</strong></span> <span class='ocrx_word' id='word_1_107' title='bbox 573 1349 756 1418; x_wconf 72' lang='lat' dir='ltr'><strong>gloria:</strong></span> <span class='ocrx_word' id='word_1_108' title='bbox 787 1346 907 1408; x_wconf 86' lang='lat' dir='ltr'><strong>fuit,</strong></span> <span class='ocrx_word' id='word_1_109' title='bbox 937 1345 1209 1412; x_wconf 87' lang='lat' dir='ltr'><strong>quomodo</strong></span> <span class='ocrx_word' id='word_1_110' title='bbox 1238 1359 1342 1397; x_wconf 91' lang='lat' dir='ltr'><strong>non</strong></span> <span class='ocrx_word' id='word_1_111' title='bbox 1369 1358 1584 1412; x_wconf 78' lang='lat' dir='ltr'><strong>:equum</strong></span> <span class='ocrx_word' id='word_1_112' title='bbox 1616 1342 1715 1396; x_wconf 88' lang='lat' dir='ltr'><strong>fuit</strong></span> <span class='ocrx_word' id='word_1_113' title='bbox 1742 1342 1960 1411; x_wconf 70' lang='lat' dir='ltr'><strong>praemia</strong></span> <span class='ocrx_word' id='word_1_114' title='bbox 1988 1349 2042 1395; x_wconf 86' lang='lat' dir='ltr'><strong>et</strong></span> 
     </span>
    </p>
   </div>
   <div class='ocr_carea' id='block_1_16' title="bbox 464 1430 2046 1505">
    <p class='ocr_par' dir='ltr' id='par_1_16' title="bbox 464 1430 2046 1505">
     <span class='ocr_line' id='line_1_16' title="bbox 464 1430 2046 1505; baseline -0.006 -10"><span class='ocrx_word' id='word_1_115' title='bbox 464 1440 649 1495; x_wconf 83' lang='lat' dir='ltr'><strong>laudes</strong></span> <span class='ocrx_word' id='word_1_116' title='bbox 679 1445 731 1491; x_wconf 88' lang='lat' dir='ltr'><strong>et</strong></span> <span class='ocrx_word' id='word_1_117' title='bbox 760 1436 985 1505; x_wconf 80' lang='lat' dir='ltr'><strong>gloriam</strong></span> <span class='ocrx_word' id='word_1_118' title='bbox 1021 1433 1127 1488; x_wconf 87' lang='lat' dir='ltr'><strong>illis</strong></span> <span class='ocrx_word' id='word_1_119' title='bbox 1157 1434 1451 1502; x_wconf 81' lang='lat' dir='ltr'><strong>rependere</strong></span> <span class='ocrx_word' id='word_1_120' title='bbox 1480 1433 1569 1501; x_wconf 91' lang='lat' dir='ltr'><strong>qui</strong></span> <span class='ocrx_word' id='word_1_121' title='bbox 1604 1433 1654 1487; x_wconf 91' lang='lat' dir='ltr'><strong>id</strong></span> <span class='ocrx_word' id='word_1_122' title='bbox 1687 1430 1864 1486; x_wconf 88' lang='lat' dir='ltr'><strong>facere</strong></span> <span class='ocrx_word' id='word_1_123' title='bbox 1892 1431 2046 1486; x_wconf 87' lang='lat' dir='ltr'><strong>iusti-</strong></span> 
     </span>
    </p>
   </div>
   <div class='ocr_carea' id='block_1_17' title="bbox 464 1521 2041 1591">
    <p class='ocr_par' dir='ltr' id='par_1_17' title="bbox 464 1521 2041 1591">
     <span class='ocr_line' id='line_1_17' title="bbox 464 1521 2041 1591; baseline -0.007 -4"><span class='ocrx_word' id='word_1_124' title='bbox 464 1531 733 1588; x_wconf 87' lang='lat' dir='ltr'><strong>tuissent?</strong></span> <span class='ocrx_word' id='word_1_125' title='bbox 767 1527 873 1582; x_wconf 70' lang='lat' dir='ltr'><strong>Sed</strong></span> <span class='ocrx_word' id='word_1_126' title='bbox 911 1526 1099 1579; x_wconf 89' lang='lat' dir='ltr'><strong>dicent</strong></span> <span class='ocrx_word' id='word_1_127' title='bbox 1129 1523 1364 1580; x_wconf 88' lang='lat' dir='ltr'><strong>fortasse</strong></span> <span class='ocrx_word' id='word_1_128' title='bbox 1396 1542 1410 1579; x_wconf 91' lang='lat'><strong>:</strong></span> <span class='ocrx_word' id='word_1_129' title='bbox 1442 1522 1720 1590; x_wconf 84' lang='lat' dir='ltr'><strong>Quomodo</strong></span> <span class='ocrx_word' id='word_1_130' title='bbox 1750 1521 1898 1576; x_wconf 88' lang='lat' dir='ltr'><strong>Patri</strong></span> <span class='ocrx_word' id='word_1_131' title='bbox 1929 1524 2041 1591; x_wconf 85' lang='lat' dir='ltr'><strong>glo-</strong></span> 
     </span>
    </p>
   </div>
   <div class='ocr_carea' id='block_1_18' title="bbox 467 1614 2042 1691">
    <p class='ocr_par' dir='ltr' id='par_1_18' title="bbox 467 1614 2042 1691">
     <span class='ocr_line' id='line_1_18' title="bbox 467 1614 2042 1691; baseline -0.006 -14"><span class='ocrx_word' id='word_1_132' title='bbox 467 1624 562 1677; x_wconf 71' lang='grc' dir='ltr'>τίει·</span> <span class='ocrx_word' id='word_1_133' title='bbox 602 1624 705 1676; x_wconf 91' lang='lat' dir='ltr'><strong>erit</strong></span> <span class='ocrx_word' id='word_1_134' title='bbox 746 1631 805 1675; x_wconf 91' lang='lat' dir='ltr'><strong>ut</strong></span> <span class='ocrx_word' id='word_1_135' title='bbox 844 1619 1182 1691; x_wconf 78' lang='lat' dir='ltr'><strong>Emmanueli</strong></span> <span class='ocrx_word' id='word_1_136' title='bbox 1225 1632 1383 1672; x_wconf 91' lang='lat' dir='ltr'><strong>omne</strong></span> <span class='ocrx_word' id='word_1_137' title='bbox 1415 1633 1554 1687; x_wconf 87' lang='lat' dir='ltr'><strong>genu</strong></span> <span class='ocrx_word' id='word_1_138' title='bbox 1587 1615 1872 1671; x_wconf 79' lang='lat' dir='ltr'><strong>ﬂectatur?</strong></span> <span class='ocrx_word' id='word_1_139' title='bbox 1905 1614 2042 1680; x_wconf 83' lang='lat' dir='ltr'><strong>Quia</strong></span> 
     </span>
    </p>
   </div>
   <div class='ocr_carea' id='block_1_19' title="bbox 467 1708 2041 1781">
    <p class='ocr_par' dir='ltr' id='par_1_19' title="bbox 467 1708 2041 1781">
     <span class='ocr_line' id='line_1_19' title="bbox 467 1708 2041 1781; baseline -0.007 -11"><span class='ocrx_word' id='word_1_140' title='bbox 467 1714 702 1770; x_wconf 89' lang='lat' dir='ltr'><strong>Verbum</strong></span> <span class='ocrx_word' id='word_1_141' title='bbox 735 1729 857 1769; x_wconf 93' lang='lat' dir='ltr'><strong>cum</strong></span> <span class='ocrx_word' id='word_1_142' title='bbox 889 1713 961 1768; x_wconf 90' lang='lat' dir='ltr'><strong>sit</strong></span> <span class='ocrx_word' id='word_1_143' title='bbox 993 1713 1132 1767; x_wconf 85' lang='lat' dir='ltr'><strong>Deus</strong></span> <span class='ocrx_word' id='word_1_144' title='bbox 1165 1725 1260 1781; x_wconf 91' lang='lat' dir='ltr'><strong>per</strong></span> <span class='ocrx_word' id='word_1_145' title='bbox 1286 1719 1557 1775; x_wconf 87' lang='lat' dir='ltr'><strong>naturam,</strong></span> <span class='ocrx_word' id='word_1_146' title='bbox 1589 1718 1644 1763; x_wconf 90' lang='lat' dir='ltr'><strong>et</strong></span> <span class='ocrx_word' id='word_1_147' title='bbox 1674 1724 1739 1761; x_wconf 83' lang='lat' dir='ltr'><strong>ex</strong></span> <span class='ocrx_word' id='word_1_148' title='bbox 1769 1709 1905 1776; x_wconf 91' lang='lat' dir='ltr'><strong>ipso,</strong></span> <span class='ocrx_word' id='word_1_149' title='bbox 1942 1708 2041 1760; x_wconf 91' lang='lat' dir='ltr'><strong>hoc</strong></span> 
     </span>
    </p>
   </div>
   <div class='ocr_carea' id='block_1_20' title="bbox 2147 518 3733 591">
    <p class='ocr_par' dir='ltr' id='par_1_20' title="bbox 2147 518 3733 591">
     <span class='ocr_line' id='line_1_20' title="bbox 2147 518 3733 591; baseline 0.001 -20"><span class='ocrx_word' id='word_1_150' title='bbox 2147 520 2291 582; x_wconf 86' lang='grc' dir='ltr'>στὸς,</span> <span class='ocrx_word' id='word_1_151' title='bbox 2323 522 2402 582; x_wconf 81' lang='grc' dir='ltr'>εἰς</span> <span class='ocrx_word' id='word_1_152' title='bbox 2444 520 2601 583; x_wconf 81' lang='grc' dir='ltr'>δόξαν</span> <span class='ocrx_word' id='word_1_153' title='bbox 2636 518 2773 572; x_wconf 86' lang='grc' dir='ltr'>Θεοῦ</span> <span class='ocrx_word' id='word_1_154' title='bbox 2812 519 3043 591; x_wconf 86' lang='grc' dir='ltr'>Πατρός.</span> <span class='ocrx_word' id='word_1_155' title='bbox 3082 540 3099 573; x_wconf 75' lang='grc' dir='ltr'><strong>ι</strong></span> <span class='ocrx_word' id='word_1_156' title='bbox 3141 519 3349 573; x_wconf 77' lang='grc' dir='ltr'>Οὐκοῦν</span> <span class='ocrx_word' id='word_1_157' title='bbox 3375 522 3423 572; x_wconf 90' lang='grc' dir='ltr'>εἰ</span> <span class='ocrx_word' id='word_1_158' title='bbox 3468 519 3542 591; x_wconf 82' lang='grc' dir='ltr'>μὴ</span> <span class='ocrx_word' id='word_1_159' title='bbox 3572 520 3733 587; x_wconf 76' lang='grc' dir='ltr'>φύσει</span> 
     </span>
    </p>
   </div>
   <div class='ocr_carea' id='block_1_21' title="bbox 2143 609 3735 681">
    <p class='ocr_par' dir='ltr' id='par_1_21' title="bbox 2143 609 3735 681">
     <span class='ocr_line' id='line_1_21' title="bbox 2143 609 3735 681; baseline 0.002 -19"><span class='ocrx_word' id='word_1_160' title='bbox 2143 609 2275 672; x_wconf 87' lang='grc' dir='ltr'>Θεός</span> <span class='ocrx_word' id='word_1_161' title='bbox 2318 612 2455 674; x_wconf 79' lang='grc' dir='ltr'>ἐστι,</span> <span class='ocrx_word' id='word_1_162' title='bbox 2508 612 2595 664; x_wconf 73' lang='grc' dir='ltr'>διὰ</span> <span class='ocrx_word' id='word_1_163' title='bbox 2635 610 2930 679; x_wconf 82' lang='grc' dir='ltr'>συνάφειαν</span> <span class='ocrx_word' id='word_1_164' title='bbox 2959 610 3015 664; x_wconf 79' lang='grc' dir='ltr'>δὲ</span> <span class='ocrx_word' id='word_1_165' title='bbox 3060 610 3336 681; x_wconf 78' lang='grc' dir='ltr'><strong>σχετικὴν,</strong></span> <span class='ocrx_word' id='word_1_166' title='bbox 3376 609 3478 678; x_wconf 82' lang='grc' dir='ltr'>τὴν</span> <span class='ocrx_word' id='word_1_167' title='bbox 3507 610 3643 680; x_wconf 80' lang='grc' dir='ltr'>πρός</span> <span class='ocrx_word' id='word_1_168' title='bbox 3668 625 3735 679; x_wconf 81' lang='grc' dir='ltr'><strong>γε</strong></span> 
     </span>
    </p>
   </div>
   <div class='ocr_carea' id='block_1_22' title="bbox 2146 701 3737 772">
    <p class='ocr_par' dir='ltr' id='par_1_22' title="bbox 2146 701 3737 772">
     <span class='ocr_line' id='line_1_22' title="bbox 2146 701 3737 772; baseline 0 -18"><span class='ocrx_word' id='word_1_169' title='bbox 2146 702 2289 771; x_wconf 71' lang='grc' dir='ltr'>φημὶ</span> <span class='ocrx_word' id='word_1_170' title='bbox 2316 703 2406 755; x_wconf 76' lang='grc' dir='ltr'><strong>τὸν</strong></span> <span class='ocrx_word' id='word_1_171' title='bbox 2434 704 2497 755; x_wconf 82' lang='grc' dir='ltr'><strong>ἐκ</strong></span> <span class='ocrx_word' id='word_1_172' title='bbox 2535 701 2669 754; x_wconf 88' lang='grc' dir='ltr'>Θεοῦ</span> <span class='ocrx_word' id='word_1_173' title='bbox 2698 701 2901 770; x_wconf 45' lang='grc' dir='ltr'>Λόγον,</span> <span class='ocrx_word' id='word_1_174' title='bbox 2925 702 3343 772; x_wconf 81' lang='grc' dir='ltr'><strong>προσκυνεῖσθαι</strong></span> <span class='ocrx_word' id='word_1_175' title='bbox 3372 718 3534 772; x_wconf 75' lang='grc' dir='ltr'>φησιν</span> <span class='ocrx_word' id='word_1_176' title='bbox 3573 702 3737 755; x_wconf 77' lang='grc' dir='ltr'>αὑτὸν</span> 
     </span>
    </p>
   </div>
   <div class='ocr_carea' id='block_1_23' title="bbox 2146 793 3735 865">
    <p class='ocr_par' dir='ltr' id='par_1_23' title="bbox 2146 793 3735 865">
     <span class='ocr_line' id='line_1_23' title="bbox 2146 793 3735 865; baseline 0 -19"><span class='ocrx_word' id='word_1_177' title='bbox 2146 795 2281 863; x_wconf 85' lang='grc' dir='ltr'>πρός</span> <span class='ocrx_word' id='word_1_178' title='bbox 2307 811 2366 847; x_wconf 89' lang='grc' dir='ltr'><strong>τε</strong></span> <span class='ocrx_word' id='word_1_179' title='bbox 2400 794 2557 865; x_wconf 80' lang='grc' dir='ltr'>ἡμῶν</span> <span class='ocrx_word' id='word_1_180' title='bbox 2597 793 2797 859; x_wconf 81' lang='grc' dir='ltr'>αὐτῶν,</span> <span class='ocrx_word' id='word_1_181' title='bbox 2826 794 2920 847; x_wconf 77' lang='grc' dir='ltr'>καὶ</span> <span class='ocrx_word' id='word_1_182' title='bbox 2960 793 3068 847; x_wconf 82' lang='grc' dir='ltr'><strong>τῶν</strong></span> <span class='ocrx_word' id='word_1_183' title='bbox 3109 794 3281 863; x_wconf 84' lang='grc' dir='ltr'>ἁγίων</span> <span class='ocrx_word' id='word_1_184' title='bbox 3326 794 3606 863; x_wconf 76' lang='grc' dir='ltr'>ἀγγέλωνο</span> <span class='ocrx_word' id='word_1_185' title='bbox 3638 796 3735 846; x_wconf 82' lang='grc' dir='ltr'>εύ-</span> 
     </span>
    </p>
   </div>
   <div class='ocr_carea' id='block_1_24' title="bbox 2147 884 3736 957">
    <p class='ocr_par' dir='ltr' id='par_1_24' title="bbox 2147 884 3736 957">
     <span class='ocr_line' id='line_1_24' title="bbox 2147 884 3736 957; baseline 0.001 -21"><span class='ocrx_word' id='word_1_186' title='bbox 2147 885 2330 949; x_wconf 80' lang='grc' dir='ltr'>κλείας</span> <span class='ocrx_word' id='word_1_187' title='bbox 2361 904 2448 950; x_wconf 88' lang='grc' dir='ltr'><strong>τις</strong></span> <span class='ocrx_word' id='word_1_188' title='bbox 2477 885 2586 957; x_wconf 81' lang='grc' dir='ltr'>ἄρα</span> <span class='ocrx_word' id='word_1_189' title='bbox 2627 886 2828 956; x_wconf 81' lang='grc' dir='ltr'><strong>τρόπος</strong></span> <span class='ocrx_word' id='word_1_190' title='bbox 2863 885 3153 957; x_wconf 77' lang='grc' dir='ltr'>ἐξεύρηται</span> <span class='ocrx_word' id='word_1_191' title='bbox 3182 885 3260 955; x_wconf 85' lang='grc' dir='ltr'>τῷ</span> <span class='ocrx_word' id='word_1_192' title='bbox 3287 885 3481 956; x_wconf 67' lang='lat' dir='ltr'><strong>[Ia-cpi,</strong></span> <span class='ocrx_word' id='word_1_193' title='bbox 3505 884 3583 955; x_wconf 82' lang='grc' dir='ltr'>τῷ</span> <span class='ocrx_word' id='word_1_194' title='bbox 3612 884 3736 937; x_wconf 83' lang='grc' dir='ltr'>θεο-</span> 
     </span>
    </p>
   </div>
   <div class='ocr_carea' id='block_1_25' title="bbox 2148 976 3738 1049">
    <p class='ocr_par' dir='ltr' id='par_1_25' title="bbox 2148 976 3738 1049">
     <span class='ocr_line' id='line_1_25' title="bbox 2148 976 3738 1049; baseline -0.001 -19"><span class='ocrx_word' id='word_1_195' title='bbox 2148 976 2418 1030; x_wconf 82' lang='grc' dir='ltr'>ποιεῖσθαι</span> <span class='ocrx_word' id='word_1_196' title='bbox 2448 978 2544 1030; x_wconf 86' lang='grc' dir='ltr'><strong>σὺν</strong></span> <span class='ocrx_word' id='word_1_197' title='bbox 2565 976 2715 1048; x_wconf 78' lang='grc' dir='ltr'>αὐτῷ</span> <span class='ocrx_word' id='word_1_198' title='bbox 2736 978 2833 1049; x_wconf 82' lang='grc' dir='ltr'>τὴν</span> <span class='ocrx_word' id='word_1_199' title='bbox 2876 977 3083 1031; x_wconf 75' lang='grc' dir='ltr'>κτίσιν⁸</span> <span class='ocrx_word' id='word_1_200' title='bbox 3110 978 3201 1031; x_wconf 79' lang='grc' dir='ltr'>καὶ</span> <span class='ocrx_word' id='word_1_201' title='bbox 3227 976 3525 1047; x_wconf 84' lang='grc' dir='ltr'><strong>λελύπηται</strong></span> <span class='ocrx_word' id='word_1_202' title='bbox 3556 977 3738 1047; x_wconf 82' lang='grc' dir='ltr'>μάτην</span> 
     </span>
    </p>
   </div>
   <div class='ocr_carea' id='block_1_26' title="bbox 2148 1063 3738 1137">
    <p class='ocr_par' dir='ltr' id='par_1_26' title="bbox 2148 1063 3738 1137">
     <span class='ocr_line' id='line_1_26' title="bbox 2148 1063 3738 1137; baseline 0.002 -22"><span class='ocrx_word' id='word_1_203' title='bbox 2148 1064 2240 1115; x_wconf 80' lang='grc' dir='ltr'><strong>ἐπί</strong></span> <span class='ocrx_word' id='word_1_204' title='bbox 2261 1080 2421 1128; x_wconf 86' lang='grc' dir='ltr'>τισιν,</span> <span class='ocrx_word' id='word_1_205' title='bbox 2455 1064 2531 1128; x_wconf 85' lang='grc' dir='ltr'>ὼς</span> <span class='ocrx_word' id='word_1_206' title='bbox 2562 1063 2720 1118; x_wconf 88' lang='grc' dir='ltr'>τοῦτο</span> <span class='ocrx_word' id='word_1_207' title='bbox 2747 1066 3071 1136; x_wconf 84' lang='grc' dir='ltr'>πεποιηκόσι</span> <span class='ocrx_word' id='word_1_208' title='bbox 3090 1083 3104 1097; x_wconf 93' lang='grc'><strong>·</strong></span> <span class='ocrx_word' id='word_1_209' title='bbox 3129 1066 3223 1119; x_wconf 74' lang='grc' dir='ltr'><strong>καὶ</strong></span> <span class='ocrx_word' id='word_1_210' title='bbox 3252 1068 3302 1119; x_wconf 87' lang='grc' dir='ltr'><strong>εί</strong></span> <span class='ocrx_word' id='word_1_211' title='bbox 3324 1066 3458 1137; x_wconf 72' lang='grc' dir='ltr'>πρὸς</span> <span class='ocrx_word' id='word_1_212' title='bbox 3488 1066 3738 1130; x_wconf 83' lang='grc' dir='ltr'>εύκλείας</span> 
     </span>
    </p>
   </div>
   <div class='ocr_carea' id='block_1_27' title="bbox 2144 1150 3739 1227">
    <p class='ocr_par' dir='ltr' id='par_1_27' title="bbox 2144 1150 3739 1227">
     <span class='ocr_line' id='line_1_27' title="bbox 2144 1150 3739 1227; baseline 0 -21"><span class='ocrx_word' id='word_1_213' title='bbox 2144 1150 2213 1223; x_wconf 80' lang='grc' dir='ltr'>ἦν</span> <span class='ocrx_word' id='word_1_214' title='bbox 2269 1154 2330 1207; x_wconf 84' lang='grc' dir='ltr'>τὸ</span> <span class='ocrx_word' id='word_1_215' title='bbox 2374 1155 2563 1225; x_wconf 78' lang='grc' dir='ltr'>χρῆμα</span> <span class='ocrx_word' id='word_1_216' title='bbox 2625 1157 2809 1227; x_wconf 80' lang='grc' dir='ltr'>αύτῷ,</span> <span class='ocrx_word' id='word_1_217' title='bbox 2859 1156 2979 1220; x_wconf 77' lang='grc' dir='ltr'>πῶς</span> <span class='ocrx_word' id='word_1_218' title='bbox 3037 1156 3137 1209; x_wconf 80' lang='grc' dir='ltr'><strong>οὐκ</strong></span> <span class='ocrx_word' id='word_1_219' title='bbox 3193 1156 3299 1209; x_wconf 78' lang='grc' dir='ltr'>ἔδει</span> <span class='ocrx_word' id='word_1_220' title='bbox 3358 1156 3452 1209; x_wconf 78' lang='grc' dir='ltr'>καὶ</span> <span class='ocrx_word' id='word_1_221' title='bbox 3501 1156 3739 1227; x_wconf 78' lang='grc' dir='ltr'>ἀμοιϐῆς</span> 
     </span>
    </p>
   </div>
   <div class='ocr_carea' id='block_1_28' title="bbox 2145 1243 3757 1319">
    <p class='ocr_par' dir='ltr' id='par_1_28' title="bbox 2145 1243 3757 1319">
     <span class='ocr_line' id='line_1_28' title="bbox 2145 1243 3757 1319; baseline 0.002 -21"><span class='ocrx_word' id='word_1_222' title='bbox 2145 1243 2348 1310; x_wconf 77' lang='grc' dir='ltr'>ἀξιοῦν,</span> <span class='ocrx_word' id='word_1_223' title='bbox 2387 1245 2608 1299; x_wconf 85' lang='grc' dir='ltr'>ὲπαίνου</span> <span class='ocrx_word' id='word_1_224' title='bbox 2653 1265 2712 1301; x_wconf 89' lang='grc' dir='ltr'><strong>τε</strong></span> <span class='ocrx_word' id='word_1_225' title='bbox 2747 1248 2840 1301; x_wconf 77' lang='grc' dir='ltr'><strong>καὶ</strong></span> <span class='ocrx_word' id='word_1_226' title='bbox 2876 1247 3054 1319; x_wconf 79' lang='grc' dir='ltr'>δόξης,</span> <span class='ocrx_word' id='word_1_227' title='bbox 3093 1248 3220 1311; x_wconf 80' lang='grc' dir='ltr'>τοὺς</span> <span class='ocrx_word' id='word_1_228' title='bbox 3248 1246 3404 1301; x_wconf 89' lang='grc' dir='ltr'>τοῦτο</span> <span class='ocrx_word' id='word_1_229' title='bbox 3435 1246 3567 1317; x_wconf 81' lang='grc' dir='ltr'>δρᾷν</span> <span class='ocrx_word' id='word_1_230' title='bbox 3598 1245 3757 1317; x_wconf 53' lang='grc' dir='ltr'>ᾑρηί</span> 
     </span>
    </p>
   </div>
   <div class='ocr_carea' id='block_1_29' title="bbox 2148 1335 3740 1407">
    <p class='ocr_par' dir='ltr' id='par_1_29' title="bbox 2148 1335 3740 1407">
     <span class='ocr_line' id='line_1_29' title="bbox 2148 1335 3740 1407; baseline 0.002 -21"><span class='ocrx_word' id='word_1_231' title='bbox 2148 1335 2376 1405; x_wconf 73' lang='grc' dir='ltr'>μένουςς</span> <span class='ocrx_word' id='word_1_232' title='bbox 2431 1335 2568 1387; x_wconf 82' lang='grc' dir='ltr'>Ἀλλ’</span> <span class='ocrx_word' id='word_1_233' title='bbox 2620 1337 2749 1401; x_wconf 74' lang='grc' dir='ltr'>ἴσως</span> <span class='ocrx_word' id='word_1_234' title='bbox 2791 1337 2970 1390; x_wconf 77' lang='grc' dir='ltr'>ἐκεῖνο</span> <span class='ocrx_word' id='word_1_235' title='bbox 3021 1340 3174 1407; x_wconf 82' lang='grc' dir='ltr'>φαῖεν</span> <span class='ocrx_word' id='word_1_236' title='bbox 3221 1337 3319 1398; x_wconf 83' lang='grc' dir='ltr'><strong>ἂν,</strong></span> <span class='ocrx_word' id='word_1_237' title='bbox 3373 1335 3507 1389; x_wconf 85' lang='grc' dir='ltr'>Τίνα</span> <span class='ocrx_word' id='word_1_238' title='bbox 3535 1336 3740 1403; x_wconf 80' lang='grc' dir='ltr'><strong>τρόπον</strong></span> 
     </span>
    </p>
   </div>
   <div class='ocr_carea' id='block_1_30' title="bbox 2145 1426 3739 1500">
    <p class='ocr_par' dir='ltr' id='par_1_30' title="bbox 2145 1426 3739 1500">
     <span class='ocr_line' id='line_1_30' title="bbox 2145 1426 3739 1500; baseline 0.001 -22"><span class='ocrx_word' id='word_1_239' title='bbox 2145 1426 2284 1497; x_wconf 71' lang='grc' dir='ltr'>πρὸς</span> <span class='ocrx_word' id='word_1_240' title='bbox 2311 1427 2562 1490; x_wconf 79' lang='grc' dir='ltr'>εὐκλείας</span> <span class='ocrx_word' id='word_1_241' title='bbox 2596 1427 2750 1482; x_wconf 75' lang='grc' dir='ltr'>ἔσται</span> <span class='ocrx_word' id='word_1_242' title='bbox 2792 1427 2871 1500; x_wconf 84' lang='grc' dir='ltr'>τῷ</span> <span class='ocrx_word' id='word_1_243' title='bbox 2901 1429 3077 1500; x_wconf 77' lang='grc' dir='ltr'>Πατρὶ</span> <span class='ocrx_word' id='word_1_244' title='bbox 3128 1429 3189 1481; x_wconf 83' lang='grc' dir='ltr'>τὸ</span> <span class='ocrx_word' id='word_1_245' title='bbox 3219 1427 3434 1499; x_wconf 82' lang='grc' dir='ltr'>κάμψαι</span> <span class='ocrx_word' id='word_1_246' title='bbox 3466 1430 3575 1482; x_wconf 82' lang='grc' dir='ltr'><strong>πᾶν</strong></span> <span class='ocrx_word' id='word_1_247' title='bbox 3605 1428 3739 1497; x_wconf 90' lang='grc' dir='ltr'>γόνυ</span> 
     </span>
    </p>
   </div>
   <div class='ocr_carea' id='block_1_31' title="bbox 2143 1512 3742 1591">
    <p class='ocr_par' dir='ltr' id='par_1_31' title="bbox 2143 1512 3742 1591">
     <span class='ocr_line' id='line_1_31' title="bbox 2143 1512 3742 1591; baseline 0.001 -21"><span class='ocrx_word' id='word_1_248' title='bbox 2143 1518 2236 1570; x_wconf 83' lang='grc' dir='ltr'><strong>τὸν</strong></span> <span class='ocrx_word' id='word_1_249' title='bbox 2267 1517 2378 1587; x_wconf 82' lang='grc' dir='ltr'><strong>[Ισ.</strong></span> <span class='ocrx_word' id='word_1_250' title='bbox 2412 1518 2514 1590; x_wconf 81' lang='grc' dir='ltr'>τῷ]</span> <span class='ocrx_word' id='word_1_251' title='bbox 2575 1519 2959 1591; x_wconf 84' lang='grc' dir='ltr'>Ἑμμανουήλ;</span> <span class='ocrx_word' id='word_1_252' title='bbox 2994 1512 3114 1574; x_wconf 81' lang='grc' dir='ltr'>’Ότι</span> <span class='ocrx_word' id='word_1_253' title='bbox 3147 1519 3279 1583; x_wconf 73' lang='grc' dir='ltr'>Θεὸς</span> <span class='ocrx_word' id='word_1_254' title='bbox 3305 1520 3380 1572; x_wconf 80' lang='grc' dir='ltr'>ὢν</span> <span class='ocrx_word' id='word_1_255' title='bbox 3414 1519 3597 1589; x_wconf 85' lang='grc' dir='ltr'>φύσει,</span> <span class='ocrx_word' id='word_1_256' title='bbox 3643 1519 3742 1571; x_wconf 74' lang='grc' dir='ltr'><strong>καὶ</strong></span> 
     </span>
    </p>
   </div>
   <div class='ocr_carea' id='block_1_32' title="bbox 2144 1604 3742 1681">
    <p class='ocr_par' dir='ltr' id='par_1_32' title="bbox 2144 1604 3742 1681">
     <span class='ocr_line' id='line_1_32' title="bbox 2144 1604 3742 1681; baseline 0.003 -22"><span class='ocrx_word' id='word_1_257' title='bbox 2144 1604 2204 1670; x_wconf 76' lang='grc' dir='ltr'><strong>ἐξ</strong></span> <span class='ocrx_word' id='word_1_258' title='bbox 2247 1608 2433 1671; x_wconf 83' lang='grc' dir='ltr'>αὐτοῦ,</span> <span class='ocrx_word' id='word_1_259' title='bbox 2473 1610 2772 1674; x_wconf 76' lang='grc' dir='ltr'><strong>τουτέστιν,</strong></span> <span class='ocrx_word' id='word_1_260' title='bbox 2823 1611 2889 1663; x_wconf 81' lang='grc' dir='ltr'>ἐκ</span> <span class='ocrx_word' id='word_1_261' title='bbox 2935 1612 3033 1681; x_wconf 80' lang='grc' dir='ltr'><strong>τῆς</strong></span> <span class='ocrx_word' id='word_1_262' title='bbox 3083 1611 3272 1674; x_wconf 80' lang='grc' dir='ltr'>οὐσίας</span> <span class='ocrx_word' id='word_1_263' title='bbox 3310 1611 3497 1677; x_wconf 82' lang='grc' dir='ltr'>αὐτοῦ,</span> <span class='ocrx_word' id='word_1_264' title='bbox 3546 1610 3742 1679; x_wconf 81' lang='grc' dir='ltr'>γέγονε</span> 
     </span>
    </p>
   </div>
   <div class='ocr_carea' id='block_1_33' title="bbox 2146 1699 3745 1773">
    <p class='ocr_par' dir='ltr' id='par_1_33' title="bbox 2146 1699 3745 1773">
     <span class='ocr_line' id='line_1_33' title="bbox 2146 1699 3745 1773; baseline 0.003 -21"><span class='ocrx_word' id='word_1_265' title='bbox 2146 1699 2284 1770; x_wconf 75' lang='grc' dir='ltr'>σάρξ</span> <span class='ocrx_word' id='word_1_266' title='bbox 2333 1702 2361 1753; x_wconf 97' lang='lat'><strong>6</strong></span> <span class='ocrx_word' id='word_1_267' title='bbox 2403 1701 2608 1770; x_wconf 84' lang='grc' dir='ltr'>Λόγος’</span> <span class='ocrx_word' id='word_1_268' title='bbox 2655 1707 3039 1773; x_wconf 72' lang='grc' dir='ltr'>προσκυνεῖται</span> <span class='ocrx_word' id='word_1_269' title='bbox 3087 1703 3164 1769; x_wconf 83' lang='grc' dir='ltr'><strong>δὲ,</strong></span> <span class='ocrx_word' id='word_1_270' title='bbox 3214 1703 3292 1767; x_wconf 87' lang='grc' dir='ltr'>ὠς</span> <span class='ocrx_word' id='word_1_271' title='bbox 3328 1704 3487 1773; x_wconf 78' lang='grc' dir='ltr'>ἔφην,</span> <span class='ocrx_word' id='word_1_272' title='bbox 3533 1703 3609 1767; x_wconf 82' lang='grc' dir='ltr'>ὡς</span> <span class='ocrx_word' id='word_1_273' title='bbox 3657 1699 3745 1767; x_wconf 73' lang='grc' dir='ltr'>εἷς</span> 
     </span>
    </p>
   </div>
   <div class='ocr_carea' id='block_1_34' title="bbox 467 1774 2055 1872">
    <p class='ocr_par' dir='ltr' id='par_1_34' title="bbox 467 1798 2039 1872">
     <span class='ocr_line' id='line_1_34' title="bbox 467 1798 2039 1872; baseline -0.008 -11"><span class='ocrx_word' id='word_1_274' title='bbox 467 1817 572 1869; x_wconf 85' lang='lat' dir='ltr'><strong>est,</strong></span> <span class='ocrx_word' id='word_1_275' title='bbox 600 1822 662 1860; x_wconf 82' lang='lat' dir='ltr'><strong>ex</strong></span> <span class='ocrx_word' id='word_1_276' title='bbox 698 1803 814 1872; x_wconf 87' lang='lat' dir='ltr'><strong>ejus</strong></span> <span class='ocrx_word' id='word_1_277' title='bbox 845 1804 1172 1866; x_wconf 84' lang='lat' dir='ltr'><strong>substantia,</strong></span> <span class='ocrx_word' id='word_1_278' title='bbox 1204 1815 1332 1856; x_wconf 89' lang='lat' dir='ltr'><strong>caro</strong></span> <span class='ocrx_word' id='word_1_279' title='bbox 1362 1799 1563 1855; x_wconf 86' lang='lat' dir='ltr'><strong>factum</strong></span> <span class='ocrx_word' id='word_1_280' title='bbox 1596 1808 1680 1852; x_wconf 91' lang='lat' dir='ltr'><strong>cst</strong></span> <span class='ocrx_word' id='word_1_281' title='bbox 1710 1816 1724 1853; x_wconf 90' lang='lat'><strong>:</strong></span> <span class='ocrx_word' id='word_1_282' title='bbox 1756 1798 2039 1852; x_wconf 78' lang='lat' dir='ltr'><strong>adoratur-</strong></span> 
     </span>
    </p>
   </div>
   <div class='ocr_carea' id='block_1_35' title="bbox 2159 1774 3745 1872">
    <p class='ocr_par' dir='ltr' id='par_1_35' title="bbox 2159 1790 3745 1865">
     <span class='ocr_line' id='line_1_35' title="bbox 2159 1790 3745 1865; baseline 0.004 -22"><span class='ocrx_word' id='word_1_283' title='bbox 2159 1807 2203 1843; x_wconf 76' lang='lat' dir='ltr'><strong>:s</strong></span> <span class='ocrx_word' id='word_1_284' title='bbox 2235 1790 2327 1844; x_wconf 76' lang='grc' dir='ltr'><strong>καὶ</strong></span> <span class='ocrx_word' id='word_1_285' title='bbox 2359 1793 2517 1861; x_wconf 91' lang='grc' dir='ltr'>μόνος</span> <span class='ocrx_word' id='word_1_286' title='bbox 2546 1794 2640 1846; x_wconf 77' lang='grc' dir='ltr'><strong>καὶ</strong></span> <span class='ocrx_word' id='word_1_287' title='bbox 2672 1793 2888 1865; x_wconf 80' lang='grc' dir='ltr'>άληθῶς</span> <span class='ocrx_word' id='word_1_288' title='bbox 2931 1794 3079 1859; x_wconf 78' lang='grc' dir='ltr'>Υἱὸς,</span> <span class='ocrx_word' id='word_1_289' title='bbox 3116 1795 3253 1865; x_wconf 79' lang='grc' dir='ltr'><strong>μετά</strong></span> <span class='ocrx_word' id='word_1_290' title='bbox 3278 1795 3379 1865; x_wconf 83' lang='grc' dir='ltr'>τῆς</span> <span class='ocrx_word' id='word_1_291' title='bbox 3412 1794 3546 1858; x_wconf 78' lang='grc' dir='ltr'>ἰδίας</span> <span class='ocrx_word' id='word_1_292' title='bbox 3575 1796 3745 1849; x_wconf 82' lang='grc' dir='ltr'>αὐτοῦ</span> 
     </span>
    </p>
   </div>
   <div class='ocr_carea' id='block_1_36' title="bbox 467 1889 2039 1967">
    <p class='ocr_par' dir='ltr' id='par_1_36' title="bbox 467 1889 2039 1967">
     <span class='ocr_line' id='line_1_36' title="bbox 467 1889 2039 1967; baseline -0.006 -17"><span class='ocrx_word' id='word_1_293' title='bbox 467 1910 596 1967; x_wconf 87' lang='lat' dir='ltr'><strong>que,</strong></span> <span class='ocrx_word' id='word_1_294' title='bbox 624 1905 680 1949; x_wconf 94' lang='lat' dir='ltr'><strong>ut</strong></span> <span class='ocrx_word' id='word_1_295' title='bbox 706 1894 841 1959; x_wconf 77' lang='lat' dir='ltr'><strong>dixi,</strong></span> <span class='ocrx_word' id='word_1_296' title='bbox 871 1904 929 1948; x_wconf 91' lang='lat' dir='ltr'><strong>ut</strong></span> <span class='ocrx_word' id='word_1_297' title='bbox 959 1909 1096 1948; x_wconf 91' lang='lat' dir='ltr'><strong>unus</strong></span> <span class='ocrx_word' id='word_1_298' title='bbox 1120 1900 1174 1946; x_wconf 90' lang='lat' dir='ltr'><strong>et</strong></span> <span class='ocrx_word' id='word_1_299' title='bbox 1198 1890 1346 1946; x_wconf 90' lang='lat' dir='ltr'><strong>solus</strong></span> <span class='ocrx_word' id='word_1_300' title='bbox 1372 1901 1428 1945; x_wconf 92' lang='lat' dir='ltr'><strong>et</strong></span> <span class='ocrx_word' id='word_1_301' title='bbox 1452 1905 1574 1945; x_wconf 89' lang='lat' dir='ltr'><strong>vere</strong></span> <span class='ocrx_word' id='word_1_302' title='bbox 1600 1889 1769 1943; x_wconf 85' lang='lat' dir='ltr'><strong>Filius</strong></span> <span class='ocrx_word' id='word_1_303' title='bbox 1796 1904 1917 1942; x_wconf 91' lang='lat' dir='ltr'><strong>cum</strong></span> <span class='ocrx_word' id='word_1_304' title='bbox 1946 1904 2039 1943; x_wconf 89' lang='lat' dir='ltr'><strong>sua</strong></span> 
     </span>
    </p>
   </div>
   <div class='ocr_carea' id='block_1_37' title="bbox 470 1980 2041 2055">
    <p class='ocr_par' dir='ltr' id='par_1_37' title="bbox 470 1980 2041 2055">
     <span class='ocr_line' id='line_1_37' title="bbox 470 1980 2041 2055; baseline -0.005 -15"><span class='ocrx_word' id='word_1_305' title='bbox 470 1988 641 2055; x_wconf 86' lang='lat' dir='ltr'><strong>ipsius</strong></span> <span class='ocrx_word' id='word_1_306' title='bbox 671 2001 832 2040; x_wconf 90' lang='lat' dir='ltr'><strong>carne</strong></span> <span class='ocrx_word' id='word_1_307' title='bbox 866 2004 881 2040; x_wconf 88' lang='lat'><strong>:</strong></span> <span class='ocrx_word' id='word_1_308' title='bbox 914 1982 1252 2055; x_wconf 81' lang='lat' dir='ltr'><strong>gloriﬁcatur</strong></span> <span class='ocrx_word' id='word_1_309' title='bbox 1282 1992 1462 2036; x_wconf 90' lang='lat' dir='ltr'><strong>autem</strong></span> <span class='ocrx_word' id='word_1_310' title='bbox 1497 1980 1659 2034; x_wconf 88' lang='lat' dir='ltr'><strong>Pater</strong></span> <span class='ocrx_word' id='word_1_311' title='bbox 1685 1989 1743 2033; x_wconf 92' lang='lat' dir='ltr'><strong>ut</strong></span> <span class='ocrx_word' id='word_1_312' title='bbox 1780 1980 1920 2034; x_wconf 87' lang='lat' dir='ltr'><strong>Deus</strong></span> <span class='ocrx_word' id='word_1_313' title='bbox 1951 1980 2041 2048; x_wconf 88' lang='lat' dir='ltr'><strong>qui</strong></span> 
     </span>
    </p>
   </div>
   <div class='ocr_carea' id='block_1_38' title="bbox 470 2068 2041 2137">
    <p class='ocr_par' dir='ltr' id='par_1_38' title="bbox 470 2068 2041 2137">
     <span class='ocr_line' id='line_1_38' title="bbox 470 2068 2041 2137; baseline -0.003 -11"><span class='ocrx_word' id='word_1_314' title='bbox 470 2072 667 2127; x_wconf 82' lang='lat' dir='ltr'><strong>habeat</strong></span> <span class='ocrx_word' id='word_1_315' title='bbox 700 2088 885 2126; x_wconf 86' lang='lat' dir='ltr'><strong>verum</strong></span> <span class='ocrx_word' id='word_1_316' title='bbox 929 2071 1123 2125; x_wconf 87' lang='lat' dir='ltr'><strong>Filium</strong></span> <span class='ocrx_word' id='word_1_317' title='bbox 1162 2085 1227 2125; x_wconf 82' lang='lat' dir='ltr'><strong>ex</strong></span> <span class='ocrx_word' id='word_1_318' title='bbox 1266 2086 1361 2126; x_wconf 92' lang='lat' dir='ltr'><strong>sua</strong></span> <span class='ocrx_word' id='word_1_319' title='bbox 1402 2068 1704 2124; x_wconf 88' lang='lat' dir='ltr'><strong>substantia</strong></span> <span class='ocrx_word' id='word_1_320' title='bbox 1749 2069 1989 2137; x_wconf 84' lang='lat' dir='ltr'><strong>genitum</strong></span> <span class='ocrx_word' id='word_1_321' title='bbox 2026 2083 2041 2121; x_wconf 93' lang='lat'><strong>:</strong></span> 
     </span>
    </p>
   </div>
   <div class='ocr_carea' id='block_1_39' title="bbox 471 2162 2046 2233">
    <p class='ocr_par' dir='ltr' id='par_1_39' title="bbox 471 2162 2046 2233">
     <span class='ocr_line' id='line_1_39' title="bbox 471 2162 2046 2233; baseline 0.001 -19"><span class='ocrx_word' id='word_1_322' title='bbox 471 2178 631 2233; x_wconf 90' lang='lat' dir='ltr'><strong>quem</strong></span> <span class='ocrx_word' id='word_1_323' title='bbox 660 2163 824 2217; x_wconf 86' lang='lat' dir='ltr'><strong>etiam</strong></span> <span class='ocrx_word' id='word_1_324' title='bbox 854 2178 1073 2217; x_wconf 89' lang='lat' dir='ltr'><strong>carnem</strong></span> <span class='ocrx_word' id='word_1_325' title='bbox 1103 2162 1305 2217; x_wconf 81' lang='lat' dir='ltr'><strong>factum</strong></span> <span class='ocrx_word' id='word_1_326' title='bbox 1336 2177 1432 2232; x_wconf 89' lang='lat' dir='ltr'><strong>pro</strong></span> <span class='ocrx_word' id='word_1_327' title='bbox 1461 2162 1618 2217; x_wconf 83' lang='lat' dir='ltr'><strong>nobis</strong></span> <span class='ocrx_word' id='word_1_328' title='bbox 1645 2162 1812 2227; x_wconf 86' lang='lat' dir='ltr'><strong>dedit,</strong></span> <span class='ocrx_word' id='word_1_329' title='bbox 1842 2169 1899 2215; x_wconf 91' lang='lat' dir='ltr'><strong>ut</strong></span> <span class='ocrx_word' id='word_1_330' title='bbox 1925 2175 2046 2229; x_wconf 86' lang='lat' dir='ltr'><strong>pas-</strong></span> 
     </span>
    </p>
   </div>
   <div class='ocr_carea' id='block_1_40' title="bbox 471 2254 2049 2320">
    <p class='ocr_par' dir='ltr' id='par_1_40' title="bbox 471 2254 2049 2320">
     <span class='ocr_line' id='line_1_40' title="bbox 471 2254 2049 2320; baseline -0.003 -11"><span class='ocrx_word' id='word_1_331' title='bbox 471 2269 565 2310; x_wconf 87' lang='lat' dir='ltr'><strong>sus</strong></span> <span class='ocrx_word' id='word_1_332' title='bbox 612 2269 776 2309; x_wconf 87' lang='lat' dir='ltr'><strong>carne</strong></span> <span class='ocrx_word' id='word_1_333' title='bbox 822 2255 1028 2310; x_wconf 80' lang='lat' dir='ltr'><strong>salvum</strong></span> <span class='ocrx_word' id='word_1_334' title='bbox 1080 2254 1283 2310; x_wconf 81' lang='lat' dir='ltr'><strong>faceret</strong></span> <span class='ocrx_word' id='word_1_335' title='bbox 1329 2256 1514 2310; x_wconf 89' lang='lat' dir='ltr'><strong>orbem</strong></span> <span class='ocrx_word' id='word_1_336' title='bbox 1565 2265 1868 2320; x_wconf 85' lang='lat' dir='ltr'><strong>terrarum;</strong></span> <span class='ocrx_word' id='word_1_337' title='bbox 1920 2272 1939 2305; x_wconf 83' lang='grc' dir='ltr'><strong>ι</strong></span> <span class='ocrx_word' id='word_1_338' title='bbox 1987 2261 2049 2307; x_wconf 85' lang='grc' dir='ltr'><strong>ιιι</strong></span> 
     </span>
    </p>
   </div>
   <div class='ocr_carea' id='block_1_41' title="bbox 471 2344 2047 2415">
    <p class='ocr_par' dir='ltr' id='par_1_41' title="bbox 471 2344 2047 2415">
     <span class='ocr_line' id='line_1_41' title="bbox 471 2344 2047 2415; baseline -0.003 -16"><span class='ocrx_word' id='word_1_339' title='bbox 471 2345 649 2399; x_wconf 87' lang='lat' dir='ltr'><strong>omnis</strong></span> <span class='ocrx_word' id='word_1_340' title='bbox 680 2346 771 2415; x_wconf 90' lang='lat' dir='ltr'><strong>qui</strong></span> <span class='ocrx_word' id='word_1_341' title='bbox 808 2346 978 2400; x_wconf 89' lang='lat' dir='ltr'><strong>credit</strong></span> <span class='ocrx_word' id='word_1_342' title='bbox 1012 2345 1065 2399; x_wconf 90' lang='lat' dir='ltr'><strong>in</strong></span> <span class='ocrx_word' id='word_1_343' title='bbox 1102 2346 1301 2415; x_wconf 83' lang='lat' dir='ltr'><strong>ipsum,</strong></span> <span class='ocrx_word' id='word_1_344' title='bbox 1337 2361 1441 2401; x_wconf 93' lang='lat' dir='ltr'><strong>non</strong></span> <span class='ocrx_word' id='word_1_345' title='bbox 1480 2354 1683 2414; x_wconf 84' lang='lat' dir='ltr'><strong>pereat,</strong></span> <span class='ocrx_word' id='word_1_346' title='bbox 1722 2345 1815 2399; x_wconf 91' lang='lat' dir='ltr'><strong>sed</strong></span> <span class='ocrx_word' id='word_1_347' title='bbox 1853 2344 2047 2398; x_wconf 84' lang='lat' dir='ltr'><strong>habeat</strong></span> 
     </span>
    </p>
   </div>
   <div class='ocr_carea' id='block_1_42' title="bbox 472 2433 2049 2503">
    <p class='ocr_par' dir='ltr' id='par_1_42' title="bbox 472 2433 2049 2503">
     <span class='ocr_line' id='line_1_42' title="bbox 472 2433 2049 2503; baseline 0 -16"><span class='ocrx_word' id='word_1_348' title='bbox 472 2436 637 2488; x_wconf 86' lang='lat' dir='ltr'><strong>vitam</strong></span> <span class='ocrx_word' id='word_1_349' title='bbox 665 2444 923 2490; x_wconf 66' lang='lat' dir='ltr'><strong>aeternam</strong></span> <span class='ocrx_word' id='word_1_350' title='bbox 945 2434 1027 2499; x_wconf 81' lang='lat'><strong>&quot;;</strong></span> <span class='ocrx_word' id='word_1_351' title='bbox 1061 2453 1079 2485; x_wconf 76' lang='grc' dir='ltr'><strong>ι</strong></span> <span class='ocrx_word' id='word_1_352' title='bbox 1109 2445 1167 2486; x_wconf 84' lang='grc' dir='ltr'><strong>ιιι</strong></span> <span class='ocrx_word' id='word_1_353' title='bbox 1193 2436 1368 2488; x_wconf 86' lang='lat' dir='ltr'><strong>otnnis</strong></span> <span class='ocrx_word' id='word_1_354' title='bbox 1396 2436 1486 2503; x_wconf 90' lang='lat' dir='ltr'><strong>qui</strong></span> <span class='ocrx_word' id='word_1_355' title='bbox 1517 2435 1659 2488; x_wconf 83' lang='lat' dir='ltr'><strong>videt</strong></span> <span class='ocrx_word' id='word_1_356' title='bbox 1685 2450 1840 2496; x_wconf 87' lang='lat' dir='ltr'><strong>eum.</strong></span> <span class='ocrx_word' id='word_1_357' title='bbox 1868 2433 2049 2487; x_wconf 82' lang='lat' dir='ltr'><strong>videat</strong></span> 
     </span>
    </p>
   </div>
   <div class='ocr_carea' id='block_1_43' title="bbox 472 2524 2046 2594">
    <p class='ocr_par' dir='ltr' id='par_1_43' title="bbox 472 2524 2046 2594">
     <span class='ocr_line' id='line_1_43' title="bbox 472 2524 2046 2594; baseline -0.004 -11"><span class='ocrx_word' id='word_1_358' title='bbox 472 2525 686 2583; x_wconf 82' lang='lat' dir='ltr'><strong>Patrem</strong></span> <span class='ocrx_word' id='word_1_359' title='bbox 704 2527 747 2558; x_wconf 85' lang='grc'><strong>⁸⁷</strong></span> <span class='ocrx_word' id='word_1_360' title='bbox 784 2544 799 2581; x_wconf 88' lang='lat'><strong>:</strong></span> <span class='ocrx_word' id='word_1_361' title='bbox 831 2541 991 2594; x_wconf 90' lang='lat' dir='ltr'><strong>quam</strong></span> <span class='ocrx_word' id='word_1_362' title='bbox 1024 2526 1186 2579; x_wconf 87' lang='lat' dir='ltr'><strong>etiam</strong></span> <span class='ocrx_word' id='word_1_363' title='bbox 1223 2526 1395 2593; x_wconf 86' lang='lat' dir='ltr'><strong>ipsam</strong></span> <span class='ocrx_word' id='word_1_364' title='bbox 1430 2539 1540 2577; x_wconf 91' lang='lat' dir='ltr'><strong>rem</strong></span> <span class='ocrx_word' id='word_1_365' title='bbox 1577 2524 1732 2578; x_wconf 89' lang='lat' dir='ltr'><strong>nobis</strong></span> <span class='ocrx_word' id='word_1_366' title='bbox 1766 2538 1889 2577; x_wconf 88' lang='lat' dir='ltr'><strong>esse</strong></span> <span class='ocrx_word' id='word_1_367' title='bbox 1920 2537 2046 2577; x_wconf 88' lang='lat' dir='ltr'><strong>vere</strong></span> 
     </span>
    </p>
   </div>
   <div class='ocr_carea' id='block_1_44' title="bbox 474 2615 2050 2687">
    <p class='ocr_par' dir='ltr' id='par_1_44' title="bbox 474 2615 2050 2687">
     <span class='ocr_line' id='line_1_44' title="bbox 474 2615 2050 2687; baseline -0.004 -15"><span class='ocrx_word' id='word_1_368' title='bbox 474 2617 690 2672; x_wconf 85' lang='lat' dir='ltr'><strong>vitalem</strong></span> <span class='ocrx_word' id='word_1_369' title='bbox 724 2618 836 2687; x_wconf 86' lang='lat' dir='ltr'><strong>ipse</strong></span> <span class='ocrx_word' id='word_1_370' title='bbox 865 2616 1032 2673; x_wconf 81' lang='lat' dir='ltr'><strong>Filius</strong></span> <span class='ocrx_word' id='word_1_371' title='bbox 1059 2620 1327 2682; x_wconf 87' lang='lat' dir='ltr'><strong>ostendit;</strong></span> <span class='ocrx_word' id='word_1_372' title='bbox 1359 2617 1495 2670; x_wconf 80' lang='lat' dir='ltr'><strong>dixit</strong></span> <span class='ocrx_word' id='word_1_373' title='bbox 1523 2615 1666 2668; x_wconf 89' lang='lat' dir='ltr'><strong>enim</strong></span> <span class='ocrx_word' id='word_1_374' title='bbox 1696 2630 1712 2669; x_wconf 90' lang='lat'><strong>:</strong></span> <span class='ocrx_word' id='word_1_375' title='bbox 1749 2632 1768 2665; x_wconf 81' lang='grc' dir='ltr'><strong>ι</strong></span> <span class='ocrx_word' id='word_1_376' title='bbox 1812 2615 1938 2668; x_wconf 72' lang='lat' dir='ltr'><strong>Hrec</strong></span> <span class='ocrx_word' id='word_1_377' title='bbox 1966 2621 2050 2668; x_wconf 88' lang='lat' dir='ltr'><strong>est</strong></span> 
     </span>
    </p>
   </div>
   <div class='ocr_carea' id='block_1_45' title="bbox 474 2709 2047 2778">
    <p class='ocr_par' dir='ltr' id='par_1_45' title="bbox 474 2709 2047 2778">
     <span class='ocr_line' id='line_1_45' title="bbox 474 2709 2047 2778; baseline -0.003 -17"><span class='ocrx_word' id='word_1_378' title='bbox 474 2712 583 2765; x_wconf 87' lang='lat' dir='ltr'><strong>vita</strong></span> <span class='ocrx_word' id='word_1_379' title='bbox 614 2720 813 2766; x_wconf 74' lang='lat' dir='ltr'><strong>mterna</strong></span> <span class='ocrx_word' id='word_1_380' title='bbox 836 2748 852 2774; x_wconf 92' lang='lat'><strong>,</strong></span> <span class='ocrx_word' id='word_1_381' title='bbox 884 2720 946 2765; x_wconf 91' lang='lat' dir='ltr'><strong>ut</strong></span> <span class='ocrx_word' id='word_1_382' title='bbox 976 2719 1305 2778; x_wconf 88' lang='lat' dir='ltr'><strong>cognoscant</strong></span> <span class='ocrx_word' id='word_1_383' title='bbox 1336 2718 1389 2762; x_wconf 91' lang='lat' dir='ltr'><strong>te</strong></span> <span class='ocrx_word' id='word_1_384' title='bbox 1419 2709 1590 2762; x_wconf 87' lang='lat' dir='ltr'><strong>solum</strong></span> <span class='ocrx_word' id='word_1_385' title='bbox 1627 2709 1791 2761; x_wconf 87' lang='lat' dir='ltr'><strong>Deum</strong></span> <span class='ocrx_word' id='word_1_386' title='bbox 1825 2722 2047 2769; x_wconf 84' lang='lat' dir='ltr'><strong>verum,</strong></span> 
     </span>
    </p>
   </div>
   <div class='ocr_carea' id='block_1_46' title="bbox 475 2798 2049 2869">
    <p class='ocr_par' dir='ltr' id='par_1_46' title="bbox 475 2798 2049 2869">
     <span class='ocr_line' id='line_1_46' title="bbox 475 2798 2049 2869; baseline -0.003 -16"><span class='ocrx_word' id='word_1_387' title='bbox 475 2810 533 2853; x_wconf 90' lang='lat' dir='ltr'><strong>et</strong></span> <span class='ocrx_word' id='word_1_388' title='bbox 568 2814 726 2869; x_wconf 89' lang='lat' dir='ltr'><strong>quem</strong></span> <span class='ocrx_word' id='word_1_389' title='bbox 769 2798 965 2852; x_wconf 90' lang='lat' dir='ltr'><strong>misisti</strong></span> <span class='ocrx_word' id='word_1_390' title='bbox 1009 2800 1192 2852; x_wconf 79' lang='lat' dir='ltr'><strong>Jesum</strong></span> <span class='ocrx_word' id='word_1_391' title='bbox 1236 2798 1592 2853; x_wconf 73' lang='lat' dir='ltr'><strong>Christum”.</strong></span> <span class='ocrx_word' id='word_1_392' title='bbox 1632 2816 1651 2849; x_wconf 72' lang='grc' dir='ltr'><strong>ι</strong></span> <span class='ocrx_word' id='word_1_393' title='bbox 1690 2798 1766 2850; x_wconf 77' lang='lat' dir='ltr'><strong>Ac</strong></span> <span class='ocrx_word' id='word_1_394' title='bbox 1804 2798 1886 2850; x_wconf 83' lang='lat' dir='ltr'><strong>via</strong></span> <span class='ocrx_word' id='word_1_395' title='bbox 1929 2798 2049 2865; x_wconf 85' lang='lat' dir='ltr'><strong>qui-</strong></span> 
     </span>
    </p>
   </div>
   <div class='ocr_carea' id='block_1_47' title="bbox 478 2888 2052 2956">
    <p class='ocr_par' dir='ltr' id='par_1_47' title="bbox 478 2888 2052 2956">
     <span class='ocr_line' id='line_1_47' title="bbox 478 2888 2052 2956; baseline -0.003 -11"><span class='ocrx_word' id='word_1_396' title='bbox 478 2890 597 2945; x_wconf 83' lang='lat' dir='ltr'><strong>dem</strong></span> <span class='ocrx_word' id='word_1_397' title='bbox 635 2898 803 2953; x_wconf 89' lang='lat' dir='ltr'><strong>recta,</strong></span> <span class='ocrx_word' id='word_1_398' title='bbox 837 2898 892 2944; x_wconf 87' lang='lat' dir='ltr'><strong>et</strong></span> <span class='ocrx_word' id='word_1_399' title='bbox 922 2891 988 2943; x_wconf 88' lang='lat' dir='ltr'><strong>ad</strong></span> <span class='ocrx_word' id='word_1_400' title='bbox 1021 2890 1354 2943; x_wconf 73' lang='lat' dir='ltr'><strong>verissimam</strong></span> <span class='ocrx_word' id='word_1_401' title='bbox 1394 2890 1718 2942; x_wconf 89' lang='lat' dir='ltr'><strong>sententiam</strong></span> <span class='ocrx_word' id='word_1_402' title='bbox 1754 2888 2052 2956; x_wconf 87' lang='lat' dir='ltr'><strong>perducens</strong></span> 
     </span>
    </p>
   </div>
   <div class='ocr_carea' id='block_1_48' title="bbox 478 2979 2049 3048">
    <p class='ocr_par' dir='ltr' id='par_1_48' title="bbox 478 2979 2049 3048">
     <span class='ocr_line' id='line_1_48' title="bbox 478 2979 2049 3048; baseline -0.003 -13"><span class='ocrx_word' id='word_1_403' title='bbox 478 2982 595 3036; x_wconf 75' lang='lat' dir='ltr'><strong>haec</strong></span> <span class='ocrx_word' id='word_1_404' title='bbox 642 2992 754 3048; x_wconf 90' lang='lat' dir='ltr'><strong>est,</strong></span> <span class='ocrx_word' id='word_1_405' title='bbox 797 2991 851 3035; x_wconf 91' lang='lat' dir='ltr'><strong>et</strong></span> <span class='ocrx_word' id='word_1_406' title='bbox 896 2989 1094 3047; x_wconf 71' lang='lat' dir='ltr'><strong>prmter</strong></span> <span class='ocrx_word' id='word_1_407' title='bbox 1134 2995 1253 3033; x_wconf 91' lang='lat' dir='ltr'><strong>eam</strong></span> <span class='ocrx_word' id='word_1_408' title='bbox 1303 2980 1467 3035; x_wconf 88' lang='lat' dir='ltr'><strong>nulla.</strong></span> <span class='ocrx_word' id='word_1_409' title='bbox 1519 2979 1618 3033; x_wconf 81' lang='lat' dir='ltr'><strong>Hic</strong></span> <span class='ocrx_word' id='word_1_410' title='bbox 1662 2995 1791 3032; x_wconf 83' lang='lat' dir='ltr'><strong>veru</strong></span> <span class='ocrx_word' id='word_1_411' title='bbox 1836 2995 2049 3034; x_wconf 91' lang='lat' dir='ltr'><strong>sursum</strong></span> 
     </span>
    </p>
   </div>
   <div class='ocr_carea' id='block_1_49' title="bbox 2147 1883 3747 1958">
    <p class='ocr_par' dir='ltr' id='par_1_49' title="bbox 2147 1883 3747 1958">
     <span class='ocr_line' id='line_1_49' title="bbox 2147 1883 3747 1958; baseline 0.004 -24"><span class='ocrx_word' id='word_1_412' title='bbox 2147 1883 2369 1952; x_wconf 81' lang='grc' dir='ltr'>σαρκός·</span> <span class='ocrx_word' id='word_1_413' title='bbox 2431 1883 2711 1948; x_wconf 77' lang='grc' dir='ltr'>δοξάζεταί</span> <span class='ocrx_word' id='word_1_414' title='bbox 2754 1903 2817 1954; x_wconf 88' lang='grc' dir='ltr'><strong>γε</strong></span> <span class='ocrx_word' id='word_1_415' title='bbox 2862 1886 2968 1957; x_wconf 77' lang='grc' dir='ltr'><strong>μὴν</strong></span> <span class='ocrx_word' id='word_1_416' title='bbox 3014 1889 3043 1940; x_wconf 86' lang='lat'><strong>6</strong></span> <span class='ocrx_word' id='word_1_417' title='bbox 3080 1888 3269 1958; x_wconf 68' lang='grc' dir='ltr'>Πατὴρ</span> <span class='ocrx_word' id='word_1_418' title='bbox 3311 1886 3387 1950; x_wconf 86' lang='grc' dir='ltr'>ὼς</span> <span class='ocrx_word' id='word_1_419' title='bbox 3418 1886 3571 1949; x_wconf 85' lang='grc' dir='ltr'>Θεὸς,</span> <span class='ocrx_word' id='word_1_420' title='bbox 3603 1888 3747 1957; x_wconf 77' lang='grc' dir='ltr'>ἔχων</span> 
     </span>
    </p>
   </div>
   <div class='ocr_carea' id='block_1_50' title="bbox 2145 1974 3741 2048">
    <p class='ocr_par' dir='ltr' id='par_1_50' title="bbox 2145 1974 3741 2048">
     <span class='ocr_line' id='line_1_50' title="bbox 2145 1974 3741 2048; baseline 0.004 -21"><span class='ocrx_word' id='word_1_421' title='bbox 2145 1974 2394 2044; x_wconf 74' lang='grc' dir='ltr'>ἀληθινὸν</span> <span class='ocrx_word' id='word_1_422' title='bbox 2418 1975 2509 2029; x_wconf 77' lang='grc' dir='ltr'><strong>τὸν</strong></span> <span class='ocrx_word' id='word_1_423' title='bbox 2545 1978 2610 2029; x_wconf 82' lang='grc' dir='ltr'>ὲκ</span> <span class='ocrx_word' id='word_1_424' title='bbox 2651 1978 2748 2048; x_wconf 84' lang='grc' dir='ltr'><strong>τῆς</strong></span> <span class='ocrx_word' id='word_1_425' title='bbox 2777 1977 2965 2041; x_wconf 78' lang='grc' dir='ltr'>οὐσίας</span> <span class='ocrx_word' id='word_1_426' title='bbox 2993 1977 3161 2031; x_wconf 74' lang='grc' dir='ltr'>αὐτοῦ</span> <span class='ocrx_word' id='word_1_427' title='bbox 3202 1978 3534 2048; x_wconf 79' lang='grc' dir='ltr'>γεννηθέντα</span> <span class='ocrx_word' id='word_1_428' title='bbox 3566 1979 3693 2033; x_wconf 87' lang='grc' dir='ltr'>Υίόν</span> <span class='ocrx_word' id='word_1_429' title='bbox 3723 1994 3741 2010; x_wconf 75' lang='grc'><strong><em>⁸</em></strong></span> 
     </span>
    </p>
   </div>
   <div class='ocr_carea' id='block_1_51' title="bbox 2144 2054 3745 2140">
    <p class='ocr_par' dir='ltr' id='par_1_51' title="bbox 2144 2054 3745 2140">
     <span class='ocr_line' id='line_1_51' title="bbox 2144 2054 3745 2140; baseline 0.002 -21"><span class='ocrx_word' id='word_1_430' title='bbox 2144 2066 2202 2119; x_wconf 77' lang='grc' dir='ltr'>ὃν</span> <span class='ocrx_word' id='word_1_431' title='bbox 2243 2067 2339 2119; x_wconf 77' lang='grc' dir='ltr'>καὶ</span> <span class='ocrx_word' id='word_1_432' title='bbox 2395 2054 2578 2137; x_wconf 83' lang='grc' dir='ltr'>σάρκα</span> <span class='ocrx_word' id='word_1_433' title='bbox 2629 2069 2891 2138; x_wconf 80' lang='grc' dir='ltr'>γεγονότα</span> <span class='ocrx_word' id='word_1_434' title='bbox 2945 2070 3179 2123; x_wconf 85' lang='grc' dir='ltr'>δέδωκεν</span> <span class='ocrx_word' id='word_1_435' title='bbox 3232 2070 3371 2139; x_wconf 80' lang='grc' dir='ltr'>ὑπὲρ</span> <span class='ocrx_word' id='word_1_436' title='bbox 3422 2071 3598 2140; x_wconf 78' lang='grc' dir='ltr'>ἡμῶν,</span> <span class='ocrx_word' id='word_1_437' title='bbox 3653 2071 3745 2123; x_wconf 73' lang='grc' dir='ltr'><strong>ἵνα</strong></span> 
     </span>
    </p>
   </div>
   <div class='ocr_carea' id='block_1_52' title="bbox 2148 2145 3749 2232">
    <p class='ocr_par' dir='ltr' id='par_1_52' title="bbox 2148 2145 3749 2232">
     <span class='ocr_line' id='line_1_52' title="bbox 2148 2145 3749 2232; baseline 0.002 -23"><span class='ocrx_word' id='word_1_438' title='bbox 2148 2158 2313 2228; x_wconf 69' lang='grc' dir='ltr'>σαρκὶ</span> <span class='ocrx_word' id='word_1_439' title='bbox 2377 2156 2604 2223; x_wconf 80' lang='grc' dir='ltr'>παθὼν,</span> <span class='ocrx_word' id='word_1_440' title='bbox 2682 2145 2922 2229; x_wconf 67' lang='grc' dir='ltr'>διασώσῃ</span> <span class='ocrx_word' id='word_1_441' title='bbox 2968 2158 3069 2230; x_wconf 77' lang='grc' dir='ltr'><strong>τὴν</strong></span> <span class='ocrx_word' id='word_1_442' title='bbox 3116 2161 3208 2213; x_wconf 81' lang='grc' dir='ltr'><strong>ὑπ’</strong></span> <span class='ocrx_word' id='word_1_443' title='bbox 3262 2159 3523 2232; x_wconf 78' lang='grc' dir='ltr'>οὐρανόνο</span> <span class='ocrx_word' id='word_1_444' title='bbox 3578 2178 3598 2211; x_wconf 78' lang='grc' dir='ltr'><strong>ι</strong></span> <span class='ocrx_word' id='word_1_445' title='bbox 3657 2160 3749 2216; x_wconf 74' lang='grc' dir='ltr'><strong>ἴνα</strong></span> 
     </span>
    </p>
   </div>
   <div class='ocr_carea' id='block_1_53' title="bbox 2149 2251 3750 2327">
    <p class='ocr_par' dir='ltr' id='par_1_53' title="bbox 2149 2251 3750 2327">
     <span class='ocr_line' id='line_1_53' title="bbox 2149 2251 3750 2327; baseline 0.002 -26"><span class='ocrx_word' id='word_1_446' title='bbox 2149 2252 2264 2312; x_wconf 74' lang='grc' dir='ltr'>πᾶς</span> <span class='ocrx_word' id='word_1_447' title='bbox 2288 2251 2315 2301; x_wconf 89' lang='grc' dir='ltr'><strong>ό</strong></span> <span class='ocrx_word' id='word_1_448' title='bbox 2346 2251 2619 2304; x_wconf 81' lang='grc' dir='ltr'>πιστεύων</span> <span class='ocrx_word' id='word_1_449' title='bbox 2657 2254 2738 2313; x_wconf 83' lang='grc' dir='ltr'>εἰς</span> <span class='ocrx_word' id='word_1_450' title='bbox 2767 2252 2952 2315; x_wconf 78' lang='grc' dir='ltr'>αὐτὸν,</span> <span class='ocrx_word' id='word_1_451' title='bbox 2984 2253 3045 2306; x_wconf 83' lang='grc' dir='ltr'>οὐ</span> <span class='ocrx_word' id='word_1_452' title='bbox 3078 2252 3154 2325; x_wconf 80' lang='grc' dir='ltr'>μὴ</span> <span class='ocrx_word' id='word_1_453' title='bbox 3175 2253 3467 2325; x_wconf 81' lang='grc' dir='ltr'>ἀπόληται,</span> <span class='ocrx_word' id='word_1_454' title='bbox 3499 2253 3612 2306; x_wconf 82' lang='grc' dir='ltr'>ἀλλ’</span> <span class='ocrx_word' id='word_1_455' title='bbox 3646 2254 3750 2327; x_wconf 74' lang='grc' dir='ltr'><strong>ἔχῃ</strong></span> 
     </span>
    </p>
   </div>
   <div class='ocr_carea' id='block_1_54' title="bbox 2149 2340 3739 2415">
    <p class='ocr_par' dir='ltr' id='par_1_54' title="bbox 2149 2340 3739 2415">
     <span class='ocr_line' id='line_1_54' title="bbox 2149 2340 3739 2415; baseline 0.002 -22"><span class='ocrx_word' id='word_1_456' title='bbox 2149 2340 2293 2411; x_wconf 71' lang='grc' dir='ltr'>ζωὴν</span> <span class='ocrx_word' id='word_1_457' title='bbox 2336 2342 2578 2408; x_wconf 78' lang='grc' dir='ltr'>αἰώνιον,</span> <span class='ocrx_word' id='word_1_458' title='bbox 2638 2363 2656 2395; x_wconf 70' lang='grc' dir='ltr'><strong>ι</strong></span> <span class='ocrx_word' id='word_1_459' title='bbox 2710 2345 2796 2396; x_wconf 87' lang='grc' dir='ltr'><strong>ἴνα</strong></span> <span class='ocrx_word' id='word_1_460' title='bbox 2842 2345 2948 2408; x_wconf 80' lang='grc' dir='ltr'><strong>πᾶς</strong></span> <span class='ocrx_word' id='word_1_461' title='bbox 2994 2346 3021 2398; x_wconf 94' lang='lat'><strong>6</strong></span> <span class='ocrx_word' id='word_1_462' title='bbox 3066 2344 3288 2415; x_wconf 84' lang='grc' dir='ltr'>Θεωρῶν</span> <span class='ocrx_word' id='word_1_463' title='bbox 3319 2344 3499 2407; x_wconf 75' lang='grc' dir='ltr'>αὐτὸν,</span> <span class='ocrx_word' id='word_1_464' title='bbox 3555 2345 3739 2415; x_wconf 62' lang='grc' dir='ltr'>θεωρῇ</span> 
     </span>
    </p>
   </div>
   <div class='ocr_carea' id='block_1_55' title="bbox 2147 2433 3748 2505">
    <p class='ocr_par' dir='ltr' id='par_1_55' title="bbox 2147 2433 3748 2505">
     <span class='ocr_line' id='line_1_55' title="bbox 2147 2433 3748 2505; baseline 0.003 -22"><span class='ocrx_word' id='word_1_465' title='bbox 2147 2433 2238 2484; x_wconf 65' lang='grc' dir='ltr'>τὸν</span> <span class='ocrx_word' id='word_1_466' title='bbox 2270 2434 2512 2503; x_wconf 79' lang='grc' dir='ltr'>Πατέρα.</span> <span class='ocrx_word' id='word_1_467' title='bbox 2559 2434 2829 2487; x_wconf 82' lang='grc' dir='ltr'>Ζωοποιὸν</span> <span class='ocrx_word' id='word_1_468' title='bbox 2862 2434 2919 2486; x_wconf 84' lang='grc' dir='ltr'><strong>δὲ</strong></span> <span class='ocrx_word' id='word_1_469' title='bbox 2962 2435 3023 2488; x_wconf 83' lang='grc' dir='ltr'><strong>τὸ</strong></span> <span class='ocrx_word' id='word_1_470' title='bbox 3066 2436 3258 2505; x_wconf 81' lang='grc' dir='ltr'>χρῆμα</span> <span class='ocrx_word' id='word_1_471' title='bbox 3292 2437 3386 2490; x_wconf 80' lang='grc' dir='ltr'><strong>καὶ</strong></span> <span class='ocrx_word' id='word_1_472' title='bbox 3428 2434 3585 2487; x_wconf 88' lang='grc' dir='ltr'>τοῦτο</span> <span class='ocrx_word' id='word_1_473' title='bbox 3615 2436 3748 2503; x_wconf 78' lang='grc' dir='ltr'>ἡμῖν</span> 
     </span>
    </p>
   </div>
   <div class='ocr_carea' id='block_1_56' title="bbox 2150 2523 3743 2596">
    <p class='ocr_par' dir='ltr' id='par_1_56' title="bbox 2150 2523 3743 2596">
     <span class='ocr_line' id='line_1_56' title="bbox 2150 2523 3743 2596; baseline 0.002 -22"><span class='ocrx_word' id='word_1_474' title='bbox 2150 2523 2398 2591; x_wconf 85' lang='grc' dir='ltr'>ὑπάρχον</span> <span class='ocrx_word' id='word_1_475' title='bbox 2425 2524 2663 2593; x_wconf 76' lang='grc' dir='ltr'>ἀληθῶς,</span> <span class='ocrx_word' id='word_1_476' title='bbox 2697 2526 2861 2587; x_wconf 64' lang='grc' dir='ltr'>αὐτὸς</span> <span class='ocrx_word' id='word_1_477' title='bbox 2887 2525 3192 2596; x_wconf 80' lang='grc' dir='ltr'>ὲκδέδειχεν</span> <span class='ocrx_word' id='word_1_478' title='bbox 3218 2528 3246 2579; x_wconf 87' lang='grc' dir='ltr'><strong>ὁ</strong></span> <span class='ocrx_word' id='word_1_479' title='bbox 3275 2526 3397 2588; x_wconf 81' lang='grc' dir='ltr'>Υἱός</span> <span class='ocrx_word' id='word_1_480' title='bbox 3416 2541 3428 2554; x_wconf 87' lang='grc'><strong>·</strong></span> <span class='ocrx_word' id='word_1_481' title='bbox 3452 2525 3555 2595; x_wconf 80' lang='grc' dir='ltr'>ἔφη</span> <span class='ocrx_word' id='word_1_482' title='bbox 3587 2525 3697 2594; x_wconf 79' lang='grc' dir='ltr'><strong>γάρ</strong></span> <span class='ocrx_word' id='word_1_483' title='bbox 3726 2542 3743 2557; x_wconf 78' lang='grc'><strong><em>⁸</em></strong></span> 
     </span>
    </p>
   </div>
   <div class='ocr_carea' id='block_1_57' title="bbox 2157 2613 3744 2688">
    <p class='ocr_par' dir='ltr' id='par_1_57' title="bbox 2157 2613 3744 2688">
     <span class='ocr_line' id='line_1_57' title="bbox 2157 2613 3744 2688; baseline 0.003 -23"><span class='ocrx_word' id='word_1_484' title='bbox 2157 2632 2174 2664; x_wconf 81' lang='grc' dir='ltr'><strong>ι</strong></span> <span class='ocrx_word' id='word_1_485' title='bbox 2202 2613 2349 2685; x_wconf 76' lang='grc' dir='ltr'>Αὕτη</span> <span class='ocrx_word' id='word_1_486' title='bbox 2375 2614 2432 2667; x_wconf 85' lang='grc' dir='ltr'><strong>δέ</strong></span> <span class='ocrx_word' id='word_1_487' title='bbox 2462 2617 2611 2668; x_wconf 71' lang='grc' dir='ltr'>ἐστιν</span> <span class='ocrx_word' id='word_1_488' title='bbox 2641 2617 2675 2685; x_wconf 82' lang='grc' dir='ltr'><strong>ἡ</strong></span> <span class='ocrx_word' id='word_1_489' title='bbox 2702 2614 2919 2680; x_wconf 77' lang='grc' dir='ltr'>αἰώνιος</span> <span class='ocrx_word' id='word_1_490' title='bbox 2948 2614 3080 2688; x_wconf 79' lang='grc' dir='ltr'><strong>ζωὴ.</strong></span> <span class='ocrx_word' id='word_1_491' title='bbox 3114 2618 3197 2670; x_wconf 76' lang='grc' dir='ltr'>ἵνα</span> <span class='ocrx_word' id='word_1_492' title='bbox 3235 2616 3541 2685; x_wconf 77' lang='grc' dir='ltr'>γινώσκωσί</span> <span class='ocrx_word' id='word_1_493' title='bbox 3562 2633 3625 2668; x_wconf 79' lang='grc' dir='ltr'><strong>σε</strong></span> <span class='ocrx_word' id='word_1_494' title='bbox 3652 2617 3744 2669; x_wconf 56' lang='grc' dir='ltr'><strong>τὶν</strong></span> 
     </span>
    </p>
   </div>
   <div class='ocr_carea' id='block_1_58' title="bbox 2157 2694 3746 2777">
    <p class='ocr_par' dir='ltr' id='par_1_58' title="bbox 2157 2694 3746 2777">
     <span class='ocr_line' id='line_1_58' title="bbox 2157 2694 3746 2777; baseline 0 -18"><span class='ocrx_word' id='word_1_495' title='bbox 2157 2707 2318 2775; x_wconf 84' lang='grc' dir='ltr'>μόνον</span> <span class='ocrx_word' id='word_1_496' title='bbox 2344 2705 2602 2776; x_wconf 84' lang='grc' dir='ltr'>ἀληθινὸν</span> <span class='ocrx_word' id='word_1_497' title='bbox 2623 2705 2774 2770; x_wconf 83' lang='grc' dir='ltr'>Θεὸν,</span> <span class='ocrx_word' id='word_1_498' title='bbox 2802 2706 2894 2760; x_wconf 83' lang='grc' dir='ltr'>καὶ</span> <span class='ocrx_word' id='word_1_499' title='bbox 2924 2706 2983 2760; x_wconf 84' lang='grc' dir='ltr'>ὃν</span> <span class='ocrx_word' id='word_1_500' title='bbox 3007 2706 3328 2769; x_wconf 81' lang='grc' dir='ltr'>ἀπέστειλας</span> <span class='ocrx_word' id='word_1_501' title='bbox 3376 2705 3582 2775; x_wconf 78' lang='grc' dir='ltr'>Ἰησοῦν</span> <span class='ocrx_word' id='word_1_502' title='bbox 3606 2694 3746 2777; x_wconf 51' lang='grc' dir='ltr'><strong>Χριέ-</strong></span> 
     </span>
    </p>
   </div>
   <div class='ocr_carea' id='block_1_59' title="bbox 2154 2797 3746 2869">
    <p class='ocr_par' dir='ltr' id='par_1_59' title="bbox 2154 2797 3746 2869">
     <span class='ocr_line' id='line_1_59' title="bbox 2154 2797 3746 2869; baseline 0 -19"><span class='ocrx_word' id='word_1_503' title='bbox 2154 2798 2299 2859; x_wconf 79' lang='grc' dir='ltr'>στόν.</span> <span class='ocrx_word' id='word_1_504' title='bbox 2352 2815 2370 2847; x_wconf 75' lang='grc' dir='ltr'><strong>ι</strong></span> <span class='ocrx_word' id='word_1_505' title='bbox 2419 2798 2527 2851; x_wconf 77' lang='lat' dir='ltr'><strong>Kai.</strong></span> <span class='ocrx_word' id='word_1_506' title='bbox 2564 2800 2611 2851; x_wconf 84' lang='grc' dir='ltr'>εξ</span> <span class='ocrx_word' id='word_1_507' title='bbox 2643 2798 2745 2867; x_wconf 82' lang='grc' dir='ltr'>μὲν</span> <span class='ocrx_word' id='word_1_508' title='bbox 2771 2798 2880 2869; x_wconf 81' lang='grc'><strong>(15)</strong></span> <span class='ocrx_word' id='word_1_509' title='bbox 2916 2799 2995 2861; x_wconf 84' lang='grc' dir='ltr'><strong>είς</strong></span> <span class='ocrx_word' id='word_1_510' title='bbox 3032 2797 3162 2850; x_wconf 81' lang='grc' dir='ltr'>εὐθὺ</span> <span class='ocrx_word' id='word_1_511' title='bbox 3193 2799 3286 2851; x_wconf 74' lang='grc' dir='ltr'><strong>καὶ</strong></span> <span class='ocrx_word' id='word_1_512' title='bbox 3323 2797 3746 2869; x_wconf 74' lang='grc' dir='ltr'>ἀπλανεστάτην</span> 
     </span>
    </p>
   </div>
   <div class='ocr_carea' id='block_1_60' title="bbox 2152 2888 3747 2961">
    <p class='ocr_par' dir='ltr' id='par_1_60' title="bbox 2152 2888 3747 2961">
     <span class='ocr_line' id='line_1_60' title="bbox 2152 2888 3747 2961; baseline 0.001 -19"><span class='ocrx_word' id='word_1_513' title='bbox 2152 2890 2261 2942; x_wconf 84' lang='grc' dir='ltr'>τῶν</span> <span class='ocrx_word' id='word_1_514' title='bbox 2303 2888 2522 2941; x_wconf 69' lang='grc' dir='ltr'>ἐννοιῶν</span> <span class='ocrx_word' id='word_1_515' title='bbox 2565 2889 2701 2955; x_wconf 83' lang='grc' dir='ltr'>αῦτη</span> <span class='ocrx_word' id='word_1_516' title='bbox 2749 2906 2805 2943; x_wconf 89' lang='grc' dir='ltr'><strong>τε</strong></span> <span class='ocrx_word' id='word_1_517' title='bbox 2849 2890 2943 2942; x_wconf 73' lang='grc' dir='ltr'><strong>καὶ</strong></span> <span class='ocrx_word' id='word_1_518' title='bbox 2979 2889 3076 2959; x_wconf 87' lang='grc' dir='ltr'>ούχ</span> <span class='ocrx_word' id='word_1_519' title='bbox 3121 2891 3285 2959; x_wconf 76' lang='grc' dir='ltr'>ἑτέρα</span> <span class='ocrx_word' id='word_1_520' title='bbox 3326 2890 3537 2961; x_wconf 81' lang='grc' dir='ltr'>τρίϐος.</span> <span class='ocrx_word' id='word_1_521' title='bbox 3595 2892 3661 2961; x_wconf 83' lang='grc'><strong>’0¹</strong></span> <span class='ocrx_word' id='word_1_522' title='bbox 3689 2892 3747 2944; x_wconf 77' lang='grc' dir='ltr'>δὲ</span> 
     </span>
    </p>
   </div>
   <div class='ocr_carea' id='block_1_61' title="bbox 2155 2981 3749 3053">
    <p class='ocr_par' dir='ltr' id='par_1_61' title="bbox 2155 2981 3749 3053">
     <span class='ocr_line' id='line_1_61' title="bbox 2155 2981 3749 3053; baseline 0.001 -19"><span class='ocrx_word' id='word_1_523' title='bbox 2155 2982 2266 3036; x_wconf 80' lang='grc' dir='ltr'>ἄνω</span> <span class='ocrx_word' id='word_1_524' title='bbox 2309 3001 2366 3036; x_wconf 86' lang='grc' dir='ltr'><strong>τε</strong></span> <span class='ocrx_word' id='word_1_525' title='bbox 2414 2982 2509 3035; x_wconf 68' lang='grc' dir='ltr'><strong>καλ⁵</strong></span> <span class='ocrx_word' id='word_1_526' title='bbox 2555 2981 2707 3035; x_wconf 89' lang='grc' dir='ltr'>κάτω</span> <span class='ocrx_word' id='word_1_527' title='bbox 2754 2981 2822 3035; x_wconf 75' lang='grc' dir='ltr'>τὰ</span> <span class='ocrx_word' id='word_1_528' title='bbox 2872 2982 3049 3034; x_wconf 80' lang='grc' dir='ltr'>πάντα</span> <span class='ocrx_word' id='word_1_529' title='bbox 3098 2981 3305 3044; x_wconf 82' lang='grc' dir='ltr'>κυκῶν,</span> <span class='ocrx_word' id='word_1_530' title='bbox 3337 2981 3461 3053; x_wconf 74' lang='grc' dir='ltr'><strong>[Διά</strong></span> <span class='ocrx_word' id='word_1_531' title='bbox 3514 2983 3605 3036; x_wconf 74' lang='grc' dir='ltr'>τὸν</span> <span class='ocrx_word' id='word_1_532' title='bbox 3653 3001 3749 3053; x_wconf 76' lang='grc' dir='ltr'><strong>φο⁴</strong></span> 
     </span>
    </p>
   </div>
   <div class='ocr_carea' id='block_1_62' title="bbox 477 3070 2055 3157">
    <p class='ocr_par' dir='ltr' id='par_1_62' title="bbox 477 3070 2047 3141">
     <span class='ocr_line' id='line_1_62' title="bbox 477 3070 2047 3141; baseline -0.003 -14"><span class='ocrx_word' id='word_1_533' title='bbox 477 3072 733 3128; x_wconf 88' lang='lat' dir='ltr'><strong>deorsum</strong></span> <span class='ocrx_word' id='word_1_534' title='bbox 773 3074 953 3127; x_wconf 89' lang='lat' dir='ltr'><strong>omnia</strong></span> <span class='ocrx_word' id='word_1_535' title='bbox 991 3073 1349 3127; x_wconf 84' lang='lat' dir='ltr'><strong>commiscens</strong></span> <span class='ocrx_word' id='word_1_536' title='bbox 1372 3110 1385 3134; x_wconf 91' lang='lat'><strong>,</strong></span> <span class='ocrx_word' id='word_1_537' title='bbox 1427 3070 1676 3141; x_wconf 84' lang='lat' dir='ltr'><strong>[Propter</strong></span> <span class='ocrx_word' id='word_1_538' title='bbox 1712 3080 2047 3140; x_wconf 82' lang='lat' dir='ltr'><strong>gestantem,</strong></span> 
     </span>
    </p>
   </div>
   <div class='ocr_carea' id='block_1_63' title="bbox 2159 3070 3745 3157">
    <p class='ocr_par' dir='ltr' id='par_1_63' title="bbox 2159 3072 3745 3146">
     <span class='ocr_line' id='line_1_63' title="bbox 2159 3072 3745 3146; baseline 0 -19"><span class='ocrx_word' id='word_1_539' title='bbox 2159 3074 2373 3146; x_wconf 65' lang='grc' dir='ltr'>ριῦντα,</span> <span class='ocrx_word' id='word_1_540' title='bbox 2423 3074 2705 3145; x_wconf 75' lang='grc' dir='ltr'>φησὶ,τδν</span> <span class='ocrx_word' id='word_1_541' title='bbox 2752 3072 3086 3145; x_wconf 78' lang='grc' dir='ltr'>φορούμενον</span> <span class='ocrx_word' id='word_1_542' title='bbox 3135 3072 3311 3141; x_wconf 69' lang='grc' dir='ltr'>σέβω·</span> <span class='ocrx_word' id='word_1_543' title='bbox 3358 3073 3449 3126; x_wconf 77' lang='grc' dir='ltr'><strong>διὰ</strong></span> <span class='ocrx_word' id='word_1_544' title='bbox 3511 3073 3603 3126; x_wconf 77' lang='grc' dir='ltr'>τὸν</span> <span class='ocrx_word' id='word_1_545' title='bbox 3655 3093 3745 3128; x_wconf 81' lang='grc' dir='ltr'>κε-</span> 
     </span>
    </p>
   </div>
   <div class='ocr_carea' id='block_1_64' title="bbox 481 3163 2054 3237">
    <p class='ocr_par' dir='ltr' id='par_1_64' title="bbox 481 3163 2054 3237">
     <span class='ocr_line' id='line_1_64' title="bbox 481 3163 2054 3237; baseline -0.001 -18"><span class='ocrx_word' id='word_1_546' title='bbox 481 3166 672 3233; x_wconf 89' lang='lat' dir='ltr'><strong>inquit,</strong></span> <span class='ocrx_word' id='word_1_547' title='bbox 690 3175 953 3237; x_wconf 84' lang='lat' dir='ltr'><strong>gestatum</strong></span> <span class='ocrx_word' id='word_1_548' title='bbox 972 3181 1221 3227; x_wconf 87' lang='lat' dir='ltr'><strong>veneror,</strong></span> <span class='ocrx_word' id='word_1_549' title='bbox 1243 3175 1461 3232; x_wconf 89' lang='lat' dir='ltr'><strong>propter</strong></span> <span class='ocrx_word' id='word_1_550' title='bbox 1479 3163 1730 3217; x_wconf 87' lang='lat' dir='ltr'><strong>latentem</strong></span> <span class='ocrx_word' id='word_1_551' title='bbox 1750 3164 1917 3217; x_wconf 83' lang='lat' dir='ltr'><strong>adoro</strong></span> <span class='ocrx_word' id='word_1_552' title='bbox 1934 3177 2054 3231; x_wconf 87' lang='lat' dir='ltr'><strong>spe-</strong></span> 
     </span>
    </p>
   </div>
   <div class='ocr_carea' id='block_1_65' title="bbox 481 3255 2059 3327">
    <p class='ocr_par' dir='ltr' id='par_1_65' title="bbox 481 3255 2059 3327">
     <span class='ocr_line' id='line_1_65' title="bbox 481 3255 2059 3327; baseline -0.001 -16"><span class='ocrx_word' id='word_1_553' title='bbox 481 3256 779 3327; x_wconf 86' lang='lat' dir='ltr'><strong>ctabilem.]</strong></span> <span class='ocrx_word' id='word_1_554' title='bbox 808 3255 1011 3323; x_wconf 88' lang='lat' dir='ltr'><strong>Cerne,</strong></span> <span class='ocrx_word' id='word_1_555' title='bbox 1037 3270 1242 3324; x_wconf 78' lang='lat' dir='ltr'><strong>quaeso,</strong></span> <span class='ocrx_word' id='word_1_556' title='bbox 1270 3271 1482 3308; x_wconf 86' lang='lat' dir='ltr'><strong>rursum</strong></span> <span class='ocrx_word' id='word_1_557' title='bbox 1508 3255 1704 3323; x_wconf 88' lang='lat' dir='ltr'><strong>ubique</strong></span> <span class='ocrx_word' id='word_1_558' title='bbox 1730 3256 1878 3308; x_wconf 89' lang='lat' dir='ltr'><strong>illum</strong></span> <span class='ocrx_word' id='word_1_559' title='bbox 1905 3255 2059 3310; x_wconf 82' lang='lat' dir='ltr'><strong>unio-</strong></span> 
     </span>
    </p>
   </div>
   <div class='ocr_carea' id='block_1_66' title="bbox 484 3345 2057 3415">
    <p class='ocr_par' dir='ltr' id='par_1_66' title="bbox 484 3345 2057 3415">
     <span class='ocr_line' id='line_1_66' title="bbox 484 3345 2057 3415; baseline 0 -14"><span class='ocrx_word' id='word_1_560' title='bbox 484 3363 607 3401; x_wconf 89' lang='lat' dir='ltr'><strong>nem</strong></span> <span class='ocrx_word' id='word_1_561' title='bbox 649 3347 863 3415; x_wconf 81' lang='lat' dir='ltr'><strong>fugere,</strong></span> <span class='ocrx_word' id='word_1_562' title='bbox 898 3356 953 3400; x_wconf 89' lang='lat' dir='ltr'><strong>et</strong></span> <span class='ocrx_word' id='word_1_563' title='bbox 987 3348 1266 3400; x_wconf 74' lang='lat' dir='ltr'><strong>veritatem</strong></span> <span class='ocrx_word' id='word_1_564' title='bbox 1306 3345 1626 3409; x_wconf 86' lang='lat' dir='ltr'><strong>formidare,</strong></span> <span class='ocrx_word' id='word_1_565' title='bbox 1666 3355 1719 3400; x_wconf 88' lang='lat' dir='ltr'><strong>ct</strong></span> <span class='ocrx_word' id='word_1_566' title='bbox 1755 3347 2057 3401; x_wconf 88' lang='lat' dir='ltr'><strong>divinorum</strong></span> 
     </span>
    </p>
   </div>
   <div class='ocr_carea' id='block_1_67' title="bbox 485 3432 2061 3509">
    <p class='ocr_par' dir='ltr' id='par_1_67' title="bbox 485 3432 2061 3509">
     <span class='ocr_line' id='line_1_67' title="bbox 485 3432 2061 3509; baseline -0.001 -20"><span class='ocrx_word' id='word_1_567' title='bbox 485 3435 591 3507; x_wconf 75' lang='lat'><strong>57</strong></span> <span class='ocrx_word' id='word_1_568' title='bbox 617 3437 926 3509; x_wconf 89' lang='lat' dir='ltr'><strong>dogmatum</strong></span> <span class='ocrx_word' id='word_1_569' title='bbox 961 3448 1166 3489; x_wconf 88' lang='lat' dir='ltr'><strong>rectum</strong></span> <span class='ocrx_word' id='word_1_570' title='bbox 1217 3436 1317 3488; x_wconf 89' lang='lat' dir='ltr'><strong>iter</strong></span> <span class='ocrx_word' id='word_1_571' title='bbox 1360 3435 1552 3488; x_wconf 90' lang='lat' dir='ltr'><strong>vitare.</strong></span> <span class='ocrx_word' id='word_1_572' title='bbox 1598 3432 1715 3487; x_wconf 84' lang='lat' dir='ltr'><strong>Non</strong></span> <span class='ocrx_word' id='word_1_573' title='bbox 1773 3435 1909 3488; x_wconf 89' lang='lat' dir='ltr'><strong>alius</strong></span> <span class='ocrx_word' id='word_1_574' title='bbox 1942 3444 2061 3488; x_wconf 87' lang='lat' dir='ltr'><strong>erat</strong></span> 
     </span>
    </p>
   </div>
   <div class='ocr_carea' id='block_1_68' title="bbox 486 3523 2061 3595">
    <p class='ocr_par' dir='ltr' id='par_1_68' title="bbox 486 3523 2061 3595">
     <span class='ocr_line' id='line_1_68' title="bbox 486 3523 2061 3595; baseline -0.001 -17"><span class='ocrx_word' id='word_1_575' title='bbox 486 3534 703 3595; x_wconf 83' lang='lat' dir='ltr'><strong>gestans</strong></span> <span class='ocrx_word' id='word_1_576' title='bbox 727 3538 755 3578; x_wconf 83' lang='lat' dir='ltr'><strong>a</strong></span> <span class='ocrx_word' id='word_1_577' title='bbox 783 3533 1009 3592; x_wconf 77' lang='lat' dir='ltr'><strong>geslalo,</strong></span> <span class='ocrx_word' id='word_1_578' title='bbox 1030 3527 1121 3578; x_wconf 85' lang='lat' dir='ltr'><strong>sed</strong></span> <span class='ocrx_word' id='word_1_579' title='bbox 1152 3526 1327 3592; x_wconf 81' lang='lat' dir='ltr'><strong>potius</strong></span> <span class='ocrx_word' id='word_1_580' title='bbox 1355 3524 1515 3588; x_wconf 87' lang='lat' dir='ltr'><strong>idem,</strong></span> <span class='ocrx_word' id='word_1_581' title='bbox 1548 3533 1736 3591; x_wconf 89' lang='lat' dir='ltr'><strong>utpote</strong></span> <span class='ocrx_word' id='word_1_582' title='bbox 1756 3523 1806 3575; x_wconf 88' lang='lat' dir='ltr'><strong>itt</strong></span> <span class='ocrx_word' id='word_1_583' title='bbox 1831 3524 2061 3576; x_wconf 89' lang='lat' dir='ltr'><strong>coitione</strong></span> 
     </span>
    </p>
   </div>
   <div class='ocr_carea' id='block_1_69' title="bbox 488 3615 2059 3671">
    <p class='ocr_par' dir='ltr' id='par_1_69' title="bbox 488 3615 2059 3671">
     <span class='ocr_line' id='line_1_69' title="bbox 488 3615 2059 3671; baseline -0.001 0"><span class='ocrx_word' id='word_1_584' title='bbox 488 3616 702 3671; x_wconf 84' lang='lat' dir='ltr'><strong>deitatis</strong></span> <span class='ocrx_word' id='word_1_585' title='bbox 746 3623 801 3668; x_wconf 87' lang='lat' dir='ltr'><strong>et</strong></span> <span class='ocrx_word' id='word_1_586' title='bbox 841 3615 1193 3669; x_wconf 88' lang='lat' dir='ltr'><strong>humanitatis</strong></span> <span class='ocrx_word' id='word_1_587' title='bbox 1244 3616 1613 3669; x_wconf 87' lang='lat' dir='ltr'><strong>consideratus</strong></span> <span class='ocrx_word' id='word_1_588' title='bbox 1657 3633 1670 3668; x_wconf 89' lang='lat'><strong>:</strong></span> <span class='ocrx_word' id='word_1_589' title='bbox 1710 3631 1845 3671; x_wconf 88' lang='lat' dir='ltr'><strong>unus</strong></span> <span class='ocrx_word' id='word_1_590' title='bbox 1898 3618 2059 3669; x_wconf 88' lang='lat' dir='ltr'><strong>etiam</strong></span> 
     </span>
    </p>
   </div>
   <div class='ocr_carea' id='block_1_70' title="bbox 490 3705 2059 3778">
    <p class='ocr_par' dir='ltr' id='par_1_70' title="bbox 490 3705 2059 3778">
     <span class='ocr_line' id='line_1_70' title="bbox 490 3705 2059 3778; baseline 0 -17"><span class='ocrx_word' id='word_1_591' title='bbox 490 3721 553 3761; x_wconf 85' lang='lat' dir='ltr'><strong>ac</strong></span> <span class='ocrx_word' id='word_1_592' title='bbox 578 3707 723 3761; x_wconf 86' lang='lat' dir='ltr'><strong>solus</strong></span> <span class='ocrx_word' id='word_1_593' title='bbox 757 3721 886 3761; x_wconf 85' lang='lat' dir='ltr'><strong>vere</strong></span> <span class='ocrx_word' id='word_1_594' title='bbox 928 3706 1020 3761; x_wconf 88' lang='lat' dir='ltr'><strong>Dei</strong></span> <span class='ocrx_word' id='word_1_595' title='bbox 1062 3716 1116 3761; x_wconf 88' lang='lat' dir='ltr'><strong>et</strong></span> <span class='ocrx_word' id='word_1_596' title='bbox 1165 3706 1338 3760; x_wconf 84' lang='lat' dir='ltr'><strong>Patris</strong></span> <span class='ocrx_word' id='word_1_597' title='bbox 1366 3705 1553 3760; x_wconf 88' lang='lat' dir='ltr'><strong>Filius.</strong></span> <span class='ocrx_word' id='word_1_598' title='bbox 1613 3707 1751 3778; x_wconf 82' lang='lat' dir='ltr'><strong>Ergo</strong></span> <span class='ocrx_word' id='word_1_599' title='bbox 1788 3716 1846 3762; x_wconf 90' lang='lat' dir='ltr'><strong>ut</strong></span> <span class='ocrx_word' id='word_1_600' title='bbox 1898 3724 2059 3761; x_wconf 89' lang='lat' dir='ltr'><strong>unum</strong></span> 
     </span>
    </p>
   </div>
   <div class='ocr_carea' id='block_1_71' title="bbox 491 3797 2064 3867">
    <p class='ocr_par' dir='ltr' id='par_1_71' title="bbox 491 3797 2064 3867">
     <span class='ocr_line' id='line_1_71' title="bbox 491 3797 2064 3867; baseline 0 -14"><span class='ocrx_word' id='word_1_601' title='bbox 491 3799 654 3855; x_wconf 86' lang='lat' dir='ltr'><strong>adora</strong></span> <span class='ocrx_word' id='word_1_602' title='bbox 682 3814 804 3853; x_wconf 90' lang='lat' dir='ltr'><strong>cum</strong></span> <span class='ocrx_word' id='word_1_603' title='bbox 839 3814 934 3852; x_wconf 88' lang='lat' dir='ltr'><strong>sua</strong></span> <span class='ocrx_word' id='word_1_604' title='bbox 964 3813 1129 3853; x_wconf 87' lang='lat' dir='ltr'><strong>carne</strong></span> <span class='ocrx_word' id='word_1_605' title='bbox 1161 3799 1331 3867; x_wconf 85' lang='lat' dir='ltr'><strong>ipsmu</strong></span> <span class='ocrx_word' id='word_1_606' title='bbox 1363 3813 1428 3852; x_wconf 79' lang='lat' dir='ltr'><strong>ex</strong></span> <span class='ocrx_word' id='word_1_607' title='bbox 1465 3798 1572 3852; x_wconf 85' lang='lat' dir='ltr'><strong>Deo</strong></span> <span class='ocrx_word' id='word_1_608' title='bbox 1619 3797 1847 3853; x_wconf 85' lang='lat' dir='ltr'><strong>Verbum</strong></span> <span class='ocrx_word' id='word_1_609' title='bbox 1885 3817 1900 3855; x_wconf 91' lang='lat'><strong>:</strong></span> <span class='ocrx_word' id='word_1_610' title='bbox 1933 3799 2064 3853; x_wconf 80' lang='lat' dir='ltr'><strong>alio-</strong></span> 
     </span>
    </p>
   </div>
   <div class='ocr_carea' id='block_1_72' title="bbox 491 3891 2062 3961">
    <p class='ocr_par' dir='ltr' id='par_1_72' title="bbox 491 3891 2062 3961">
     <span class='ocr_line' id='line_1_72' title="bbox 491 3891 2062 3961; baseline -0.001 -17"><span class='ocrx_word' id='word_1_611' title='bbox 491 3892 582 3961; x_wconf 93' lang='lat' dir='ltr'><strong>qui</strong></span> <span class='ocrx_word' id='word_1_612' title='bbox 616 3891 823 3959; x_wconf 79' lang='lat' dir='ltr'><strong>explica</strong></span> <span class='ocrx_word' id='word_1_613' title='bbox 854 3891 1003 3955; x_wconf 91' lang='lat' dir='ltr'><strong>mihi,</strong></span> <span class='ocrx_word' id='word_1_614' title='bbox 1036 3891 1138 3944; x_wconf 89' lang='lat' dir='ltr'><strong>nisi</strong></span> <span class='ocrx_word' id='word_1_615' title='bbox 1172 3891 1263 3944; x_wconf 91' lang='lat' dir='ltr'><strong>tibi</strong></span> <span class='ocrx_word' id='word_1_616' title='bbox 1293 3900 1435 3945; x_wconf 89' lang='lat' dir='ltr'><strong>recta</strong></span> <span class='ocrx_word' id='word_1_617' title='bbox 1463 3905 1653 3960; x_wconf 88' lang='lat' dir='ltr'><strong>sapere</strong></span> <span class='ocrx_word' id='word_1_618' title='bbox 1688 3892 1890 3955; x_wconf 88' lang='lat' dir='ltr'><strong>videor,</strong></span> <span class='ocrx_word' id='word_1_619' title='bbox 1918 3899 2062 3945; x_wconf 88' lang='lat' dir='ltr'><strong>tuam</strong></span> 
     </span>
    </p>
   </div>
   <div class='ocr_carea' id='block_1_73' title="bbox 494 3981 2061 4052">
    <p class='ocr_par' dir='ltr' id='par_1_73' title="bbox 494 3981 2061 4052">
     <span class='ocr_line' id='line_1_73' title="bbox 494 3981 2061 4052; baseline -0.001 -16"><span class='ocrx_word' id='word_1_620' title='bbox 494 3983 547 4036; x_wconf 94' lang='lat' dir='ltr'><strong>in</strong></span> <span class='ocrx_word' id='word_1_621' title='bbox 582 3982 664 4037; x_wconf 89' lang='lat' dir='ltr'><strong>his</strong></span> <span class='ocrx_word' id='word_1_622' title='bbox 689 3982 936 4051; x_wconf 86' lang='lat' dir='ltr'><strong>loquendi</strong></span> <span class='ocrx_word' id='word_1_623' title='bbox 962 3982 1310 4036; x_wconf 84' lang='lat' dir='ltr'><strong>subtilitatem</strong></span> <span class='ocrx_word' id='word_1_624' title='bbox 1344 3992 1400 4036; x_wconf 90' lang='lat' dir='ltr'><strong>ut</strong></span> <span class='ocrx_word' id='word_1_625' title='bbox 1425 3982 1746 4036; x_wconf 88' lang='lat' dir='ltr'><strong>imbecillam</strong></span> <span class='ocrx_word' id='word_1_626' title='bbox 1777 3981 2061 4052; x_wconf 85' lang='lat' dir='ltr'><strong>repellens.</strong></span> 
     </span>
    </p>
   </div>
   <div class='ocr_carea' id='block_1_74' title="bbox 493 4072 2064 4143">
    <p class='ocr_par' dir='ltr' id='par_1_74' title="bbox 493 4072 2064 4143">
     <span class='ocr_line' id='line_1_74' title="bbox 493 4072 2064 4143; baseline -0.001 -16"><span class='ocrx_word' id='word_1_627' title='bbox 493 4072 630 4127; x_wconf 85' lang='lat' dir='ltr'><strong>Num</strong></span> <span class='ocrx_word' id='word_1_628' title='bbox 668 4073 810 4128; x_wconf 89' lang='lat' dir='ltr'><strong>enim</strong></span> <span class='ocrx_word' id='word_1_629' title='bbox 858 4072 902 4125; x_wconf 89' lang='lat' dir='ltr'><strong>si</strong></span> <span class='ocrx_word' id='word_1_630' title='bbox 963 4072 1085 4141; x_wconf 89' lang='lat' dir='ltr'><strong>quis</strong></span> <span class='ocrx_word' id='word_1_631' title='bbox 1139 4076 1203 4127; x_wconf 92' lang='lat' dir='ltr'><strong>de</strong></span> <span class='ocrx_word' id='word_1_632' title='bbox 1235 4087 1560 4143; x_wconf 90' lang='lat' dir='ltr'><strong>quocunque</strong></span> <span class='ocrx_word' id='word_1_633' title='bbox 1613 4082 1856 4127; x_wconf 90' lang='lat' dir='ltr'><strong>nostrum</strong></span> <span class='ocrx_word' id='word_1_634' title='bbox 1901 4073 2064 4128; x_wconf 88' lang='lat' dir='ltr'><strong>simili</strong></span> 
     </span>
    </p>
   </div>
   <div class='ocr_carea' id='block_1_75' title="bbox 497 4162 2066 4231">
    <p class='ocr_par' dir='ltr' id='par_1_75' title="bbox 497 4162 2066 4231">
     <span class='ocr_line' id='line_1_75' title="bbox 497 4162 2066 4231; baseline 0.001 -14"><span class='ocrx_word' id='word_1_635' title='bbox 497 4163 743 4221; x_wconf 86' lang='lat' dir='ltr'><strong>homine.</strong></span> <span class='ocrx_word' id='word_1_636' title='bbox 778 4162 862 4217; x_wconf 90' lang='lat' dir='ltr'><strong>vel</strong></span> <span class='ocrx_word' id='word_1_637' title='bbox 905 4163 972 4216; x_wconf 88' lang='lat' dir='ltr'><strong>de</strong></span> <span class='ocrx_word' id='word_1_638' title='bbox 1012 4178 1117 4217; x_wconf 93' lang='lat' dir='ltr'><strong>uno</strong></span> <span class='ocrx_word' id='word_1_639' title='bbox 1148 4164 1399 4231; x_wconf 90' lang='lat' dir='ltr'><strong>quopiam</strong></span> <span class='ocrx_word' id='word_1_640' title='bbox 1455 4173 1669 4218; x_wconf 88' lang='lat' dir='ltr'><strong>terreno</strong></span> <span class='ocrx_word' id='word_1_641' title='bbox 1713 4178 1837 4231; x_wconf 79' lang='lat' dir='ltr'><strong>rege</strong></span> <span class='ocrx_word' id='word_1_642' title='bbox 1885 4164 2066 4218; x_wconf 89' lang='lat' dir='ltr'><strong>dicere</strong></span> 
     </span>
    </p>
   </div>
   <div class='ocr_carea' id='block_1_76' title="bbox 495 4252 2068 4323">
    <p class='ocr_par' dir='ltr' id='par_1_76' title="bbox 495 4252 2068 4323">
     <span class='ocr_line' id='line_1_76' title="bbox 495 4252 2068 4323; baseline 0.003 -19"><span class='ocrx_word' id='word_1_643' title='bbox 495 4252 727 4307; x_wconf 90' lang='lat' dir='ltr'><strong>voluerit</strong></span> <span class='ocrx_word' id='word_1_644' title='bbox 771 4270 784 4306; x_wconf 87' lang='lat'><strong>:</strong></span> <span class='ocrx_word' id='word_1_645' title='bbox 838 4252 1062 4320; x_wconf 80' lang='lat' dir='ltr'><strong>Propter</strong></span> <span class='ocrx_word' id='word_1_646' title='bbox 1108 4254 1340 4307; x_wconf 89' lang='lat' dir='ltr'><strong>animam</strong></span> <span class='ocrx_word' id='word_1_647' title='bbox 1396 4254 1537 4323; x_wconf 81' lang='lat' dir='ltr'><strong>regis</strong></span> <span class='ocrx_word' id='word_1_648' title='bbox 1590 4268 1817 4307; x_wconf 86' lang='lat' dir='ltr'><strong>veneror</strong></span> <span class='ocrx_word' id='word_1_649' title='bbox 1871 4268 2068 4323; x_wconf 85' lang='lat' dir='ltr'><strong>corpus</strong></span> 
     </span>
    </p>
   </div>
   <div class='ocr_carea' id='block_1_77' title="bbox 497 4340 2065 4411">
    <p class='ocr_par' dir='ltr' id='par_1_77' title="bbox 497 4340 2065 4411">
     <span class='ocr_line' id='line_1_77' title="bbox 497 4340 2065 4411; baseline 0.001 -16"><span class='ocrx_word' id='word_1_650' title='bbox 497 4340 647 4411; x_wconf 82' lang='lat' dir='ltr'><strong>ejus,</strong></span> <span class='ocrx_word' id='word_1_651' title='bbox 683 4352 901 4411; x_wconf 85' lang='lat' dir='ltr'><strong>propter</strong></span> <span class='ocrx_word' id='word_1_652' title='bbox 930 4341 1181 4396; x_wconf 89' lang='lat' dir='ltr'><strong>latentem</strong></span> <span class='ocrx_word' id='word_1_653' title='bbox 1230 4345 1399 4399; x_wconf 87' lang='lat' dir='ltr'><strong>adoro</strong></span> <span class='ocrx_word' id='word_1_654' title='bbox 1434 4344 1575 4411; x_wconf 89' lang='lat' dir='ltr'><strong>quod</strong></span> <span class='ocrx_word' id='word_1_655' title='bbox 1606 4354 1691 4397; x_wconf 87' lang='lat' dir='ltr'><strong>est</strong></span> <span class='ocrx_word' id='word_1_656' title='bbox 1719 4344 2017 4408; x_wconf 84' lang='lat' dir='ltr'><strong>spectabile</strong></span> <span class='ocrx_word' id='word_1_657' title='bbox 2050 4360 2065 4407; x_wconf 84' lang='lat'><strong>;</strong></span> 
     </span>
    </p>
   </div>
   <div class='ocr_carea' id='block_1_78' title="bbox 2160 3159 3747 3236">
    <p class='ocr_par' dir='ltr' id='par_1_78' title="bbox 2160 3159 3747 3236">
     <span class='ocr_line' id='line_1_78' title="bbox 2160 3159 3747 3236; baseline -0.001 -18"><span class='ocrx_word' id='word_1_658' title='bbox 2160 3166 2498 3236; x_wconf 81' lang='grc' dir='ltr'>κρυμμένον,</span> <span class='ocrx_word' id='word_1_659' title='bbox 2541 3165 2833 3235; x_wconf 80' lang='grc' dir='ltr'>προσκυνῶ</span> <span class='ocrx_word' id='word_1_660' title='bbox 2875 3164 2965 3217; x_wconf 83' lang='grc' dir='ltr'><strong>τὸν</strong></span> <span class='ocrx_word' id='word_1_661' title='bbox 3015 3163 3389 3235; x_wconf 84' lang='grc' dir='ltr'>φαινόμενον.]</span> <span class='ocrx_word' id='word_1_662' title='bbox 3438 3163 3633 3234; x_wconf 80' lang='grc' dir='ltr'>Ἀθρει</span> <span class='ocrx_word' id='word_1_663' title='bbox 3680 3159 3747 3228; x_wconf 77' lang='grc' dir='ltr'>δή</span> 
     </span>
    </p>
   </div>
   <div class='ocr_carea' id='block_1_79' title="bbox 2165 3255 3750 3327">
    <p class='ocr_par' dir='ltr' id='par_1_79' title="bbox 2165 3255 3750 3327">
     <span class='ocr_line' id='line_1_79' title="bbox 2165 3255 3750 3327; baseline 0 -18"><span class='ocrx_word' id='word_1_664' title='bbox 2165 3275 2252 3327; x_wconf 88' lang='grc' dir='ltr'><strong>μοι</strong></span> <span class='ocrx_word' id='word_1_665' title='bbox 2302 3256 2464 3308; x_wconf 83' lang='grc' dir='ltr'>πάλιν</span> <span class='ocrx_word' id='word_1_666' title='bbox 2535 3255 2807 3325; x_wconf 86' lang='grc' dir='ltr'>φεύγοντα</span> <span class='ocrx_word' id='word_1_667' title='bbox 2853 3255 3131 3326; x_wconf 79' lang='grc' dir='ltr'>πανταχοῦ</span> <span class='ocrx_word' id='word_1_668' title='bbox 3196 3255 3296 3325; x_wconf 80' lang='grc' dir='ltr'>τὴν</span> <span class='ocrx_word' id='word_1_669' title='bbox 3358 3256 3590 3319; x_wconf 71' lang='grc' dir='ltr'>ἕνωσιν,</span> <span class='ocrx_word' id='word_1_670' title='bbox 3654 3259 3750 3311; x_wconf 75' lang='grc' dir='ltr'>καὶ</span> 
     </span>
    </p>
   </div>
   <div class='ocr_carea' id='block_1_80' title="bbox 2160 3345 3749 3418">
    <p class='ocr_par' dir='ltr' id='par_1_80' title="bbox 2160 3345 3749 3418">
     <span class='ocr_line' id='line_1_80' title="bbox 2160 3345 3749 3418; baseline -0.002 -17"><span class='ocrx_word' id='word_1_671' title='bbox 2160 3345 2373 3401; x_wconf 83' lang='grc' dir='ltr'>δεδιότα</span> <span class='ocrx_word' id='word_1_672' title='bbox 2426 3345 2489 3399; x_wconf 82' lang='grc' dir='ltr'>τὸ</span> <span class='ocrx_word' id='word_1_673' title='bbox 2539 3345 2762 3416; x_wconf 80' lang='grc' dir='ltr'>ἀληθὲς,</span> <span class='ocrx_word' id='word_1_674' title='bbox 2809 3348 2903 3399; x_wconf 67' lang='grc' dir='ltr'>καὶ</span> <span class='ocrx_word' id='word_1_675' title='bbox 2959 3347 3067 3399; x_wconf 82' lang='grc' dir='ltr'><strong>τῶν</strong></span> <span class='ocrx_word' id='word_1_676' title='bbox 3118 3346 3280 3400; x_wconf 80' lang='grc' dir='ltr'>θείων</span> <span class='ocrx_word' id='word_1_677' title='bbox 3317 3346 3602 3415; x_wconf 80' lang='grc' dir='ltr'>δογμάτων</span> <span class='ocrx_word' id='word_1_678' title='bbox 3648 3348 3749 3418; x_wconf 76' lang='grc' dir='ltr'>τὴν</span> 
     </span>
    </p>
   </div>
   <div class='ocr_carea' id='block_1_81' title="bbox 2162 3434 3750 3515">
    <p class='ocr_par' dir='ltr' id='par_1_81' title="bbox 2162 3434 3750 3515">
     <span class='ocr_line' id='line_1_81' title="bbox 2162 3434 3750 3515; baseline -0.004 -18"><span class='ocrx_word' id='word_1_679' title='bbox 2162 3443 2431 3515; x_wconf 83' lang='grc' dir='ltr'>ὀρθότητα</span> <span class='ocrx_word' id='word_1_680' title='bbox 2486 3438 2941 3510; x_wconf 82' lang='grc' dir='ltr'>παραιτούμενον.</span> <span class='ocrx_word' id='word_1_681' title='bbox 3006 3440 3116 3509; x_wconf 78' lang='grc' dir='ltr'><strong>Οὐχ</strong></span> <span class='ocrx_word' id='word_1_682' title='bbox 3147 3439 3332 3509; x_wconf 72' lang='grc' dir='ltr'>ἕτερος</span> <span class='ocrx_word' id='word_1_683' title='bbox 3358 3434 3427 3509; x_wconf 84' lang='grc' dir='ltr'>ἦν</span> <span class='ocrx_word' id='word_1_684' title='bbox 3487 3440 3515 3491; x_wconf 91' lang='lat'><strong>6</strong></span> <span class='ocrx_word' id='word_1_685' title='bbox 3566 3438 3750 3509; x_wconf 84' lang='grc' dir='ltr'>φορῶν</span> 
     </span>
    </p>
   </div>
   <div class='ocr_carea' id='block_1_82' title="bbox 2163 3531 3752 3607">
    <p class='ocr_par' dir='ltr' id='par_1_82' title="bbox 2163 3531 3752 3607">
     <span class='ocr_line' id='line_1_82' title="bbox 2163 3531 3752 3607; baseline -0.002 -17"><span class='ocrx_word' id='word_1_686' title='bbox 2163 3536 2314 3607; x_wconf 78' lang='grc' dir='ltr'>παρὰ</span> <span class='ocrx_word' id='word_1_687' title='bbox 2354 3535 2445 3588; x_wconf 84' lang='grc' dir='ltr'><strong>τὸν</strong></span> <span class='ocrx_word' id='word_1_688' title='bbox 2488 3531 2851 3603; x_wconf 60' lang='grc' dir='ltr'>φορούμενον</span> <span class='ocrx_word' id='word_1_689' title='bbox 2910 3535 2938 3587; x_wconf 92' lang='lat'><strong>6</strong></span> <span class='ocrx_word' id='word_1_690' title='bbox 2982 3534 3143 3595; x_wconf 70' lang='grc' dir='ltr'>αύτδς</span> <span class='ocrx_word' id='word_1_691' title='bbox 3202 3532 3258 3584; x_wconf 77' lang='grc' dir='ltr'>δὲ</span> <span class='ocrx_word' id='word_1_692' title='bbox 3301 3532 3520 3603; x_wconf 77' lang='grc' dir='ltr'>μᾶλλον,</span> <span class='ocrx_word' id='word_1_693' title='bbox 3583 3534 3656 3595; x_wconf 76' lang='grc' dir='ltr'>ὡς</span> <span class='ocrx_word' id='word_1_694' title='bbox 3690 3535 3752 3588; x_wconf 75' lang='grc' dir='ltr'>ἐν</span> 
     </span>
    </p>
   </div>
   <div class='ocr_carea' id='block_1_83' title="bbox 2166 3624 3752 3700">
    <p class='ocr_par' dir='ltr' id='par_1_83' title="bbox 2166 3624 3752 3700">
     <span class='ocr_line' id='line_1_83' title="bbox 2166 3624 3752 3700; baseline -0.004 -17"><span class='ocrx_word' id='word_1_695' title='bbox 2166 3630 2369 3700; x_wconf 80' lang='grc' dir='ltr'>συνόδῳ</span> <span class='ocrx_word' id='word_1_696' title='bbox 2448 3626 2740 3696; x_wconf 87' lang='grc' dir='ltr'>νοούμενος</span> <span class='ocrx_word' id='word_1_697' title='bbox 2767 3668 2781 3688; x_wconf 85' lang='grc'><strong>,</strong></span> <span class='ocrx_word' id='word_1_698' title='bbox 2838 3624 3090 3696; x_wconf 69' lang='grc' dir='ltr'>θεότητός</span> <span class='ocrx_word' id='word_1_699' title='bbox 3136 3643 3197 3677; x_wconf 89' lang='grc' dir='ltr'><strong>τε</strong></span> <span class='ocrx_word' id='word_1_700' title='bbox 3259 3626 3352 3677; x_wconf 64' lang='grc' dir='ltr'><strong>καλ⁵</strong></span> <span class='ocrx_word' id='word_1_701' title='bbox 3397 3625 3752 3696; x_wconf 80' lang='grc' dir='ltr'>ἀνθρωπότη-</span> 
     </span>
    </p>
   </div>
   <div class='ocr_carea' id='block_1_84' title="bbox 2162 3715 3779 3787">
    <p class='ocr_par' dir='ltr' id='par_1_84' title="bbox 2162 3715 3779 3787">
     <span class='ocr_line' id='line_1_84' title="bbox 2162 3715 3779 3787; baseline -0.002 -13"><span class='ocrx_word' id='word_1_702' title='bbox 2162 3737 2273 3784; x_wconf 87' lang='grc' dir='ltr'>τος·</span> <span class='ocrx_word' id='word_1_703' title='bbox 2326 3715 2407 3781; x_wconf 77' lang='grc' dir='ltr'>εἷς</span> <span class='ocrx_word' id='word_1_704' title='bbox 2439 3736 2497 3772; x_wconf 87' lang='grc' dir='ltr'><strong>τε</strong></span> <span class='ocrx_word' id='word_1_705' title='bbox 2555 3719 2647 3770; x_wconf 77' lang='grc' dir='ltr'><strong>καὶ</strong></span> <span class='ocrx_word' id='word_1_706' title='bbox 2696 3717 2856 3787; x_wconf 82' lang='grc' dir='ltr'>μόνος</span> <span class='ocrx_word' id='word_1_707' title='bbox 2904 3717 3119 3787; x_wconf 79' lang='grc' dir='ltr'>ἀληθῶς</span> <span class='ocrx_word' id='word_1_708' title='bbox 3171 3717 3297 3779; x_wconf 75' lang='grc' dir='ltr'>Υἱὸς</span> <span class='ocrx_word' id='word_1_709' title='bbox 3343 3717 3436 3770; x_wconf 90' lang='grc' dir='ltr'><strong>τοῦ</strong></span> <span class='ocrx_word' id='word_1_710' title='bbox 3466 3717 3600 3771; x_wconf 85' lang='grc' dir='ltr'>Θεοῦ</span> <span class='ocrx_word' id='word_1_711' title='bbox 3655 3718 3779 3771; x_wconf 61' lang='grc' dir='ltr'>καὶι</span> 
     </span>
    </p>
   </div>
   <div class='ocr_carea' id='block_1_85' title="bbox 2165 3804 3752 3879">
    <p class='ocr_par' dir='ltr' id='par_1_85' title="bbox 2165 3804 3752 3879">
     <span class='ocr_line' id='line_1_85' title="bbox 2165 3804 3752 3879; baseline -0.003 -17"><span class='ocrx_word' id='word_1_712' title='bbox 2165 3808 2400 3879; x_wconf 85' lang='grc' dir='ltr'>Πατρός.</span> <span class='ocrx_word' id='word_1_713' title='bbox 2436 3807 2645 3861; x_wconf 75' lang='grc' dir='ltr'>Οὐκοῦν</span> <span class='ocrx_word' id='word_1_714' title='bbox 2681 3805 2756 3868; x_wconf 82' lang='grc' dir='ltr'>ὡς</span> <span class='ocrx_word' id='word_1_715' title='bbox 2803 3806 2900 3858; x_wconf 70' lang='grc' dir='ltr'><strong>ἕνα</strong></span> <span class='ocrx_word' id='word_1_716' title='bbox 2951 3804 3245 3877; x_wconf 79' lang='grc' dir='ltr'>προσκύνει</span> <span class='ocrx_word' id='word_1_717' title='bbox 3296 3806 3435 3874; x_wconf 83' lang='grc' dir='ltr'><strong>μετά</strong></span> <span class='ocrx_word' id='word_1_718' title='bbox 3468 3806 3566 3872; x_wconf 76' lang='grc' dir='ltr'><strong>τῆς</strong></span> <span class='ocrx_word' id='word_1_719' title='bbox 3611 3806 3752 3867; x_wconf 77' lang='grc' dir='ltr'>ιδίας</span> 
     </span>
    </p>
   </div>
   <div class='ocr_carea' id='block_1_86' title="bbox 2166 3895 3751 3970">
    <p class='ocr_par' dir='ltr' id='par_1_86' title="bbox 2166 3895 3751 3970">
     <span class='ocr_line' id='line_1_86' title="bbox 2166 3895 3751 3970; baseline -0.004 -15"><span class='ocrx_word' id='word_1_720' title='bbox 2166 3899 2333 3955; x_wconf 80' lang='grc' dir='ltr'>αὑτοῦ</span> <span class='ocrx_word' id='word_1_721' title='bbox 2373 3898 2574 3970; x_wconf 84' lang='grc' dir='ltr'>σαρκὸς</span> <span class='ocrx_word' id='word_1_722' title='bbox 2602 3897 2693 3950; x_wconf 75' lang='grc' dir='ltr'><strong>τὸν</strong></span> <span class='ocrx_word' id='word_1_723' title='bbox 2738 3898 2803 3950; x_wconf 82' lang='grc' dir='ltr'>ὲκ</span> <span class='ocrx_word' id='word_1_724' title='bbox 2829 3896 2963 3950; x_wconf 82' lang='grc' dir='ltr'>Θεοῦ</span> <span class='ocrx_word' id='word_1_725' title='bbox 3011 3897 3204 3966; x_wconf 88' lang='grc' dir='ltr'>Λόγον.</span> <span class='ocrx_word' id='word_1_726' title='bbox 3251 3896 3400 3949; x_wconf 69' lang='grc' dir='ltr'>Ἐπεὶ</span> <span class='ocrx_word' id='word_1_727' title='bbox 3434 3895 3661 3966; x_wconf 79' lang='grc' dir='ltr'>φράσον,</span> <span class='ocrx_word' id='word_1_728' title='bbox 3697 3898 3751 3949; x_wconf 86' lang='grc' dir='ltr'><strong>εί</strong></span> 
     </span>
    </p>
   </div>
   <div class='ocr_carea' id='block_1_87' title="bbox 2172 3988 3753 4063">
    <p class='ocr_par' dir='ltr' id='par_1_87' title="bbox 2172 3988 3753 4063">
     <span class='ocr_line' id='line_1_87' title="bbox 2172 3988 3753 4063; baseline -0.003 -18"><span class='ocrx_word' id='word_1_729' title='bbox 2172 3994 2246 4063; x_wconf 80' lang='grc' dir='ltr'>μή</span> <span class='ocrx_word' id='word_1_730' title='bbox 2286 4009 2368 4045; x_wconf 86' lang='grc' dir='ltr'><strong>σοι</strong></span> <span class='ocrx_word' id='word_1_731' title='bbox 2397 3991 2539 4044; x_wconf 84' lang='grc' dir='ltr'>δοκῶ</span> <span class='ocrx_word' id='word_1_732' title='bbox 2568 3990 2635 4043; x_wconf 79' lang='grc' dir='ltr'>τὰ</span> <span class='ocrx_word' id='word_1_733' title='bbox 2678 3990 2864 4042; x_wconf 84' lang='grc' dir='ltr'>εἰκότα</span> <span class='ocrx_word' id='word_1_734' title='bbox 2896 3991 3131 4060; x_wconf 83' lang='grc' dir='ltr'>φρονεῖν,</span> <span class='ocrx_word' id='word_1_735' title='bbox 3169 3988 3266 4060; x_wconf 78' lang='grc' dir='ltr'><strong>τὴν</strong></span> <span class='ocrx_word' id='word_1_736' title='bbox 3300 3988 3397 4059; x_wconf 78' lang='grc' dir='ltr'><strong>σὴν</strong></span> <span class='ocrx_word' id='word_1_737' title='bbox 3444 3990 3500 4042; x_wconf 80' lang='grc' dir='ltr'>ὲν</span> <span class='ocrx_word' id='word_1_738' title='bbox 3536 3988 3753 4051; x_wconf 79' lang='grc' dir='ltr'>τούτοις</span> 
     </span>
    </p>
   </div>
   <div class='ocr_carea' id='block_1_88' title="bbox 2172 4072 3754 4151">
    <p class='ocr_par' dir='ltr' id='par_1_88' title="bbox 2172 4072 3754 4151">
     <span class='ocr_line' id='line_1_88' title="bbox 2172 4072 3754 4151; baseline -0.003 -18"><span class='ocrx_word' id='word_1_739' title='bbox 2172 4080 2525 4151; x_wconf 85' lang='grc' dir='ltr'>ίσχνομυθίαν</span> <span class='ocrx_word' id='word_1_740' title='bbox 2554 4079 2630 4142; x_wconf 84' lang='grc' dir='ltr'>ὡς</span> <span class='ocrx_word' id='word_1_741' title='bbox 2665 4078 2868 4149; x_wconf 82' lang='grc' dir='ltr'>ἀδρανῆ</span> <span class='ocrx_word' id='word_1_742' title='bbox 2910 4076 3354 4148; x_wconf 82' lang='grc' dir='ltr'>παρωθούμενος.</span> <span class='ocrx_word' id='word_1_743' title='bbox 3390 4072 3542 4146; x_wconf 72' lang='grc' dir='ltr'><strong>τΑρα</strong></span> <span class='ocrx_word' id='word_1_744' title='bbox 3564 4076 3674 4147; x_wconf 82' lang='grc' dir='ltr'><strong>γὰρ</strong></span> <span class='ocrx_word' id='word_1_745' title='bbox 3705 4078 3754 4129; x_wconf 83' lang='grc' dir='ltr'><strong>εί</strong></span> 
     </span>
    </p>
   </div>
   <div class='ocr_carea' id='block_1_89' title="bbox 2167 4163 3754 4236">
    <p class='ocr_par' dir='ltr' id='par_1_89' title="bbox 2167 4163 3754 4236">
     <span class='ocr_line' id='line_1_89' title="bbox 2167 4163 3754 4236; baseline -0.002 -18"><span class='ocrx_word' id='word_1_746' title='bbox 2167 4166 2229 4236; x_wconf 77' lang='grc' dir='ltr'>δή</span> <span class='ocrx_word' id='word_1_747' title='bbox 2251 4183 2334 4229; x_wconf 84' lang='grc' dir='ltr'><strong>τις</strong></span> <span class='ocrx_word' id='word_1_748' title='bbox 2359 4166 2532 4218; x_wconf 70' lang='grc' dir='ltr'>ἕλοιτο</span> <span class='ocrx_word' id='word_1_749' title='bbox 2554 4165 2732 4233; x_wconf 87' lang='grc' dir='ltr'>λέγειν</span> <span class='ocrx_word' id='word_1_750' title='bbox 2766 4164 2895 4234; x_wconf 72' lang='grc' dir='ltr'>περὶ</span> <span class='ocrx_word' id='word_1_751' title='bbox 2924 4165 3143 4218; x_wconf 81' lang='grc' dir='ltr'>ὁτουοῦν</span> <span class='ocrx_word' id='word_1_752' title='bbox 3177 4163 3285 4218; x_wconf 84' lang='grc' dir='ltr'>τῶν</span> <span class='ocrx_word' id='word_1_753' title='bbox 3315 4165 3436 4219; x_wconf 77' lang='grc' dir='ltr'>καθ’</span> <span class='ocrx_word' id='word_1_754' title='bbox 3470 4166 3621 4235; x_wconf 70' lang='grc' dir='ltr'><strong>ἡμᾶς</strong></span> <span class='ocrx_word' id='word_1_755' title='bbox 3657 4168 3754 4219; x_wconf 81' lang='grc' dir='ltr'>ἀν-</span> 
     </span>
    </p>
   </div>
   <div class='ocr_carea' id='block_1_90' title="bbox 2170 4254 3751 4329">
    <p class='ocr_par' dir='ltr' id='par_1_90' title="bbox 2170 4254 3751 4329">
     <span class='ocr_line' id='line_1_90' title="bbox 2170 4254 3751 4329; baseline -0.002 -19"><span class='ocrx_word' id='word_1_756' title='bbox 2170 4256 2426 4329; x_wconf 81' lang='grc' dir='ltr'>θρώπων,</span> <span class='ocrx_word' id='word_1_757' title='bbox 2455 4257 2620 4327; x_wconf 71' lang='grc' dir='ltr'>ἤγουν</span> <span class='ocrx_word' id='word_1_758' title='bbox 2653 4257 2737 4325; x_wconf 77' lang='grc' dir='ltr'><strong>ἐφ’</strong></span> <span class='ocrx_word' id='word_1_759' title='bbox 2771 4257 2891 4320; x_wconf 78' lang='grc' dir='ltr'>ἑνὸς</span> <span class='ocrx_word' id='word_1_760' title='bbox 2919 4256 3025 4309; x_wconf 82' lang='grc' dir='ltr'>τῶν</span> <span class='ocrx_word' id='word_1_761' title='bbox 3056 4256 3150 4309; x_wconf 75' lang='grc' dir='ltr'><strong>ἐπὶ</strong></span> <span class='ocrx_word' id='word_1_762' title='bbox 3174 4257 3277 4327; x_wconf 82' lang='grc' dir='ltr'><strong>γῆς</strong></span> <span class='ocrx_word' id='word_1_763' title='bbox 3320 4254 3614 4326; x_wconf 70' lang='grc' dir='ltr'>βασιλέων</span> <span class='ocrx_word' id='word_1_764' title='bbox 3650 4254 3751 4308; x_wconf 74' lang='grc' dir='ltr'>Διά</span> 
     </span>
    </p>
   </div>
   <div class='ocr_carea' id='block_1_91' title="bbox 2170 4346 3756 4420">
    <p class='ocr_par' dir='ltr' id='par_1_91' title="bbox 2170 4346 3756 4420">
     <span class='ocr_line' id='line_1_91' title="bbox 2170 4346 3756 4420; baseline -0.001 -19"><span class='ocrx_word' id='word_1_765' title='bbox 2170 4350 2269 4420; x_wconf 75' lang='grc' dir='ltr'>τὴν</span> <span class='ocrx_word' id='word_1_766' title='bbox 2297 4349 2391 4402; x_wconf 88' lang='grc' dir='ltr'><strong>τοῦ</strong></span> <span class='ocrx_word' id='word_1_767' title='bbox 2436 4347 2703 4418; x_wconf 81' lang='grc' dir='ltr'>βασιλέως</span> <span class='ocrx_word' id='word_1_768' title='bbox 2745 4347 2922 4417; x_wconf 73' lang='grc' dir='ltr'>ψυχὴν</span> <span class='ocrx_word' id='word_1_769' title='bbox 2956 4347 3097 4400; x_wconf 73' lang='grc' dir='ltr'>σέϐω</span> <span class='ocrx_word' id='word_1_770' title='bbox 3140 4347 3201 4400; x_wconf 83' lang='grc' dir='ltr'><strong>τὸ</strong></span> <span class='ocrx_word' id='word_1_771' title='bbox 3255 4348 3413 4416; x_wconf 85' lang='grc' dir='ltr'>σῶμα</span> <span class='ocrx_word' id='word_1_772' title='bbox 3450 4347 3637 4409; x_wconf 74' lang='grc' dir='ltr'>αὑτοῦ,</span> <span class='ocrx_word' id='word_1_773' title='bbox 3664 4346 3756 4399; x_wconf 86' lang='grc' dir='ltr'><strong>διά</strong></span> 
     </span>
    </p>
   </div>
   <div class='ocr_carea' id='block_1_92' title="bbox 498 4434 2055 4510">
    <p class='ocr_par' dir='ltr' id='par_1_92' title="bbox 498 4434 2050 4504">
     <span class='ocr_line' id='line_1_92' title="bbox 498 4434 2050 4504; baseline -0.001 -15"><span class='ocrx_word' id='word_1_774' title='bbox 498 4449 607 4489; x_wconf 87' lang='lat' dir='ltr'><strong>non</strong></span> <span class='ocrx_word' id='word_1_775' title='bbox 642 4434 784 4489; x_wconf 86' lang='lat' dir='ltr'><strong>illico</strong></span> <span class='ocrx_word' id='word_1_776' title='bbox 810 4435 988 4504; x_wconf 82' lang='lat' dir='ltr'><strong>quivis</strong></span> <span class='ocrx_word' id='word_1_777' title='bbox 1026 4434 1273 4504; x_wconf 84' lang='lat' dir='ltr'><strong>objurget</strong></span> <span class='ocrx_word' id='word_1_778' title='bbox 1326 4450 1388 4489; x_wconf 89' lang='lat' dir='ltr'><strong>ac</strong></span> <span class='ocrx_word' id='word_1_779' title='bbox 1430 4437 1573 4490; x_wconf 91' lang='lat' dir='ltr'><strong>dicat</strong></span> <span class='ocrx_word' id='word_1_780' title='bbox 1603 4451 1618 4490; x_wconf 87' lang='lat'><strong>:</strong></span> <span class='ocrx_word' id='word_1_781' title='bbox 1656 4436 1794 4502; x_wconf 88' lang='lat' dir='ltr'><strong>Quid</strong></span> <span class='ocrx_word' id='word_1_782' title='bbox 1826 4445 1882 4489; x_wconf 93' lang='lat' dir='ltr'><strong>tu</strong></span> <span class='ocrx_word' id='word_1_783' title='bbox 1919 4435 2050 4490; x_wconf 87' lang='lat' dir='ltr'><strong>lacis</strong></span> 
     </span>
    </p>
   </div>
   <div class='ocr_carea' id='block_1_93' title="bbox 2159 4434 3756 4510">
    <p class='ocr_par' dir='ltr' id='par_1_93' title="bbox 2176 4436 3756 4510">
     <span class='ocr_line' id='line_1_93' title="bbox 2176 4436 3756 4510; baseline -0.001 -17"><span class='ocrx_word' id='word_1_784' title='bbox 2176 4441 2268 4493; x_wconf 74' lang='grc' dir='ltr'><strong>τὸν</strong></span> <span class='ocrx_word' id='word_1_785' title='bbox 2296 4439 2699 4510; x_wconf 80' lang='grc' dir='ltr'>κεκρυμμένον,</span> <span class='ocrx_word' id='word_1_786' title='bbox 2738 4436 3028 4510; x_wconf 76' lang='grc' dir='ltr'>προσκυνῶ</span> <span class='ocrx_word' id='word_1_787' title='bbox 3065 4439 3155 4492; x_wconf 73' lang='grc' dir='ltr'><strong>τὸν</strong></span> <span class='ocrx_word' id='word_1_788' title='bbox 3193 4439 3538 4509; x_wconf 85' lang='grc' dir='ltr'>φαινόμενον,</span> <span class='ocrx_word' id='word_1_789' title='bbox 3566 4439 3666 4493; x_wconf 81' lang='grc' dir='ltr'>οὐκ</span> <span class='ocrx_word' id='word_1_790' title='bbox 3690 4440 3756 4493; x_wconf 79' lang='grc' dir='ltr'>ἄν</span> 
     </span>
    </p>
   </div>
   <div class='ocr_carea' id='block_1_94' title="bbox 497 4522 2071 4595">
    <p class='ocr_par' dir='ltr' id='par_1_94' title="bbox 497 4522 2071 4595">
     <span class='ocr_line' id='line_1_94' title="bbox 497 4522 2071 4595; baseline 0.001 -18"><span class='ocrx_word' id='word_1_791' title='bbox 497 4538 532 4577; x_wconf 88' lang='lat' dir='ltr'><strong>u</strong></span> <span class='ocrx_word' id='word_1_792' title='bbox 567 4523 706 4578; x_wconf 90' lang='lat' dir='ltr'><strong>bone</strong></span> <span class='ocrx_word' id='word_1_793' title='bbox 737 4522 864 4577; x_wconf 82' lang='lat' dir='ltr'><strong>vir?</strong></span> <span class='ocrx_word' id='word_1_794' title='bbox 890 4538 1026 4578; x_wconf 89' lang='lat' dir='ltr'><strong>unus</strong></span> <span class='ocrx_word' id='word_1_795' title='bbox 1057 4526 1277 4579; x_wconf 89' lang='lat' dir='ltr'><strong>omnino</strong></span> <span class='ocrx_word' id='word_1_796' title='bbox 1303 4524 1461 4579; x_wconf 84' lang='lat' dir='ltr'><strong>ltomo</strong></span> <span class='ocrx_word' id='word_1_797' title='bbox 1484 4533 1568 4579; x_wconf 85' lang='lat' dir='ltr'><strong>est</strong></span> <span class='ocrx_word' id='word_1_798' title='bbox 1588 4526 1679 4595; x_wconf 92' lang='lat' dir='ltr'><strong>qui</strong></span> <span class='ocrx_word' id='word_1_799' title='bbox 1729 4540 1907 4578; x_wconf 88' lang='lat' dir='ltr'><strong>rerum</strong></span> <span class='ocrx_word' id='word_1_800' title='bbox 1937 4525 2071 4593; x_wconf 85' lang='lat' dir='ltr'><strong>poti-</strong></span> 
     </span>
    </p>
   </div>
   <div class='ocr_carea' id='block_1_95' title="bbox 502 4616 2071 4685">
    <p class='ocr_par' dir='ltr' id='par_1_95' title="bbox 502 4616 2071 4685">
     <span class='ocr_line' id='line_1_95' title="bbox 502 4616 2071 4685; baseline 0.001 -17"><span class='ocrx_word' id='word_1_801' title='bbox 502 4624 620 4681; x_wconf 91' lang='lat' dir='ltr'><strong>tur,</strong></span> <span class='ocrx_word' id='word_1_802' title='bbox 670 4617 918 4685; x_wconf 85' lang='lat' dir='ltr'><strong>quamvis</strong></span> <span class='ocrx_word' id='word_1_803' title='bbox 958 4630 989 4671; x_wconf 89' lang='lat' dir='ltr'><strong>e</strong></span> <span class='ocrx_word' id='word_1_804' title='bbox 1037 4616 1242 4671; x_wconf 89' lang='lat' dir='ltr'><strong>duobus</strong></span> <span class='ocrx_word' id='word_1_805' title='bbox 1294 4616 1539 4670; x_wconf 89' lang='lat' dir='ltr'><strong>videatur</strong></span> <span class='ocrx_word' id='word_1_806' title='bbox 1590 4618 1952 4685; x_wconf 84' lang='lat' dir='ltr'><strong>compositus,</strong></span> <span class='ocrx_word' id='word_1_807' title='bbox 2004 4631 2071 4669; x_wconf 79' lang='lat' dir='ltr'><strong>ex</strong></span> 
     </span>
    </p>
   </div>
   <div class='ocr_carea' id='block_1_96' title="bbox 500 4705 2073 4778">
    <p class='ocr_par' dir='ltr' id='par_1_96' title="bbox 500 4705 2073 4778">
     <span class='ocr_line' id='line_1_96' title="bbox 500 4705 2073 4778; baseline -0.001 -17"><span class='ocrx_word' id='word_1_808' title='bbox 500 4710 702 4773; x_wconf 85' lang='lat' dir='ltr'><strong>anima,</strong></span> <span class='ocrx_word' id='word_1_809' title='bbox 734 4708 975 4776; x_wconf 89' lang='lat' dir='ltr'><strong>inquam,</strong></span> <span class='ocrx_word' id='word_1_810' title='bbox 1008 4716 1063 4762; x_wconf 90' lang='lat' dir='ltr'><strong>et</strong></span> <span class='ocrx_word' id='word_1_811' title='bbox 1091 4723 1339 4778; x_wconf 90' lang='lat' dir='ltr'><strong>corpore.</strong></span> <span class='ocrx_word' id='word_1_812' title='bbox 1362 4708 1471 4763; x_wconf 87' lang='lat' dir='ltr'><strong>Cur</strong></span> <span class='ocrx_word' id='word_1_813' title='bbox 1499 4708 1661 4778; x_wconf 83' lang='lat' dir='ltr'><strong>igitur</strong></span> <span class='ocrx_word' id='word_1_814' title='bbox 1686 4707 1841 4761; x_wconf 86' lang='lat' dir='ltr'><strong>nobis</strong></span> <span class='ocrx_word' id='word_1_815' title='bbox 1871 4705 2073 4760; x_wconf 80' lang='lat' dir='ltr'><strong>frustra</strong></span> 
     </span>
    </p>
   </div>
   <div class='ocr_carea' id='block_1_97' title="bbox 501 4800 2076 4871">
    <p class='ocr_par' dir='ltr' id='par_1_97' title="bbox 501 4800 2076 4871">
     <span class='ocr_line' id='line_1_97' title="bbox 501 4800 2076 4871; baseline -0.002 -17"><span class='ocrx_word' id='word_1_816' title='bbox 501 4800 755 4868; x_wconf 85' lang='lat' dir='ltr'><strong>nugaris,</strong></span> <span class='ocrx_word' id='word_1_817' title='bbox 792 4816 913 4855; x_wconf 91' lang='lat' dir='ltr'><strong>cum</strong></span> <span class='ocrx_word' id='word_1_818' title='bbox 955 4811 1254 4870; x_wconf 88' lang='lat' dir='ltr'><strong>gestantem</strong></span> <span class='ocrx_word' id='word_1_819' title='bbox 1304 4811 1359 4855; x_wconf 91' lang='lat' dir='ltr'><strong>et</strong></span> <span class='ocrx_word' id='word_1_820' title='bbox 1406 4811 1671 4871; x_wconf 76' lang='lat' dir='ltr'><strong>gestatum</strong></span> <span class='ocrx_word' id='word_1_821' title='bbox 1694 4840 1709 4864; x_wconf 91' lang='lat'><strong>,</strong></span> <span class='ocrx_word' id='word_1_822' title='bbox 1740 4801 1992 4855; x_wconf 89' lang='lat' dir='ltr'><strong>latentem</strong></span> <span class='ocrx_word' id='word_1_823' title='bbox 2021 4807 2076 4852; x_wconf 93' lang='lat' dir='ltr'><strong>et</strong></span> 
     </span>
    </p>
   </div>
   <div class='ocr_carea' id='block_1_98' title="bbox 502 4890 2074 4963">
    <p class='ocr_par' dir='ltr' id='par_1_98' title="bbox 502 4890 2074 4963">
     <span class='ocr_line' id='line_1_98' title="bbox 502 4890 2074 4963; baseline -0.003 -16"><span class='ocrx_word' id='word_1_824' title='bbox 502 4891 847 4963; x_wconf 87' lang='lat' dir='ltr'><strong>spectabilem</strong></span> <span class='ocrx_word' id='word_1_825' title='bbox 883 4891 1117 4961; x_wconf 85' lang='lat' dir='ltr'><strong>appellas</strong></span> <span class='ocrx_word' id='word_1_826' title='bbox 1145 4931 1160 4955; x_wconf 91' lang='lat'><strong>,</strong></span> <span class='ocrx_word' id='word_1_827' title='bbox 1195 4901 1248 4946; x_wconf 92' lang='lat' dir='ltr'><strong>et</strong></span> <span class='ocrx_word' id='word_1_828' title='bbox 1292 4901 1546 4960; x_wconf 88' lang='lat' dir='ltr'><strong>tanquam</strong></span> <span class='ocrx_word' id='word_1_829' title='bbox 1602 4891 1766 4944; x_wconf 91' lang='lat' dir='ltr'><strong>alium</strong></span> <span class='ocrx_word' id='word_1_830' title='bbox 1811 4906 1933 4944; x_wconf 89' lang='lat' dir='ltr'><strong>cum</strong></span> <span class='ocrx_word' id='word_1_831' title='bbox 1968 4890 2074 4942; x_wconf 91' lang='lat' dir='ltr'><strong>alio</strong></span> 
     </span>
    </p>
   </div>
   <div class='ocr_carea' id='block_1_99' title="bbox 504 4979 2072 5050">
    <p class='ocr_par' dir='ltr' id='par_1_99' title="bbox 504 4979 2072 5050">
     <span class='ocr_line' id='line_1_99' title="bbox 504 4979 2072 5050; baseline -0.001 -17"><span class='ocrx_word' id='word_1_832' title='bbox 504 4981 662 5034; x_wconf 85' lang='lat' dir='ltr'><strong>simul</strong></span> <span class='ocrx_word' id='word_1_833' title='bbox 717 4980 945 5035; x_wconf 87' lang='lat' dir='ltr'><strong>adorare</strong></span> <span class='ocrx_word' id='word_1_834' title='bbox 986 4980 1291 5050; x_wconf 83' lang='lat' dir='ltr'><strong>profiteris,</strong></span> <span class='ocrx_word' id='word_1_835' title='bbox 1322 4990 1378 5035; x_wconf 91' lang='lat' dir='ltr'><strong>et</strong></span> <span class='ocrx_word' id='word_1_836' title='bbox 1426 4981 1642 5035; x_wconf 87' lang='lat' dir='ltr'><strong>modum</strong></span> <span class='ocrx_word' id='word_1_837' title='bbox 1695 4979 1910 5033; x_wconf 89' lang='lat' dir='ltr'><strong>unionis</strong></span> <span class='ocrx_word' id='word_1_838' title='bbox 1941 4993 2072 5032; x_wconf 87' lang='lat' dir='ltr'><strong>con-</strong></span> 
     </span>
    </p>
   </div>
   <div class='ocr_carea' id='block_1_100' title="bbox 508 5058 2078 5142">
    <p class='ocr_par' dir='ltr' id='par_1_100' title="bbox 508 5058 2078 5142">
     <span class='ocr_line' id='line_1_100' title="bbox 508 5058 2078 5142; baseline -0.001 -18"><span class='ocrx_word' id='word_1_839' title='bbox 508 5072 741 5128; x_wconf 75' lang='lat' dir='ltr'><strong>temnis?</strong></span> <span class='ocrx_word' id='word_1_840' title='bbox 771 5088 894 5126; x_wconf 86' lang='lat' dir='ltr'><strong>cum</strong></span> <span class='ocrx_word' id='word_1_841' title='bbox 943 5058 1201 5127; x_wconf 82' lang='lat' dir='ltr'><strong>divinitus</strong></span> <span class='ocrx_word' id='word_1_842' title='bbox 1255 5073 1527 5142; x_wconf 78' lang='lat' dir='ltr'><strong>inspirata:</strong></span> <span class='ocrx_word' id='word_1_843' title='bbox 1570 5069 1790 5125; x_wconf 77' lang='lat' dir='ltr'><strong>Littera:</strong></span> <span class='ocrx_word' id='word_1_844' title='bbox 1846 5070 1977 5124; x_wconf 90' lang='lat' dir='ltr'><strong>illud</strong></span> <span class='ocrx_word' id='word_1_845' title='bbox 2010 5084 2078 5123; x_wconf 78' lang='lat' dir='ltr'><strong>ex</strong></span> 
     </span>
    </p>
   </div>
   <div class='ocr_carea' id='block_1_101' title="bbox 506 5161 2082 5231">
    <p class='ocr_par' dir='ltr' id='par_1_101' title="bbox 506 5161 2082 5231">
     <span class='ocr_line' id='line_1_101' title="bbox 506 5161 2082 5231; baseline 0 -16"><span class='ocrx_word' id='word_1_846' title='bbox 506 5161 618 5216; x_wconf 87' lang='lat' dir='ltr'><strong>Deo</strong></span> <span class='ocrx_word' id='word_1_847' title='bbox 649 5163 803 5217; x_wconf 84' lang='lat' dir='ltr'><strong>Patre</strong></span> <span class='ocrx_word' id='word_1_848' title='bbox 854 5163 1084 5219; x_wconf 84' lang='lat' dir='ltr'><strong>Verbum</strong></span> <span class='ocrx_word' id='word_1_849' title='bbox 1119 5178 1241 5218; x_wconf 87' lang='lat' dir='ltr'><strong>cum</strong></span> <span class='ocrx_word' id='word_1_850' title='bbox 1294 5178 1392 5217; x_wconf 92' lang='lat' dir='ltr'><strong>suo</strong></span> <span class='ocrx_word' id='word_1_851' title='bbox 1438 5177 1662 5231; x_wconf 87' lang='lat' dir='ltr'><strong>corpore</strong></span> <span class='ocrx_word' id='word_1_852' title='bbox 1713 5177 1878 5215; x_wconf 90' lang='lat' dir='ltr'><strong>unum</strong></span> <span class='ocrx_word' id='word_1_853' title='bbox 1927 5161 2082 5215; x_wconf 88' lang='lat' dir='ltr'><strong>nobis</strong></span> 
     </span>
    </p>
   </div>
   <div class='ocr_carea' id='block_1_102' title="bbox 508 5253 2075 5325">
    <p class='ocr_par' dir='ltr' id='par_1_102' title="bbox 508 5253 2075 5325">
     <span class='ocr_line' id='line_1_102' title="bbox 508 5253 2075 5325; baseline -0.001 -16"><span class='ocrx_word' id='word_1_854' title='bbox 508 5253 782 5310; x_wconf 87' lang='lat' dir='ltr'><strong>Christum</strong></span> <span class='ocrx_word' id='word_1_855' title='bbox 814 5266 871 5311; x_wconf 88' lang='lat' dir='ltr'><strong>et</strong></span> <span class='ocrx_word' id='word_1_856' title='bbox 898 5258 1179 5313; x_wconf 85' lang='lat' dir='ltr'><strong>Dominum</strong></span> <span class='ocrx_word' id='word_1_857' title='bbox 1222 5270 1345 5312; x_wconf 85' lang='lat' dir='ltr'><strong>esse</strong></span> <span class='ocrx_word' id='word_1_858' title='bbox 1365 5253 1716 5325; x_wconf 89' lang='lat' dir='ltr'><strong>pronuntient</strong></span> <span class='ocrx_word' id='word_1_859' title='bbox 1738 5254 1762 5309; x_wconf 84' lang='lat'>?</span> <span class='ocrx_word' id='word_1_860' title='bbox 1788 5254 1870 5307; x_wconf 84' lang='lat' dir='ltr'><strong>An</strong></span> <span class='ocrx_word' id='word_1_861' title='bbox 1918 5253 2075 5324; x_wconf 84' lang='lat' dir='ltr'><strong>igno—</strong></span> 
     </span>
    </p>
   </div>
   <div class='ocr_carea' id='block_1_103' title="bbox 574 5406 2123 5478">
    <p class='ocr_par' dir='ltr' id='par_1_103' title="bbox 574 5406 2123 5478">
     <span class='ocr_line' id='line_1_103' title="bbox 574 5406 2123 5478; baseline -0.002 -13"><span class='ocrx_word' id='word_1_862' title='bbox 574 5411 621 5444; x_wconf 82' lang='lat'><strong>&#39;°</strong></span> <span class='ocrx_word' id='word_1_863' title='bbox 652 5408 806 5465; x_wconf 78' lang='lat' dir='ltr'><strong>Joan.</strong></span> <span class='ocrx_word' id='word_1_864' title='bbox 835 5425 915 5475; x_wconf 86' lang='grc' dir='ltr'>ιιι,</span> <span class='ocrx_word' id='word_1_865' title='bbox 956 5412 1039 5467; x_wconf 80' lang='grc'><strong>16.</strong></span> <span class='ocrx_word' id='word_1_866' title='bbox 1114 5414 1160 5444; x_wconf 86' lang='grc'><strong>⁵⁷</strong></span> <span class='ocrx_word' id='word_1_867' title='bbox 1186 5411 1342 5468; x_wconf 82' lang='lat' dir='ltr'><strong>Joan.</strong></span> <span class='ocrx_word' id='word_1_868' title='bbox 1374 5426 1483 5476; x_wconf 77' lang='lat' dir='ltr'><strong>xw,</strong></span> <span class='ocrx_word' id='word_1_869' title='bbox 1511 5411 1563 5467; x_wconf 93' lang='lat'><strong>9.</strong></span> <span class='ocrx_word' id='word_1_870' title='bbox 1642 5409 1687 5442; x_wconf 79' lang='lat'>&quot;</span> <span class='ocrx_word' id='word_1_871' title='bbox 1713 5406 1871 5463; x_wconf 84' lang='lat' dir='ltr'><strong>Joan.</strong></span> <span class='ocrx_word' id='word_1_872' title='bbox 1903 5423 2039 5478; x_wconf 80' lang='lat' dir='ltr'><strong>xvn,</strong></span> <span class='ocrx_word' id='word_1_873' title='bbox 2069 5409 2123 5463; x_wconf 72' lang='grc'><strong>3.</strong></span> 
     </span>
    </p>
   </div>
   <div class='ocr_carea' id='block_1_104' title="bbox 2175 4528 3757 4604">
    <p class='ocr_par' dir='ltr' id='par_1_104' title="bbox 2175 4528 3757 4604">
     <span class='ocr_line' id='line_1_104' title="bbox 2175 4528 3757 4604; baseline -0.002 -17"><span class='ocrx_word' id='word_1_874' title='bbox 2175 4551 2260 4597; x_wconf 86' lang='grc' dir='ltr'><strong>τις</strong></span> <span class='ocrx_word' id='word_1_875' title='bbox 2291 4532 2451 4596; x_wconf 70' lang='grc' dir='ltr'>εὐθὺς</span> <span class='ocrx_word' id='word_1_876' title='bbox 2483 4533 2806 4604; x_wconf 73' lang='grc' dir='ltr'>ὲπισκήψειε</span> <span class='ocrx_word' id='word_1_877' title='bbox 2829 4551 2843 4564; x_wconf 76' lang='grc' dir='ltr'><strong><em>ο</em></strong></span> <span class='ocrx_word' id='word_1_878' title='bbox 2872 4535 2937 4587; x_wconf 83' lang='grc' dir='ltr'>Τί</span> <span class='ocrx_word' id='word_1_879' title='bbox 2965 4535 3118 4604; x_wconf 74' lang='grc' dir='ltr'>δρᾷς,</span> <span class='ocrx_word' id='word_1_880' title='bbox 3145 4528 3190 4587; x_wconf 78' lang='grc' dir='ltr'><strong>ὦ</strong></span> <span class='ocrx_word' id='word_1_881' title='bbox 3225 4528 3416 4599; x_wconf 75' lang='grc' dir='ltr'>οῦτοςς</span> <span class='ocrx_word' id='word_1_882' title='bbox 3449 4533 3647 4602; x_wconf 80' lang='grc' dir='ltr'>λέγων·</span> <span class='ocrx_word' id='word_1_883' title='bbox 3674 4528 3757 4596; x_wconf 80' lang='grc' dir='ltr'>εἷς</span> 
     </span>
    </p>
   </div>
   <div class='ocr_carea' id='block_1_105' title="bbox 2180 4623 3755 4696">
    <p class='ocr_par' dir='ltr' id='par_1_105' title="bbox 2180 4623 3755 4696">
     <span class='ocr_line' id='line_1_105' title="bbox 2180 4623 3755 4696; baseline -0.001 -18"><span class='ocrx_word' id='word_1_884' title='bbox 2180 4642 2281 4678; x_wconf 85' lang='grc' dir='ltr'><strong>που</strong></span> <span class='ocrx_word' id='word_1_885' title='bbox 2313 4624 2529 4688; x_wconf 78' lang='grc' dir='ltr'>πάντως</span> <span class='ocrx_word' id='word_1_886' title='bbox 2554 4623 2840 4695; x_wconf 80' lang='grc' dir='ltr'>ἄνθρωπός</span> <span class='ocrx_word' id='word_1_887' title='bbox 2877 4626 3025 4678; x_wconf 79' lang='grc' dir='ltr'>ἐστιν</span> <span class='ocrx_word' id='word_1_888' title='bbox 3054 4627 3082 4678; x_wconf 88' lang='lat'><strong>6</strong></span> <span class='ocrx_word' id='word_1_889' title='bbox 3114 4625 3350 4696; x_wconf 83' lang='grc' dir='ltr'>κρατῶν.</span> <span class='ocrx_word' id='word_1_890' title='bbox 3386 4624 3489 4678; x_wconf 83' lang='grc' dir='ltr'>κᾶν</span> <span class='ocrx_word' id='word_1_891' title='bbox 3513 4627 3578 4679; x_wconf 84' lang='grc' dir='ltr'>ὲκ</span> <span class='ocrx_word' id='word_1_892' title='bbox 3610 4625 3755 4677; x_wconf 81' lang='grc' dir='ltr'>δυοῖν</span> 
     </span>
    </p>
   </div>
   <div class='ocr_carea' id='block_1_106' title="bbox 2181 4714 3823 4788">
    <p class='ocr_par' dir='ltr' id='par_1_106' title="bbox 2181 4714 3823 4788">
     <span class='ocr_line' id='line_1_106' title="bbox 2181 4714 3823 4788; baseline 0.001 -19"><span class='ocrx_word' id='word_1_893' title='bbox 2181 4714 2353 4786; x_wconf 82' lang='grc' dir='ltr'>ὁρῷτο</span> <span class='ocrx_word' id='word_1_894' title='bbox 2384 4716 2761 4787; x_wconf 83' lang='grc' dir='ltr'>συγκείμενος,</span> <span class='ocrx_word' id='word_1_895' title='bbox 2785 4716 2964 4788; x_wconf 75' lang='grc' dir='ltr'>ψυχῆς</span> <span class='ocrx_word' id='word_1_896' title='bbox 2995 4716 3061 4787; x_wconf 78' lang='grc' dir='ltr'>δὴ</span> <span class='ocrx_word' id='word_1_897' title='bbox 3105 4715 3246 4784; x_wconf 81' lang='grc' dir='ltr'>λέγω</span> <span class='ocrx_word' id='word_1_898' title='bbox 3275 4715 3369 4769; x_wconf 80' lang='grc' dir='ltr'>καὶ</span> <span class='ocrx_word' id='word_1_899' title='bbox 3396 4716 3664 4786; x_wconf 80' lang='grc' dir='ltr'>σώματος.</span> <span class='ocrx_word' id='word_1_900' title='bbox 3691 4716 3759 4769; x_wconf 83' lang='grc' dir='ltr'>Τί</span> <span class='ocrx_word' id='word_1_901' title='bbox 3802 4760 3823 4771; x_wconf 52' lang='grc' dir='ltr'><strong>ς</strong></span> 
     </span>
    </p>
   </div>
   <div class='ocr_carea' id='block_1_107' title="bbox 2181 4805 3759 4878">
    <p class='ocr_par' dir='ltr' id='par_1_107' title="bbox 2181 4805 3759 4878">
     <span class='ocr_line' id='line_1_107' title="bbox 2181 4805 3759 4878; baseline 0.001 -19"><span class='ocrx_word' id='word_1_902' title='bbox 2181 4807 2360 4859; x_wconf 89' lang='grc' dir='ltr'>τοίνυν</span> <span class='ocrx_word' id='word_1_903' title='bbox 2392 4808 2525 4876; x_wconf 84' lang='grc' dir='ltr'>ἡμῖν</span> <span class='ocrx_word' id='word_1_904' title='bbox 2562 4808 2682 4876; x_wconf 83' lang='grc' dir='ltr'>είκῆ</span> <span class='ocrx_word' id='word_1_905' title='bbox 2716 4807 3085 4878; x_wconf 79' lang='grc' dir='ltr'>βατταρίζεις,</span> <span class='ocrx_word' id='word_1_906' title='bbox 3131 4805 3397 4877; x_wconf 83' lang='grc' dir='ltr'>φοροῦντα</span> <span class='ocrx_word' id='word_1_907' title='bbox 3427 4806 3522 4859; x_wconf 71' lang='grc' dir='ltr'><strong>καὶ</strong></span> <span class='ocrx_word' id='word_1_908' title='bbox 3557 4806 3759 4876; x_wconf 82' lang='grc' dir='ltr'>φορού-</span> 
     </span>
    </p>
   </div>
   <div class='ocr_carea' id='block_1_108' title="bbox 2187 4896 3760 4969">
    <p class='ocr_par' dir='ltr' id='par_1_108' title="bbox 2187 4896 3760 4969">
     <span class='ocr_line' id='line_1_108' title="bbox 2187 4896 3760 4969; baseline -0.001 -19"><span class='ocrx_word' id='word_1_909' title='bbox 2187 4914 2369 4967; x_wconf 87' lang='grc' dir='ltr'>μενον,</span> <span class='ocrx_word' id='word_1_910' title='bbox 2399 4898 2782 4969; x_wconf 82' lang='grc' dir='ltr'>κεκρυμμένον</span> <span class='ocrx_word' id='word_1_911' title='bbox 2820 4900 2914 4953; x_wconf 76' lang='grc' dir='ltr'><strong>καὶ</strong></span> <span class='ocrx_word' id='word_1_912' title='bbox 2955 4899 3280 4968; x_wconf 84' lang='grc' dir='ltr'>φαινόμενον</span> <span class='ocrx_word' id='word_1_913' title='bbox 3313 4896 3615 4967; x_wconf 70' lang='grc' dir='ltr'>ὀνομάζων,</span> <span class='ocrx_word' id='word_1_914' title='bbox 3662 4897 3760 4950; x_wconf 79' lang='grc' dir='ltr'><strong>καὶ</strong></span> 
     </span>
    </p>
   </div>
   <div class='ocr_carea' id='block_1_109' title="bbox 2182 4987 3758 5060">
    <p class='ocr_par' dir='ltr' id='par_1_109' title="bbox 2182 4987 3758 5060">
     <span class='ocr_line' id='line_1_109' title="bbox 2182 4987 3758 5060; baseline 0.001 -21"><span class='ocrx_word' id='word_1_915' title='bbox 2182 4987 2258 5050; x_wconf 87' lang='grc' dir='ltr'>ὡς</span> <span class='ocrx_word' id='word_1_916' title='bbox 2289 4987 2475 5058; x_wconf 76' lang='grc' dir='ltr'>ἕτερον</span> <span class='ocrx_word' id='word_1_917' title='bbox 2505 4990 2675 5060; x_wconf 84' lang='grc' dir='ltr'>ἑτέρῳ</span> <span class='ocrx_word' id='word_1_918' title='bbox 2720 4992 3161 5060; x_wconf 86' lang='grc' dir='ltr'>συμπροσκυνεῖν</span> <span class='ocrx_word' id='word_1_919' title='bbox 3202 4987 3500 5058; x_wconf 69' lang='grc' dir='ltr'>ὁμολογῶν,</span> <span class='ocrx_word' id='word_1_920' title='bbox 3545 4988 3636 5040; x_wconf 71' lang='grc' dir='ltr'>καὶ</span> <span class='ocrx_word' id='word_1_921' title='bbox 3666 4987 3758 5040; x_wconf 68' lang='grc' dir='ltr'>τὸν</span> 
     </span>
    </p>
   </div>
   <div class='ocr_carea' id='block_1_110' title="bbox 2183 5078 3766 5153">
    <p class='ocr_par' dir='ltr' id='par_1_110' title="bbox 2183 5078 3766 5153">
     <span class='ocr_line' id='line_1_110' title="bbox 2183 5078 3766 5153; baseline -0.001 -21"><span class='ocrx_word' id='word_1_922' title='bbox 2183 5078 2285 5149; x_wconf 83' lang='grc' dir='ltr'>τῆς</span> <span class='ocrx_word' id='word_1_923' title='bbox 2338 5079 2583 5143; x_wconf 80' lang='grc' dir='ltr'>ἐνὼσεως</span> <span class='ocrx_word' id='word_1_924' title='bbox 2631 5080 2916 5151; x_wconf 80' lang='grc' dir='ltr'>ἀτιμάζων</span> <span class='ocrx_word' id='word_1_925' title='bbox 2970 5081 3205 5153; x_wconf 80' lang='grc' dir='ltr'>τρόπονς</span> <span class='ocrx_word' id='word_1_926' title='bbox 3262 5079 3360 5131; x_wconf 71' lang='grc' dir='ltr'>ἕνα</span> <span class='ocrx_word' id='word_1_927' title='bbox 3395 5078 3629 5149; x_wconf 83' lang='grc' dir='ltr'>Χριστὸν</span> <span class='ocrx_word' id='word_1_928' title='bbox 3668 5080 3766 5131; x_wconf 78' lang='grc' dir='ltr'><strong>καὶ</strong></span> 
     </span>
    </p>
   </div>
   <div class='ocr_carea' id='block_1_111' title="bbox 2186 5167 3765 5242">
    <p class='ocr_par' dir='ltr' id='par_1_111' title="bbox 2186 5167 3765 5242">
     <span class='ocr_line' id='line_1_111' title="bbox 2186 5167 3765 5242; baseline 0.004 -20"><span class='ocrx_word' id='word_1_929' title='bbox 2186 5169 2391 5239; x_wconf 80' lang='grc' dir='ltr'>Κύριον</span> <span class='ocrx_word' id='word_1_930' title='bbox 2421 5170 2829 5241; x_wconf 86' lang='grc' dir='ltr'>ἀποφαινούσης</span> <span class='ocrx_word' id='word_1_931' title='bbox 2854 5172 2983 5241; x_wconf 82' lang='grc' dir='ltr'>ἡμῖν</span> <span class='ocrx_word' id='word_1_932' title='bbox 3010 5171 3107 5242; x_wconf 76' lang='grc' dir='ltr'>τῆς</span> <span class='ocrx_word' id='word_1_933' title='bbox 3131 5168 3489 5222; x_wconf 84' lang='grc' dir='ltr'>θεοπνεύστου</span> <span class='ocrx_word' id='word_1_934' title='bbox 3514 5167 3765 5238; x_wconf 58' lang='grc' dir='ltr'>Γραφῆς.</span> 
     </span>
    </p>
   </div>
   <div class='ocr_carea' id='block_1_112' title="bbox 2184 5254 3765 5329">
    <p class='ocr_par' dir='ltr' id='par_1_112' title="bbox 2184 5254 3765 5329">
     <span class='ocr_line' id='line_1_112' title="bbox 2184 5254 3765 5329; baseline 0 -20"><span class='ocrx_word' id='word_1_935' title='bbox 2184 5257 2275 5309; x_wconf 75' lang='grc' dir='ltr'>τὸν</span> <span class='ocrx_word' id='word_1_936' title='bbox 2309 5259 2372 5311; x_wconf 80' lang='grc' dir='ltr'>ἐκ</span> <span class='ocrx_word' id='word_1_937' title='bbox 2400 5257 2536 5311; x_wconf 89' lang='grc' dir='ltr'>Θεοῦ</span> <span class='ocrx_word' id='word_1_938' title='bbox 2568 5257 2781 5327; x_wconf 77' lang='grc' dir='ltr'>[ἰατρὸς</span> <span class='ocrx_word' id='word_1_939' title='bbox 2809 5258 2980 5327; x_wconf 87' lang='grc' dir='ltr'>Λόγον</span> <span class='ocrx_word' id='word_1_940' title='bbox 3017 5258 3157 5329; x_wconf 85' lang='grc' dir='ltr'><strong>μετά</strong></span> <span class='ocrx_word' id='word_1_941' title='bbox 3186 5254 3281 5310; x_wconf 91' lang='grc' dir='ltr'><strong>τοῦ</strong></span> <span class='ocrx_word' id='word_1_942' title='bbox 3311 5256 3444 5310; x_wconf 86' lang='grc' dir='ltr'>ίδίου</span> <span class='ocrx_word' id='word_1_943' title='bbox 3474 5255 3765 5326; x_wconf 83' lang='grc' dir='ltr'>σώματος;</span> 
     </span>
    </p>
   </div>
   <div class='ocr_carea' id='block_1_113' title="bbox 1786 5561 2528 5622">
    <p class='ocr_par' dir='ltr' id='par_1_113' title="bbox 1786 5561 2528 5622">
     <span class='ocr_line' id='line_1_113' title="bbox 1786 5561 2528 5622; baseline -0.007 0"><span class='ocrx_word' id='word_1_944' title='bbox 1786 5565 1949 5622; x_wconf 79' lang='grc' dir='ltr'><strong>ΔΝΤ.</strong></span> <span class='ocrx_word' id='word_1_945' title='bbox 1988 5562 2256 5619; x_wconf 76' lang='lat' dir='ltr'><strong>AGELLII</strong></span> <span class='ocrx_word' id='word_1_946' title='bbox 2295 5561 2528 5618; x_wconf 63' lang='lat' dir='ltr'><strong>NOTAE.</strong></span> 
     </span>
    </p>
   </div>
   <div class='ocr_carea' id='block_1_114' title="bbox 589 5715 2055 5808">
    <p class='ocr_par' dir='ltr' id='par_1_114' title="bbox 589 5725 2055 5808">
     <span class='ocr_line' id='line_1_114' title="bbox 589 5725 2055 5808; baseline -0.005 -19"><span class='ocrx_word' id='word_1_947' title='bbox 589 5732 706 5808; x_wconf 76' lang='lat' dir='ltr'><strong>(l5)</strong></span> <span class='ocrx_word' id='word_1_948' title='bbox 736 5731 1036 5805; x_wconf 77' lang='lat' dir='ltr'><strong>chendum</strong></span> <span class='ocrx_word' id='word_1_949' title='bbox 1066 5733 1163 5787; x_wconf 71' lang='grc' dir='ltr'><strong>καὶ</strong></span> <span class='ocrx_word' id='word_1_950' title='bbox 1204 5731 1237 5801; x_wconf 75' lang='grc' dir='ltr'>ἡ</span> <span class='ocrx_word' id='word_1_951' title='bbox 1272 5730 1391 5801; x_wconf 82' lang='grc' dir='ltr'>μέν.</span> <span class='ocrx_word' id='word_1_952' title='bbox 1430 5728 1518 5786; x_wconf 88' lang='lat' dir='ltr'><strong>Sic</strong></span> <span class='ocrx_word' id='word_1_953' title='bbox 1552 5727 1685 5785; x_wconf 76' lang='lat' dir='ltr'><strong>dixit</strong></span> <span class='ocrx_word' id='word_1_954' title='bbox 1727 5742 1846 5797; x_wconf 83' lang='lat' dir='ltr'><strong>pag.</strong></span> <span class='ocrx_word' id='word_1_955' title='bbox 1884 5725 1974 5797; x_wconf 74' lang='lat'><strong>48,</strong></span> <span class='ocrx_word' id='word_1_956' title='bbox 2003 5744 2055 5781; x_wconf 71' lang='grc' dir='ltr'><strong>κε</strong></span> 
     </span>
    </p>
   </div>
   <div class='ocr_carea' id='block_1_115' title="bbox 2159 5715 3025 5808">
    <p class='ocr_par' dir='ltr' id='par_1_115' title="bbox 2193 5715 3025 5793">
     <span class='ocr_line' id='line_1_115' title="bbox 2193 5715 3025 5793; baseline -0.002 -20"><span class='ocrx_word' id='word_1_957' title='bbox 2193 5721 2291 5793; x_wconf 81' lang='grc' dir='ltr'>μὲν</span> <span class='ocrx_word' id='word_1_958' title='bbox 2317 5719 2424 5774; x_wconf 82' lang='grc' dir='ltr'>τῶν</span> <span class='ocrx_word' id='word_1_959' title='bbox 2457 5718 2742 5790; x_wconf 80' lang='grc' dir='ltr'>δογμάτων</span> <span class='ocrx_word' id='word_1_960' title='bbox 2771 5715 2907 5791; x_wconf 76' lang='grc' dir='ltr'>ὀρθή</span> <span class='ocrx_word' id='word_1_961' title='bbox 2944 5732 3025 5771; x_wconf 78' lang='grc' dir='ltr'><strong>τι.</strong></span> 
     </span>
    </p>
   </div>
  </div>
