4012 6212
226 244 355 341 ἰοε

1333 277 1698 335 ADVERSUS
1735 274 2135 332 NESTORIUM
2175 273 2304 329 LIB.
2348 273 2411 329 ll.

3368 269 3470 327 106

263 400 325 451 Ἤ
349 398 440 451 οὐκ
467 390 622 451 οἶσθα
648 397 753 451 ὕει’
778 395 1145 467 τεθεράπευκε
1187 397 1285 466 μέν
1325 399 1383 450 ἐν
1416 395 1802 468 Ἰεροσολύμοις

1926 411 1997 450 'as
2028 405 2085 449 ut
2118 394 2190 448 illi
2228 408 2257 447 a
2290 392 2570 448 nativitate
2613 407 2754 448 caeco
2787 391 3168 463 Hierosolymis
3208 406 3237 445 a
3284 403 3341 443 se
3373 404 3471 442 cn-

259 490 340 543 τὸν
373 491 431 541 ἐκ
470 489 696 560 γενετῆς
741 488 961 559 τυφλὸν,
992 482 1112 541 εἶτα
1153 487 1343 541 τοῦτον
1394 487 1568 559 εὑρὼν
1626 490 1685 541 ἐν
1728 485 1807 556 τῷ

260 580 397 651 ἱερῷ,
428 580 653 649 βεϐαίαν
688 579 841 649 αὑτῷ
880 578 975 633 καὶ
1017 579 1307 649 ἱδρυμένην
1331 577 1549 648 ἐνετίθη
1572 577 1672 647 τὴν
1713 577 1808 630 πί-

262 687 395 735 στιν;
428 672 591 741 ἧρετο
631 670 741 738 γάρ
770 667 1108 740 προσελθὼν,
1144 687 1163 721 ι
1191 668 1574 731 Σὺεπιστεύεις
1598 670 1679 730 είς
1717 667 1809 720 τὸν

267 760 372 813 rei
402 761 487 813 τοῦ
509 760 656 813 Θεοῦ
682 775 698 825 ;
739 760 835 812 xui
858 759 998 828 πρός
1016 776 1076 831 γε
1108 758 1265 812 ταυτὶ
1305 758 1637 830 κεκραγότος
1669 760 1809 811 ἐκεί-

261 870 337 905 νου
356 870 370 883 ·
397 853 487 915 Τίς
503 853 656 915 ἐστι,
680 849 872 920 Κύριε,
904 850 994 902 ἴνα
1020 848 1296 903 πιστεύσω
1328 849 1408 912 είς
1443 848 1635 913 αὕτόν;
1666 845 1808 916 ἐφη

266 943 401 1004 πάλιν
429 942 596 1004 αὐτός
621 959 633 974 σ
681 960 701 991 ι
740 942 851 993 Καὶ
900 939 1151 1010 ἑώρακας
1206 938 1388 1003 αὐτὸν,
1421 938 1517 992 κα)⁸
1560 939 1590 990 6
1635 924 1811 991 λαλῶν

266 1034 379 1101 μετᾶ
406 1030 513 1094 σοῦ,
553 1031 772 1090 ἐκεῖνός
810 1031 979 1082 ἐστιν.
1009 1047 1028 1079 ι
1064 1028 1227 1098 Ὁρᾷς
1273 1027 1441 1090 ὅπως,
1480 1026 1540 1078 οὐ
1583 1025 1672 1078 τὸν
1717 1041 1812 1094 φο-

270 1120 433 1190 ροῦντα
465 1120 737 1189 δέδειχεν,
767 1118 829 1171 οὐ
864 1119 958 1171 τὸν
996 1117 1105 1185 ξσω
1150 1115 1553 1187 κεκρυμμένον,
1592 1114 1707 1169 ἀλλ’
1735 1113 1811 1177 ὼς

268 1212 350 1264 ἕνα
375 1211 551 1282 μᾶλλον
583 1210 782 1263 ἑαυτὸν
811 1209 953 1279 μετὰ
975 1209 1074 1278 τῆς
1106 1208 1305 1280 σαρκός
1327 1223 1341 1237 ⁶
1376 1207 1471 1260 καὶ⁸
1507 1205 1637 1274 γοῦν
1669 1207 1697 1259 6
1724 1222 1813 1258 σο-

275 1302 356 1367 ’ᾇὺς
381 1302 641 1371 Ἰωάννης,
660 1323 677 1349 ι
697 1303 763 1353 Ὃ
785 1296 853 1372 ἦν
882 1302 976 1354 ἀπ’
995 1301 1190 1373 ἀρχῆς,
1222 1298 1405 1369 φησιν,
1423 1298 1451 1350 ὃ
1472 1297 1809 1366 ἀκηκόαμεν,

271 1393 623 1465 ὁὲωράκιμεν
657 1396 772 1456 τοῖς
812 1392 1110 1462 ὀφθαλμοῖς
1165 1391 1343 1461 ἡμῶν,
1382 1390 1411 1444 ὃ
1444 1381 1809 1461 ἐθεασάμεθα,

274 1486 353 1536 καὶ
375 1485 423 1535 αἱ
442 1487 626 1554 χεῖρες
654 1482 815 1552 ἡμῶν
846 1481 1204 1551 ἐψηλάφησαν
1240 1479 1367 1551 περὶ
1388 1479 1481 1532 τοῦ
1507 1479 1682 1547 Λόγου
1709 1477 1811 1548 τῆς

272 1575 408 1644 ζωῆς.
435 1595 450 1626 ι
484 1577 687 1629 Καίτοι
724 1575 784 1626 τὸ
817 1574 969 1627 Θεῖόν
1000 1576 1147 1627 ἐστιν
1182 1572 1406 1641 ἀναφὲς,
1433 1570 1568 1625 ἀλλὰ
1588 1570 1810 1639 γέγονεν

271 1666 409 1731 ἁπτὸς
435 1670 458 1721 έ
484 1667 683 1735 Λόγος,
719 1665 795 1727 ὠς
842 1664 933 1717 διὰ
977 1654 1087 1735 τῆς
1123 1664 1260 1727 ἰδίας
1305 1662 1537 1735 σαρκός·
1580 1663 1810 1734 ἀόρατος

1910 496 2065 550 rato,
2116 499 2236 539 cum
2296 492 2478 553 postea
2543 485 2714 552 ipsum
2780 485 3072 538 invenisset
3129 482 3181 536 in
3233 480 3470 547 templo,

1910 575 2117 628 llrmam
2143 583 2198 627 et
2230 574 2475 627 stabilem
2526 574 2778 627 indiderit
2822 574 2977 627 tidem
3006 573 3031 626 ?
3061 587 3182 625 nam
3210 572 3471 624 accedens

1906 665 2115 734 rogavit
2148 682 2163 718 :
2196 682 2215 715 ι
2245 662 2321 717 Tu
2356 664 2532 718 credis
2554 664 2607 718 in
2640 664 2832 719 Filium
2857 663 3071 718 Dei?ad
3100 665 3211 716 haec
3236 661 3331 715 illo
3355 661 3471 714 cla-

1910 764 2091 810 mante
2124 755 2295 822 :Quis
2343 762 2446 820 est,
2483 755 2740 822 Domine,
2779 764 2836 809 ut
2879 757 3091 809 credam
3142 755 3192 807 in
3236 768 3355 807 eum
3386 753 3409 805 ?
3444 771 3463 804 ›

1910 846 2044 901 dixit
2075 848 2188 915 ipse
2223 862 2406 901 rursus
2438 865 2451 901 :
2491 864 2511 898 ‹
2544 847 2604 900 Et
2632 847 2806 901 vidisti
2840 861 2961 899 eum
2983 886 2998 909 ,
3034 856 3087 899 et
3121 845 3209 915 qui
3241 844 3473 912 loquitur

1912 944 2087 990 tecum
2115 936 2226 1004 ipse
2262 945 2345 990 est
2372 935 2441 989 ".
2490 953 2510 988 ι
2550 934 2709 990 Vides
2727 935 2995 1004 quomodo
3024 949 3129 988 non
3160 944 3473 1004 gestantem,

1912 1041 2016 1080 non
2071 1026 2213 1081 intus
2240 1025 2527 1091 latentem,
2556 1027 2650 1081 sed
2697 1041 2816 1080 sese
2868 1041 2986 1080 cum
3031 1040 3194 1079 carne
3223 1033 3473 1092 tanquam

1913 1133 2079 1171 unum
2113 1104 2460 1172 ostenderit?
2491 1117 2650 1196 Certe
2695 1119 2882 1173 beatus
2933 1116 3209 1173 Joannes:
3261 1137 3280 1170 ι
3323 1118 3473 1183 Quod

1915 1206 2014 1262 fuit
2039 1208 2107 1263 ab
2138 1209 2309 1274 initio,
2345 1208 2538 1278 inquit,
2569 1209 2709 1278 quod
2734 1209 3052 1272 audivimus,
3083 1208 3225 1278 quod
3248 1208 3477 1262 vidimus

1912 1299 2081 1353 oculis
2113 1300 2313 1354 nostris
2335 1338 2351 1364 ,
2373 1302 2513 1369 quod
2539 1301 2910 1369 perspeximus
2929 1337 2943 1362 ,
2966 1307 3027 1354 et
3056 1314 3244 1353 manus
3281 1308 3476 1352 nostra:

1913 1401 2383 1444 contrectaverunt
2404 1392 2469 1445 de
2488 1391 2661 1446 Verbo
2683 1390 2803 1444 vitae
2820 1391 2885 1443 ".
2917 1410 2936 1443 ο
2956 1392 3114 1458 Atqui
3133 1390 3382 1444 divinitas
3399 1401 3480 1443 est

1914 1481 2274 1535 intractabilis
2294 1524 2308 1546 ,
2333 1482 2425 1536 sed
2452 1481 2678 1535 Verbum
2701 1496 2810 1536 suae
2835 1481 3013 1537 carnis
3049 1481 3252 1535 ratione
3279 1491 3479 1535 tracta-

1915 1570 2019 1625 bile
2039 1570 2235 1625 factum
2261 1583 2375 1626 est:
2400 1571 2669 1629 invisibile
2690 1574 2902 1642 quidem
2926 1582 3040 1628 erat
3065 1573 3353 1627 secundum
3383 1588 3481 1626 na-

1916 1643 2089 1715 turam
2114 1702 2128 1728 ,
2158 1662 2251 1717 sed
2274 1662 2566 1732 spectabile
2590 1678 2684 1732 per
2715 1678 2928 1734 corpus.
2962 1664 3029 1717 At
3057 1679 3184 1718 vero
3209 1673 3261 1717 tu
3294 1673 3477 1717 cantru

274 1738 403 1811 κατῖ
416 1732 597 1828 quam,
632 1756 746 1810 ἀλλ’
774 1753 844 1827 ἦν
873 1732 1122 1827 ἐμφανὴς
1147 1755 1236 1809 διὰ
1261 1732 1530 1827 σώματος.
1559 1758 1632 1810 Σὺ
1650 1732 1714 1809 .δέ
1748 1756 1812 1826 δὴ

1926 1753 2207 1824 distinguis
2256 1756 2503 1818 omnino,
2533 1764 2588 1810 et
2641 1732 2923 1810 veritatem
2973 1756 3082 1811 tuis
3141 1755 3482 1823 sophismatis

275 1854 407 1908 πάλιν
431 1853 633 1921 διῖστᾷς
657 1847 987 1918 ὀλοτρόπως,
1016 1848 1110 1901 καὶ
1135 1845 1475 1920 κατασοφίζῃ
1501 1848 1565 1900 τὸ
1599 1845 1818 1918 ἀληθὲς,

276 1945 359 2009 τὰς
381 1947 469 2015 μὲν
496 1944 690 2013 quasi;
715 1940 983 2011 χωρεζων.
1008 1939 1143 1993 ἐνῶν
1170 1938 1248 2000 δὲ,
1272 1938 1348 2002 ὡς
1378 1937 1502 2008 φὴς,
1531 1936 1628 2008 τὴν
1652 1951 1822 2007 προσ-

280 2037 496 2109 κὺνησιν.
537 2036 676 2089 Ἀλλ’
716 2037 764 2087 εἰ
806 2030 1063 2103 χωρίζεις
1100 2028 1198 2092 τὰς
1227 2028 1446 2097 φύσεις,
1487 2042 1819 2094 συναποφοι-

293 2130 473 2197 *ζήσειεν
504 2131 565 2183 ἂν
604 2128 791 2188 αὐταῖς
835 2123 931 2176 καὶ
973 2121 1043 2174 τὰ
1093 2118 1357 2189 ἑκατέρας
1392 2117 1499 2171 ἴδια
1533 2114 1810 2184 φυσικῶςο

305 2218 521 2271 tuosth
551 2216 781 2288 διαμπὰξ
811 2213 911 2281 τῆς
935 2210 1196 2282 διαφορᾶς
1227 2211 1271 2261 δ
1290 2208 1447 2277 λόγος
1466 2225 1481 2239 ·
1509 2205 1601 2259 δύο
1628 2205 1693 2276 δὴ
1723 2201 1816 2259 οὖν

310 2305 882 2379 ὁμολογουμένως,ῐιλὴν
916 2300 1162 2372 ἐρομένῳ
1189 2300 1422 2371 φράσον·
1444 2298 1585 2351 Τίτὸ
1613 2298 1822 2352 διῖστὰν

304 2399 535 2470 ἀλλήλων
560 2398 648 2461 τὰς
672 2396 863 2463 φῦσεις,
904 2396 1001 2447 καὶ
1028 2393 1128 2461 τῆς
1155 2390 1420 2460 διαφορᾶς
1449 2388 1534 2452 τίς
1572 2387 1638 2441 ἂν
1679 2386 1765 2456 εἴη
1794 2389 1823 2440 6

296 2491 513 2558 τρόπος;
551 2489 682 2543 Ἀλλ’
707 2490 833 2558 ἐρεῖς
859 2504 957 2540 που
980 2486 1217 2549 πάντως,
1240 2482 1315 2546 ὡς
1344 2481 1527 2553 ἕτερον
1552 2479 1650 2551 μὲν
1682 2479 1825 2533 κατὰ

284 2578 439 2649 φύσιν
482 2580 788 2651 ἄνθρωπος,
840 2578 997 2648 ἦγουν
1050 2571 1439 2644 άνθρωπότης·
1499 2569 1684 2638 ἕτερον
1741 2566 1821 2631 δὲ,

279 2669 419 2736 Θεὸς,
450 2672 567 2741 ἦτοι
597 2669 817 2739 θεότης’
843 2669 938 2721 καὶ
977 2668 1013 2736 ἡ
1047 2665 1166 2735 μὲν,
1206 2660 1553 2732 ἀσυγκρίτως
1586 2658 1821 2729 θατέρας

277 2762 615 2834 ὑπερηρμένη
639 2778 652 2789 ·
704 2761 867 2830 μείων
898 2768 964 2828 γε
1004 2756 1109 2827 μὴν
1154 2753 1333 2823 ἐκείνη
1386 2749 1658 2813 τοσοῦτον,
1700 2749 1824 2801 ὅσον

273 2854 539 2925 ἄνθρωπος
566 2853 724 2906 Θεοῦ.
746 2851 871 2913 Πῶς
900 2845 1014 2910 οὖν,
1042 2842 1162 2899 είπῖέ
1187 2861 1298 2915 μοι,
1328 2843 1429 2913 μιᾷ
1456 2838 1824 2912 προσκυνήσει

269 2948 423 3017 τιμᾷν
451 2945 622 3009 ἀξιοῖς
650 2943 723 2996 τά
745 2941 920 3003 οὕτως
948 2938 1195 3008 ἀλλήλοις
1228 2932 1514 3003 ἀνισοφυῆ,
1550 2930 1645 2985 καὶ
1680 2928 1824 2984 κατὰ

266 3034 351 3087 τὸν
380 3034 471 3087 τοῦ
506 3033 624 3097 πῶς
652 3029 791 3085 εἶναι
835 3030 1016 3098 λόγον,
1055 3024 1406 3096 ἀσυγκρίτοις
1443 3023 1723 3092 διαφοραῖς
1747 3019 1825 3072 δι-

265 3127 634 3199 εσχοινισμένα
655 3143 672 3192 ;
696 3121 846 3195 ’Δρα
874 3122 984 3192 γὰρ
1016 3120 1168 3189 ἵππῳ
1206 3114 1449 3186 περιθεὶς
1478 3113 1579 3183 τὴν
1613 3110 1822 3183 ἀνθρώ⁴

265 3235 367 3271 που
401 3218 572 3284 δόξαν,
598 3215 809 3287 ἐργάσῃ
840 3230 893 3265 τι
945 3210 1053 3264 τῶν
1086 3205 1522 3276 ἐπαινουμένων;
1559 3204 1593 3275 ἢ
1624 3201 1822 3273 μᾶλλον

261 3308 521 3381 ἐξυϐριεῑς
548 3307 612 3360 τὸ
642 3302 999 3375 ὑπερτεροῦν,
1025 3299 1346 3369 κατασύρων
1375 3296 1454 3358 εἰς
1478 3292 1540 3347 τὸ
1564 3290 1825 3354 ’δυσκλεὲς

256 3398 353 3468 τὴν
375 3396 586 3469 ἀμείνω
607 3396 804 3465 quam;
837 3393 972 3446 Ἀλλ’
1005 3390 1299 3461 ἐξηύρηταί
1323 3406 1376 3441 τι
1403 3386 1563 3455 σοφὸν
1591 3386 1671 3446 είς
1694 3386 1825 3437 ἀπο-

258 3488 440 3557 λογίαν
464 3487 631 3558 αὐτῷ.
663 3486 1015 3558 Προσεπάγει
1051 3483 1159 3550 γάρ
1179 3501 1191 3512 ·

326 3661 448 3734 [οὐ
477 3660 601 3714 καθ’
641 3634 805 3712 ἑαυτὸ
832 3657 962 3719 Θεὸς
988 3656 1050 3708 τὸ
1084 3653 1322 3708 πλασθέν
1361 3653 1453 3704 ἐπὶ
1485 3654 1697 3722 μήτρας
1716 3664 1728 3677 ·
1764 3649 1824 3701 οὐ

262 3753 385 3805 καθ’
420 3751 581 3803 ἐαυτῦ
624 3749 760 3810 Θεὸς
791 3748 851 3800 τὸ
892 3746 1126 3799 πλασθέν
1162 3746 1223 3797 ἐκ
1256 3742 1352 3795 τοῦ
1392 3742 1730 3810 ιινεύματος’
1765 3738 1825 3791 οὐ

263 3841 385 3893 καθ’
410 3840 571 3892 eam
598 3838 732 3901 Θεὸς
770 3836 833 3889 τὸ
867 3836 1034 3903 ταφὲν
1073 3835 1164 3886 ἐπί
1204 3834 1510 3903 μνήματος·
1553 3828 1694 3883 οὕτω
1720 3828 1828 3898 γὰρ

264 3932 331 3984 ἂν
362 3927 508 4001 ἦμεν
554 3928 1028 4001 ἀνθρωπολάτραι,
1078 3928 1172 3981 καὶ
1203 3910 1559 3995 νεκρολάτραι
1616 3923 1827 3989 σαφεῖς.

277 4021 423 4074 Ἀλλ’
449 4020 735 4090 ἐπειδήπερ
766 4020 824 4071 ἐν
853 4016 931 4086 τῷ
960 4015 1218 4086 ληφθέντι
1255 4015 1406 4076 Θεὸς,
1431 4015 1494 4065 ἐκ
1512 4011 1603 4065 τοῦ
1637 4010 1830 4065 λαϐόν-

266 4127 362 4175 τος
390 4111 421 4162 6
448 4110 685 4181 ληφθεὶς,
719 4110 795 4173 ὼς
820 4109 897 4179 τῷ
924 4108 1142 4163 λαΰόντι
1176 4105 1468 4174 συναφθεὶς
1511 4120 1832 4175 συγχρημα-

258 4204 405 4270 τέξει
432 4201 611 4274 Θεό;.]
778 4206 785 4211 ’

852 4335 1099 4388 ΚΕΦΑΑ.
1144 4334 1244 4386 ΙΒ¹.

344 4471 484 4526 Ἰδοὺ
518 4469 587 4541 δὴ
627 4469 788 4523 πάλιν
828 4472 962 4541 ἡμῖν
992 4471 1020 4522 6
1062 4469 1161 4540 τὴν
1207 4473 1502 4536 συνάφειαν
1554 4466 1833 4536 ὀνομάζων

258 4561 572 4632 πανταχοῦ,
606 4564 697 4616 καὶ
727 4562 795 4616 τὰ
830 4562 929 4632 τῆς
972 4562 1482 4633 άνθρωπολατρείας
1511 4560 1835 4631 ἐγκλήματα

260 4653 482 4715 Wa
524 4651 639 4722 ἥλω
669 4650 906 4719 γεγονὼς
939 4649 1395 4720 ἀνθρωπολάτρης
1415 4665 1428 4678 ·
1473 4652 1567 4702 καὶ
1593 4651 1705 4711 τοῖς
1736 4648 1837 4718 τῆς

264 4742 474 4799 ἑαυτοῦ
499 4742 815 4805 δυσϐουλίας
857 4741 1136 4812 ἐνίσχηται
1167 4740 1410 4811 βρόχοις,
1453 4743 1545 4793 καὶ
1576 4757 1836 4808 καταφω-

272 4841 439 4907 pata:
466 4834 647 4887 πεσὼν
674 4836 751 4897 εἰς
775 4834 1029 4903 ἀδόκιμον
1056 4832 1219 4886 νοῦνιε
1236 4835 1309 4886 Τὸ
1336 4833 1445 4904 γάρ
1475 4850 1557 4885 σοι
1589 4832 1720 4904 [τοι]
1755 4849 1841 4885 τε-

272 4927 401 4996 χθὲν
420 4927 491 4977 ἐκ
514 4926 744 4995 μήτρας,
764 4925 826 4976 οὐ
861 4923 977 4975 καθ’
997 4923 1349 4994 ἐαυτδ,φησ“ι,
1384 4924 1534 4987 Θεὸς.
1579 4924 1664 4985 Ὡς
1700 4924 1840 4991 ἄγα-

283 5019 379 5085 μαί
411 5032 480 5067 σε
506 5016 605 5086 τῆς
635 5014 936 5085 ἀγχινοίας,
964 5015 1056 5067 καὶ
1086 5015 1281 5085 φρενὸς
1304 5015 1400 5084 τῆς
1431 5014 1571 5067 οὕτω
1601 5014 1805 5082 λεπτῆς
1823 5028 1839 5044 ’

285 5108 364 5170 ei;
414 5107 526 5175 γάρ
566 5106 702 5167 ὅλως
742 5107 773 5158 ὁ
831 5103 990 5157 τοῦτο
1042 5105 1209 5173 φάναι
1261 5105 1649 5175 τεθαρσηκώςς
1693 5106 1843 5177 ἢτίς

290 5198 571 5266 ἠγνόηκεν,
597 5194 678 5249 ὅτι
706 5196 768 5248 τὸ
805 5198 1201 5268 γεγεννημένον
1230 5199 1294 5250 ἐκ
1330 5197 1429 5266 τῆς
1456 5197 1679 5267 σαρκὸς,
1712 5196 1847 5265 σάρξ

288 5289 469 5350 istm;
504 5287 639 5339 Ἀλλ’
670 5283 738 5356 ἦν
765 5287 869 5341 ίόία
898 5286 993 5340 τοῦ
1017 5289 1221 5356 Λόγου’
1253 5290 1347 5341 καὶ
1382 5283 1463 5352 εἷς
1492 5292 1693 5343 νοεῖται
1729 5291 1846 5358 μετ’

288 5377 478 5445 αὐτῆς,
506 5377 752 5450 καθάπερ
784 5379 978 5449 ἀμέλει
1013 5379 1321 5447 φθάσαντες
1379 5380 1624 5451 εἴπομεν,
1672 5381 1765 5433 καὶ
1812 5382 1846 5451 ﬁ

283 5466 377 5519 τοῦ
404 5467 688 5537 ἀνθρώπου
706 5469 852 5540 ψυχὴ
881 5470 1019 5539 μετὰ
1045 5468 1139 5522 τοῦ
1165 5470 1294 5523 ίδίου
1321 5469 1593 5541 σώματος.
1610 5467 1735 5543 Ἆρ’
1753 5466 1849 5524 οὖν

353 5649 403 5680 ⁸⁸
435 5647 588 5702 Joan.
638 5665 712 5711 ιι,
754 5647 948 5703 35-59.
1027 5648 1071 5680 ⁸⁸
1098 5648 1119 5703 ι
1143 5647 1302 5705 Joan.
1334 5666 1372 5714 ι,
1410 5650 1461 5703 l.

644 5742 915 5802 PATROL.
951 5744 1064 5801 Gn.
1104 5742 1353 5801 LXXVI.

1923 1844 2118 1906 cludis.
2154 1856 2211 1900 ut
2238 1861 2492 1901 secernas
2524 1857 2776 1927 naturas,
2812 1858 2865 1902 et
2892 1848 3070 1913 unias,
3098 1855 3154 1899 ut
3177 1847 3288 1914 ipse
3333 1862 3480 1900 asse~

1924 1940 2021 2004 ris,
2048 1940 2435 1995 adorationem.
2468 1939 2572 1996 Sed
2598 1943 2641 1997 si
2671 1941 2865 1996 dividis
2895 1952 3143 2004 naturas,
3170 1940 3329 1995 simul
3354 1955 3474 1993 cum

1924 2030 2031 2085 illis
2081 2031 2359 2108 discedent
2400 2032 2559 2087 etiam
2596 2048 2714 2100 quae
2752 2032 2965 2101 utrique
2995 2041 3119 2086 sunt
3167 2031 3485 2084 naturaliter

1924 2122 2140 2190 propria
2168 2138 2183 2185 ;
2224 2122 2434 2176 recedet
2460 2122 2620 2177 etiam
2648 2123 2703 2177 in
2727 2122 3033 2177 universum
3068 2122 3203 2177 ratio
3232 2122 3484 2176 diﬂ'eren-

1926 2210 2054 2264 tite:
2091 2210 2197 2264 duo
2249 2221 2407 2266 erunt
2460 2212 2624 2280 igitur
2673 2213 2857 2284 procul
2910 2214 3090 2269 dubio.
3146 2211 3252 2269 Sed
3308 2225 3482 2269 tamen

1923 2300 2131 2370 explica
2173 2303 2331 2365 mihi,
2376 2319 2578 2372 quaeso,
2628 2305 2755 2374 quid
2806 2306 2934 2360 illud
2965 2306 3037 2360 sit
3077 2306 3217 2376 quod
3266 2317 3485 2365 naturas

1924 2389 2066 2443 inter
2091 2406 2151 2444 se
2187 2391 2387 2456 divisit,
2430 2392 2549 2459 quis
2586 2394 2716 2447 item
2751 2393 3066 2448 diﬂ‘erentiae
3116 2398 3323 2449 modus.
3376 2393 3483 2447 Sed

1923 2480 2069 2535 dices
2091 2482 2334 2543 omnino,
2365 2481 2510 2535 aliud
2546 2498 2667 2538 esse
2697 2500 2761 2537 ex
2804 2484 2917 2552 ipsa
2958 2494 3144 2537 natura
3188 2486 3481 2549 hominem,
3562 2484 3591 2509 ’·

1923 2584 2018 2624 seu
2059 2570 2478 2636 humanitatem,
2519 2573 2662 2628 aliud
2702 2573 2903 2639 Deum,
2946 2576 3059 2630 sive
3102 2575 3482 2642 divinitatem;

1923 2656 2032 2728 58
2068 2669 2122 2714 et
2163 2660 2299 2717 hanc
2360 2661 2575 2731 quidem
2621 2679 2744 2719 esse
2779 2664 2945 2719 altera
3000 2667 3489 2737 incomparabiliter

1924 2748 2290 2816 superiorem,
2318 2749 2460 2804 illam
2517 2768 2706 2807 rursus
2760 2762 2911 2808 tanto
2954 2757 3251 2819 minorem,
3291 2769 3490 2825 quanto

1921 2837 1994 2890 sit
2031 2838 2191 2891 homo
2219 2838 2325 2892 Deo
2378 2840 2616 2894 inferior.
2669 2841 2949 2907 Quomodo
2984 2845 3173 2913 igitur,
3206 2848 3292 2900 dic
3335 2848 3486 2910 mihi,

1924 2943 2029 2982 una
2054 2929 2367 2984 adoratione
2395 2940 2552 2999 putas
2578 2931 2908 2999 honoranda,
2945 2949 3064 3002 qua:
3102 2936 3242 2989 inter
3266 2952 3325 2990 se
3355 2938 3488 2990 adeu

1926 3030 2052 3076 sunt
2109 3009 2367 3090 inmquaif
2398 3032 2619 3086 natura,
2670 3034 2727 3077 et
2774 3027 3022 3081 essentia:
3092 3026 3299 3081 ratione
3357 3028 3489 3082 adeo

1927 3112 2153 3167 diversis
2174 3110 2488 3168 differentiis
2522 3113 2770 3183 abjuncta
2797 3116 2822 3170 ?
2854 3117 2930 3170 An
2955 3133 3080 3173 vero
3102 3119 3147 3173 si
3173 3132 3491 3174 ornamenta

1926 3203 2159 3257 hominis
2196 3218 2335 3273 equo
2366 3205 2763 3275 circumponas,
2799 3208 3089 3278 quidquam
3129 3208 3324 3264 eﬂicies
3345 3215 3486 3279 quod

1927 3293 1999 3350 illi
2033 3294 2246 3350 laudem
2285 3294 2522 3350 afferat?
2562 3312 2629 3351 an
2662 3298 2838 3366 potius
2867 3298 2993 3352 illud
3032 3300 3381 3355 excellentius
3407 3301 3503 3354 al’a

1926 3386 2076 3441 ﬁcies
2107 3386 2298 3455 injuria
2319 3431 2335 3452 ,
2358 3402 2480 3442 cum
2514 3389 2935 3458 praestantiorem
2969 3401 3213 3444 naturam
3263 3394 3313 3446 iu
3343 3393 3494 3462 iguu-

1928 3476 2147 3531 miniam
2186 3479 2438 3533 detrahas
2468 3479 2493 3531 ?
2513 3480 2617 3535 Sed
2641 3491 2856 3534 acutum
2880 3481 3133 3550 quiddam
3163 3484 3228 3536 ad
3272 3498 3494 3551 respou-

1928 3571 2159 3625 dendum
2186 3570 2387 3624 invenit
2417 3588 2433 3637 ;
2468 3572 2615 3625 addit
2648 3573 2790 3626 enim
2817 3588 2831 3624 :

2002 3656 2264 3727 [Νεετοιι.
2305 3658 2421 3713 Non
2448 3670 2529 3714 est
2575 3675 2670 3730 per
2719 3676 2779 3717 se
2813 3661 2951 3716 Deus
2974 3662 3115 3732 quod
3149 3658 3231 3716 e'st
3260 3662 3311 3716 in
3348 3671 3500 3717 utero

1931 3745 2219 3801 formatum
2261 3766 2277 3812 ;
2315 3764 2418 3804 non
2442 3762 2523 3804 est
2546 3767 2641 3821 per
2678 3766 2735 3807 se
2770 3752 2907 3807 Deus
2937 3755 3074 3821 quod
3105 3763 3186 3807 est
3209 3754 3495 3807 fortnatuui

1933 3854 1961 3892 a
1988 3840 2189 3908 Spiritu
2224 3858 2238 3894 :
2270 3855 2375 3895 non
2405 3852 2487 3896 est
2531 3858 2625 3909 per
2662 3860 2719 3897 se
2758 3846 2899 3899 Deus
2940 3845 3082 3914 quod
3114 3845 3378 3911 sepultum
3417 3855 3501 3898 est

1933 3930 1984 3983 in
2016 3942 2412 3993 'monumento.
2479 3934 2675 4000 alioqui
2726 3946 2969 3989 essemus
3015 3926 3392 3997 hominicolae,
3446 3951 3501 3988 et

1934 4018 2312 4072 cadavericola:
2361 4020 2654 4075 manifesti.
2705 4022 2809 4076 Sed
2846 4023 2971 4092 quia
3004 4031 3085 4076 est
3129 4022 3182 4076 in
3226 4034 3501 4091 assumpto

1934 4109 2112 4176 Deus,
2150 4124 2212 4164 ex
2240 4121 2551 4164 assumente
2599 4113 2688 4181 qui
2731 4122 2811 4167 est
2864 4123 3205 4182 assumptus,
3247 4122 3498 4181 tauquam

1935 4199 2230 4254 assumenti
2254 4198 2593 4267 coniunctus,
2627 4202 2785 4256 simul
2806 4203 3103 4272 appellatur
3143 4205 3300 4259 Deus.
3329 4202 3347 4276 ]

2568 4334 2719 4389 CAP.
2749 4332 2860 4388 XII.

2013 4469 2147 4524 Ecce
2174 4466 2285 4537 jam
2312 4484 2521 4524 rursum
2552 4471 2706 4527 nobis
2731 4474 2819 4541 qtti
2842 4472 3271 4541 canjunctionem
3307 4471 3505 4540 ubique

1937 4558 2208 4625 nominat,
2257 4569 2312 4615 et
2369 4559 2601 4614 hominis
2652 4561 2859 4615 colendi
2909 4562 3111 4615 crimen
3169 4561 3503 4623 reformidat,

1942 4650 2259 4705 hominicola
2290 4665 2409 4705 esse
2433 4652 2791 4718 convincitur,
2829 4667 3044 4723 suaeque
3087 4654 3265 4722 impiae
3296 4655 3503 4723 cogita-

1943 4741 2103 4795 tionis
2155 4740 2361 4809 laqueis
2417 4742 2720 4811 implicatus
2751 4753 2997 4808 tenetur,
3034 4753 3086 4798 et
3113 4745 3163 4796 in
3203 4744 3502 4813 improbum

1943 4846 2158 4887 sensum
2186 4834 2361 4901 lapsus
2383 4834 2796 4901 deprehenditur
2824 4851 2839 4886 :
2873 4850 2992 4888 nam
3023 4834 3073 4887 id
3095 4835 3235 4904 quod
3261 4848 3327 4888 ex
3353 4844 3504 4886 utero

1948 4933 2031 4977 est
2054 4923 2290 4987 editum,
2321 4924 2527 4993 inquit,
2572 4940 2674 4979 non
2722 4941 2816 4995 per
2845 4941 2905 4980 se
2935 4924 3073 4981 Deus
3098 4933 3198 4979 est.
3259 4925 3508 4978 Admiror

1949 5014 2195 5083 equidem
2226 5023 2370 5067 tuam
2402 5016 2541 5070 hanc
2563 5017 2856 5079 solertiam,
2888 5026 2942 5071 et
2971 5016 3167 5070 subtile
3195 5017 3328 5069 adeo
3357 5016 3507 5087 inge-

1950 5106 2118 5161 nium.
2160 5104 2291 5172 Quis
2345 5109 2487 5179 enim
2530 5123 2746 5176 prorsus
2802 5108 2903 5162 hoc
2941 5108 3122 5177 dicere
3158 5116 3249 5160 est
3301 5110 3511 5162 ausus"

1949 5206 2042 5249 aut
2098 5196 2218 5266 quis
2280 5198 2541 5266 ignoravit
2613 5213 2842 5266 unquam
2891 5198 3033 5265 quod
3088 5207 3269 5251 natum
3321 5207 3402 5251 est
3446 5213 3511 5250 cx

1950 5303 2131 5353 carne,
2164 5305 2378 5345 carnem
2409 5304 2528 5343 esse
2556 5289 2579 5341 ?
2606 5288 2708 5343 Sed
2740 5292 2914 5341 tamen
2945 5298 3063 5342 erat
3092 5289 3303 5358 propria
3328 5286 3509 5349 Verbi,

1950 5394 2005 5436 et
2037 5397 2171 5437 unus
2196 5398 2314 5435 cum
2346 5381 2433 5435 illa
2462 5381 2797 5449 intelligitur,
2818 5388 2876 5433 ut
2899 5382 3085 5450 procul
3114 5382 3297 5447 dubio,
3320 5395 3508 5450 quem-

1955 5472 2240 5528 admodum
2286 5478 2531 5545 superius
2576 5474 2832 5541 diximus,
2863 5463 3022 5531 etiam
3067 5474 3301 5531 hominis
3334 5474 3511 5529 anima

3128 5727 3167 5786 [ι
