4004 6202
484 263 589 318 m
1480 258 1540 337 s.
1580 256 1852 317 CYRlLLl
1885 254 2350 312 ALEXANDRINI
2389 257 2730 337 Αιιοιιιερη
2834 212 2838 229 ’
3582 259 3714 333 tos

460 392 607 431 -cum
618 390 729 432 suo
748 388 975 447 corpore
1000 392 1020 433 :
1054 392 1184 450 ergo
1207 378 1250 434 si
1279 376 1543 448 quispiam
1561 376 1628 431 de
1654 374 1809 429 nobis
1832 388 2042 443 quoque

2148 374 2201 427 ετ
2240 391 2320 443 τις
2354 374 2527 435 ἕλοιτο
2560 375 2651 429 καὶ
2679 376 2762 444 ἐφ’
2790 375 2943 447 ἡμῶν
2973 345 3167 442 εἰπεῖν,
3204 376 3304 429 οὐκ
3340 375 3628 448 ἄνθρωπος
3652 375 3708 428 τδ

482 468 668 523 dicere
700 467 892 536 -velit,
953 484 1061 525 non
1122 483 1244 524 esse
1278 468 1572 547 hominem
1614 467 1797 545 ipsum
1849 481 2042 535 corpus

2149 466 2309 537 σῶμα
2333 465 2455 520 καθ’
2486 466 2665 532 ἑαυτὸ,
2691 468 2752 520 ού
2782 468 3032 536 περιττὸς
3061 469 3139 532 είς
3169 467 3362 536 λόγους
3392 467 3488 521 καὶ
3513 466 3709 519 simul.

478 573 576 627 per
615 572 713 619 se,
739 582 744 591 έ
771 574 952 615 nonne
992 558 1327 628 superﬂuens
1374 559 1441 623 in
1470 573 1721 621 sermone
1767 566 1822 612 et
1871 573 2042 627 nugax

2151 557 2319 626 μυθος
2357 557 2677 628 ὀνομάζοιτο
2721 557 2788 611 ἂν
2821 558 3081 625 είκότως;
3133 558 3454 628 Ἀρνήσεται
3483 556 3592 628 γὰρ
3624 556 3708 609 οὐ·

480 649 676 704 merito
729 649 987 706 dicetur?
1019 649 1201 733 Neque
1250 649 1393 702 enim
1439 650 1721 718 quisquam
1760 658 2049 718 negatnrus

479 750 563 807 est
610 741 926 810 ipsumper
977 756 1038 797 se
1065 756 1260 809 corpus
1293 757 1397 796 non
1446 755 1565 795 esse
1615 740 1921 803 hominem,
1954 740 2046 794 sed

477 831 658 900 potius
700 831 932 886 hominis
972 847 1169 901 corpus
1206 832 1335 887 dici.
1387 832 1491 886 Sed
1522 847 1679 887 nemo
1706 841 1884 887 tamen
1913 832 2048 887 duas

378 962 388 969 .
478 920 533 974 in
563 926 745 991 partes
777 920 1057 985 dividens,
1095 936 1159 974 ac
1204 920 1429 975 seorsim
1472 935 1677 988 ponens
1713 920 1945 975 animam
1995 928 2053 974 et

479 1025 710 1082 corpus,
735 1011 929 1066 dixerit
978 1027 1216 1081 unquam
1251 1024 1447 1080 corpus
1490 1012 1679 1066 eodem
1713 1027 1835 1065 cum
1868 1010 2053 1065 anima.

478 1103 733 1174 appellari
762 1103 977 1159 nomine
1001 1103 1067 1158 ad
1095 1117 1259 1158 unum
1293 1101 1567 1156 hominem
1590 1101 1998 1173 signiﬁcandum
2027 1118 2042 1166 ;

478 1209 655 1265 neque
692 1194 837 1250 enim
862 1204 1038 1262 .aptus
1067 1194 1170 1249 erit
1197 1192 1459 1265 ejusmodi
1502 1206 1712 1259 sermo,
1737 1192 1829 1248 sed
1872 1192 2049 1262 potius

479 1285 777 1357 imperitiae
794 1284 1005 1356 plenus.
1042 1284 1146 1340 Sed
1174 1300 1295 1340 cum
1321 1293 1606 1354 utrumque
1630 1284 1925 1339 secundum
1950 1300 2045 1338 na-

480 1375 709 1437 turalem
733 1376 984 1431 unionem
1006 1373 1346 1444 conjunxerit
1375 1376 1442 1430 ad
1470 1375 1630 1429 unius
1659 1374 1893 1429 hominis
1918 1388 2047 1428 cou-

474 1468 830 1534 stitutionem,
860 1475 970 1522 tum
1002 1468 1215 1523 demum
1268 1465 1538 1522 hominem
1584 1466 1892 1537 appellabit.
1947 1481 2046 1520 nec

477 1556 751 1613 videbitur
769 1557 949 1627 inepte
964 1557 1516 1627 absurdequedicere.
1536 1556 1786 1628 Oportuit
1808 1570 1958 1626 ergo,
1996 1555 2042 1610 si

2146 645 2278 712 δεὶς,
2314 647 2397 701 ὃτι
2443 648 2517 717 μὴ
2547 646 2832 719 ἄνθρωπος
2868 648 2929 700 τὸ
2972 646 3133 716 σῶμα
3178 648 3300 702 καθ’
3340 647 3521 711 ἑαυτὸ,
3554 647 3708 716 σῶμα

2146 737 2204 791 δὲ
2237 738 2438 808 μᾶλλον
2465 738 2753 811 ἀνθρώπου
2799 738 2998 806 λέγοιτ’
3031 738 3114 792 ἄν.
3150 737 3297 807 Πλὴν
3332 736 3394 789 ού
3435 736 3558 806 δίχα
3593 735 3707 788 δια-

2145 829 2349 900 τεμὼν,
2384 832 2477 883 καὶ
2505 831 2609 885 ἀνά
2660 830 2824 902 μέρος
2869 828 3040 893 τιθεὶς
3067 828 3245 900 ψυχήν
3289 846 3349 881 τε
3392 828 3486 883 καὶ
3528 828 3703 898 σῶμα,

2147 920 2282 990 φαίη
2320 937 2402 984 τις
2445 922 2532 986 ἂν,
2580 921 2663 974 ὅτι
2719 923 3121 991 συγχρηματιεῖ
3147 922 3209 973 τὸ
3255 919 3414 989 σῶμα
3445 922 3512 989 τῇ
3564 919 3705 989 ψυχῇ

2152 1012 2292 1081 πρὸς
2337 1012 2456 1075 ένδς
2500 1012 2786 1080 ἀνθρώπου
2834 1012 3098 1081 δήλωσιν·
3141 1012 3226 1081 εἴη
3269 1011 3377 1082 γὰρ
3414 1010 3479 1065 ἂν
3518 1011 3619 1063 οὐκ
3652 1011 3707 1063 ἐν

2147 1103 2337 1174 κόσμῳ
2381 1104 2749 1174 γεγενημένος
2784 1105 2814 1159 6
2840 1104 3043 1157 τοιόσδε
3088 1105 3275 1172 λόγος,
3304 1102 3501 1173 μᾶλλον
3527 1103 3584 1156 δὲ
3618 1102 3709 1155 καὶ

2146 1193 2386 1264 ἀμαθίας
2402 1193 2672 1264 ἔμπλεως.
2694 1195 2894 1266 Ἀμφω
2915 1212 2976 1263 γε
2998 1194 3105 1266 μὴν
3125 1194 3245 1248 καθ’
3262 1193 3454 1247 ἕνωσιν
3474 1192 3706 1265 φυσικὴν

2148 1285 2488 1355 συνενεγκὼν
2525 1288 2604 1351 εἰς
2638 1287 2754 1351 ἑνὸς
2801 1287 3089 1359 ἀνθρώπου
3128 1288 3420 1351 σύστασιν,
3450 1286 3572 1340 τότε
3619 1289 3708 1340 καὶ

2144 1377 2429 1449 ἄνθρωπον
2457 1377 2737 1448 όνομάσει’
2776 1378 2870 1432 καὶ
2904 1378 3008 1431 κᾶν
3042 1377 3152 1449 [ian
3177 1377 3276 1431 οὐκ
3302 1375 3390 1449 ἂν]
3419 1376 3559 1431 οὕτω
3584 1377 3710 1450 δόξῃ

2143 1466 2463 1536 άσύμφυλόν
2483 1484 2542 1521 τε
2569 1467 2664 1520 καὶ
2686 1467 2918 1539 ἀκαλλὲς
2943 1470 3135 1521 εἰπεῖν.
3152 1467 3299 1521 Ἔδει
3326 1466 3524 1530 τοίνυν,
3553 1467 3709 1537 εἴπερ

2141 1572 2227 1619 τις
2257 1552 2326 1626 ἦν
2358 1556 2495 1618 ὅλως
2521 1557 2683 1625 σοφός
2715 1574 2774 1609 τε
2807 1558 2903 1610 καὶ
2934 1557 3210 1627 νουνεχὴς,
3242 1555 3404 1627 σῶμα
3425 1558 3618 1620 εἰπεῖν,
3650 1557 3710 1609 τὸ

469 1649 697 1704 omnino
718 1645 935 1718 sapiens
947 1646 1119 1703 homo
1136 1651 1412 1718 solet-sque
1427 1658 1544 1703 erat
1559 1687 1577 1715 ,
1605 1663 1800 1715 corpus
1827 1647 2040 1718 quidem

2144 1649 2210 1700 ὲκ
2262 1649 2553 1716 γυναικός·
2604 1648 3076 1720 προσομολογῆσαι
3106 1648 3162 1701 δὲ
3201 1648 3283 1702 ὃτι
3321 1650 3389 1719 τῇ
3422 1647 3542 1701 καθ’
3578 1647 3710 1701 ὑπό·

476 1739 686 1795 iiludex
706 1713 932 1795 muliere
951 1734 1152 1804 dicere,
1178 1748 1233 1794 et
1251 1713 1473 1809 insuper
1497 1713 1675 1806 lateri,
1695 1713 1823 1792 illud
1842 1713 2042 1792 unitate

2149 1713 2337 1792 στασιν
2366 1713 2556 1793 ἑνώσει
2584 1713 2900 1810 συνενεγθὲν
3029 1738 3207 1810 Λόγῳ,
3231 1713 3465 1811 Χριστὸν
3487 1738 3585 1791 ἕνα
3614 1741 3709 1792 καὶ

478 1829 777 1886 secundum
843 1830 1175 1901 hypostasim
1252 1845 1377 1885 cum
1440 1828 1618 1884 Verbo
1673 1828 2042 1898 conjunctum,

479 1933 647 1973 unum
712 1917 988 1972 Christum
1055 1925 1110 1971 et
1164 1915 1360 1972 Filium
1415 1925 1469 1971 et
1521 1916 1805 1972 Dominum
1860 1915 2042 1970 absol-

478 2011 655 2075 visse,
711 2008 965 2064 eumdem
1039 2008 1237 2073 simul.
1278 2016 1336 2064 et
1387 2009 1551 2063 Deum
1626 2016 1682 2063 et
1746 2008 2040 2063 hominem.

478 2098 587 2170 59
609 2099 924 2154 Nunc'vero
968 2100 1069 2154 hoc
1111 2100 1333 2164 omisso,
1380 2113 1632 2168 perversa
1660 2097 1903 2169 graditur
1934 2098 2041 2163 via,

470 2190 544 2245 de
586 2199 734 2245 recta
772 2190 1062 2257 decedens,
1110 2205 1175 2244 ac
1218 2189 1354 2245 duos
1403 2189 1557 2244 nobis
1602 2194 1730 2246 deos
1764 2188 2039 2259 praedicat,

472 2296 643 2335 unum
683 2280 979 2336 secundum
1010 2289 1266 2334 naturam
1296 2295 1360 2335 ac
1389 2282 1693 2347 veritatem,
1725 2280 1857 2336 illud
1891 2280 2044 2335 nimi-

472 2387 597 2425 rum
642 2385 710 2425 ex
748 2371 1086 2427 .Deo‘i‘atre
1132 2369 1402 2438 Verbum;
1457 2372 1621 2426 alium
1670 2387 1797 2428 vero
1847 2381 2042 2442 prater

471 2462 641 2528 hunc,
688 2461 779 2529 qui
812 2460 973 2515 simul
992 2476 1125 2515 cum
1154 2475 1220 2516 eo
1264 2461 1410 2517 Deus
1441 2462 1758 2530 appellatur.
1792 2462 1864 2517 Ut
1894 2462 2038 2517 enim

473 2564 633 2606 nemo
672 2549 844 2606 nostri
899 2551 1117 2622 generis
1163 2550 1363 2605 dicitur
1394 2565 1517 2605 cum
1563 2566 1626 2606 se
1673 2550 1790 2619 ipso
1836 2560 1893 2605 et
1923 2552 2041 2606 solo

473 2630 808 2707 conversari,
848 2641 998 2697 verbi
1022 2642 1222 2713 gratia,
1250 2641 1346 2697 sed
1390 2657 1511 2698 cum
1557 2640 1728 2698 altero
1753 2657 2040 2699 conversa-

422 2794 427 2799 .
474 2742 583 2801 tur,
616 2748 682 2789 ac
721 2733 767 2788 si
795 2747 1014 2803 quem-e
1036 2733 1269 2788 terrenis
1299 2733 1512 2803 regibus
1531 2733 1816 2803 quisquam
1845 2733 2042 2789 dixerit

475 2825 638 2881 simul
684 2840 809 2881 cum
864 2825 1046 2896 seipso
1094 2839 1341 2895 regnare,
1369 2825 1493 2895 jure
1536 2828 1608 2881 sit
1665 2825 1941 2889 ridendus,
1986 2834 2042 2880 et

476 2914 800 2993 nugabitur”
831 2915 958 2969 dum
994 2914 1134 2983 quod
1185 2918 1252 2968 de
1285 2926 1392 2967 uno
1440 2913 1665 2983 soloque
1696 2913 1916 2979 dicitur,
1960 2912 2041 2969 sic

2146 1828 2274 1882 Υίδν
2313 1828 2409 1881 καὶ
2448 1830 2673 1899 Κύριον
2691 1829 3050 1885 ἀποτετέλεκε
3091 1830 3182 1882 τὸν
3226 1829 3389 1883 αὐτὸν
3421 1828 3551 1883 ὄντα
3579 1828 3710 1883 Θεὸν

2145 1923 2240 1974 καὶ
2268 1921 2551 1993 ἄνθρωπον
2573 1938 2586 1952 ο
2618 1923 2734 1976 νυνὶ
2760 1922 2816 1976 δὲ
2850 1922 3010 1977 τοῦτο
3041 1920 3246 1992 μεθεὶς,
3266 1921 3437 1975 οἴεται
3463 1920 3574 1990 (16)
3610 1912 3710 1991 μὲν

2142 2012 2243 2083 τὴν
2269 2012 2710 2084 διεστραμμένην
2754 2013 2854 2083 τῆς
2888 2014 2969 2078 είς
3024 2012 3152 2067 εὐθὺ
3189 2012 3524 2066 διεκπίπτων
3550 2010 3670 2065 ὁδοῦ
3692 2027 3704 2039 ·
3810 2070 3815 2077 ,

2142 2102 2237 2157 δύο
2262 2102 2318 2156 δὲ
2364 2103 2496 2174 ἡμῖν
2540 2102 2887 2175 διακηρύττει
2944 2093 3258 2168 Θεοὺς,”ἐνα
3316 2103 3413 2173 μὲν
3445 2102 3521 2165 ὡς
3553 2101 3710 2172 φύσει

2144 2193 2237 2248 καὶ
2261 2194 2489 2265 ἀληθείᾳ
2514 2196 2604 2248 τὸν
2651 2198 2716 2249 ἐκ
2763 2194 2898 2248 Θεοῦ
2951 2195 3164 2263 Πατρδς
3204 2193 3404 2262 Λόγον·
3444 2194 3627 2265 ἕτερον
3654 2193 3711 2246 δὲ

2143 2287 2275 2356 παρ’
2326 2286 2529 2353 αὐτὸν,
2577 2287 2683 2339 τδνι
2720 2285 3234 2357 συγχρηματίζοντα
3284 2284 3462 2355 αὐτῷ’
3508 2286 3568 2338 ὃν
3606 2284 3713 2355 γὰρ

2141 2372 2341 2443 τρόπον
2366 2373 2538 2436 οὐδεὶς
2573 2374 2643 2427 ἂν
2668 2374 2880 2441 λέγοιτο
2927 2374 3038 2426 τῶν
3066 2373 3190 2427 καθ’
3217 2374 3364 2443 ἡμᾶς
3404 2372 3584 2442 ἐαυτῷ
3620 2375 3710 2426 καὶ

2145 2464 2290 2534 μόνῳ
2316 2463 2718 2517 συνδιαιτᾶσθαι
2740 2464 2921 2533 τυχὸν,
2952 2464 3123 2534 ἑτέρῳ
3151 2464 3208 2516 δὲ
3245 2463 3444 2534 μᾶλλον
3475 2463 3708 2517 συνδιαι-

2141 2551 2386 2620 τήσεται.
2437 2553 2556 2606 Κᾶν
2587 2555 2641 2606 εἰ
2685 2536 2815 2606 τινά
2841 2553 2989 2621 λέγοι
3029 2554 3137 2608 τῶν
3170 2540 3260 2606 ἐπὶ
3300 2554 3404 2622 γῆς
3444 2551 3708 2622 βασιλέων

2144 2639 2564 2710 συμϐασιλεύειν
2594 2640 2791 2711 ἑαυτῷ,
2814 2641 2967 2710 ὄφλοι
2997 2643 3065 2697 ἂν
3093 2643 3317 2705 εἰκότως
3347 2641 3579 2708 γέλωτα,
3610 2641 3706 2694 καὶ

2145 2731 2429 2803 βατταριεῖ
2459 2732 2519 2785 τὸ
2555 2733 2641 2801 ἐφ’
2673 2733 2791 2796 ἑνός
2818 2750 2877 2784 τε
2913 2733 3008 2784 καὶ
3035 2733 3195 2802 μόνου
3222 2732 3389 2796 τιθεὶς
3417 2734 3513 2786 καὶ
3536 2732 3710 2801 λέγων

2140 2823 2216 2887 ὼς
2244 2825 2337 2877 ἐπὶ
2364 2824 2531 2889 δυοῖν,
2571 2824 2744 2889 οὕτως
2776 2827 3032 2880 ἀσύνετον
3064 2826 3259 2896 κομιδῆ
3287 2826 3349 2878 τὸ
3384 2841 3710 2894 συγχρημα-

2142 2915 2315 2979 τίζειν
2345 2917 2554 2970 οἴεσθαι
2602 2917 2722 2971 καθ’
2751 2918 2867 2981 ἑνός
2900 2935 2957 2970 τε
2998 2918 3093 2971 καὶ
3126 2919 3284 2987 μόνου
3313 2915 3575 2969 δύνασθαι
3607 2934 3713 2987 χω-

394 3080 405 3087 -
475 3006 630 3076 ponit
678 3015 842 3075 atque
893 3004 1211 3074 pronuntiat
1261 3014 1516 3073 tanquam
1569 3008 1636 3060 de
1678 3004 1920 3071 duobus;
1965 3003 2038 3058 ita

2147 3007 2276 3075 ρεῖν,
2307 3005 2400 3058 δύο
2430 3005 2538 3077 γάρ
2574 3023 2675 3059 που
2716 3006 2934 3069 πάντως
2981 3000 3092 3057 εἷεν
3131 3005 3228 3057 ἄν·
3257 3003 3351 3057 καὶ
3388 3005 3416 3057 6
3471 3002 3569 3072 μὲν
3597 3002 3711 3056 ἐστι

479 3097 701 3151 stultum
731 3109 863 3152 sane
897 3095 967 3151 sit
988 3104 1182 3165 putare
1207 3094 1310 3151 hoc
1340 3094 1537 3163 ipsum,
1565 3093 1726 3149 simul
1757 3093 2037 3164 appellari,

475 3190 544 3242 de
583 3202 692 3241 uno
736 3185 958 3255 soloque
999 3185 1107 3240 dici
1158 3199 1320 3255 posse
1352 3200 1366 3236 :
1398 3185 1504 3238 duo
1542 3198 1775 3254 namque
1819 3199 2046 3255 prorsus

474 3286 656 3343 erunt,
682 3284 748 3331 et
776 3275 915 3332 alter
953 3276 1252 3331 secundum
1283 3284 1532 3330 naturam
1568 3275 1726 3342 Deus,
1752 3264 1891 3330 a'lter
1914 3291 2043 3331 vero

476 3368 664 3437 procul
690 3367 853 3423 dubio
883 3382 1006 3422 cum
1034 3367 1087 3422 id
1120 3367 1293 3422 solum
1326 3367 1521 3421 habeat
1548 3376 1606 3421 ut
1636 3366 1799 3421 simul
1825 3382 1945 3422 cum
1976 3382 2042 3422 eo

478 3467 704 3513 vocetur
754 3458 929 3525 Deus,
982 3457 1144 3527 idque
1189 3458 1526 3512 extrinsecus
1568 3467 1624 3513 et
1673 3458 2039 3527 acquisitum,

481 3563 672 3605 recens
698 3550 853 3604 nobis
881 3548 1022 3604 Deus
1066 3548 1294 3604 exstitit.
1326 3547 1462 3602 Num
1494 3563 1622 3619 ergo
1668 3548 1924 3603 mentitur
1954 3549 2043 3604 ille

477 3650 670 3698 natura
707 3648 761 3696 et
806 3656 934 3696 vere
962 3640 1344 3697 universorum
1385 3641 1523 3694 Deus
1555 3655 1676 3696 cum
1714 3640 1847 3695 dicit
1880 3658 1894 3695 :
1929 3659 1949 3692 ι
1982 3640 2039 3695 Si

477 3733 717 3807 audieris
760 3748 870 3797 me,
915 3710 1020 3788 non
1064 3733 1177 3787 erit
1225 3733 1278 3797 in
1330 3741 1380 3787 te
1428 3731 1561 3787 deus
1612 3746 1822 3799 recens,
1869 3746 2044 3801 neque

476 3816 732 3881 adorabis
775 3825 931 3880 deum
982 3824 1216 3878 alienum
1241 3824 1322 3878 "1'
1355 3842 1374 3875 ι
1417 3822 1529 3878 Hoc
1573 3823 1619 3877 si
1652 3824 1722 3878 ita
1761 3833 1864 3889 est,
1906 3838 2041 3892 quo-

481 3911 637 3966 modo
683 3912 974 3967 adoramus
1014 3910 1324 3979 Christum,
1374 3922 1428 3967 et
1483 3912 1559 3966 illi
1597 3906 1842 3967 ﬂectetur
1884 3927 2044 3968 omne

476 4003 659 4070 genu?
710 4003 982 4074 quomodo
1034 4003 1197 4058 etiam
1258 4004 1407 4059 illum
1454 4006 1695 4060 venerari
1746 4004 2043 4068 conﬁteris,

477 4107 602 4147 cum
635 4102 813 4147 tamen
844 4092 1126 4159 formides,
1151 4102 1210 4148 ut
1237 4093 1445 4159 dixisti,
1479 4108 1545 4149 ne
1573 4095 1894 4151 hominicola
1923 4110 2044 4153 esse

480 4184 758 4238 videaris?
786 4184 896 4239 Sed
934 4186 1097 4241 habet
1125 4188 1192 4240 ad
1215 4186 1318 4240 hoc
1349 4186 1609 4255 aliquam,
1640 4196 1699 4240 ut
1725 4186 1839 4256 ipse
1869 4195 2041 4256 putat,

386 4350 391 4357 '
477 4285 690 4331 acutam
730 4276 1133 4344 responsionem
1183 4293 1354 4331 :nam
1406 4288 1665 4347 tanquam
1723 4278 2043 4349 conjunctus

2144 3094 2286 3148 κατὰ
2314 3095 2474 3163 φύσιν
2506 3094 2637 3157 Θεός
2660 3112 2671 3126 ·
2704 3095 2734 3146 6
2759 3094 2837 3157 δὲ,
2877 3094 3018 3164 τάχα
3061 3109 3166 3145 που
3205 3093 3301 3145 καὶ
3332 3092 3491 3161 μόνον
3541 3091 3603 3145 τό
3632 3108 3710 3161 ,γε

2145 3185 2586 3255 συγχρηματίσαι
2637 3184 2869 3254 θύραθέν
2919 3201 2980 3237 τε
3045 3183 3141 3236 καὶ
3186 3182 3479 3252 ἐπίκτητον
3551 3181 3709 3252 ἔχων,

2145 3278 2455 3348 πρόσφατος
2489 3278 2622 3346 ἡμῖν
2668 3271 2951 3346 ἀνεδεὰθη
2979 3275 3133 3337 Θεός.
3172 3268 3298 3345 ’Δρῗ
3325 3269 3419 3327 οὖν
3460 3273 3711 3343 ψεύδεται

2142 3368 2337 3436 λέγων,
2360 3371 2388 3422 6
2419 3369 2580 3437 φύσει
2611 3385 2669 3421 τε
2700 3366 2796 3421 καὶ
2815 3366 3029 3439 ἀληθῶς
3058 3365 3166 3419 τῶν
3197 3366 3337 3419 ὅλων
3352 3364 3514 3428 Θεός’
3547 3383 3566 3416 ι
3587 3363 3712 3421 Ἐὰν

2142 3458 2384 3533 ἀκούσῃς
2412 3476 2536 3530 μου,
2566 3459 2667 3511 οὐκ
2696 3458 2849 3511 ἔσται
2874 3460 2931 3512 ὲν
2961 3458 3044 3511 σοὶ
3079 3456 3199 3520 θεὸς
3233 3456 3565 3527 πρόσφατος,
3592 3454 3712 3509 οὐδὲ

2144 3550 2543 3619 προσκυνήσεις
2584 3548 2693 3618 θεῷ
2740 3547 3029 3620 άλλοτρίῳ;
3061 3566 3078 3598 ι
3138 3540 3268 3602 Εἶτα
3314 3546 3432 3609 πῶς
3475 3562 3713 3616 προσκει-

2144 3640 2459 3708 κυνήκοιμεν
2490 3636 2566 3707 τῷ
2597 3635 2838 3708 Χριστῷ,
2870 3637 2964 3690 καὶ
2988 3635 3138 3707 αύτῷ
3172 3634 3376 3707 κάμψει
3407 3636 3516 3689 πᾶν
3546 3635 3711 3702 γόνυ;

2145 3728 2262 3792 πῶς
2287 3729 2343 3781 δὲ
2385 3728 2481 3780 καὶ⁸
2517 3728 2697 3781 σέϐειν
2750 3728 2911 3781 αὑτὸν
2941 3727 3256 3797 όμολογεῖς;
3295 3727 3470 3780 καίτοι
3501 3723 3712 3790 δεδιὼς,

2142 3822 2218 3884 ὼς
2250 3820 2409 3892 ἔφης,
2440 3820 2501 3873 τὸ
2533 3818 2991 3889 ἀνθρωπολάτρης
3023 3815 3161 3872 εἶναι
3197 3818 3389 3872 δοκεῖν.
3430 3816 3568 3870 Ἀλλ’
3597 3815 3717 3886 ἔχει

2142 3910 2263 3965 τινὰ
2295 3908 2547 3979 καθάπερ
2587 3903 2681 3962 οὖν
2722 3907 2893 3961 οἴεται
2930 3907 3090 3975 σοφὸν
3122 3908 3215 3961 ἐπὶ
3257 3905 3389 3976 τῷδε
3414 3904 3603 3973 λόγον·
3634 3905 3717 3970 ὡς

2143 4004 2255 4074 γὰρ
2286 4001 2365 4072 τῷ
2417 4001 2635 4057 λαῦόντι
2676 4000 3005 4069 συναφθεὶς,
3055 3996 3485 4069 συγχρηματίζει
3535 3996 3714 4060 θεὸς.

2144 4094 2262 4157 πῶς
2299 4092 2507 4164 ἐλήφθη
2558 4091 2787 4162 φράσον,
2833 4088 3019 4160 ἣτίνα
3071 4089 3338 4160 συνῆπται
3377 4087 3608 4161 τρόπον;
3648 4087 3721 4140 Ei.

2147 4186 2244 4256 μὲν
2270 4180 2362 4238 οὖν
2381 4184 2500 4238 καθ’
2522 4184 2716 4235 ἕνωσιν
2745 4181 2943 4252 ἀληθῆ,
2961 4181 3058 4251 τὴν
3082 4181 3203 4235 καθ’
3230 4180 3527 4233 ὑπόστασιν
3546 4178 3713 4247 λέγω.

2148 4274 2354 4328 παῦσαι
2393 4273 2632 4345 μερίζων
2662 4272 2723 4325 τὸ
2753 4273 3063 4344 ἡνωμένον
3095 4271 3187 4324 ἐπὶ
3227 4269 3416 4342 καιροῦ
3446 4270 3505 4323 δὲ
3536 4265 3715 4339 οἶμαι,

479 4367 773 4421 assumenti
802 4365 964 4419 simul
997 4366 1301 4435 appellatur
1326 4367 1500 4421 Deus:
1533 4367 1806 4436 quomodo
1834 4382 2042 4423 assum-

2147 4363 2240 4415 καὶ
2278 4361 2414 4433 πρός
2458 4377 2523 4429 γε
2578 4360 2734 4432 ἡμῶν
2791 4362 3069 4431 εἰρήσεται
3122 4359 3465 4431 διατέμνοντί
3513 4375 3595 4412 σοι
3653 4357 3722 4410 τδ

477 4461 602 4525 ptus
659 4463 744 4509 est
780 4448 1090 4523 eloquere,
1141 4465 1233 4508 aut
1288 4470 1525 4525 quonam
1592 4456 1911 4526 conjunctus
1958 4467 2043 4514 est

478 4545 670 4600 modo?
700 4543 836 4611 Nam
866 4545 910 4600 si
949 4546 1164 4616 quidem
1210 4547 1504 4602 secundum
1542 4562 1728 4619 veram
1761 4549 2040 4613 unionem,

478 4631 625 4688 illam
668 4634 964 4691 secundum
1011 4637 1341 4709 hyposlasim
1390 4638 1544 4703 dico;
1592 4640 1781 4695 desine
1824 4640 2041 4694 tandem

480 4722 690 4778 unitum
713 4723 959 4781 dividere
984 4743 1000 4780 :
1029 4736 1085 4781 et
1119 4736 1420 4796 opportune
1447 4728 1609 4781 etiam
1654 4712 1684 4780 ἐι
1712 4727 1867 4782 nobis
1890 4726 2040 4782 dice-

480 4824 567 4868 tur
616 4812 717 4870 tibi
768 4813 1102 4870 individuum
1149 4816 1428 4877 dividenti.
1482 4834 1501 4867 ι
1530 4816 1682 4884 Quod
1726 4831 1855 4887 ergo
1900 4817 2043 4873 Deus

475 4904 776 4976 conjunxit,
810 4905 971 4961 homo
1004 4921 1072 4962 ne
1108 4907 1392 4962 dividat".
1428 4928 1446 4960 ι
1476 4905 1572 4963 Sin
1617 4902 2038 4976 assu‘mptionem

480 5000 637 5052 istam
685 4986 780 5054 seu
832 4997 1264 5068 coniunctionem
1314 5015 1435 5056 esse
1480 5001 1618 5056 dicis
1652 5010 1932 5056 externam
1976 5015 2041 5057 ac

480 5086 780 5154 relativam,
830 5088 1101 5157 quomodo
1146 5104 1254 5146 non
1296 5091 1533 5146 advertis
1573 5091 1627 5145 in
1672 5090 1829 5146 nobis
1875 5090 2038 5146 etiam

476 5190 594 5231 esse
619 5176 810 5242 Deum,
843 5184 896 5234 et
921 5192 1022 5235 nos
1051 5178 1127 5234 illi
1155 5179 1404 5250 conjungi
1439 5180 1680 5245 relative,
1720 5190 1774 5235 et
1812 5180 2035 5249 partici-

546 5329 589 5362 ⁶¹
623 5331 793 5387 Exod.
824 5349 911 5401 xx,
935 5335 1005 5401 ες
1035 5336 1172 5390 Psal.
1203 5353 1367 5402 Lux,
1404 5338 1488 5391 10.
1567 5340 1610 5370 θ’
1638 5338 1828 5391 Matth.
1859 5354 1968 5401 χιχ,
1998 5338 2053 5392 6.

2145 4451 2409 4522 ἄτμητον,
2449 4470 2468 4502 ι
2507 4449 2575 4506 *Ο
2617 4446 2710 4505 οὖν
2756 4450 2886 4513 Θεὸς
2935 4449 3268 4515 συνέζευξεν,
3303 4448 3591 4522 ἄνθρωπος
3636 4448 3722 4518 μὴ

2145 4543 2443 4613 χωριζέτω.
2481 4563 2499 4594 ι
2540 4542 2603 4597 Ei
2659 4542 2716 4595 δέ
2757 4560 2821 4611 γε
2853 4544 2951 4614 τὴν
2983 4543 3171 4615 λῆψιν,
3223 4543 3389 4612 ἧγουν
3440 4541 3537 4611 τὴν
3585 4556 3723 4594 συν⁴

2146 4635 2363 4704 ἀφειαν,
2418 4634 2617 4699 ἔξωθέν
2660 4652 2719 4688 τε
2768 4635 2860 4688 καὶ
2896 4633 3165 4704 ’σχετικὴν
3215 4628 3354 4686 εἶναι
3404 4631 3542 4703 φὴς,
3594 4631 3722 4696 πῶς

2145 4727 2440 4798 ἢγνόηκας.
2463 4728 2545 4781 ὅτι
2578 4726 2671 4780 καὶ
2698 4727 2756 4780 ὲν
2779 4728 2912 4797 ἡμῖν
2937 4727 3053 4777 ἐστι
3078 4725 3230 4788 Θεὸς,
3259 4726 3354 4778 καὶ
3376 4725 3537 4793 ἡμεῖς
3563 4721 3722 4792 αὑτῷ

2148 4817 2526 4889 συναπτόμεθα
2552 4817 2838 4887 σχετικῶς,
2865 4816 2961 4871 καὶ
2982 4810 3226 4870 κοινωνοὶ
3249 4816 3350 4884 τῆς
3372 4814 3518 4877 θείας
3546 4814 3720 4868 αὐτοῦ

2147 4910 2449 4980 γεγόναμεν
2481 4909 2731 4979 φύσεως;
2763 4908 2970 4963 Ψάλλει
3000 4908 3129 4977 γοῦν
3148 4889 3491 4969 δ’θεσπέσιος
3512 4904 3719 4960 Δαὸίδ’

2153 5018 2171 5050 ι
2195 4998 2490 5071 Ἐκολλήθη
2551 5003 2584 5070 ἡ
2630 5000 2774 5071 ψυχή
2814 5017 2914 5071 μου
2944 5000 3118 5055 ὀπίσω
3155 5016 3249 5053 σου
3270 5016 3285 5031 θ
3317 5017 3336 5050 ι
3389 5011 3722 5067 συγχρημα-

2146 5091 2366 5161 τιοῦμεν
2398 5088 2491 5151 οὖν
2518 5092 2629 5162 ἀρα
2655 5093 2749 5145 καὶ
2798 5095 2981 5163 ἡμεῖς,
3034 5091 3110 5162 τῷ
3155 5090 3295 5144 κατά
3353 5089 3514 5159 φύσιν
3571 5085 3724 5158 Θεῷ,

2146 5182 2257 5235 θεοὶ
2284 5186 2403 5237 κατ’
2436 5184 2622 5248 αὐτὸν,
2647 5182 2852 5255 κάμψει
2879 5184 2973 5238 καὶ
2994 5186 3126 5254 ἡμῖν
3150 5185 3259 5236 πᾶν
3278 5182 3428 5250 γόνυ.
3456 5179 3524 5233 Τί
3545 5194 3728 5249 προσ-

1764 5490 1923 5545 ΑΝΤ.
1964 5489 2235 5546 AGELLII
2277 5489 2508 5546 NOTAE.

547 5644 657 5713 (16)
700 5645 1001 5717 Legendum
1038 5648 1196 5714 ἵεται,
1233 5658 1290 5703 ut
1326 5649 1379 5703 in
1409 5657 1652 5706 extremo
1686 5649 1785 5703 hoc
1818 5664 1853 5702 ιι
1905 5648 2042 5703 libro

2144 5648 2225 5713 :il,
2260 5647 2417 5717 μόνος
2448 5647 2521 5701 ἴθι
2551 5648 2648 5719 τὴν
2679 5647 3132 5722 διεστραμμένηικ
