4004 6202
272 310 364 366 109

1358 296 1729 355 ADVERSUS
1766 294 2172 356 NESTORIUM
2210 296 2336 351 LIB.
2378 296 2441 351 ll.

3370 294 3509 347 -ΗΟ

274 423 449 493 sitq:
476 421 586 483 τοίς
611 417 731 474 ἂνω
759 417 1087 488 πνεύμασιν
1112 415 1302 480 ὁοϐεδς
1331 418 1426 470 καὶ
1456 418 1663 489 Πατὴρ,
1696 419 1843 471 διδα-

1952 433 2044 488 pes
2074 434 2173 473 nos
2201 418 2376 472 factos
2421 429 2543 471 esse
2582 414 2777 471 divinae
2818 413 2935 485 ejus
2969 402 3177 468 natura:
3195 413 3284 467 "1’
3317 413 3513 469 Psallit

278 514 437 568 σκέτω
453 508 742 581 παρελθὼν
767 510 802 561 ὁ
857 507 1159 571 θεσπέσιος
1201 507 1433 570 Παῦλος,
1468 527 1486 559 ι
1511 508 1684 562 Ὅταν
1709 510 1839 582 γὰρ,

282 604 442 674 φησὶν,
471 599 741 672 εἰσαγάγῃ
767 599 867 653 τὸν
898 598 1252 671 πρωτότοκον
1278 599 1357 659 είς
1377 597 1477 668 τὴν
1498 600 1841 670 οἰκουμένην,

279 694 410 759 λέγει
428 707 441 721 ·
470 691 578 745 Καὶ
605 689 1166 760 προσκυνησάτωσαν
1212 687 1361 758 αὐτῷ
1390 689 1590 754 πάντες
1624 691 1845 759 ἄγγελοι

286 782 421 838 Θεοῦ.
450 800 468 834 ι
498 779 704 835 οὐκοῦν
737 779 1059 850 ἐπειδήπερ
1090 779 1147 831 ὲν
1173 777 1406 840 τούτοις,
1441 777 1503 832 τδ
1544 780 1633 831 σὸν
1661 779 1726 850 δὴ
1752 782 1848 834 καὶ

290 874 429 943 σοφὸν
463 873 559 926 οὐκ
598 872 1042 942 ὲπενήνεγκται·
1096 868 1522 939 προσκυνεῖσθαι
1550 869 1607 921 δὲ,
1648 870 1846 940 μᾶλλον

294 964 641 1037 προστέταχεν,
693 961 773 1024 ὡς
818 961 931 1015 ἕνα
965 977 1070 1013 που
1102 960 1343 1026 πάντως,
1377 959 1471 1012 καὶ
1509 960 1607 1029 οὐχ
1662 961 1846 1031 ἕτερον

296 1056 377 1109 σὺν
400 1056 584 1126 ἑτέρῳ·
618 1053 703 1115 τίς
732 1052 792 1105 δὲ
833 1052 869 1104 ὁ
900 1053 1058 1123 παρὰ
1086 1050 1194 1105 τῶν
1224 1051 1472 1120 ἀγγέλων
1504 1054 1845 1122 προσκυνού-

303 1166 471 1220 pem;
507 1146 691 1200 Καίτοι
719 1145 815 1199 τὸν
849 1146 1205 1216 πρωτότοκον
1235 1146 1271 1215 ἡ
1305 1144 1425 1199 θεία
1457 1146 1606 1214 λέγει
1632 1147 1847 1217 Γραφὴ»

305 1242 596 1311 πρωτότοκον
622 1237 679 1291 δὲ
716 1234 1054 1307 ὠνομάσθαι
1080 1235 1281 1306 φαμὲν,
1313 1235 1405 1288 τὸν
1455 1237 1521 1288 ὲκ
1563 1236 1699 1289 Θεοῦ
1736 1238 1848 1289 [Ια-

306 1331 411 1405 τρδς
434 1331 603 1399 Λόγον,
641 1329 837 1381 καίτοι
870 1327 1007 1381 θεὸν
1041 1326 1174 1380 ὂντα
1215 1326 1358 1381 κατὰ
1400 1326 1563 1396 φύσιν
1594 1328 1688 1381 καὶ
1719 1327 1849 1382 Υίὺν

311 1422 547 1492 μονογενῆ,
572 1419 663 1473 καί⁸
707 1417 1065 1473 ἀσύντακτον
1103 1418 1171 1486 τῇ
1226 1415 1422 1477 κτίσει,
1469 1418 1610 1472 κατά
1646 1435 1710 1486 γε
1754 1419 1847 1471 τὸν

310 1512 391 1583 τῆς
414 1511 635 1580 θεότητος
682 1508 883 1577 λόγον,
930 1509 1015 1562 ὃτι
1040 1506 1268 1576 γέγονεν
1294 1506 1605 1578 ἄνθρωπος,
1648 1509 1743 1562 καὶ⁵
1791 1511 1849 1562 ἐν

314 1605 493 1667 πολλοῖς
521 1603 752 1671 ἀδελφοῖς
777 1598 1159 1671 πρωτότοκος.
1178 1589 1274 1659 Εἷς
1310 1591 1403 1649 οὖν
1440 1596 1550 1667 ἄρα
1579 1597 1715 1668 πρὸς
1739 1595 1848 1649 τῶν

316 1694 409 1748 ἄνω
425 1690 717 1762 πνευμάτων
743 1690 779 1742 ὁ
814 1684 1313 1758 προσκυνούμενος,
1336 1685 1365 1736 ὁ
1391 1684 1454 1736 ὲκ
1477 1683 1612 1737 Θεοῦ
1636 1685 1848 1755 Ιιατρὸς

1946 519 2093 564 certe
2131 510 2319 564 beatus
2374 508 2538 562 David
2585 525 2597 560 :
2651 526 2669 558 ι
2698 504 2937 560 Adhaesit
2985 505 3164 558 anima
3221 521 3337 560 mea
3391 514 3512 574 post

1947 601 2106 670 te“;
2142 621 2161 655 ι
2202 616 2333 671 ergo
2377 615 2477 654 nos
2506 614 2718 669 quoque
2765 614 2828 653 ex
2865 597 3130 653 sententia
3180 597 3339 651 simul
3384 612 3506 652 cum

1947 693 2040 748 illo
2075 709 2141 747 ex
2192 704 2383 745 natura
2434 691 2543 745 Deo
2592 692 2667 744 dii
2716 690 2920 744 erimus
2964 699 3126 757 atque
3171 688 3508 752 vocabimur,

1930 784 2207 861 'uobisque
2236 781 2484 837 ﬂectetur
2515 794 2676 836 omne
2699 797 2861 848 genu.
2893 779 3034 861 Quid
3068 779 3386 847 praeceperit
3414 794 3508 833 su-

1946 876 2091 943 peris
2138 873 2419 941 spiritibus
2470 872 2610 927 Deus
2658 888 2722 926 ac
2771 856 3208 935 Pater,‘doceat
3259 869 3512 939 prodieus

1948 967 2141 1021 beatus
2171 965 2394 1019 Paulus.
2438 983 2454 1014 ι
2486 964 2646 1025 Cum,
2680 965 2879 1032 inquit,
2915 962 3206 1015 introducit
3236 960 3513 1030 Primoge-

1948 1054 2117 1108 uitnm
2152 1056 2203 1108 in
2239 1056 2425 1109 orbem
2452 1054 2759 1119 terra-,dicit
2788 1072 2801 1107 :
2841 1053 2905 1106 Et
2930 1053 3155 1106 adorent
3179 1066 3303 1105 eum
3325 1065 3514 1105 ornues

1949 1147 2121 1217 angeli
2158 1145 2252 1201 Dei
2279 1147 2345 1200 ⁸⁸.
2377 1167 2395 1199 ι
2431 1147 2601 1216 Igitur
2644 1146 2767 1213 quia
2801 1147 2856 1198 in
2897 1146 2982 1199 bis
3005 1146 3184 1199 verbis
3218 1143 3348 1198 illud
3385 1158 3517 1197 sane

1948 1239 2164 1307 sapiens
2190 1248 2338 1292 tuum
2368 1247 2735 1292 commentum
2767 1252 2872 1291 non
2906 1246 2990 1293 est
3018 1235 3390 1305 subjunctum,
3421 1226 3516 1289 sed

1948 1330 2177 1383 adorare
2204 1330 2368 1399 jussit
2399 1340 2457 1384 ut
2500 1346 2663 1383 unum
2695 1329 2878 1398 procul
2915 1328 3102 1391 dubio.
3146 1339 3203 1383 et
3235 1344 3340 1382 non
3377 1328 3516 1383 alte-

1949 1437 2069 1474 rum
2111 1436 2231 1475 cum
2278 1422 2473 1491 altero,
2537 1423 2829 1490 quaerimus
2880 1420 3134 1488 quisnam
3190 1420 3262 1474 sit
3304 1419 3394 1473 ille
3422 1417 3514 1486 qui

1928 1511 2018 1564 “ab
2047 1511 2255 1580 angelis
2281 1512 2390 1581 60
2415 1511 2673 1566 adoratur
2702 1529 2717 1564 :
2744 1514 2893 1580 atqui
2930 1511 3347 1581 primogenitum
3391 1526 3516 1565 euut

1947 1599 2146 1654 divina
2169 1600 2391 1656 Littera:
2422 1602 2609 1656 dicunt
2638 1618 2652 1653 :
2680 1602 3094 1671 primogenitum
3127 1612 3306 1655 autem
3335 1599 3519 1670 appel-

1950 1689 2118 1744 latum
2168 1692 2398 1747 dicimus
2432 1692 2564 1746 illud
2614 1707 2682 1747 ex
2732 1694 2841 1747 Deo
2888 1692 3047 1747 Patre
3076 1691 3349 1755 Verbum.
3388 1691 3519 1747 licet

321 1783 462 1851 Λόγος
492 1780 616 1852 μετά
636 1782 730 1851 τῆς
764 1778 913 1840 ιδίας
942 1772 1145 1845 σαρκὸς
1164 1789 1181 1805 ο
1220 1771 1343 1825 τότε
1372 1771 1481 1842 γὰρ
1510 1771 1723 1836 τέτοκε,
1754 1775 1847 1826 καὶ

1956 1778 2099 1835 Deus
2127 1792 2275 1836 esset
2306 1797 2370 1837 ex
2400 1792 2611 1851 natura,
2641 1799 2705 1838 ac
2734 1784 2905 1839 Filius
2935 1784 3265 1852 uuigeuitus,
3297 1793 3349 1837 et
3374 1784 3518 1852 quod

324 1874 387 1936 ὡς
414 1872 672 1944 πρωτεύων
695 1872 754 1925 ὲν
788 1871 945 1931 πᾶσι,
974 1867 1177 1919 νοεῖται
1210 1862 1571 1937 πρωτότοκος.
1619 1863 1756 1916 Ἀλλ’
1784 1865 1846 1917 ἀί

333 1962 415 2029 μὲν
433 1961 742 2015 θεόπνευστοι
775 1958 1014 2030 Γραφαὶ,
1033 1955 1269 2025 Χριστὸν
1284 1954 1381 2008 ἕνα
1405 1954 1844 2026 διακηρύττουσι,

338 2055 417 2104 καὶ
437 2053 667 2117 Υἱδν,καὶ
690 2051 920 2123 Κύριον·
950 2048 1046 2101 δύο
1078 2064 1142 2113 γε
1176 2046 1280 2119 μὴν
1309 2048 1340 2099 ὁ
1368 2046 1622 2118 περιττὸς
1646 2049 1846 2112 οὑτοσὶ,

348 2142 429 2195 καὶ
472 2144 901 2215 προσκυνούμενον
956 2139 1242 2210 ἄνθρωπον
1292 2140 1358 2208 τῇ
1442 2138 1572 2210 ἁγίᾳ
1620 2156 1680 2192 τε
1755 2141 1853 2194 καὶ

360 2232 585 2304 δμοουσίῳ
618 2234 801 2306 Τριάδι,
828 2228 1145 2303 προστιθεὶς
1194 2228 1294 2281 οὐκ
1332 2227 1693 2298 αἰσχύνεταιν
1716 2232 1851 2301 φησὶ

369 2315 463 2387 γὰρ
486 2320 638 2374 πάλιν

1953 1869 2021 1923 ad
2068 1869 2287 1925 deitatis
2334 1871 2596 1928 rationem
2644 1875 2899 1943 pertinet,
2958 1889 3078 1927 cum
3127 1883 3375 1927 creatura
3425 1872 3520 1935 mis

1954 1961 2099 2015 nime
2113 1964 2457 2027 ‘censendus,
2489 1966 2614 2034 quia
2648 1964 2823 2019 factus
2858 1977 2942 2019 est
2981 1966 3166 2028 homo,
3198 1974 3253 2017 et
3281 1964 3334 2017 in
3381 1962 3520 2017 mul-

1954 2051 2022 2105 tis
2053 2050 2316 2109 fratribus
2352 2056 2745 2126 primogenitus
2766 2056 2833 2113 “.
2871 2055 3019 2121 Unus
3055 2067 3136 2112 est
3174 2056 3341 2123 igitur
3363 2055 3456 2123 qui
3485 2069 3518 2109 a

1950 2142 2160 2209 superis
2208 2144 2490 2214 spiritibus
2544 2147 2839 2214 aduratur,
2888 2147 3017 2202 illud
3083 2163 3150 2202 ex
3201 2147 3312 2201 Deo
3361 2146 3521 2200 Patre

1952 2228 2190 2286 Verbum
2227 2251 2349 2289 cum
2381 2250 2478 2290 sua
2506 2252 2706 2303 carne;
2745 2254 2867 2291 nam
2902 2241 3074 2307 ipsum
3118 2237 3259 2307 quod
3295 2236 3515 2304 dicitur,

1951 2324 2159 2392 genuit,
2195 2335 2272 2390 et,
2309 2326 2362 2380 in
2409 2328 2661 2383 onmibus
2691 2330 2981 2396 primatum
3034 2338 3223 2383 tenens
3244 2328 3314 2392 ",
3346 2328 3398 2380 id
3431 2326 3517 2379 in—

362 2408 593 2480 telligitur
609 2411 1163 2481 primogenitiaomine.
1196 2407 1304 2463 Sed
1334 2408 1592 2464 divinitus
1617 2411 1830 2481 quidem
1854 2413 2129 2484 inspirata:
2176 2415 2392 2472 Littera:
2448 2436 2612 2474 unum
2654 2419 2926 2476 Christum
2971 2422 3300 2489 praedicant,
3347 2431 3403 2474 et
3425 2422 3519 2475 Fi-

354 2497 495 2565 ιὶυηι,
527 2514 577 2556 et
615 2504 903 2569 Dominum;
944 2506 1066 2559 duos
1098 2518 1230 2558 vero
1272 2503 1362 2557 hic
1394 2515 1644 2573 nugator,
1687 2517 1742 2561 et
1776 2509 2108 2565 adorandum
2156 2513 2429 2568 hominem
2472 2525 2670 2569 sanctae
2696 2525 2752 2569 et
2783 2514 3229 2575 consubstantiali
3269 2514 3519 2570 Trinitati

343 2598 556 2668 adjiCere
579 2613 679 2652 non
706 2602 983 2662 erubescit,
1010 2599 1077 2652 ait
1103 2598 1249 2653 enim
1282 2615 1495 2654 rursum
1529 2618 1543 2652 :

400 2688 562 2763 [Ἀλλ’
586 2685 729 2754 οὗτος
756 2694 786 2745 ὁ
813 2692 950 2746 κατὰ
975 2691 1147 2763 σάρκα
1178 2690 1272 2744 τοῦ
1310 2693 1523 2762 Ἰσραὴλ
1558 2696 1846 2766 συγγενὴς,

332 2781 356 2833 6
381 2780 508 2833 κατὰ
528 2779 584 2832 τὸ
605 2780 912 2850 φαινόμενον
937 2780 1246 2851 ἄνθρωπος,
1280 2781 1308 2833 ὁ
1337 2782 1477 2835 κατὰ
1510 2781 1608 2853 τὴν
1634 2783 1851 2837 Παύλου

331 2870 488 2941 φωνὴν
510 2871 567 2923 ἐκ
590 2869 891 2940 σπέρματος
918 2871 1314 2943 γεγεννημένος
1335 2871 1518 2936 Δαὸὶδ,
1547 2871 1853 2944 παντοκρά-

325 2977 423 3030 τωρ
440 2962 498 3031 τῇ
520 2960 763 3031 συναφεία
785 2959 938 3024 Θεός.
976 2961 1117 3015 Εἶτα
1143 2962 1373 3027 τούτοις
1391 2960 1598 3030 ἐπάτει
1613 2977 1627 2991 ⁸
1656 2963 1853 3015 ’Δκου-

328 3069 407 3104 σον
428 3052 680 3124 ἀμφότερα
703 3051 797 3105 τοῦ
816 3052 1036 3105 Παύλου
1064 3051 1424 3123 κηρύττοντος
1439 3069 1453 3083 ’
1481 3042 1733 3123 ὁμολογεί
1760 3054 1849 3108 τὸν

326 3138 575 3210 ἄνθρωπον
594 3141 871 3211 πρότερον,
907 3139 1005 3194 καὶ
1036 3140 1159 3193 τότε
1189 3143 1255 3212 τῇ
1290 3140 1383 3194 τοῦ
1417 3142 1552 3211 Θεοῦ
1585 3144 1851 3216 συναφείᾳ

328 3231 604 3298 θεολογεῖτὸ
636 3232 997 3301 φαινόμενον·
1032 3233 1120 3285 ἵνα
1159 3231 1345 3304 μηδεὶς
1392 3232 1851 3307 ἀνθρωπολάτρην

320 3322 396 3375 τὸν
436 3324 746 3395 Χριστιανὸν
783 3323 1088 3397 ὑποπτεύῃ.
1151 3324 1481 3395 Ἀσύγχυτον
1529 3326 1706 3382 τοίνυν
1753 3326 1859 3398 τὴν.

318 3415 411 3468 τῶν
438 3414 637 3483 φύσεων
690 3414 949 3486 τηρῶμεν
998 3415 1326 3484 συνάφειανυ
1377 3416 1722 3488 ὁμολογῶμεν
1761 3419 1853 3472 τὸν

316 3503 396 3556 ἕνα
422 3503 538 3558 Θεὸν
558 3520 572 3535 ’
602 3503 854 3572 σέϐωμεν
878 3504 969 3555 τὸν
1000 3505 1066 3574 τῇ
1102 3503 1221 3574 θείᾳ
1248 3505 1511 3576 συναφείᾳ
1543 3504 1621 3575 τῷ
1654 3522 1853 3560 παντο-

313 3595 504 3667 κράτορι
528 3594 651 3667 Θεῷ
676 3593 1265 3666 συμπροσκυνούμενον
1291 3594 1626 3667 ἄνθρωπον,]

879 3840 1127 3894 ΚΕΦΔΛ.
1158 3838 1256 3892 ΙΓ’.

376 3976 431 4030 Ei.
457 3978 548 4046 μὲν
574 3971 668 4031 οὗν
694 3975 981 4046 ἄνθρωπον
1002 3971 1283 4042 ὀνομάζων
1303 3964 1460 4024 οἶσθα
1493 3969 1631 4041 μετὰ
1658 3966 1856 4034 τούτου

322 4067 405 4119 καὶ
430 4067 550 4120 Θεὸν
572 4068 694 4120 ὕντα
706 4065 848 4119 κατὰ
874 4063 1036 4134 φύσιν
1064 4061 1249 4126 αὐτὸν,
1279 4056 1338 4115 εὖ
1370 4059 1435 4114 ἂν
1472 4061 1606 4130 ἔχοι,
1633 4061 1727 4113 καὶ
1752 4074 1853 4111 πε-

317 4158 584 4241 παύσομαι.
618 4159 684 4211 Εἰ
701 4158 760 4211 δὲ
780 4153 1019 4228 μερίζων
1047 4154 1147 4218 τὰς
1170 4152 1382 4223 φύσεις,
1400 4153 1521 4222 οὐχὶ
1549 4150 1629 4222 τῷ
1654 4149 1851 4241 είᾷέναι

311 4238 469 4320 μόνον,
492 4252 577 4313 τίς
614 4251 716 4322 μὶν
747 4252 782 4320 ἡ
813 4246 1151 4319 ἀνθρωπεία,
1191 4244 1274 4308 τίς
1298 4243 1356 4298 δὲ
1381 4243 1448 4313 δὴ
1470 4241 1631 4296 πάλιν
1653 4242 1687 4312 ὴ
1713 4238 1852 4293 θεία.

302 4342 496 4406 Aris-rd;
517 4342 575 4395 δὲ
608 4339 812 4418 μᾶλλον
851 4339 949 4407 τῆς
976 4335 1113 4408 πρὸς
1144 4335 1371 4404 ἑνότητα
1412 4331 1736 4402 συνδρομῆς,
1759 4330 1854 4382 άν-

303 4432 690 4503 θρωπολατρείς
739 4428 1218 4501 ὁμολογουμένως-
1261 4423 1358 4517 ,καί
1393 4440 1474 4476 σοι
1512 4422 1651 4517 προς
1696 4421 1853 4492 ἡμῶν
1887 4463 1929 4517 D

299 4526 556 4596 εἰρήσεται
578 4541 594 4553 ·
625 4544 644 4575 ι
665 4523 803 4584 Τοὺς
826 4520 1070 4592 καρποὺς
1100 4518 1208 4570 τῶν
1230 4516 1406 4571 πόνων
1431 4532 1524 4568 σου
1557 4515 1844 4583 φάγεσαι.»

300 4616 523 4688 Σκληρὸς
559 4616 618 4668 δὲ
646 4614 740 4668 καὶ
781 4610 1140 4680 ἀνουθέτητος
1191 4607 1288 4673 ὣν,
1323 4608 1482 4677 μόνος
1523 4606 1595 4659 ῐθι
1646 4605 1744 4675 τὴν
1771 4604 1852 4658 δι-

300 4704 693 4774 εστραμμένην.
738 4702 928 4771 Ἡμεῖς
959 4699 1017 4752 δὲ
1060 4697 1175 4768 τὴνι
1199 4696 1397 4766 εὐσεὸἧ
1426 4696 1521 4749 καὶ
1555 4693 1854 4765 ἀμώμητον

302 4793 398 4846 τῶν
429 4794 601 4863 ἁγίων
640 4792 904 4861 Πατέρων
955 4788 1359 4859 ίχνηλατοῦντες
1398 4785 1605 4858 τρίϐον,
1641 4788 1754 4847 τοῖς
1790 4801 1852 4841 τε

300 4882 662 4944 amonng
722 4880 818 4932 καὶ
867 4878 1241 4946 εύαγγελικοίς
1306 4875 1733 4946 συγγράμμασιν
1783 4871 1854 4927 ἐὖ

303 4971 432 5040 μάλα
450 4968 982 5037 παιδαγωγούμενοι,
1006 4967 1139 5038 ὁμοῦ
1163 4967 1240 5038 τῷ
1268 4966 1387 5047 Θεῷ
1408 4967 1504 5020 καὶ
1531 4965 1725 5034 Πατρὶ,
1757 4967 1853 5018 καὶ

362 5128 402 5158 ⁸⁸
434 5128 472 5182 ll
508 5127 656 5183 Petr.
689 5144 730 5191 ι,
760 5127 819 5182 4.
887 5126 932 5159 ⁸⁵
960 5124 1243 5191 Psalmxu,
1281 5128 1333 5182 9.

307 5195 346 5225 "
367 5195 495 5253 Psal.
526 5213 734 5263 cum,
768 5198 824 5251 ‘2.

1441 5127 1486 5157 ⁸⁵
1515 5125 1679 5181 Hebr.
1721 5144 1760 5190 ι,
1793 5127 1844 5180 6.

2024 2699 2288 2771 [Νεδτοι.
2343 2700 2449 2757 Sed
2512 2703 2598 2756 hic
2642 2702 2939 2758 secundum
3000 2714 3218 2756 carnem
3256 2713 3519 2773 cognatus

1952 2792 2142 2858 Israel,
2174 2796 2261 2850 hie
2309 2798 2611 2851 secundum
2650 2807 2898 2851 naturam
2940 2796 3288 2866 spectabilem
3332 2798 3515 2862 homo,

1956 2886 2046 2939 hic
2079 2886 2232 2954 juxta
2267 2886 2419 2941 Pauli
2467 2901 2657 2941 vocem
2709 2898 2869 2942 natus
2911 2901 2977 2941 ex
3024 2888 3232 2941 semine
3258 2888 3426 2943 David
3448 2888 3517 2951 ⁵⁸,

1955 2975 2073 3043 ipsa
2099 2974 2481 3042 conjunctione
2519 2976 2663 3029 Deus
2690 2988 2772 3030 est
2802 2979 3162 3046 omnipotens.
3197 2978 3396 3032 Deinde
3432 2979 3516 3032 his

1957 3065 2196 3134 adjungit
2245 3079 2263 3116 :
2292 3066 2430 3119 Audi
2479 3064 2703 3120 Paulum
2751 3077 3040 3137 utrumque
3092 3070 3514 3135 praedicantem:

1954 3155 2244 3210 conﬁtetur
2274 3157 2422 3226 prius
2456 3158 2752 3224 hominem,
2782 3168 2834 3212 et
2867 3159 2939 3212 ita
2975 3169 3192 3228 prepter
3218 3159 3387 3229 ipsam
3425 3160 3515 3216 Dei

1951 3248 2424 3316 coniunctionem,
2473 3263 2720 3305 naturam
2761 3253 3110 3320 spectabilem
3160 3252 3249 3306 Dei
3302 3254 3520 3306 nomine
3610 3288 3615 3301 ι

1952 3345 2257 3400 consecrat,
2307 3351 2376 3390 ue
2411 3338 2534 3405 quis
2561 3336 2931 3392 Christ-ianum
2972 3353 3093 3392 esse
3132 3340 3515 3396 hominicolam

1952 3426 2277 3493 suspicetur.
2332 3425 2657 3481 Naturarum
2700 3430 2880 3498 itaque
2924 3430 3356 3496 coniunctionem
3403 3434 3521 3487 sinu

1956 3518 2063 3572 ulla
2087 3519 2402 3573 confusione
2418 3534 2740 3585 servemus;
2763 3520 3122 3575 conliteamur
3141 3536 3305 3575 unum
3325 3523 3517 3585 Deum,

1954 3622 2276 3662 veneremur
2332 3608 2600 3662 hominem
2652 3608 2744 3676 qui
2795 3624 2860 3662 ex
2913 3611 3089 3663 divina
3144 3611 3522 3678 conjunctione

1954 3713 2074 3752 cum
2105 3700 2480 3769 omnipotente
2501 3699 2611 3755 Deo
2640 3699 2799 3754 simul
2831 3700 3132 3772 adoratum]

2566 3832 2718 3886 CAP.
2758 3832 2895 3889 Xlll.

2026 3963 2081 4016 Si
2127 3964 2342 4032 quidem
2392 3965 2557 4032 igitur
2599 3967 2872 4021 homlnem
2918 3970 3215 4038 appellans,
3250 3986 3372 4026 cum
3418 3974 3521 4028 hoc

1953 4053 2114 4106 etiam
2162 4055 2327 4106 Deum
2353 4053 2528 4122 ipsum
2562 4068 2682 4109 esse
2706 4058 2999 4111 secundum
3039 4067 3284 4115 naturam
3317 4062 3516 4116 intelli-

1953 4144 2059 4212 gis,
2092 4144 2231 4200 bene
2273 4146 2455 4209 habet,
2497 4155 2550 4200 et
2573 4146 2684 4215 jam
2719 4147 2878 4201 linem
2918 4147 3113 4203 faciam
3138 4167 3154 4205 :
3183 4153 3265 4206 sin
3315 4153 3515 4209 dividis

1955 4247 2223 4300 naturas,
2274 4252 2381 4291 non
2432 4247 2489 4290 ut
2537 4237 2682 4292 scias
2738 4241 2897 4295 modo
2943 4256 3193 4310 quanam
3240 4243 3474 4299 humana
3502 4286 3518 4312 ,

1954 4344 2143 4397 quaeve
2186 4345 2373 4384 rursus
2419 4330 2640 4396 divina,
2689 4332 2783 4386 sed
2834 4342 2894 4385 ut
2926 4333 3151 4389 diducas
3207 4335 3275 4389 ab
3317 4334 3411 4390 illo
3466 4337 3521 4391 in

1959 4419 2217 4473 unitatem
2278 4435 2578 4486 concursu,
2638 4430 2846 4475 certum
2899 4431 2985 4477 est
3030 4433 3085 4477 tu
3134 4424 3520 4481 hominicolam

1959 4523 2099 4573 esse,
2120 4519 2196 4579 ﬂet
2238 4510 2332 4563 tibi
2375 4525 2403 4563 a
2455 4511 2609 4565 nobis
2655 4512 2909 4565 dicetur:
2949 4527 2968 4563 ι
2997 4510 3226 4568 Fructus
3271 4514 3519 4569 laborum

1963 4605 2189 4654 tuorum’
2216 4601 2344 4655 edes
2373 4600 2590 4671 (17)":
2630 4620 2649 4653 ι
2682 4616 2804 4656 cum
2839 4617 2971 4657 vero
3005 4602 3081 4657 sis
3117 4608 3285 4658 durus
3314 4613 3369 4659 et
3408 4622 3524 4660 mo-

1962 4690 2077 4745 nita
2130 4706 2375 4760 reSpuas,
2419 4694 2569 4746 solus
2597 4693 2864 4761 perviam
2913 4708 3221 4761 perversam
3255 4696 3364 4749 abi.
3414 4695 3522 4751 Nos

1959 4798 2087 4838 vero
2119 4784 2261 4852 piam
2309 4793 2363 4838 et
2393 4794 2593 4838 rectam
2634 4794 2944 4839 sanctorum
2974 4785 3192 4839 Patrum
3231 4788 3371 4841 viam
3401 4802 3526 4854 per-

1962 4875 2321 4944 vestigantes,
2380 4886 2433 4929 et
2477 4875 2791 4943 apostolicis
2835 4876 3265 4945 evangelicisque
3309 4878 3525 4944 scriptis

1958 4965 2161 5034 optime
2198 4964 2470 5028 instructi,
2500 4964 2669 5027 simul
2704 4980 2825 5019 cum
2874 4964 2983 5018 Deo
3015 4974 3069 5019 et
3098 4963 3258 5019 Patre
3303 4974 3357 5016 et
3400 4980 3528 5019 san-

1950 5126 1994 5157 “
2019 5127 2175 5180 Rom.
2225 5142 2340 5190 ult,
2373 5125 2473 5179 29-
2582 5124 2625 5155 "
2673 5121 2881 5178 Coloss.
2930 5140 2967 5188 ι,
2998 5123 3084 5176 l8.
3154 5122 3200 5154 ”
3225 5123 3380 5178 Rom.
3407 5085 3444 5189 ι’,
3469 5124 3523 5180 5.

1431 5354 1435 5359 ν
1550 5329 1712 5384 ΑΝΤ.
1752 5318 2023 5386 ΑΟΕΙᾸᾸΙ
2063 5331 2291 5386 NOTAE.

367 5492 465 5562 (ΓΙ)
490 5489 580 5545 Sic
624 5491 787 5546 habet
831 5490 1052 5562 Graecus
1104 5488 1285 5562 Cyrilli
1332 5480 1521 5562 code}.
1576 5485 1848 5562 ~Caeterum

303 5557 427 5615 LXX
449 5557 731 5615 verterunt
758 5563 883 5624 τοὺς
928 5560 1121 5623 πόνους
1150 5557 1260 5613 τῶν
1294 5557 1520 5629 καρπῶν
1550 5557 1643 5608 σου
1677 5557 1849 5626 φάγε-

307 5646 406 5696 σαι,
430 5634 626 5683 labores
658 5646 906 5697 ntauuum
938 5646 1031 5684 seu
1061 5630 1355 5697 palmarum
1377 5639 1588 5679 tuarum
1614 5629 1849 5697 mandu-

307 5694 462 5764 cabis;
495 5710 549 5754 et
575 5695 805 5771 καρπῶν
850 5714 916 5755 eo
949 5694 1068 5757 loco
1108 5713 1212 5754 non
1244 5698 1478 5766 fructus,
1513 5698 1606 5746 sed
1643 5694 1848 5763 palmas

1963 5488 2360 5564 intellexerunt,
2390 5500 2449 5544 ut
2473 5489 2713 5564 etiaurin
2742 5489 3047 5547 Proverbiis
3068 5509 3187 5561 cap.
3211 5508 3359 5556 χχιι,
3388 5511 3527 5564 καρ-

1957 5559 2057 5611 πὸν
2089 5558 2145 5612 δὲ
2185 5559 2416 5623 ἐξέτεινε
2457 5558 2676 5629 πτωχῷ,
2716 5571 2764 5615 ει
2796 5564 2999 5632 palmas
3037 5558 3160 5619 suas
3186 5566 3421 5619 extendit
3459 5558 3528 5618 ad

1956 5645 2256 5698 pauperem.
