  <div class='ocr_page' id='page_1' title='image "/cluster/home/n/w/nwhite01/storage/ocr_20150623/76/hvd.32044073501439/061.png"; bbox 0 0 4004 6202; ppageno 0'>
   <div class='ocr_carea' id='block_1_1' title="bbox 442 273 536 330">
    <p class='ocr_par' dir='ltr' id='par_1_1' title="bbox 442 273 536 330">
     <span class='ocr_line' id='line_1_1' title="bbox 442 273 536 330; baseline 0 -1"><span class='ocrx_word' id='word_1_1' title='bbox 442 273 536 330; x_wconf 76' lang='lat' dir='ltr'><strong>lli</strong></span> 
     </span>
    </p>
   </div>
   <div class='ocr_carea' id='block_1_2' title="bbox 1389 278 2595 342">
    <p class='ocr_par' dir='ltr' id='par_1_2' title="bbox 1389 278 2595 342">
     <span class='ocr_line' id='line_1_2' title="bbox 1389 278 2595 342; baseline 0.004 -9"><span class='ocrx_word' id='word_1_2' title='bbox 1389 279 1446 334; x_wconf 91' lang='lat' dir='ltr'><strong>S.</strong></span> <span class='ocrx_word' id='word_1_3' title='bbox 1471 278 1745 336; x_wconf 78' lang='lat' dir='ltr'><strong>CYRILLI</strong></span> <span class='ocrx_word' id='word_1_4' title='bbox 1778 282 2248 342; x_wconf 78' lang='lat' dir='ltr'><strong>ALEXANDRINI</strong></span> <span class='ocrx_word' id='word_1_5' title='bbox 2274 284 2595 341; x_wconf 79' lang='lat' dir='ltr'><strong>ARCIIIEP.</strong></span> 
     </span>
    </p>
   </div>
   <div class='ocr_carea' id='block_1_3' title="bbox 3576 282 3679 337">
    <p class='ocr_par' dir='ltr' id='par_1_3' title="bbox 3576 282 3679 337">
     <span class='ocr_line' id='line_1_3' title="bbox 3576 282 3679 337; baseline -0.019 0"><span class='ocrx_word' id='word_1_6' title='bbox 3576 282 3679 337; x_wconf 74' lang='grc'><strong>112</strong></span> 
     </span>
    </p>
   </div>
   <div class='ocr_carea' id='block_1_4' title="bbox 437 362 2007 474">
    <p class='ocr_par' dir='ltr' id='par_1_4' title="bbox 437 390 2004 461">
     <span class='ocr_line' id='line_1_4' title="bbox 437 390 2004 461; baseline 0.007 -16"><span class='ocrx_word' id='word_1_7' title='bbox 437 401 525 447; x_wconf 90' lang='lat' dir='ltr'><strong>cto</strong></span> <span class='ocrx_word' id='word_1_8' title='bbox 572 390 798 461; x_wconf 79' lang='lat' dir='ltr'><strong>Spiritu,</strong></span> <span class='ocrx_word' id='word_1_9' title='bbox 849 390 1004 446; x_wconf 90' lang='lat' dir='ltr'><strong>unica</strong></span> <span class='ocrx_word' id='word_1_10' title='bbox 1061 392 1378 451; x_wconf 83' lang='lat' dir='ltr'><strong>adorationc</strong></span> <span class='ocrx_word' id='word_1_11' title='bbox 1422 398 1804 454; x_wconf 78' lang='lat' dir='ltr'><strong>venerabimur</strong></span> <span class='ocrx_word' id='word_1_12' title='bbox 1839 417 2004 457; x_wconf 91' lang='lat' dir='ltr'><strong>unum</strong></span> 
     </span>
    </p>
   </div>
   <div class='ocr_carea' id='block_1_5' title="bbox 2111 362 3679 474">
    <p class='ocr_par' dir='ltr' id='par_1_5' title="bbox 2111 362 3679 474">
     <span class='ocr_line' id='line_1_5' title="bbox 2111 362 3679 474; baseline -0.004 -18"><span class='ocrx_word' id='word_1_13' title='bbox 2111 402 2187 474; x_wconf 81' lang='grc' dir='ltr'>τῷ</span> <span class='ocrx_word' id='word_1_14' title='bbox 2215 403 2356 473; x_wconf 86' lang='grc' dir='ltr'>άγίῳ</span> <span class='ocrx_word' id='word_1_15' title='bbox 2385 362 2821 472; x_wconf 33' lang='grc' dir='ltr'>Πνεύματιίμιᾷ</span> <span class='ocrx_word' id='word_1_16' title='bbox 2848 400 3214 472; x_wconf 83' lang='grc' dir='ltr'><strong>προσκυνήσει</strong></span> <span class='ocrx_word' id='word_1_17' title='bbox 3248 399 3551 470; x_wconf 80' lang='grc' dir='ltr'><strong>τιμήσομεν</strong></span> <span class='ocrx_word' id='word_1_18' title='bbox 3589 396 3679 450; x_wconf 79' lang='grc' dir='ltr'><strong>τὸν</strong></span> 
     </span>
    </p>
   </div>
   <div class='ocr_carea' id='block_1_6' title="bbox 438 482 2004 564">
    <p class='ocr_par' dir='ltr' id='par_1_6' title="bbox 438 482 2004 564">
     <span class='ocr_line' id='line_1_6' title="bbox 438 482 2004 564; baseline 0.008 -29"><span class='ocrx_word' id='word_1_19' title='bbox 438 482 724 537; x_wconf 90' lang='lat' dir='ltr'><strong>Dominum</strong></span> <span class='ocrx_word' id='word_1_20' title='bbox 759 482 941 538; x_wconf 84' lang='lat' dir='ltr'><strong>Jesum</strong></span> <span class='ocrx_word' id='word_1_21' title='bbox 972 482 1269 551; x_wconf 77' lang='lat' dir='ltr'><strong>Christum,</strong></span> <span class='ocrx_word' id='word_1_22' title='bbox 1316 501 1413 554; x_wconf 89' lang='lat' dir='ltr'><strong>per</strong></span> <span class='ocrx_word' id='word_1_23' title='bbox 1435 503 1597 557; x_wconf 83' lang='lat' dir='ltr'><strong>quem</strong></span> <span class='ocrx_word' id='word_1_24' title='bbox 1640 500 1698 545; x_wconf 93' lang='lat' dir='ltr'><strong>et</strong></span> <span class='ocrx_word' id='word_1_25' title='bbox 1740 506 1862 546; x_wconf 91' lang='lat' dir='ltr'><strong>cum</strong></span> <span class='ocrx_word' id='word_1_26' title='bbox 1898 508 2004 564; x_wconf 90' lang='lat' dir='ltr'><strong>quo</strong></span> 
     </span>
    </p>
   </div>
   <div class='ocr_carea' id='block_1_7' title="bbox 438 570 2002 648">
    <p class='ocr_par' dir='ltr' id='par_1_7' title="bbox 438 570 2002 648">
     <span class='ocr_line' id='line_1_7' title="bbox 438 570 2002 648; baseline 0.008 -23"><span class='ocrx_word' id='word_1_27' title='bbox 438 572 548 626; x_wconf 89' lang='lat' dir='ltr'><strong>Deo</strong></span> <span class='ocrx_word' id='word_1_28' title='bbox 587 581 637 626; x_wconf 88' lang='lat' dir='ltr'><strong>et</strong></span> <span class='ocrx_word' id='word_1_29' title='bbox 684 570 829 626; x_wconf 90' lang='lat' dir='ltr'><strong>Patri</strong></span> <span class='ocrx_word' id='word_1_30' title='bbox 867 573 1038 643; x_wconf 77' lang='lat' dir='ltr'><strong>gloria</strong></span> <span class='ocrx_word' id='word_1_31' title='bbox 1075 591 1196 631; x_wconf 91' lang='lat' dir='ltr'><strong>cum</strong></span> <span class='ocrx_word' id='word_1_32' title='bbox 1230 587 1419 633; x_wconf 88' lang='lat' dir='ltr'><strong>sancto</strong></span> <span class='ocrx_word' id='word_1_33' title='bbox 1465 578 1670 648; x_wconf 86' lang='lat' dir='ltr'><strong>Spiritu</strong></span> <span class='ocrx_word' id='word_1_34' title='bbox 1721 582 1773 636; x_wconf 90' lang='lat' dir='ltr'><strong>in</strong></span> <span class='ocrx_word' id='word_1_35' title='bbox 1805 583 2002 638; x_wconf 67' lang='lat' dir='ltr'><strong>saecula</strong></span> 
     </span>
    </p>
   </div>
   <div class='ocr_carea' id='block_1_8' title="bbox 435 657 999 714">
    <p class='ocr_par' dir='ltr' id='par_1_8' title="bbox 435 657 999 714">
     <span class='ocr_line' id='line_1_8' title="bbox 435 657 999 714; baseline 0.012 -6"><span class='ocrx_word' id='word_1_36' title='bbox 435 657 771 711; x_wconf 63' lang='lat' dir='ltr'><strong>surculorum.</strong></span> <span class='ocrx_word' id='word_1_37' title='bbox 805 660 999 714; x_wconf 81' lang='lat' dir='ltr'><strong>Amen.</strong></span> 
     </span>
    </p>
   </div>
   <div class='ocr_carea' id='block_1_9' title="bbox 623 768 1796 939">
    <p class='ocr_par' dir='ltr' id='par_1_9' title="bbox 623 768 1796 939">
     <span class='ocr_line' id='line_1_9' title="bbox 623 768 1796 939; baseline 0.011 -67"><span class='ocrx_word' id='word_1_38' title='bbox 623 768 729 840; x_wconf 64' lang='grc' dir='ltr'>θλ</span> <span class='ocrx_word' id='word_1_39' title='bbox 774 786 1016 879; x_wconf 87' lang='grc' dir='ltr'><strong>ΤΟΜ</strong></span> <span class='ocrx_word' id='word_1_40' title='bbox 1045 791 1176 878; x_wconf 90' lang='lat' dir='ltr'><strong>US</strong></span> <span class='ocrx_word' id='word_1_41' title='bbox 1246 794 1796 939; x_wconf 53' lang='lat' dir='ltr'><strong>TERTIUS.</strong></span> 
     </span>
    </p>
   </div>
   <div class='ocr_carea' id='block_1_10' title="bbox 508 983 2004 1064">
    <p class='ocr_par' dir='ltr' id='par_1_10' title="bbox 508 983 2004 1064">
     <span class='ocr_line' id='line_1_10' title="bbox 508 983 2004 1064; baseline 0.008 -27"><span class='ocrx_word' id='word_1_42' title='bbox 508 984 754 1053; x_wconf 85' lang='lat' dir='ltr'><strong>Magnum</strong></span> <span class='ocrx_word' id='word_1_43' title='bbox 798 992 880 1038; x_wconf 88' lang='lat' dir='ltr'><strong>est</strong></span> <span class='ocrx_word' id='word_1_44' title='bbox 930 983 1116 1052; x_wconf 82' lang='lat' dir='ltr'><strong>procul</strong></span> <span class='ocrx_word' id='word_1_45' title='bbox 1158 983 1323 1040; x_wconf 93' lang='lat' dir='ltr'><strong>dubio</strong></span> <span class='ocrx_word' id='word_1_46' title='bbox 1365 985 1492 1042; x_wconf 92' lang='lat' dir='ltr'><strong>illud</strong></span> <span class='ocrx_word' id='word_1_47' title='bbox 1542 989 1757 1059; x_wconf 90' lang='lat' dir='ltr'><strong>pietatis</strong></span> <span class='ocrx_word' id='word_1_48' title='bbox 1801 1002 2004 1064; x_wconf 88' lang='lat' dir='ltr'><strong>myste-</strong></span> 
     </span>
    </p>
   </div>
   <div class='ocr_carea' id='block_1_11' title="bbox 437 1074 2001 1150">
    <p class='ocr_par' dir='ltr' id='par_1_11' title="bbox 437 1074 2001 1150">
     <span class='ocr_line' id='line_1_11' title="bbox 437 1074 2001 1150; baseline 0.006 -22"><span class='ocrx_word' id='word_1_49' title='bbox 437 1078 597 1139; x_wconf 89' lang='lat' dir='ltr'><strong>rium,</strong></span> <span class='ocrx_word' id='word_1_50' title='bbox 624 1084 679 1129; x_wconf 92' lang='lat' dir='ltr'><strong>et</strong></span> <span class='ocrx_word' id='word_1_51' title='bbox 708 1074 841 1143; x_wconf 88' lang='lat' dir='ltr'><strong>ipsis</strong></span> <span class='ocrx_word' id='word_1_52' title='bbox 868 1075 1031 1130; x_wconf 90' lang='lat' dir='ltr'><strong>etiam</strong></span> <span class='ocrx_word' id='word_1_53' title='bbox 1057 1077 1264 1133; x_wconf 89' lang='lat' dir='ltr'><strong>sanctis</strong></span> <span class='ocrx_word' id='word_1_54' title='bbox 1292 1078 1499 1148; x_wconf 77' lang='lat' dir='ltr'><strong>angelis</strong></span> <span class='ocrx_word' id='word_1_55' title='bbox 1527 1080 1907 1137; x_wconf 90' lang='lat' dir='ltr'><strong>admirandum</strong></span> <span class='ocrx_word' id='word_1_56' title='bbox 1930 1085 2001 1150; x_wconf 85' lang='lat'><strong>&quot;,</strong></span> 
     </span>
    </p>
   </div>
   <div class='ocr_carea' id='block_1_12' title="bbox 436 1167 2000 1238">
    <p class='ocr_par' dir='ltr' id='par_1_12' title="bbox 436 1167 2000 1238">
     <span class='ocr_line' id='line_1_12' title="bbox 436 1167 2000 1238; baseline 0.008 -18"><span class='ocrx_word' id='word_1_57' title='bbox 436 1169 486 1220; x_wconf 85' lang='lat' dir='ltr'><strong>in</strong></span> <span class='ocrx_word' id='word_1_58' title='bbox 519 1181 693 1235; x_wconf 81' lang='lat' dir='ltr'><strong>eoque</strong></span> <span class='ocrx_word' id='word_1_59' title='bbox 724 1167 1011 1220; x_wconf 82' lang='lat' dir='ltr'><strong>conﬁrmat</strong></span> <span class='ocrx_word' id='word_1_60' title='bbox 1034 1182 1132 1223; x_wconf 92' lang='lat' dir='ltr'><strong>nos</strong></span> <span class='ocrx_word' id='word_1_61' title='bbox 1163 1169 1439 1238; x_wconf 85' lang='lat' dir='ltr'><strong>apostolus</strong></span> <span class='ocrx_word' id='word_1_62' title='bbox 1462 1170 1658 1227; x_wconf 88' lang='lat' dir='ltr'><strong>Paulus</strong></span> <span class='ocrx_word' id='word_1_63' title='bbox 1691 1189 1813 1229; x_wconf 92' lang='lat' dir='ltr'><strong>cum</strong></span> <span class='ocrx_word' id='word_1_64' title='bbox 1838 1176 2000 1233; x_wconf 91' lang='lat' dir='ltr'><strong>dicit:</strong></span> 
     </span>
    </p>
   </div>
   <div class='ocr_carea' id='block_1_13' title="bbox 439 1256 2004 1333">
    <p class='ocr_par' dir='ltr' id='par_1_13' title="bbox 439 1256 2004 1333">
     <span class='ocr_line' id='line_1_13' title="bbox 439 1256 2004 1333; baseline 0.009 -25"><span class='ocrx_word' id='word_1_65' title='bbox 439 1278 455 1308; x_wconf 83' lang='grc' dir='ltr'><strong>ι</strong></span> <span class='ocrx_word' id='word_1_66' title='bbox 489 1256 559 1313; x_wconf 89' lang='lat' dir='ltr'><strong>Ut</strong></span> <span class='ocrx_word' id='word_1_67' title='bbox 593 1266 775 1310; x_wconf 88' lang='lat' dir='ltr'><strong>uotum</strong></span> <span class='ocrx_word' id='word_1_68' title='bbox 824 1256 917 1311; x_wconf 84' lang='lat' dir='ltr'><strong>ﬁat</strong></span> <span class='ocrx_word' id='word_1_69' title='bbox 956 1273 1100 1313; x_wconf 90' lang='lat' dir='ltr'><strong>nunc</strong></span> <span class='ocrx_word' id='word_1_70' title='bbox 1134 1261 1529 1330; x_wconf 89' lang='lat' dir='ltr'><strong>principatibus</strong></span> <span class='ocrx_word' id='word_1_71' title='bbox 1554 1272 1609 1318; x_wconf 92' lang='lat' dir='ltr'><strong>et</strong></span> <span class='ocrx_word' id='word_1_72' title='bbox 1650 1267 2004 1333; x_wconf 83' lang='lat' dir='ltr'><strong>potestatibus</strong></span> 
     </span>
    </p>
   </div>
   <div class='ocr_carea' id='block_1_14' title="bbox 434 1347 2003 1427">
    <p class='ocr_par' dir='ltr' id='par_1_14' title="bbox 434 1347 2003 1427">
     <span class='ocr_line' id='line_1_14' title="bbox 434 1347 2003 1427; baseline 0.008 -26"><span class='ocrx_word' id='word_1_73' title='bbox 434 1351 485 1402; x_wconf 89' lang='lat' dir='ltr'><strong>iu</strong></span> <span class='ocrx_word' id='word_1_74' title='bbox 530 1347 845 1402; x_wconf 70' lang='lat' dir='ltr'><strong>emlestibus</strong></span> <span class='ocrx_word' id='word_1_75' title='bbox 877 1363 974 1418; x_wconf 90' lang='lat' dir='ltr'><strong>per</strong></span> <span class='ocrx_word' id='word_1_76' title='bbox 1007 1348 1305 1405; x_wconf 85' lang='lat' dir='ltr'><strong>Ecclesiam</strong></span> <span class='ocrx_word' id='word_1_77' title='bbox 1352 1353 1705 1411; x_wconf 79' lang='lat' dir='ltr'><strong>multiformis</strong></span> <span class='ocrx_word' id='word_1_78' title='bbox 1736 1358 2003 1427; x_wconf 85' lang='lat' dir='ltr'><strong>sapientia</strong></span> 
     </span>
    </p>
   </div>
   <div class='ocr_carea' id='block_1_15' title="bbox 434 1440 2005 1518">
    <p class='ocr_par' dir='ltr' id='par_1_15' title="bbox 434 1440 2005 1518">
     <span class='ocr_line' id='line_1_15' title="bbox 434 1440 2005 1518; baseline 0.009 -27"><span class='ocrx_word' id='word_1_79' title='bbox 434 1440 552 1502; x_wconf 77' lang='lat' dir='ltr'><strong>Dei,</strong></span> <span class='ocrx_word' id='word_1_80' title='bbox 590 1441 884 1494; x_wconf 85' lang='lat' dir='ltr'><strong>secundum</strong></span> <span class='ocrx_word' id='word_1_81' title='bbox 910 1442 1322 1511; x_wconf 66' lang='lat' dir='ltr'><strong>praefinitionem</strong></span> <span class='ocrx_word' id='word_1_82' title='bbox 1358 1445 1700 1514; x_wconf 66' lang='lat' dir='ltr'><strong>saeculorum,</strong></span> <span class='ocrx_word' id='word_1_83' title='bbox 1737 1464 1899 1518; x_wconf 89' lang='lat' dir='ltr'><strong>quam</strong></span> <span class='ocrx_word' id='word_1_84' title='bbox 1925 1450 2005 1506; x_wconf 82' lang='lat' dir='ltr'><strong>fe-</strong></span> 
     </span>
    </p>
   </div>
   <div class='ocr_carea' id='block_1_16' title="bbox 433 1529 2004 1607">
    <p class='ocr_par' dir='ltr' id='par_1_16' title="bbox 433 1529 2004 1607">
     <span class='ocr_line' id='line_1_16' title="bbox 433 1529 2004 1607; baseline 0.009 -24"><span class='ocrx_word' id='word_1_85' title='bbox 433 1533 505 1584; x_wconf 83' lang='lat' dir='ltr'><strong>cit</strong></span> <span class='ocrx_word' id='word_1_86' title='bbox 537 1532 588 1583; x_wconf 90' lang='lat' dir='ltr'><strong>in</strong></span> <span class='ocrx_word' id='word_1_87' title='bbox 616 1529 849 1585; x_wconf 84' lang='lat' dir='ltr'><strong>Domino</strong></span> <span class='ocrx_word' id='word_1_88' title='bbox 872 1542 1064 1586; x_wconf 77' lang='lat' dir='ltr'><strong>nostro</strong></span> <span class='ocrx_word' id='word_1_89' title='bbox 1092 1531 1216 1588; x_wconf 85' lang='lat' dir='ltr'><strong>Jesu</strong></span> <span class='ocrx_word' id='word_1_90' title='bbox 1247 1533 1486 1600; x_wconf 86' lang='lat' dir='ltr'><strong>Christo,</strong></span> <span class='ocrx_word' id='word_1_91' title='bbox 1528 1538 1580 1591; x_wconf 89' lang='lat' dir='ltr'><strong>in</strong></span> <span class='ocrx_word' id='word_1_92' title='bbox 1610 1553 1717 1607; x_wconf 85' lang='lat' dir='ltr'><strong>quo</strong></span> <span class='ocrx_word' id='word_1_93' title='bbox 1744 1540 2004 1597; x_wconf 82' lang='lat' dir='ltr'><strong>habemus</strong></span> 
     </span>
    </p>
   </div>
   <div class='ocr_carea' id='block_1_17' title="bbox 436 1622 1996 1696">
    <p class='ocr_par' dir='ltr' id='par_1_17' title="bbox 436 1622 1996 1696">
     <span class='ocr_line' id='line_1_17' title="bbox 436 1622 1996 1696; baseline 0.006 -22"><span class='ocrx_word' id='word_1_94' title='bbox 436 1622 686 1675; x_wconf 77' lang='lat' dir='ltr'><strong>liduciam</strong></span> <span class='ocrx_word' id='word_1_95' title='bbox 716 1630 768 1674; x_wconf 90' lang='lat' dir='ltr'><strong>et</strong></span> <span class='ocrx_word' id='word_1_96' title='bbox 798 1636 1076 1677; x_wconf 86' lang='lat' dir='ltr'><strong>accessum</strong></span> <span class='ocrx_word' id='word_1_97' title='bbox 1114 1623 1167 1677; x_wconf 93' lang='lat' dir='ltr'><strong>in</strong></span> <span class='ocrx_word' id='word_1_98' title='bbox 1198 1622 1522 1681; x_wconf 81' lang='lat' dir='ltr'><strong>conﬁdentia</strong></span> <span class='ocrx_word' id='word_1_99' title='bbox 1550 1628 1839 1696; x_wconf 83' lang='lat' dir='ltr'><strong>per-iidem</strong></span> <span class='ocrx_word' id='word_1_100' title='bbox 1859 1630 1948 1686; x_wconf 79' lang='grc'><strong>⁷⁸⁵.</strong></span> <span class='ocrx_word' id='word_1_101' title='bbox 1977 1650 1996 1683; x_wconf 80' lang='grc' dir='ltr'><strong>ι</strong></span> 
     </span>
    </p>
   </div>
   <div class='ocr_carea' id='block_1_18' title="bbox 2110 480 3678 566">
    <p class='ocr_par' dir='ltr' id='par_1_18' title="bbox 2110 480 3678 566">
     <span class='ocr_line' id='line_1_18' title="bbox 2110 480 3678 566; baseline -0.006 -18"><span class='ocrx_word' id='word_1_102' title='bbox 2110 495 2205 548; x_wconf 74' lang='grc' dir='ltr'>ἕνα</span> <span class='ocrx_word' id='word_1_103' title='bbox 2235 494 2441 566; x_wconf 80' lang='grc' dir='ltr'>Κύριον</span> <span class='ocrx_word' id='word_1_104' title='bbox 2486 492 2692 563; x_wconf 79' lang='grc' dir='ltr'><strong>Ἰησοῦν</strong></span> <span class='ocrx_word' id='word_1_105' title='bbox 2743 492 3009 563; x_wconf 61' lang='grc' dir='ltr'>Χριστόν</span> <span class='ocrx_word' id='word_1_106' title='bbox 3045 491 3112 544; x_wconf 83' lang='grc' dir='ltr'>δι’</span> <span class='ocrx_word' id='word_1_107' title='bbox 3151 484 3211 545; x_wconf 80' lang='grc' dir='ltr'>οῦ</span> <span class='ocrx_word' id='word_1_108' title='bbox 3243 491 3339 544; x_wconf 73' lang='grc' dir='ltr'>καὶ</span> <span class='ocrx_word' id='word_1_109' title='bbox 3374 488 3493 560; x_wconf 83' lang='grc' dir='ltr'>μεθ’</span> <span class='ocrx_word' id='word_1_110' title='bbox 3518 480 3579 540; x_wconf 81' lang='grc' dir='ltr'>οῦ</span> <span class='ocrx_word' id='word_1_111' title='bbox 3601 487 3678 557; x_wconf 84' lang='grc' dir='ltr'>τῷ</span> 
     </span>
    </p>
   </div>
   <div class='ocr_carea' id='block_1_19' title="bbox 2109 578 3679 656">
    <p class='ocr_par' dir='ltr' id='par_1_19' title="bbox 2109 578 3679 656">
     <span class='ocr_line' id='line_1_19' title="bbox 2109 578 3679 656; baseline -0.006 -17"><span class='ocrx_word' id='word_1_112' title='bbox 2109 585 2229 656; x_wconf 87' lang='grc' dir='ltr'>Θεῷ</span> <span class='ocrx_word' id='word_1_113' title='bbox 2250 585 2344 640; x_wconf 74' lang='grc' dir='ltr'>καὶ</span> <span class='ocrx_word' id='word_1_114' title='bbox 2370 585 2544 655; x_wconf 57' lang='lat' dir='ltr'><strong>Harp!</strong></span> <span class='ocrx_word' id='word_1_115' title='bbox 2569 583 2694 647; x_wconf 88' lang='grc' dir='ltr'>δόξα</span> <span class='ocrx_word' id='word_1_116' title='bbox 2721 584 2819 636; x_wconf 83' lang='grc' dir='ltr'>σὺν</span> <span class='ocrx_word' id='word_1_117' title='bbox 2844 582 2923 653; x_wconf 80' lang='grc' dir='ltr'>τῷ</span> <span class='ocrx_word' id='word_1_118' title='bbox 2956 582 3095 653; x_wconf 85' lang='grc' dir='ltr'>ἁγίῳ</span> <span class='ocrx_word' id='word_1_119' title='bbox 3123 581 3420 651; x_wconf 84' lang='grc' dir='ltr'>Πνεύματι,</span> <span class='ocrx_word' id='word_1_120' title='bbox 3441 579 3524 642; x_wconf 83' lang='grc' dir='ltr'><strong>είς</strong></span> <span class='ocrx_word' id='word_1_121' title='bbox 3557 578 3679 640; x_wconf 78' lang='grc' dir='ltr'>τοὺς</span> 
     </span>
    </p>
   </div>
   <div class='ocr_carea' id='block_1_20' title="bbox 2108 672 2933 743">
    <p class='ocr_par' dir='ltr' id='par_1_20' title="bbox 2108 672 2933 743">
     <span class='ocr_line' id='line_1_20' title="bbox 2108 672 2933 743; baseline -0.008 -13"><span class='ocrx_word' id='word_1_122' title='bbox 2108 676 2310 741; x_wconf 84' lang='grc' dir='ltr'><strong>αἰῶνας</strong></span> <span class='ocrx_word' id='word_1_123' title='bbox 2334 675 2442 729; x_wconf 83' lang='grc' dir='ltr'><strong>τῶν</strong></span> <span class='ocrx_word' id='word_1_124' title='bbox 2474 672 2705 727; x_wconf 79' lang='grc' dir='ltr'>αἰώνων.</span> <span class='ocrx_word' id='word_1_125' title='bbox 2742 672 2933 743; x_wconf 79' lang='grc' dir='ltr'><strong>’Δμήν.</strong></span> 
     </span>
    </p>
   </div>
   <div class='ocr_carea' id='block_1_21' title="bbox 2463 813 3329 902">
    <p class='ocr_par' dir='ltr' id='par_1_21' title="bbox 2463 813 3329 902">
     <span class='ocr_line' id='line_1_21' title="bbox 2463 813 3329 902; baseline -0.007 -2"><span class='ocrx_word' id='word_1_126' title='bbox 2463 815 2845 902; x_wconf 88' lang='grc' dir='ltr'><strong>ΤΟΜΟΣ</strong></span> <span class='ocrx_word' id='word_1_127' title='bbox 2916 813 3329 899; x_wconf 89' lang='grc' dir='ltr'><strong>ΤΡΙΤΟΣ.</strong></span> 
     </span>
    </p>
   </div>
   <div class='ocr_carea' id='block_1_22' title="bbox 2176 986 3681 1064">
    <p class='ocr_par' dir='ltr' id='par_1_22' title="bbox 2176 986 3681 1064">
     <span class='ocr_line' id='line_1_22' title="bbox 2176 986 3681 1064; baseline -0.004 -18"><span class='ocrx_word' id='word_1_128' title='bbox 2176 993 2337 1061; x_wconf 80' lang='grc' dir='ltr'>Μέγα</span> <span class='ocrx_word' id='word_1_129' title='bbox 2394 993 2493 1064; x_wconf 77' lang='grc' dir='ltr'>μὲν</span> <span class='ocrx_word' id='word_1_130' title='bbox 2543 992 2991 1064; x_wconf 80' lang='grc' dir='ltr'><strong>ὁμολογουμένως</strong></span> <span class='ocrx_word' id='word_1_131' title='bbox 3031 991 3150 1044; x_wconf 77' lang='grc' dir='ltr'>ἐστὶ</span> <span class='ocrx_word' id='word_1_132' title='bbox 3179 990 3249 1044; x_wconf 77' lang='grc' dir='ltr'><strong>τὸ</strong></span> <span class='ocrx_word' id='word_1_133' title='bbox 3274 989 3374 1061; x_wconf 78' lang='grc' dir='ltr'>τῆς</span> <span class='ocrx_word' id='word_1_134' title='bbox 3402 986 3681 1050; x_wconf 76' lang='grc' dir='ltr'>εὐσεϐείας</span> 
     </span>
    </p>
   </div>
   <div class='ocr_carea' id='block_1_23' title="bbox 2107 1081 3679 1156">
    <p class='ocr_par' dir='ltr' id='par_1_23' title="bbox 2107 1081 3679 1156">
     <span class='ocr_line' id='line_1_23' title="bbox 2107 1081 3679 1156; baseline -0.003 -21"><span class='ocrx_word' id='word_1_135' title='bbox 2107 1084 2426 1156; x_wconf 87' lang='grc' dir='ltr'>μυστήριον,</span> <span class='ocrx_word' id='word_1_136' title='bbox 2473 1083 2839 1154; x_wconf 89' lang='grc' dir='ltr'>τεθαύμασται</span> <span class='ocrx_word' id='word_1_137' title='bbox 2892 1082 2950 1135; x_wconf 82' lang='grc' dir='ltr'><strong>δέ</strong></span> <span class='ocrx_word' id='word_1_138' title='bbox 3001 1081 3098 1137; x_wconf 78' lang='grc' dir='ltr'>καὶ</span> <span class='ocrx_word' id='word_1_139' title='bbox 3156 1081 3285 1152; x_wconf 81' lang='grc' dir='ltr'>παρ’</span> <span class='ocrx_word' id='word_1_140' title='bbox 3334 1082 3517 1143; x_wconf 81' lang='grc' dir='ltr'>αὐτοῖς</span> <span class='ocrx_word' id='word_1_141' title='bbox 3566 1082 3679 1143; x_wconf 83' lang='grc' dir='ltr'>τοῖς</span> 
     </span>
    </p>
   </div>
   <div class='ocr_carea' id='block_1_24' title="bbox 2106 1169 3681 1243">
    <p class='ocr_par' dir='ltr' id='par_1_24' title="bbox 2106 1169 3681 1243">
     <span class='ocr_line' id='line_1_24' title="bbox 2106 1169 3681 1243; baseline -0.002 -18"><span class='ocrx_word' id='word_1_142' title='bbox 2106 1174 2282 1241; x_wconf 78' lang='grc' dir='ltr'>ἁγίοις</span> <span class='ocrx_word' id='word_1_143' title='bbox 2325 1173 2727 1242; x_wconf 56' lang='grc' dir='ltr'>ἀγγέλοιςίκαλ.</span> <span class='ocrx_word' id='word_1_144' title='bbox 2776 1173 2914 1243; x_wconf 89' lang='grc' dir='ltr'>πρός</span> <span class='ocrx_word' id='word_1_145' title='bbox 2959 1188 3023 1240; x_wconf 90' lang='grc' dir='ltr'>γε</span> <span class='ocrx_word' id='word_1_146' title='bbox 3059 1171 3219 1225; x_wconf 88' lang='grc' dir='ltr'>τοῦτο</span> <span class='ocrx_word' id='word_1_147' title='bbox 3261 1173 3408 1242; x_wconf 80' lang='grc' dir='ltr'>ἡμᾶς</span> <span class='ocrx_word' id='word_1_148' title='bbox 3453 1169 3681 1241; x_wconf 88' lang='grc' dir='ltr'>ἐμπεδοῖ</span> 
     </span>
    </p>
   </div>
   <div class='ocr_carea' id='block_1_25' title="bbox 2104 1259 3681 1335">
    <p class='ocr_par' dir='ltr' id='par_1_25' title="bbox 2104 1259 3681 1335">
     <span class='ocr_line' id='line_1_25' title="bbox 2104 1259 3681 1335; baseline -0.003 -19"><span class='ocrx_word' id='word_1_149' title='bbox 2104 1262 2279 1331; x_wconf 88' lang='grc' dir='ltr'>λέγων</span> <span class='ocrx_word' id='word_1_150' title='bbox 2306 1265 2335 1316; x_wconf 98' lang='lat'><strong>6</strong></span> <span class='ocrx_word' id='word_1_151' title='bbox 2367 1263 2677 1333; x_wconf 88' lang='grc' dir='ltr'>σοφώτατος</span> <span class='ocrx_word' id='word_1_152' title='bbox 2702 1262 2941 1327; x_wconf 56' lang='grc' dir='ltr'>Παῦλος</span> <span class='ocrx_word' id='word_1_153' title='bbox 2972 1263 3124 1317; x_wconf 84' lang='grc' dir='ltr'>ι”Ινα</span> <span class='ocrx_word' id='word_1_154' title='bbox 3148 1260 3423 1335; x_wconf 80' lang='grc' dir='ltr'><strong>γνωρισθῇ</strong></span> <span class='ocrx_word' id='word_1_155' title='bbox 3447 1259 3541 1314; x_wconf 91' lang='grc' dir='ltr'><strong>νῦν</strong></span> <span class='ocrx_word' id='word_1_156' title='bbox 3561 1262 3681 1323; x_wconf 87' lang='grc' dir='ltr'>ταῖς</span> 
     </span>
    </p>
   </div>
   <div class='ocr_carea' id='block_1_26' title="bbox 2104 1351 3677 1424">
    <p class='ocr_par' dir='ltr' id='par_1_26' title="bbox 2104 1351 3677 1424">
     <span class='ocr_line' id='line_1_26' title="bbox 2104 1351 3677 1424; baseline -0.001 -18"><span class='ocrx_word' id='word_1_157' title='bbox 2104 1354 2302 1424; x_wconf 81' lang='grc' dir='ltr'>ἀρχαῖς</span> <span class='ocrx_word' id='word_1_158' title='bbox 2329 1354 2421 1407; x_wconf 78' lang='grc' dir='ltr'>καὶ</span> <span class='ocrx_word' id='word_1_159' title='bbox 2446 1356 2565 1418; x_wconf 85' lang='grc' dir='ltr'>ταῖς</span> <span class='ocrx_word' id='word_1_160' title='bbox 2592 1354 2865 1418; x_wconf 77' lang='grc' dir='ltr'><strong>ἐξουσίαις</strong></span> <span class='ocrx_word' id='word_1_161' title='bbox 2885 1354 2943 1406; x_wconf 92' lang='grc' dir='ltr'><strong>ἐν</strong></span> <span class='ocrx_word' id='word_1_162' title='bbox 2962 1355 3076 1417; x_wconf 87' lang='grc' dir='ltr'>τοῖς</span> <span class='ocrx_word' id='word_1_163' title='bbox 3101 1353 3442 1423; x_wconf 76' lang='grc' dir='ltr'>ἐπουρανίοις</span> <span class='ocrx_word' id='word_1_164' title='bbox 3469 1351 3555 1405; x_wconf 83' lang='grc' dir='ltr'><strong>διὰ</strong></span> <span class='ocrx_word' id='word_1_165' title='bbox 3579 1352 3677 1421; x_wconf 81' lang='grc' dir='ltr'>τῆς</span> 
     </span>
    </p>
   </div>
   <div class='ocr_carea' id='block_1_27' title="bbox 2115 1441 3683 1516">
    <p class='ocr_par' dir='ltr' id='par_1_27' title="bbox 2115 1441 3683 1516">
     <span class='ocr_line' id='line_1_27' title="bbox 2115 1441 3683 1516; baseline -0.001 -20"><span class='ocrx_word' id='word_1_166' title='bbox 2115 1443 2461 1514; x_wconf 85' lang='grc' dir='ltr'>Ἐκκλησίας,</span> <span class='ocrx_word' id='word_1_167' title='bbox 2501 1446 2535 1516; x_wconf 79' lang='grc' dir='ltr'><strong>ἡ</strong></span> <span class='ocrx_word' id='word_1_168' title='bbox 2567 1443 2948 1507; x_wconf 85' lang='grc' dir='ltr'>πολυποίκιλος</span> <span class='ocrx_word' id='word_1_169' title='bbox 2997 1443 3157 1513; x_wconf 88' lang='grc' dir='ltr'>σοφία</span> <span class='ocrx_word' id='word_1_170' title='bbox 3201 1442 3296 1496; x_wconf 90' lang='grc' dir='ltr'><strong>τοῦ</strong></span> <span class='ocrx_word' id='word_1_171' title='bbox 3343 1441 3511 1506; x_wconf 88' lang='grc' dir='ltr'>Θεοῦ,</span> <span class='ocrx_word' id='word_1_172' title='bbox 3542 1442 3683 1495; x_wconf 87' lang='grc' dir='ltr'><strong>κατά</strong></span> 
     </span>
    </p>
   </div>
   <div class='ocr_carea' id='block_1_28' title="bbox 2103 1533 3681 1607">
    <p class='ocr_par' dir='ltr' id='par_1_28' title="bbox 2103 1533 3681 1607">
     <span class='ocr_line' id='line_1_28' title="bbox 2103 1533 3681 1607; baseline -0.001 -20"><span class='ocrx_word' id='word_1_173' title='bbox 2103 1533 2360 1606; x_wconf 80' lang='grc' dir='ltr'>πρόθεσιν</span> <span class='ocrx_word' id='word_1_174' title='bbox 2381 1535 2492 1588; x_wconf 89' lang='grc' dir='ltr'><strong>τῶν</strong></span> <span class='ocrx_word' id='word_1_175' title='bbox 2518 1534 2751 1600; x_wconf 77' lang='grc' dir='ltr'>αἰώνων,</span> <span class='ocrx_word' id='word_1_176' title='bbox 2780 1535 2844 1607; x_wconf 74' lang='grc' dir='ltr'>ἢν</span> <span class='ocrx_word' id='word_1_177' title='bbox 2868 1535 3121 1607; x_wconf 88' lang='grc' dir='ltr'>ἐποίησεν</span> <span class='ocrx_word' id='word_1_178' title='bbox 3144 1536 3201 1588; x_wconf 88' lang='grc' dir='ltr'><strong>ἐν</strong></span> <span class='ocrx_word' id='word_1_179' title='bbox 3219 1536 3296 1604; x_wconf 83' lang='grc' dir='ltr'>τῷ</span> <span class='ocrx_word' id='word_1_180' title='bbox 3314 1534 3504 1605; x_wconf 83' lang='grc' dir='ltr'>Κυρίῳ</span> <span class='ocrx_word' id='word_1_181' title='bbox 3524 1536 3557 1603; x_wconf 81' lang='grc' dir='ltr'><strong>ἡ</strong></span> <span class='ocrx_word' id='word_1_182' title='bbox 3565 1533 3681 1602; x_wconf 86' lang='grc' dir='ltr'><strong>μῶν</strong></span> 
     </span>
    </p>
   </div>
   <div class='ocr_carea' id='block_1_29' title="bbox 2116 1617 3680 1696">
    <p class='ocr_par' dir='ltr' id='par_1_29' title="bbox 2116 1617 3680 1696">
     <span class='ocr_line' id='line_1_29' title="bbox 2116 1617 3680 1696; baseline 0.001 -21"><span class='ocrx_word' id='word_1_183' title='bbox 2116 1622 2289 1692; x_wconf 82' lang='grc' dir='ltr'>Ἰησοῦ</span> <span class='ocrx_word' id='word_1_184' title='bbox 2315 1623 2555 1693; x_wconf 81' lang='grc' dir='ltr'>Χριστῷ,</span> <span class='ocrx_word' id='word_1_185' title='bbox 2585 1625 2643 1678; x_wconf 88' lang='grc' dir='ltr'><strong>ἐν</strong></span> <span class='ocrx_word' id='word_1_186' title='bbox 2666 1617 2711 1692; x_wconf 83' lang='grc' dir='ltr'>ᾧ</span> <span class='ocrx_word' id='word_1_187' title='bbox 2732 1623 2926 1694; x_wconf 76' lang='grc' dir='ltr'>ἔχομεν</span> <span class='ocrx_word' id='word_1_188' title='bbox 2946 1625 3045 1695; x_wconf 76' lang='grc' dir='ltr'>τὴν</span> <span class='ocrx_word' id='word_1_189' title='bbox 3066 1624 3382 1696; x_wconf 74' lang='grc' dir='ltr'>παρρησίαν</span> <span class='ocrx_word' id='word_1_190' title='bbox 3401 1622 3495 1678; x_wconf 70' lang='grc' dir='ltr'>καὶ</span> <span class='ocrx_word' id='word_1_191' title='bbox 3517 1639 3680 1694; x_wconf 85' lang='grc' dir='ltr'>προσ-</span> 
     </span>
    </p>
   </div>
   <div class='ocr_carea' id='block_1_30' title="bbox 433 1710 2007 1787">
    <p class='ocr_par' dir='ltr' id='par_1_30' title="bbox 433 1710 2000 1787">
     <span class='ocr_line' id='line_1_30' title="bbox 433 1710 2000 1787; baseline 0.005 -21"><span class='ocrx_word' id='word_1_192' title='bbox 433 1710 712 1781; x_wconf 74' lang='lat' dir='ltr'><strong>Sapientia</strong></span> <span class='ocrx_word' id='word_1_193' title='bbox 744 1722 834 1766; x_wconf 91' lang='lat' dir='ltr'><strong>est</strong></span> <span class='ocrx_word' id='word_1_194' title='bbox 879 1728 1113 1782; x_wconf 84' lang='lat' dir='ltr'><strong>namque</strong></span> <span class='ocrx_word' id='word_1_195' title='bbox 1155 1728 1365 1780; x_wconf 82' lang='lat' dir='ltr'><strong>revera,</strong></span> <span class='ocrx_word' id='word_1_196' title='bbox 1402 1726 1455 1771; x_wconf 90' lang='lat' dir='ltr'><strong>et</strong></span> <span class='ocrx_word' id='word_1_197' title='bbox 1489 1719 1713 1776; x_wconf 85' lang='lat' dir='ltr'><strong>minime</strong></span> <span class='ocrx_word' id='word_1_198' title='bbox 1745 1721 2000 1787; x_wconf 84' lang='lat' dir='ltr'><strong>humana,</strong></span> 
     </span>
    </p>
   </div>
   <div class='ocr_carea' id='block_1_31' title="bbox 2111 1710 3680 1787">
    <p class='ocr_par' dir='ltr' id='par_1_31' title="bbox 2111 1711 3680 1783">
     <span class='ocr_line' id='line_1_31' title="bbox 2111 1711 3680 1783; baseline 0.001 -19"><span class='ocrx_word' id='word_1_199' title='bbox 2111 1711 2329 1782; x_wconf 80' lang='grc' dir='ltr'>αγωγὴν</span> <span class='ocrx_word' id='word_1_200' title='bbox 2358 1713 2418 1764; x_wconf 87' lang='grc' dir='ltr'><strong>ἐν</strong></span> <span class='ocrx_word' id='word_1_201' title='bbox 2446 1711 2768 1782; x_wconf 80' lang='grc' dir='ltr'>πεποιθήσει</span> <span class='ocrx_word' id='word_1_202' title='bbox 2801 1713 2889 1766; x_wconf 81' lang='grc' dir='ltr'>διὰ</span> <span class='ocrx_word' id='word_1_203' title='bbox 2922 1713 3021 1781; x_wconf 82' lang='grc' dir='ltr'>τῆς</span> <span class='ocrx_word' id='word_1_204' title='bbox 3052 1713 3303 1778; x_wconf 89' lang='grc' dir='ltr'>πίστεως.</span> <span class='ocrx_word' id='word_1_205' title='bbox 3338 1733 3355 1765; x_wconf 83' lang='grc' dir='ltr'><strong>ι</strong></span> <span class='ocrx_word' id='word_1_206' title='bbox 3384 1714 3553 1782; x_wconf 79' lang='grc' dir='ltr'>Σοφία</span> <span class='ocrx_word' id='word_1_207' title='bbox 3573 1714 3680 1783; x_wconf 79' lang='grc' dir='ltr'><strong>γὰρ</strong></span> 
     </span>
    </p>
   </div>
   <div class='ocr_carea' id='block_1_32' title="bbox 431 1804 2001 1879">
    <p class='ocr_par' dir='ltr' id='par_1_32' title="bbox 431 1804 2001 1879">
     <span class='ocr_line' id='line_1_32' title="bbox 431 1804 2001 1879; baseline 0.006 -21"><span class='ocrx_word' id='word_1_208' title='bbox 431 1804 525 1859; x_wconf 84' lang='lat' dir='ltr'><strong>sed</strong></span> <span class='ocrx_word' id='word_1_209' title='bbox 575 1818 706 1858; x_wconf 84' lang='lat' dir='ltr'><strong>sane</strong></span> <span class='ocrx_word' id='word_1_210' title='bbox 749 1804 961 1869; x_wconf 86' lang='lat' dir='ltr'><strong>divina,</strong></span> <span class='ocrx_word' id='word_1_211' title='bbox 1016 1816 1071 1859; x_wconf 89' lang='lat' dir='ltr'><strong>et</strong></span> <span class='ocrx_word' id='word_1_212' title='bbox 1121 1806 1301 1862; x_wconf 82' lang='lat' dir='ltr'><strong>abdita</strong></span> <span class='ocrx_word' id='word_1_213' title='bbox 1354 1810 1408 1863; x_wconf 92' lang='lat' dir='ltr'><strong>in</strong></span> <span class='ocrx_word' id='word_1_214' title='bbox 1462 1812 1692 1879; x_wconf 87' lang='lat' dir='ltr'><strong>quadam</strong></span> <span class='ocrx_word' id='word_1_215' title='bbox 1744 1811 2001 1867; x_wconf 83' lang='lat' dir='ltr'><strong>inell&#39;abili</strong></span> 
     </span>
    </p>
   </div>
   <div class='ocr_carea' id='block_1_33' title="bbox 433 1893 2001 1972">
    <p class='ocr_par' dir='ltr' id='par_1_33' title="bbox 433 1893 2001 1972">
     <span class='ocr_line' id='line_1_33' title="bbox 433 1893 2001 1972; baseline 0.007 -26"><span class='ocrx_word' id='word_1_216' title='bbox 433 1893 802 1963; x_wconf 80' lang='lat' dir='ltr'><strong>profunditate</strong></span> <span class='ocrx_word' id='word_1_217' title='bbox 824 1904 893 1949; x_wconf 82' lang='lat' dir='ltr'><strong>et-</strong></span> <span class='ocrx_word' id='word_1_218' title='bbox 908 1895 1495 1965; x_wconf 83' lang='lat' dir='ltr'><strong>incomprehensibilita</strong></span> <span class='ocrx_word' id='word_1_219' title='bbox 1507 1908 1556 1954; x_wconf 94' lang='lat' dir='ltr'><strong>te</strong></span> <span class='ocrx_word' id='word_1_220' title='bbox 1578 1899 1777 1957; x_wconf 90' lang='lat' dir='ltr'><strong>Christi</strong></span> <span class='ocrx_word' id='word_1_221' title='bbox 1804 1912 2001 1972; x_wconf 86' lang='lat' dir='ltr'><strong>myste-</strong></span> 
     </span>
    </p>
   </div>
   <div class='ocr_carea' id='block_1_34' title="bbox 434 1986 2003 2062">
    <p class='ocr_par' dir='ltr' id='par_1_34' title="bbox 434 1986 2003 2062">
     <span class='ocr_line' id='line_1_34' title="bbox 434 1986 2003 2062; baseline 0.008 -25"><span class='ocrx_word' id='word_1_222' title='bbox 434 1986 575 2038; x_wconf 89' lang='lat' dir='ltr'><strong>rium</strong></span> <span class='ocrx_word' id='word_1_223' title='bbox 606 2001 619 2039; x_wconf 92' lang='lat'><strong>:</strong></span> <span class='ocrx_word' id='word_1_224' title='bbox 649 1987 836 2055; x_wconf 86' lang='lat' dir='ltr'><strong>itaque</strong></span> <span class='ocrx_word' id='word_1_225' title='bbox 879 1986 1065 2055; x_wconf 87' lang='lat' dir='ltr'><strong>psallit</strong></span> <span class='ocrx_word' id='word_1_226' title='bbox 1108 1988 1297 2043; x_wconf 77' lang='lat' dir='ltr'><strong>beatus</strong></span> <span class='ocrx_word' id='word_1_227' title='bbox 1325 1989 1492 2044; x_wconf 83' lang='lat' dir='ltr'><strong>David</strong></span> <span class='ocrx_word' id='word_1_228' title='bbox 1525 2008 1540 2045; x_wconf 90' lang='lat'><strong>:</strong></span> <span class='ocrx_word' id='word_1_229' title='bbox 1574 2009 1593 2042; x_wconf 78' lang='grc' dir='ltr'><strong>ι</strong></span> <span class='ocrx_word' id='word_1_230' title='bbox 1626 1991 1689 2046; x_wconf 86' lang='grc' dir='ltr'>Ει</span> <span class='ocrx_word' id='word_1_231' title='bbox 1715 1994 1895 2062; x_wconf 89' lang='lat' dir='ltr'><strong>posuit</strong></span> <span class='ocrx_word' id='word_1_232' title='bbox 1925 2003 2003 2049; x_wconf 88' lang='lat' dir='ltr'><strong>te-</strong></span> 
     </span>
    </p>
   </div>
   <div class='ocr_carea' id='block_1_35' title="bbox 436 2072 2058 2150">
    <p class='ocr_par' dir='ltr' id='par_1_35' title="bbox 436 2072 2058 2150">
     <span class='ocr_line' id='line_1_35' title="bbox 436 2072 2058 2150; baseline 0.006 -21"><span class='ocrx_word' id='word_1_233' title='bbox 436 2077 627 2131; x_wconf 80' lang='lat' dir='ltr'><strong>nebres</strong></span> <span class='ocrx_word' id='word_1_234' title='bbox 656 2076 934 2131; x_wconf 86' lang='lat' dir='ltr'><strong>latibulum</strong></span> <span class='ocrx_word' id='word_1_235' title='bbox 985 2093 1164 2143; x_wconf 87' lang='lat' dir='ltr'><strong>suum,</strong></span> <span class='ocrx_word' id='word_1_236' title='bbox 1190 2078 1259 2133; x_wconf 39' lang='lat' dir='ltr'><strong>iui</strong></span> <span class='ocrx_word' id='word_1_237' title='bbox 1281 2081 1513 2135; x_wconf 78' lang='lat' dir='ltr'><strong>circuitu</strong></span> <span class='ocrx_word' id='word_1_238' title='bbox 1541 2075 1656 2150; x_wconf 84' lang='lat' dir='ltr'><strong>ejus</strong></span> <span class='ocrx_word' id='word_1_239' title='bbox 1684 2085 2003 2138; x_wconf 88' lang='lat' dir='ltr'><strong>tabernacu-</strong></span> <span class='ocrx_word' id='word_1_240' title='bbox 2052 2072 2058 2079; x_wconf 73' lang='grc'><em>’</em></span> 
     </span>
    </p>
   </div>
   <div class='ocr_carea' id='block_1_36' title="bbox 434 2167 2002 2239">
    <p class='ocr_par' dir='ltr' id='par_1_36' title="bbox 434 2167 2002 2239">
     <span class='ocr_line' id='line_1_36' title="bbox 434 2167 2002 2239; baseline 0.006 -19"><span class='ocrx_word' id='word_1_241' title='bbox 434 2167 543 2220; x_wconf 80' lang='lat' dir='ltr'><strong>lum</strong></span> <span class='ocrx_word' id='word_1_242' title='bbox 573 2168 712 2234; x_wconf 84' lang='lat' dir='ltr'><strong>ejus,</strong></span> <span class='ocrx_word' id='word_1_243' title='bbox 742 2170 1038 2224; x_wconf 75' lang='lat' dir='ltr'><strong>tenebrosa</strong></span> <span class='ocrx_word' id='word_1_244' title='bbox 1081 2184 1219 2239; x_wconf 88' lang='lat' dir='ltr'><strong>aqua</strong></span> <span class='ocrx_word' id='word_1_245' title='bbox 1254 2171 1304 2224; x_wconf 86' lang='lat' dir='ltr'><strong>in</strong></span> <span class='ocrx_word' id='word_1_246' title='bbox 1335 2171 1573 2227; x_wconf 88' lang='lat' dir='ltr'><strong>nubibus</strong></span> <span class='ocrx_word' id='word_1_247' title='bbox 1611 2174 1844 2228; x_wconf 83' lang='lat' dir='ltr'><strong>aeris“.</strong></span> <span class='ocrx_word' id='word_1_248' title='bbox 1880 2194 1899 2226; x_wconf 75' lang='grc' dir='ltr'><strong>ι</strong></span> <span class='ocrx_word' id='word_1_249' title='bbox 1944 2175 2002 2229; x_wconf 88' lang='lat' dir='ltr'><strong>In</strong></span> 
     </span>
    </p>
   </div>
   <div class='ocr_carea' id='block_1_37' title="bbox 433 2253 1999 2337">
    <p class='ocr_par' dir='ltr' id='par_1_37' title="bbox 433 2253 1999 2337">
     <span class='ocr_line' id='line_1_37' title="bbox 433 2253 1999 2337; baseline 0.006 -27"><span class='ocrx_word' id='word_1_250' title='bbox 433 2273 545 2327; x_wconf 84' lang='lat' dir='ltr'><strong>quo</strong></span> <span class='ocrx_word' id='word_1_251' title='bbox 571 2259 822 2313; x_wconf 88' lang='lat' dir='ltr'><strong>tenebras</strong></span> <span class='ocrx_word' id='word_1_252' title='bbox 866 2260 998 2313; x_wconf 88' lang='lat' dir='ltr'><strong>nihil</strong></span> <span class='ocrx_word' id='word_1_253' title='bbox 1026 2260 1195 2326; x_wconf 83' lang='lat' dir='ltr'><strong>aliud,</strong></span> <span class='ocrx_word' id='word_1_254' title='bbox 1240 2270 1296 2316; x_wconf 91' lang='lat' dir='ltr'><strong>ut</strong></span> <span class='ocrx_word' id='word_1_255' title='bbox 1327 2263 1540 2332; x_wconf 86' lang='lat' dir='ltr'><strong>opinor,</strong></span> <span class='ocrx_word' id='word_1_256' title='bbox 1575 2264 1846 2337; x_wconf 71' lang='lat' dir='ltr'><strong>intelligit,</strong></span> <span class='ocrx_word' id='word_1_257' title='bbox 1880 2253 1999 2322; x_wconf 79' lang='lat' dir='ltr'><strong>nisi</strong></span> 
     </span>
    </p>
   </div>
   <div class='ocr_carea' id='block_1_38' title="bbox 434 2347 1999 2421">
    <p class='ocr_par' dir='ltr' id='par_1_38' title="bbox 434 2347 1999 2421">
     <span class='ocr_line' id='line_1_38' title="bbox 434 2347 1999 2421; baseline 0.006 -22"><span class='ocrx_word' id='word_1_258' title='bbox 434 2347 722 2401; x_wconf 88' lang='lat' dir='ltr'><strong>obscuram</strong></span> <span class='ocrx_word' id='word_1_259' title='bbox 746 2348 1121 2418; x_wconf 75' lang='lat' dir='ltr'><strong>intelligentiae</strong></span> <span class='ocrx_word' id='word_1_260' title='bbox 1145 2354 1543 2421; x_wconf 86' lang='lat' dir='ltr'><strong>perceptionem</strong></span> <span class='ocrx_word' id='word_1_261' title='bbox 1566 2353 1617 2408; x_wconf 90' lang='lat' dir='ltr'><strong>in</strong></span> <span class='ocrx_word' id='word_1_262' title='bbox 1645 2355 1815 2410; x_wconf 89' lang='lat' dir='ltr'><strong>oculis</strong></span> <span class='ocrx_word' id='word_1_263' title='bbox 1834 2354 1999 2410; x_wconf 90' lang='lat' dir='ltr'><strong>animi</strong></span> 
     </span>
    </p>
   </div>
   <div class='ocr_carea' id='block_1_39' title="bbox 437 2437 2003 2505">
    <p class='ocr_par' dir='ltr' id='par_1_39' title="bbox 437 2437 2003 2505">
     <span class='ocr_line' id='line_1_39' title="bbox 437 2437 2003 2505; baseline 0.004 -12"><span class='ocrx_word' id='word_1_264' title='bbox 437 2437 684 2505; x_wconf 87' lang='lat' dir='ltr'><strong>caliginis</strong></span> <span class='ocrx_word' id='word_1_265' title='bbox 734 2438 907 2492; x_wconf 82' lang='lat' dir='ltr'><strong>instar</strong></span> <span class='ocrx_word' id='word_1_266' title='bbox 952 2440 1345 2496; x_wconf 86' lang='lat' dir='ltr'><strong>incurrentem.</strong></span> <span class='ocrx_word' id='word_1_267' title='bbox 1390 2441 1501 2498; x_wconf 86' lang='lat' dir='ltr'><strong>Hac</strong></span> <span class='ocrx_word' id='word_1_268' title='bbox 1543 2444 1609 2498; x_wconf 88' lang='lat' dir='ltr'><strong>de</strong></span> <span class='ocrx_word' id='word_1_269' title='bbox 1655 2458 1815 2499; x_wconf 90' lang='lat' dir='ltr'><strong>causa</strong></span> <span class='ocrx_word' id='word_1_270' title='bbox 1863 2445 2003 2500; x_wconf 93' lang='lat' dir='ltr'><strong>dici-</strong></span> 
     </span>
    </p>
   </div>
   <div class='ocr_carea' id='block_1_40' title="bbox 437 2526 2003 2597">
    <p class='ocr_par' dir='ltr' id='par_1_40' title="bbox 437 2526 2003 2597">
     <span class='ocr_line' id='line_1_40' title="bbox 437 2526 2003 2597; baseline 0.004 -16"><span class='ocrx_word' id='word_1_271' title='bbox 437 2542 579 2592; x_wconf 81' lang='lat' dir='ltr'><strong>mus,</strong></span> <span class='ocrx_word' id='word_1_272' title='bbox 631 2526 932 2583; x_wconf 79' lang='lat' dir='ltr'><strong>subtilibus</strong></span> <span class='ocrx_word' id='word_1_273' title='bbox 979 2529 1416 2597; x_wconf 65' lang='lat' dir='ltr'><strong>quaestionibus,</strong></span> <span class='ocrx_word' id='word_1_274' title='bbox 1470 2540 1527 2586; x_wconf 92' lang='lat' dir='ltr'><strong>et</strong></span> <span class='ocrx_word' id='word_1_275' title='bbox 1568 2533 1884 2589; x_wconf 86' lang='lat' dir='ltr'><strong>curiositate</strong></span> <span class='ocrx_word' id='word_1_276' title='bbox 1936 2534 2003 2587; x_wconf 88' lang='lat' dir='ltr'><strong>ad</strong></span> 
     </span>
    </p>
   </div>
   <div class='ocr_carea' id='block_1_41' title="bbox 436 2618 2005 2693">
    <p class='ocr_par' dir='ltr' id='par_1_41' title="bbox 436 2618 2005 2693">
     <span class='ocr_line' id='line_1_41' title="bbox 436 2618 2005 2693; baseline 0.005 -23"><span class='ocrx_word' id='word_1_277' title='bbox 436 2633 596 2687; x_wconf 87' lang='lat' dir='ltr'><strong>quam</strong></span> <span class='ocrx_word' id='word_1_278' title='bbox 646 2618 952 2688; x_wconf 88' lang='lat' dir='ltr'><strong>pertingere</strong></span> <span class='ocrx_word' id='word_1_279' title='bbox 1012 2634 1118 2673; x_wconf 86' lang='lat' dir='ltr'><strong>non</strong></span> <span class='ocrx_word' id='word_1_280' title='bbox 1170 2621 1343 2689; x_wconf 85' lang='lat' dir='ltr'><strong>possit</strong></span> <span class='ocrx_word' id='word_1_281' title='bbox 1403 2621 1798 2693; x_wconf 84' lang='lat' dir='ltr'><strong>intelligentia,</strong></span> <span class='ocrx_word' id='word_1_282' title='bbox 1858 2624 2005 2679; x_wconf 91' lang='lat' dir='ltr'><strong>nullo</strong></span> 
     </span>
    </p>
   </div>
   <div class='ocr_carea' id='block_1_42' title="bbox 439 2707 2006 2785">
    <p class='ocr_par' dir='ltr' id='par_1_42' title="bbox 439 2707 2006 2785">
     <span class='ocr_line' id='line_1_42' title="bbox 439 2707 2006 2785; baseline 0.005 -23"><span class='ocrx_word' id='word_1_283' title='bbox 439 2709 601 2763; x_wconf 84' lang='lat' dir='ltr'><strong>modo</strong></span> <span class='ocrx_word' id='word_1_284' title='bbox 631 2708 926 2779; x_wconf 86' lang='lat' dir='ltr'><strong>indiguisse</strong></span> <span class='ocrx_word' id='word_1_285' title='bbox 946 2707 1154 2764; x_wconf 79' lang='lat' dir='ltr'><strong>Christi</strong></span> <span class='ocrx_word' id='word_1_286' title='bbox 1184 2712 1539 2782; x_wconf 72' lang='lat' dir='ltr'><strong>mysterium,,</strong></span> <span class='ocrx_word' id='word_1_287' title='bbox 1563 2714 1658 2769; x_wconf 88' lang='lat' dir='ltr'><strong>sed</strong></span> <span class='ocrx_word' id='word_1_288' title='bbox 1689 2715 1793 2769; x_wconf 72' lang='lat' dir='ltr'><strong>(ide</strong></span> <span class='ocrx_word' id='word_1_289' title='bbox 1827 2714 2006 2785; x_wconf 87' lang='lat' dir='ltr'><strong>potius</strong></span> 
     </span>
    </p>
   </div>
   <div class='ocr_carea' id='block_1_43' title="bbox 436 2798 2007 2869">
    <p class='ocr_par' dir='ltr' id='par_1_43' title="bbox 436 2798 2007 2869">
     <span class='ocr_line' id='line_1_43' title="bbox 436 2798 2007 2869; baseline 0.006 -18"><span class='ocrx_word' id='word_1_290' title='bbox 436 2815 556 2869; x_wconf 74' lang='lat' dir='ltr'><strong>qua:</strong></span> <span class='ocrx_word' id='word_1_291' title='bbox 597 2798 916 2868; x_wconf 85' lang='lat' dir='ltr'><strong>simpliciter</strong></span> <span class='ocrx_word' id='word_1_292' title='bbox 942 2814 1006 2855; x_wconf 85' lang='lat' dir='ltr'><strong>ac</strong></span> <span class='ocrx_word' id='word_1_293' title='bbox 1030 2801 1147 2855; x_wconf 91' lang='lat' dir='ltr'><strong>sine</strong></span> <span class='ocrx_word' id='word_1_294' title='bbox 1171 2800 1283 2856; x_wconf 89' lang='lat' dir='ltr'><strong>ulla</strong></span> <span class='ocrx_word' id='word_1_295' title='bbox 1317 2801 1530 2859; x_wconf 77' lang='lat' dir='ltr'><strong>vafritie</strong></span> <span class='ocrx_word' id='word_1_296' title='bbox 1555 2806 1878 2861; x_wconf 83' lang='lat' dir='ltr'><strong>traderetur.</strong></span> <span class='ocrx_word' id='word_1_297' title='bbox 1915 2804 2007 2861; x_wconf 88' lang='lat' dir='ltr'><strong>Sic</strong></span> 
     </span>
    </p>
   </div>
   <div class='ocr_carea' id='block_1_44' title="bbox 321 2891 2008 2961">
    <p class='ocr_par' dir='ltr' id='par_1_44' title="bbox 321 2891 2008 2961">
     <span class='ocr_line' id='line_1_44' title="bbox 321 2891 2008 2961; baseline 0.005 -18"><span class='ocrx_word' id='word_1_298' title='bbox 321 2936 330 2943; x_wconf 88' lang='lat'><strong>.</strong></span> <span class='ocrx_word' id='word_1_299' title='bbox 436 2903 490 2949; x_wconf 89' lang='lat' dir='ltr'><strong>et</strong></span> <span class='ocrx_word' id='word_1_300' title='bbox 534 2902 632 2947; x_wconf 79' lang='lat' dir='ltr'><strong>nos</strong></span> <span class='ocrx_word' id='word_1_301' title='bbox 662 2891 762 2961; x_wconf 88' lang='lat' dir='ltr'><strong>ipsi</strong></span> <span class='ocrx_word' id='word_1_302' title='bbox 797 2892 1001 2948; x_wconf 89' lang='lat' dir='ltr'><strong>sentire</strong></span> <span class='ocrx_word' id='word_1_303' title='bbox 1039 2892 1347 2959; x_wconf 86' lang='lat' dir='ltr'><strong>didicimus,</strong></span> <span class='ocrx_word' id='word_1_304' title='bbox 1384 2901 1441 2947; x_wconf 91' lang='lat' dir='ltr'><strong>et</strong></span> <span class='ocrx_word' id='word_1_305' title='bbox 1463 2894 1793 2951; x_wconf 85' lang='lat' dir='ltr'><strong>credidimus</strong></span> <span class='ocrx_word' id='word_1_306' title='bbox 1824 2910 1854 2949; x_wconf 91' lang='lat' dir='ltr'><strong>a</strong></span> <span class='ocrx_word' id='word_1_307' title='bbox 1897 2895 2008 2951; x_wconf 85' lang='lat' dir='ltr'><strong>Deo</strong></span> 
     </span>
    </p>
   </div>
   <div class='ocr_carea' id='block_1_45' title="bbox 400 2979 2006 3065">
    <p class='ocr_par' dir='ltr' id='par_1_45' title="bbox 400 2979 2006 3065">
     <span class='ocr_line' id='line_1_45' title="bbox 400 2979 2006 3065; baseline 0.001 -29"><span class='ocrx_word' id='word_1_308' title='bbox 400 2995 503 3065; x_wconf 37' lang='lat' dir='ltr'><strong>‘ac</strong></span> <span class='ocrx_word' id='word_1_309' title='bbox 544 2982 701 3036; x_wconf 87' lang='lat' dir='ltr'><strong>Patre</strong></span> <span class='ocrx_word' id='word_1_310' title='bbox 728 2980 1003 3051; x_wconf 90' lang='lat' dir='ltr'><strong>proprium</strong></span> <span class='ocrx_word' id='word_1_311' title='bbox 1039 2979 1262 3043; x_wconf 87' lang='lat' dir='ltr'><strong>Filium,</strong></span> <span class='ocrx_word' id='word_1_312' title='bbox 1313 2981 1481 3035; x_wconf 89' lang='lat' dir='ltr'><strong>Deum</strong></span> <span class='ocrx_word' id='word_1_313' title='bbox 1510 2983 1760 3037; x_wconf 90' lang='lat' dir='ltr'><strong>eumdem</strong></span> <span class='ocrx_word' id='word_1_314' title='bbox 1809 2997 2006 3039; x_wconf 88' lang='lat' dir='ltr'><strong>secun-</strong></span> 
     </span>
    </p>
   </div>
   <div class='ocr_carea' id='block_1_46' title="bbox 2100 1794 3749 1880">
    <p class='ocr_par' dir='ltr' id='par_1_46' title="bbox 2100 1794 3749 1880">
     <span class='ocr_line' id='line_1_46' title="bbox 2100 1794 3749 1880; baseline 0 -23"><span class='ocrx_word' id='word_1_315' title='bbox 2100 1801 2319 1880; x_wconf 84' lang='grc' dir='ltr'>ἀληθῶς</span> <span class='ocrx_word' id='word_1_316' title='bbox 2360 1804 2456 1857; x_wconf 76' lang='grc' dir='ltr'>καὶ</span> <span class='ocrx_word' id='word_1_317' title='bbox 2504 1804 2605 1856; x_wconf 80' lang='grc' dir='ltr'><strong>οὐκ</strong></span> <span class='ocrx_word' id='word_1_318' title='bbox 2643 1803 2959 1877; x_wconf 81' lang='grc' dir='ltr'>ἀνθρωπίνη</span> <span class='ocrx_word' id='word_1_319' title='bbox 2992 1794 3192 1858; x_wconf 79' lang='grc' dir='ltr'>ποθέν·</span> <span class='ocrx_word' id='word_1_320' title='bbox 3240 1805 3359 1858; x_wconf 85' lang='grc' dir='ltr'>θεία</span> <span class='ocrx_word' id='word_1_321' title='bbox 3390 1806 3445 1859; x_wconf 80' lang='grc' dir='ltr'>δὲ</span> <span class='ocrx_word' id='word_1_322' title='bbox 3482 1805 3682 1875; x_wconf 85' lang='grc' dir='ltr'>μᾶλλον</span> <span class='ocrx_word' id='word_1_323' title='bbox 3744 1862 3749 1865; x_wconf 90' lang='lat'><strong><em>_</em></strong></span> 
     </span>
    </p>
   </div>
   <div class='ocr_carea' id='block_1_47' title="bbox 2101 1893 3683 1965">
    <p class='ocr_par' dir='ltr' id='par_1_47' title="bbox 2101 1893 3683 1965">
     <span class='ocr_line' id='line_1_47' title="bbox 2101 1893 3683 1965; baseline -0.001 -19"><span class='ocrx_word' id='word_1_324' title='bbox 2101 1893 2195 1947; x_wconf 68' lang='lat' dir='ltr'><strong>atat</strong></span> <span class='ocrx_word' id='word_1_325' title='bbox 2225 1896 2282 1947; x_wconf 87' lang='grc' dir='ltr'><strong>ἐν</strong></span> <span class='ocrx_word' id='word_1_326' title='bbox 2311 1895 2646 1965; x_wconf 76' lang='grc' dir='ltr'>ἀπορρήτοις</span> <span class='ocrx_word' id='word_1_327' title='bbox 2675 1894 2785 1947; x_wconf 75' lang='grc' dir='ltr'>τισὶ</span> <span class='ocrx_word' id='word_1_328' title='bbox 2830 1893 3019 1965; x_wconf 75' lang='grc' dir='ltr'>βάθεσι</span> <span class='ocrx_word' id='word_1_329' title='bbox 3062 1913 3122 1948; x_wconf 87' lang='grc' dir='ltr'>τε</span> <span class='ocrx_word' id='word_1_330' title='bbox 3165 1897 3257 1950; x_wconf 76' lang='grc' dir='ltr'>καὶ</span> <span class='ocrx_word' id='word_1_331' title='bbox 3283 1895 3683 1965; x_wconf 81' lang='grc' dir='ltr'>ἀκαταληψίαις</span> 
     </span>
    </p>
   </div>
   <div class='ocr_carea' id='block_1_48' title="bbox 2102 1982 3684 2057">
    <p class='ocr_par' dir='ltr' id='par_1_48' title="bbox 2102 1982 3684 2057">
     <span class='ocr_line' id='line_1_48' title="bbox 2102 1982 3684 2057; baseline 0.004 -23"><span class='ocrx_word' id='word_1_332' title='bbox 2102 1982 2350 2053; x_wconf 80' lang='grc' dir='ltr'><strong>κειμένη,</strong></span> <span class='ocrx_word' id='word_1_333' title='bbox 2387 1983 2449 2037; x_wconf 86' lang='grc' dir='ltr'><strong>τὸ</strong></span> <span class='ocrx_word' id='word_1_334' title='bbox 2486 1983 2722 2056; x_wconf 80' lang='grc' dir='ltr'>Χριστοῦ</span> <span class='ocrx_word' id='word_1_335' title='bbox 2770 1987 3099 2057; x_wconf 76' lang='grc' dir='ltr'>μυστήριονο</span> <span class='ocrx_word' id='word_1_336' title='bbox 3134 1985 3324 2054; x_wconf 82' lang='grc' dir='ltr'>ψάλλει</span> <span class='ocrx_word' id='word_1_337' title='bbox 3362 1986 3493 2055; x_wconf 88' lang='grc' dir='ltr'>γοῦν</span> <span class='ocrx_word' id='word_1_338' title='bbox 3523 1989 3550 2039; x_wconf 91' lang='lat'><strong>6</strong></span> <span class='ocrx_word' id='word_1_339' title='bbox 3580 2003 3684 2056; x_wconf 80' lang='grc' dir='ltr'>μα-</span> 
     </span>
    </p>
   </div>
   <div class='ocr_carea' id='block_1_49' title="bbox 2111 2073 3681 2148">
    <p class='ocr_par' dir='ltr' id='par_1_49' title="bbox 2111 2073 3681 2148">
     <span class='ocr_line' id='line_1_49' title="bbox 2111 2073 3681 2148; baseline 0.002 -21"><span class='ocrx_word' id='word_1_340' title='bbox 2111 2073 2318 2146; x_wconf 87' lang='grc' dir='ltr'>κάριος.</span> <span class='ocrx_word' id='word_1_341' title='bbox 2334 2074 2499 2128; x_wconf 88' lang='grc' dir='ltr'>Δα6ίδ</span> <span class='ocrx_word' id='word_1_342' title='bbox 2517 2092 2532 2105; x_wconf 87' lang='grc'><strong>·</strong></span> <span class='ocrx_word' id='word_1_343' title='bbox 2570 2094 2588 2126; x_wconf 82' lang='grc' dir='ltr'><strong>ι</strong></span> <span class='ocrx_word' id='word_1_344' title='bbox 2614 2076 2726 2129; x_wconf 73' lang='grc' dir='ltr'><strong>Καὶ</strong></span> <span class='ocrx_word' id='word_1_345' title='bbox 2757 2074 2909 2129; x_wconf 79' lang='grc' dir='ltr'>ἔθετο</span> <span class='ocrx_word' id='word_1_346' title='bbox 2941 2076 3128 2140; x_wconf 85' lang='grc' dir='ltr'>σκότος</span> <span class='ocrx_word' id='word_1_347' title='bbox 3151 2077 3475 2148; x_wconf 84' lang='grc' dir='ltr'>ἀποκρυφὴν</span> <span class='ocrx_word' id='word_1_348' title='bbox 3497 2075 3681 2140; x_wconf 81' lang='grc' dir='ltr'>αὐτοῦ,</span> 
     </span>
    </p>
   </div>
   <div class='ocr_carea' id='block_1_50' title="bbox 2102 2164 3687 2239">
    <p class='ocr_par' dir='ltr' id='par_1_50' title="bbox 2102 2164 3687 2239">
     <span class='ocr_line' id='line_1_50' title="bbox 2102 2164 3687 2239; baseline 0.002 -21"><span class='ocrx_word' id='word_1_349' title='bbox 2102 2165 2287 2236; x_wconf 84' lang='grc' dir='ltr'>κύκλῳ</span> <span class='ocrx_word' id='word_1_350' title='bbox 2317 2164 2482 2219; x_wconf 82' lang='grc' dir='ltr'>αὐτοῦ</span> <span class='ocrx_word' id='word_1_351' title='bbox 2525 2168 2559 2237; x_wconf 82' lang='grc' dir='ltr'>ἡ</span> <span class='ocrx_word' id='word_1_352' title='bbox 2604 2167 2779 2239; x_wconf 78' lang='grc' dir='ltr'>σκηνὴ</span> <span class='ocrx_word' id='word_1_353' title='bbox 2808 2166 2995 2232; x_wconf 82' lang='grc' dir='ltr'>αὐτοῦ,</span> <span class='ocrx_word' id='word_1_354' title='bbox 3025 2167 3297 2221; x_wconf 86' lang='grc' dir='ltr'>σκοτεινὸν</span> <span class='ocrx_word' id='word_1_355' title='bbox 3331 2167 3475 2239; x_wconf 80' lang='grc' dir='ltr'>ὕδωρ</span> <span class='ocrx_word' id='word_1_356' title='bbox 3508 2167 3567 2222; x_wconf 80' lang='grc' dir='ltr'><strong>ἐν</strong></span> <span class='ocrx_word' id='word_1_357' title='bbox 3599 2184 3687 2221; x_wconf 82' lang='grc' dir='ltr'><strong>νε-</strong></span> 
     </span>
    </p>
   </div>
   <div class='ocr_carea' id='block_1_51' title="bbox 2104 2254 3681 2330">
    <p class='ocr_par' dir='ltr' id='par_1_51' title="bbox 2104 2254 3681 2330">
     <span class='ocr_line' id='line_1_51' title="bbox 2104 2254 3681 2330; baseline 0.001 -20"><span class='ocrx_word' id='word_1_358' title='bbox 2104 2257 2296 2327; x_wconf 85' lang='grc' dir='ltr'>φέλαις</span> <span class='ocrx_word' id='word_1_359' title='bbox 2338 2257 2538 2329; x_wconf 72' lang='grc' dir='ltr'>ἀέρων·</span> <span class='ocrx_word' id='word_1_360' title='bbox 2571 2277 2590 2310; x_wconf 90' lang='grc' dir='ltr'><strong>ι</strong></span> <span class='ocrx_word' id='word_1_361' title='bbox 2630 2259 2827 2313; x_wconf 78' lang='grc' dir='ltr'>σκότον</span> <span class='ocrx_word' id='word_1_362' title='bbox 2865 2254 3019 2330; x_wconf 73' lang='grc' dir='ltr'>οἶμαι</span> <span class='ocrx_word' id='word_1_363' title='bbox 3058 2257 3233 2327; x_wconf 85' lang='grc' dir='ltr'>λέγων</span> <span class='ocrx_word' id='word_1_364' title='bbox 3280 2259 3433 2313; x_wconf 81' lang='grc' dir='ltr'>οὐδὲν</span> <span class='ocrx_word' id='word_1_365' title='bbox 3476 2259 3681 2330; x_wconf 74' lang='grc' dir='ltr'>ἕτερον,</span> 
     </span>
    </p>
   </div>
   <div class='ocr_carea' id='block_1_52' title="bbox 2103 2347 3687 2420">
    <p class='ocr_par' dir='ltr' id='par_1_52' title="bbox 2103 2347 3687 2420">
     <span class='ocr_line' id='line_1_52' title="bbox 2103 2347 3687 2420; baseline 0.001 -19"><span class='ocrx_word' id='word_1_366' title='bbox 2103 2347 2243 2420; x_wconf 76' lang='grc' dir='ltr'>πλὴν</span> <span class='ocrx_word' id='word_1_367' title='bbox 2278 2347 2362 2401; x_wconf 85' lang='grc' dir='ltr'>ὃτι</span> <span class='ocrx_word' id='word_1_368' title='bbox 2395 2366 2499 2403; x_wconf 91' lang='grc' dir='ltr'><strong>που</strong></span> <span class='ocrx_word' id='word_1_369' title='bbox 2534 2352 2753 2413; x_wconf 81' lang='grc' dir='ltr'>πάντως</span> <span class='ocrx_word' id='word_1_370' title='bbox 2784 2348 2882 2419; x_wconf 80' lang='grc' dir='ltr'>τὴν</span> <span class='ocrx_word' id='word_1_371' title='bbox 2919 2349 3028 2402; x_wconf 85' lang='grc' dir='ltr'><strong>τῶν</strong></span> <span class='ocrx_word' id='word_1_372' title='bbox 3059 2348 3277 2403; x_wconf 75' lang='grc' dir='ltr'>ἐννοιῶν</span> <span class='ocrx_word' id='word_1_373' title='bbox 3319 2349 3687 2404; x_wconf 85' lang='grc' dir='ltr'>δυσκάτοπτον</span> 
     </span>
    </p>
   </div>
   <div class='ocr_carea' id='block_1_53' title="bbox 2102 2437 3683 2511">
    <p class='ocr_par' dir='ltr' id='par_1_53' title="bbox 2102 2437 3683 2511">
     <span class='ocr_line' id='line_1_53' title="bbox 2102 2437 3683 2511; baseline 0.001 -21"><span class='ocrx_word' id='word_1_374' title='bbox 2102 2437 2342 2509; x_wconf 76' lang='grc' dir='ltr'>εῦρεσιν,</span> <span class='ocrx_word' id='word_1_375' title='bbox 2374 2440 2487 2501; x_wconf 87' lang='grc' dir='ltr'>τοῖς</span> <span class='ocrx_word' id='word_1_376' title='bbox 2539 2439 2638 2508; x_wconf 83' lang='grc' dir='ltr'><strong>τῆς</strong></span> <span class='ocrx_word' id='word_1_377' title='bbox 2686 2438 2923 2502; x_wconf 87' lang='grc' dir='ltr'>διανοίας</span> <span class='ocrx_word' id='word_1_378' title='bbox 2961 2437 3261 2509; x_wconf 81' lang='grc' dir='ltr'>ὀφθαλμοῖς</span> <span class='ocrx_word' id='word_1_379' title='bbox 3310 2440 3506 2511; x_wconf 85' lang='grc' dir='ltr'>ἀχλύος</span> <span class='ocrx_word' id='word_1_380' title='bbox 3531 2440 3683 2509; x_wconf 88' lang='grc' dir='ltr'>δίκην</span> 
     </span>
    </p>
   </div>
   <div class='ocr_carea' id='block_1_54' title="bbox 2103 2527 3676 2601">
    <p class='ocr_par' dir='ltr' id='par_1_54' title="bbox 2103 2527 3676 2601">
     <span class='ocr_line' id='line_1_54' title="bbox 2103 2527 3676 2601; baseline -0.001 -20"><span class='ocrx_word' id='word_1_381' title='bbox 2103 2527 2501 2598; x_wconf 85' lang='grc' dir='ltr'>ἐμπίπτουσαν.</span> <span class='ocrx_word' id='word_1_382' title='bbox 2528 2527 2716 2599; x_wconf 73' lang='grc' dir='ltr'>Ταύτῃ</span> <span class='ocrx_word' id='word_1_383' title='bbox 2744 2528 2830 2581; x_wconf 84' lang='grc' dir='ltr'><strong>τοί</strong></span> <span class='ocrx_word' id='word_1_384' title='bbox 2868 2544 3047 2598; x_wconf 86' lang='grc' dir='ltr'>φαμεν</span> <span class='ocrx_word' id='word_1_385' title='bbox 3093 2527 3419 2601; x_wconf 77' lang='grc' dir='ltr'>ζητημάτων</span> <span class='ocrx_word' id='word_1_386' title='bbox 3464 2527 3676 2597; x_wconf 80' lang='grc' dir='ltr'>ίσχνῶν,</span> 
     </span>
    </p>
   </div>
   <div class='ocr_carea' id='block_1_55' title="bbox 2104 2618 3679 2689">
    <p class='ocr_par' dir='ltr' id='par_1_55' title="bbox 2104 2618 3679 2689">
     <span class='ocr_line' id='line_1_55' title="bbox 2104 2618 3679 2689; baseline 0.002 -19"><span class='ocrx_word' id='word_1_387' title='bbox 2104 2619 2199 2671; x_wconf 73' lang='grc' dir='ltr'>καὶ</span> <span class='ocrx_word' id='word_1_388' title='bbox 2227 2618 2548 2689; x_wconf 86' lang='grc' dir='ltr'>περιεργίας</span> <span class='ocrx_word' id='word_1_389' title='bbox 2575 2620 2674 2689; x_wconf 82' lang='grc' dir='ltr'>τῆς</span> <span class='ocrx_word' id='word_1_390' title='bbox 2709 2618 2967 2673; x_wconf 79' lang='grc' dir='ltr'>ἐπέκεινα</span> <span class='ocrx_word' id='word_1_391' title='bbox 3000 2620 3115 2683; x_wconf 90' lang='grc' dir='ltr'>νοῦ,</span> <span class='ocrx_word' id='word_1_392' title='bbox 3150 2621 3428 2689; x_wconf 86' lang='grc' dir='ltr'>δεδεῆσθαι</span> <span class='ocrx_word' id='word_1_393' title='bbox 3461 2619 3559 2689; x_wconf 85' lang='grc' dir='ltr'>μὲν</span> <span class='ocrx_word' id='word_1_394' title='bbox 3589 2621 3679 2672; x_wconf 84' lang='grc' dir='ltr'>ού-</span> 
     </span>
    </p>
   </div>
   <div class='ocr_carea' id='block_1_56' title="bbox 2103 2709 3680 2783">
    <p class='ocr_par' dir='ltr' id='par_1_56' title="bbox 2103 2709 3680 2783">
     <span class='ocr_line' id='line_1_56' title="bbox 2103 2709 3680 2783; baseline 0.001 -20"><span class='ocrx_word' id='word_1_395' title='bbox 2103 2709 2289 2781; x_wconf 81' lang='grc' dir='ltr'>δαμῶς</span> <span class='ocrx_word' id='word_1_396' title='bbox 2329 2710 2391 2762; x_wconf 83' lang='grc' dir='ltr'><strong>τὸ</strong></span> <span class='ocrx_word' id='word_1_397' title='bbox 2424 2710 2660 2780; x_wconf 81' lang='grc' dir='ltr'>Χριστοῦ</span> <span class='ocrx_word' id='word_1_398' title='bbox 2705 2713 3028 2783; x_wconf 83' lang='grc' dir='ltr'>μυστήριον·</span> <span class='ocrx_word' id='word_1_399' title='bbox 3091 2712 3323 2773; x_wconf 78' lang='grc' dir='ltr'>πίστεως</span> <span class='ocrx_word' id='word_1_400' title='bbox 3372 2709 3427 2762; x_wconf 82' lang='grc' dir='ltr'>δὲ</span> <span class='ocrx_word' id='word_1_401' title='bbox 3478 2712 3680 2778; x_wconf 78' lang='grc' dir='ltr'>μᾶλλον</span> 
     </span>
    </p>
   </div>
   <div class='ocr_carea' id='block_1_57' title="bbox 2107 2796 3683 2871">
    <p class='ocr_par' dir='ltr' id='par_1_57' title="bbox 2107 2796 3683 2871">
     <span class='ocr_line' id='line_1_57' title="bbox 2107 2796 3683 2871; baseline 0.001 -19"><span class='ocrx_word' id='word_1_402' title='bbox 2107 2799 2285 2870; x_wconf 82' lang='grc' dir='ltr'>ἁπλῆν</span> <span class='ocrx_word' id='word_1_403' title='bbox 2304 2796 2409 2852; x_wconf 75' lang='grc' dir='ltr'>’καὶ</span> <span class='ocrx_word' id='word_1_404' title='bbox 2433 2799 2776 2871; x_wconf 84' lang='grc' dir='ltr'>ἀκακοῦργον</span> <span class='ocrx_word' id='word_1_405' title='bbox 2808 2800 3033 2868; x_wconf 88' lang='grc' dir='ltr'>ἐχούσης</span> <span class='ocrx_word' id='word_1_406' title='bbox 3057 2797 3156 2869; x_wconf 84' lang='grc' dir='ltr'>τὴν</span> <span class='ocrx_word' id='word_1_407' title='bbox 3188 2799 3505 2871; x_wconf 91' lang='grc' dir='ltr'>παράδοσιν.</span> <span class='ocrx_word' id='word_1_408' title='bbox 3525 2800 3683 2853; x_wconf 76' lang='grc' dir='ltr'>Οὕτω</span> 
     </span>
    </p>
   </div>
   <div class='ocr_carea' id='block_1_58' title="bbox 2107 2886 3684 2962">
    <p class='ocr_par' dir='ltr' id='par_1_58' title="bbox 2107 2886 3684 2962">
     <span class='ocr_line' id='line_1_58' title="bbox 2107 2886 3684 2962; baseline 0 -20"><span class='ocrx_word' id='word_1_409' title='bbox 2107 2891 2201 2943; x_wconf 76' lang='grc' dir='ltr'>καὶ</span> <span class='ocrx_word' id='word_1_410' title='bbox 2232 2891 2398 2962; x_wconf 76' lang='grc' dir='ltr'>ἡμεῖς</span> <span class='ocrx_word' id='word_1_411' title='bbox 2427 2890 2581 2942; x_wconf 77' lang='grc' dir='ltr'>αὐτοὶ</span> <span class='ocrx_word' id='word_1_412' title='bbox 2611 2890 2825 2959; x_wconf 82' lang='grc' dir='ltr'>φρονεῖν</span> <span class='ocrx_word' id='word_1_413' title='bbox 2851 2886 3225 2957; x_wconf 81' lang='grc' dir='ltr'>δεδιδάγμεθα,</span> <span class='ocrx_word' id='word_1_414' title='bbox 3260 2887 3355 2940; x_wconf 64' lang='grc' dir='ltr'><strong>καὶ⁵</strong></span> <span class='ocrx_word' id='word_1_415' title='bbox 3389 2889 3684 2942; x_wconf 82' lang='grc' dir='ltr'>πεπιστεύ-</span> 
     </span>
    </p>
   </div>
   <div class='ocr_carea' id='block_1_59' title="bbox 2107 2977 3683 3050">
    <p class='ocr_par' dir='ltr' id='par_1_59' title="bbox 2107 2977 3683 3050">
     <span class='ocr_line' id='line_1_59' title="bbox 2107 2977 3683 3050; baseline 0.001 -17"><span class='ocrx_word' id='word_1_416' title='bbox 2107 2997 2284 3050; x_wconf 85' lang='grc' dir='ltr'>καμεν</span> <span class='ocrx_word' id='word_1_417' title='bbox 2323 2982 2404 3034; x_wconf 83' lang='grc' dir='ltr'>ὅτι</span> <span class='ocrx_word' id='word_1_418' title='bbox 2444 2978 2576 3032; x_wconf 92' lang='grc' dir='ltr'>Θεὸν</span> <span class='ocrx_word' id='word_1_419' title='bbox 2601 2977 2728 3031; x_wconf 63' lang='grc' dir='ltr'>ὄντα</span> <span class='ocrx_word' id='word_1_420' title='bbox 2757 2977 2897 3031; x_wconf 85' lang='grc' dir='ltr'>κοιτά</span> <span class='ocrx_word' id='word_1_421' title='bbox 2923 2977 3084 3046; x_wconf 86' lang='grc' dir='ltr'>φύσιν</span> <span class='ocrx_word' id='word_1_422' title='bbox 3111 2977 3204 3030; x_wconf 87' lang='grc' dir='ltr'><strong>τὸν</strong></span> <span class='ocrx_word' id='word_1_423' title='bbox 3232 2978 3363 3031; x_wconf 83' lang='grc' dir='ltr'>ῖδιον</span> <span class='ocrx_word' id='word_1_424' title='bbox 3390 2979 3538 3043; x_wconf 82' lang='grc' dir='ltr'>Υίὸν,</span> <span class='ocrx_word' id='word_1_425' title='bbox 3574 2980 3683 3034; x_wconf 88' lang='grc' dir='ltr'>ἀπ-</span> 
     </span>
    </p>
   </div>
   <div class='ocr_carea' id='block_1_60' title="bbox 436 3064 2007 3142">
    <p class='ocr_par' dir='ltr' id='par_1_60' title="bbox 436 3070 2007 3139">
     <span class='ocr_line' id='line_1_60' title="bbox 436 3070 2007 3139; baseline 0.001 -11"><span class='ocrx_word' id='word_1_426' title='bbox 436 3072 565 3128; x_wconf 87' lang='lat' dir='ltr'><strong>dum</strong></span> <span class='ocrx_word' id='word_1_427' title='bbox 612 3082 889 3137; x_wconf 89' lang='lat' dir='ltr'><strong>naturam,</strong></span> <span class='ocrx_word' id='word_1_428' title='bbox 920 3070 1086 3126; x_wconf 77' lang='lat' dir='ltr'><strong>fuisse</strong></span> <span class='ocrx_word' id='word_1_429' title='bbox 1129 3072 1353 3126; x_wconf 90' lang='lat' dir='ltr'><strong>missum</strong></span> <span class='ocrx_word' id='word_1_430' title='bbox 1397 3071 1673 3127; x_wconf 85' lang='lat' dir='ltr'><strong>hominem</strong></span> <span class='ocrx_word' id='word_1_431' title='bbox 1703 3073 1925 3139; x_wconf 81' lang='lat' dir='ltr'><strong>factum,</strong></span> <span class='ocrx_word' id='word_1_432' title='bbox 1952 3084 2007 3130; x_wconf 84' lang='lat' dir='ltr'><strong>et</strong></span> 
     </span>
    </p>
   </div>
   <div class='ocr_carea' id='block_1_61' title="bbox 2111 3064 3685 3142">
    <p class='ocr_par' dir='ltr' id='par_1_61' title="bbox 2111 3069 3685 3142">
     <span class='ocr_line' id='line_1_61' title="bbox 2111 3069 3685 3142; baseline -0.003 -16"><span class='ocrx_word' id='word_1_433' title='bbox 2111 3072 2347 3126; x_wconf 69' lang='grc' dir='ltr'>ἔστειλεν</span> <span class='ocrx_word' id='word_1_434' title='bbox 2389 3073 2418 3125; x_wconf 90' lang='lat'><strong>6</strong></span> <span class='ocrx_word' id='word_1_435' title='bbox 2461 3071 2591 3135; x_wconf 82' lang='grc' dir='ltr'>Θεὸς</span> <span class='ocrx_word' id='word_1_436' title='bbox 2625 3071 2717 3125; x_wconf 76' lang='grc' dir='ltr'>καὶ</span> <span class='ocrx_word' id='word_1_437' title='bbox 2744 3071 2936 3142; x_wconf 86' lang='grc' dir='ltr'>Πατὴρ</span> <span class='ocrx_word' id='word_1_438' title='bbox 2963 3069 3249 3141; x_wconf 76' lang='grc' dir='ltr'>ἄνθρωπον</span> <span class='ocrx_word' id='word_1_439' title='bbox 3278 3070 3557 3139; x_wconf 84' lang='grc' dir='ltr'>γεγονότα,</span> <span class='ocrx_word' id='word_1_440' title='bbox 3590 3071 3685 3124; x_wconf 67' lang='grc' dir='ltr'><strong>καὶ</strong></span> 
     </span>
    </p>
   </div>
   <div class='ocr_carea' id='block_1_62' title="bbox 438 3161 2005 3233">
    <p class='ocr_par' dir='ltr' id='par_1_62' title="bbox 438 3161 2005 3233">
     <span class='ocr_line' id='line_1_62' title="bbox 438 3161 2005 3233; baseline 0.002 -15"><span class='ocrx_word' id='word_1_441' title='bbox 438 3179 504 3218; x_wconf 77' lang='lat' dir='ltr'><strong>ex</strong></span> <span class='ocrx_word' id='word_1_442' title='bbox 538 3162 765 3217; x_wconf 86' lang='lat' dir='ltr'><strong>muliere</strong></span> <span class='ocrx_word' id='word_1_443' title='bbox 805 3161 1101 3218; x_wconf 87' lang='lat' dir='ltr'><strong>secundum</strong></span> <span class='ocrx_word' id='word_1_444' title='bbox 1142 3175 1363 3216; x_wconf 87' lang='lat' dir='ltr'><strong>carnem</strong></span> <span class='ocrx_word' id='word_1_445' title='bbox 1390 3163 1633 3233; x_wconf 88' lang='lat' dir='ltr'><strong>genitum</strong></span> <span class='ocrx_word' id='word_1_446' title='bbox 1658 3164 1727 3229; x_wconf 84' lang='lat'><strong>&quot;,</strong></span> <span class='ocrx_word' id='word_1_447' title='bbox 1762 3162 1822 3220; x_wconf 81' lang='lat' dir='ltr'><strong>ut</strong></span> <span class='ocrx_word' id='word_1_448' title='bbox 1862 3166 1913 3219; x_wconf 93' lang='lat' dir='ltr'><strong>in</strong></span> <span class='ocrx_word' id='word_1_449' title='bbox 1945 3181 2005 3221; x_wconf 91' lang='lat' dir='ltr'><strong>se</strong></span> 
     </span>
    </p>
   </div>
   <div class='ocr_carea' id='block_1_63' title="bbox 437 3252 2007 3324">
    <p class='ocr_par' dir='ltr' id='par_1_63' title="bbox 437 3252 2007 3324">
     <span class='ocr_line' id='line_1_63' title="bbox 437 3252 2007 3324; baseline 0.001 -14"><span class='ocrx_word' id='word_1_450' title='bbox 437 3255 721 3310; x_wconf 78' lang='lat' dir='ltr'><strong>credentes</strong></span> <span class='ocrx_word' id='word_1_451' title='bbox 749 3253 1032 3321; x_wconf 68' lang='lat' dir='ltr'><strong>justiﬁeet,</strong></span> <span class='ocrx_word' id='word_1_452' title='bbox 1062 3260 1121 3307; x_wconf 89' lang='lat' dir='ltr'><strong>et</strong></span> <span class='ocrx_word' id='word_1_453' title='bbox 1161 3266 1261 3307; x_wconf 91' lang='lat' dir='ltr'><strong>suo</strong></span> <span class='ocrx_word' id='word_1_454' title='bbox 1288 3252 1525 3324; x_wconf 90' lang='lat' dir='ltr'><strong>benigno</strong></span> <span class='ocrx_word' id='word_1_455' title='bbox 1556 3252 2007 3313; x_wconf 82' lang='lat' dir='ltr'><strong>clementissimo-</strong></span> 
     </span>
    </p>
   </div>
   <div class='ocr_carea' id='block_1_64' title="bbox 441 3344 2005 3416">
    <p class='ocr_par' dir='ltr' id='par_1_64' title="bbox 441 3344 2005 3416">
     <span class='ocr_line' id='line_1_64' title="bbox 441 3344 2005 3416; baseline 0.001 -16"><span class='ocrx_word' id='word_1_456' title='bbox 441 3360 546 3416; x_wconf 80' lang='lat' dir='ltr'><strong>que</strong></span> <span class='ocrx_word' id='word_1_457' title='bbox 580 3354 711 3399; x_wconf 89' lang='lat' dir='ltr'><strong>nutu</strong></span> <span class='ocrx_word' id='word_1_458' title='bbox 745 3359 779 3399; x_wconf 87' lang='lat' dir='ltr'><strong>a</strong></span> <span class='ocrx_word' id='word_1_459' title='bbox 812 3344 1052 3414; x_wconf 84' lang='lat' dir='ltr'><strong>peccatis</strong></span> <span class='ocrx_word' id='word_1_460' title='bbox 1095 3344 1149 3398; x_wconf 94' lang='lat' dir='ltr'><strong>in</strong></span> <span class='ocrx_word' id='word_1_461' title='bbox 1182 3344 1488 3415; x_wconf 84' lang='lat' dir='ltr'><strong>ignorantia</strong></span> <span class='ocrx_word' id='word_1_462' title='bbox 1524 3345 1775 3402; x_wconf 90' lang='lat' dir='ltr'><strong>admissis</strong></span> <span class='ocrx_word' id='word_1_463' title='bbox 1810 3346 2005 3403; x_wconf 88' lang='lat' dir='ltr'><strong>libera-</strong></span> 
     </span>
    </p>
   </div>
   <div class='ocr_carea' id='block_1_65' title="bbox 444 3433 2008 3506">
    <p class='ocr_par' dir='ltr' id='par_1_65' title="bbox 444 3433 2008 3506">
     <span class='ocr_line' id='line_1_65' title="bbox 444 3433 2008 3506; baseline -0.001 -14"><span class='ocrx_word' id='word_1_464' title='bbox 444 3450 546 3503; x_wconf 87' lang='lat' dir='ltr'><strong>tos,</strong></span> <span class='ocrx_word' id='word_1_465' title='bbox 577 3450 742 3506; x_wconf 84' lang='lat' dir='ltr'><strong>puros</strong></span> <span class='ocrx_word' id='word_1_466' title='bbox 768 3443 823 3490; x_wconf 89' lang='lat' dir='ltr'><strong>et</strong></span> <span class='ocrx_word' id='word_1_467' title='bbox 862 3433 1241 3491; x_wconf 86' lang='lat' dir='ltr'><strong>immaculatos</strong></span> <span class='ocrx_word' id='word_1_468' title='bbox 1288 3450 1383 3505; x_wconf 88' lang='lat' dir='ltr'><strong>per</strong></span> <span class='ocrx_word' id='word_1_469' title='bbox 1418 3451 1479 3491; x_wconf 88' lang='lat' dir='ltr'><strong>se</strong></span> <span class='ocrx_word' id='word_1_470' title='bbox 1512 3434 1625 3492; x_wconf 87' lang='lat' dir='ltr'><strong>Deo</strong></span> <span class='ocrx_word' id='word_1_471' title='bbox 1654 3446 1710 3492; x_wconf 91' lang='lat' dir='ltr'><strong>et</strong></span> <span class='ocrx_word' id='word_1_472' title='bbox 1744 3437 1895 3492; x_wconf 80' lang='lat' dir='ltr'><strong>Patri</strong></span> <span class='ocrx_word' id='word_1_473' title='bbox 1925 3437 2008 3493; x_wconf 79' lang='lat' dir='ltr'><strong>ol-</strong></span> 
     </span>
    </p>
   </div>
   <div class='ocr_carea' id='block_1_66' title="bbox 444 3526 2005 3597">
    <p class='ocr_par' dir='ltr' id='par_1_66' title="bbox 444 3526 2005 3597">
     <span class='ocr_line' id='line_1_66' title="bbox 444 3526 2005 3597; baseline -0.001 -14"><span class='ocrx_word' id='word_1_474' title='bbox 444 3532 600 3592; x_wconf 83' lang='lat' dir='ltr'><strong>lerat,</strong></span> <span class='ocrx_word' id='word_1_475' title='bbox 621 3536 677 3583; x_wconf 90' lang='lat' dir='ltr'><strong>et</strong></span> <span class='ocrx_word' id='word_1_476' title='bbox 701 3540 795 3582; x_wconf 82' lang='lat' dir='ltr'><strong>eos</strong></span> <span class='ocrx_word' id='word_1_477' title='bbox 818 3526 1015 3580; x_wconf 74' lang='lat' dir='ltr'><strong>divina:</strong></span> <span class='ocrx_word' id='word_1_478' title='bbox 1038 3541 1151 3581; x_wconf 69' lang='lat' dir='ltr'><strong>suae</strong></span> <span class='ocrx_word' id='word_1_479' title='bbox 1174 3534 1383 3587; x_wconf 68' lang='lat' dir='ltr'><strong>natura:</strong></span> <span class='ocrx_word' id='word_1_480' title='bbox 1408 3527 1706 3597; x_wconf 76' lang='lat' dir='ltr'><strong>participes</strong></span> <span class='ocrx_word' id='word_1_481' title='bbox 1724 3526 2005 3594; x_wconf 80' lang='lat' dir='ltr'><strong>elliciat&quot;,</strong></span> 
     </span>
    </p>
   </div>
   <div class='ocr_carea' id='block_1_67' title="bbox 441 3616 2011 3688">
    <p class='ocr_par' dir='ltr' id='par_1_67' title="bbox 441 3616 2011 3688">
     <span class='ocr_line' id='line_1_67' title="bbox 441 3616 2011 3688; baseline 0.002 -17"><span class='ocrx_word' id='word_1_482' title='bbox 441 3618 535 3688; x_wconf 86' lang='lat' dir='ltr'><strong>qui</strong></span> <span class='ocrx_word' id='word_1_483' title='bbox 561 3617 722 3673; x_wconf 84' lang='lat' dir='ltr'><strong>morti</strong></span> <span class='ocrx_word' id='word_1_484' title='bbox 757 3626 924 3686; x_wconf 85' lang='lat' dir='ltr'><strong>atque</strong></span> <span class='ocrx_word' id='word_1_485' title='bbox 963 3616 1303 3687; x_wconf 86' lang='lat' dir='ltr'><strong>corruptioni</strong></span> <span class='ocrx_word' id='word_1_486' title='bbox 1328 3630 1488 3673; x_wconf 85' lang='lat' dir='ltr'><strong>erant</strong></span> <span class='ocrx_word' id='word_1_487' title='bbox 1509 3619 1730 3674; x_wconf 77' lang='lat' dir='ltr'><strong>obnoxii</strong></span> <span class='ocrx_word' id='word_1_488' title='bbox 1750 3619 1840 3687; x_wconf 60' lang='grc' dir='ltr'>τις</span> <span class='ocrx_word' id='word_1_489' title='bbox 1871 3629 1926 3675; x_wconf 91' lang='lat' dir='ltr'><strong>et</strong></span> <span class='ocrx_word' id='word_1_490' title='bbox 1953 3629 2011 3674; x_wconf 92' lang='lat' dir='ltr'><strong>ut</strong></span> 
     </span>
    </p>
   </div>
   <div class='ocr_carea' id='block_1_68' title="bbox 444 3705 2007 3775">
    <p class='ocr_par' dir='ltr' id='par_1_68' title="bbox 444 3705 2007 3775">
     <span class='ocr_line' id='line_1_68' title="bbox 444 3705 2007 3775; baseline 0.001 -15"><span class='ocrx_word' id='word_1_491' title='bbox 444 3709 765 3775; x_wconf 67' lang='lat' dir='ltr'><strong>praedicaret</strong></span> <span class='ocrx_word' id='word_1_492' title='bbox 791 3706 951 3761; x_wconf 77' lang='lat' dir='ltr'><strong>ctecis</strong></span> <span class='ocrx_word' id='word_1_493' title='bbox 980 3705 1156 3761; x_wconf 66' lang='lat' dir='ltr'><strong>Nisum</strong></span> <span class='ocrx_word' id='word_1_494' title='bbox 1181 3707 1249 3771; x_wconf 83' lang='lat'><strong>&quot;,</strong></span> <span class='ocrx_word' id='word_1_495' title='bbox 1299 3716 1352 3761; x_wconf 91' lang='lat' dir='ltr'><strong>et</strong></span> <span class='ocrx_word' id='word_1_496' title='bbox 1382 3707 1682 3762; x_wconf 86' lang='lat' dir='ltr'><strong>errantium</strong></span> <span class='ocrx_word' id='word_1_497' title='bbox 1732 3709 2007 3762; x_wconf 86' lang='lat' dir='ltr'><strong>hominum</strong></span> 
     </span>
    </p>
   </div>
   <div class='ocr_carea' id='block_1_69' title="bbox 442 3795 2015 3872">
    <p class='ocr_par' dir='ltr' id='par_1_69' title="bbox 442 3795 2015 3872">
     <span class='ocr_line' id='line_1_69' title="bbox 442 3795 2015 3872; baseline -0.001 -16"><span class='ocrx_word' id='word_1_498' title='bbox 442 3814 632 3872; x_wconf 78' lang='lat' dir='ltr'><strong>greges</strong></span> <span class='ocrx_word' id='word_1_499' title='bbox 660 3798 726 3853; x_wconf 89' lang='lat' dir='ltr'><strong>ad</strong></span> <span class='ocrx_word' id='word_1_500' title='bbox 756 3796 929 3852; x_wconf 88' lang='lat' dir='ltr'><strong>lucem</strong></span> <span class='ocrx_word' id='word_1_501' title='bbox 956 3810 1097 3851; x_wconf 72' lang='lat' dir='ltr'><strong>vera:</strong></span> <span class='ocrx_word' id='word_1_502' title='bbox 1120 3795 1216 3852; x_wconf 90' lang='lat' dir='ltr'><strong>Dei</strong></span> <span class='ocrx_word' id='word_1_503' title='bbox 1241 3796 1565 3866; x_wconf 80' lang='lat' dir='ltr'><strong>cognitionis</strong></span> <span class='ocrx_word' id='word_1_504' title='bbox 1594 3798 1918 3864; x_wconf 84' lang='lat' dir='ltr'><strong>traduceret,</strong></span> <span class='ocrx_word' id='word_1_505' title='bbox 1946 3812 2015 3853; x_wconf 82' lang='lat' dir='ltr'><strong>ac‘</strong></span> 
     </span>
    </p>
   </div>
   <div class='ocr_carea' id='block_1_70' title="bbox 444 3886 2009 3959">
    <p class='ocr_par' dir='ltr' id='par_1_70' title="bbox 444 3886 2009 3959">
     <span class='ocr_line' id='line_1_70' title="bbox 444 3886 2009 3959; baseline -0.002 -13"><span class='ocrx_word' id='word_1_506' title='bbox 444 3894 662 3946; x_wconf 87' lang='lat' dir='ltr'><strong>doceret</strong></span> <span class='ocrx_word' id='word_1_507' title='bbox 690 3887 814 3959; x_wconf 92' lang='lat' dir='ltr'><strong>quis</strong></span> <span class='ocrx_word' id='word_1_508' title='bbox 841 3895 1035 3941; x_wconf 88' lang='lat' dir='ltr'><strong>natura</strong></span> <span class='ocrx_word' id='word_1_509' title='bbox 1058 3900 1295 3956; x_wconf 84' lang='lat' dir='ltr'><strong>vereque</strong></span> <span class='ocrx_word' id='word_1_510' title='bbox 1325 3886 1465 3941; x_wconf 89' lang='lat' dir='ltr'><strong>Deus</strong></span> <span class='ocrx_word' id='word_1_511' title='bbox 1490 3895 1653 3953; x_wconf 88' lang='lat' dir='ltr'><strong>esset,</strong></span> <span class='ocrx_word' id='word_1_512' title='bbox 1688 3895 1740 3942; x_wconf 88' lang='lat' dir='ltr'><strong>et</strong></span> <span class='ocrx_word' id='word_1_513' title='bbox 1767 3889 2009 3943; x_wconf 91' lang='lat' dir='ltr'><strong>omnium</strong></span> 
     </span>
    </p>
   </div>
   <div class='ocr_carea' id='block_1_71' title="bbox 445 3976 2009 4048">
    <p class='ocr_par' dir='ltr' id='par_1_71' title="bbox 445 3976 2009 4048">
     <span class='ocr_line' id='line_1_71' title="bbox 445 3976 2009 4048; baseline -0.003 -12"><span class='ocrx_word' id='word_1_514' title='bbox 445 3996 624 4037; x_wconf 88' lang='lat' dir='ltr'><strong>rerum</strong></span> <span class='ocrx_word' id='word_1_515' title='bbox 648 3977 829 4048; x_wconf 77' lang='lat' dir='ltr'><strong>opifex</strong></span> <span class='ocrx_word' id='word_1_516' title='bbox 858 3994 873 4031; x_wconf 90' lang='lat'><strong>:</strong></span> <span class='ocrx_word' id='word_1_517' title='bbox 900 3976 1075 4031; x_wconf 80' lang='lat' dir='ltr'><strong>factus</strong></span> <span class='ocrx_word' id='word_1_518' title='bbox 1102 3984 1187 4031; x_wconf 87' lang='lat' dir='ltr'><strong>est</strong></span> <span class='ocrx_word' id='word_1_519' title='bbox 1214 3976 1361 4031; x_wconf 87' lang='lat' dir='ltr'><strong>enim</strong></span> <span class='ocrx_word' id='word_1_520' title='bbox 1390 3976 1527 4030; x_wconf 88' lang='lat' dir='ltr'><strong>odor</strong></span> <span class='ocrx_word' id='word_1_521' title='bbox 1561 3977 1886 4048; x_wconf 85' lang='lat' dir='ltr'><strong>cognitionis</strong></span> <span class='ocrx_word' id='word_1_522' title='bbox 1909 3976 2009 4032; x_wconf 79' lang='lat' dir='ltr'><strong>Dei</strong></span> 
     </span>
    </p>
   </div>
   <div class='ocr_carea' id='block_1_72' title="bbox 410 4067 2011 4139">
    <p class='ocr_par' dir='ltr' id='par_1_72' title="bbox 410 4067 2011 4139">
     <span class='ocr_line' id='line_1_72' title="bbox 410 4067 2011 4139; baseline -0.005 -8"><span class='ocrx_word' id='word_1_523' title='bbox 410 4120 423 4131; x_wconf 83' lang='grc'><strong><em>,</em></strong></span> <span class='ocrx_word' id='word_1_524' title='bbox 444 4088 509 4128; x_wconf 84' lang='lat' dir='ltr'><strong>ae</strong></span> <span class='ocrx_word' id='word_1_525' title='bbox 536 4071 736 4135; x_wconf 84' lang='lat' dir='ltr'><strong>Patris,</strong></span> <span class='ocrx_word' id='word_1_526' title='bbox 757 4078 814 4125; x_wconf 90' lang='lat' dir='ltr'><strong>et</strong></span> <span class='ocrx_word' id='word_1_527' title='bbox 854 4068 908 4123; x_wconf 89' lang='lat' dir='ltr'><strong>in</strong></span> <span class='ocrx_word' id='word_1_528' title='bbox 951 4067 1066 4138; x_wconf 88' lang='lat' dir='ltr'><strong>ipso</strong></span> <span class='ocrx_word' id='word_1_529' title='bbox 1099 4067 1481 4136; x_wconf 73' lang='lat' dir='ltr'><strong>conspeximus</strong></span> <span class='ocrx_word' id='word_1_530' title='bbox 1507 4067 1653 4122; x_wconf 87' lang='lat' dir='ltr'><strong>illum</strong></span> <span class='ocrx_word' id='word_1_531' title='bbox 1684 4083 1752 4124; x_wconf 80' lang='lat' dir='ltr'><strong>ex</strong></span> <span class='ocrx_word' id='word_1_532' title='bbox 1781 4084 1888 4139; x_wconf 91' lang='lat' dir='ltr'><strong>quo</strong></span> <span class='ocrx_word' id='word_1_533' title='bbox 1919 4084 2011 4124; x_wconf 85' lang='lat' dir='ltr'><strong>se-</strong></span> 
     </span>
    </p>
   </div>
   <div class='ocr_carea' id='block_1_73' title="bbox 443 4153 2010 4225">
    <p class='ocr_par' dir='ltr' id='par_1_73' title="bbox 443 4153 2010 4225">
     <span class='ocr_line' id='line_1_73' title="bbox 443 4153 2010 4225; baseline -0.004 -10"><span class='ocrx_word' id='word_1_534' title='bbox 443 4160 679 4216; x_wconf 85' lang='lat' dir='ltr'><strong>cundum</strong></span> <span class='ocrx_word' id='word_1_535' title='bbox 714 4167 965 4212; x_wconf 88' lang='lat' dir='ltr'><strong>naturam</strong></span> <span class='ocrx_word' id='word_1_536' title='bbox 993 4163 1079 4211; x_wconf 83' lang='lat' dir='ltr'><strong>est</strong></span> <span class='ocrx_word' id='word_1_537' title='bbox 1117 4154 1352 4225; x_wconf 86' lang='lat' dir='ltr'><strong>genitus,</strong></span> <span class='ocrx_word' id='word_1_538' title='bbox 1385 4164 1443 4209; x_wconf 82' lang='lat' dir='ltr'><strong>et</strong></span> <span class='ocrx_word' id='word_1_539' title='bbox 1485 4153 1775 4209; x_wconf 76' lang='lat' dir='ltr'><strong>manifeste</strong></span> <span class='ocrx_word' id='word_1_540' title='bbox 1800 4168 2010 4225; x_wconf 82' lang='lat' dir='ltr'><strong>cogno-</strong></span> 
     </span>
    </p>
   </div>
   <div class='ocr_carea' id='block_1_74' title="bbox 444 4242 2010 4315">
    <p class='ocr_par' dir='ltr' id='par_1_74' title="bbox 444 4242 2010 4315">
     <span class='ocr_line' id='line_1_74' title="bbox 444 4242 2010 4315; baseline -0.006 -10"><span class='ocrx_word' id='word_1_541' title='bbox 444 4252 619 4307; x_wconf 79' lang='lat' dir='ltr'><strong>vimus</strong></span> <span class='ocrx_word' id='word_1_542' title='bbox 645 4248 787 4301; x_wconf 75' lang='lat' dir='ltr'><strong>viam</strong></span> <span class='ocrx_word' id='word_1_543' title='bbox 822 4259 943 4315; x_wconf 68' lang='lat' dir='ltr'><strong>quae</strong></span> <span class='ocrx_word' id='word_1_544' title='bbox 969 4258 1067 4299; x_wconf 85' lang='lat' dir='ltr'><strong>nos</strong></span> <span class='ocrx_word' id='word_1_545' title='bbox 1101 4247 1484 4311; x_wconf 49' lang='lat' dir='ltr'><strong>adaternam.</strong></span> <span class='ocrx_word' id='word_1_546' title='bbox 1507 4243 1671 4297; x_wconf 82' lang='lat' dir='ltr'><strong>vitam</strong></span> <span class='ocrx_word' id='word_1_547' title='bbox 1702 4242 1899 4298; x_wconf 79' lang='lat' dir='ltr'><strong>defert.</strong></span> <span class='ocrx_word' id='word_1_548' title='bbox 1935 4242 2010 4296; x_wconf 86' lang='lat' dir='ltr'><strong>Ita</strong></span> 
     </span>
    </p>
   </div>
   <div class='ocr_carea' id='block_1_75' title="bbox 444 4332 2011 4408">
    <p class='ocr_par' dir='ltr' id='par_1_75' title="bbox 444 4332 2011 4408">
     <span class='ocr_line' id='line_1_75' title="bbox 444 4332 2011 4408; baseline -0.003 -14"><span class='ocrx_word' id='word_1_549' title='bbox 444 4341 609 4396; x_wconf 88' lang='lat' dir='ltr'><strong>etiam</strong></span> <span class='ocrx_word' id='word_1_550' title='bbox 642 4337 759 4392; x_wconf 74' lang='lat' dir='ltr'><strong>fore</strong></span> <span class='ocrx_word' id='word_1_551' title='bbox 793 4345 853 4391; x_wconf 92' lang='lat' dir='ltr'><strong>ut</strong></span> <span class='ocrx_word' id='word_1_552' title='bbox 886 4335 1124 4408; x_wconf 87' lang='lat' dir='ltr'><strong>genitum</strong></span> <span class='ocrx_word' id='word_1_553' title='bbox 1166 4336 1419 4406; x_wconf 79' lang='lat' dir='ltr'><strong>gregibus</strong></span> <span class='ocrx_word' id='word_1_554' title='bbox 1462 4334 1578 4402; x_wconf 89' lang='lat' dir='ltr'><strong>ipse</strong></span> <span class='ocrx_word' id='word_1_555' title='bbox 1615 4332 1792 4390; x_wconf 78' lang='lat' dir='ltr'><strong>Filius</strong></span> <span class='ocrx_word' id='word_1_556' title='bbox 1823 4334 2011 4389; x_wconf 88' lang='lat' dir='ltr'><strong>illuce-</strong></span> 
     </span>
    </p>
   </div>
   <div class='ocr_carea' id='block_1_76' title="bbox 448 4425 2013 4496">
    <p class='ocr_par' dir='ltr' id='par_1_76' title="bbox 448 4425 2013 4496">
     <span class='ocr_line' id='line_1_76' title="bbox 448 4425 2013 4496; baseline -0.002 -14"><span class='ocrx_word' id='word_1_557' title='bbox 448 4437 562 4490; x_wconf 86' lang='lat' dir='ltr'><strong>ret,</strong></span> <span class='ocrx_word' id='word_1_558' title='bbox 602 4428 797 4481; x_wconf 88' lang='lat' dir='ltr'><strong>beatus</strong></span> <span class='ocrx_word' id='word_1_559' title='bbox 846 4426 1107 4496; x_wconf 81' lang='lat' dir='ltr'><strong>propheta</strong></span> <span class='ocrx_word' id='word_1_560' title='bbox 1163 4425 1331 4480; x_wconf 84' lang='lat' dir='ltr'><strong>Isaias</strong></span> <span class='ocrx_word' id='word_1_561' title='bbox 1378 4425 1536 4494; x_wconf 89' lang='lat' dir='ltr'><strong>longe</strong></span> <span class='ocrx_word' id='word_1_562' title='bbox 1586 4434 1713 4480; x_wconf 88' lang='lat' dir='ltr'><strong>ante</strong></span> <span class='ocrx_word' id='word_1_563' title='bbox 1758 4425 2013 4479; x_wconf 80' lang='lat' dir='ltr'><strong>clamavit</strong></span> 
     </span>
    </p>
   </div>
   <div class='ocr_carea' id='block_1_77' title="bbox 450 4513 2009 4585">
    <p class='ocr_par' dir='ltr' id='par_1_77' title="bbox 450 4513 2009 4585">
     <span class='ocr_line' id='line_1_77' title="bbox 450 4513 2009 4585; baseline -0.003 -13"><span class='ocrx_word' id='word_1_564' title='bbox 450 4520 639 4573; x_wconf 77' lang='lat' dir='ltr'><strong>dicens</strong></span> <span class='ocrx_word' id='word_1_565' title='bbox 669 4530 685 4570; x_wconf 90' lang='lat'><strong>:</strong></span> <span class='ocrx_word' id='word_1_566' title='bbox 722 4534 740 4567; x_wconf 82' lang='grc' dir='ltr'><strong>ι</strong></span> <span class='ocrx_word' id='word_1_567' title='bbox 775 4515 866 4571; x_wconf 89' lang='lat' dir='ltr'><strong>Sic</strong></span> <span class='ocrx_word' id='word_1_568' title='bbox 898 4515 1027 4571; x_wconf 87' lang='lat' dir='ltr'><strong>dicit</strong></span> <span class='ocrx_word' id='word_1_569' title='bbox 1055 4515 1314 4570; x_wconf 90' lang='lat' dir='ltr'><strong>Dominus</strong></span> <span class='ocrx_word' id='word_1_570' title='bbox 1344 4533 1358 4569; x_wconf 89' lang='lat'><strong>:</strong></span> <span class='ocrx_word' id='word_1_571' title='bbox 1396 4514 1686 4568; x_wconf 87' lang='lat' dir='ltr'><strong>Lahoravit</strong></span> <span class='ocrx_word' id='word_1_572' title='bbox 1718 4513 2009 4585; x_wconf 63' lang='lat' dir='ltr'><strong>Egyptus,</strong></span> 
     </span>
    </p>
   </div>
   <div class='ocr_carea' id='block_1_78' title="bbox 444 4586 2010 4677">
    <p class='ocr_par' dir='ltr' id='par_1_78' title="bbox 444 4586 2010 4677">
     <span class='ocr_line' id='line_1_78' title="bbox 444 4586 2010 4677; baseline -0.001 -16"><span class='ocrx_word' id='word_1_573' title='bbox 444 4622 497 4661; x_wconf 87' lang='lat' dir='ltr'><strong>et</strong></span> <span class='ocrx_word' id='word_1_574' title='bbox 543 4586 938 4674; x_wconf 73' lang='lat' dir='ltr'><strong>negotiationes</strong></span> <span class='ocrx_word' id='word_1_575' title='bbox 986 4603 1344 4675; x_wconf 67' lang='lat' dir='ltr'><strong>Ethiopum,</strong></span> <span class='ocrx_word' id='word_1_576' title='bbox 1389 4615 1444 4660; x_wconf 91' lang='lat' dir='ltr'><strong>et</strong></span> <span class='ocrx_word' id='word_1_577' title='bbox 1476 4605 1585 4677; x_wconf 72' lang='lat'><strong>62</strong></span> <span class='ocrx_word' id='word_1_578' title='bbox 1610 4605 1868 4673; x_wconf 79' lang='lat' dir='ltr'><strong>Sabaim,</strong></span> <span class='ocrx_word' id='word_1_579' title='bbox 1909 4606 2010 4660; x_wconf 82' lang='lat' dir='ltr'><strong>viri</strong></span> 
     </span>
    </p>
   </div>
   <div class='ocr_carea' id='block_1_79' title="bbox 444 4696 2016 4767">
    <p class='ocr_par' dir='ltr' id='par_1_79' title="bbox 444 4696 2016 4767">
     <span class='ocr_line' id='line_1_79' title="bbox 444 4696 2016 4767; baseline 0 -15"><span class='ocrx_word' id='word_1_580' title='bbox 444 4700 701 4752; x_wconf 78' lang='lat' dir='ltr'><strong>sublimes</strong></span> <span class='ocrx_word' id='word_1_581' title='bbox 731 4698 798 4749; x_wconf 88' lang='lat' dir='ltr'><strong>ad</strong></span> <span class='ocrx_word' id='word_1_582' title='bbox 830 4707 881 4749; x_wconf 91' lang='lat' dir='ltr'><strong>te</strong></span> <span class='ocrx_word' id='word_1_583' title='bbox 911 4697 1239 4761; x_wconf 85' lang='lat' dir='ltr'><strong>transibunt,</strong></span> <span class='ocrx_word' id='word_1_584' title='bbox 1286 4707 1342 4752; x_wconf 90' lang='lat' dir='ltr'><strong>et</strong></span> <span class='ocrx_word' id='word_1_585' title='bbox 1373 4697 1469 4752; x_wconf 91' lang='lat' dir='ltr'><strong>tibi</strong></span> <span class='ocrx_word' id='word_1_586' title='bbox 1517 4696 1776 4759; x_wconf 81' lang='lat' dir='ltr'><strong>servient,</strong></span> <span class='ocrx_word' id='word_1_587' title='bbox 1812 4706 1867 4751; x_wconf 90' lang='lat' dir='ltr'><strong>et</strong></span> <span class='ocrx_word' id='word_1_588' title='bbox 1893 4705 2016 4767; x_wconf 87' lang='lat' dir='ltr'><strong>post</strong></span> 
     </span>
    </p>
   </div>
   <div class='ocr_carea' id='block_1_80' title="bbox 447 4785 2015 4858">
    <p class='ocr_par' dir='ltr' id='par_1_80' title="bbox 447 4785 2015 4858">
     <span class='ocr_line' id='line_1_80' title="bbox 447 4785 2015 4858; baseline -0.003 -15"><span class='ocrx_word' id='word_1_589' title='bbox 447 4800 500 4843; x_wconf 91' lang='lat' dir='ltr'><strong>te</strong></span> <span class='ocrx_word' id='word_1_590' title='bbox 544 4795 841 4858; x_wconf 84' lang='lat' dir='ltr'><strong>sequentur</strong></span> <span class='ocrx_word' id='word_1_591' title='bbox 892 4785 1060 4839; x_wconf 78' lang='lat' dir='ltr'><strong>vincti</strong></span> <span class='ocrx_word' id='word_1_592' title='bbox 1113 4786 1500 4854; x_wconf 73' lang='lat' dir='ltr'><strong>cornipedibus,</strong></span> <span class='ocrx_word' id='word_1_593' title='bbox 1543 4794 1600 4840; x_wconf 86' lang='lat' dir='ltr'><strong>et</strong></span> <span class='ocrx_word' id='word_1_594' title='bbox 1646 4786 2015 4841; x_wconf 81' lang='lat' dir='ltr'><strong>curvabuutur</strong></span> 
     </span>
    </p>
   </div>
   <div class='ocr_carea' id='block_1_81' title="bbox 448 4877 2013 4949">
    <p class='ocr_par' dir='ltr' id='par_1_81' title="bbox 448 4877 2013 4949">
     <span class='ocr_line' id='line_1_81' title="bbox 448 4877 2013 4949; baseline -0.002 -14"><span class='ocrx_word' id='word_1_595' title='bbox 448 4883 565 4946; x_wconf 89' lang='lat' dir='ltr'><strong>tibi,</strong></span> <span class='ocrx_word' id='word_1_596' title='bbox 590 4891 645 4937; x_wconf 91' lang='lat' dir='ltr'><strong>et</strong></span> <span class='ocrx_word' id='word_1_597' title='bbox 678 4882 732 4935; x_wconf 93' lang='lat' dir='ltr'><strong>in</strong></span> <span class='ocrx_word' id='word_1_598' title='bbox 766 4888 819 4933; x_wconf 91' lang='lat' dir='ltr'><strong>te</strong></span> <span class='ocrx_word' id='word_1_599' title='bbox 847 4877 1173 4942; x_wconf 88' lang='lat' dir='ltr'><strong>adorabunt,</strong></span> <span class='ocrx_word' id='word_1_600' title='bbox 1206 4879 1330 4949; x_wconf 84' lang='lat' dir='ltr'><strong>quia</strong></span> <span class='ocrx_word' id='word_1_601' title='bbox 1365 4878 1417 4930; x_wconf 90' lang='lat' dir='ltr'><strong>in</strong></span> <span class='ocrx_word' id='word_1_602' title='bbox 1454 4890 1504 4934; x_wconf 90' lang='lat' dir='ltr'><strong>te</strong></span> <span class='ocrx_word' id='word_1_603' title='bbox 1530 4878 1669 4933; x_wconf 90' lang='lat' dir='ltr'><strong>Deus</strong></span> <span class='ocrx_word' id='word_1_604' title='bbox 1701 4890 1805 4943; x_wconf 87' lang='lat' dir='ltr'><strong>est,</strong></span> <span class='ocrx_word' id='word_1_605' title='bbox 1835 4888 1887 4933; x_wconf 91' lang='lat' dir='ltr'><strong>et</strong></span> <span class='ocrx_word' id='word_1_606' title='bbox 1908 4894 2013 4933; x_wconf 91' lang='lat' dir='ltr'><strong>non</strong></span> 
     </span>
    </p>
   </div>
   <div class='ocr_carea' id='block_1_82' title="bbox 444 4969 2013 5042">
    <p class='ocr_par' dir='ltr' id='par_1_82' title="bbox 444 4969 2013 5042">
     <span class='ocr_line' id='line_1_82' title="bbox 444 4969 2013 5042; baseline -0.002 -16"><span class='ocrx_word' id='word_1_607' title='bbox 444 4983 527 5026; x_wconf 83' lang='lat' dir='ltr'><strong>est</strong></span> <span class='ocrx_word' id='word_1_608' title='bbox 572 4973 711 5028; x_wconf 86' lang='lat' dir='ltr'><strong>Deus</strong></span> <span class='ocrx_word' id='word_1_609' title='bbox 747 4980 946 5042; x_wconf 68' lang='lat' dir='ltr'><strong>praater</strong></span> <span class='ocrx_word' id='word_1_610' title='bbox 991 4980 1081 5025; x_wconf 86' lang='lat' dir='ltr'><strong>te:</strong></span> <span class='ocrx_word' id='word_1_611' title='bbox 1113 4980 1165 5023; x_wconf 92' lang='lat' dir='ltr'><strong>tu</strong></span> <span class='ocrx_word' id='word_1_612' title='bbox 1206 4983 1266 5023; x_wconf 84' lang='lat' dir='ltr'><strong>es</strong></span> <span class='ocrx_word' id='word_1_613' title='bbox 1309 4969 1452 5024; x_wconf 90' lang='lat' dir='ltr'><strong>enim</strong></span> <span class='ocrx_word' id='word_1_614' title='bbox 1501 4970 1638 5024; x_wconf 89' lang='lat' dir='ltr'><strong>Deus</strong></span> <span class='ocrx_word' id='word_1_615' title='bbox 1686 4980 1741 5023; x_wconf 89' lang='lat' dir='ltr'><strong>et</strong></span> <span class='ocrx_word' id='word_1_616' title='bbox 1781 4970 2013 5024; x_wconf 78' lang='lat' dir='ltr'><strong>nescivi-</strong></span> 
     </span>
    </p>
   </div>
   <div class='ocr_carea' id='block_1_83' title="bbox 448 5058 2014 5127">
    <p class='ocr_par' dir='ltr' id='par_1_83' title="bbox 448 5058 2014 5127">
     <span class='ocr_line' id='line_1_83' title="bbox 448 5058 2014 5127; baseline -0.001 -13"><span class='ocrx_word' id='word_1_617' title='bbox 448 5078 585 5127; x_wconf 90' lang='lat' dir='ltr'><strong>mus,</strong></span> <span class='ocrx_word' id='word_1_618' title='bbox 635 5064 772 5117; x_wconf 86' lang='lat' dir='ltr'><strong>Deus</strong></span> <span class='ocrx_word' id='word_1_619' title='bbox 819 5062 983 5117; x_wconf 82' lang='lat' dir='ltr'><strong>Israel</strong></span> <span class='ocrx_word' id='word_1_620' title='bbox 1033 5060 1269 5117; x_wconf 85' lang='lat' dir='ltr'><strong>salvator</strong></span> <span class='ocrx_word' id='word_1_621' title='bbox 1290 5060 1357 5113; x_wconf 83' lang='grc'><strong>⁷⁸.</strong></span> <span class='ocrx_word' id='word_1_622' title='bbox 1391 5078 1409 5110; x_wconf 86' lang='grc' dir='ltr'><strong>ι</strong></span> <span class='ocrx_word' id='word_1_623' title='bbox 1457 5058 1668 5115; x_wconf 87' lang='lat' dir='ltr'><strong>Dictum</strong></span> <span class='ocrx_word' id='word_1_624' title='bbox 1722 5071 1806 5115; x_wconf 89' lang='lat' dir='ltr'><strong>est</strong></span> <span class='ocrx_word' id='word_1_625' title='bbox 1849 5060 2014 5115; x_wconf 79' lang='lat' dir='ltr'><strong>etiam</strong></span> 
     </span>
    </p>
   </div>
   <div class='ocr_carea' id='block_1_84' title="bbox 446 5153 2009 5223">
    <p class='ocr_par' dir='ltr' id='par_1_84' title="bbox 446 5153 2009 5223">
     <span class='ocr_line' id='line_1_84' title="bbox 446 5153 2009 5223; baseline -0.001 -17"><span class='ocrx_word' id='word_1_626' title='bbox 446 5154 633 5223; x_wconf 82' lang='lat' dir='ltr'><strong>procul</strong></span> <span class='ocrx_word' id='word_1_627' title='bbox 659 5154 819 5208; x_wconf 87' lang='lat' dir='ltr'><strong>dubio</strong></span> <span class='ocrx_word' id='word_1_628' title='bbox 850 5154 917 5209; x_wconf 88' lang='lat' dir='ltr'><strong>ad</strong></span> <span class='ocrx_word' id='word_1_629' title='bbox 939 5153 1158 5219; x_wconf 84' lang='lat' dir='ltr'><strong>Filium,</strong></span> <span class='ocrx_word' id='word_1_630' title='bbox 1190 5167 1380 5207; x_wconf 91' lang='lat' dir='ltr'><strong>rursus</strong></span> <span class='ocrx_word' id='word_1_631' title='bbox 1406 5161 1660 5221; x_wconf 86' lang='lat' dir='ltr'><strong>tanquam</strong></span> <span class='ocrx_word' id='word_1_632' title='bbox 1686 5168 1751 5207; x_wconf 79' lang='lat' dir='ltr'><strong>ex</strong></span> <span class='ocrx_word' id='word_1_633' title='bbox 1779 5167 2009 5222; x_wconf 89' lang='lat' dir='ltr'><strong>persona</strong></span> 
     </span>
    </p>
   </div>
   <div class='ocr_carea' id='block_1_85' title="bbox 451 5244 2013 5314">
    <p class='ocr_par' dir='ltr' id='par_1_85' title="bbox 451 5244 2013 5314">
     <span class='ocr_line' id='line_1_85' title="bbox 451 5244 2013 5314; baseline -0.001 -16"><span class='ocrx_word' id='word_1_634' title='bbox 451 5245 541 5298; x_wconf 85' lang='lat' dir='ltr'><strong>Dei</strong></span> <span class='ocrx_word' id='word_1_635' title='bbox 571 5260 634 5298; x_wconf 84' lang='lat' dir='ltr'><strong>ac</strong></span> <span class='ocrx_word' id='word_1_636' title='bbox 668 5244 881 5299; x_wconf 85' lang='lat' dir='ltr'><strong>Patris:</strong></span> <span class='ocrx_word' id='word_1_637' title='bbox 916 5262 936 5296; x_wconf 85' lang='grc' dir='ltr'><strong>ι</strong></span> <span class='ocrx_word' id='word_1_638' title='bbox 969 5245 1109 5299; x_wconf 86' lang='lat' dir='ltr'><strong>Ecce</strong></span> <span class='ocrx_word' id='word_1_639' title='bbox 1143 5244 1298 5314; x_wconf 87' lang='lat' dir='ltr'><strong>posui</strong></span> <span class='ocrx_word' id='word_1_640' title='bbox 1328 5253 1380 5298; x_wconf 85' lang='lat' dir='ltr'><strong>te</strong></span> <span class='ocrx_word' id='word_1_641' title='bbox 1415 5244 1469 5297; x_wconf 90' lang='lat' dir='ltr'><strong>in</strong></span> <span class='ocrx_word' id='word_1_642' title='bbox 1505 5252 1887 5298; x_wconf 85' lang='lat' dir='ltr'><strong>testamentum</strong></span> <span class='ocrx_word' id='word_1_643' title='bbox 1920 5258 2013 5311; x_wconf 75' lang='lat' dir='ltr'><strong>ge-</strong></span> 
     </span>
    </p>
   </div>
   <div class='ocr_carea' id='block_1_86' title="bbox 449 5334 2010 5404">
    <p class='ocr_par' dir='ltr' id='par_1_86' title="bbox 449 5334 2010 5404">
     <span class='ocr_line' id='line_1_86' title="bbox 449 5334 2010 5404; baseline -0.001 -17"><span class='ocrx_word' id='word_1_644' title='bbox 449 5336 613 5397; x_wconf 87' lang='lat' dir='ltr'><strong>neris,</strong></span> <span class='ocrx_word' id='word_1_645' title='bbox 640 5334 692 5387; x_wconf 90' lang='lat' dir='ltr'><strong>in</strong></span> <span class='ocrx_word' id='word_1_646' title='bbox 724 5336 897 5390; x_wconf 88' lang='lat' dir='ltr'><strong>lucem</strong></span> <span class='ocrx_word' id='word_1_647' title='bbox 926 5338 1189 5402; x_wconf 86' lang='lat' dir='ltr'><strong>gentium,</strong></span> <span class='ocrx_word' id='word_1_648' title='bbox 1220 5345 1277 5389; x_wconf 91' lang='lat' dir='ltr'><strong>ut</strong></span> <span class='ocrx_word' id='word_1_649' title='bbox 1300 5336 1374 5389; x_wconf 90' lang='lat' dir='ltr'><strong>sis</strong></span> <span class='ocrx_word' id='word_1_650' title='bbox 1406 5335 1458 5388; x_wconf 89' lang='lat' dir='ltr'><strong>in</strong></span> <span class='ocrx_word' id='word_1_651' title='bbox 1487 5335 1713 5389; x_wconf 83' lang='lat' dir='ltr'><strong>salutem</strong></span> <span class='ocrx_word' id='word_1_652' title='bbox 1746 5349 1915 5404; x_wconf 86' lang='lat' dir='ltr'><strong>usque</strong></span> <span class='ocrx_word' id='word_1_653' title='bbox 1945 5336 2010 5386; x_wconf 80' lang='lat' dir='ltr'><strong>ad</strong></span> 
     </span>
    </p>
   </div>
   <div class='ocr_carea' id='block_1_87' title="bbox 446 5424 2001 5496">
    <p class='ocr_par' dir='ltr' id='par_1_87' title="bbox 446 5424 2001 5496">
     <span class='ocr_line' id='line_1_87' title="bbox 446 5424 2001 5496; baseline -0.002 -18"><span class='ocrx_word' id='word_1_654' title='bbox 446 5438 749 5480; x_wconf 77' lang='lat' dir='ltr'><strong>extremuttt</strong></span> <span class='ocrx_word' id='word_1_655' title='bbox 788 5436 945 5480; x_wconf 76' lang='lat' dir='ltr'><strong>terra:</strong></span> <span class='ocrx_word' id='word_1_656' title='bbox 968 5426 1057 5479; x_wconf 64' lang='grc'><strong>⁷⁸⁸.</strong></span> <span class='ocrx_word' id='word_1_657' title='bbox 1094 5424 1354 5496; x_wconf 66' lang='lat' dir='ltr'><strong>i’Populo</strong></span> <span class='ocrx_word' id='word_1_658' title='bbox 1383 5427 1525 5480; x_wconf 84' lang='lat' dir='ltr'><strong>enim</strong></span> <span class='ocrx_word' id='word_1_659' title='bbox 1554 5440 1618 5480; x_wconf 83' lang='lat' dir='ltr'><strong>ex</strong></span> <span class='ocrx_word' id='word_1_660' title='bbox 1652 5426 1913 5495; x_wconf 83' lang='lat' dir='ltr'><strong>sanguine</strong></span> <span class='ocrx_word' id='word_1_661' title='bbox 1940 5440 2001 5477; x_wconf 82' lang='lat' dir='ltr'><strong>ac</strong></span> 
     </span>
    </p>
   </div>
   <div class='ocr_carea' id='block_1_88' title="bbox 2106 3161 3685 3237">
    <p class='ocr_par' dir='ltr' id='par_1_88' title="bbox 2106 3161 3685 3237">
     <span class='ocr_line' id='line_1_88' title="bbox 2106 3161 3685 3237; baseline -0.001 -21"><span class='ocrx_word' id='word_1_662' title='bbox 2106 3166 2170 3216; x_wconf 88' lang='grc' dir='ltr'><strong>ἐκ</strong></span> <span class='ocrx_word' id='word_1_663' title='bbox 2197 3163 2451 3231; x_wconf 84' lang='grc' dir='ltr'>γυναικὸς</span> <span class='ocrx_word' id='word_1_664' title='bbox 2489 3162 2630 3216; x_wconf 86' lang='grc' dir='ltr'><strong>κατά</strong></span> <span class='ocrx_word' id='word_1_665' title='bbox 2659 3162 2838 3233; x_wconf 81' lang='grc' dir='ltr'>σάρκα</span> <span class='ocrx_word' id='word_1_666' title='bbox 2863 3162 3277 3231; x_wconf 86' lang='grc' dir='ltr'>γεγεννημένον,</span> <span class='ocrx_word' id='word_1_667' title='bbox 3307 3162 3393 3214; x_wconf 78' lang='grc' dir='ltr'>ἵνα</span> <span class='ocrx_word' id='word_1_668' title='bbox 3422 3161 3685 3237; x_wconf 81' lang='grc' dir='ltr'>δικαιώσῃ</span> 
     </span>
    </p>
   </div>
   <div class='ocr_carea' id='block_1_89' title="bbox 2104 3252 3686 3323">
    <p class='ocr_par' dir='ltr' id='par_1_89' title="bbox 2104 3252 3686 3323">
     <span class='ocr_line' id='line_1_89' title="bbox 2104 3252 3686 3323; baseline 0 -17"><span class='ocrx_word' id='word_1_669' title='bbox 2104 3254 2232 3316; x_wconf 74' lang='grc' dir='ltr'>τοὺς</span> <span class='ocrx_word' id='word_1_670' title='bbox 2265 3254 2345 3317; x_wconf 85' lang='grc' dir='ltr'><strong>είς</strong></span> <span class='ocrx_word' id='word_1_671' title='bbox 2369 3252 2531 3306; x_wconf 83' lang='grc' dir='ltr'>αὑτὸν</span> <span class='ocrx_word' id='word_1_672' title='bbox 2564 3253 2944 3317; x_wconf 67' lang='grc' dir='ltr'>πιστεύονταςθ</span> <span class='ocrx_word' id='word_1_673' title='bbox 2971 3254 3064 3306; x_wconf 76' lang='grc' dir='ltr'>καὶ</span> <span class='ocrx_word' id='word_1_674' title='bbox 3094 3253 3199 3305; x_wconf 85' lang='grc' dir='ltr'><strong>τῶν</strong></span> <span class='ocrx_word' id='word_1_675' title='bbox 3227 3254 3285 3307; x_wconf 83' lang='grc' dir='ltr'><strong>ἐν</strong></span> <span class='ocrx_word' id='word_1_676' title='bbox 3315 3253 3508 3323; x_wconf 83' lang='grc' dir='ltr'>ἀγνοίᾳ</span> <span class='ocrx_word' id='word_1_677' title='bbox 3528 3271 3686 3307; x_wconf 87' lang='grc' dir='ltr'>πται-</span> 
     </span>
    </p>
   </div>
   <div class='ocr_carea' id='block_1_90' title="bbox 2108 3343 3683 3416">
    <p class='ocr_par' dir='ltr' id='par_1_90' title="bbox 2108 3343 3683 3416">
     <span class='ocr_line' id='line_1_90' title="bbox 2108 3343 3683 3416; baseline -0.001 -17"><span class='ocrx_word' id='word_1_678' title='bbox 2108 3346 2355 3415; x_wconf 85' lang='grc' dir='ltr'>σμάτων,</span> <span class='ocrx_word' id='word_1_679' title='bbox 2394 3346 2651 3416; x_wconf 80' lang='grc' dir='ltr'>χρηστοῖς</span> <span class='ocrx_word' id='word_1_680' title='bbox 2676 3346 2770 3399; x_wconf 69' lang='grc' dir='ltr'><strong>καὶ</strong></span> <span class='ocrx_word' id='word_1_681' title='bbox 2803 3345 3176 3415; x_wconf 80' lang='grc' dir='ltr'>ἡμερωτάτοις</span> <span class='ocrx_word' id='word_1_682' title='bbox 3215 3343 3531 3408; x_wconf 80' lang='grc' dir='ltr'>ἀπαλλάξας</span> <span class='ocrx_word' id='word_1_683' title='bbox 3563 3345 3683 3399; x_wconf 80' lang='grc' dir='ltr'>νεύ-</span> 
     </span>
    </p>
   </div>
   <div class='ocr_carea' id='block_1_91' title="bbox 2110 3432 3676 3505">
    <p class='ocr_par' dir='ltr' id='par_1_91' title="bbox 2110 3432 3676 3505">
     <span class='ocr_line' id='line_1_91' title="bbox 2110 3432 3676 3505; baseline -0.001 -18"><span class='ocrx_word' id='word_1_684' title='bbox 2110 3452 2263 3505; x_wconf 83' lang='grc' dir='ltr'>μασι,</span> <span class='ocrx_word' id='word_1_685' title='bbox 2292 3433 2563 3504; x_wconf 80' lang='grc' dir='ltr'>καθαροὺς</span> <span class='ocrx_word' id='word_1_686' title='bbox 2597 3433 2691 3487; x_wconf 70' lang='grc' dir='ltr'>καὶ</span> <span class='ocrx_word' id='word_1_687' title='bbox 2719 3432 2982 3504; x_wconf 83' lang='grc' dir='ltr'>ἀμώμους</span> <span class='ocrx_word' id='word_1_688' title='bbox 3009 3433 3394 3503; x_wconf 86' lang='grc' dir='ltr'>προσκομίσειε</span> <span class='ocrx_word' id='word_1_689' title='bbox 3421 3432 3487 3486; x_wconf 86' lang='grc' dir='ltr'>δι’</span> <span class='ocrx_word' id='word_1_690' title='bbox 3514 3432 3676 3486; x_wconf 76' lang='grc' dir='ltr'>αὐτοῦ</span> 
     </span>
    </p>
   </div>
   <div class='ocr_carea' id='block_1_92' title="bbox 2106 3522 3678 3599">
    <p class='ocr_par' dir='ltr' id='par_1_92' title="bbox 2106 3522 3678 3599">
     <span class='ocr_line' id='line_1_92' title="bbox 2106 3522 3678 3599; baseline -0.002 -21"><span class='ocrx_word' id='word_1_691' title='bbox 2106 3525 2185 3595; x_wconf 85' lang='grc' dir='ltr'><strong>τῷ</strong></span> <span class='ocrx_word' id='word_1_692' title='bbox 2232 3524 2352 3595; x_wconf 81' lang='grc' dir='ltr'><strong>Θεῷ</strong></span> <span class='ocrx_word' id='word_1_693' title='bbox 2394 3525 2489 3579; x_wconf 68' lang='grc' dir='ltr'>καὶ</span> <span class='ocrx_word' id='word_1_694' title='bbox 2539 3525 2733 3595; x_wconf 78' lang='grc' dir='ltr'>Πατρὶ,</span> <span class='ocrx_word' id='word_1_695' title='bbox 2766 3524 2860 3577; x_wconf 82' lang='grc' dir='ltr'>καὶ</span> <span class='ocrx_word' id='word_1_696' title='bbox 2905 3523 3004 3593; x_wconf 83' lang='grc' dir='ltr'>τῆς</span> <span class='ocrx_word' id='word_1_697' title='bbox 3052 3523 3202 3599; x_wconf 69' lang='grc' dir='ltr'>θείας</span> <span class='ocrx_word' id='word_1_698' title='bbox 3238 3522 3431 3576; x_wconf 87' lang='grc' dir='ltr'>ἐαυτοῦ</span> <span class='ocrx_word' id='word_1_699' title='bbox 3467 3524 3678 3592; x_wconf 83' lang='grc' dir='ltr'>φύσεως</span> 
     </span>
    </p>
   </div>
   <div class='ocr_carea' id='block_1_93' title="bbox 2108 3614 3677 3689">
    <p class='ocr_par' dir='ltr' id='par_1_93' title="bbox 2108 3614 3677 3689">
     <span class='ocr_line' id='line_1_93' title="bbox 2108 3614 3677 3689; baseline -0.002 -18"><span class='ocrx_word' id='word_1_700' title='bbox 2108 3617 2409 3689; x_wconf 85' lang='grc' dir='ltr'>ἐργάσηται</span> <span class='ocrx_word' id='word_1_701' title='bbox 2443 3618 2758 3680; x_wconf 75' lang='grc' dir='ltr'>κοινωνοὺς,</span> <span class='ocrx_word' id='word_1_702' title='bbox 2781 3618 2906 3679; x_wconf 80' lang='grc' dir='ltr'>τοὺς</span> <span class='ocrx_word' id='word_1_703' title='bbox 2934 3615 3040 3669; x_wconf 81' lang='grc' dir='ltr'><strong>ὑπὸ</strong></span> <span class='ocrx_word' id='word_1_704' title='bbox 3068 3614 3295 3669; x_wconf 87' lang='grc' dir='ltr'>θάνατον</span> <span class='ocrx_word' id='word_1_705' title='bbox 3319 3616 3416 3669; x_wconf 68' lang='grc' dir='ltr'>καὶ</span> <span class='ocrx_word' id='word_1_706' title='bbox 3443 3615 3646 3687; x_wconf 87' lang='grc' dir='ltr'>φθοράν</span> <span class='ocrx_word' id='word_1_707' title='bbox 3664 3633 3677 3646; x_wconf 90' lang='grc'><strong>·</strong></span> 
     </span>
    </p>
   </div>
   <div class='ocr_carea' id='block_1_94' title="bbox 2110 3706 3687 3780">
    <p class='ocr_par' dir='ltr' id='par_1_94' title="bbox 2110 3706 3687 3780">
     <span class='ocr_line' id='line_1_94' title="bbox 2110 3706 3687 3780; baseline -0.003 -18"><span class='ocrx_word' id='word_1_708' title='bbox 2110 3706 2324 3780; x_wconf 81' lang='grc' dir='ltr'>κηρύξῃ</span> <span class='ocrx_word' id='word_1_709' title='bbox 2353 3708 2410 3761; x_wconf 85' lang='grc' dir='ltr'><strong>δέ</strong></span> <span class='ocrx_word' id='word_1_710' title='bbox 2441 3709 2534 3761; x_wconf 69' lang='grc' dir='ltr'>καὶ</span> <span class='ocrx_word' id='word_1_711' title='bbox 2572 3707 2794 3776; x_wconf 73' lang='grc' dir='ltr'>τυφλοῖς</span> <span class='ocrx_word' id='word_1_712' title='bbox 2822 3706 3116 3776; x_wconf 75' lang='grc' dir='ltr'>ἀνάϐλεψιν</span> <span class='ocrx_word' id='word_1_713' title='bbox 3138 3721 3153 3736; x_wconf 75' lang='grc' dir='ltr'><strong><em>ο</em></strong></span> <span class='ocrx_word' id='word_1_714' title='bbox 3195 3707 3290 3760; x_wconf 72' lang='grc' dir='ltr'>καὶ</span> <span class='ocrx_word' id='word_1_715' title='bbox 3317 3707 3415 3770; x_wconf 82' lang='grc' dir='ltr'><strong>τὰς</strong></span> <span class='ocrx_word' id='word_1_716' title='bbox 3449 3706 3556 3759; x_wconf 89' lang='grc' dir='ltr'><strong>τῶν</strong></span> <span class='ocrx_word' id='word_1_717' title='bbox 3587 3723 3687 3759; x_wconf 81' lang='grc' dir='ltr'><strong>πε-</strong></span> 
     </span>
    </p>
   </div>
   <div class='ocr_carea' id='block_1_95' title="bbox 2112 3796 3709 3869">
    <p class='ocr_par' dir='ltr' id='par_1_95' title="bbox 2112 3796 3709 3869">
     <span class='ocr_line' id='line_1_95' title="bbox 2112 3796 3709 3869; baseline -0.001 -17"><span class='ocrx_word' id='word_1_718' title='bbox 2112 3798 2468 3869; x_wconf 84' lang='grc' dir='ltr'>πλανημένων</span> <span class='ocrx_word' id='word_1_719' title='bbox 2510 3796 2710 3866; x_wconf 81' lang='grc' dir='ltr'>ἀγέλας</span> <span class='ocrx_word' id='word_1_720' title='bbox 2758 3798 2838 3860; x_wconf 87' lang='grc' dir='ltr'><strong>είς</strong></span> <span class='ocrx_word' id='word_1_721' title='bbox 2879 3798 2939 3850; x_wconf 88' lang='grc' dir='ltr'><strong>τὸ</strong></span> <span class='ocrx_word' id='word_1_722' title='bbox 2981 3798 3078 3866; x_wconf 79' lang='grc' dir='ltr'>τῆς</span> <span class='ocrx_word' id='word_1_723' title='bbox 3102 3796 3337 3865; x_wconf 82' lang='grc' dir='ltr'>ἀληθοῦς</span> <span class='ocrx_word' id='word_1_724' title='bbox 3361 3797 3709 3865; x_wconf 88' lang='grc' dir='ltr'>θεογνωσίας</span> 
     </span>
    </p>
   </div>
   <div class='ocr_carea' id='block_1_96' title="bbox 2114 3884 3684 3959">
    <p class='ocr_par' dir='ltr' id='par_1_96' title="bbox 2114 3884 3684 3959">
     <span class='ocr_line' id='line_1_96' title="bbox 2114 3884 3684 3959; baseline -0.001 -20"><span class='ocrx_word' id='word_1_725' title='bbox 2114 3886 2458 3959; x_wconf 79' lang='grc' dir='ltr'>μετακομίσῃ</span> <span class='ocrx_word' id='word_1_726' title='bbox 2504 3884 2617 3955; x_wconf 87' lang='grc' dir='ltr'><strong>φῶς</strong></span> <span class='ocrx_word' id='word_1_727' title='bbox 2641 3901 2655 3916; x_wconf 82' lang='grc'><em>’</em></span> <span class='ocrx_word' id='word_1_728' title='bbox 2691 3885 2879 3956; x_wconf 78' lang='grc' dir='ltr'>διδάξῃ</span> <span class='ocrx_word' id='word_1_729' title='bbox 2906 3902 2965 3937; x_wconf 89' lang='grc' dir='ltr'><strong>τε</strong></span> <span class='ocrx_word' id='word_1_730' title='bbox 2995 3884 3201 3951; x_wconf 83' lang='grc' dir='ltr'>λοιπὸν,</span> <span class='ocrx_word' id='word_1_731' title='bbox 3225 3885 3309 3948; x_wconf 82' lang='grc' dir='ltr'><strong>τίς</strong></span> <span class='ocrx_word' id='word_1_732' title='bbox 3354 3887 3382 3938; x_wconf 94' lang='lat'><strong>6</strong></span> <span class='ocrx_word' id='word_1_733' title='bbox 3421 3886 3578 3954; x_wconf 82' lang='grc' dir='ltr'>φύσει</span> <span class='ocrx_word' id='word_1_734' title='bbox 3624 3901 3684 3938; x_wconf 86' lang='grc' dir='ltr'>τε</span> 
     </span>
    </p>
   </div>
   <div class='ocr_carea' id='block_1_97' title="bbox 2111 3974 3684 4048">
    <p class='ocr_par' dir='ltr' id='par_1_97' title="bbox 2111 3974 3684 4048">
     <span class='ocr_line' id='line_1_97' title="bbox 2111 3974 3684 4048; baseline 0 -18"><span class='ocrx_word' id='word_1_735' title='bbox 2111 3977 2207 4030; x_wconf 73' lang='grc' dir='ltr'>καὶ</span> <span class='ocrx_word' id='word_1_736' title='bbox 2239 3975 2454 4048; x_wconf 83' lang='grc' dir='ltr'>ἀληθῶς</span> <span class='ocrx_word' id='word_1_737' title='bbox 2477 3978 2595 4030; x_wconf 89' lang='grc' dir='ltr'>ἐστι</span> <span class='ocrx_word' id='word_1_738' title='bbox 2620 3974 2773 4041; x_wconf 83' lang='grc' dir='ltr'>Θεὸς,</span> <span class='ocrx_word' id='word_1_739' title='bbox 2805 3976 2899 4029; x_wconf 76' lang='grc' dir='ltr'>καὶ</span> <span class='ocrx_word' id='word_1_740' title='bbox 2925 3975 3034 4028; x_wconf 88' lang='grc' dir='ltr'><strong>τῶν</strong></span> <span class='ocrx_word' id='word_1_741' title='bbox 3053 3975 3188 4030; x_wconf 82' lang='grc' dir='ltr'>ὅλων</span> <span class='ocrx_word' id='word_1_742' title='bbox 3218 3976 3569 4047; x_wconf 86' lang='grc' dir='ltr'>δημιουργὸς,</span> <span class='ocrx_word' id='word_1_743' title='bbox 3591 3978 3684 4045; x_wconf 83' lang='grc' dir='ltr'><strong>γέ-</strong></span> 
     </span>
    </p>
   </div>
   <div class='ocr_carea' id='block_1_98' title="bbox 2111 4065 3689 4140">
    <p class='ocr_par' dir='ltr' id='par_1_98' title="bbox 2111 4065 3689 4140">
     <span class='ocr_line' id='line_1_98' title="bbox 2111 4065 3689 4140; baseline -0.001 -18"><span class='ocrx_word' id='word_1_744' title='bbox 2111 4086 2233 4138; x_wconf 87' lang='grc' dir='ltr'>γονε</span> <span class='ocrx_word' id='word_1_745' title='bbox 2266 4069 2375 4140; x_wconf 77' lang='grc' dir='ltr'><strong>γὰρ</strong></span> <span class='ocrx_word' id='word_1_746' title='bbox 2401 4067 2547 4139; x_wconf 80' lang='grc' dir='ltr'>ὀσμὴ</span> <span class='ocrx_word' id='word_1_747' title='bbox 2585 4069 2683 4137; x_wconf 81' lang='grc' dir='ltr'><strong>τῆς</strong></span> <span class='ocrx_word' id='word_1_748' title='bbox 2725 4065 2978 4135; x_wconf 83' lang='grc' dir='ltr'>γνώσεως</span> <span class='ocrx_word' id='word_1_749' title='bbox 3025 4068 3119 4121; x_wconf 87' lang='grc' dir='ltr'><strong>τοῦ</strong></span> <span class='ocrx_word' id='word_1_750' title='bbox 3160 4068 3291 4121; x_wconf 87' lang='grc' dir='ltr'>Θεοῦ</span> <span class='ocrx_word' id='word_1_751' title='bbox 3322 4070 3412 4121; x_wconf 74' lang='grc' dir='ltr'>καὶ</span> <span class='ocrx_word' id='word_1_752' title='bbox 3441 4070 3654 4140; x_wconf 88' lang='grc' dir='ltr'>Πατρός</span> <span class='ocrx_word' id='word_1_753' title='bbox 3673 4087 3689 4103; x_wconf 90' lang='grc'><strong>·</strong></span> 
     </span>
    </p>
   </div>
   <div class='ocr_carea' id='block_1_99' title="bbox 2112 4150 3692 4229">
    <p class='ocr_par' dir='ltr' id='par_1_99' title="bbox 2112 4150 3692 4229">
     <span class='ocr_line' id='line_1_99' title="bbox 2112 4150 3692 4229; baseline 0.001 -19"><span class='ocrx_word' id='word_1_754' title='bbox 2112 4159 2207 4211; x_wconf 73' lang='grc' dir='ltr'>καὶ</span> <span class='ocrx_word' id='word_1_755' title='bbox 2241 4159 2300 4209; x_wconf 90' lang='grc' dir='ltr'><strong>ἐν</strong></span> <span class='ocrx_word' id='word_1_756' title='bbox 2329 4156 2476 4226; x_wconf 78' lang='grc' dir='ltr'>αὐτῷ</span> <span class='ocrx_word' id='word_1_757' title='bbox 2504 4156 2811 4227; x_wconf 83' lang='grc' dir='ltr'>τεθεάμεθα</span> <span class='ocrx_word' id='word_1_758' title='bbox 2849 4157 2962 4223; x_wconf 87' lang='grc' dir='ltr'>τὸν,</span> <span class='ocrx_word' id='word_1_759' title='bbox 2991 4156 3050 4220; x_wconf 83' lang='grc' dir='ltr'><strong>ἐξ</strong></span> <span class='ocrx_word' id='word_1_760' title='bbox 3094 4150 3156 4210; x_wconf 76' lang='grc' dir='ltr'>οῦ</span> <span class='ocrx_word' id='word_1_761' title='bbox 3203 4158 3524 4229; x_wconf 86' lang='grc' dir='ltr'>γεγέννηται</span> <span class='ocrx_word' id='word_1_762' title='bbox 3552 4161 3692 4212; x_wconf 88' lang='grc' dir='ltr'><strong>κατά</strong></span> 
     </span>
    </p>
   </div>
   <div class='ocr_carea' id='block_1_100' title="bbox 2113 4246 3692 4323">
    <p class='ocr_par' dir='ltr' id='par_1_100' title="bbox 2113 4246 3692 4323">
     <span class='ocr_line' id='line_1_100' title="bbox 2113 4246 3692 4323; baseline 0.005 -24"><span class='ocrx_word' id='word_1_763' title='bbox 2113 4247 2274 4316; x_wconf 90' lang='grc' dir='ltr'>φύσιν</span> <span class='ocrx_word' id='word_1_764' title='bbox 2292 4263 2308 4279; x_wconf 75' lang='grc' dir='ltr'><strong>ο</strong></span> <span class='ocrx_word' id='word_1_765' title='bbox 2350 4246 2671 4316; x_wconf 72' lang='grc' dir='ltr'>ἐγνώκαμεν</span> <span class='ocrx_word' id='word_1_766' title='bbox 2711 4263 2771 4300; x_wconf 87' lang='grc' dir='ltr'>τε</span> <span class='ocrx_word' id='word_1_767' title='bbox 2804 4248 3125 4321; x_wconf 19' lang='grc' dir='ltr'>σαφῶςχτὴν</span> <span class='ocrx_word' id='word_1_768' title='bbox 3152 4252 3231 4313; x_wconf 82' lang='grc' dir='ltr'><strong>είς</strong></span> <span class='ocrx_word' id='word_1_769' title='bbox 3260 4250 3403 4321; x_wconf 82' lang='grc' dir='ltr'>ζωὴν</span> <span class='ocrx_word' id='word_1_770' title='bbox 3425 4254 3458 4323; x_wconf 72' lang='grc' dir='ltr'>ἡ</span> <span class='ocrx_word' id='word_1_771' title='bbox 3469 4254 3576 4322; x_wconf 80' lang='grc' dir='ltr'><strong>μᾶς</strong></span> <span class='ocrx_word' id='word_1_772' title='bbox 3596 4254 3692 4323; x_wconf 76' lang='grc' dir='ltr'>τὴν</span> 
     </span>
    </p>
   </div>
   <div class='ocr_carea' id='block_1_101' title="bbox 2097 4330 3694 4407">
    <p class='ocr_par' dir='ltr' id='par_1_101' title="bbox 2097 4330 3694 4407">
     <span class='ocr_line' id='line_1_101' title="bbox 2097 4330 3694 4407; baseline 0.003 -18"><span class='ocrx_word' id='word_1_773' title='bbox 2097 4330 2283 4389; x_wconf 77' lang='grc' dir='ltr'>’ἀΐδιον</span> <span class='ocrx_word' id='word_1_774' title='bbox 2320 4335 2701 4407; x_wconf 81' lang='grc' dir='ltr'>ἀποφέρουσαν</span> <span class='ocrx_word' id='word_1_775' title='bbox 2733 4335 2871 4391; x_wconf 82' lang='grc' dir='ltr'>ὀδόν.</span> <span class='ocrx_word' id='word_1_776' title='bbox 2899 4336 3056 4391; x_wconf 71' lang='grc' dir='ltr'>ουτω</span> <span class='ocrx_word' id='word_1_777' title='bbox 3086 4341 3180 4393; x_wconf 75' lang='grc' dir='ltr'>καὶ</span> <span class='ocrx_word' id='word_1_778' title='bbox 3219 4344 3340 4403; x_wconf 82' lang='grc' dir='ltr'>ταῖς</span> <span class='ocrx_word' id='word_1_779' title='bbox 3380 4341 3487 4395; x_wconf 86' lang='grc' dir='ltr'><strong>τῶν</strong></span> <span class='ocrx_word' id='word_1_780' title='bbox 3525 4342 3694 4396; x_wconf 84' lang='grc' dir='ltr'>ἐθνῶν</span> 
     </span>
    </p>
   </div>
   <div class='ocr_carea' id='block_1_102' title="bbox 2119 4425 3693 4504">
    <p class='ocr_par' dir='ltr' id='par_1_102' title="bbox 2119 4425 3693 4504">
     <span class='ocr_line' id='line_1_102' title="bbox 2119 4425 3693 4504; baseline 0.005 -25"><span class='ocrx_word' id='word_1_781' title='bbox 2119 4427 2342 4495; x_wconf 81' lang='grc' dir='ltr'>ἀγέλαις</span> <span class='ocrx_word' id='word_1_782' title='bbox 2384 4425 2716 4496; x_wconf 72' lang='grc' dir='ltr'>ἐπιλάμψειν</span> <span class='ocrx_word' id='word_1_783' title='bbox 2756 4428 2847 4480; x_wconf 89' lang='grc' dir='ltr'><strong>τὸν</strong></span> <span class='ocrx_word' id='word_1_784' title='bbox 2876 4427 3002 4482; x_wconf 84' lang='grc' dir='ltr'>Υίὸν</span> <span class='ocrx_word' id='word_1_785' title='bbox 3029 4431 3059 4482; x_wconf 91' lang='grc' dir='ltr'><strong>ό</strong></span> <span class='ocrx_word' id='word_1_786' title='bbox 3099 4431 3366 4502; x_wconf 75' lang='grc' dir='ltr'>μακάριος</span> <span class='ocrx_word' id='word_1_787' title='bbox 3410 4435 3693 4504; x_wconf 81' lang='grc' dir='ltr'>προφήτης</span> 
     </span>
    </p>
   </div>
   <div class='ocr_carea' id='block_1_103' title="bbox 2130 4518 3695 4591">
    <p class='ocr_par' dir='ltr' id='par_1_103' title="bbox 2130 4518 3695 4591">
     <span class='ocr_line' id='line_1_103' title="bbox 2130 4518 3695 4591; baseline 0.005 -21"><span class='ocrx_word' id='word_1_788' title='bbox 2130 4518 2359 4580; x_wconf 80' lang='grc' dir='ltr'>Ἡσαΐας</span> <span class='ocrx_word' id='word_1_789' title='bbox 2387 4519 2877 4590; x_wconf 89' lang='grc' dir='ltr'>προανεκεκράγει,</span> <span class='ocrx_word' id='word_1_790' title='bbox 2910 4520 3114 4589; x_wconf 81' lang='grc' dir='ltr'>λέγων·</span> <span class='ocrx_word' id='word_1_791' title='bbox 3159 4543 3179 4572; x_wconf 81' lang='grc' dir='ltr'><strong>ι</strong></span> <span class='ocrx_word' id='word_1_792' title='bbox 3208 4521 3365 4576; x_wconf 79' lang='grc' dir='ltr'>Οῦτω</span> <span class='ocrx_word' id='word_1_793' title='bbox 3406 4523 3554 4591; x_wconf 79' lang='grc' dir='ltr'>λέγει</span> <span class='ocrx_word' id='word_1_794' title='bbox 3580 4525 3695 4578; x_wconf 79' lang='grc' dir='ltr'><strong>Κύ-</strong></span> 
     </span>
    </p>
   </div>
   <div class='ocr_carea' id='block_1_104' title="bbox 2121 4608 3694 4683">
    <p class='ocr_par' dir='ltr' id='par_1_104' title="bbox 2121 4608 3694 4683">
     <span class='ocr_line' id='line_1_104' title="bbox 2121 4608 3694 4683; baseline 0.004 -22"><span class='ocrx_word' id='word_1_795' title='bbox 2121 4608 2594 4680; x_wconf 81' lang='grc' dir='ltr'>ριος”Ἐκοπίασεν</span> <span class='ocrx_word' id='word_1_796' title='bbox 2637 4609 2930 4678; x_wconf 73' lang='grc' dir='ltr'>Αἴγυπτος,</span> <span class='ocrx_word' id='word_1_797' title='bbox 2970 4611 3064 4663; x_wconf 79' lang='grc' dir='ltr'>καὶ</span> <span class='ocrx_word' id='word_1_798' title='bbox 3095 4613 3358 4683; x_wconf 85' lang='grc' dir='ltr'>ἐμπορίαι</span> <span class='ocrx_word' id='word_1_799' title='bbox 3398 4614 3694 4677; x_wconf 75' lang='grc' dir='ltr'>Αἰθιόπων,</span> 
     </span>
    </p>
   </div>
   <div class='ocr_carea' id='block_1_105' title="bbox 2119 4698 3698 4774">
    <p class='ocr_par' dir='ltr' id='par_1_105' title="bbox 2119 4698 3698 4774">
     <span class='ocr_line' id='line_1_105' title="bbox 2119 4698 3698 4774; baseline 0.003 -21"><span class='ocrx_word' id='word_1_800' title='bbox 2119 4702 2208 4753; x_wconf 72' lang='grc' dir='ltr'>καὶ</span> <span class='ocrx_word' id='word_1_801' title='bbox 2236 4700 2286 4752; x_wconf 89' lang='grc' dir='ltr'><strong>οἱ</strong></span> <span class='ocrx_word' id='word_1_802' title='bbox 2315 4698 2549 4769; x_wconf 77' lang='grc' dir='ltr'>Σαϐαἳμ.</span> <span class='ocrx_word' id='word_1_803' title='bbox 2572 4699 2763 4770; x_wconf 78' lang='grc' dir='ltr'>ἄνδρες</span> <span class='ocrx_word' id='word_1_804' title='bbox 2784 4700 2979 4770; x_wconf 75' lang='grc' dir='ltr'>ὑψηλοὶ</span> <span class='ocrx_word' id='word_1_805' title='bbox 3006 4702 3101 4754; x_wconf 85' lang='grc' dir='ltr'>ἐπὶ</span> <span class='ocrx_word' id='word_1_806' title='bbox 3130 4704 3189 4755; x_wconf 90' lang='grc' dir='ltr'><strong>σέ</strong></span> <span class='ocrx_word' id='word_1_807' title='bbox 3208 4702 3576 4774; x_wconf 70' lang='grc' dir='ltr'>διαϐήσονται,</span> <span class='ocrx_word' id='word_1_808' title='bbox 3602 4706 3698 4759; x_wconf 72' lang='grc' dir='ltr'>καὶ</span> 
     </span>
    </p>
   </div>
   <div class='ocr_carea' id='block_1_106' title="bbox 2123 4787 3695 4864">
    <p class='ocr_par' dir='ltr' id='par_1_106' title="bbox 2123 4787 3695 4864">
     <span class='ocr_line' id='line_1_106' title="bbox 2123 4787 3695 4864; baseline 0.004 -23"><span class='ocrx_word' id='word_1_809' title='bbox 2123 4789 2205 4841; x_wconf 77' lang='grc' dir='ltr'>σοὶ</span> <span class='ocrx_word' id='word_1_810' title='bbox 2234 4787 2444 4842; x_wconf 79' lang='grc' dir='ltr'>ἔσονται</span> <span class='ocrx_word' id='word_1_811' title='bbox 2468 4789 2664 4853; x_wconf 88' lang='grc' dir='ltr'>δοῦλοι,</span> <span class='ocrx_word' id='word_1_812' title='bbox 2700 4791 2794 4843; x_wconf 73' lang='grc' dir='ltr'>καὶ</span> <span class='ocrx_word' id='word_1_813' title='bbox 2827 4790 3001 4844; x_wconf 86' lang='grc' dir='ltr'>ὀπίσω</span> <span class='ocrx_word' id='word_1_814' title='bbox 3033 4809 3125 4845; x_wconf 94' lang='grc' dir='ltr'><strong>σου</strong></span> <span class='ocrx_word' id='word_1_815' title='bbox 3154 4792 3579 4864; x_wconf 82' lang='grc' dir='ltr'>ἀκολουθήσουσι</span> <span class='ocrx_word' id='word_1_816' title='bbox 3604 4795 3695 4847; x_wconf 84' lang='grc' dir='ltr'>δε-</span> 
     </span>
    </p>
   </div>
   <div class='ocr_carea' id='block_1_107' title="bbox 2120 4880 3699 4954">
    <p class='ocr_par' dir='ltr' id='par_1_107' title="bbox 2120 4880 3699 4954">
     <span class='ocr_line' id='line_1_107' title="bbox 2120 4880 3699 4954; baseline 0.004 -22"><span class='ocrx_word' id='word_1_817' title='bbox 2120 4880 2336 4950; x_wconf 88' lang='grc' dir='ltr'>δεμένοι</span> <span class='ocrx_word' id='word_1_818' title='bbox 2376 4881 2718 4950; x_wconf 82' lang='grc' dir='ltr'>χειροπὲδαις</span> <span class='ocrx_word' id='word_1_819' title='bbox 2742 4896 2756 4912; x_wconf 88' lang='grc'><strong>·</strong></span> <span class='ocrx_word' id='word_1_820' title='bbox 2790 4882 2882 4934; x_wconf 75' lang='grc' dir='ltr'>καὶ</span> <span class='ocrx_word' id='word_1_821' title='bbox 2910 4885 3343 4954; x_wconf 82' lang='grc' dir='ltr'>προσκυνήσουσί</span> <span class='ocrx_word' id='word_1_822' title='bbox 3380 4902 3483 4947; x_wconf 91' lang='grc' dir='ltr'>σοι,</span> <span class='ocrx_word' id='word_1_823' title='bbox 3515 4887 3609 4939; x_wconf 73' lang='grc' dir='ltr'>καὶ</span> <span class='ocrx_word' id='word_1_824' title='bbox 3639 4887 3699 4938; x_wconf 84' lang='grc' dir='ltr'><strong>ἐν</strong></span> 
     </span>
    </p>
   </div>
   <div class='ocr_carea' id='block_1_108' title="bbox 2123 4970 3699 5038">
    <p class='ocr_par' dir='ltr' id='par_1_108' title="bbox 2123 4970 3699 5038">
     <span class='ocr_line' id='line_1_108' title="bbox 2123 4970 3699 5038; baseline 0.004 -15"><span class='ocrx_word' id='word_1_825' title='bbox 2123 4972 2205 5023; x_wconf 74' lang='grc' dir='ltr'><strong>σοὶ</strong></span> <span class='ocrx_word' id='word_1_826' title='bbox 2252 4970 2668 5038; x_wconf 82' lang='grc' dir='ltr'>προσεύξονται’</span> <span class='ocrx_word' id='word_1_827' title='bbox 2710 4973 2791 5024; x_wconf 82' lang='grc' dir='ltr'>ὃτι</span> <span class='ocrx_word' id='word_1_828' title='bbox 2826 4974 2882 5024; x_wconf 82' lang='grc' dir='ltr'><strong>ἐν</strong></span> <span class='ocrx_word' id='word_1_829' title='bbox 2916 4978 2999 5024; x_wconf 79' lang='grc' dir='ltr'><strong>σοὶ</strong></span> <span class='ocrx_word' id='word_1_830' title='bbox 3041 4973 3070 5025; x_wconf 92' lang='lat'><strong>6</strong></span> <span class='ocrx_word' id='word_1_831' title='bbox 3116 4974 3247 5037; x_wconf 82' lang='grc' dir='ltr'>Θεός</span> <span class='ocrx_word' id='word_1_832' title='bbox 3276 4977 3390 5029; x_wconf 84' lang='grc' dir='ltr'>ἐστι</span> <span class='ocrx_word' id='word_1_833' title='bbox 3412 4991 3427 5006; x_wconf 77' lang='grc' dir='ltr'><strong>ο</strong></span> <span class='ocrx_word' id='word_1_834' title='bbox 3470 4978 3563 5030; x_wconf 75' lang='grc' dir='ltr'>καὶ</span> <span class='ocrx_word' id='word_1_835' title='bbox 3597 4977 3699 5030; x_wconf 76' lang='grc' dir='ltr'>οὐκ</span> 
     </span>
    </p>
   </div>
   <div class='ocr_carea' id='block_1_109' title="bbox 2119 5058 3695 5137">
    <p class='ocr_par' dir='ltr' id='par_1_109' title="bbox 2119 5058 3695 5137">
     <span class='ocr_line' id='line_1_109' title="bbox 2119 5058 3695 5137; baseline 0.004 -25"><span class='ocrx_word' id='word_1_836' title='bbox 2119 5061 2234 5114; x_wconf 83' lang='grc' dir='ltr'>ἔστι</span> <span class='ocrx_word' id='word_1_837' title='bbox 2260 5060 2391 5125; x_wconf 80' lang='grc' dir='ltr'>Θεὸς</span> <span class='ocrx_word' id='word_1_838' title='bbox 2425 5061 2566 5131; x_wconf 85' lang='grc' dir='ltr'>πλήν</span> <span class='ocrx_word' id='word_1_839' title='bbox 2593 5079 2708 5115; x_wconf 87' lang='grc' dir='ltr'>σου.</span> <span class='ocrx_word' id='word_1_840' title='bbox 2742 5061 2813 5114; x_wconf 77' lang='grc' dir='ltr'><strong>Σὺ</strong></span> <span class='ocrx_word' id='word_1_841' title='bbox 2839 5062 2947 5133; x_wconf 84' lang='grc' dir='ltr'>γὰρ</span> <span class='ocrx_word' id='word_1_842' title='bbox 2974 5058 3024 5116; x_wconf 78' lang='grc' dir='ltr'>εἶ</span> <span class='ocrx_word' id='word_1_843' title='bbox 3049 5062 3179 5127; x_wconf 87' lang='grc' dir='ltr'>Θεὸς</span> <span class='ocrx_word' id='word_1_844' title='bbox 3204 5066 3297 5118; x_wconf 73' lang='grc' dir='ltr'>καὶ</span> <span class='ocrx_word' id='word_1_845' title='bbox 3322 5066 3422 5118; x_wconf 77' lang='grc' dir='ltr'><strong>οὐκ</strong></span> <span class='ocrx_word' id='word_1_846' title='bbox 3451 5066 3695 5137; x_wconf 65' lang='grc' dir='ltr'>ᾔδειμεν,</span> 
     </span>
    </p>
   </div>
   <div class='ocr_carea' id='block_1_110' title="bbox 2117 5150 3699 5226">
    <p class='ocr_par' dir='ltr' id='par_1_110' title="bbox 2117 5150 3699 5226">
     <span class='ocr_line' id='line_1_110' title="bbox 2117 5150 3699 5226; baseline 0.004 -23"><span class='ocrx_word' id='word_1_847' title='bbox 2117 5153 2146 5203; x_wconf 88' lang='lat'><strong>6</strong></span> <span class='ocrx_word' id='word_1_848' title='bbox 2164 5152 2296 5215; x_wconf 88' lang='grc' dir='ltr'>Θεὸς</span> <span class='ocrx_word' id='word_1_849' title='bbox 2317 5151 2410 5205; x_wconf 90' lang='grc' dir='ltr'><strong>τοῦ</strong></span> <span class='ocrx_word' id='word_1_850' title='bbox 2452 5152 2668 5223; x_wconf 80' lang='grc' dir='ltr'>Ἰσραὴλ</span> <span class='ocrx_word' id='word_1_851' title='bbox 2693 5154 2892 5224; x_wconf 76' lang='grc' dir='ltr'>σωτήρ.</span> <span class='ocrx_word' id='word_1_852' title='bbox 2927 5171 2945 5205; x_wconf 85' lang='grc' dir='ltr'><strong>ι</strong></span> <span class='ocrx_word' id='word_1_853' title='bbox 2972 5154 3199 5226; x_wconf 77' lang='grc' dir='ltr'>Εἴρηται</span> <span class='ocrx_word' id='word_1_854' title='bbox 3226 5155 3284 5209; x_wconf 83' lang='grc' dir='ltr'>δέ</span> <span class='ocrx_word' id='word_1_855' title='bbox 3314 5174 3415 5210; x_wconf 88' lang='grc' dir='ltr'><strong>που</strong></span> <span class='ocrx_word' id='word_1_856' title='bbox 3444 5156 3579 5226; x_wconf 83' lang='grc' dir='ltr'>πρὸς</span> <span class='ocrx_word' id='word_1_857' title='bbox 3608 5150 3699 5210; x_wconf 56' lang='lat' dir='ltr'><strong>cui</strong></span> 
     </span>
    </p>
   </div>
   <div class='ocr_carea' id='block_1_111' title="bbox 2121 5241 3696 5316">
    <p class='ocr_par' dir='ltr' id='par_1_111' title="bbox 2121 5241 3696 5316">
     <span class='ocr_line' id='line_1_111' title="bbox 2121 5241 3696 5316; baseline 0.003 -23"><span class='ocrx_word' id='word_1_858' title='bbox 2121 5242 2266 5303; x_wconf 83' lang='grc' dir='ltr'>Υἱὸν,</span> <span class='ocrx_word' id='word_1_859' title='bbox 2292 5243 2367 5305; x_wconf 86' lang='grc' dir='ltr'>ὡς</span> <span class='ocrx_word' id='word_1_860' title='bbox 2401 5243 2465 5295; x_wconf 86' lang='grc' dir='ltr'><strong>ἐκ</strong></span> <span class='ocrx_word' id='word_1_861' title='bbox 2496 5241 2787 5312; x_wconf 85' lang='grc' dir='ltr'>προσώπου</span> <span class='ocrx_word' id='word_1_862' title='bbox 2815 5243 2974 5296; x_wconf 80' lang='grc' dir='ltr'>πάλιν</span> <span class='ocrx_word' id='word_1_863' title='bbox 3004 5243 3095 5296; x_wconf 85' lang='grc' dir='ltr'><strong>τοῦ</strong></span> <span class='ocrx_word' id='word_1_864' title='bbox 3126 5243 3260 5298; x_wconf 88' lang='grc' dir='ltr'>Θεοῦ</span> <span class='ocrx_word' id='word_1_865' title='bbox 3313 5247 3407 5298; x_wconf 74' lang='grc' dir='ltr'>καὶ</span> <span class='ocrx_word' id='word_1_866' title='bbox 3451 5246 3696 5316; x_wconf 75' lang='grc' dir='ltr'>Πατρόςο</span> 
     </span>
    </p>
   </div>
   <div class='ocr_carea' id='block_1_112' title="bbox 2123 5332 3697 5407">
    <p class='ocr_par' dir='ltr' id='par_1_112' title="bbox 2123 5332 3697 5407">
     <span class='ocr_line' id='line_1_112' title="bbox 2123 5332 3697 5407; baseline 0.003 -23"><span class='ocrx_word' id='word_1_867' title='bbox 2123 5351 2142 5384; x_wconf 79' lang='grc' dir='ltr'><strong>ι</strong></span> <span class='ocrx_word' id='word_1_868' title='bbox 2167 5333 2295 5387; x_wconf 70' lang='grc' dir='ltr'><strong>Ἰδοὺ</strong></span> <span class='ocrx_word' id='word_1_869' title='bbox 2316 5332 2536 5387; x_wconf 77' lang='grc' dir='ltr'>τέθεικά</span> <span class='ocrx_word' id='word_1_870' title='bbox 2560 5350 2617 5385; x_wconf 90' lang='grc' dir='ltr'><strong>σε</strong></span> <span class='ocrx_word' id='word_1_871' title='bbox 2639 5334 2717 5397; x_wconf 84' lang='grc' dir='ltr'><strong>είς</strong></span> <span class='ocrx_word' id='word_1_872' title='bbox 2745 5334 3007 5405; x_wconf 68' lang='grc' dir='ltr'>διαθήκην</span> <span class='ocrx_word' id='word_1_873' title='bbox 3035 5336 3244 5405; x_wconf 83' lang='grc' dir='ltr'>γένους,</span> <span class='ocrx_word' id='word_1_874' title='bbox 3267 5339 3347 5401; x_wconf 83' lang='grc' dir='ltr'><strong>είς</strong></span> <span class='ocrx_word' id='word_1_875' title='bbox 3368 5337 3483 5407; x_wconf 87' lang='grc' dir='ltr'><strong>φῶς</strong></span> <span class='ocrx_word' id='word_1_876' title='bbox 3503 5337 3697 5403; x_wconf 84' lang='grc' dir='ltr'>ἐθνῶν,</span> 
     </span>
    </p>
   </div>
   <div class='ocr_carea' id='block_1_113' title="bbox 2107 5416 3691 5501">
    <p class='ocr_par' dir='ltr' id='par_1_113' title="bbox 2107 5416 3691 5501">
     <span class='ocr_line' id='line_1_113' title="bbox 2107 5416 3691 5501; baseline 0.003 -24"><span class='ocrx_word' id='word_1_877' title='bbox 2107 5424 2202 5477; x_wconf 88' lang='grc' dir='ltr'><strong>τοῦ</strong></span> <span class='ocrx_word' id='word_1_878' title='bbox 2251 5419 2393 5478; x_wconf 83' lang='grc' dir='ltr'>εἷναί</span> <span class='ocrx_word' id='word_1_879' title='bbox 2441 5440 2499 5477; x_wconf 92' lang='grc' dir='ltr'><strong>σε</strong></span> <span class='ocrx_word' id='word_1_880' title='bbox 2547 5427 2626 5488; x_wconf 82' lang='grc' dir='ltr'><strong>είς</strong></span> <span class='ocrx_word' id='word_1_881' title='bbox 2678 5425 2954 5496; x_wconf 80' lang='grc' dir='ltr'>σωτηρίαν</span> <span class='ocrx_word' id='word_1_882' title='bbox 2986 5427 3091 5491; x_wconf 73' lang='grc' dir='ltr'>ἕως</span> <span class='ocrx_word' id='word_1_883' title='bbox 3124 5416 3353 5498; x_wconf 77' lang='grc' dir='ltr'>ἐσχάτου</span> <span class='ocrx_word' id='word_1_884' title='bbox 3382 5430 3482 5501; x_wconf 80' lang='grc' dir='ltr'>τῆς</span> <span class='ocrx_word' id='word_1_885' title='bbox 3509 5429 3635 5500; x_wconf 77' lang='grc' dir='ltr'>γῆς.</span> <span class='ocrx_word' id='word_1_886' title='bbox 3671 5449 3691 5481; x_wconf 76' lang='grc' dir='ltr'><strong>ι</strong></span> 
     </span>
    </p>
   </div>
   <div class='ocr_carea' id='block_1_114' title="bbox 458 5558 2007 5656">
    <p class='ocr_par' dir='ltr' id='par_1_114' title="bbox 458 5558 2007 5656">
     <span class='ocr_line' id='line_1_114' title="bbox 458 5558 2007 5656; baseline 0.001 -27"><span class='ocrx_word' id='word_1_887' title='bbox 458 5576 895 5656; x_wconf 70' lang='lat' dir='ltr'><strong>.?°.t_&#39;rim_._n_i,</strong></span> <span class='ocrx_word' id='word_1_888' title='bbox 931 5578 1018 5633; x_wconf 80' lang='lat' dir='ltr'><strong>ts.</strong></span> <span class='ocrx_word' id='word_1_889' title='bbox 1096 5576 1737 5656; x_wconf 10' lang='lat' dir='ltr'><strong>&#39;_“[&#39;_3plte6.ltl,710,_{‘2_.</strong></span> <span class='ocrx_word' id='word_1_890' title='bbox 1812 5580 1854 5610; x_wconf 79' lang='grc' dir='ltr'>τι</span> <span class='ocrx_word' id='word_1_891' title='bbox 1895 5558 2007 5631; x_wconf 79' lang='lat' dir='ltr'><strong>Psal</strong></span> 
     </span>
    </p>
   </div>
   <div class='ocr_carea' id='block_1_115' title="bbox 2111 5558 3694 5656">
    <p class='ocr_par' dir='ltr' id='par_1_115' title="bbox 2111 5578 3694 5656">
     <span class='ocr_line' id='line_1_115' title="bbox 2111 5578 3694 5656; baseline 0.007 -25"><span class='ocrx_word' id='word_1_892' title='bbox 2111 5588 2200 5656; x_wconf 65' lang='lat' dir='ltr'><strong>vit,</strong></span> <span class='ocrx_word' id='word_1_893' title='bbox 2236 5580 2356 5656; x_wconf 38' lang='lat'><strong>12:“</strong></span> <span class='ocrx_word' id='word_1_894' title='bbox 2398 5579 2445 5656; x_wconf 65' lang='grc' dir='ltr'>ξ’</span> <span class='ocrx_word' id='word_1_895' title='bbox 2481 5578 2656 5633; x_wconf 85' lang='lat' dir='ltr'><strong>Galat.</strong></span> <span class='ocrx_word' id='word_1_896' title='bbox 2689 5595 2761 5656; x_wconf 67' lang='lat' dir='ltr'><strong>ty,</strong></span> <span class='ocrx_word' id='word_1_897' title='bbox 2792 5581 2843 5635; x_wconf 76' lang='grc'><strong>4.</strong></span> <span class='ocrx_word' id='word_1_898' title='bbox 2924 5583 2969 5614; x_wconf 82' lang='grc'><strong>⁷³</strong></span> <span class='ocrx_word' id='word_1_899' title='bbox 3003 5584 3043 5638; x_wconf 92' lang='lat' dir='ltr'><strong>ll</strong></span> <span class='ocrx_word' id='word_1_900' title='bbox 3071 5586 3217 5640; x_wconf 79' lang='lat' dir='ltr'><strong>i‘etr.</strong></span> <span class='ocrx_word' id='word_1_901' title='bbox 3255 5605 3291 5656; x_wconf 85' lang='lat' dir='ltr'><strong>t,</strong></span> <span class='ocrx_word' id='word_1_902' title='bbox 3325 5587 3375 5641; x_wconf 72' lang='grc' dir='ltr'>ι.</span> <span class='ocrx_word' id='word_1_903' title='bbox 3450 5586 3500 5621; x_wconf 73' lang='grc'>⁷⁸</span> <span class='ocrx_word' id='word_1_904' title='bbox 3534 5587 3694 5643; x_wconf 80' lang='lat' dir='ltr'><strong>Rom.</strong></span> 
     </span>
    </p>
   </div>
   <div class='ocr_carea' id='block_1_116' title="bbox 446 5648 676 5710">
    <p class='ocr_par' dir='ltr' id='par_1_116' title="bbox 446 5648 676 5710">
     <span class='ocr_line' id='line_1_116' title="bbox 446 5648 676 5710; baseline 0.009 -10"><span class='ocrx_word' id='word_1_905' title='bbox 446 5648 676 5710; x_wconf 54' lang='lat' dir='ltr'><strong>nihil.</strong></span> 
     </span>
    </p>
   </div>
   <div class='ocr_carea' id='block_1_117' title="bbox 753 5648 2214 5715">
    <p class='ocr_par' dir='ltr' id='par_1_117' title="bbox 753 5648 2214 5715">
     <span class='ocr_line' id='line_1_117' title="bbox 753 5648 2214 5715; baseline 0 -14"><span class='ocrx_word' id='word_1_906' title='bbox 753 5648 798 5678; x_wconf 82' lang='lat'><em>&quot;</em></span> <span class='ocrx_word' id='word_1_907' title='bbox 838 5649 939 5701; x_wconf 77' lang='lat' dir='ltr'><strong>lsu.</strong></span> <span class='ocrx_word' id='word_1_908' title='bbox 970 5666 1078 5713; x_wconf 54' lang='grc' dir='ltr'>ιιι,</span> <span class='ocrx_word' id='word_1_909' title='bbox 1108 5650 1170 5713; x_wconf 78' lang='lat' dir='ltr'><strong>l;</strong></span> <span class='ocrx_word' id='word_1_910' title='bbox 1204 5649 1332 5703; x_wconf 85' lang='lat' dir='ltr'><strong>Luc.</strong></span> <span class='ocrx_word' id='word_1_911' title='bbox 1370 5665 1441 5713; x_wconf 86' lang='lat' dir='ltr'><strong>tv,</strong></span> <span class='ocrx_word' id='word_1_912' title='bbox 1476 5651 1560 5704; x_wconf 69' lang='lat'><strong>19.</strong></span> <span class='ocrx_word' id='word_1_913' title='bbox 1639 5650 1683 5679; x_wconf 72' lang='grc'>⁷⁸</span> <span class='ocrx_word' id='word_1_914' title='bbox 1721 5648 1822 5703; x_wconf 84' lang='lat' dir='ltr'><strong>lsa.</strong></span> <span class='ocrx_word' id='word_1_915' title='bbox 1861 5665 1980 5715; x_wconf 70' lang='grc' dir='ltr'>λιν,</span> <span class='ocrx_word' id='word_1_916' title='bbox 2014 5650 2095 5713; x_wconf 70' lang='grc'><strong>14,</strong></span> <span class='ocrx_word' id='word_1_917' title='bbox 2128 5650 2214 5703; x_wconf 66' lang='lat' dir='ltr'><strong>lii.</strong></span> 
     </span>
    </p>
   </div>
   <div class='ocr_carea' id='block_1_118' title="bbox 2292 5647 2755 5709">
    <p class='ocr_par' dir='ltr' id='par_1_118' title="bbox 2292 5647 2755 5709">
     <span class='ocr_line' id='line_1_118' title="bbox 2292 5647 2755 5709; baseline 0.013 -9"><span class='ocrx_word' id='word_1_918' title='bbox 2292 5651 2358 5680; x_wconf 70' lang='grc' dir='ltr'><strong>’θ’</strong></span> <span class='ocrx_word' id='word_1_919' title='bbox 2397 5647 2495 5703; x_wconf 87' lang='lat' dir='ltr'><strong>lsa.</strong></span> <span class='ocrx_word' id='word_1_920' title='bbox 2527 5664 2672 5709; x_wconf 65' lang='lat' dir='ltr'><strong>sus.</strong></span> <span class='ocrx_word' id='word_1_921' title='bbox 2703 5652 2755 5707; x_wconf 85' lang='grc'><strong>6.</strong></span> 
     </span>
    </p>
   </div>
  </div>
