4004 6202
276 345 367 400 HS
1374 348 1741 406 ADVERSUS
1778 351 2186 409 NESTORIUM
2226 355 2351 412 LIB.
2389 356 2480 412 ιη.

3430 356 3555 423 ιη’

272 461 669 532 Νενομοθέτηκε
704 462 814 531 μὲν
847 463 959 534 γὰρ
990 463 1080 515 τὸν
1105 462 1164 530 ἐξ
1195 464 1425 535 αἵματός
1452 483 1510 518 τε
1539 469 1635 541 καὶ
1664 470 1853 538 γένους

1956 486 2149 541 genere
2197 475 2357 530 Israel
2414 476 2532 532 tulit
2579 476 2722 548 leges
2768 477 2904 535 Novi
2954 482 3309 551 Testamenti,
3350 490 3531 556 priore

289 553 489 624 Ἰσραὴλ
520 552 622 623 τὴν
672 555 905 624 Καινὴν
951 554 1262 626 Διαθήκην,
1305 553 1708 631 παλαιωθείσης
1756 561 1859 631 τῆς

276 647 507 717 πρώτης·
538 647 793 715 ἐπέφανε
855 648 915 699 δὲ
967 648 1063 700 καὶ
1104 647 1268 718 μέχρι
1314 650 1602 720 τερμάτων
1628 653 1727 723 τῆς
1754 653 1859 705 ὑπ’

277 740 503 809 οὐρανὸν,
540 741 658 801 τοῖς
692 738 807 792 ἀνὰ
836 740 1026 792 πᾶσαν
1056 738 1239 807 χώραν
1273 755 1334 792 τε
1373 742 1466 793 καὶ
1500 741 1653 795 πόλιν
1681 743 1858 797 ἔθνεσί

278 844 330 879 τε
372 827 463 879 καὶ
510 825 682 891 λαοῖς.
712 827 1216 898 Προσκεκυνήκασι
1250 827 1359 898 γὰρ
1405 830 1573 900 αὐτῷ,
1607 831 1702 884 καὶ
1752 832 1857 902 μὴν

282 934 365 970 και
409 917 625 970 ἕπονται
677 918 939 987 νοητῶς,
990 919 1288 990 ἀρρήκτοις
1334 921 1554 993 ἀγάπης
1604 923 1855 995 δεσμοῖς,

285 1007 513 1077 καθάπερ
539 1006 651 1059 τισὶ
680 1008 1047 1077 χέιροπέδαις
1073 1010 1259 1079 ἐνισχη
1268 1009 1425 1080 μένα,
1451 1013 1544 1067 καὶ
1574 1016 1859 1084 μονονουχὶ

286 1098 493 1164 λέγοντα
536 1096 597 1149 τὸ
645 1097 740 1151 διὰ
775 1098 975 1168 φωνῆς
1017 1099 1314 1170 Ἱερεμίου·
1351 1119 1371 1152 ι
1393 1101 1664 1157 ἰδοὺλοῖδε
1697 1108 1857 1177 ἡμεῖς

295 1186 507 1258 ἐσόμεθά
528 1202 628 1253 σοι,
662 1188 750 1240 ὅτι
779 1188 858 1242 σὺ
885 1187 1091 1261 Κύριος
1112 1190 1140 1241 6
1162 1189 1295 1253 Θεὸς
1321 1191 1477 1262 ἡμῶν
1500 1190 1570 1247 εἴ.
1601 1195 1775 1267 »Ὅρα
1798 1197 1857 1251 δέ

304 1295 382 1347 μοι
401 1277 496 1329 τῶν
511 1277 881 1347 προφητικῶν
900 1278 1117 1331 ἐννοιῶν
1131 1277 1230 1350 τὴν
1248 1281 1578 1353 ἐγρήγορσιν
1596 1302 1611 1318 ·
1639 1303 1659 1337 ι
1689 1287 1860 1358 Προσ-

303 1368 564 1439 κυνήσουσί
594 1384 702 1430 σοι,
736 1369 904 1438 φησι,
935 1370 1030 1422 καὶ
1062 1371 1119 1423 ὲν
1151 1370 1230 1428 σο)
1258 1373 1665 1442 προσεύξονται,
1695 1377 1775 1432 ὃτι
1800 1381 1858 1433 ὲν

307 1465 380 1516 col
404 1463 524 1526 Θεός
553 1466 688 1526 ἐστι,
720 1465 825 1520 καὶ
852 1466 955 1517 οὐκ
989 1464 1107 1518 ἐστι
1131 1465 1266 1530 Θεὸς
1311 1466 1453 1538 πλὴν
1499 1471 1629 1526 σοῦ’
1669 1492 1689 1526 ι
1738 1475 1857 1546 ᾔδει

312 1558 398 1628 μὲν
428 1554 513 1612 οὖν
551 1560 1033 1631 ὁμολογουμένως,
1064 1562 1140 1625 ὡς
1178 1567 1623 1636 πνευματοφόρος
1658 1569 1752 1623 τὸν
1792 1572 1858 1626 ὲκ

308 1652 427 1705 Θεοῦ
451 1653 650 1723 Harpe;
678 1653 857 1721 Λόγον
884 1655 944 1709 ἐν
972 1655 1105 1723 ἡμῖν
1133 1656 1486 1728 σκηνώσαντα
1511 1658 1619 1731 [νῑσ.
1647 1662 1857 1733 σκηνώ-

315 1743 496 1816 σονται,
525 1744 663 1797 καθά
690 1761 857 1813 φησιν
883 1747 914 1797 6
940 1746 1215 1817 μακάριος
1242 1748 1630 1823 εὖαγγελιστὴς
1669 1755 1853 1810 Ἰωάν-

315 1852 426 1903 νης·
451 1810 611 1906 ταύτῃ
635 1810 716 1887 τοί
747 1810 1037 1905 φησινίδτι
1076 1810 1208 1890 (Ἑν
1230 1840 1315 1891 σοὶ
1334 1810 1469 1905 Θεός
1495 1810 1639 1896 εστῖ·
1671 1862 1691 1896 ι
1718 1844 1858 1916 πλὴν
1888 1810 1930 1864 Β

318 1927 408 1986 οὔκ
434 1928 506 1989 εἰς
545 1926 632 1979 δύο
661 1925 948 1996 τέμνεσθαι
978 1926 1149 1991 Θεοὺς
1180 1930 1568 2002 συγκεχώρηκε
1595 1934 1686 1988 τὸν
1725 1935 1858 2007 Ἐμ-

328 2018 571 2087 μανουήλ’
596 2017 704 2071 ἀλλ’
725 2020 771 2070 εί
798 2018 892 2071 καὶ
919 2017 1149 2087 γέγονεν
1162 2019 1449 2092 ἄνθρωπος
1475 2027 1503 2076 6
1524 2025 1856 2097 Μονογενὴς,

332 2108 420 2159 ἱνα
436 2108 523 2159 καὶ
538 2106 695 2172 οὕτως
717 2108 981 2179 ὡμολόγει
1011 2109 1174 2162 πάλιν
1202 2110 1364 2163 αὐτόν
1380 2128 1403 2141 ι
1419 2113 1513 2165 καὶ
1539 2113 1669 2181 γοῦν
1690 2116 1856 2182 εὐθὺς

349 2200 766 2267 προσεπὴνεγιιεν,
808 2201 891 2254 ὅτι
944 2217 965 2251 ι
996 2200 1114 2252 οὐκ
1150 2199 1264 2252 ἐστι
1314 2199 1448 2265 Θεὸς
1495 2203 1635 2274 πλὴν
1684 2205 1800 2259 σοῦ.
1831 2225 1851 2258 ι

367 2285 614 2354 Ἐπιτήρει
645 2287 735 2358 γὰρ
760 2288 996 2359 ἀκριϐῶς
1039 2288 1140 2358 τὴν
1177 2288 1272 2341 τοῦ
1315 2292 1595 2362 προφήτου
1646 2298 1851 2367 φωνήν.

356 2377 756 2446 Προσηγορευκὼς
771 2379 983 2450 γάρ,ὼς
1003 2379 1161 2449 ἔφην,
1182 2381 1263 2433 ὅτι
1279 2382 1367 2435 Ἑν
1385 2383 1467 2435 σοὶ
1490 2385 1662 2448 ὁΘεός
1684 2388 1852 2455 ἐστιν,

344 2465 402 2516 οὔ
440 2466 806 2535 προστέθεικεν,
830 2472 909 2522 ὅτι
928 2471 1034 2523 Kal
1068 2471 1167 2523 οὐκ
1197 2470 1312 2525 ἔστι
1341 2473 1474 2538 Θεὸς
1507 2474 1647 2547 πλὴν
1674 2477 1768 2531 τοῦ
1797 2479 1857 2532 ἐν

337 2556 433 2620 σοὶ,
466 2557 586 2609 ἀλλ’
613 2560 688 2621 είς
728 2561 942 2629 ἑνότητα
985 2561 1305 2629 συνενεγκὼν
1340 2566 1710 2639 οἰκονομικὴν,
1742 2569 1856 2623 Οὐκ

323 2646 449 2711 ἔστι,
477 2649 626 2717 φησι,
655 2650 779 2712 Θεὸς
824 2649 963 2719 πλὴν
1005 2650 1111 2705 σοῦ.
1143 2652 1268 2705 Ὅτι
1293 2653 1350 2707 δὲ
1375 2654 1661 2726 ἄνθρωπος
1697 2674 1855 2728 γεγο-

318 2736 415 2800 νὼς
442 2739 470 2790 6
494 2740 774 2810 μονογενής
800 2740 894 2793 τοῦ
925 2741 1058 2795 Θεοῦ
1086 2742 1278 2811 Λόγος,
1300 2743 1388 2798 διὰ
1409 2747 1591 2817 πάσης
1613 2750 1710 2818 τῆς
1735 2750 1855 2802 θεο-

318 2828 557 2881 πνεύστου
602 2829 835 2901 Γραφῇ,
871 2831 949 2896 ὡς
1000 2833 1133 2897 ἔπος
1176 2836 1369 2899 εἰπεῖν,
1404 2838 1850 2906 καταγγέλλεται,

312 2916 391 2970 διὰ
407 2916 645 2970 πλείστων
668 2920 771 2989 μὲν
791 2921 934 2974 ὅσων
953 2922 1164 2975 ἀκονιτὶ
1186 2924 1495 2991 καταδεῖξαι
1521 2928 1650 2997 ῥᾷον
1670 2944 1684 2957 °
1708 2929 1843 2982 ἀπό-

313 3020 407 3073 χρη
436 3004 510 3071 δὲ,
539 2999 699 3076 οἶμαι,
730 3007 868 3077 πρὸς
904 3008 968 3062 τὸ
984 3011 1159 3081 παρὸν
1176 3012 1725 3087 ἐκεῖνο“είπεῖν.Ἕφη
1744 3016 1855 3087 γάρ

312 3111 408 3147 που
430 3094 553 3196 Θεὸς
576 3098 700 3167 πρὸς
722 3099 812 3152 τὸν
835 3099 1108 3171 μακάριον
1133 3102 1295 3155 Δαὸίδ
1314 3118 1327 3131 °
1367 3122 1386 3155 ι
1414 3106 1524 3157 Καὶ
1568 3104 1855 3178 ἀναστήσω
1880 3142 1922 3200 C

311 3186 373 3237 ἐκ
388 3184 476 3239 τοῦ
495 3187 787 3257 σπέρματός
806 3206 902 3242 σου
932 3191 1073 3261 μετά
1095 3192 1175 3257 σὲ,
1191 3192 1249 3256 ὃς
1272 3192 1425 3246 ἔσται
1448 3194 1512 3246 ὲκ
1530 3195 1629 3264 τῆς
1646 3197 1855 3261 κοιλίας

312 3294 397 3331 σου
414 3294 428 3308 ’
448 3280 532 3331 καὶ
548 3281 821 3351 ἑτοιμάσω
837 3283 936 3353 τὴν
954 3283 1230 3353 βασιλείαν
1250 3284 1415 3338 αὐτοῦ
1433 3302 1452 3320 θ
1472 3286 1633 3350 αὐτὸς
1652 3290 1856 3343 οἰκοδο-

308 3369 450 3439 μήσει
472 3366 612 3424 οἶκον
624 3371 704 3441 τῷ
724 3366 951 3442 ὀνόματί
979 3389 1102 3443 μου.
1122 3375 1232 3429 Καὶ
1246 3376 1538 3447 ἀνορθώσω
1555 3378 1646 3432 τὸν
1667 3378 1855 3451 θρόνον

303 3462 447 3514 αὐτοῦ
468 3463 564 3525 ἕως
582 3466 667 3527 εἰς
687 3464 781 3517 τὸν
800 3463 992 3520 αἰῶνα.
1008 3466 1117 3519 Kal
1136 3464 1246 3534 ἐγὼ
1264 3466 1455 3537 ἔσομαι
1480 3468 1628 3540 αὑτῷ
1647 3472 1727 3534 είς
1745 3472 1857 3524 Πα-

301 3551 536 3622 τέρα,καὶ
556 3555 725 3617 αὐτὸς
749 3555 902 3608 ἔσται
920 3572 1010 3624 μοι
1029 3556 1109 3619 εἰς
1132 3555 1278 3609 Υίόν.
1295 3575 1313 3607 ι
1334 3557 1494 3622 Ἀλλ’,
1520 3553 1695 3627 οἶμαι,
1721 3561 1852 3631 φαίη

301 3659 374 3705 τις
395 3642 473 3705 ἀν,
489 3644 589 3699 οὐκ
613 3646 710 3698 ἐπί
739 3662 803 3714 γε
820 3645 899 3715 τῷ
923 3646 1549 3720 Ἐμμανουήλ,εἰρῆσθαι
1573 3650 1631 3703 δὲ
1655 3651 1856 3721 μᾶλλον

302 3733 381 3785 ἐπὶ
414 3736 712 3807 Σολομῶν-ιι
742 3737 919 3794 ταυτί.
955 3737 1166 3800 Παῦλος
1193 3755 1255 3807 γε
1287 3739 1393 3810 μὴν
1440 3742 1469 3793 6
1504 3741 1841 3811 σοφώτατος,

302 3824 397 3884 τοῖς
435 3824 605 3888 οὕτως
656 3826 897 3879 ἐθέλουσι
955 3828 1117 3890 νοεῖν,
1170 3827 1511 3891 ἀντιτάξεται
1568 3832 1851 3898 γεννικῶς,

302 3911 489 3982 δέχεται
509 3918 625 3985 γὰρ
651 3917 744 3968 ἐπὶ
767 3917 988 3987 Χριστῷ
1014 3919 1113 3981 τὰς
1141 3918 1354 3985 φωνάς’
1384 3919 1478 3973 καὶ
1514 3920 1676 3973 αὐτὸν
1709 3920 1852 3976 εἶναί

308 4020 425 4071 φησι
456 4008 592 4077 πρὸς
623 4008 680 4059 ὃν
716 4008 931 4079 εἴρηται
969 4010 1123 4080 παρὰ
1154 4009 1248 4062 τοῦ
1295 4009 1430 4063 Θεοῦ
1475 4012 1568 4064 καὶ
1609 4013 1841 4083 Πατρὸς,

306 4094 379 4147 ὅτι
411 4098 834 4168 «Ἕσομαιαύτῷ
858 4102 935 4162 εἰς
964 4100 1205 4170 Πατέρα,
1249 4101 1344 4154 καὶ
1379 4102 1541 4166 αὐτὸς
1574 4102 1726 4157 ἔσται
1762 4122 1853 4175 μοι

296 4182 369 4246 εἰς
416 4186 554 4240 Υἱόν.
584 4208 603 4239 ι
637 4190 761 4242 Ὀτι
803 4191 861 4243 δὲ
907 4191 1028 4244 καθ’
1065 4193 1213 4261 ἡμᾶς
1267 4191 1525 4269 γεγονὼς,
1577 4196 1852 4249 τουτέστιν

293 4278 581 4348 ἄνθρωπος,
621 4283 998 4351 ἱερουργήσειν
1031 4282 1225 4353 ἔμελλε
1264 4284 1341 4353 τῷ
1381 4283 1499 4354 Θεῷ
1530 4286 1621 4338 καὶ
1653 4287 1847 4359 Πατρὶ,

286 4366 364 4420 διὰ
406 4370 509 4439 τῆς
563 4372 647 4431 εἰς
694 4369 855 4422 αὐτὸν
910 4370 1145 4434 πίστεως
1200 4374 1550 4445 σεσωσμένην
1599 4376 1698 4445 τὴν
1759 4377 1850 4429 ὑπ’

1957 562 2068 631 jam
2110 563 2414 632 antiquata,
2457 565 2634 619 illuxit
2664 566 2825 621 etiam
2854 584 3023 636 usque
3054 573 3119 626 ad
3153 566 3414 629 terminos
3442 593 3531 630 or-

1960 652 2043 705 bis
2086 661 2353 707 terrarum
2403 656 2650 724 gentibus
2699 672 2762 712 ac
2805 662 3014 729 populis
3062 664 3157 733 qui
3210 680 3305 733 per
3341 684 3529 724 omnes

1962 743 2208 810 regiones
2245 756 2298 799 et
2343 748 2503 801 urbes
2547 758 2749 805 erant:
2780 766 2901 803 nam
2944 752 3093 806 illum
3138 755 3527 822 adoraverunt,

1962 842 2126 901 atqne
2163 835 2325 887 etiam
2351 834 2668 901 spiritaliter
2700 848 3021 907 sequuntur,
3052 840 3220 897 ﬁrmis
3248 844 3529 901 charitatis

1958 923 2187 977 vinculis
2248 924 2408 979 veluti
2454 926 2772 995 quibusdam
2841 931 3189 998 compedibus
3253 935 3412 999 nexi,
3464 950 3526 988 ac

1959 1006 2346 1081 propemodum
2402 1002 2823 1073 illud’Jeremia:
2882 1010 3164 1075 dicentes:
3198 1040 3216 1072 ι
3250 1022 3385 1077 Ecce
3432 1024 3527 1093 ipsi

1959 1116 2058 1157 nos
2106 1104 2310 1158 erimus
2370 1105 2500 1173 tibi,
2555 1109 2679 1176 quia
2734 1118 2789 1163 tu
2848 1109 3108 1165 Dominus
3162 1110 3303 1167 Deus
3349 1124 3531 1168 noster

1956 1207 2016 1247 es
2037 1193 2105 1246 ".
2134 1212 2154 1245 ι
2176 1193 2253 1249 Ac
2266 1196 2405 1260 vide,
2438 1212 2641 1265 quaeso,
2671 1200 3101 1270 propheticarmn
3124 1204 3518 1258 sententiarum

1957 1282 2311 1353 vigilantiam.
2349 1285 2780 1342 «Curvabuntur
2831 1291 2952 1357 tibi,
3010 1293 3215 1361 inquit,
3268 1302 3323 1347 et
3376 1294 3427 1348 in
3476 1304 3525 1349 te

1959 1373 2286 1436 adorabunt,
2340 1377 2465 1446 quia
2519 1378 2572 1432 in
2609 1387 2659 1433 te
2692 1378 2834 1435 Deus
2862 1391 2965 1445 est,
3011 1391 3065 1436 et
3112 1399 3215 1437 non
3265 1394 3349 1439 est
3391 1383 3531 1440 Dens

1957 1470 2153 1530 praeter
2182 1472 2233 1518 te
2251 1461 2299 1494 "
2328 1483 2341 1518 :
2377 1483 2395 1516 ι
2433 1480 2556 1519 nam
2590 1475 2648 1520 ut
2678 1468 2867 1537 spiritu
2896 1469 3183 1525 instinctus
3209 1482 3360 1526 certo
3390 1475 3530 1529 scie-

1957 1549 2067 1615 bat,
2120 1550 2213 1607 Dei
2259 1551 2434 1609 Patris
2473 1554 2708 1610 Verbum
2756 1558 2809 1611 in
2858 1559 3011 1613 nobis
3045 1561 3433 1629 habitatorum,
3472 1573 3529 1617 ut

1956 1641 2134 1711 inquit
2171 1643 2360 1698 beatus
2388 1645 2717 1715 evangelista
2746 1645 2983 1702 Joannes
3002 1649 3088 1715 "’;
3125 1651 3224 1704 hac
3267 1653 3331 1705 de
3365 1667 3527 1707 causa

1957 1733 2078 1787 ait:
2114 1751 2135 1784 ι
2163 1734 2217 1786 In
2267 1745 2318 1789 te
2358 1735 2499 1791 Deus
2540 1743 2648 1802 est,
2698 1754 2717 1788 ι
2773 1752 2947 1806 neque
2994 1747 3171 1794 tamen
3222 1755 3409 1809 passus
3445 1752 3528 1796 est

1962 1824 2365 1881 Emmanuelem
2396 1827 2451 1880 in
2475 1827 2579 1882 duo
2602 1827 2800 1895 dividi;
2831 1830 2922 1883 sed
2948 1832 3193 1898 quamvis
3215 1830 3306 1887 ille
3338 1831 3527 1901 Unlgeo

1959 1917 2101 1970 nitus
2135 1919 2208 1972 sit
2230 1918 2402 1974 factus
2430 1921 2612 1985 homo,
2645 1918 2725 1974 sic
2751 1934 2965 1989 quoque
2999 1936 3162 1974 unum
3191 1936 3377 1977 rursus
3403 1937 3523 1977 esse

1958 2007 2246 2074 fatebatur,
2291 2010 2518 2079 ideoque
2569 2011 2749 2064 intulit
2791 2012 2971 2064 statim
3005 2028 3019 2065 :
3056 2030 3075 2063 ι
3108 2010 3229 2066 Non
3261 2022 3344 2067 est
3384 2013 3524 2068 Deus

1955 2109 2150 2169 praeter
2191 2110 2263 2155 te.
2299 2119 2317 2152 ι
2355 2100 2595 2155 Observa
2646 2118 2878 2170 namque
2923 2103 3210 2172 diligenter
3254 2105 3524 2174 prephetac

1955 2206 2140 2245 vocem
2166 2210 2181 2247 :
2204 2208 2325 2247 cum
2353 2194 2522 2257 enim,
2550 2201 2609 2246 ut
2642 2193 2772 2259 dixi,
2803 2192 3064 2248 allocutus
3092 2204 3236 2250 esset
3268 2212 3389 2251 eum
3440 2196 3523 2250 his

1955 2283 2178 2337 verbis:
2212 2302 2231 2335 ι
2278 2283 2333 2338 lu
2364 2295 2417 2337 te
2452 2292 2544 2338 'est
2593 2282 2771 2351 Deus;
2801 2302 2818 2335 ι
2869 2299 2973 2339 non
3022 2283 3213 2361 adjecit
3250 2304 3263 2340 :
3293 2284 3406 2339 Non
3442 2299 3525 2340 est

1957 2374 2097 2428 Deus
2126 2385 2325 2445 praeter
2357 2375 2507 2430 illum
2558 2375 2649 2444 qui
2693 2385 2775 2429 est
2815 2377 2865 2428 in
2914 2387 2984 2437 te.
3035 2377 3128 2429 sed
3175 2377 3228 2429 in
3265 2377 3521 2429 unitatem

1964 2465 2419 2533 dispensatoriam
2464 2466 2838 2535 conjungcndo
2864 2484 2878 2520 :
2907 2483 2925 2515 ι
2956 2463 3070 2518 Νοιι
3113 2473 3196 2517 est
3236 2463 3396 2530 Deus,
3441 2468 3522 2518 in-

1957 2554 2091 2621 quit,
2126 2562 2322 2619 praeter
2351 2562 2423 2607 te.
2454 2571 2472 2605 ι
2519 2553 2687 2607 Porro
2719 2552 3052 2622 unigenitum
3105 2551 3233 2604 illud
3264 2551 3352 2605 Dei
3395 2549 3525 2606 Ver-

1954 2644 2080 2699 bum
2114 2645 2383 2699 hominem
2416 2643 2645 2709 factum,
2673 2657 2772 2713 per
2794 2656 2981 2697 omnes
3004 2642 3261 2697 divinitus
3297 2643 3529 2711 inspira-

1955 2742 2022 2788 ta:
2060 2735 2352 2804 Scriptura:
2384 2734 2617 2800 litteras,
2653 2743 2710 2788 ut
2737 2732 2812 2787 ita
2852 2733 3047 2798 dicam,
3071 2734 3377 2803 praedicari,
3407 2749 3528 2803 per-

1955 2824 2112 2879 facile
2160 2833 2255 2880 est‘
2295 2825 2707 2895 quamplurimis
2770 2824 2904 2878 locis
2955 2826 3273 2890 ostendere,
3325 2828 3417 2880 sed
3461 2826 3527 2881 ad

1954 2930 2192 2985 prmaens
2223 2917 2352 2971 illud
2389 2916 2593 2971 dixisse
2632 2915 2762 2969 satis
2799 2915 2921 2968 erit.
2956 2914 3096 2969 Dixit
3124 2918 3266 2972 enim
3298 2919 3435 2973 Deus
3460 2919 3526 2972 ad

1954 3012 2169 3066 beatunt
2213 3010 2375 3065 David
2406 3028 2420 3064 :
2451 3029 2469 3062 ι
2501 3009 2570 3064 Et
2611 3009 2888 3064 suscitabo
2921 3011 2989 3063 de
3039 3011 3243 3066 semine
3276 3021 3366 3066 tuo
3407 3022 3531 3079 post

1955 3111 2030 3167 te,
2070 3103 2161 3173 qui
2205 3105 2310 3159 erit
2352 3102 2418 3158 de
2451 3112 2638 3156 ventre
2683 3108 2796 3166 tuo,
2841 3111 2896 3154 et
2939 3102 3253 3171 praparabo
3305 3116 3525 3172 regnum

1958 3195 2073 3263 ejus
2110 3196 2264 3262 :ipse
2298 3193 2587 3250 aediﬁcabit
2631 3193 2848 3247 domum
2889 3192 3091 3247 nomini
3127 3208 3283 3247 meo:
3320 3204 3374 3247 et
3414 3193 3526 3247 eri-

1959 3300 2079 3355 gant
2124 3286 2318 3339 solium
2350 3284 2466 3354 ejus
2498 3296 2665 3351 usque
2694 3283 2746 3336 in
2797 3282 3051 3337 sacculum
3084 3301 3097 3335 :
3130 3290 3183 3336 et
3213 3297 3312 3351 ego
3347 3298 3441 3338 ero
3475 3284 3523 3337 ei

1958 3376 2009 3430 in
2034 3375 2269 3440 Patrem,
2288 3384 2342 3430 et
2365 3375 2479 3442 ipse
2505 3374 2610 3428 erit
2632 3373 2759 3427 mihi
2780 3374 2833 3427 in
2861 3372 3053 3427 Filium
3073 3372 3141 3427 '°.
3174 3392 3193 3424 ι
3224 3374 3330 3427 Sed
3359 3374 3522 3441 dicet,

1956 3468 2181 3535 Opinor,
2226 3466 2439 3534 aliquis,
2478 3466 2589 3519 hinc
2628 3480 2731 3520 non
2759 3465 2810 3518 in
2856 3465 3282 3529 Emmanuelem,
3336 3466 3428 3520 sed
3474 3467 3524 3519 in

1960 3556 2069 3627 63
2125 3554 2466 3611 Salomonem
2512 3556 2654 3610 dicta
2704 3554 2889 3613 fuisse.
2939 3556 3041 3611 Sed
3097 3557 3280 3611 beatus
3332 3556 3527 3609 Pmilns

1958 3647 2271 3703 hominibus
2310 3648 2382 3701 ita
2418 3647 2780 3702 sentientibus
2811 3657 3033 3701 strenue
3060 3647 3306 3711 obsistet,
3338 3647 3426 3716 qui
3463 3648 3527 3699 de

1954 3739 2174 3795 Christo
2208 3738 2308 3793 has
2337 3752 2498 3793 voces
2530 3739 2747 3807 accipit,
2785 3739 3066 3807 ipsumque
3097 3754 3217 3793 esse
3246 3738 3439 3792 asserit
3473 3738 3522 3790 in

1954 3845 2113 3901 quem
2150 3830 2350 3884 dictum
2380 3830 2449 3884 sit
2477 3846 2507 3883 a
2540 3829 2649 3884 Deo
2677 3840 2731 3885 et
2761 3829 2923 3883 Patre
2952 3848 2965 3884 :
3003 3848 3021 3880 ι
3063 3829 3169 3882 Ero
3200 3829 3271 3883 illi
3319 3829 3370 3882 in
3426 3827 3525 3882 Pa-

1957 3933 2112 3986 trem,
2158 3929 2213 3976 et
2263 3922 2376 3989 ipse
2423 3921 2526 3973 erit
2579 3920 2709 3974 mihi
2769 3920 2821 3973 in
2876 3920 3067 3973 Filium
3095 3918 3162 3974 ⁸⁸.
3195 3937 3214 3970 ι
3264 3919 3521 3971 Eumdem

1954 4028 2116 4084 porro
2143 4013 2315 4067 nostri
2343 4012 2574 4065 similem
2605 4010 2826 4076 factum,
2862 4010 2914 4063 id
2943 4018 3045 4074 est,
3072 4009 3369 4073 hominem,
3403 4008 3518 4061 fore

1955 4114 2013 4158 ut
2048 4103 2154 4156 Deo
2200 4112 2253 4156 et
2301 4100 2447 4155 Patri
2503 4100 2835 4154 sacrilicaret
2883 4098 3067 4151 orbem
3120 4103 3384 4148 terrarum
3430 4110 3524 4164 per

1956 4195 2116 4249 ﬁdem
2158 4195 2211 4249 in
2245 4208 2303 4249 se
2337 4191 2673 4246 credentium
2714 4189 2998 4254 salvatum,
3032 4187 3331 4241 declaravit
3369 4186 3523 4249 alibi,

1956 4285 2144 4339 dicens
2183 4300 2199 4337 :
2236 4302 2255 4334 ι
2287 4282 2353 4337 Ει
2400 4279 2672 4335 suscitabo
2722 4278 2851 4332 mihi
2902 4277 3242 4347 sacerdotem
3291 4275 3521 4337 ﬁdelem,

1954 4375 2046 4444 qni
2083 4374 2264 4430 omnia
2301 4387 2417 4442 qua?
2446 4380 2573 4424 sunt
2610 4370 2662 4422 in
2692 4366 2859 4422 corde
2889 4375 2945 4418 et
2979 4366 3312 4419 anima'mea
3343 4364 3521 4428 faciet,

285 4461 520 4531 οὐρανὸν,
558 4462 802 4531 διεσάφει
830 4462 1002 4531 λέγων
1028 4466 1085 4516 ὲν
1108 4465 1315 4535 ἑτέροις
1337 4483 1351 4495 ⁸
1393 4486 1411 4517 ι
1433 4468 1541 4521 Kal
1561 4469 1852 4541 ἀναστήσω

1956 4474 2009 4519 et
2050 4463 2328 4518 aediﬁcabo
2357 4462 2405 4516 ei
2446 4462 2660 4534 dontnm
2712 4457 2946 4520 ﬁdelem,
2998 4466 3055 4510 et
3109 4456 3357 4510 transibit
3399 4464 3525 4510 ante

152 4575 179 4619 ο,
283 4552 496 4623 ἐμαυτῷ
554 4554 711 4622 ἱερέα
748 4553 956 4619 πιστὸν,
1000 4554 1060 4619 ὃς
1110 4557 1283 4610 πάντα
1335 4557 1404 4611 τὰ
1452 4559 1509 4611 ὲν
1550 4563 1613 4631 τῇ
1656 4561 1853 4635 καρδίᾳ

285 4658 390 4709 μου.
413 4643 522 4695 καὶ
550 4644 611 4694 ὲν
642 4646 708 4713 τῇ
756 4643 900 4713 ψυχῇ
948 4661 1046 4713 μου
1083 4646 1329 4716 ποιήσει·
1379 4649 1469 4701 καὶ
1512 4650 1850 4722 οἰκοδομήσω

281 4732 411 4802 αὐτῷ
460 4728 622 4785 οἷκον
670 4734 860 4786 πιστόν
888 4750 901 4763 ·
953 4735 1051 4787 καὶ
1096 4724 1430 4799 διελεῦσεται
1472 4740 1701 4795 ἐνώπιόν
1752 4759 1851 4812 μου

282 4824 444 4887 πάσας
494 4823 599 4886 τὰς
651 4823 925 4895 ἡμέρας.»
967 4826 1156 4897 Ἀθρει
1194 4828 1257 4899 δή
1311 4846 1400 4899 μοι
1456 4830 1645 4894 πάλιν,
1673 4831 1748 4895 ὡς
1796 4833 1853 4887 ὲν

282 4914 479 4983 ἑτέροις
517 4913 711 4975 εἰπὼν,
751 4934 769 4965 ι
799 4910 967 4979 Οὗτος
1000 4917 1342 4989 οἰκοδομήσει
1377 4915 1524 4973 οἶκον
1539 4922 1615 4991 τῷ
1631 4921 1857 4991 ὀνόματί

284 5018 391 5069 μου,
422 5022 445 5053 ι
485 5001 572 5072 τῷ
609 5002 725 5072 Υἱῴ
753 5002 847 5057 τὸν
876 4998 1025 5057 οἷκον
1055 5005 1296 5077 ἐγείρειν
1317 5009 1346 5059 6
1374 5009 1562 5080 Πατὴρ
1589 5009 1856 5078 ἐπαγγέλ-

280 5089 433 5146 λεται.
467 5093 586 5146 Kal
613 5092 774 5146 τοῦτο
806 5094 985 5159 συνεὶς
1004 5096 1033 5148 6
1061 5094 1347 5162 θεσπέσιος
1371 5100 1624 5165 Παῦλος
1645 5102 1849 5157 Ιιὶωσέα

284 5181 368 5248 μὲν
405 5184 520 5253 ἔφη
555 5183 748 5237 πιστὸν
789 5186 849 5237 ὲν
880 5185 987 5255 ὅλῳ
1029 5188 1283 5255 γενέσθαι
1324 5190 1405 5260 τῷ
1460 5190 1594 5262 οἴκῳ
1630 5209 1752 5262 μου,
1790 5193 1852 5246 τὸ

283 5272 542 5327 δίκετικὸν
579 5273 770 5344 ἔχοντα
803 5276 1020 5347 μέτρον,
1069 5279 1304 5349 Χριστόν
1347 5300 1410 5348 γε
1454 5283 1559 5354 μὴν
1606 5284 1682 5349 ὡς
1724 5286 1851 5339 Υιὸν

278 5363 362 5415 ἐπὶ
388 5364 486 5417 τὸν
533 5360 684 5419 οἷκον
727 5366 916 5430 αὑτοῦ,
951 5364 1012 5423 οὗ
1049 5365 1195 5435 οἶκος
1224 5373 1389 5443 ἐσμὲν
1426 5376 1602 5445 ἡμεῖς.
1636 5360 1851 5444 Ὕρόπος

280 5452 332 5506 δὲ
370 5456 477 5525 τῆς
520 5457 832 5529 ἱερουργίας
879 5458 1049 5530 αὐτῷ,
1091 5461 1161 5515 τὰ
1206 5464 1522 5536 καθ’ἡμᾶς·
1575 5467 1675 5537 οὐχ
1710 5460 1848 5536 αἷμα

344 5638 391 5671 ⁷⁷
420 5636 625 5695 Jerent.
654 5657 736 5707 ιιι,
759 5644 851 5699 22.
908 5646 972 5679 '"
996 5644 1101 5700 lsa.
1131 5660 1254 5706 xcv,
1290 5643 1373 5698 Η.
1452 5643 1496 5674 ⁷⁸
1525 5642 1677 5699 Joan.
1705 5659 1720 5697 ι
1744 5682 1759 5703 ,
1788 5641 1873 5695 Η.

344 5754 353 5764 ,
430 5709 477 5743 ⁸²
508 5709 529 5764 ι
565 5709 696 5768 Rex.
726 5729 789 5768 ιι.
813 5713 909 5768 55.
1012 5714 1059 5746 ⁸³
1092 5713 1135 5768 ιι
1167 5712 1301 5768 R02.
1329 5730 1364 5768 ι.
1398 5714 1482 5767 1⁸5.
1556 5714 1599 5745 ⁸⁸⁵
1631 5711 1797 5768 Hebr.
1824 5726 1902 5768 ιιι.
1927 5709 1961 5764 2

299 5705 353 5764 5,
430 5709 477 5743 ³²
508 5709 529 5764 ι
565 5709 696 5782 Reg.
723 5705 789 5781 ιι,
813 5713 909 5771 35.
1012 5714 1059 5746 ⁸³
1092 5713 1135 5768 ιι
1167 5712 1301 5780 Reg.
1329 5730 1364 5778 I,
1398 5714 1482 5767 1⁸5.

1956 4572 2042 4610 me
2088 4555 2339 4608 omnibus
2378 4552 2573 4606 diebus
2596 4551 2668 4605 δ’.
2706 4570 2725 4602 ι
2758 4548 2877 4603 Jam
2920 4548 3045 4601 illud
3085 4563 3266 4617 qna’so
3308 4562 3520 4600 rursum

1954 4644 2259 4709 considera,
2294 4645 2433 4714 quod
2482 4657 2603 4695 cum
2637 4640 2767 4693 alibi
2799 4639 3023 4693 dixisset
3053 4656 3066 4693 :
3103 4656 3121 4689 ι
3154 4637 3252 4691 llic
3290 4635 3523 4692 aediﬁca-

1955 4737 2033 4792 bit
2069 4738 2283 4790 domum
2341 4734 2553 4790 nomini.
2602 4749 2723 4788 meo
2746 4732 2811 4797 ⁸³,
2842 4751 2860 4783 ι
2909 4731 3046 4785 Filio
3089 4741 3264 4784 tamen
3302 4730 3518 4783 domum

1955 4836 2266 4881 erecturum
2300 4842 2357 4881 se
2379 4825 2538 4879 Pater
2563 4824 2846 4894 pollicetur
2876 4840 2889 4876 :
2923 4824 3065 4892 quod
3101 4838 3220 4875 cum
3255 4820 3517 4889 intellige-

1955 4926 2041 4973 ret
2082 4919 2271 4973 beatus
2304 4916 2501 4971 Paulus
2522 4913 2593 4979 ",
2627 4913 2807 4969 Mosen
2854 4910 3314 4982 quidem’ﬁdelem
3355 4907 3523 4962 luisse

1956 5010 2087 5066 dicit
2128 5010 2182 5064 in
2214 5018 2323 5065 tota
2358 5012 2516 5063 domo
2550 5022 2691 5070 mea,
2728 5004 2870 5073 quod
2917 5001 3236 5057 famulorum
3276 4999 3523 5053 ordinem

1953 5116 2017 5157 ac
2061 5115 2370 5157 mensuram
2423 5108 2662 5164 teneret;
2715 5097 2989 5152 Christum
3038 5104 3168 5145 vero
3218 5098 3279 5142 ut
3326 5088 3519 5143 Filium

1953 5208 2117 5263 super
2142 5192 2356 5247 domum
2382 5190 2524 5261 ejus,
2555 5191 2710 5260 cujus
2739 5189 2929 5242 domus
2955 5197 3141 5238 sumus
3169 5194 3286 5235 nos.
3325 5180 3515 5234 Forma

1943 5278 2130 5338 autem
2160 5282 2279 5353 ejus
2316 5280 2566 5336 sacriﬁcii
2615 5294 2701 5333 res
2734 5286 2931 5330 nostra:
2975 5283 3119 5338 sunt,
3152 5286 3256 5325 non
3302 5272 3518 5339 sanguis

1953 5383 2227 5428 taurorum
2265 5382 2321 5427 et
2348 5359 2660 5433 vitulorum,
2691 5366 2784 5423 sed
2809 5364 3048 5418 omnium
3086 5364 3363 5418 hominum
3396 5363 3515 5414 ﬁdei

1953 5463 2222 5519 confessio
2256 5480 2268 5516 :
2308 5463 2467 5530 idque
2502 5460 2785 5515 conﬁrmat
2812 5456 3003 5512 beatus
3042 5453 3241 5509 Paulus
3283 5453 3408 5508 item
3441 5454 3517 5508 sic

1967 5640 2012 5673 '°
2048 5640 2088 5697 ll
2119 5641 2249 5713 Reg.
2278 5655 2370 5708 vn,
2402 5640 2485 5709 [2,
2513 5641 2598 5695 1'5.
2702 5638 2745 5672 ⁸¹
2778 5636 2839 5692 ιι
2859 5636 2990 5708 Reg.
3019 5653 3111 5704 vn,
3149 5635 3258 5702 14;.
3284 5633 3447 5691 llehr.
3475 5649 3522 5703 ι,
