4004 6202
444 310 546 368 “5

1420 317 1480 370 S.
1521 317 1795 372 CYIllLlJ
1835 318 2307 376 ALEXANDRINI
2347 323 2666 377 ARCHIEP.

3571 321 3673 374 116

443 433 728 486 scribens:
767 451 787 484 ι
820 431 1000 498 Unde,
1046 434 1242 488 fratres
1283 437 1478 498 sancti,
1511 439 1810 490 vocationis
1859 437 2018 492 coale-

2122 440 2339 512 ταύρων
2371 441 2466 495 καὶ
2513 441 2747 510 μόσχων,
2786 438 2898 493 ἀλλ’
2943 439 2975 508 ἡ
3012 438 3111 508 τῆς
3148 436 3402 491 ἁπάντων
3442 435 3676 511 πίστεως

443 521 538 572 stis
569 522 880 590 participes,
906 524 1244 578 considerate
1268 526 1581 593 Aposmlnm
1607 535 1661 580 et
1687 526 2000 581 Pontiﬁcem

443 611 798 665 confessionis
823 623 1021 668 nostra:
1053 613 1256 678 Jesum,
1291 617 1380 685 qui
1416 617 1589 670 ﬁdelis
1614 625 1694 670 est
1721 618 1769 670 ei
1797 618 1884 684 qui
1924 617 1992 671 fe-

443 701 517 753 cit
553 702 783 756 illum”.
817 721 836 756 ι
871 704 1045 772 Ipsum
1091 706 1254 775 igitur
1283 709 1574 761 asserimus
1607 723 1670 763 ex
1711 707 1818 761 Deo
1847 709 2005 774 Patre

446 790 684 846 Verbum
714 809 835 848 cum
869 805 1087 865 accepta
1121 798 1266 851 servi
1304 799 1474 851 forma
1512 809 1734 866 propter
1769 814 1866 852 nos
1891 799 2004 852 exi-

357 866 362 882 ’
417 883 661 936 ιιιοιιίιιιε
703 898 822 938 esse
867 885 1088 950 dicitur,
1137 895 1245 939 tum
1281 886 1344 938 ad
1402 888 1752 942 humanitatis
1793 901 2006 956 quoque

444 984 750 1026 mensuram
805 974 1039 1041 seipsum
1079 974 1360 1042 deiecisse,
1405 978 1488 1030 cui
1527 992 1791 1031 mensura:
1820 991 2009 1052 conse-

443 1068 672 1126 quenter
714 1063 1000 1116 admodum
1052 1066 1322 1127 convenit,
1373 1075 1431 1119 ut
1467 1069 1665 1120 missus
1697 1082 1818 1121 esse
1857 1078 2009 1135 pute-

446 1159 550 1212 tur,
582 1160 635 1204 et
662 1151 835 1220 ipsum
875 1154 992 1221 ejus
1032 1155 1356 1210 sacriﬁcium
1389 1158 1622 1226 supremi
1666 1158 1806 1212 illius
1835 1158 2006 1212 hono-

445 1241 518 1293 ris
544 1244 695 1311 quasi
721 1245 1036 1300 conciliator
1061 1248 1276 1315 quidam
1307 1248 1667 1302 existimetur.
1697 1249 1905 1307 Nain'si
1927 1248 2008 1302 fa-

444 1342 564 1385 ctus
620 1336 790 1388 nostri
850 1337 1063 1403 similis,
1113 1340 1358 1392 adoravit
1400 1339 1678 1394 nobiscum
1718 1351 1776 1394 ut
1826 1340 2007 1405 homo,

444 1424 689 1489 quamvis
743 1426 929 1480 adoret
971 1428 1142 1496 ipsum
1186 1430 1275 1483 illa
1310 1445 1541 1499 superna
1594 1441 2012 1499 sanctorumque

445 1513 733 1581 spirituum
788 1517 1112 1581 multitudo,
1159 1535 1282 1572 cum
1342 1520 1409 1574 de
1454 1521 1548 1574 illo
1597 1521 1772 1576 Moses
1819 1521 2008 1574 dicat:

451 1619 471 1650 ι
499 1598 802 1666 Laetamini,
823 1605 966 1670 cceli,
996 1606 1156 1660 simul
1186 1623 1306 1662 cum
1337 1610 1453 1676 ipso
1470 1610 1538 1673 ⁸⁸,
1560 1619 1613 1664 et
1640 1609 1863 1663 adorent
1887 1623 2010 1663 cum

446 1705 635 1744 omnes
665 1691 758 1746 ﬁlii
796 1693 887 1748 Dei
910 1694 991 1758 ‘7;
1025 1714 1043 1747 ι
1085 1698 1214 1766 quid
1250 1713 1467 1765 novum,
1499 1709 1554 1754 et
1585 1714 1615 1752 a
1651 1700 2012 1768 dispensatio-

2103 533 2384 605 ὁμολογία.
2441 531 2554 584 Καὶ
2597 529 2927 584 πιστώσεται
2973 529 3132 582 πάλιν
3177 528 3273 581 ὡδὶ
3317 525 3613 596 γεγραφὼς
3649 527 3678 578 ό

2109 623 2379 695 μακάριος
2419 620 2665 682 Παῦλοςο
2697 637 2716 670 ι
2738 618 2920 680 Ὄθεν,
2957 618 3176 687 ἀδελφοὶ
3231 619 3396 684 ἆγιοι,
3435 616 3679 685 κλήσεως

2107 711 2434 783 ἐπουρανίου
2483 711 2724 780 μέτοχοι,
2774 711 3150 778 κατανοήσατε
3206 707 3297 760 τὸν
3359 705 3680 760 Ἀπόστολον

2107 805 2202 859 καὶ
2238 802 2523 873 Ἀρχιερέα
2549 801 2650 871 τῆς
2686 800 2975 869 ὁμολογίας
3024 799 3182 867 ἡμῶν
3225 798 3452 867 Ἰησοῦν,
3492 795 3682 849 πιστὸν

2107 896 2237 948 ὄντα
2272 893 2350 964 τῷ
2396 893 2680 962 ποιήσαντι
2712 890 2894 944 αὐτόν.
2929 909 2948 942 ι
3018 890 3192 942 Αὐτὸν
3232 884 3325 942 οῦν
3357 889 3464 958 ἄρα
3497 887 3680 956 φαμὲν

2108 987 2196 1038 τὸν
2226 987 2291 1038 ὲκ
2316 983 2452 1037 Θεοῦ
2485 984 2698 1052 Πατρὸς
2730 981 2922 1049 Λόγον,
2954 980 3043 1032 ὅτε
3074 980 3143 1033 δι’
3173 980 3320 1049 ἡμᾶς
3346 975 3682 1030 κεκενῶσθαι

2109 1077 2329 1144 λέγεται
2381 1074 2590 1146 μορφὴν
2615 1074 2800 1128 δούλου
2829 1072 3029 1136 λαϐὼν,
3079 1071 3200 1124 τότε
3233 1071 3328 1122 καὶ
3359 1071 3418 1121 ὲν
3444 1071 3556 1133 τοῖς
3587 1069 3685 1138 τῆς

2111 1170 2530 1240 ἀνθρωπότητος
2558 1168 2776 1237 μέτροις
2806 1165 2993 1218 ἑαυτὸν
3034 1163 3300 1224 καθεῖναι,
3327 1157 3408 1223 οἷς
3433 1159 3499 1212 ἀν
3538 1159 3684 1227 πρέ-

2111 1279 2201 1314 ποι
2246 1263 2340 1313 καὶ
2378 1259 2525 1330 μάλα
2575 1259 2821 1320 εἰκότως,
2877 1255 3065 1308 καὶτὸ
3113 1251 3446 1306 ἀπεστάλθαι
3487 1250 3685 1313 δοκεῖν,

2111 1354 2206 1407 καὶ
2257 1354 2359 1420 τῆς
2424 1350 2685 1405 ἀνωτάτω
2737 1347 2906 1417 τιμῆς
2961 1343 3210 1415 ἡγεῖσθαι
3272 1341 3532 1412 πρόξενον
3587 1340 3690 1408 τὴν

2111 1443 2443 1515 ἱερουργίαν.
2471 1443 2536 1494 Ei
2567 1442 2674 1510 γάρ
2697 1439 2929 1507 ἐπείπερ
2961 1436 3152 1504 γέγονε
3179 1434 3300 1489 καθ’
3331 1433 3497 1502 ἡμᾶς,
3517 1445 3688 1499 προσ-

2113 1534 2383 1602 κεκύνηκε
2423 1532 2541 1601 μεθ’
2565 1529 2721 1601 ἡμῶν
2755 1530 2830 1593 ὡς
2860 1527 3146 1597 ἄνθρωπος
3167 1540 3181 1554 ο
3227 1523 3404 1576 καίτοι
3446 1518 3688 1604 προσκυ-

2115 1626 2312 1695 νούσης
2337 1622 2498 1677 αὐτδν
2523 1626 2622 1693 τῆς
2655 1623 2766 1676 ἄνω
2788 1617 3048 1687 πληθύος,
3079 1616 3172 1669 καὶ
3201 1614 3308 1667 τῶν
3335 1611 3508 1679 ἁγίων
3532 1625 3694 1688 meo-

2119 1715 2324 1785 μάτων,
2355 1713 2603 1780 λέγοντός
2631 1729 2690 1765 τε
2715 1710 2958 1772 Μωσέως
2999 1707 3127 1776 περὶ
3165 1704 3352 1766 αὐτοῦ,
3398 1722 3416 1753 ι
3441 1701 3692 1769 Εὐφράν-

449 1781 532 1835 nis
562 1784 861 1840 rationibus
887 1787 1143 1854 alienum,
1171 1791 1214 1844 si
1247 1793 1442 1846 summi
1472 1791 1759 1846 sacerdotii
1790 1805 2012 1846 munere

2120 1804 2264 1874 θητε,
2281 1803 2519 1873 οὐρανοὶ,
2543 1803 2656 1871 ἅμα
2672 1801 2839 1870 αὐτῷ,
2861 1798 2955 1852 καὶ
2979 1795 3509 1867 προσκυνησάτωσαν
3531 1791 3693 1845 αὐτὸν

449 1873 665 1930 functus
709 1888 812 1942 est,
860 1888 918 1932 ιιι
963 1881 1053 1948 qui
1089 1882 1142 1935 in
1188 1883 1408 1937 odorem
1441 1882 1725 1937 suavitatis
1768 1884 2004 1951 seipsum

447 1981 545 2032 pro
575 1969 754 2034 nobis,
795 1978 849 2022 ct
893 1987 989 2026 nos
1033 1989 1128 2040 per
1155 1974 1391 2042 seipsum
1425 1984 1478 2028 et
1514 1975 1567 2028 in
1607 1975 1786 2042 seipso
1819 1974 1926 2028 Deo
1958 1981 2014 2026 et

446 2055 592 2111 Patri
625 2059 915 2114 obtulerit?
947 2081 964 2113 ι
994 2061 1194 2118 Christi
1234 2065 1376 2119 enim
1402 2064 1574 2118 bonus
1596 2067 1731 2119 odor
1756 2080 1960 2126 sumus,
1987 2083 2006 2115 ι

449 2158 508 2201 ιιι
536 2151 796 2219 scriptum
832 2163 915 2208 est
957 2154 1022 2206 ⁸⁸.
1062 2153 1164 2210 Sed
1199 2157 1312 2209 haec
1343 2156 1566 2209 minime
1605 2155 1861 2208 decenter
1891 2168 2012 2208 esse

454 2237 596 2295 facta
635 2257 825 2299 rursus
855 2249 1102 2315 egregius
1131 2245 1218 2298 hic
1247 2245 1330 2298 vir
1355 2245 1608 2310 afﬁrmat,
1639 2259 1704 2300 ac
1731 2260 2014 2315 propemo-

449 2331 574 2384 dum
615 2334 826 2388 deridet
859 2351 953 2390 eos
983 2337 1072 2404 qui
1119 2337 1231 2390 haac
1260 2336 1334 2390 ita
1381 2351 1440 2390 se
1473 2336 1674 2389 habere
1705 2345 1915 2400 putant,
1949 2350 2012 2390 ac

448 2423 628 2477 divina
663 2425 889 2480 consilia
914 2427 1076 2498 impie
1101 2427 1524 2496 reprehendens,
1551 2427 1604 2481 in
1636 2426 1780 2480 hunc
1798 2425 2012 2480 modum

450 2512 565 2570 fere
594 2516 725 2571 dicit
756 2536 772 2574 :

523 2774 633 2847 64
662 2775 920 2840 [Νεετοιι.
963 2779 1096 2833 Cum
1117 2781 1258 2834 enim
1289 2782 1515 2834 audiunt
1540 2795 1731 2833 nomen
1763 2779 2014 2847 apostoli,

453 2863 623 2932 ipsum
663 2865 828 2919 Deum
852 2866 1086 2924 Verbum
1121 2871 1424 2939 intelligunt
1463 2869 1786 2938 apostolum.
1828 2867 2016 2922 Ponti-

453 2953 567 3008 ﬁcis
591 2956 1002 3024 appellationem
1038 2976 1158 3014 cum
1196 2961 1399 3028 legunt,
1431 2962 1770 3019 divinitatem
1804 2964 2016 3032 pontiﬁ-

452 3057 570 3099 cem
598 3045 698 3098 sibi
730 3046 959 3115 ﬁngunt,
1002 3063 1135 3102 nova
1171 3051 1458 3106 dementiae
1486 3055 1686 3122 specie.
1714 3054 1845 3121 Quis
1873 3056 2014 3109 enim

452 3133 677 3200 apostoli
725 3151 920 3189 munus
964 3151 1085 3190 cum
1134 3138 1416 3204 didicerit,
1457 3156 1561 3194 non
1607 3141 1750 3196 illico
1793 3144 2014 3198 indicari

452 3223 723 3278 hominem
781 3225 1084 3294 intelligat?
1131 3227 1262 3292 Quis
1297 3231 1565 3296 pontiﬁcis
1611 3229 2017 3302 appellationem

453 3315 712 3376 audiens,
778 3314 1082 3369 divinitatis
1135 3319 1431 3371 essentiam
1489 3322 1660 3390 ipsum
1711 3321 2016 3390 pontiﬁcem

453 3405 763 3458 existimet?
799 3401 932 3458 Nam
965 3405 1009 3458 si
1045 3407 1282 3474 pontifex
1310 3419 1389 3464 est
1419 3410 1530 3480 ipsa
1566 3410 1850 3476 Divinitas,
1873 3415 2022 3481 quis-

457 3510 578 3546 nam
625 3493 711 3549 ille
759 3505 840 3550 est
890 3499 978 3565 qui
1030 3499 1372 3566 pontiﬁcatus
1422 3517 1642 3556 munere
1693 3486 1928 3557 colitur?
1974 3505 2019 3558 si

457 3583 597 3639 Deus
631 3594 711 3640 est
751 3589 840 3656 qui
888 3588 1070 3652 offert,
1105 3590 1282 3644 nullus
1326 3600 1408 3646 est
1460 3594 1545 3646 cui
1596 3593 1820 3648 oll‘ertur
1848 3613 1862 3650 :
1893 3595 2021 3663 quid

457 3676 601 3730 enim
641 3677 930 3732 Divinitate
964 3680 1185 3745 dignum
1233 3682 1323 3746 sit,
1364 3691 1422 3734 ut
1461 3682 1547 3736 illa
1582 3693 1836 3752 tanquam
1881 3686 2020 3741 infe-

456 3767 569 3822 rior
605 3768 792 3838 majori
839 3768 1071 3824 oﬁ'erat?
1124 3771 1225 3825 His
1274 3773 1514 3843 adjuugit
1545 3789 1563 3827 :
1594 3773 1876 3830 Undenam
1924 3778 2022 3846 ipsi

457 3867 715 3927 putarunt
739 3861 903 3914 Deum
943 3877 1085 3918 nunc
1110 3848 1360 3918 vocatum
1396 3881 1515 3921 esse
1549 3868 1875 3936 pontiﬁcem,
1899 3883 2022 3922 cum

457 3951 548 4005 ille
578 3951 750 4004 hostia
787 3953 852 4006 ad
877 3955 1269 4023 promotionem
1299 3973 1474 4023 suam,
1509 3967 1563 4012 ut
1588 3959 1890 4028 pontiﬁces,
1917 3975 2022 4012 non

457 4041 730 4111 indigeat?
760 4042 983 4098 Deitatis
1023 4061 1302 4114 possessor
1348 4063 1411 4102 ex
1459 4049 1772 4106 hominibus
1811 4066 2023 4106 assum-

458 4144 580 4202 ptus
612 4151 710 4204 pro
739 4137 1043 4192 hominibus
1063 4140 1410 4194 constituitur
1449 4141 1500 4194 in
1527 4142 1611 4195 his
1645 4157 1764 4210 quae
1802 4152 1931 4196 sunt
1961 4142 2026 4195 ad

460 4226 679 4298 Deum.]

1121 4360 1272 4416 CAP.
1314 4361 1355 4415 1.

531 4495 696 4565 Igitur
727 4511 793 4550 ne
832 4496 1053 4548 missum
1093 4497 1309 4564 quidem
1341 4511 1460 4551 esse
1505 4498 1554 4549 in
1591 4499 1733 4552 hunc
1767 4499 2023 4552 mundum

462 4590 635 4658 ipsum
688 4589 780 4642 Dei
829 4587 1060 4641 Verbum
1103 4588 1339 4644 asseris?
1385 4591 1596 4660 decepit
1639 4606 1787 4659 ergo,
1848 4601 1898 4642 ut
1945 4599 2028 4644 est

461 4696 818 4750 consequens,
853 4681 1097 4735 homines
1128 4696 1227 4736 suo
1257 4683 1559 4735 ministerio
1593 4693 1815 4736 vocatos
1842 4683 2030 4735 beatus

388 4844 392 4849 η
461 4772 689 4836 Paulus;
719 4771 792 4824 ait
819 4771 962 4825 enim
989 4789 1002 4824 :
1039 4790 1056 4822 ι
1088 4771 1231 4825 Misit
1254 4773 1394 4828 Deus
1424 4772 1616 4826 Filium
1648 4790 1800 4828 sumn
1830 4774 2025 4828 factum

461 4879 524 4918 ex
559 4866 802 4927 muliere,
834 4862 1030 4916 factum
1067 4865 1166 4918 sub
1193 4865 1307 4934 lege
1329 4863 1411 4916 ’νε
1447 4885 1466 4918 ι
1499 4867 1843 4920 convincitur
1863 4866 2026 4918 ctiam

465 4969 554 5013 tuo
571 4960 772 5029 judicio
791 4941 977 5013 beatus
998 4958 1168 5012 David
1195 4968 1396 5013 temere
1417 4975 1634 5013 carmen
1661 4960 2026 5019 contexuisse,

464 5058 517 5102 et
541 5051 908 5110 inscrutahilia
939 5066 1213 5119 quaerere;
1243 5051 1378 5105 dixit
1409 5052 1552 5105 enim
1579 5051 1794 5104 Patrem
1820 5053 1911 5120 qui
1947 5063 2030 5106 est

466 5139 519 5192 in
559 5141 709 5194 caelis
737 5151 790 5195 et
829 5141 994 5196 Deum
1031 5142 1352 5213 alloquens:
1387 5161 1406 5194 ι
1439 5143 1636 5197 Emitte
1680 5143 1850 5196 lucem
1884 5155 2028 5194 tuam

537 5316 582 5348 ⁸⁵
619 5317 778 5372 llebr.
813 5335 892 5386 ιιι,
917 5321 966 5387 l,
987 5323 1040 5378 2.
1117 5323 1163 5354 ⁸⁸
1193 5322 1350 5378 Deut.
1375 5338 1546 5387 xxx",
1575 5323 1627 5376 1.
1706 5323 1749 5352 ⁸⁷
1786 5322 1927 5376 Psal.
1956 5337 2097 5383 xcvi,
2122 5320 2174 5373 8.

2058 4444 2106 4501 D

2120 1896 2321 1960 πάντες
2354 1896 2461 1948 υἱοὶ
2499 1894 2634 1947 Θεοῦ
2658 1912 2670 1924 ο
2704 1911 2723 1943 ι
2755 1893 2805 1945 τί
2841 1891 2902 1944 τὸ
2936 1889 3086 1953 ξένον
3127 1888 3162 1956 ἢ
3207 1889 3322 1948 τοῖς
3355 1885 3454 1954 τῆς
3486 1885 3692 1955 οἰκονο-

2116 1987 2244 2057 μίας
2267 1987 2446 2055 λόγοις
2476 1986 2838 2056 ἀνάρμοστον,
2863 1986 2910 2036 εί
2933 1980 3344 2052 κεχρημάτικεν
3374 1973 3690 2046 ἀρχιερεὺς,

2111 2078 2187 2141 ὡς
2237 2079 2317 2141 είς
2349 2078 2527 2148 ὀσμὴν
2568 2076 2794 2138 εὐωδίας
2841 2074 3034 2128 ἑαυτόν
3081 2089 3141 2124 τε
3187 2070 3329 2140 ὑπὲρ
3372 2065 3548 2136 ἡμῶν,
3599 2063 3694 2117 καὶ

2113 2169 2259 2238 ἡμᾶς
2287 2167 2562 2232 ἀνατιθεὶς
2615 2167 2683 2220 δι’
2715 2167 2908 2220 ἑαυτοῦ
2946 2182 3005 2217 τε
3054 2164 3145 2216 καὶ
3179 2164 3237 2214 έν
3266 2158 3443 2229 ἑαυτῷ
3471 2158 3549 2229 τῷ
3576 2156 3694 2226 Θεῷ

2112 2257 2208 2309 καὶ
2236 2257 2444 2326 Πατρί;
2483 2275 2501 2307 ι
2529 2255 2764 2325 Χριστοῦ
2788 2255 2898 2326 γάρ
2920 2255 3089 2322 ὲσμεν
3117 2249 3312 2304 εὐωδία
3338 2247 3476 2316 (l8),
3503 2265 3521 2298 ι
3556 2244 3695 2299 κατά

2112 2350 2174 2415 τὸ
2226 2349 2636 2420 γεγραμμένον.
2703 2348 2842 2400 Ἀλλ’
2886 2348 3086 2415 ἥκιστα
3139 2343 3236 2412 μὲν
3275 2342 3333 2394 ὲν
3379 2337 3570 2408 κόσμῳ
3617 2336 3697 2404 τῷ

2112 2438 2284 2492 δέοντι
2305 2439 2626 2508 πεπρᾶχθαι
2647 2437 2828 2498 ταυτὶ,
2859 2433 3251 2504 διῖσχυρίζεται
3276 2430 3434 2484 πάλιν
3461 2431 3488 2480 6
3509 2425 3694 2494 γεννάο

2113 2529 2210 2590 δας
2256 2529 2470 2582 οὑτοσί·
2517 2529 2675 2596 μόνον
2727 2527 2784 2578 δὲ
2841 2513 2964 2594 οὐχὶ
3018 2521 3346 2591 καταμειδιᾷ
3396 2517 3502 2568 τῶν
3548 2513 3692 2564 οὕτω

2114 2619 2267 2672 ταῦτ’
2295 2619 2440 2688 ἔχειν
2467 2617 2867 2686 ὐπειληφότων,
2917 2615 3012 2668 καὶ
3049 2617 3164 2676 τοῖς
3193 2611 3355 2670 θείοις
3381 2605 3692 2674 σκέμμασιν

2116 2707 2344 2769 ἀνοσίως
2377 2706 2665 2774 ἐπιτιμῶν,
2702 2705 2842 2758 οῦτω
2868 2704 2969 2756 πού
2996 2719 3159 2771 φησιν
3181 2716 3194 2732 '

2189 2796 2208 2867 [
2240 2795 2562 2848 Ἀποστόλου
2595 2795 2700 2864 γὰρ
2728 2792 3014 2853 ἀκούοντες
3042 2789 3234 2858 ὄνομα,
3261 2786 3352 2838 τὸν
3371 2783 3508 2836 Θεὸν
3523 2781 3698 2848 Λόγον

2115 2886 2328 2940 νοοῦσιν
2360 2886 2676 2939 ἀπόστολον.
2721 2881 3043 2952 Ἀρχιερέως
3074 2877 3542 2946 ἀναγινώσκοντες
3567 2873 3700 2941 κλῆ-

2120 2995 2225 3042 σιν,
2266 2976 2496 3046 θεότητα
2533 2975 2622 3027 τὸν
2667 2975 2928 3044 ἀρχιερέα
2965 2969 3350 3040 φαντάζονται,
3391 2965 3698 3036 παραδόξου

2043 3105 2087 3162 C
2121 3067 2542 3140 φρενοὸλαϐείας
2577 3066 2706 3136 ἰδέᾳ.
2753 3065 2849 3128 Τίς
2887 3066 2995 3134 γάρ
3031 3057 3698 3162 λειτουργίαν-,ἀποστόλου

2123 3161 2330 3232 μαθὼν,
2361 3161 2461 3214 οὐκ
2493 3159 2655 3220 εὐθὺς
2681 3159 2966 3228 ἄνθρωπον
3002 3156 3344 3227 μηνυόμενον
3379 3152 3558 3220 έγνω;
3605 3149 3701 3211 Τίς

2120 3252 2421 3324 ἀρχιερέως
2459 3251 2756 3320 ὀνομασίαν
2793 3249 3030 3313 ἀκούων,
3071 3247 3327 3314 θεότητος
3373 3243 3562 3296 οὐσίαν
3609 3241 3702 3293 τὸν

2122 3344 2383 3416 ἀρχιερέα
2408 3343 2712 3413 νομίσειεν;
2747 3341 2810 3394 El
2837 3341 2946 3410 γὰρ
2973 3339 3264 3410 ἀρχιερεὺς
3300 3338 3332 3407 ὴ
3372 3335 3582 3403 θεότης,
3617 3331 3702 3394 τίς

2121 3439 2150 3490 6
2177 3435 2328 3508 παρά
2365 3437 2432 3506 τῇ
2463 3437 2562 3503 τῆς
2606 3432 3020 3504 ἀρχιερωσύνης
3047 3429 3361 3500 λειτουργίᾳ
3405 3425 3702 3496 θεραπευό-

2127 3545 2284 3599 μενος
2309 3543 2323 3591 ;
2364 3527 2412 3578 εἰ
2441 3525 2575 3588 Θεὸς
2597 3527 2625 3578 ό
2648 3523 2997 3594 προσφέρων,
3025 3521 3198 3584 οὐδεὶς
3220 3513 3264 3588 ᾧ
3292 3515 3660 3587 προσφέρεται
3685 3527 3698 3541 ·

2123 3621 2175 3674 τί
2208 3620 2317 3688 γὰρ
2343 3617 2595 3687 θεότητος
2621 3616 2793 3682 ἀξιον,
2837 3616 2902 3668 ἵν’
2933 3616 3010 3677 ὡς
3041 3613 3280 3668 ἐλάττων
3304 3608 3586 3680 προσφέρῃ
3623 3603 3703 3671 τῷ

2129 3708 2366 3780 μείζονι;
2412 3703 2783 3773 Προσεπάγει
2813 3704 2881 3757 δὲ
2911 3705 3145 3768 τούτοις
3165 3720 3180 3733 ·
3209 3699 3378 3753 Πόθεν
3403 3693 3495 3750 οῦν
3516 3693 3702 3753 αὐτοῖς

2125 3803 2154 3853 6
2176 3799 2310 3863 Θεὸς
2344 3795 2645 3864 κεκλῆσθαι
2677 3794 2772 3847 νῦν
2794 3795 3084 3866 ἀρχιερεὺς
3123 3790 3404 3862 ἐνομίσθη,
3453 3789 3481 3841 6
3512 3784 3704 3844 θυσίας

2128 3893 2207 3956 εἰς
2229 3888 2515 3961 προκοπὴν
2545 3886 2680 3940 ίδίαν
2711 3885 2853 3940 κατὰ
2882 3884 3007 3945 τοὺς
3030 3881 3320 3953 ἀρχιερέας
3345 3878 3417 3948 μὴ
3444 3873 3658 3946 χρῄζων
3683 3887 3699 3932 ;

2125 3984 2154 4035 6
2211 3979 2476 4050 Θεότητος
2522 3977 2744 4047 κτήτωρ
2794 3974 2854 4040 ἐξ
2901 3971 3203 4043 ἀνθρώπων
3247 3969 3506 4040 ληφθεὶς,
3559 3962 3705 4032 ὑπὲρ

2128 4067 2432 4142 ἀνθρῶπων
2458 4065 2782 4122 καθίσταται
2811 4063 2880 4117 τὰ
2917 4062 3054 4134 πρὸς
3085 4061 3172 4115 τὸν
3200 4056 3389 4130 Θεόν.]

2785 4365 2938 4421 ΚΕΦ.
2978 4367 3056 4420 A'.
3165 4414 3172 4420 .

2207 4504 2416 4572 Οὐκοῦν
2445 4503 2568 4555 οὐδὲ
2602 4499 2938 4554 ἀπεστάλθαι
2967 4497 3074 4567 φὴς
3101 4497 3180 4559 εἰς
3207 4494 3353 4547 τόνδε
3387 4492 3477 4545 τὸν
3509 4490 3712 4560 κόσμον

2099 4631 2104 4634 -
2135 4602 2223 4652 τὸν
2256 4597 2348 4649 τοῦ
2382 4594 2516 4649 Θεοῦ
2545 4595 2751 4661 Λόγονς
2782 4591 3146 4659 πεφενάκικεν
3172 4582 3265 4640 οὖν
3309 4588 3438 4656 ἄρα,
3483 4581 3624 4637 κατὰ
3651 4581 3714 4633 τὸ

2137 4689 2305 4751 εἰκὸς,
2337 4689 2462 4750 τοὺς
2489 4687 2554 4739 δι’
2579 4683 2743 4738 αὐτοῦ
2769 4682 3141 4752 κεκλημένους
3169 4681 3196 4732 ό
3223 4663 3534 4745 σοφώτατος
3566 4672 3714 4726 Παῦ-

2140 4781 2250 4842 λος·
2287 4779 2391 4848 ἒφη
2427 4777 2570 4846 γὰρ,
2605 4778 2685 4829 ὅτι
2738 4795 2755 4826 ι
2793 4771 3206 4838 Ἐξαπέστειλεν
3236 4771 3264 4822 ό
3301 4769 3432 4831 Θεὸς
3461 4768 3552 4820 τὸν
3582 4765 3712 4818 Υίὸν

2137 4868 2302 4924 αὐτοῦ
2324 4869 2614 4938 γενόμενον
2638 4867 2704 4932 ἐκ
2721 4863 3000 4932 γυναικὸς,
3033 4861 3321 4931 γενόμενον
3352 4858 3672 4925 ὑπὸίνόμονσ
3689 4873 3709 4905 ο

2137 4962 2291 5032 ἁλοίη
2329 4961 2373 5014 δ’
2406 4960 2471 5013 ἂν
2518 4958 2661 5011 κατά
2701 4974 2761 5010 σε
2795 4956 2890 5009 καὶ
2918 4957 2946 5008 ό
2979 4954 3243 5024 μακάριος
3273 4949 3436 5003 Δαϐιδ
3463 4946 3718 5020 ὲρῤαψῳο

2138 5050 2318 5121 δηκὼς
2342 5051 2487 5120 εἰκῆ,
2523 5050 2619 5102 καὶ
2647 5048 2716 5100 τά
2754 5047 3023 5113 ἀνέφικτα
3071 5042 3280 5112 ζητῶνο
3337 5041 3443 5109 ἔφη
3473 5038 3579 5107 γάρ
3611 5053 3716 5088 που

2143 5142 2276 5213 πρὸς
2325 5142 2416 5195 τὸν
2457 5143 2514 5193 ὲν
2560 5140 2809 5210 οὐρανοῖς
2841 5135 3061 5208 Πατέρα
3093 5133 3187 5188 καὶ
3206 5131 3338 5185 Θεόν
3360 5148 3374 5163 ο
3441 5149 3460 5181 ι
3484 5125 3718 5194 Ἑξαπύ-

2251 5321 2296 5350 ⁸⁸
2331 5321 2374 5372 ll
2403 5319 2526 5372 Cor.
2559 5333 2615 5381 ll,
2645 5317 2727 5369 15.
2806 5314 2850 5346 ⁸⁹
2878 5312 3053 5368 Galat.
3086 5327 3157 5376 Iv,
3182 5309 3235 5362 ι.

1728 5469 1887 5524 ΑΝΤ.
1933 5466 2206 5526 AGELLII
2247 5466 2477 5523 NOTAE.

543 5632 656 5701 (l8)
685 5632 1081 5701 Advertendnm

474 5699 611 5763 hunc
635 5704 773 5758 beati
804 5700 952 5754 Pauli
979 5699 1187 5766 locum;
1221 5717 1340 5754 nam
1371 5704 1564 5754 bonum
1592 5700 1837 5762 odorem,
1865 5699 1916 5751 id
1945 5705 2028 5751 est

1125 5632 1393 5701 quomodo
1441 5632 1528 5685 hic
1572 5639 1761 5701 auctor
1809 5629 2039 5701 accipiat
2146 5625 2396 5701 εὐωδίαν,
2434 5622 2680 5692 intelligit
2726 5621 3054 5678 sacriﬁcium
3089 5619 3142 5676 in
3170 5619 3391 5675 odorem
3433 5614 3719 5673 suavitatis

2133 5695 2392 5750 oblatum.
