4004 6202
237 333 328 393 tt't
425 324 438 340 ‘
1344 337 1715 396 anveasus
1755 338 2161 398 NESTURIUM
2203 342 2332 397 LIB.
2374 341 2460 399 ιιι.

3393 347 3492 402 ns

241 453 432 509 στσιλον
463 454 518 505 τὸ
561 455 678 522 φῶς
726 472 858 520 σου,
896 457 989 511 καὶ
1019 456 1118 527 τὴν
1151 457 1410 529 ἀλήθειάν
1459 477 1570 512 σου.
1602 480 1619 510 ι
1651 463 1715 513 Τί
1745 461 1822 524 δὲ,

1935 472 1982 515 et
2017 465 2295 517 veritatem
2324 473 2468 517 tuam
2489 462 2556 515 ὀ.
2583 479 2602 514 ι
2627 459 2763 527 Quid
2786 461 3005 516 autem?
3029 461 3113 517 dic
3141 461 3298 528 mihi,
3318 478 3497 522 nonne

243 547 354 600 είπέ
381 563 484 615 μοι,
515 547 640 614 οὐχὶ
679 549 785 600 καὶ
832 550 1004 611 αὐτὸς
1035 551 1064 602 6
1111 550 1235 612 Υἱὸς
1271 548 1630 622 ψευδοεπήσει
1684 554 1823 622 τάχα

245 656 334 690 που
362 637 523 704 λέγων
548 653 566 669 ο
622 655 641 686 ι
675 638 758 690 Οὐ
807 639 925 708 γάρ
973 640 1291 694 ἀπέστειλεν
1337 645 1364 694 ό
1410 643 1542 707 Θεὸς
1577 644 1669 696 τὸν
1699 645 1826 698 Υίὸν

247 730 313 789 εἰς
340 726 424 778 τὸν
450 727 656 794 κόσμον
691 728 785 779 ἵνα
811 729 982 799 κρίνῃ
1016 729 1107 782 τὸν
1134 731 1358 800 κόσμον,
1395 732 1510 784 ἀλλ’
1558 734 1644 786 ἵνα
1674 737 1821 805 σωθῇ

247 820 273 869 ὁ
292 817 477 884 κόσμος
501 815 567 868 δι’
594 815 766 868 αὐτοῦ
786 834 801 878 ;
819 836 840 868 ι
880 819 995 870 Καὶ
1021 817 1208 870 πάλιν·
1259 837 1278 868 ι
1324 820 1464 888 Ἐγὼ
1488 822 1554 874 ἐκ
1586 823 1678 876 τοῦ
1714 825 1825 876 Πα-

248 907 358 977 τρός
385 905 619 976 ἐξῆλθον,
650 909 750 960 καὶ
780 907 916 977 ἥκω
938 925 952 971 ;
975 927 994 957 ›
1026 909 1231 979 Γράφει
1259 909 1316 962 δέ
1355 915 1458 962 που
1490 913 1582 964 καὶ
1610 915 1638 966 ό
1666 914 1827 981 σοφὸς

263 999 484 1067 Ἰωάννης
499 999 636 1077 ’περὶ
665 999 857 1051 αὑτοῦ
879 1016 893 1028 ο
921 1020 936 1050 ι
962 999 1020 1052 Ὀ
1051 999 1342 1068 λαμϐάνων
1373 1001 1538 1054 αὑτοῦ
1565 1002 1661 1072 την
1691 1021 1827 1073 μαρ-

257 1088 426 1158 τυρίαν
455 1090 792 1158 ἐσφράγισεν
823 1091 916 1143 ὃτι
955 1091 984 1142 6
1012 1090 1143 1152 Θεὸς
1171 1089 1378 1162 ἀληθής
1404 1093 1553 1147 ἐστιν
1579 1109 1591 1122 ·
1627 1095 1687 1146 ὃν
1720 1097 1826 1165 γὰρ

264 1181 546 1235 ἀπέστειλεν
591 1182 619 1234 6
672 1183 848 1248 Θεὸς,
896 1183 964 1236 τὰ
1013 1183 1233 1253 ῥήματα
1281 1184 1377 1237 τοῦ
1419 1185 1553 1238 Θεοῦ
1599 1187 1770 1238 λαλεῖ.
1805 1206 1820 1236 ο

279 1270 599 1324 ’Δπεστάλθαι
646 1272 706 1324 δέ
746 1291 946 1342 φαμεν
987 1273 1077 1326 τὸν
1104 1274 1198 1326 τοῦ
1225 1275 1359 1327 Θεοῦ
1391 1276 1582 1344 Λόγον,
1632 1277 1692 1330 τὸ
1727 1277 1827 1347 τῆς

273 1361 538 1432 ἀποστολῆς
566 1361 741 1432 όνομά
775 1379 848 1415 τε
877 1364 972 1416 καὶ
1001 1364 1189 1434 χρῆμα
1223 1365 1360 1434 μετά
1389 1365 1498 1418 τῶν
1526 1368 1624 1436 τῆς
1658 1368 1825 1420 κενώ-

279 1468 393 1514 σεως
416 1451 591 1520 ἔχοντα
620 1454 875 1522 μέτρων
928 1455 993 1506 σὺ
1032 1455 1089 1507 δὲ
1122 1456 1186 1526 δὴ
1217 1456 1394 1520 δέδιας
1439 1458 1686 1528 ἀμαθῶς,
1733 1461 1829 1513 καὶ

279 1541 407 1612 αὐτῷ
426 1543 737 1612 προσνέμειν
760 1544 1028 1614 ἐρυθριᾷς
1046 1546 1161 1598 ἀνθ’
1179 1547 1303 1599 ὅτου
1327 1548 1384 1598 τό
1406 1566 1462 1600 τε
1482 1549 1580 1618 τῆς
1601 1550 1828 1603 ἀποστο-

281 1633 382 1700 λῆς,
415 1634 500 1685 καὶ
527 1634 587 1686 τὸ
613 1634 713 1704 τῆς
735 1634 1156 1705 ἀρχιερωσύνης
1184 1637 1356 1707 όνομά
1383 1655 1442 1690 τε
1478 1640 1570 1692 καὶ
1607 1639 1824 1711 χρῆμας

283 1717 410 1793 ’Δρα
439 1725 539 1793 γὰρ
583 1725 876 1794 ἁρμόσειεν
909 1725 1020 1796 [ἷσ.
1059 1727 1351 1798 ἁρμόσειν]
1396 1729 1718 1800 ὑπείληφας,
1753 1732 1828 1789 ὡς

1926 555 2088 608 etiam
2149 556 2262 624 ipse
2317 553 2484 608 Filius
2541 553 2832 607 mentietur
2897 552 3084 621 plane,
3141 567 3262 607 cum
3318 554 3492 610 dicit:

1933 663 1951 694 ι
1985 642 2098 697 Non
2133 645 2274 697 enim
2324 644 2467 697 misit
2499 642 2636 696 Deus
2681 641 2872 694 Filium
2924 656 3080 694 suum
3133 641 3184 696 in
3234 644 3493 700 mundum

1930 733 1987 787 ut
2029 735 2233 799 jndicet
2286 735 2568 798 mundum,
2613 732 2704 786 sed
2744 741 2801 784 ut
2844 731 3086 785 salvetur
3127 733 3362 788 mundus
3397 749 3496 805 per

1906 824 2099 902 ’ipsum
2129 823 2171 854 "
2199 841 2213 889 ;
2250 845 2268 874 ι
2301 833 2352 877 ct
2385 824 2577 876 iterum
2612 841 2628 876 :
2666 841 2683 873 ι
2719 821 2830 890 Ego
2865 836 2928 874 ex
2959 819 3121 876 Patre
3162 810 3294 886 eiii.
3325 834 3376 881 et
3403 841 3498 882 ve-

1905 905 2148 968 'nio9'.n
2208 915 2406 968 Scribit
2452 914 2615 968 etiam
2671 913 2868 969 alicubi
2921 915 3110 975 beatus
3153 913 3389 970 Joannes
3428 915 3496 972 de

1931 1005 2044 1072 ipso
2095 1023 2106 1058 :
2160 1026 2176 1056 ι
2213 1005 2313 1071 Qui
2370 1006 2562 1074 accipit
2613 1005 2980 1060 testimonium
3047 1007 3208 1076 ejus,
3267 1007 3497 1078 signavit

1929 1096 2052 1164 quia
2088 1096 2226 1151 Deus
2262 1112 2416 1163 verus
2445 1107 2562 1162 est;
2587 1111 2745 1165 quem
2789 1099 2932 1152 enim
2965 1099 3112 1152 misit
3135 1098 3295 1162 Deus,
3335 1099 3493 1151 verba

1933 1187 2020 1240 Dei
2073 1187 2312 1256 loquitur
2340 1187 2408 1240 ³³.
2447 1207 2464 1239 ι
2500 1187 2720 1242 Missum
2758 1204 2918 1258 porro
2967 1189 3196 1243 dicimus
3240 1188 3331 1243 Dei
3367 1188 3498 1243 Ver-

1931 1277 2077 1340 bum,
2127 1277 2267 1345 quod
2316 1277 2648 1345 apostolatus
2697 1293 2891 1332 nomen
2933 1288 2986 1332 et
3021 1295 3132 1332 rem
3181 1279 3338 1334 simul
3373 1293 3495 1332 cum

1929 1367 2310 1420 exinanitiouis
2339 1368 2606 1422 mensuris
2638 1367 2882 1421 haberet.
2914 1367 2992 1421 Tu
3024 1383 3152 1422 vero
3180 1367 3344 1423 stulte
3382 1367 3497 1423 for-

1931 1457 2124 1520 midas,
2158 1468 2212 1511 et
2243 1457 2316 1512 illi
2352 1458 2589 1547 tr‘ibuere
2621 1467 2674 1513 et
2706 1475 2898 1513 nmnen
2929 1469 2983 1513 et
3015 1474 3124 1513 rem
3165 1458 3498 1529 apostolatus

1931 1563 1994 1601 ac
2037 1549 2327 1602 sacerdotii
2369 1549 2555 1603 nescio
2586 1563 2688 1617 qua
2732 1549 2798 1603 de
2831 1563 2991 1602 causa
3022 1549 3316 1604 erubescis.
3354 1548 3498 1602 Num

1930 1635 2071 1688 enim
2105 1636 2277 1706 ipsum
2318 1637 2609 1691 convenire
2641 1646 2801 1706 putas
2836 1637 3033 1691 homini
3067 1638 3140 1692 illi
3175 1655 3240 1694 ex
3271 1638 3503 1694 muliere

1935 1733 2189 1792 tanquam
2229 1727 2295 1779 ab
2337 1725 2426 1779 illo
2451 1727 2687 1793 diverso,
2726 1725 3049 1795 simplicem,
3077 1737 3134 1780 ut
3171 1727 3283 1796 ipse
3316 1737 3494 1796 putas,

287 1814 436 1884 ἑτέρῳ
455 1815 574 1884 παρ’
608 1817 767 1870 αὑτὸν
798 1816 1074 1888 ἀνθρώπῳ
1113 1817 1192 1888 τῷ
1235 1820 1300 1873 ὲκ
1339 1823 1615 1888 γυναικὸς,
1663 1823 1824 1894 ψιλὴν

1935 1816 2362 1883 conjunctionem
2412 1817 2653 1883 habenti,
2704 1827 2757 1872 et
2795 1819 2963 1873 solius
2995 1818 3273 1888 dignitatis
3311 1832 3494 1887 aequa-

291 1901 444 1972 ἐχοντι
471 1905 564 1976 τὴν
591 1907 905 1976 συνάφειαν,
951 1908 1094 1962 κατὰ
1146 1910 1226 1975 σὲ,
1275 1911 1367 1963 καὶ
1405 1911 1479 1974 ὡς
1517 1915 1575 1964 ὲν
1618 1915 1823 1985 ἰσότητι

299 1997 445 2064 μόνης
469 1997 561 2066 τῆς
595 1999 773 2064 dilue;
809 2000 935 2063 Πῶς
973 1996 1066 2053 οὖν
1095 1999 1176 2053 ἔτι
1209 2000 1278 2052 τά
1305 2002 1426 2053 καθ’
1460 2004 1605 2072 ἡμᾶς
1627 2004 1825 2074 ὀνήσας

304 2088 472 2154 ὁρᾶται
507 2089 627 2152 Θεὸς
663 2089 735 2143 ὢν
780 2093 808 2144 6
850 2091 1045 2158 Λόγος,
1090 2094 1138 2144 εί
1173 2093 1264 2144 καὶ
1305 2095 1824 2164 προσκεκομίσμεθα

319 2176 376 2228 δι’
404 2179 573 2248 ἑτέρου
591 2181 660 2250 τῷ
679 2182 787 2252 Θεῷ
820 2183 915 2236 καὶ
951 2184 1157 2254 Πατρί;
1208 2185 1404 2237 Οὐκέτι
1433 2187 1538 2256 γὰρ
1571 2188 1636 2240 δι’
1661 2188 1824 2241 αὑτοῦ

328 2267 416 2336 τὴν
452 2274 765 2342 προσαγωγὴν
806 2277 1153 2345 ἐσχήκαμεν
1213 2276 1351 2330 ἀλλὰ
1398 2279 1622 2347 γέγονεν
1669 2269 1825 2350 ἡμῶν

331 2357 540 2428 μεσίτης
563 2361 798 2431 ἄνθρωπος
822 2365 940 2418 καθ’
975 2367 1141 2436 ἡμᾶς,
1171 2366 1230 2420 τὺ
1260 2371 1356 2438 τῆς
1383 2369 1634 2440 θεότητος
1657 2373 1826 2441 ὄνομα

323 2448 678 2505 κατάπλαστον
715 2455 858 2523 έχων.
913 2457 1071 2510 Ἀλλά
1115 2459 1222 2520 ναὶ,
1275 2461 1429 2530 φησὶ,
1488 2462 1716 2533 σμικρόν
1759 2463 1826 2516 ἂν

309 2544 386 2614 είη
414 2545 488 2615 τῷ
516 2548 581 2600 ἐκ
607 2549 728 2602 Θεοῦ
754 2551 956 2620 Πατρός
997 2554 1145 2621 φύντι
1189 2554 1350 2624 Λόγῳ
1399 2554 1460 2606 τὸ
1503 2556 1825 2626 ἱερουργεῖν.

305 2636 527 2707 Σμικρὸν
556 2641 997 2711 ὁμολογουμένως.
1027 2646 1272 2716 Συνεργῶ
1301 2645 1422 2716 [ἵσ.
1454 2647 1662 2716 συνερῶ
1680 2646 1698 2718 1;
1719 2649 1826 2718 γάρ

303 2744 376 2780 σοι
408 2732 738 2800 πρεσϐεύοντι
787 2736 1012 2804 τάληθές
1040 2753 1052 2767 ·
1108 2737 1225 2790 ἀλλ’
1271 2739 1332 2790 οὐ
1367 2741 1544 2808 γυμνῇ
1599 2742 1662 2809 τῇ
1710 2739 1828 2791 θεό-

297 2834 408 2887 τητι
468 2825 781 2892 κεχρημένος
830 2826 1067 2894 ἐπέρανε
1129 2830 1239 2889 τοῖς
1289 2829 1380 2880 ἐπὶ
1409 2829 1507 2897 τῆς
1553 2827 1697 2898 γῆς’
1735 2846 1827 2896 γε’

296 2909 450 2983 γοεὼς
473 2911 524 2964 δὲ
563 2914 748 2982 μᾶλλον
797 2917 1086 2986 ἄνθρωπος
1131 2918 1250 2972 καθ’
1293 2921 1459 2990 ἡμᾶς,
1501 2913 1544 2986 ᾧ
1589 2920 1732 2990 μέγα
1777 2938 1827 2972 τι

292 3003 463 3071 χρῆμα
509 3007 598 3058 καὶ
647 3005 916 3077 ἐξαξρετον
961 3011 1276 3082 ἱερουργίαο
1324 3015 1370 3065 εί
1412 3012 1470 3064 δὲ
1515 3013 1578 3083 δὴ
1627 3029 1826 3084 παραι-

287 3096 420 3146 τείτο
459 3093 578 3166 [Ion
616 3101 966 3172 παραιτοῖτοῖ
998 3103 1062 3155 τὸ
1096 3105 1396 3175 ἱερουργεῖν
1440 3105 1516 3166 ὡς
1557 3103 1828 3176 ἀνθρώπῳ
1859 3134 1900 3190 C

293 3187 504 3255 πρέπον,
539 3191 692 3260 ἤγουν
724 3193 898 3264 ἑτέρῳ
929 3193 1006 3263 τῷ
1039 3193 1156 3266 [τσ.
1191 3197 1365 3266 ἑτέρῳ
1405 3194 1518 3268 τῳ]
1561 3200 1657 3268 τῆς
1709 3197 1830 3249 δου-

291 3275 427 3340 λείας
447 3279 608 3347 ἔχοντι
634 3283 854 3353 μέτρον,
903 3285 1020 3348 πῶς
1063 3288 1161 3339 οῦκ
1201 3289 1423 3358 ἄμεινον
1476 3289 1628 3360 παρὰ
1673 3290 1828 3352 πολὺ,

283 3366 365 3420 καὶ
399 3370 497 3438 πρό
528 3388 586 3438 γε
615 3373 807 3426 τούτου
849 3376 1234 3445 παραιτεῖσθαι
1257 3377 1355 3447 τὴν
1383 3379 1830 3451 ὲνανθρὼπησινς

293 3458 417 3511 Ἀλλ’
455 3463 549 3515 οὐκ
591 3465 907 3534 ἀπόϐλητον
939 3469 1234 3538 ἐποιήσατο
1281 3469 1346 3522 δι’
1379 3472 1525 3540 ἡμᾶς
1571 3472 1671 3542 τὴν
1714 3473 1834 3540 γέν-

279 3564 434 3616 νησιν,
459 3553 644 3606 οὑτοσὶ
667 3555 745 3617 δὲ,
777 3557 853 3618 ὡς
878 3558 1035 3626 ἔφην,
1057 3559 1372 3629 αἰσχύνεται
1403 3561 1635 3630 τάληθές
1656 3580 1668 3594 ο
1705 3563 1831 3616 ἄσο-

280 3639 366 3703 φόν
387 3657 439 3692 τε
466 3644 556 3696 καὶ
586 3646 1004 3718 ἀνεπιστήμονα
1026 3650 1384 3713 καταδεικνὺς
1407 3653 1616 3706 ἑαυτόν.
1645 3653 1834 3707 Καίτοι

279 3730 360 3782 τοῦ
389 3736 656 3806 μακαρίου
677 3739 891 3791 Παύλου
918 3739 1170 3808 λέγοντος
1191 3758 1202 3770 ·
1243 3760 1260 3793 ι
1286 3744 1360 3796 Ού
1379 3743 1487 3814 γὰρ
1512 3745 1834 3816 ἐπαισχύνο-

287 3838 370 3889 μαι
417 3826 472 3878 τό
525 3828 885 3896 Εὑαγγέλιον,
940 3833 1172 3902 δύναμις
1226 3834 1336 3905 γὰρ
1384 3835 1518 3888 Θεοῦ
1575 3839 1720 3890 ἐστιν
1754 3841 1834 3902 εἰς

282 3914 525 3984 σωτηρίαν
554 3918 724 3971 παντὶ
755 3919 832 3990 τῷ
860 3923 1183 3976 πιστεύοντι.
1217 3945 1234 3975 ι
1263 3925 1572 3994 Θαυμάσειε
1601 3927 1646 3981 δ’
1666 3929 1730 3981 ἄν
1753 3947 1834 3992 τις

287 4005 368 4056 τὸν
394 4008 479 4060 τοῦ
512 4009 648 4063 Θεοῦ
692 4013 886 4080 Λόγον,
923 4018 1022 4086 τῆς
1064 4018 1321 4070 ἁπάντων
1368 4018 1528 4071 ἕνεκα
1563 4007 1833 4088 σωτηρίας

288 4095 370 4148 καὶ
400 4096 553 4169 ζωῆς,
583 4104 849 4174 τοσαύτην
881 4107 1236 4178 ἀνασχομένῳ
1279 4111 1468 4162 παθεῖν
1501 4112 1600 4180 τὴν
1642 4111 1833 4162 ταπεί-

282 4189 531 4259 νωσιν,ῆν
557 4193 660 4245 οὐκ
689 4189 788 4246 οἶδ’
833 4195 980 4260 ὅπως
1020 4199 1048 4249 6
1099 4198 1208 4250 τῶν
1256 4201 1477 4253 εἰκαίων
1515 4203 1644 4271 ἡμῖν
1689 4199 1833 4254 διδα-

275 4278 480 4347 γμάτων
508 4283 765 4355 εὑρετὴς.
797 4287 889 4339 καὶ
941 4288 1099 4357 μόνον
1151 4291 1432 4361 ὁμολογεῖν
1478 4292 1831 4362 αἰσχύνεταιο

271 4371 431 4424 καίτοι
452 4373 582 4426 δέον
615 4375 854 4441 ἄγασθαι
887 4377 986 4447 μὲν
1030 4381 1122 4431 ἐπὶ
1149 4381 1358 4443 τούτοις
1403 4381 1586 4444 αὐτὸν,
1631 4382 1830 4432 ἀνακε-

1933 1908 2178 1962 litatem?
2213 1908 2495 1974 Quomodo
2537 1911 2699 1978 igitur
2723 1909 2832 1979 jam
2878 1911 3049 1981 ipsum
3081 1909 3314 1964 Verbum
3355 1907 3498 1978 quod

1935 1997 2074 2052 Deus
2103 2010 2240 2066 erat,
2269 2009 2482 2054 nostras
2513 2015 2595 2054 res
2617 2000 2820 2069 juvisse
2849 2002 3108 2064 cernitur,
3140 2001 3183 2056 si
3219 2015 3312 2071 per
3335 2001 3497 2054 alium

1933 2106 2144 2158 quoque
2188 2092 2252 2142 ad
2291 2091 2457 2146 Deum
2510 2107 2574 2146 ac
2615 2091 2828 2145 Patrem
2871 2092 3086 2147 adducti
3124 2089 3498 2146 sumus?Non

1932 2185 2072 2236 enim
2113 2183 2223 2252 jam
2259 2199 2353 2252 per
2397 2185 2570 2252 ipsum
2607 2199 2881 2239 accessum
2921 2185 3230 2246 habuimus,
3273 2183 3366 2237 sed
3400 2182 3501 2236 fuit

1934 2276 2194 2328 mediator
2242 2286 2427 2328 uoster
2477 2276 2638 2330 homo
2689 2276 2856 2329 nostri
2917 2275 3146 2342 similis,
3180 2273 3287 2345 65
3318 2273 3498 2326 lit-tum

1935 2368 2142 2436 habens
2188 2368 2491 2422 divinitatis
2531 2383 2747 2422 nomen.
2799 2368 2869 2420 At
2927 2369 3093 2432 enim,
3135 2367 3334 2436 inquit,
3381 2367 3501 2419 exi-

1933 2476 2094 2528 gnum
2140 2475 2271 2514 sane
2315 2457 2608 2514 est'Verbo
2655 2475 2720 2513 ex
2775 2458 2883 2513 Deo
2931 2459 3112 2526 genito
3160 2457 3500 2511 sacriﬁcandi

1935 2567 2148 2604 IIIIIIIUS.
2183 2551 2468 2620 Exiguum,
2501 2551 2696 2614 fateor,
2739 2550 2833 2604 tibi
2874 2550 3016 2604 enim
3061 2547 3328 2603 assentior
3360 2547 3501 2602 veri-

1936 2654 2097 2696 tatem
2149 2643 2460 2711 praedicanti
2493 2660 2505 2695 :
2538 2643 2633 2696 sed
2674 2641 2817 2696 haud
2857 2641 2996 2695 nuda
3035 2655 3186 2695 usum
3223 2639 3502 2694 divinitate

1935 2735 2018 2789 his
2045 2735 2132 2802 qui
2165 2744 2289 2788 sunt
2324 2735 2376 2786 in
2421 2733 2579 2788 terris
2605 2731 2880 2802 apparuit,
2908 2747 3092 2787 verum
3137 2732 3298 2786 homo
3324 2731 3502 2801 potius

1935 2826 2104 2878 noStri
2131 2824 2324 2878 similis
2355 2824 2576 2890 factum,
2601 2825 2685 2876 cui
2714 2837 2962 2893 ntagnum
2992 2820 3244 2892 quiddam
3277 2830 3358 2875 est
3388 2822 3502 2875 exi-

1938 2915 2210 2982 ‘ntiumqne
2255 2911 2593 2966 sacriﬁcandi
2637 2910 2904 2976 ollicinm;
2962 2910 3104 2980 quod
3161 2909 3206 2963 si
3259 2909 3504 2979 repudiet

1936 3005 2274 3060 sacriﬁcandi
2310 3018 2504 3057 munus
2559 3013 2616 3056 ut
2651 3002 2879 3064 homini,
2925 3003 3038 3056 sive
3077 3001 3232 3056 alteri
3267 3001 3498 3069 cuipiam

1936 3098 2213 3154 servitutis
2250 3111 2556 3151 mensuram
2595 3096 2807 3150 babenti
2841 3094 3196 3158 conveniens,
3232 3093 3500 3162 quomodo

1937 3207 2041 3246 non
2067 3190 2259 3244 melius
2281 3188 2471 3243 luisset
2509 3189 2670 3242 etiam
2705 3195 2827 3242 ante
2855 3186 2956 3240 hoc
2985 3199 3200 3250 munus,
3239 3185 3502 3240 humana-

1939 3283 2136 3336 tionem
2171 3278 2495 3348 repudiare?
2525 3277 2630 3332 Sed
2661 3286 2841 3331 nostra
2872 3290 3035 3330 causa
3079 3275 3223 3329 haud
3252 3273 3500 3342 rejicien-

1935 3374 2058 3426 dam
2097 3372 2268 3441 ipsam
2323 3370 2725 3441 generationem
2771 3368 2970 3424 duxit:
3016 3368 3115 3422 iste
3171 3377 3389 3431 tamen,
3442 3372 3501 3418 ut

1937 3465 2069 3528 dixi,
2102 3465 2383 3517 veritatem
2415 3462 2710 3526 erubescit,
2741 3461 2792 3514 in
2834 3475 2942 3530 quo
2975 3459 3312 3528 insipientem
3359 3471 3418 3513 se
3449 3465 3503 3513 et

1938 3557 2247 3626 imperitum
2281 3556 2537 3622 ostendit,
2580 3555 2828 3625 quamvis
2854 3555 3043 3610 beatus
3077 3552 3276 3608 Paulus
3316 3551 3499 3607 dicat:

1942 3666 1959 3697 ι
1996 3647 2112 3702 Non
2169 3649 2311 3701 enim
2373 3647 2637 3701 erubesco
2703 3645 3087 3717 Evangelium;
3135 3645 3307 3699 virtus
3359 3647 3501 3698 enim

1939 3737 2030 3794 Dei
2063 3751 2146 3795 est
2178 3740 2228 3793 in
2271 3739 2500 3792 salutem
2537 3739 2682 3793 oumi
2725 3739 2965 3793 credenti
2983 3739 3049 3792 ".
3084 3756 3103 3788 ι
3134 3734 3504 3791 Admiratione

1935 3840 2115 3884 autem
2154 3831 2371 3900 dignum
2403 3840 2486 3884 est
2526 3831 2614 3884 Dei
2640 3829 2872 3883 Verbqu
2920 3829 3110 3883 salutis
3151 3844 3216 3883 ac
3242 3827 3366 3881 vitze
3396 3842 3504 3880 om-

1938 3923 2084 3976 nium
2138 3937 2300 3975 causa
2356 3926 2558 3976 tantam
2606 3922 2960 3975 humilitatem
3011 3923 3194 3976 subire
3241 3922 3498 3979 voluisse.

1936 4030 2095 4083 quam
2127 4013 2309 4066 nescio
2341 4013 2608 4081 quomodo
2652 4011 2738 4065 hic
2764 4012 3068 4080 ineptarum
3097 4011 3499 4080 disciplinarum

1937 4104 2204 4166 inventor,
2229 4102 2308 4156 vel
2331 4101 2574 4156 confiteri
2604 4102 2773 4156 solum
2812 4103 3081 4158 erubescit
3109 4120 3122 4155 :
3155 4118 3274 4157 cum
3297 4103 3502 4174 aequius

1939 4196 2128 4249 fuisset
2178 4204 2457 4263 prepterea
2499 4193 2670 4262 ipsum
2727 4192 3028 4257 admirari,
3081 4201 3134 4248 et
3177 4193 3336 4247 simul
3379 4208 3499 4248 cum

1938 4287 2096 4341 beato
2141 4283 2408 4355 Pmpheta
2458 4285 2736 4338 clamare:
2771 4302 2788 4334 ι
2827 4283 3070 4348 Domine,
3119 4283 3296 4337 audivi
3346 4283 3501 4337 audi-

1940 4388 2051 4431 tum
2089 4385 2257 4439 tuum,
2289 4386 2341 4429 et
2366 4376 2546 4442 timui;
2589 4375 2922 4430 consideravi
2972 4391 3133 4445 opera
3183 4385 3295 4440 tua,
3325 4385 3377 4429 et
3411 4391 3500 4430 ex-

270 4466 476 4530 κραγεῖν
526 4463 588 4515 δὲ
635 4465 770 4534 ὁμοῦ
817 4466 892 4536 τῷ
942 4469 1200 4540 μακαρίῳ
1243 4473 1534 4542 προφήτῃ·
1595 4469 1829 4540 «Κύριε,

1940 4466 2060 4536 pavi
2083 4467 2150 4520 ".
2185 4484 2202 4518 ι
2241 4465 2372 4518 Nam
2402 4481 2521 4520 cum
2565 4482 2755 4521 omnes
2794 4466 3012 4521 Litterae
3045 4466 3304 4521 divinitus
3334 4467 3503 4536 inapi-

267 4553 564 4625 εἱσακήκοα
593 4556 691 4626 τὴν
722 4559 890 4628 ἀκοήν
925 4577 1016 4613 σου
1049 4562 1142 4614 καὶ
1176 4561 1451 4631 ἐφοϐήθην
1471 4578 1482 4590 ⁸
1534 4564 1836 4631 κατενόησα

265 4646 325 4695 τά
345 4645 482 4716 ἔργα
521 4666 618 4700 σου
647 4651 740 4702 καὶ
767 4650 1014 4723 ἐξέστην.
1041 4673 1058 4703 ι
1105 4653 1320 4724 Ἐπειδὴ
1354 4654 1407 4705 δὲ
1440 4655 1655 4722 ἁπάσης
1691 4655 1836 4724 αὐτῷ

264 4736 349 4802 τῆς
403 4737 778 4791 θεοπνεύστου
838 4741 1062 4811 Γραφῆς
1123 4743 1576 4812 ἀντεγειρομένης
1637 4743 1837 4812 τρόπον

264 4829 392 4892 τινά,
428 4831 536 4881 καὶ
563 4831 970 4902 άντανιστώσης
996 4833 1093 4902 τὴν
1122 4833 1401 4902 ἀλήθειαν,
1431 4834 1635 4904 ψυχρόν
1660 4852 1718 4886 τε
1746 4835 1840 4887 καὶ

267 4914 436 4981 ἇῠλον,
479 4918 577 4970 καὶ
609 4919 905 4988 οὐδαμόθεν
937 4922 1396 4992 ὲπικουρούμενον
1431 4923 1836 4992 ἁποφαινούσης

268 5009 396 5078 αξιτῷ
423 5010 527 5062 ὢν
560 5012 652 5064 ἐπὶ
680 5015 792 5075 τοῖς
827 5013 977 5075 ἰδίοις
998 5014 1270 5082 εὑρήμασι
1296 5015 1474 5080 λόγον,
1497 5015 1834 5085 διηπόρηκεν

265 5097 318 5148 οὐ
352 5100 598 5169 μετρίως
641 5100 751 5152 τῶν
795 5104 873 5164 εἰς
917 5101 1181 5172 ὀρθότητά
1221 5119 1282 5154 τε
1324 5103 1419 5154 καὶ
1453 5103 1708 5172 ἀλήθειαν
1749 5106 1834 5155 ὲν-

270 5190 413 5243 νοιῶν
443 5208 508 5244 τε
553 5194 649 5244 καὶ
680 5192 1018 5260 διασκέψεων
1040 5209 1051 5220 ·
1083 5193 1259 5264 ταύτῃ
1284 5210 1398 5255 τοι,
1433 5193 1528 5245 καὶ
1569 5193 1606 5246 ἃ.
1651 5194 1837 5263 μηδεὶς

269 5279 485 5336 πώποτε
512 5281 622 5335 τῶν
651 5286 728 5347 εἰς
756 5283 1023 5354 ὀρθότητα
1049 5285 1148 5354 τὴν
1178 5285 1516 5354 δογματῐκὴν
1552 5302 1835 5354 μεμαρτυ-

271 5373 542 5439 ρημένων,
575 5373 607 5441 ἢ
637 5373 1076 5446 πεφρονηκὼς,ἢ
1110 5373 1281 5440 λέγων
1304 5375 1602 5436 ἁλίσκεται,
1637 5373 1838 5438 ταύτας

270 5467 499 5517 ποιεῖται
529 5465 626 5518 τοῦ
663 5466 821 5533 λόγου
854 5466 954 5528 τὰς
995 5466 1277 5536 ἀφορμάς·
1312 5469 1606 5535 σκιαμαχΞῖ
1649 5482 1707 5517 τε
1744 5467 1837 5520 καὶ

266 5551 586 5608 διατείνεται
629 5557 824 5626 μάτην,
858 5557 1242 5624 ἀντεξάγοντος
1283 5556 1574 5624 ούδενδς,ἢ
1613 5557 1835 5624 φιλονει-

1939 4564 2071 4610 ratae
2108 4555 2209 4624 ipsi
2264 4543 2649 4624 repugnarent,
2703 4566 2759 4608 et
2807 4563 3144 4624 opponerent
3190 4556 3502 4617 veritatem,

1939 4646 2160 4714 ejusque
2190 4661 2492 4700 sermonem
2518 4661 2622 4713 quo
2654 4661 2748 4699 sua
2778 4655 3081 4700 connuenta
3112 4655 3313 4712 tuetur,
3350 4645 3498 4716 frigi-

1941 4739 2065 4792 dum
2093 4746 2148 4792 et
2178 4737 2348 4792 levem
2377 4746 2430 4792 et
2467 4738 2608 4790 nulla
2637 4754 2704 4792 ex
2734 4745 2884 4806 parte
2915 4736 3105 4793 fultum
3138 4738 3502 4796 ostenderent.

1941 4846 2047 4884 non
2106 4831 2359 4884 mediocri
2395 4831 2617 4900 penuria
2669 4841 2938 4884 rectarmn
2989 4835 3346 4897 verarumqtte
3381 4841 3506 4882 sen—

1942 4922 2230 4976 tentiarum
2277 4931 2329 4974 et
2361 4921 2770 4988 inquisitionum
2813 4921 3076 4975 laboravit
3104 4937 3119 4973 :
3154 4935 3215 4973 ea
3248 4919 3322 4973 de
3344 4933 3505 4972 causa

1941 5027 2060 5082 qua:
2104 5026 2262 5065 nemo
2302 5027 2534 5076 unquam
2583 5021 2728 5065 recta
2763 5011 3076 5080 dogmatnm
3123 5007 3502 5062 tradendorum

1944 5105 2154 5158 ratione
2187 5101 2437 5166 celebris,
2487 5113 2576 5155 aut
2627 5103 2884 5164 sensisse,
2933 5111 3026 5154 aut
3075 5099 3279 5153 dixisse
3308 5097 3503 5169 depre-

1944 5196 2216 5256 henditur.
2252 5195 2316 5248 iis
2347 5210 2440 5262 pro
2470 5207 2779 5248 sermonum
2823 5205 3039 5246 suorum
3083 5188 3370 5244 occasione
3399 5190 3506 5243 nti-

1942 5298 2049 5351 tur,
2096 5293 2150 5340 et
2191 5301 2310 5339 cum
2355 5289 2561 5339 umbris
2601 5294 2822 5353 pugnat,
2879 5293 2932 5336 et
2980 5280 3176 5334 frustra
3227 5280 3503 5336 contendit

1943 5377 2158 5430 nemine
2197 5386 2555 5445 repugnante,
2589 5383 2683 5427 aut
2721 5373 2802 5426 his
2834 5371 2900 5425 de
2932 5371 3092 5426 rebus
3122 5370 3506 5432 cantendcnte,

1943 5466 2083 5532 quod
2113 5465 2237 5518 illud
2268 5479 2387 5518 esse
2429 5463 2556 5533 puti)
2586 5477 2766 5516 aerem
2798 5461 3108 5515 verberare.
3151 5459 3296 5512 Dixit
3323 5457 3506 5512 enim:

1943 5555 2075 5620 Quis
2112 5553 2350 5622 Apostoli
2399 5567 2591 5606 munus
2621 5567 2742 5614 cum
2785 5550 3056 5607 didicerit.
3096 5565 3200 5603 non
3239 5546 3381 5601 illico
3419 5545 3473 5600 in

341 5739 388 5769 "
418 5737 555 5796 °sal.
585 5755 716 5803 xw,
747 5741 799 5794 5.
877 5742 918 5772 ⁹¹
947 5739 1104 5794 Joan.
1135 5755 1216 5802 ιιι,
1250 5738 1331 5792 l7.
1409 5739 1452 5770 ν’
1484 5735 1636 5792 Joan.
1666 5755 1772 5802 xvi,
1797 5739 1831 5791 2

1958 5715 2007 5773 ν
2039 5735 2192 5793 Joan.
2220 5749 2300 5802 ιιι,
2330 5735 2384 5790 3.
2458 5737 2503 5770 ἰ
2531 5736 2688 5793 Rom.
2717 5752 2756 5809 ι,
2789 5739 2871 5792 l6.
2946 5739 2991 5772 “
3030 5736 3228 5792 Hahae.
3258 5753 3337 5804 ιιι.
3369 5737 3419 5791 ί·
