4004 6202
467 301 568 357 119

1443 304 1503 361 S.
1543 304 1813 363 CYRILLI
1851 308 2321 368 ALEXANDRINI
2360 314 2680 374 ARCHXEP.

3592 326 3695 384 4‘20

465 414 636 471 dicari
681 413 949 470 hominem
980 412 1274 483 intelligat?
1311 414 1441 483 Quis
1483 422 1751 488 ponticis
1794 425 2031 494 appella-

2145 430 2251 481 κεῖν
2280 429 2555 495 ἐθέλοντος
2581 434 2935 501 περὶτούτων
2964 439 3143 493 αὐτῶν
3184 439 3315 512 [ισ.
3345 439 3564 513 αύτῷ]“
3601 442 3693 496 καὶ

467 508 671 562 tionem
699 506 944 570 audiens,
976 506 1273 562 divinitatis
1315 510 1603 565 essentiam
1636 513 1811 580 ipsum
1847 517 2027 584 ponti-

467 602 620 656 ﬁcem
643 598 953 654 existimet?
977 598 1108 652 Cum
1148 614 1275 668 ergo
1305 599 1393 668 qui
1420 600 1522 655 hoc
1545 602 1709 669 dicat,
1749 619 1908 660 nemo
1934 606 2026 669 εει,

465 704 586 743 cum
617 688 835 757 quibus,
875 687 962 741 dic
1006 687 1157 751 mihi,
1191 689 1492 753 contendis,
1538 699 1591 745 et
1637 693 2029 747 ren‘romninni

466 770 1102 840 sententia'damnatam,
1150 787 1413 846 tanquam
1454 766 1571 847 ipse
1614 782 1762 836 solus
1799 794 2029 849 evertas,

467 882 758 945 palmarem
793 876 885 929 tibi
921 876 1061 929 hanc
1091 889 1325 945 pugnam
1370 874 1607 930 futuram
1639 877 1828 947 putas?
1859 876 2031 933 Porro

380 1010 387 1015 .
468 966 736 1036 quomodo
768 966 1000 1021 inﬁciari
1034 967 1204 1032 possit
1236 976 1290 1021 te
1327 966 1380 1020 in
1414 967 1653 1021 medium
1680 967 1731 1020 id
1767 967 2028 1035 proferre,

468 1059 611 1128 quod
657 1072 779 1112 cum
824 1073 854 1110 a
905 1059 1123 1111 nemine
1170 1057 1402 1121 dicatur,
1450 1064 1632 1111 tacere
1676 1057 1849 1111 satius
1891 1065 2029 1124 erat,

468 1163 627 1218 quam
675 1147 728 1201 in
780 1147 1169 1216 simpliciorum
1214 1147 1425 1209 animos
1471 1144 2032 1218 injicere?660uis
2086 1158 2102 1178 ‘

469 1240 614 1294 enim
659 1248 743 1293 est
791 1240 923 1293 adeo
970 1239 1250 1304 attonitus,
1303 1248 1362 1293 ut
1394 1239 1691 1294 divinitatis
1738 1241 2030 1296 essentiam

472 1333 644 1399 ipsum
694 1328 1008 1387 Pontiﬁcem
1064 1325 1376 1385 existimet?
1425 1328 1597 1383 Homo
1646 1338 1765 1384 erat
1812 1330 2031 1394 Aaron,

352 1454 365 1461 ι
470 1418 719 1486 quamvis
760 1417 984 1485 adeptus
1018 1425 1077 1471 ut
1119 1417 1174 1471 in
1211 1416 1303 1471 illo
1345 1417 1527 1473 divino
1564 1418 1865 1473 sacerdotio
1912 1418 2032 1474 aliis

470 1507 783 1563 excelleret.
858 1507 1137 1574 Quomodo
1189 1506 1353 1577 igitur
1400 1508 1682 1576 quisquam
1734 1507 2033 1563 divinitatis

469 1600 761 1655 essentiam
801 1599 975 1667 ipsum
1030 1596 1337 1668 pontiﬁcem
1388 1598 1579 1667 putet?
1634 1607 1727 1652 aut
1764 1600 2034 1668 quomodo

472 1707 577 1746 non
628 1705 850 1760 prorsus
892 1689 1212 1744 conﬁteatur
1262 1688 1533 1743 hominem
1581 1690 2030 1755 commemorari,

2132 520 2310 599 τοῦτο,
2330 519 2619 593 οἷμα;,ἔστι
2640 527 2717 593 τὸ,
2742 530 2823 590 είς
2851 531 2987 600 ἀέρα
3010 532 3206 603 δέρειν.
3237 534 3397 603 Ἔφη
3411 534 3521 603 γάρ
3539 550 3554 563 ·
3599 535 3694 598 Τίς

2100 653 2104 656 ‹
2144 611 2467 668 Ἀποστόλου
2496 616 2840 687 λειτουργίαν
2869 621 3076 689 μαθὼν,
3106 624 3205 676 οὐκ
3224 623 3385 683 εὐθὺς
3414 623 3697 695 ἄνθρωπον

2134 703 2467 774 μηνυόμενον
2490 705 2663 774 ἔγνως
2693 709 2788 771 Τίς
2807 710 3104 780 ἀρχιερέως
3135 713 3429 783 ὀνομασίαν
3463 713 3694 779 ἀκούων,

2132 791 2381 864 θεότητος
2416 797 2603 851 οὐσίαν
2637 799 2727 851 τὸν
2753 801 3013 871 ἀρχιερέα
3041 802 3345 872 νομίσειεν;
3374 804 3503 858 Ὅτε
3524 805 3699 859 τοίνυν

2130 884 2306 948 οὐδεὶς
2328 887 2357 938 6
2388 886 2544 941 τοῦτο
2572 889 2745 957 λέγων
2776 892 2913 954 ἐστὶ,
2938 893 3098 957 τίσιν,
3141 895 3260 947 είπέ
3307 913 3419 965 μοι,
3466 896 3698 965 φιλονει-

2131 977 2267 1038 κεῖς,
2304 977 2399 1030 καὶ
2438 979 2499 1031 τὸ
2538 981 2656 1042 ταῖς
2688 981 2942 1037 ἀπάντων
2982 984 3184 1054 ψήφοις
3230 986 3698 1057 κατεγνωσμένον.

2132 1064 2208 1126 ὡς
2260 1065 2419 1135 μόνος
2468 1068 2628 1133 αὐτὸς
2680 1072 3021 1144 ἀνατρέπων,
3092 1075 3195 1128 οῖει
3239 1075 3377 1145 τάχα
3422 1093 3545 1139 που,
3607 1079 3702 1130 καὶ

2131 1156 2311 1227 γερῶν
2335 1157 2491 1223 ἀξίαν
2521 1163 2789 1217 ποιεῖσθαι
2810 1163 2907 1235 τὴν
2937 1165 3217 1232 ἔνστασιν;
3248 1168 3442 1220 Καίτοι
3464 1166 3580 1230 πῶς
3603 1168 3703 1221 οὐκ

2133 1248 2348 1319 ἀληθὲς,
2387 1250 2463 1313 ὡς
2494 1252 2651 1306 τοῦτο
2683 1253 2933 1322 λέγοντος
2958 1257 3191 1321 οὐδενὸς,
3248 1259 3330 1321 είς
3358 1258 3520 1329 μέσον
3549 1258 3702 1327 ἄγεις

2132 1340 2311 1405 αὐτὸς,
2330 1340 2359 1394 6
2379 1344 2587 1414 σιωπᾷν
2618 1345 2862 1415 ἄμεινον,
2894 1348 2989 1401 καὶ
3025 1349 3099 1418 μὴ
3118 1350 3239 1412 ταῖς
3268 1349 3379 1402 τῶν
3406 1350 3703 1403 ἁπλουστέ-

2136 1446 2244 1500 ρων
2260 1431 2497 1486 ἐνίεσθαι
2514 1432 2711 1504 ψυχαῖς
2735 1452 2751 1501 ;
2780 1436 2876 1500 Τίς
2892 1436 3001 1506 γὰρ
3020 1437 3190 1502 οὕτως
3214 1439 3596 1509 ἐμϐρόντητοςν
3627 1439 3703 1503 ὡς

2133 1520 2385 1592 θεότητος
2416 1524 2602 1578 οὐσίαν
2622 1525 2711 1578 τὸν
2752 1526 3036 1597 Ἀρχιερέα
3057 1528 3301 1597 νομίζειν
3329 1546 3343 1593 ;
3383 1527 3705 1597 Ἀνθρωπος

2131 1606 2200 1681 ἦν
2237 1610 2467 1681 Ἀαρὼν,
2503 1613 2678 1666 καίτοι
2720 1614 2781 1666 τὸ
2826 1614 3084 1686 προύχειν
3111 1615 3218 1668 τῶν
3250 1615 3424 1669 ἄλλων
3457 1615 3514 1667 ὲν
3547 1616 3704 1685 ἱερω-

2137 1701 2268 1772 σύνῃ
2298 1705 2364 1773 τῇ
2401 1702 2520 1774 θείᾳ
2561 1703 2761 1774 λαχών.
2797 1705 2920 1769 Πῶς
2953 1703 3047 1759 οὖν
3077 1706 3141 1760 ἄν
3178 1725 3263 1770 τις
3301 1706 3489 1760 ούσίαν
3521 1705 3706 1774 θεότη-

468 1799 595 1839 cum
643 1783 811 1838 frater
850 1782 944 1837 ille
985 1780 1117 1836 Mosi
1166 1789 1223 1835 ut
1268 1781 1506 1851 pontifex
1547 1780 1888 1850 appellatur?
1930 1779 2035 1835 Sed

2145 1810 2229 1856 τος
2261 1793 2350 1846 τὸν
2393 1795 2650 1867 ἀρχιερέα
2675 1796 2988 1866 νομίσειενς
3033 1799 3066 1868 ἢ
3108 1798 3225 1862 πῶς
3263 1797 3330 1852 ἃν
3368 1798 3489 1868 οὐχὶ
3531 1798 3706 1867 πάντη

469 1878 612 1930 enim
656 1891 778 1930 cum
824 1887 1165 1941 communem
1202 1886 1507 1927 sermonem
1566 1870 1826 1941 proferat,
1862 1881 1916 1927 et
1942 1874 2032 1941 qui

470 1969 667 2037 cuique
697 1969 763 2022 de
814 1971 999 2019 nostro
1046 1977 1271 2019 numero
1307 1963 1573 2017 sacerdoti
1603 1964 1830 2032 quadret
1876 1972 2035 2031 atque

472 2057 778 2121 conveniat,
812 2053 1230 2124 dispensationis
1277 2067 1395 2122 quae
1424 2056 1475 2106 in
1521 2051 1744 2108 Christo
1783 2053 2035 2124 intelligi-

473 2162 582 2214 tnr,
624 2146 994 2203 admirabilem
1044 2144 1267 2215 gloriam
1301 2142 1629 2197 labefactare
1675 2151 1927 2206 conatur,
1981 2150 2037 2196 et

471 2242 714 2296 divinum
756 2239 887 2293 illud
918 2237 1235 2308 mysterium
1284 2245 1525 2290 nostrum
1564 2248 1629 2289 ex
1668 2234 1792 2289 imis
1816 2233 2035 2288 sedibus

473 2333 639 2388 audet
666 2340 935 2395 evertere,
972 2329 1192 2383 minime
1218 2327 1463 2396 cogitans
1487 2325 1781 2381 Ecclesiam
1809 2340 1838 2379 a
1871 2324 2033 2379 Chri-

472 2436 558 2479 sto
597 2437 760 2491 supra
791 2432 999 2489 petram
1041 2434 1162 2474 esse
1191 2419 1490 2481 fundatam,
1530 2424 1584 2471 et
1617 2430 1891 2484 nunquam
1921 2413 2037 2468 fore

473 2527 533 2571 ut
563 2515 829 2569 adversus
870 2525 989 2566 eam
1032 2516 1199 2579 porta:
1232 2508 1389 2562 inferi
1440 2506 1848 2576 praevaleant".
1883 2503 2038 2558 Dedi-

473 2613 670 2677 gnatur
697 2603 843 2660 enim
884 2614 1223 2657 communem
1259 2608 1314 2654 et
1349 2598 1589 2653 omnium
1621 2605 1765 2650 recte
1797 2596 2038 2650 sentien—

437 2726 451 2734 -
477 2700 611 2753 tium
638 2697 946 2766 opinionem
976 2693 1127 2763 sequi
1159 2708 1176 2747 :
1208 2707 1397 2745 novam
1429 2705 1540 2745 sua:
1577 2689 1862 2745 sententiae
1896 2688 2035 2743 viam

476 2788 873 2845 inconsiderate
905 2784 1051 2840 solus
1097 2783 1415 2852 ingreditur.
1460 2779 1568 2834 Nos
1614 2781 1785 2844 enim,
1835 2788 1911 2833 ut‘
1925 2778 2036 2848 jam

472 2878 729 2951 prtefatus
775 2892 921 2945 sum,
955 2877 1082 2931 illud
1129 2891 1195 2931 ex
1229 2874 1337 2929 Deo
1380 2871 1539 2926 Patre
1576 2870 1829 2937 Verbum,
1865 2869 2041 2925 homi-

475 2986 598 3026 nem
632 2970 856 3036 factum,
890 2978 947 3024 et
981 2968 1085 3024 sibi
1133 2976 1190 3022 et
1237 2965 1380 3019 Patri
1431 2963 1777 3019 sacriﬁcasse
1809 2962 2041 3017 dicimus

476 3065 600 3120 ﬁdei
634 3075 835 3119 nostra:
881 3059 1301 3125 confessionem,
1343 3066 1399 3112 et
1445 3056 1828 3126 cbngruentem
1865 3052 2043 3108 nulla—

366 3171 368 3173 '
475 3172 583 3226 que
611 3170 679 3211 ex
709 3162 861 3226 parte
887 3169 917 3208 a
945 3167 1194 3207 mensura
1229 3148 1611 3206 exinanitionis
1643 3147 2037 3214 discrepantem
2070 3133 2117 3195 C

476 3248 713 3319 gessisse
758 3243 1240 3314 dispensationem.
1292 3241 1398 3295 Sed
1445 3255 1555 3295 non
1600 3238 1676 3293 illi
1722 3237 1838 3292 haec
1872 3237 1943 3292 ita
1983 3251 2042 3292 se

479 3338 681 3394 habere
717 3334 988 3396 videntur,
1020 3332 1115 3387 sed
1161 3330 1253 3384 ubi
1284 3328 1535 3407 privatim
1586 3342 1650 3382 ac
1690 3328 1917 3382 seorsim
1959 3326 2043 3380 di-

477 3428 690 3492 stinxit,
725 3436 977 3495 tanquam
1020 3423 1156 3477 alius
1197 3422 1269 3477 sit
1306 3408 1555 3476 Christus
1603 3419 1694 3476 ille
1735 3435 1802 3474 ex
1852 3428 2039 3475 sancta

476 3515 700 3588 Virgine
748 3514 817 3569 ab
857 3514 949 3569 illo
993 3528 1057 3568 ex
1097 3514 1205 3567 Deo
1245 3512 1405 3566 Patre
1434 3509 1633 3572 Verbo,
1670 3509 1839 3579 ipsum
1877 3508 2043 3563 fuisse

479 3609 679 3665 asserit
725 3606 1042 3679 Apostolum
1086 3614 1142 3660 et
1188 3603 1505 3658 Pontiﬁcem
1541 3601 1898 3658 confessionis
1946 3615 2043 3655 no-

479 3699 697 3766 strae",
745 3713 913 3768 seque
957 3697 1045 3767 pie
1092 3696 1450 3767 religioseque
1483 3694 1688 3750 sentire
1721 3701 1872 3761 putat
1918 3705 2040 3745 cum

481 3794 558 3847 ait
584 3807 600 3846 :
630 3791 685 3846 Si
720 3790 862 3845 Deus
887 3799 971 3844 est
1015 3787 1103 3844 ille
1135 3787 1226 3856 qui
1269 3785 1447 3848 offert,
1481 3783 1656 3839 nullus
1684 3791 1768 3836 est
1792 3780 1877 3837 cui
1907 3778 2042 3835 offc-

480 3894 633 3939 ratur
659 3899 675 3937 :
708 3880 834 3959 quid
857 3880 1000 3935 enim
1028 3878 1310 3933 divinitate
1333 3877 1549 3946 dignum
1579 3876 1672 3940 sit,
1700 3883 1757 3928 ut
1786 3885 2040 3944 tauquam

480 3978 705 4036 inferior
739 3975 925 4043 majori
965 3971 1192 4031 offerat?
1232 3971 1336 4026 Sed
1384 3971 1430 4026 si
1464 3971 1586 4039 quis
1611 3979 1755 4024 esset
1786 3968 1876 4038 qui
1908 3982 2041 4020 con-

480 4071 728 4126 tenderet
756 4084 820 4123 ac
848 4068 1073 4129 diceret,
1106 4065 1282 4135 ipsum
1318 4077 1442 4118 vere
1466 4077 1533 4115 ex
1577 4061 1684 4115 Deo
1709 4058 1868 4113 Patre
1894 4059 2044 4130 geni-

480 4172 591 4219 tum
620 4158 857 4215 Verbum
903 4157 1067 4211 etiam
1107 4165 1390 4223 antequam
1428 4154 1587 4206 homo
1624 4149 1909 4214 ,ﬁeret,ad
1952 4162 2042 4202 sa-

481 4238 706 4309 cerdOtii
759 4265 955 4305 munus
1001 4263 1119 4304 esse
1160 4246 1502 4307 collocatum,
1551 4252 1608 4296 et
1651 4244 1703 4297 in
1753 4240 2042 4295 ministerii

480 4342 670 4398 ordine
724 4356 787 4395 ac
838 4354 1086 4393 mensura
1133 4336 1504 4403 constitutum,
1552 4346 1722 4402 eaque
1767 4332 1834 4385 de
1880 4345 2042 4385 causa

476 4433 601 4502 jure
657 4430 916 4501 appellari
958 4429 1264 4498 pontiﬁcem
1304 4437 1358 4480 et
1406 4423 1725 4494 apostolum,
1769 4423 2046 4490 sapienter

485 4526 668 4594 utique
696 4522 1010 4586 refutassct,
1046 4528 1252 4587 et-apte
1280 4518 1380 4571 hac
1411 4518 1476 4570 de
1510 4530 1568 4568 re
1589 4512 1899 4569 conclusam
1930 4526 2049 4566 esse

483 4617 551 4671 ab
574 4631 639 4671 eo
667 4612 1130 4668 ratiocinationem
1159 4608 1264 4662 dici
1294 4615 1494 4676 posset.
1522 4605 1635 4658 Non
1666 4603 1809 4658 enim
1845 4612 2052 4656 natura:

485 4709 558 4764 illi
607 4707 856 4761 omnibus
909 4702 1209 4756 dominanti
1259 4699 1631 4755 sacrificantes
1674 4697 1936 4757 deerant,
1994 4703 2051 4748 ut

483 4801 597 4870 ipsa
639 4798 741 4852 sibi
792 4810 1008 4849 sacrum
1057 4793 1338 4847 exhiberet
1375 4789 1715 4858 obsequium.
1766 4787 1871 4841 Sed
1919 4786 2047 4855 quia

483 4891 574 4945 ille
607 4886 930 4958 Unigenitus
955 4884 1045 4953 qui
1080 4895 1268 4937 natura
1306 4881 1448 4936 Deus
1471 4890 1611 4944 erat,
1644 4889 1699 4934 et
1726 4895 1755 4932 a
1790 4878 2046 4933 sacerdo-

485 4987 628 5041 tibus
666 4981 925 5050 obsequia
964 4993 1115 5033 sacra
1153 4976 1501 5046 suscipiebat,
1530 4975 1597 5028 ad
1624 4986 1931 5028 mensuram
1957 4983 2049 5024 eo-

485 5091 602 5131 rum
629 5062 907 5130 descendit
927 5071 1017 5141 qui
1041 5068 1353 5124 sacerdotio
1373 5065 1752 5137 fungebantur,
1775 5063 1963 5124 homo,
1995 5067 2052 5131 ut

484 5165 617 5231 dixi,
639 5164 829 5231 factus,
851 5160 988 5217 nihil
1004 5159 1224 5216 absurdi
1246 5166 1349 5223 est,
1369 5156 1412 5212 si
1430 5158 1594 5211 etiam
1615 5154 1872 5217 sacerdos
1892 5165 2051 5205 voce-

485 5266 574 5310 tur
599 5271 629 5309 a
658 5254 830 5310 nobis.
868 5255 949 5309 An
981 5269 1108 5309 vero
1140 5267 1246 5307 non
1288 5248 1569 5305 descendit
1599 5249 1651 5302 in
1680 5245 1852 5301 forma
1883 5243 2049 5307 servi,

486 5345 596 5418 67
635 5344 862 5401 formam
886 5344 1091 5400 scilicet
1115 5343 1255 5399 servi
1285 5340 1580 5411 accipiens,
1603 5336 1853 5408 quamvis
1881 5334 2050 5405 ﬁgura

486 5445 634 5492 esset
681 5450 746 5490 ac
792 5434 1044 5504 splendor
1087 5434 1269 5502 gloriae
1316 5431 1494 5487 Patris
1515 5430 1603 5483 ⁸⁸2
1640 5442 1863 5499 prorsus
1894 5440 2053 5479 nemo

488 5536 575 5581 est
604 5526 695 5593 qui
719 5526 785 5579 de
809 5525 911 5578 hac
936 5538 993 5578 re
1019 5523 1245 5577 dubitet.
1278 5522 1410 5577 Cum
1445 5522 1608 5589 igitur
1637 5520 1727 5574 ille
1754 5518 2048 5574 secundum

558 5705 604 5741 ⁸⁸
634 5702 825 5760 Matth.
850 5715 961 5771 XVI,
987 5700 1075 5756 i6.
1149 5701 1194 5733 "
1228 5699 1389 5755 Hebr.
1419 5701 1557 5765 nul.
1634 5697 1679 5731 ⁸⁸
1711 5699 1942 5769 Philipp.
1970 5713 2031 5764 ιι,
2062 5695 2124 5762 7;

2140 1900 2197 1937 τε
2255 1881 2348 1938 καὶ
2398 1885 2616 1949 πάντως
2674 1887 3057 1956 ὁμολογήσειεν
3112 1888 3398 1959 ἀνθρώπου
3456 1889 3709 1957 γενέσθαι

2143 1974 2383 2044 μνήμην,
2409 1974 2537 2027 ὅταν
2565 1976 2695 2045 ἡμῖν
2720 1978 2748 2029 6
2786 1977 3027 2040 Μωσέως
3052 1975 3277 2045 ἀδελφὸς
3307 1976 3382 2038 ὡς
3423 1975 3709 2046 ἀρχιερεὺς

2139 2064 2498 2135 ὀνομάζηταις
2543 2066 2702 2119 Ἀλλά
2730 2067 2841 2138 γὰρ
2864 2068 3049 2132 κοινόν,
3071 2084 3194 2121 τινα
3217 2067 3312 2120 καὶ
3343 2066 3482 2119 κατὰ
3512 2066 3710 2129 παντὸς

2140 2154 2442 2225 ἀρχιερέως
2479 2155 2589 2212 τῶν
2631 2156 2752 2209 καθ’
2805 2159 2953 2227 ἡμᾶς
3004 2157 3150 2210 ίόντα
3187 2174 3248 2210 τε
3291 2157 3385 2209 καὶ
3434 2156 3712 2227 πρέποντα

2141 2245 2416 2317 προτιθεὶς
2436 2247 2526 2301 τὸν
2563 2247 2740 2316 λόγον,
2779 2249 2880 2319 τῆς
2903 2249 2961 2301 ὲν
2984 2248 3207 2318 Χριστῷ
3246 2247 3538 2317 νοουμένης
3564 2247 3706 2300 οίκο-

2141 2337 2334 2406 νομίας
2370 2338 2432 2390 τὸ
2476 2339 2774 2410 παράδοξον
2807 2339 3107 2411 παραλύειν
3150 2340 3440 2410 ἐπιχειρεῖ,
3482 2338 3576 2391 καὶ
3602 2331 3712 2390 οἷον

2140 2429 2206 2482 ἐκ
2238 2428 2454 2501 βάθρων
2484 2430 2662 2483 αὐτῶν
2685 2431 2991 2485 κατασείειν
3012 2431 3295 2500 ἀποτολμᾷ
3319 2429 3377 2483 τὸ
3399 2430 3538 2482 θεῖον
3557 2428 3713 2497 ἡμῶν

2147 2521 2443 2590 μυστήριον
2465 2538 2477 2550 ·
2514 2521 2616 2573 οὐκ
2644 2520 2859 2586 ἐννοῶν,
2900 2521 2982 2574 ὃτι
3009 2510 3399 2593 τεθεμελίωκεν
3423 2522 3449 2574 6
3477 2518 3711 2590 Χριστὸς

2142 2611 2236 2662 ἐπὶ
2266 2611 2471 2680 πέτραν
2490 2610 2589 2682 τὴν
2631 2610 2958 2681 Ἐκκλησίαν
2977 2628 2991 2642 ’
3022 2611 3115 2666 καὶ
3142 2613 3302 2666 πύλαι
3323 2611 3445 2681 ᾅδου
3475 2610 3536 2661 ού
3582 2625 3712 2661 κατ-

2146 2701 2457 2771 ισχύσουσιν
2508 2702 2700 2771 αὐτῆς.
2736 2703 2970 2757 Ἥκιστα
2994 2705 3091 2774 μὲν
3131 2704 3239 2773 γὰρ
3285 2703 3424 2771 ἀξιοῖ
3456 2704 3525 2771 τῇ
3557 2702 3712 2771 κοινῇ

2144 2790 2240 2843 καὶ
2287 2790 2544 2845 ἁπάντων
2588 2792 2694 2845 τῶν
2732 2792 2864 2861 όροά
2909 2795 3122 2863 φρονεῖν
3169 2791 3434 2844 εἰωθότων
3480 2789 3715 2842 ἕπεσθαι

2143 2880 2292 2954 δόξῃ·
2319 2885 2632 2952 καινοτομεῖ
2677 2883 2767 2936 καὶ
2808 2884 2966 2953 μόνος
3010 2883 3384 2944 ἀϐασανίστως
3412 2882 3476 2934 τὸ
3501 2879 3710 2954 δοκοῦν.

2156 2951 2348 3044 Ἡμεῖς
2378 2975 2473 3044 μὲν
2504 2951 2632 3043 γάρ,
2661 2951 2911 3046 καθάπερ
2935 2976 3034 3047 ἠδη
3060 2979 3340 3046 προεῖπον,
3358 2973 3449 3028 τὸν
3486 2975 3552 3025 ὲκ
3580 2951 3715 3046 Θεοῦ

2146 3064 2358 3136 Πατρδς
2389 3064 2563 3134 Λόγον
2587 3064 2872 3137 ἄνθρωπον
2900 3065 3195 3133 γεγονότα,
3239 3065 3332 3117 καὶ
3362 3062 3715 3133 ίερουργῆσαί

2150 3171 2329 3225 φαμεν
2359 3153 2535 3225 ἑαυτῷ
2577 3155 2670 3207 καὶ
2700 3153 2779 3226 τῷ
2818 3155 2991 3225 Πατρὶ
3021 3155 3118 3225 τῆς
3160 3154 3394 3214 πίστεως
3424 3152 3580 3221 ἡμῶν
3617 3152 3717 3221 τὴν

2148 3245 2458 3316 ὁμολογίαν,
2508 3244 2826 3315 πρέπουσάν
2868 3262 2929 3299 τε
2973 3244 3070 3298 καὶ
3119 3244 3239 3297 κατ’
3284 3242 3476 3296 οὐδένα
3519 3242 3715 3313 τρόπον

2148 3336 2490 3407 ἀνάρμοστον
2522 3337 2632 3399 τοῖς
2671 3335 2772 3405 τῆς
2808 3333 3090 3397 κενώσεως
3127 3334 3346 3403 μέτροις
3391 3331 3717 3404 ποιήσασθαι

2147 3430 2248 3498 τὴν
2293 3428 2626 3499 οἰκονομίαν.
2674 3426 2814 3479 Ἀλλ’
2851 3427 2948 3495 οὐχ
2990 3419 3093 3479 ὦδε
3147 3425 3301 3478 ταῦτ’
3339 3424 3482 3495 ἔχειν
3525 3424 3718 3494 ἐκείνῳ

2149 3519 2318 3582 δοκεῖ,
2358 3518 2465 3588 ίδίᾳ
2489 3518 2546 3571 δὲ
2590 3517 2788 3586 μᾶλλον
2821 3518 2916 3569 καὶ
2952 3516 3056 3571 ἀνὰ
3091 3514 3255 3586 μέρος
3303 3514 3610 3580 ἀπολαϐὼν,
3641 3514 3718 3578 ὡς

2147 3610 2335 3680 ἕτερον
2388 3609 2517 3661 ὅντα
2558 3608 2793 3679 Χριστὸν
2835 3608 2924 3660 τὸν
2972 3608 3036 3660 ὲκ
3073 3607 3174 3676 τῆς
3227 3606 3387 3674 ἁγίας
3438 3604 3716 3676 Παρθένου

2150 3699 2305 3770 παρά
2332 3716 2397 3767 γε
2432 3697 2522 3752 τὸν
2544 3700 2607 3751 ὲκ
2642 3696 2778 3752 Θεοῦ
2814 3698 3025 3769 Πατρὸς
3058 3697 3248 3763 Λόγον,
3283 3695 3442 3750 αὑτὸν
3466 3694 3718 3764 γενέσθαι

2150 3792 2314 3862 φησὶν
2330 3789 2652 3843 Ἀπόστολον
2671 3790 2763 3842 καὶ
2797 3788 3084 3860 Ἀρχιερέα
3113 3789 3209 3859 τῆς
3236 3787 3521 3856 ὁμολογίας
3538 3786 3716 3856 ἠμῶνέ

2149 3883 2322 3937 οἴεται
2358 3882 2416 3936 δὲ
2460 3883 2556 3937 καὶ
2612 3881 2721 3934 τῶν
2764 3883 2843 3946 εἰς
2889 3880 3172 3935 εὐσέϐειαν
3215 3881 3455 3952 ἡκόντων
3497 3880 3722 3943 ἐννοεῖν,

2151 3976 2329 4028 έκεῖνο
2362 3973 2535 4040 λέγων
2560 3990 2575 4003 ο
2607 3974 2671 4026 Ei
2699 3972 2831 4036 Θεὸς
2855 3975 2883 4026 6
2901 3972 3248 4044 προσφέρων,
3270 3971 3442 4031 οὐδεὶς
3477 3963 3521 4038 ᾧ
3549 3985 3719 4040 προσ-

2153 4065 2414 4136 φέρεται·
2469 4066 2521 4118 τί
2571 4065 2679 4135 γὰρ
2731 4063 2982 4133 θεότητος
3032 4064 3201 4129 ἀξιον,
3256 4065 3318 4119 ἵν’
3383 4063 3457 4126 ὡς
3503 4062 3722 4117 ἔλαττον
3794 4044 3801 4051 ί

2152 4155 2436 4227 προσφέρῃ
2476 4155 2552 4226 τῷ
2586 4154 2827 4225 μείζονις
2871 4154 3010 4207 Ἀλλ’
3032 4155 3080 4206 εί
3105 4153 3203 4223 μέν
3228 4171 3309 4217 τις
3326 4149 3393 4224 ἦν
3414 4155 3442 4206 6
3470 4152 3722 4208 διατεινόο

2156 4246 2316 4318 μενός
2343 4263 2402 4299 τε
2427 4246 2520 4300 καὶ
2557 4246 2729 4314 λέγων
2754 4244 2917 4298 αὑτὸν
2948 4244 3162 4315 ἀληθῶς
3192 4247 3283 4298 τὸν
3333 4246 3397 4298 ὲκ
3442 4243 3577 4297 Θεοῦ
3607 4245 3720 4297 Πα-

2151 4340 2280 4411 τρὸς
2322 4329 2515 4407 Λόγον,
2551 4337 2645 4390 καὶ
2681 4337 2787 4407 πρὸ
2825 4337 2925 4407 τῆς
2964 4337 3424 4408 ὲνανθρωπήσεως
3467 4335 3722 4406 τετάχθαι

2158 4431 2289 4502 πρὸς
2321 4430 2651 4502 ἱερουργίαν,
2696 4430 2789 4483 καὶ
2813 4430 2871 4482 ὲν
2898 4428 3114 4499 μέτροις
3145 4425 3283 4482 εἶναι
3310 4429 3719 4498 λειτουργικοῖς,

2156 4523 2360 4594 ταύτης
2392 4539 2450 4575 τε
2479 4522 2636 4574 ἕνεκα
2664 4521 2762 4591 τῆς
2790 4521 2969 4584 αἰτίας
2997 4519 3357 4590 ὀνομάζεσθαι
3393 4520 3503 4572 δεῖν
3537 4520 3724 4589 ἀρχιε-

2160 4616 2258 4686 ρέα
2301 4614 2395 4667 καὶ
2438 4612 2755 4666 ἀπόστολον.
2801 4612 2978 4682 Σοφὴν
3022 4611 3089 4665 ἂν
3125 4612 3417 4680 ἐποιήσατο
3454 4610 3552 4680 τὴν
3589 4608 3724 4663 ἀπόο

2156 4703 2350 4773 πληξιν
2381 4701 2501 4773 [ἵσ.
2535 4699 2886 4772 ὲπίπληξιν]’
2913 4700 3241 4770 πεποιῆσθαι
3261 4700 3318 4753 δὲ
3342 4701 3435 4753 καὶ
3457 4702 3514 4752 ὲν
3536 4699 3725 4769 κόσμῳ

2155 4794 2290 4863 φαίη
2338 4811 2420 4857 τις
2464 4793 2530 4845 ἂν
2563 4792 2709 4862 αύτῴ
2747 4792 2836 4844 τὸν
2875 4791 2967 4844 ἐπὶ
3006 4791 3179 4860 τούτῳ
3225 4791 3594 4861 συλλογισμόν.
3648 4791 3724 4843 Οὐ

2153 4886 2262 4956 γὰρ
2295 4880 2362 4955 ἦν
2391 4885 2448 4937 ὲν
2489 4884 2680 4938 σπάνει
2702 4882 2810 4935 τῶν
2840 4882 3136 4954 ἱερουργῶν
3172 4884 3205 4952 ὴ
3228 4882 3334 4936 τῶν
3361 4882 3497 4935 ὅλων
3525 4881 3728 4951 κατάρ-

2157 4992 2326 5048 χουσα
2351 4975 2529 5043 φύσις,
2566 4974 2633 5028 ἵν’
2652 4976 2709 5026 ἐν
2731 4974 2870 5043 αὐτῇ
2900 4971 3016 5045 [ῑσ.
3040 4972 3241 5045 ἑαυτῇ]
3273 4972 3726 5043 λειτουργήσειεν.

2172 5065 2391 5137 Ἐπειδὴ
2440 5065 2496 5118 δὲ
2536 5050 2694 5133 φύσει
2732 5064 2862 5129 Θεὸς
2907 5065 3166 5136 ὑπάρχων
3199 5065 3228 5116 6
3266 5063 3594 5133 Μονογενὴς,
3634 5062 3729 5115 καὶ

2158 5159 2258 5222 τὰς
2286 5158 2438 5229 παρά
2474 5156 2582 5210 τῶν
2625 5156 3010 5228 ίερατευόντων
3039 5154 3379 5224 λειτουργίας
3422 5153 3726 5222 δεχόμενος.

2159 5251 2239 5312 είς
2273 5247 2334 5301 τὸ
2380 5247 2492 5301 τῶν
2520 5246 2868 5317 τεταγμένων
2911 5246 2990 5307 εἰς
3038 5242 3348 5315 ἱερουργίαν
3396 5240 3731 5309 καταπεφοί-

2158 5353 2292 5405 τηκε
2324 5336 2546 5408 μέτρον,
2581 5334 2865 5405 ἄνθρωπος
2894 5332 3155 5402 γεγονὼς,
3212 5332 3286 5396 ὠς
3319 5333 3476 5401 ἔφην,
3521 5331 3729 5401 γένοιτο

2158 5426 2226 5480 ἂν
2247 5426 2355 5479 τῶν
2385 5427 2600 5482 ἀτόπων
2632 5426 2804 5491 οὐδὲν,
2838 5427 2887 5478 εἰ
2914 5422 3128 5476 καλοῖτο
3161 5423 3294 5494 πρὸς
3329 5423 3485 5495 ἡμῶν
3513 5424 3603 5477 καὶ
3629 5424 3731 5491 ἀρ-

2163 5517 2397 5587 χιερεύς.
2453 5516 2519 5569 Ἢ
2573 5518 2634 5570 ού
2695 5516 3070 5587 καταϐέϐηκεν
3104 5518 3162 5570 ὲν
3209 5520 3274 5587 τῇ
3296 5515 3485 5571 δούλου
3524 5513 3725 5585 μορφῇ.

2156 5693 2318 5750 ilebr.
2346 5707 2385 5761 ι,
2408 5693 2460 5747 5.
