4004 6202
250 353 336 411 iii
1337 341 1713 398 ADVERSUS
1751 341 2155 402 NESTORIUM
2197 345 2322 400 LIB.
2365 347 2452 402 ΙΙΙ.

3411 349 3514 402 422

254 468 450 542 μορφὴν
499 465 750 535 δηλονότι
805 463 1002 516 δούλου
1052 458 1256 524 λαϐὼν,
1302 460 1478 512 καίτοι
1542 460 1830 532 χαρακτὴρ

1938 474 2186 518 naturam
2232 465 2389 531 liber,
2427 472 2611 534 utpote
2646 468 2805 532 Deus,
2835 452 2923 523 ille
2948 467 3038 537 qui
3073 476 3190 522 erat
3241 468 3293 522 in
3336 469 3508 521 forma

253 561 492 630 ὑπάρχων
535 554 633 608 καὶ
676 552 1036 620 ἀπαύγασμα
1087 552 1188 619 τῆς
1236 546 1393 617 δόξης
1437 547 1531 600 τοῦ
1583 547 1830 618 Πατρός;

253 649 354 702 ἀλλ’
381 650 472 699 οὐκ
499 646 564 698 ἂν
593 640 908 696 ὲνδοιάσειέ
937 657 1044 702 τις.
1069 638 1200 690 Ὅτε
1233 637 1413 690 τοίνυν
1443 639 1472 690 6
1502 637 1641 690 κατὰ
1670 637 1832 704 φύσιν

260 738 376 790 ἰδίαν
399 733 698 802 ἐλεύθερος,
729 731 812 793 ὡς
839 730 998 792 Θεὸς,
1019 730 1048 780 6
1077 729 1132 780 ἐν
1164 728 1346 796 μορφῇ
1378 725 1474 777 καὶ
1506 725 1709 794 ἰσότητι
1739 725 1832 777 τοῦ

258 826 623 896 γεγεννηκότος
643 862 658 883 ,
721 821 1118 892 κεχρημάτικε
1169 817 1386 879 δοῦλος,
1437 817 1530 869 τὸν
1564 815 1674 888 [Ion
1699 814 1832 887 τῶν]

263 922 352 974 ὑπὸ
387 918 516 985 ζυγὰ
545 914 799 977 δουλείας
836 913 902 965 τὸ
953 911 1151 982 μέτρον
1179 909 1240 961 ού
1274 907 1639 976 διωθούμενος
1687 908 1832 960 οίκο-

264 1010 495 1082 νομικῶς,
528 1007 644 1061 ἀνθ’
671 1007 802 1059 ὅτου
839 1003 1021 1065 δέδιας
1051 1000 1214 1054 αὐτὸν
1246 999 1339 1052 καὶ
1362 998 1621 1071 ἀρχιερέα
1647 999 1832 1052 καλεῖν

268 1103 343 1154 διὰ
378 1101 433 1152 τὸ
465 1097 850 1168 ἀνθρώπινονς
896 1091 1145 1162 καθιεροῖ
1188 1088 1297 1158 γὰρ
1337 1090 1486 1158 ἡμᾶς
1531 1089 1612 1150 είς
1656 1088 1832 1159 ὀσμὴν

274 1191 472 1253 simu;
498 1190 579 1242 διὰ
615 1187 718 1256 τῆς
752 1185 1004 1247 πίστεως
1024 1200 1038 1212 ·
1072 1181 1262 1235 ἑαυτόν
1296 1197 1355 1232 τε
1394 1179 1533 1250 ὑπὲρ
1572 1180 1729 1250 ἡμῶν
1756 1179 1831 1242 ὡς

281 1282 614 1351 εὐοσμώτατον
647 1279 803 1348 θῦμα
844 1273 1251 1345 προσκεκόμικε
1299 1271 1375 1341 τῷ
1413 1271 1612 1342 Πατρί.
1656 1271 1714 1324 '0
1750 1271 1828 1334 δὲ,

283 1375 365 1426 οὐκ
383 1369 465 1426 οἷδ’
484 1373 509 1424 ὅ
526 1387 574 1423 τι
598 1370 802 1437 λέγων,
834 1364 1179 1436 προσεπάγει
1209 1361 1419 1424 τούτοις
1442 1361 1604 1424 εύθύς
1621 1377 1635 1391 ’
1661 1360 1832 1413 Πόθεν

285 1459 410 1516 οὖνὸ
437 1461 554 1522 Θεὸς
590 1460 775 1520 αὐτοῖς
820 1448 1127 1523 κεκλῆσθαι
1173 1451 1268 1505 νῦν
1318 1452 1610 1522 ἀρχιερεὺς
1646 1449 1830 1520 ἐνομί-

288 1556 430 1624 σθη,ὁ
457 1553 631 1614 θυσίας
658 1553 739 1614 είς
769 1546 1065 1618 προκοπὴν
1093 1545 1230 1598 ἰδίαν
1262 1544 1336 1614 μὴ
1368 1543 1620 1613 χρῄζωνς
1652 1545 1680 1596 6
1705 1543 1832 1596 Θεό-

286 1663 423 1715 τητος
448 1645 654 1713 κτήτωρ
693 1661 710 1692 ι
741 1642 803 1706 ἐξ
834 1637 1140 1708 ἀνθρώπων
1171 1634 1417 1705 ληφθεὶς,
1445 1633 1589 1703 ὑπὲρ
1623 1632 1831 1704 ἀνθρώ-

290 1753 388 1789 πων
414 1734 712 1788 καθίσταται
753 1731 826 1784 τὰ
859 1729 995 1799 πρὸς
1031 1728 1124 1780 τὸν
1149 1726 1316 1790 Θεόν;
1346 1745 1365 1778 ι
1403 1724 1574 1778 Πόθεν
1613 1726 1711 1796 μὲν
1737 1721 1830 1778 οὖν

1936 564 1989 608 et
2017 555 2322 623 aequalitate
2349 558 2679 626 generautis,
2713 557 2887 612 lactus
2919 569 3002 611 est
3029 573 3241 620 servus,
3284 574 3510 612 mensu-

1934 661 2050 699 ram
2077 662 2262 701 eorum
2286 649 2376 717 qui
2423 649 2524 702 sub
2549 649 2676 719 jugo
2702 649 2981 703 servitutis
3014 659 3192 714 erant,
3225 650 3510 716 dispensa-

1936 741 2071 792 toria
2105 739 2315 794 ratione
2345 754 2450 793 non
2507 741 2848 808 dedignatus,
2893 755 2996 808 qua
3025 739 3090 792 de
3121 755 3282 793 causa
3313 741 3507 794 metuis

1933 845 2058 884 eum
2128 830 2435 898 pontiﬁcem
2496 839 2716 898 propter
2759 830 3148 883 humanitatem
3209 831 3504 897 appellare,

1933 921 2022 989 qui
2055 930 2109 974 et
2146 937 2243 975 nos
2277 921 2436 975 oﬂ‘ert
2475 921 2524 974 in
2558 920 2882 974 sacrificium
2917 923 3246 988 odoremque
3270 921 3508 974 suavita-

1935 1013 2003 1065 tis
2028 1024 2124 1080 per
2163 1011 2342 1075 ﬁdem,
2373 1021 2428 1066 et
2458 1011 2696 1080 seipsutn
2731 1010 2874 1063 Patri
2921 1025 3018 1077 pro
3046 1009 3201 1063 nobis
3249 1020 3505 1078 tanquam

1932 1103 2363 1157 odoratissimam
2415 1104 2688 1156 victimam
2741 1103 2977 1155 obtulit?
3022 1102 3119 1155 Hic
3164 1117 3290 1156 vero
3340 1101 3491 1171 (quid

1934 1196 2075 1250 dicat
2129 1193 2334 1264 nescio)
2391 1193 2477 1247 his
2523 1192 2665 1246 illico
2705 1191 3001 1262 adjnngit':
3059 1192 3344 1247 Undenam
3405 1193 3542 1261 ipsi

1932 1295 2233 1355 putarunt,
2290 1284 2458 1340 Deum
2515 1299 2657 1338 nunc
2705 1293 2951 1337 vocatum
3000 1298 3121 1337 esse
3172 1285 3507 1352 pontiﬁcem,

1933 1390 2055 1430 cum
2107 1374 2194 1428 ille
2231 1374 2404 1428 hostia
2437 1373 2503 1426 ad
2557 1373 2955 1440 promotionem
3003 1388 3153 1426 suam
3209 1389 3310 1426 non
3365 1372 3511 1426 indi-

1932 1466 2102 1537 geat?
2139 1465 2364 1520 Deitatis
2415 1479 2703 1533 possessor
2739 1482 2757 1515 ‹
2810 1479 2875 1518 ex
2922 1463 3241 1518 hominibus
3287 1479 3509 1518 assum-

1931 1569 2079 1628 ptus,
2107 1573 2205 1627 pro
2234 1558 2542 1612 horninibus
2566 1557 2914 1611 constituitur
2943 1556 2994 1610 in
3025 1556 3107 1610 bis
3137 1570 3259 1623 qua:
3281 1565 3406 1610 sunt
3429 1555 3498 1608 ad

1934 1649 2100 1703 Deum
2136 1649 2202 1698 ".
2236 1666 2254 1700 ι
2289 1647 2571 1703 Undenam
2605 1649 2773 1719 igitur
2805 1659 2972 1714 esset,
3000 1657 3054 1702 et
3087 1664 3248 1716 quam
3282 1647 3352 1700 ob
3381 1662 3512 1699 eau-

1931 1756 2048 1796 sam
2085 1741 2355 1808 Christus,
2403 1743 2506 1796 hoc
2547 1752 2648 1806 est,
2705 1742 2879 1811 ipsum
2921 1741 3012 1795 Dei
3064 1741 3295 1794 Verbum
3346 1740 3510 1792 homo

291 1825 368 1898 ἦν,
403 1828 434 1896 ἢ
472 1825 738 1878 oti-mira
779 1822 959 1875 αἰτίαν
1006 1819 1324 1888 ὠνόμασται
1359 1817 1623 1889 Χριστὸς,
1670 1833 1829 1880 τουτ-

1936 1835 2157 1895 factum.
2192 1834 2489 1903 appellatus
2518 1833 2588 1888 sit
2621 1802 2908 1902 Apostolus
2939 1840 2993 1886 et
3031 1831 3295 1895 Pontifex,
3330 1831 3508 1885 abun-

295 1921 442 1979 ἐστιν,
482 1916 748 1978 ἄνθρωπος
797 1910 1040 1981 γεγονὼς
1071 1913 1099 1964 6
1147 1908 1240 1962 τοῦ
1285 1909 1420 1962 Θεοῦ
1461 1909 1633 1977 Λόγος
1668 1907 1829 1960 Ἀπό-

301 2008 462 2069 στολος
492 2007 578 2059 καὶ
609 2005 935 2076 Ἀρχιερεὺς,
962 1999 1206 2070 διαρκῶς
1237 2001 1367 2069 ἡμῖν
1395 2001 1424 2052 6
1448 1999 1607 2079 λόγος
1633 1997 1830 2051 ἀποδὲ-

306 2097 458 2165 δειχεν
489 2097 688 2165 ἀρτίως.
728 2091 889 2163 Οἶμαι
939 2092 995 2145 δὲ
1039 2091 1150 2144 δεῖν
1187 2090 1287 2143 οὐκ
1324 2089 1685 2143 ἀϐασάνιστον
1733 2089 1829 2158 ὲᾷν

319 2187 404 2255 τὴν
437 2187 653 2259 ἁτίνὴθη
688 2203 741 2238 τε
775 2186 866 2237 καὶ
899 2183 1061 2252 ξένην
1107 2182 1268 2236 αὑτοῦ
1309 2182 1512 2251 φωνήν.
1538 2176 1685 2250 Ἀρα
1722 2181 1830 2248 γὰρ

330 2275 548 2343 θεότητος
595 2280 804 2346 utr-:99:
831 2276 920 2328 τὸν
957 2277 1022 2328 ὲκ
1053 2273 1190 2326 Θεοῦ
1237 2275 1371 2343 φησὶ
1403 2273 1596 2341 Λόγον,
1643 2271 1747 2325 κᾶν
1781 2273 1830 2323 εί

326 2365 422 2417 ἀνὰ
451 2365 597 2436 μέρος
624 2365 831 2433 βούλοιτό
857 2382 936 2428 τις
959 2365 1101 2417 νοεῖν
1129 2363 1292 2416 αὐτὸν
1320 2365 1414 2415 καὶ
1441 2363 1563 2432 δίχα
1589 2362 1826 2433 σαρκός;

317 2452 418 2526 ἄρα
447 2458 522 2519 ὡς
553 2459 671 2527 παρ’
697 2459 830 2510 αὑτὸν
857 2458 1035 2527 ἑτέραν
1065 2455 1163 2526 τὴν
1194 2455 1423 2525 θεότητα
1460 2455 1624 2508 αὑτοῦ
1666 2455 1830 2524 διορί-

306 2548 484 2611 (erat;
516 2544 602 2618 ἧς,
645 2550 734 2601 οὐκ
758 2546 844 2601 οἷδ’
870 2550 1024 2609 ὅπως,
1049 2546 1190 2600 καθά
1228 2563 1392 2615 φησιν
1425 2547 1607 2610 αὐτὸς,
1637 2546 1828 2614 γέγονε

301 2639 525 2706 κτήτωρ,
573 2638 652 2699 ὡς
704 2637 1151 2706 προσειλημμένης
1208 2635 1408 2698 ἔξωθεν
1455 2635 1550 2688 καὶ
1592 2637 1829 2704 ἐπισυμ-

294 2730 455 2798 ϐἀσης
478 2728 640 2797 αύτῷ,
678 2730 840 2781 καίτοι
872 2729 987 2798 Θεῷ
1023 2729 1164 2782 κατὰ
1193 2729 1356 2796 φύσιν
1385 2727 1484 2780 οὐκ
1530 2727 1643 2780 ὄντι
1683 2727 1832 2797 αύτῷ

293 2839 432 2884 ποτε,
449 2823 624 2875 ὁποῖόν
642 2824 746 2875 ἐστι
766 2824 825 2876 τὸ
846 2823 996 2892 παρὰ
1016 2824 1118 2892 τῆς
1132 2823 1368 2894 ἀρχαίας
1391 2822 1610 2891 ἐκείνης
1631 2838 1827 2890 γυναι-

289 2914 390 2977 κὸς,
413 2916 548 2985 φημὶ
569 2915 628 2984 δὴ
659 2916 747 2985 τῆς
765 2914 923 2979 Εὔας,
939 2915 1206 2984 τεκούσης
1226 2917 1315 2968 τὸν
1340 2913 1444 2984 Σήθ
1468 2914 1578 2985 (i9)
1599 2930 1614 2944 ο
1637 2933 1670 2973 ⁸ς
1713 2914 1834 2966 Ἐκ-

284 3008 516 3077 τησάμην
531 3007 797 3075 ἄνθρωπον
814 3008 903 3059 διὰ
934 3005 1030 3059 τοῦ
1064 3006 1220 3060 Θεοῦ.
1261 3006 1438 3058 Ἀλλί
1475 3002 1650 3076 οἶμαι,
1676 3005 1833 3058 τοῦτό

283 3101 421 3151 ἐστιν
465 3097 752 3166 ἀπόϐλητον
787 3098 1068 3161 παντελῶς
1119 3096 1268 3166 αὐτῷ
1301 3115 1360 3149 τε
1404 3097 1496 3150 καὶ
1555 3097 1738 3149 πᾶσιν.
1768 3095 1832 3147 Τί

281 3187 368 3243 οῦν
408 3192 725 3260 ἁκνροὶογεί,
759 3194 854 3243 καὶ
889 3193 1266 3262 παραρῤιπτεῖ
1310 3190 1493 3258 φωνὰς
1540 3190 1833 3252 ἀσυνέτους

283 3277 363 3330 ἐπ’
380 3278 678 3345 ἀναγκαίοις
705 3278 847 3332 οὕτω
874 3280 1224 3350 πράγμασιν;
1248 3280 1318 3332 Ἦ
1345 3279 1444 3332 οὐκ
1471 3277 1535 3331 ἂν
1560 3278 1711 3346 ὄφλοι
1739 3277 1834 3346 γέ-

278 3372 406 3423 λωτα
438 3371 526 3422 καὶ
562 3371 994 3439 φρενοϐλαϐείας
1025 3371 1265 3441 γραφὴν,
1301 3373 1348 3423 εί
1381 3372 1444 3442 δὴ
1479 3371 1718 3441 βούλοιτό
1750 3388 1833 3434 τις

277 3462 363 3514 ἕνα
395 3463 500 3514 τῶν
547 3462 670 3515 καθ’
708 3463 856 3531 ἡμᾶς
897 3461 1313 3532 ἁνθρωπότητος
1355 3462 1596 3532 κτήτορα
1627 3461 1828 3530 λέγειν,

274 3553 422 3620 ἧγουν
467 3554 554 3605 τὸν
589 3553 758 3605 ἵππον
807 3552 1137 3623 ίππότητος;
1179 3554 1275 3616 Τίς
1321 3549 1431 3624 ἆρα
1465 3552 1648 3606 λοιπὸν
1676 3555 1704 3606 6
1733 3553 1832 3622 τῆς

277 3643 504 3712 θεότητος
536 3647 782 3713 κτήτωρ,
820 3646 886 3696 «ὁ
916 3644 974 3709 ἐξ
1002 3643 1306 3712 ἀνθρώπων
1337 3643 1566 3713 ληφθεὶς
1592 3646 1661 3698 τὰ
1695 3646 1834 3715 πρὸς

277 3733 354 3784 τὸν
374 3733 496 3787 Θεὸν
523 3733 883 3797 καθίσταται;
923 3734 1070 3803 Ἐρεῖ
1097 3734 1236 3803 τάχα
1279 3750 1381 3786 που
1411 3733 1603 3787 διελὼν
1635 3737 1714 3798 είς
1740 3735 1834 3787 δύο

278 3824 357 3875 τὸν
391 3826 481 3879 ’ἕνα
523 3827 784 3896 Χριστὸν,
821 3827 912 3879 τὸν
942 3829 1007 3879 ὲκ
1036 3828 1134 3897 τῆς
1166 3829 1327 3895 ἁγίας
1378 3829 1656 3898 Παρθένου
1677 3844 1690 3858 ⁸
1737 3830 1832 3897 γέ-

277 3934 495 3984 γραπται
526 3916 638 3989 [ἶσ.
673 3918 994 3990 τέτραπται]
1029 3920 1136 3990 γάρ
1174 3939 1290 3984 πως
1321 3923 1400 3982 είς
1429 3922 1585 3973 τοῦτο
1616 3922 1710 3974 καὶ
1739 3921 1832 3974 νῦν

279 4010 306 4058 ὁ
331 4011 512 4071 σκοπὸς
536 4010 685 4079 αὖτῷ
704 4027 717 4040 ·
750 4011 943 4080 κτῆσις
967 4007 1061 4064 οὖν
1092 4011 1380 4081 ἀνθρώπου
1411 4013 1632 4081 γέγονεν
1660 4017 1692 4083 ἠ
1725 4013 1834 4066 θεό-

278 4115 399 4166 της,
431 4100 545 4150 είπὲ
583 4118 700 4169 μοι,
748 4103 844 4152 καὶ
884 4101 1081 4170 συνέϐη
1125 4102 1230 4154 τινὶ
1285 4101 1393 4154 τῶν
1426 4103 1547 4155 καθ’
1574 4105 1741 4173 ἡμᾶς,
1775 4103 1833 4156 τὸ

275 4190 422 4255 φύσει
449 4207 501 4243 τε
530 4193 627 4245 καὶ
666 4191 893 4262 ἀληθεία
937 4192 1188 4259 γενέσθαι
1226 4192 1379 4256 Θεὸν,
1410 4195 1504 4247 καὶ
1549 4193 1652 4263 τῆς
1689 4195 1830 4248 ἀνω-

262 4284 400 4336 τάτω
433 4286 624 4338 πασῶν
672 4285 766 4337 καὶ
799 4286 1110 4355 ὑπερτάτης
1154 4287 1342 4348 οὐσίας
1389 4287 1832 4356 καταπλουτῆσαι

261 4376 350 4443 τὴν
381 4376 706 4445 ὑπεροχήνς
746 4375 958 4442 Ἀπαγε
995 4375 1095 4445 τῆς
1141 4375 1492 4439 δυσϐουλίας,
1539 4375 1827 4447 ἄνθρωπε·

1932 1927 1999 1982 de
2042 1930 2292 1996 proximo
2339 1941 2590 1981 sermone
2641 1926 2970 1993 patefactum
3013 1934 3136 1979 est:
3191 1924 3284 1978 sed
3325 1933 3506 1977 tamen

1931 2018 2199 2072 insuetam
2239 2027 2293 2072 et
2327 2033 2523 2072 novam
2571 2019 2688 2085 ejus
2737 2031 2922 2086 vocem
2954 2031 3061 2069 non
3096 2030 3214 2069 esse
3246 2016 3361 2068 sine
3397 2015 3510 2068 dis-

1930 2110 2183 2165 cussione
2229 2110 2664 2177 prmtereuudam
2708 2122 2928 2162 censeo.
2970 2105 3108 2160 Num
3149 2108 3292 2160 enim
3325 2105 3507 2159 Deita-

1935 2204 2002 2257 tis
2034 2217 2402 2272 possessorem
2455 2201 2630 2271 ipsum
2674 2215 2740 2254 ex
2774 2198 2882 2253 Deo
2910 2199 3147 2253 Verbum
3189 2199 3340 2262 dicit,
3383 2198 3504 2250 licet

1931 2308 2174 2348 seorsum
2211 2293 2341 2346 illud
2399 2290 2702 2359 intelligere
2753 2290 3036 2359 quisquam
3081 2289 3210 2342 velit
3262 2298 3317 2342 et
3361 2290 3498 2341 citra

1931 2383 2190 2440 carnem?
2220 2400 2286 2436 an
2317 2382 2485 2451 ipsius
2514 2381 2849 2434 divinitatem
2885 2390 3140 2447 tanquam
3181 2379 3248 2431 ab
3283 2381 3400 2446 ipso
3425 2380 3508 2430 di-

1931 2490 2146 2530 versam
2179 2471 2500 2540 distinguit?
2529 2471 2687 2536 cujus
2733 2471 2916 2523 nescio
2949 2484 3182 2536 quonam
3233 2467 3415 2529 modo,
3447 2464 3503 2520 ui

1932 2566 2047 2635 ipse
2073 2563 2170 2629 ait,
2207 2576 2488 2630 possessor
2521 2569 2605 2614 est
2637 2560 2832 2623 factus,
2867 2568 3118 2627 tanquam
3148 2559 3192 2612 si
3227 2558 3501 2612 extrinse-

1932 2672 2028 2712 cus
2061 2665 2284 2723 accepta
2318 2653 2409 2717 sit,
2448 2663 2503 2706 et
2538 2651 2614 2705 illi
2655 2651 2955 2712 advenerit,
2988 2650 3116 2703 licet
3145 2649 3234 2703 ille
3259 2649 3503 2716 aliquan-

1933 2747 2002 2799 do
2035 2744 2178 2798 Deus
2209 2743 2505 2797 secundum
2538 2751 2788 2795 naturam
2827 2755 2930 2793 non
2967 2740 3145 2804 fuerit,
3184 2739 3342 2808 quale
3375 2738 3503 2792 illud

1931 2843 2016 2888 est
2042 2849 2073 2888 a
2117 2834 2298 2902 prisca
2325 2834 2415 2888 illa
2443 2833 2665 2897 femina,
2696 2832 3077 2900 Eva,inquam,
3112 2831 3337 2893 dictum,
3382 2845 3502 2883 cum

1931 2923 2066 2980 Seth
2116 2923 2283 2976 lilium
2331 2923 2488 2976 enixa
2531 2931 2725 2976 esset:
2760 2940 2777 2972 ι
2834 2921 3052 2975 Possedi
3098 2920 3368 2974 hominem
3413 2933 3507 2986 per

1932 3015 2100 3069 Deum
2129 3017 2168 3069 ί.
2209 3034 2229 3067 ο
2271 3013 2377 3069 Sed
2408 3014 2479 3076 id,
2516 3013 2616 3067 nisi
2649 3012 2829 3077 fallor,
2859 3024 2911 3064 et
2941 3013 3054 3078 ipse
3080 3021 3133 3066 et
3163 3026 3353 3065 omnes
3385 3012 3502 3080 pla-

1860 3144 1906 3204 c
1939 3125 2004 3164 ne
2037 3109 2395 3180 respuendum
2426 3116 2673 3160 censent.
2709 3104 2818 3158 Cur
2850 3118 2980 3172 ergo
3016 3103 3308 3172 improprie
3337 3102 3508 3169 loqui-

1940 3211 2048 3266 tur,
2083 3210 2138 3256 et
2169 3200 2546 3270 imprudenter
2577 3212 2736 3252 voces
2787 3195 3022 3265 projicit,
3076 3196 3128 3249 in
3175 3196 3336 3250 rebus
3370 3195 3508 3249 adeo

1936 3293 2226 3363 gravibus?
2256 3291 2456 3346 Annon‘
2505 3291 2764 3345 ridendus
2790 3281 3105 3352 censeathr,
3134 3296 3189 3340 et
3221 3287 3508 3340 dementim

1937 3386 2143 3439 crimen
2184 3385 2447 3447 incurrat,
2508 3383 2553 3438 si
2591 3383 2712 3452 quis
2751 3396 2918 3434 unum
2966 3379 3034 3434 de
3080 3385 3266 3433 nostro
3310 3392 3510 3446 genere

1934 3476 2064 3529 velit
2107 3474 2462 3528 humanitatis
2509 3487 2878 3542 possessorem
2924 3471 3125 3533 dicere,
3161 3478 3254 3522 aut
3303 3484 3502 3538 equum

1935 3566 2145 3634 equina:
2175 3574 2382 3620 naturae
2403 3565 2426 3618 ?
2448 3565 2578 3630 Quis
2627 3577 2756 3631 ergo
2787 3571 2870 3617 est
2919 3561 3006 3616 ille
3040 3561 3344 3627 divinitatis
3383 3575 3508 3629 pos-

1935 3672 2140 3722 sessor,
2174 3674 2193 3706 ‹
2227 3657 2318 3725 qui
2350 3671 2416 3709 ex
2446 3654 2755 3709 hominibus
2789 3661 3098 3721 assumptus
3125 3692 3139 3715 ,
3183 3666 3282 3719 pro
3329 3649 3509 3704 homi-

1934 3749 2094 3804 nibus
2123 3747 2477 3802 constituitur
2503 3745 2556 3798 in
2588 3745 2673 3798 his
2703 3757 2823 3812 qua
2863 3751 2990 3796 sunt
3019 3742 3085 3794 ad
3131 3739 3340 3794 Deum?
3371 3758 3390 3791 ι
3421 3739 3510 3792 Di-

1935 3847 2023 3894 cet
2053 3837 2308 3899 fortasse,
2337 3851 2504 3889 unum
2532 3833 2814 3887 Christum
2851 3832 2904 3885 in
2933 3831 3068 3884 duos
3093 3831 3361 3895 dividens,
3387 3843 3508 3883 esse

1936 3929 2080 3982 illum
2109 3942 2176 3981 ex
2203 3936 2390 3980 saneta
2431 3925 2688 3994 Virgine:
2735 3908 2838 3976 huc
2885 3921 3027 3976 enim
3059 3921 3236 3975 omnis
3269 3921 3389 3986 ejus
3422 3921 3507 3971 in-

1936 4018 2102 4072 tentio
2149 4024 2373 4083 spectat.
2410 4015 2620 4083 Ergone
2653 4012 2924 4081 possessio
2977 4009 3213 4063 hominis
3248 4011 3391 4061 facta
3421 4021 3504 4063 est

1935 4108 2045 4176 ipsa
2079 4105 2356 4167 divinitas,
2397 4116 2525 4171 rogo
2554 4110 2625 4166 te,
2653 4113 2708 4154 et
2732 4100 2892 4153 alicui
2938 4115 2968 4154 e
3001 4098 3156 4152 nobis
3194 4097 3423 4163 contigit
3447 4106 3505 4150 ut

1935 4196 2229 4252 secundum
2276 4205 2524 4249 naturam
2561 4208 2624 4248 ac
2657 4207 2782 4247 vere
2823 4191 2967 4246 Deus
3008 4190 3184 4255 ﬁeret,
3231 4197 3286 4244 et
3323 4203 3506 4243 essen-

1937 4289 2022 4342 tia:
2043 4289 2283 4343 omnium
2322 4301 2542 4340 summae
2572 4300 2635 4339 ac
2667 4283 3134 4353 przestantissimze
3181 4280 3503 4335 excellentia

1934 4378 2247 4434 ditaretur?
2275 4377 2388 4447 68
2413 4378 2616 4445 Apage,
2653 4375 2837 4439 homo,
2875 4374 2942 4427 ab
2969 4373 3070 4426 bac
3111 4371 3338 4426 stultitia
3367 4389 3381 4425 :
3409 4385 3507 4425 ne-

261 4467 576 4536 κεκτήσεται
607 4466 724 4535 γὰρ
754 4465 944 4530 οὐδεὶς,
976 4467 1069 4518 καὶ
1102 4465 1176 4529 ὠς
1212 4467 1345 4519 ίδίαν
1371 4468 1437 4520 ἂν
1467 4467 1580 4538 ἔχοι
1607 4469 1704 4539 τὴν
1733 4472 1831 4540 τῆς

1936 4481 2039 4534 que
2065 4465 2209 4519 enim
2267 4465 2553 4533 quisquam
2601 4477 2668 4517 ex
2716 4462 2803 4516 his
2851 4461 2941 4530 qui
2981 4461 3120 4515 inter
3152 4461 3330 4530 genita
3381 4475 3507 4514 cen-

260 4559 498 4628 6εότητος
529 4558 726 4626 φύσιν,
770 4557 877 4608 τῶν
909 4556 1204 4632 τελούντων
1249 4561 1307 4610 ἐν
1347 4563 1642 4630 γεννητοῖς.
1672 4561 1831 4614 ’Ἱδιον

258 4641 315 4714 ἦν
337 4647 394 4698 τὸ
424 4649 593 4715 σῶμα
619 4645 720 4698 τοῦ
753 4647 924 4715 Λόγου
944 4663 957 4676 ·
991 4649 1085 4700 καὶ
1109 4647 1182 4710 ὡς
1200 4648 1294 4701 ἕνα
1319 4649 1450 4700 Θεὸν
1480 4650 1573 4701 καὶ
1600 4649 1832 4718 Χριστὸν

256 4741 339 4788 καὶ
367 4739 492 4792 Υίὸν
526 4740 633 4791 καὶ
660 4739 862 4807 Κύριον
888 4740 984 4791 σὺν
1012 4739 1159 4809 αὐτῷ
1186 4739 1626 4810 προτκεκύνηκεν
1654 4743 1686 4809 ἡ
1723 4742 1832 4793 κτί-

259 4843 360 4890 σις,
402 4830 498 4882 καί⁵
560 4827 934 4895 δοξολογοῦσιν
969 4829 1020 4880 οί
1064 4829 1317 4898 ούρανοϊ,
1371 4829 1464 4880 καὶ
1519 4828 1616 4882 σὺν
1649 4829 1832 4892 αὐτοῖς

253 4920 435 4986 ἡμεῖς·
469 4920 560 4980 ὡς
591 4918 702 4988 γὰρ
739 4921 768 4971 6
802 4920 1086 4989 προφήτης
1126 4920 1308 4988 φησὶν,
1345 4938 1363 4970 ‹
1408 4919 1705 4988 Ἐκάλυψεν
1740 4921 1830 4972 06-

257 5014 438 5077 ρανοὺς
465 5013 504 5081 ἡ
548 5012 718 5081 ἁρετὴ
749 5011 937 5074 αὑτοῦ,
962 5011 1058 5063 καὶ
1084 5013 1182 5081 τῆς
1214 5011 1472 5074 αἰνέσεως
1504 5011 1669 5064 αὐτοῦ
1700 5011 1836 5082 πλή-

257 5115 346 5167 ρης
387 5102 425 5170 ὴ
476 5098 598 5168 γῆ,
625 5118 644 5150 ι
697 5101 796 5168 οὐχ
829 5100 906 5160 ὡς
937 5098 1225 5171 ἀνθρώπου
1286 5099 1514 5169 θεότητα
1553 5101 1836 5172 κτησαμέ-

256 5204 372 5239 νου·
404 5191 536 5251 πῶς
563 5188 693 5258 γὰρ,
721 5190 755 5258 ἢ
789 5189 983 5254 πόθεν;
1021 5189 1137 5242 ἀλλ’
1161 5189 1236 5252 ὡς
1266 5190 1324 5241 ὲν
1369 5188 1671 5260 προσλήψει
1703 5207 1836 5259 σαρ-

253 5278 342 5335 κὸς
367 5279 668 5359 ανθρώπου
699 5278 982 5346 γεγονότος
1016 5278 1108 5332 τοῦ
1138 5279 1202 5333 ὲκ
1229 5277 1366 5332 Θεοῦ
1400 5278 1612 5347 Πατρὸς
1636 5279 1832 5347 Λόγου.

261 5367 402 5420 Ἀλλ’
434 5372 582 5423 ἔστω
623 5371 786 5440 τυχὸν
813 5372 843 5424 6
871 5370 931 5434 ἐξ
956 5369 1259 5441 ἀνθρώπων
1289 5368 1548 5440 ληφθεὶς,
1586 5369 1838 5437 θεότητος

311 5481 359 5513 ’⁸
393 5479 565 5534 Hebr.
591 5496 645 5545 v,
671 5483 722 5535 9.
804 5482 817 5510 '
852 5481 986 5535 Gen.
1015 5497 1086 5545 iv,
1120 5483 1168 5536 I.
1245 5484 1264 5512 ⁹
1299 5481 1497 5535 llabac.
1527 5496 1608 5543 Ill,
1632 5481 1686 5538 5.
1733 5522 1742 5528 .

1933 4568 2144 4620 scntur,
2196 4554 2491 4624 possidebit
2547 4563 2601 4608 et
2661 4563 2914 4622 tanquam
2972 4551 3243 4622 propriam
3293 4550 3505 4605 habebit

1934 4655 2184 4701 naturam
2241 4638 2570 4698 divinitatis.
2625 4641 2914 4709 Proprium
2966 4650 3086 4696 erat
3137 4639 3300 4695 Verbi
3333 4641 3504 4708 ipsum

1937 4753 2158 4809 corpus,
2205 4748 2260 4793 et
2291 4751 2394 4790 una
2431 4751 2554 4791 cum
2603 4735 2696 4790 illo
2733 4744 2989 4803 tanquam
3036 4749 3199 4788 unum
3246 4733 3408 4786 Deum
3452 4739 3508 4785 et

1935 4831 2210 4886 Christum
2240 4839 2295 4884 et
2339 4829 2535 4884 Filium
2565 4835 2617 4882 et
2652 4828 2942 4881 Dominum
2977 4832 3167 4879 adorat
3213 4825 3323 4893 ipsa
3353 4836 3507 4877 crea-

1940 4931 2084 4984 tura,
2115 4930 2170 4976 et
2200 4921 2325 4975 cteli
2367 4918 2691 4990 gloriticaut,
2725 4927 2779 4972 et
2809 4932 2932 4972 cum
2977 4917 3108 4983 ipsis
3142 4929 3237 4968 nos
3268 4925 3504 4982 quoque.

1940 5011 2013 5067 Ut
2041 5013 2184 5067 enim
2216 5013 2292 5066 ait
2320 5011 2584 5081 propheta
2610 5027 2624 5063 :
2656 5028 2674 5061 ι
2701 5008 2929 5078 Operuit
2964 5008 3132 5061 etPlos
3159 5005 3330 5057 virtus
3368 5003 3504 5070 ejus,

1939 5113 1995 5156 et
2021 5102 2194 5157 laudis
2224 5103 2342 5172 ejus
2375 5101 2532 5171 plena
2569 5109 2653 5156 est
2695 5109 2840 5154 terra
2869 5102 2889 5131 ³
2929 5118 2941 5152 :
2980 5117 2999 5149 ι
3032 5112 3137 5151 non
3170 5095 3312 5165 quod
3348 5095 3510 5150 homo

1939 5191 2279 5246 divinitatem
2316 5192 2659 5262 possederit:
2701 5191 2793 5261 qui
2854 5191 2997 5245 enim
3021 5227 3036 5252 ,
3063 5197 3157 5242 aut
3191 5187 3458 5241 undenam
3483 5186 3509 5240 ἲ

1941 5283 2032 5336 sed
2061 5284 2203 5351 quod
2253 5283 2426 5352 ipsum
2463 5297 2527 5337 ex
2564 5283 2673 5337 Deo
2722 5283 2886 5337 Patre
2926 5279 3163 5335 Verbum
3213 5280 3508 5334 humanam

1942 5389 2156 5428 carnem
2186 5376 2561 5443 assumpserit.
2596 5372 2702 5428 Sed
2747 5374 2819 5428 sit
2856 5388 3010 5438 sane,
3037 5372 3127 5427 ille
3167 5386 3235 5427 ex
3269 5367 3507 5426 homini-

1512 5617 1670 5670 ANT.
1703 5616 1971 5673 AGEl.LIl
2005 5617 2233 5673 ΝΟΤΑΞ.

326 5724 454 5794 (l9)
493 5723 583 5780 Vel
619 5724 745 5779 Setb
780 5741 876 5794 pro
910 5725 1043 5781 Cain
1087 5728 1327 5799 irrepsit,
1361 5729 1441 5783 vel
1483 5739 1720 5786 erratum
1755 5730 2026 5784 memorite
2087 5738 2262 5791 est,ex
2284 5727 2421 5782 Gen.
2458 5743 2529 5794 tv,
2567 5729 2616 5796 l,
2647 5729 3039 5796 castigandum.
