4004 6202
447 353 551 410 I93

1475 341 1533 396 S.
1575 337 1841 395 CYRILLI
1879 332 2345 390 ALEXANDRINI
2388 328 2702 385 ARCIIIEP.

3588 317 3689 372 {‘26

454 471 555 526 bus
578 476 910 538 assumptus,
935 467 1219 535 possessor
1241 461 1556 524 divinitatis,
1574 468 1633 513 ut
1657 458 1750 512 tibi
1777 457 1876 527 ipsi
1901 459 2016 525 pla-

2140 451 2356 522 ετήτωρ,
2379 447 2523 502 κατά
2544 463 2608 515 γε
2628 445 2687 498 τὸ
2707 443 2855 513 αύτῷ
2881 461 2962 496 σοι
2986 439 3200 505 δοκοῦν,
3225 436 3342 500 πῶς
3363 432 3686 489 καθίσταται

453 572 538 616 cet
568 578 580 613 :
609 559 880 628 quomodo
899 553 1317 611 eonstituiturin
1343 553 1428 606 his
1443 566 1563 620 qua;
1587 559 1712 604 sunt
1733 549 1798 600 ad
1829 549 2015 610 Deum,

454 662 510 704 ut
528 649 763 719 pontifex
786 647 1077 702 nimirum?
1099 651 1350 700 utrumne
1366 643 1644 697 divinitate
1668 641 1842 694 nudus
1856 653 2017 709 quam

454 743 713 810 possedit,
749 741 855 794 Deo
886 738 1235 802 sacriﬁcabit,
1266 753 1333 790 an
1372 736 1517 790 illam
1555 734 1712 803 quasi
1745 731 2017 801 propriam

457 833 701 886 habens?
726 831 954 893 idenim,
978 839 1032 882 ut
1055 834 1265 896 Opinor,
1289 843 1392 881 non
1419 826 1620 894 aliquid
1645 824 1790 877 aliud
1810 820 2018 891 signiﬁ-

456 932 562 985 cat,
579 919 720 989 quod
741 919 1044 987 possedisse
1075 919 1288 970 dicitur.
1312 916 1370 970 Si
1391 914 1583 972 nudus.
1617 928 1720 966 non
1746 911 2016 980 possedit;

457 1011 538 1064 sin
565 1020 620 1062 ut
648 1008 792 1062 illam
821 1009 1089 1076 propriam
1118 1006 1344 1068 habens,
1363 1003 1615 1058 divinitas
1649 999 1833 1070 procul
1857 1000 2020 1054 dubio

458 1095 569 1150 Deo
593 1094 937 1149 saeriiicabit.
957 1093 1092 1159 Quid
1125 1093 1286 1163 igitur
1317 1101 1534 1154 a»stuas,
1551 1099 1605 1143 et
1629 1102 1844 1142 sursum
1868 1087 2024 1139 deor-

458 1201 577 1240 sum
617 1187 898 1253 pcrturbas
934 1184 1147 1246 omnia,
1178 1191 1232 1237 et
1270 1182 1391 1236 iidei
1431 1180 1769 1234 traditionem
1815 1177 2023 1232 adulte-

458 1291 580 1331 rare
610 1290 714 1329 non
744 1275 1063 1330 erubescis?
1108 1274 1278 1328 IIabet
1308 1271 1673 1330 necessariam
1703 1283 1921 1325 causam
1957 1267 2023 1320 il-

460 1367 550 1420 lud
577 1381 643 1420 ex
697 1365 804 1419 Deo
835 1366 992 1419 Patre
1028 1365 1284 1428 Verbum,
1315 1362 1536 1435 etiamsi
1571 1360 1913 1416 sacriﬁcasse
1937 1359 2024 1412 di-

462 1467 616 1511 catur
659 1457 766 1512 Deo
800 1471 860 1510 ac
896 1455 1040 1509 Patri
1073 1473 1087 1510 :
1143 1454 1386 1508 functum
1427 1461 1510 1508 est
1547 1452 1692 1505 enim
1732 1449 2022 1504 sacerdotii

463 1562 707 1610 munere,
749 1563 852 1600 non
894 1546 1112 1616 quidem
1151 1545 1269 1600 sine
1299 1560 1485 1607 carne,
1518 1543 1610 1596 sed
1640 1542 1811 1595 nostri
1852 1540 2028 1594 simile

463 1641 687 1702 factum,
713 1639 910 1708 quibus
951 1638 1135 1708 gloriae
1169 1644 1254 1690 est
1285 1632 1571 1690 sacerdotii
1609 1630 1883 1685 nobilitas.
1906 1631 2027 1685 Alia

459 1747 676 1802 quoque
713 1732 919 1784 ratione
951 1727 1205 1798 perfacile
1227 1735 1309 1782 est
1335 1725 1542 1788 videre,
1579 1720 2027 1777 absurdissimum

465 1837 597 1874 sane
627 1835 746 1874 esse
775 1829 830 1873 et
877 1817 1121 1872 stultitiae
1153 1815 1392 1885 plenum,
1427 1813 1574 1866 illum
1615 1825 1683 1866 ex
1719 1807 2028 1864 hominibus

466 1921 799 1978 assumptum
859 1922 1224 1978 possessorem
1281 1906 1579 1961 divinitatis
1630 1902 1922 1972 appellare,
1977 1909 2031 1954 et

466 2002 816 2056 constitutum
848 2001 904 2054 in
935 1999 1018 2053 his
1048 2014 1166 2068 quae
1197 2007 1319 2052 sunt
1359 1997 1422 2050 ad
1466 1996 1629 2050 Deum
1661 2011 1678 2049 :
1711 2009 1835 2048 nam
1861 1995 1903 2047 si
1942 2008 2030 2046 as-

469 2100 716 2160 sumptus
738 2101 822 2146 est
849 2107 876 2143 a
911 2091 1041 2157 Deo,
1075 2088 1738 2160 quomodojassumentem
1777 2099 1837 2139 se
1866 2093 2029 2138 natu-

471 2199 585 2238 ram
612 2184 899 2252 acquisivit
924 2199 989 2236 ac
1015 2181 1294 2251 possedit?
1338 2195 1460 2234 nam
1491 2180 1607 2249 ipsa
1645 2193 1730 2234 res
1757 2187 2030 2244 assumpta

469 2274 576 2328 crit
607 2273 791 2342 procul
824 2274 988 2327 dubio
1026 2271 1356 2327 assumentis
1407 2269 1714 2338 possessio,
1763 2283 1868 2322 non
1905 2281 2031 2336 pos-

435 2365 608 2418 ‘sidet
639 2374 1004 2417 assumentem
1033 2381 1045 2416 :
1081 2361 1228 2416 verbi
1265 2361 1458 2430 gratia,
1497 2359 1740 2428 pecunia:
1765 2357 2032 2427 quispiam

470 2456 645 2510 factus
695 2464 776 2508 est
827 2468 1129 2522 possessor,
1163 2452 1246 2506 vel
1295 2451 1535 2505 scientiae
1583 2448 1873 2518 cujuslibet
1913 2449 2031 2502 rei:

471 2557 649 2597 nonne
697 2542 948 2596 omnibus
998 2541 1344 2610 perspicuum
1395 2547 1478 2592 est
1537 2554 1642 2591 non
1701 2539 1874 2606 ipsum
1916 2551 2038 2592 esse

469 2636 866 2703 possessionem
892 2633 1155 2703 pecuniae,
1186 2640 1280 2686 aut
1318 2631 1459 2686 illius
1489 2631 1685 2685 additae
1718 2629 1820 2684 sibi
1855 2630 2036 2684 scien-

473 2725 579 2790 tiae,
607 2726 700 2778 sed
735 2725 994 2792 possideri
1032 2724 1100 2776 ab
1130 2725 1245 2794 ipso
1279 2723 1456 2791 potius
1483 2737 1594 2776 rem
1628 2720 1949 2789 acceptam?
1983 2719 2038 2774 Id

472 2817 687 2883 quidem
717 2815 860 2869 nullo
888 2815 1065 2879 modo,
1103 2826 1160 2867 ut
1187 2815 1400 2884 Opinor,
1445 2821 1528 2866 est
1572 2813 1903 2880 ambiguum.
1938 2810 2039 2878 Igi-

475 2915 563 2958 tur
606 2905 650 2958 si
707 2906 972 2959 rationem
1004 2921 1108 2974 qua
1162 2905 1251 2958 ille
1301 2905 1621 2973 Unigenitus
1670 2901 2039 2956 homofactus

472 3002 579 3060 est,
619 2995 951 3062 exquirenda)
987 2995 1280 3058 curiosius,
1306 2995 1610 3048 invenimus
1645 2994 1918 3048 hominem
1951 3007 2040 3047 as-

474 3087 779 3154 sumptione
807 3087 1108 3142 divinitatis
1152 3086 1351 3140 factum
1403 3086 1570 3141 Deum
1592 3126 1607 3151 ,
1637 3086 1794 3139 liceat
1820 3100 1942 3139 eum
1973 3100 2037 3139 ex
2067 3125 2110 3181 Ο

477 3188 568 3230 tuo
601 3179 932 3246 praescripto,
963 3177 1260 3231 divinitatis
1301 3191 1667 3245 possessorem
1710 3177 1984 3245 appellare
2018 3193 2032 3230 :

477 3268 642 3336 ipsius
654 3271 794 3323 enim
820 3269 1054 3323 facta‘cst
1072 3269 1183 3337 ipsa
1203 3270 1476 3324 divinitas.
1493 3269 1586 3322 Sin
1610 3268 1839 3322 Verbum
1862 3270 2036 3337 ipsum

357 3403 366 3412 .
476 3376 597 3412 cum
639 3370 781 3413 esset
834 3361 1008 3425 Deus,
1060 3362 1412 3430 apprehendit
1459 3377 1640 3415 semen
1691 3360 2036 3424 Ahraliam',

477 3461 531 3506 et
553 3466 673 3505 eum
707 3451 820 3521 69
847 3461 988 3505 esset
1023 3453 1075 3505 in
1112 3451 1285 3506 forma
1317 3453 1407 3506 Dei
1440 3462 1496 3507 et
1529 3451 1727 3515 Patris,
1763 3462 2038 3522 assumpta

479 3542 622 3596 servi
670 3542 842 3595 forma
893 3543 1068 3598 factus
1110 3556 1190 3599 est
1225 3545 1385 3598 homo
1412 3544 1453 3609 ⁸,
1493 3545 1583 3613 qui
1618 3545 1733 3598 Iieri
1769 3554 1948 3614 potest
1983 3550 2042 3597 ut

488 3647 594 3686 non
630 3634 700 3687 sit
724 3635 970 3702 stupidus
1003 3633 1092 3700 qui
1137 3635 1319 3688 dicere
1358 3635 1508 3698 velit,
1556 3635 1608 3689 id
1650 3637 1793 3704 quod
1833 3649 2045 3689 assum-

481 3733 629 3791 ptum
663 3733 768 3786 est,
800 3723 916 3789 ejus
949 3733 1158 3778 natura:
1192 3725 1534 3792 possessione
1577 3725 1809 3778 ditatum
1858 3741 1886 3778 a
1939 3740 2042 3794 qua

482 3816 556 3869 sit
581 3825 934 3895 assumptum,
969 3831 1033 3870 ac
1067 3832 1170 3871 non
1209 3817 1385 3885 potius
1412 3818 1687 3886 proprium
1716 3833 1837 3874 esse
1871 3819 2042 3872 susci-

484 3905 681 3974 piemis
707 3917 912 3960 natura:
934 3906 1181 3961 factum?
1207 3908 1356 3973 Quod
1385 3919 1563 3964 autem
1597 3925 1815 3963 suorum
1852 3911 2046 3963 verbo-

487 4013 604 4051 rum
647 4006 699 4053 et
742 3999 1114 4054 inventionum
1147 4002 1277 4065 vim,
1318 3981 1601 4070 ipsumque
1648 4009 1914 4070 prseterea
1964 4016 2049 4054 sa-

483 4089 718 4144 cerdOIii
767 4108 962 4148 nomen
998 4094 1243 4161 imperite
1290 4094 1354 4146 ad
1405 4095 1705 4162 simplicem
1753 4094 2047 4157 hominem,

483 4182 632 4235 illum
669 4183 883 4250 inquam
918 4199 982 4238 ex
1018 4184 1236 4250 femina,
1280 4186 1506 4254 redigat,
1555 4185 1881 4253 auferatque
1921 4185 2048 4237 illud

482 4275 554 4338 ab
598 4270 890 4341 Unigenito
932 4283 986 4326 et
1024 4274 1170 4328 edito
1197 4289 1264 4330 ex
1311 4275 1470 4330 Patre
1499 4276 1696 4340 Verbo,
1753 4277 1916 4330 etiam
1956 4290 2053 4344 per

483 4364 767 4430 sequentia
794 4363 1085 4418 declarabit
1113 4384 1126 4420 :
1159 4365 1237 4419 sic
1261 4381 1494 4434 namque
1519 4366 1740 4433 scripsit
1769 4382 1983 4420 rursum
2028 4384 2042 4419 :

563 4453 828 4525 [Νεετοιι.
871 4473 890 4505 ι
922 4455 1036 4508 Non
1065 4456 1285 4525 angelos
1316 4457 1708 4525 apprehendit,
1744 4458 1838 4511 sed
1871 4473 2050 4511 semen
2085 4481 2130 4539 ι)

494 4544 779 4598 Abraham
813 4545 1254 4613 apprehendit':
1301 4564 1320 4596 ο
1369 4561 1494 4598 num
1542 4561 1725 4600 semen
1777 4546 2050 4599 Abraham

486 4645 572 4688 est
615 4634 726 4702 ipsa
770 4635 1063 4689 divinitas?
1095 4635 1218 4689 audi
1265 4637 1429 4690 etiam
1471 4649 1785 4706 sequentem
1824 4651 2052 4690 vocem:

499 4744 520 4778 ι
551 4724 706 4790 Unde
730 4725 993 4795 Oportuit,
1028 4727 1223 4795 inquit,
1261 4742 1357 4796 per
1387 4729 1570 4782 omnia
1616 4727 1876 4782 fratribus
1907 4726 2051 4780 assi-

491 4819 668 4877 tnilari
695 4819 756 4874 σε
794 4837 813 4870 ι
851 4835 976 4872 num
1006 4819 1277 4873 divinitati
1312 4820 1519 4874 similes
1556 4819 1694 4873 ullos
1723 4819 1913 4873 habuit
1940 4818 2055 4871 Ira-

494 4925 608 4968 tres
638 4913 813 4982 ipsum
838 4912 929 4966 Dei
967 4911 1245 4966 Verbum?
1269 4911 1400 4966 Vide
1439 4913 1602 4966 etiam
1634 4912 1776 4979 quod
1805 4910 1947 4964 illico
1976 4909 2059 4962 his

494 5005 840 5071 adiungitur:
882 5023 900 5056 ι
941 5003 1009 5059 Ut
1049 5003 1552 5058 misericors'ﬁeret
1591 5011 1645 5056 et
1678 5001 1853 5055 ﬁdelis
1883 4998 2066 5054 Ponti-

497 5096 586 5150 fex
636 5098 702 5151 ad
736 5097 900 5152 Deum
932 5116 948 5152 :
994 5099 1048 5152 in
1093 5110 1158 5151 eo
1183 5096 1331 5150 enim
1369 5095 1422 5148 in
1452 5109 1558 5163 quo
1588 5108 1780 5163 passus
1822 5102 1906 5148 est
1946 5093 2062 5160 ipse

502 5198 760 5253 tentatus,
775 5199 962 5259 potens
985 5199 1069 5245 est
1091 5199 1144 5245 et
1165 5190 1245 5244 eis
1265 5189 1356 5258 qui
1379 5197 1673 5246 tentantur,
1694 5185 1938 5239 auxiliari
1961 5185 2003 5235 ⁷.
2034 5201 2053 5234 ι

502 5281 644 5349 Ergo
665 5282 710 5334 is
727 5282 816 5348 qui
842 5296 1034 5348 passus
1063 5291 1169 5346 est,
1201 5281 1292 5336 ille
1317 5290 1402 5335 est
1433 5277 1679 5334 Pontifex
1711 5277 2058 5341 misericors;

503 5371 726 5440 patibile
768 5381 945 5427 autem
995 5374 1167 5442 ipsum
1215 5372 1470 5442 templum
1512 5380 1618 5432 est,
1651 5383 1756 5423 non
1798 5367 1939 5421 Deus
1970 5366 2060 5432 qui

506 5460 818 5515 \‘iviflcahat
849 5463 899 5514 id
941 5463 1078 5529 quod
1115 5463 1436 5530 patiebatur.
1467 5461 1660 5514 Semen
1696 5458 1988 5519 Abraham,
2019 5456 2064 5509 is

505 5553 718 5620 estqui
767 5552 881 5605 heri
938 5561 994 5606 et
1037 5552 1213 5616 hodie,
1266 5560 1327 5605 ut
1378 5551 1576 5606 Paulus
1619 5550 1694 5602 ait
1744 5548 1786 5612 ⁸,
1837 5563 1940 5601 non
1973 5546 2060 5615 qui

583 5731 1002 5794 3IIebr.It.16.
1077 5731 1354 5801 ‘Philipp.
1383 5748 1444 5796 ιι,
1472 5732 1522 5796 6,
1550 5731 1601 5784 7.
1677 5727 2088 5795 'Ilcbr.I|,I6.

2118 540 2186 593 τὰ
2207 519 2352 610 ’πρὸς
2386 537 2478 589 τὸν
2510 534 2665 600 Θεὸν,
2709 532 3000 602 ἀρχιερεὺς
3030 527 3271 599 δηλονότι
3293 566 3308 590 ,
3341 524 3546 594 πότερα
3572 519 3686 584 οὖν,
3715 595 3718 598 γ

2119 630 2324 701 γυμνὸς
2351 611 2421 700 ἧς
2453 627 2722 696 ἐκτήσατο
2767 623 3052 691 θεότητος,
3089 617 3393 690 ἱερατεύσει
3425 613 3504 701 τῷ
3532 611 3687 682 Θεῷ;

2119 724 2153 793 ἢ
2191 700 2392 790 ταύτην
2421 719 2522 790 ήδη
2553 733 2668 779 πως
2698 715 2832 768 ῑδίαν
2859 713 3026 782 ἔχωνς
3055 709 3208 763 τουτὶ
3246 707 3375 776 γάρ,
3393 700 3569 775 οἶμαι,
3597 702 3691 756 καὶ

2119 814 2305 883 ἕτερον
2350 812 2521 874 οὐδὲν,
2553 805 3014 878 κατασημαινειεν
3049 805 3116 856 ἂν
3160 802 3222 854 τὸ
3265 796 3568 868 κτήσασθαι
3598 795 3690 847 λέ-

2121 921 2238 973 γειν
2265 903 2444 957 αὐτόν.
2485 899 2624 953 Ἀλλ’
2665 901 2714 952 ει
2748 897 2845 968 μὲν
2876 893 3117 964 γυμνὸς,
3157 891 3258 946 οὑκ
3299 891 3570 960 ἐκτήσατο
3589 902 3620 924 ·-
3640 885 3690 937 εἰ

2121 996 2178 1050 δὲ
2207 993 2282 1057 ὡς
2317 992 2452 1047 ῑδίαν
2485 992 2622 1060 ἔχων
2664 987 2856 1057 αὐτὴν,
2896 983 3146 1053 θεότητός
3177 979 3289 1053 [ῑσ.
3329 975 3546 1049 θεότης]
3586 991 3690 1028 που

2123 1086 2342 1148 πάντως
2387 1082 2690 1154 ἱερατεύσει
2718 1078 2857 1148 Θεῷ.
2890 1076 2955 1129 Τί
2988 1071 3082 1129 οῦν
3125 1073 3332 1137 ἀλύεις,
3363 1072 3476 1124 ἄνω
3505 1085 3564 1121 τε
3597 1067 3693 1120 καὶ

2123 1178 2274 1232 κάτω
2297 1175 2580 1244 διακυκᾷς,
2610 1171 2703 1225 καὶ
2732 1165 3166 1240 παρασημαίνων
3192 1165 3292 1217 οὐκ
3314 1160 3568 1233 ἐρυθριᾷς
3595 1158 3694 1226 τῆς

2125 1269 2357 1332 πίστεως
2397 1265 2496 1338 τὴν
2530 1263 2855 1335 παράδοσιν;
2883 1261 3035 1330 Ἔχει
3077 1256 3349 1328 πρόφασιν
3389 1249 3693 1319 ἀναγκαίαν

2124 1362 2153 1414 ὁ
2181 1362 2245 1413 ὲκ
2265 1356 2400 1411 Θεοῦ
2417 1355 2630 1426 Πατρὸς
2656 1354 2844 1421 Λόγος,
2876 1351 2980 1404 κᾶν
3009 1339 3321 1417 ἱερατεῦσαι
3345 1344 3556 1412 λέγοιτο
3576 1339 3695 1410 Θεῷ

2127 1451 2222 1504 καὶ
2247 1448 2453 1520 Πατριο
2485 1444 2858 1516 κεχρημάτικε
2877 1432 2996 1512 ’γὰρ
3026 1439 3205 1512 ἱερεὺς
3235 1438 3296 1492 οὐ
3322 1436 3446 1506 δίχα
3473 1432 3692 1504 σαρκὸς,

2127 1542 2249 1595 καθ’
2271 1541 2420 1612 ἡμᾶς
2446 1539 2502 1592 δὲ
2533 1536 2793 1607 γεγονὼς,
2823 1535 2898 1595 ὡς
2931 1533 3085 1603 ἔφην,
3114 1530 3205 1594 οὓς
3233 1529 3348 1602 [Ion
3379 1521 3482 1597 οἷς]
3517 1525 3610 1577 καὶ
3637 1526 3696 1578 ὲν

2129 1631 2373 1694 εὐκλείας
2416 1629 2568 1695 τάξει
2606 1627 2911 1695 λελόγισται
2948 1625 3018 1678 τὰ
3050 1625 3150 1694 τῆς
3199 1617 3497 1691 ἱερωσύνης
3528 1615 3694 1685 αὐχήν

2133 1740 2299 1795 ματα.
2321 1721 2430 1776 Καὶ
2457 1720 2577 1774 καθ’
2594 1719 2780 1787 ἕτερον
2808 1716 2870 1795 δέ
2895 1715 3117 1787 τρόπον,
3133 1709 3516 1778 ἀταλαίπωρον
3546 1705 3693 1768 ἰδεῖν,

2130 1793 2205 1876 ὧς
2239 1811 2350 1865 ἔστι
2378 1809 2486 1864 τῶν
2519 1811 2656 1879 ἀγαν
2698 1793 3112 1865 ὲκτοτίωτάτων,
3145 1803 3239 1856 καὶ
3272 1798 3473 1870 πολλῆς
3507 1796 3728 1866 ὲπίμε-“

2134 1917 2256 1954 στον
2287 1898 2570 1969 εὐηθείας,
2617 1898 2856 1967 κτήτορα
2885 1896 3138 1964 θεότητος
3176 1890 3270 1943 τὸν
3301 1888 3362 1953 ἐξ
3398 1885 3699 1957 ἀνθρώπων

2130 1992 2400 2065 ληφθέντα
2440 1989 2641 2057 λέγειν,
2673 1983 3069 2054 καθιστάμενόν
3101 1998 3160 2034 τε
3201 1978 3339 2050 πρὸς
3392 1975 3484 2029 τὸν
3525 1974 3698 2027 Θεόν⁶

2131 2085 2180 2136 εἰ
2209 2084 2320 2153 γὰρ
2349 2079 2555 2152 ἐλήφθη
2594 2076 2746 2147 παρὰ
2779 2075 2873 2129 τοῦ
2902 2073 3060 2138 Θεοῦ,
3089 2071 3213 2124 τίνα
3249 2067 3449 2139 τρόπον
3475 2064 3572 2136 τὴν
3604 2065 3702 2117 λαο

2132 2173 2332 2228 δοῦσαν
2350 2170 2514 2226 αὐτὸν
2538 2168 2912 2238 κατεκτήσατο
2935 2164 3096 2233 φύσιν
3115 2179 3129 2227 ;
3151 2161 3212 2214 τὸ
3235 2159 3344 2230 γάρ
3368 2175 3451 2212 τοι
3475 2155 3698 2227 ληφθὲν,

2133 2266 2284 2319 ἔσται
2313 2281 2417 2317 που
2453 2261 2654 2332 μᾶλλον
2695 2257 2789 2313 τοῦ
2831 2257 3086 2318 λαϐόντος
3115 2254 3191 2314 ὡς
3221 2253 3433 2321 κτῆσις,
3476 2251 3570 2302 καὶ
3603 2249 3704 2304 οὐκ

2133 2362 2263 2416 αὐτὸ
2289 2361 2614 2430 κεκτήσεται
2643 2357 2703 2409 τὸ
2732 2351 3122 2424 προσειληφόςο
3151 2344 3260 2402 οἷον
3285 2347 3340 2399 δὲ
3365 2344 3498 2416 δήτι
3530 2360 3699 2414 φημι·

2135 2454 2374 2510 Πλούτου
2415 2469 2500 2514 τις
2544 2450 2734 2518 γέγονε
2774 2431 3012 2515 κτήτὶυρ,
3057 2442 3227 2513 ήγουν
3255 2439 3564 2507 ἐπιστήμης
3604 2435 3702 2502 τῆς

2136 2547 2220 2614 ἐφ’
2254 2541 2456 2613 ὁτῳοῦν
2486 2539 2808 2609 νοουμένης
2847 2531 2937 2604 ἆρ’
2963 2534 3061 2604 οὐχ
3095 2531 3298 2586 ἅπασιν
3345 2527 3589 2597 ἐναργὲς,
3624 2525 3700 2586 ὡς

2135 2637 2234 2689 οὐκ
2261 2634 2421 2696 αὐτὸς
2447 2632 2599 2684 ἔσται
2624 2627 2718 2680 τοῦ
2751 2625 2980 2679 πλούτου
3012 2623 3219 2691 κτῆσις,
3250 2619 3413 2688 ήγουν
3437 2619 3536 2683 τῆς
3566 2630 3699 2684 προ-

2136 2724 2436 2796 γενομένης
2481 2720 2605 2792 [τον.
2647 2709 3120 2788 προσγενομένης]
3178 2706 3326 2776 αὐτῷ

2138 2790 2540 2882 κατακτήσεται
2580 2807 2637 2861 δὲ
2686 2804 2883 2875 μᾶλλον
2901 2801 2961 2853 τὸ
2999 2795 3503 2869 προσειλημμένον;
3536 2790 3702 2853 Ἀλλ’,

2137 2902 2314 2977 οἶμαι,
2350 2900 2506 2957 τοῦτό
2539 2901 2654 2951 ἐστι
2708 2894 2829 2948 κατ’
2879 2889 3069 2944 οὐδένα
3120 2887 3320 2959 τρόπον
3375 2882 3705 2954 ἀμφίλογον.

2142 2971 2370 3060 Ούκοῦν,
2401 2995 2447 3046 ει
2487 2978 2574 3043 τὸν
2615 2988 2715 3056 τῆς
2751 2982 3214 3054 ὲνανθρωπήσεως
3245 2976 3338 3029 τοῦ
3369 2971 3708 3040 Μονογενοῦς

2142 3080 2719 3156 πολυπραγμονοῦντες
2765 3074 2986 3144 τρόπον,
3041 3070 3326 3140 ἄνθρωπον
3352 3063 3704 3156 εὑρισκομεν,

2142 3178 2216 3240 ὡς
2255 3149 2334 3228 ὲν.
2361 3149 2659 3242 προσλήψει
2702 3163 2955 3231 θεότητος
2984 3157 3244 3226 γεγονότα
3276 3153 3429 3216 Θεὸν,
3466 3149 3710 3218 λεγέσθω

2141 3267 2284 3322 κατὰ
2327 3264 2414 3328 σὲ,
2465 3260 2717 3327 θεότητος
2771 3254 2990 3323 κτήτωρ
3013 3266 3027 3282 ο
3064 3247 3231 3301 αὑτοῦ
3281 3245 3391 3315 γὰρ
3426 3243 3644 3312 γέγονεν
3675 3242 3708 3310 ἡ

2142 3359 2350 3424 θεότης.
2380 3353 2442 3408 Εἰ
2467 3352 2524 3404 δὲ
2549 3349 2680 3410 Θεὸς
2705 3344 2780 3399 ὢν
2807 3346 2834 3396 ὁ
2860 3343 3054 3409 Λόγος,
3083 3337 3377 3392 ἐπελάϐετο
3401 3335 3709 3404 σπέρματος

2155 3448 2428 3520 Ἁϐραάμ,
2459 3443 2554 3496 καὶ
2582 3439 2840 3509 ὑπάρχων
2865 3435 2923 3486 έν
2965 3433 3144 3502 μορφῇ
3175 3429 3270 3520 τοῦ
3305 3426 3439 3480 Θεοῦ
3480 3423 3709 3492 [ἰατρὸς.

2143 3514 2382 3610 γέγονεν’
2407 3533 2688 3604 ἄνθρωπος
2723 3524 2932 3598 μορφὴν
2976 3521 3162 3575 δούλου
3210 3517 3410 3580 λαϐὼν,
3454 3515 3572 3577 πῶς
3614 3514 3714 3566 ούκ

2146 3604 2508 3702 έμϐρόντητος
2525 3618 2618 3692 εἴη
2650 3620 2735 3683 ἂν,
2763 3619 2815 3671 εἴ
2843 3632 2926 3678 τις
2958 3613 3128 3667 ἕλοιτο
3155 3611 3351 3678 λέγειν,
3400 3609 3483 3661 ὅτι
3524 3606 3584 3659 τὸ
3620 3604 3716 3670 λη-

2148 3694 2278 3792 φνθὲν
2463 3713 2734 3768 λαϐοῦσαν
2781 3708 2910 3763 αὐτὸ
2969 3703 3345 3772 κατεκτήσατο
3400 3698 3581 3768 φύσιν,
3622 3694 3718 3747 καὶ

2147 3787 2267 3884 οὐχὶ
2288 3813 2344 3865 δὲ
2377 3787 2573 3879 μᾶλλον
2598 3805 2818 3872 γέγονεν
2844 3799 2972 3852 ἴδιον
2993 3796 3090 3866 τῆς
3115 3791 3385 3860 λαϐούσης
3405 3787 3567 3850 αὐτό;
3592 3787 3718 3838 Ὀτι

2148 3878 2338 3958 δὲ’τῶν
2365 3878 2558 3955 έαυτοῦ
2585 3896 2757 3972 λόγων
2787 3909 2843 3945 τε
2875 3891 2967 3943 καὶ
2995 3889 3128 3958 εὑρη
3140 3885 3324 3956 μάτων
3349 3881 3442 3953 τὴν
3464 3878 3715 3946 δύναμιν,

2151 3996 2244 4049 καὶ
2277 3994 2382 4064 μὴν
2409 3991 2503 4044 καὶ
2533 3989 2663 4042 αὐτὸ
2690 3985 2750 4038 τὸ
2784 3983 2884 4051 τῆς
2921 3976 3331 4050 ἀρχιερωσύνης
3358 3974 3527 4041 ὸνομα
3558 3985 3718 4038 περι-

2145 4089 2363 4156 ϊστησιν
2395 4079 2620 4152 ἀμαθῶς
2653 4079 2733 4139 εἱς
2766 4073 3051 4141 ἄνθρωπον
3082 4066 3269 4128 ἁπλῶς
3303 4065 3394 4116 τὸν
3432 4064 3496 4114 ὲκ
3527 4076 3719 4156 γυναι-

2147 4149 2274 4241 ἶιὸς,
2301 4149 2592 4242 ἀποῷέρων
2623 4167 2756 4223 αὐτὸ
2792 4163 2887 4218 τοῦ
2929 4156 3266 4228 Μονογενοῦς
3293 4154 3387 4208 καὶ
3414 4155 3480 4206 ἐκ
3509 4149 3724 4242 Πατρὸς

2151 4239 2302 4329 ὄντος
2344 4239 2538 4332 Δόγοῦ,
2582 4259 2676 4312 καὶ
2711 4257 2799 4311 διὰ
2842 4253 2952 4308 τῶν
3000 4250 3126 4332 ἑξῆς
3157 4243 3597 4318 προσαποφανεῖ·
3629 4239 3724 4308 γέ-

2155 4375 2331 4430 γραφε
2361 4355 2469 4426 γὰρ
2497 4354 2593 4406 ὡδὶ
2625 4351 2687 4422 δὴ
2723 4348 2884 4403 πάλιν
2906 4363 2922 4379 ο
3059 4331 3081 4349 ⁵

2229 4450 2275 4522 [ι
2304 4449 2417 4502 Οὐκ
2464 4444 2710 4514 ἀγγέλων
2760 4434 3208 4508 ἐπιλαμϐάνεται,
3248 4426 3385 4483 ἀλλά
3417 4426 3729 4522 σπέρματος

2169 4511 2421 4611 Ἀϐραὰμ
2448 4511 2893 4606 ἐπιλαμϐάνεται.
2924 4547 2942 4580 ι
2981 4525 3081 4599 Μὴ
3104 4522 3322 4592 σπέρμα
3347 4517 3442 4611 τοῦ
3479 4511 3730 4611 Ἀϐρααμ

2154 4637 2188 4706 ἡ
2219 4603 2444 4701 θεότηςς
2477 4603 2708 4682 ἀκού-σον
2738 4623 2831 4677 καὶ
2860 4622 2957 4692 τὴν
2983 4615 3257 4688 ἑπομένην
3281 4610 3498 4706 φωνήνς
3526 4627 3547 4658 ι
3567 4603 3731 4706 Ὅθεν

2154 4695 2378 4794 dapsils,-
2408 4722 2569 4792 φησὶ,
2605 4717 2746 4771 κατά
2790 4715 2967 4768 πάντα
3016 4713 3128 4773 τοῖς
3171 4703 3421 4775 ἀδελφοῖς
3459 4695 3732 4794 ὁμοιωθῇ-

2154 4786 2263 4881 ναι,
2290 4833 2308 4864 ι
2350 4786 2431 4884 μὴ.
2454 4786 2517 4882 τῇ
2549 4808 2760 4879 θεότητί
2791 4821 2943 4867 τινας
2973 4806 3000 4856 ὁ
3033 4802 3164 4864 Θεὸς
3193 4800 3364 4866 Λόγος
3397 4798 3552 4867 ἔσχεν
3580 4786 3736 4842 ἀδελ-

2158 4910 2292 4978 φοὺς
2337 4904 2608 4968 ὲοικότας;
2658 4899 2856 4952 Σκόπει
2895 4896 2989 4950 καὶ
3032 4893 3094 4945 τὸ
3137 4890 3351 4954 τούτοις
3395 4887 3555 4947 εὐθὺς
3605 4895 3732 4935 συν-

2156 4974 2490 5068 ἀπτόμενον·
2531 5011 2548 5044 ι
2575 4993 2692 5044 vlva
2733 4989 2979 5059 ἐλεήμων
3010 4984 3238 5068 γένηται
3272 4980 3368 5033 καὶ
3414 4974 3734 5068 πιστὸς-ἀρ.

2157 5062 2374 5162 χιερεὺς
2397 5065 2464 5138 τὰ
2489 5083 2626 5156 πρὸς
2649 5082 2740 5134 τὸν
2769 5079 2902 5131 Θεόν
2923 5093 2936 5108 ο
2965 5077 3023 5128 ὲν
3053 5067 3097 5142 ᾧ
3125 5072 3234 5142 γὰρ
3263 5067 3527 5124 πέπονθεν
3571 5062 3737 5124 αὐτὸς

2160 5158 2471 5252 πειρασθεὶς
2492 5217 2506 5241 ,
2540 5174 2762 5228 δύναται
2795 5173 2904 5231 τοῖς
2942 5164 3357 5238 πειραζομένοις
3399 5158 3681 5231 βοηθῆσαι.
3713 5171 3732 5203 ι

2162 5246 2370 5328 Οὐκοῦν
2395 5272 2423 5323 ὁ
2455 5265 2642 5322 παθὼν
2687 5262 2976 5335 ἀρχιερεὺς
3013 5260 3280 5328 ἐλεήμων,
3329 5251 3568 5322 παθητὸς
3613 5246 3669 5300 δὲ
3709 5247 3738 5296 ὁ

2163 5364 2310 5426 ναὸς,
2347 5362 2446 5430 οὐχ
2474 5361 2501 5412 ὁ
2534 5355 2797 5423 ζωοποιὸς
2833 5352 2927 5405 τοῦ
2962 5348 3289 5408 πεπονθότος
3321 5344 3475 5406 Θεός.
3509 5338 3739 5430 Σπέρμα

2176 5427 2483 5523 Ἀϐραὰμνὸ
2513 5449 2639 5520 χθὲς
2671 5445 2769 5500 καὶ
2799 5445 3058 5514 σήμερον,
3087 5439 3229 5492 κατά
3261 5440 3360 5507 τὴν
3391 5432 3485 5486 τοῦ
3525 5427 3738 5523 Had-10p

2167 5514 2373 5615 (ρων-ὴν,
2393 5514 2574 5611 ὀὐχηὸ
2612 5538 2807 5605 λέγων,
2843 5553 2860 5585 t
2893 5533 3031 5604 [Iva
3062 5529 3310 5600 ’Δϐραάμ
3346 5522 3601 5595 γενέσθαι
3629 5514 3742 5588 ἐγώ

2167 5726 2185 5756 ⁸
2217 5724 2346 5780 Ibid.
2379 5721 2463 5777 I7.
2537 5721 2556 5751 ⁷
2591 5717 2721 5773 Ibid.
2752 5716 2836 5771 I8.
2912 5714 2933 5746 ⁸
2967 5711 3125 5768 llebr.
3153 5723 3271 5774 xm,
3302 5707 3386 5802 ιε.
