4012 6212
250 329 324 383 ηδ
1271 307 1643 365 ADVERSUS
1679 301 2083 362 NESTORIUM
2122 300 2248 356 LIB.
2288 298 2372 356 Ill.

3291 292 3390 345 ηδ

246 450 386 516 εἰμι’»
409 441 559 509 ὅμοιος
585 436 695 497 τοῖς
722 433 972 501 ἀδελφοῖς
1001 435 1140 488 κατὰ
1170 431 1348 485 πάντα
1373 433 1402 484 6
1426 429 1604 500 ψυχῆς
1635 427 1728 481 ἀν-
1755 459 1767 487 λ

1852 427 1966 480 Iixit
2001 444 2016 480 :
2056 443 2075 475 ι
2123 422 2441 487 Priusquam
2480 416 2749 470 Abraham
2794 415 2964 480 fieret,
2991 426 3095 482 ego
3132 426 3252 466 smn
3282 411 3326 462 '.
3366 427 3385 460 ι

248 534 457 609 θρωπίνης
480 531 559 583 καὶ
584 527 784 598 σαρκὸς
812 525 1095 579 ἀναλαϐὼν
1123 525 1476 593 ἀδελφότητα,
1509 522 1602 574 καὶ
1626 520 1726 588 οὐχ

247 629 428 698 ὀλίγων,
451 642 468 675 ι
498 624 548 677 '0
570 617 828 689 ἑωρακὼς
849 618 974 687 ἐμὲ,
999 618 1210 688 ἑώρακε
1237 617 1327 669 τὸν
1358 615 1591 685 Πατέρα.
1610 613 1655 684 ι]

757 853 1012 906 ΚΕΦΑΛ.
1054 853 1128 906 B'.

304 970 458 1025 Οὐκοῦν
503 967 810 1030 ὲπελάδετο,
855 965 998 1020 καθὰ
1031 965 1128 1019 καὶ
1166 964 1329 1027 αὐτὸς
1379 963 1730 1034 ὡμολόγηκεν

256 1062 416 1130 ἀρτίως,
456 1059 747 1128 σπέρματος
783 1056 1032 1127 Ἀϐραὰμ
1062 1056 1195 1120 Θεὸς
1226 1054 1302 1110 ὣν
1331 1059 1358 1109 6
1385 1057 1582 1123 Λόγος·
1615 1057 1730 1119 πῶς

261 1145 322 1202 τὸν
339 1149 621 1218 ετιθεὸτητος
646 1149 884 1218 κτήτωρ,
907 1148 936 1199 6
965 1148 1028 1200 ὲκ
1052 1147 1362 1216 σπέρματος
1394 1146 1663 1217 Ἀϐραὰμ,
1684 1149 1733 1199 εί

261 1239 513 1310 egessit-,ch
542 1237 692 1303 παρά
721 1236 880 1298 Θεοῦ,
908 1236 1002 1289 καὶ
1032 1236 1153 1305 οὐχὶ⁸
1182 1235 1503 1305 προσλαὸὼν
1539 1239 1732 1306 ὁρᾶται

264 1330 330 1398 τὴν
354 1328 522 1397 ϐεότητα
552 1326 747 1391 αὐτός;
781 1327 893 1378 Καὶ
925 1325 1175 1396 θεότητος
1208 1321 1301 1377 οὖν
1332 1325 1494 1394 φύσις
1525 1327 1734 1395 ἥκιστα

265 1419 310 1472 ἄν
328 1418 450 1488 είητὺ
471 1418 672 1488 σπέρμα
697 1416 792 1470 τοῦ
833 1415 1103 1487 Ἀϐραὰμ,
1135 1417 1294 1485 σῶμα
1321 1415 1377 1468 δὲ
1414 1415 1612 1485 μᾶλλον
1639 1417 1732 1468 τού

266 1509 360 1561 Θεοῦ
386 1509 517 1576 Λόγου
558 1509 784 1577 γέγονε,
848 1507 988 1560 κατὰ
1030 1507 1127 1568 τὰς
1164 1507 1421 1576 Γραφὰς,
1465 1508 1560 1561 καὶ
1606 1507 1735 1560 ἴδιον

265 1599 400 1651 αὐτοῦ’
422 1600 494 1652 καὶ
514 1601 539 1652 6
564 1600 629 1667 τῇ
664 1597 841 1650 κτίσει
876 1595 1016 1650 κατὰ
1045 1595 1204 1665 φύσιν
1233 1596 1367 1648 ἰδίαν
1402 1596 1736 1659 ἀσύντακτος

267 1688 318 1750 ὡς
337 1690 448 1752 Θεὸς,
465 1691 537 1743 ὅτε
561 1689 784 1756 γέγονεν
812 1685 1115 1759 ἄνθρωπος.
1145 1687 1202 1746 ὃς
1241 1688 1355 1739 ἐστι
1380 1685 1610 1750 κτίσεως
1642 1687 1732 1756 μέ-

273 1795 350 1848 βς,
379 1782 470 1833 τότε
494 1781 566 1849 δὴ,
602 1780 725 1832 τότε
754 1778 852 1832 καὶ
880 1777 1026 1848 μάλα
1054 1779 1308 1838 εἰκότως,
1349 1779 1443 1830 καὶ
1476 1778 1737 1846 ἀδελφοὺς
1769 1764 1810 1818 Β

274 1872 376 1939 ἡμᾶς
402 1873 635 1940 ὀνομάζειν
675 1869 839 1934 ἀξιοῖ,
865 1869 1068 1937 λέγων·
1110 1868 1432 1936 Ἀπαγγελῶ
1473 1871 1532 1922 τδ
1569 1869 1741 1938 ὄνομά

278 1976 344 2012 σου
369 1965 449 2024 toi;
477 1963 692 2029 ἀδελφοῖς
729 1978 855 2030 μου.
876 1961 999 2012 ’Ὁτι
1029 1959 1085 2011 δὲ
1113 1960 1202 2012 διὰ
1233 1961 1292 2012 τὸ
1325 1961 1425 2028 τῆς
1456 1958 1740 2022 κενώσεως

282 2049 419 2120 μέτρον
452 2052 885 2119 ιαταπεφοίτηκεν
925 2052 954 2103 ὁ
984 2053 1047 2102 ὲκ
1081 2049 1213 2102 Θεοῦ
1269 2049 1486 2121 Πατρὸς
1534 2051 1738 2118 Λόγος,

290 2142 359 2191 u‘t
387 2142 442 2203 είς
477 2159 526 2210 γε
554 2143 603 2195 τὸ
644 2143 756 2196 δεῖν
812 2142 1204 2210 κατονομάζειν
1255 2140 1519 2208 ἀδελφοὺς
1565 2139 1742 2210 ἐαυτῷ

297 2229 388 2291 τὼς
421 2232 489 2283 isi.
523 2233 597 2303 τῆς
641 2235 771 2303 γῆς,
834 2237 1090 2302 σαφηνιεῖ
1152 2231 1443 2304 γεγραφὼς
1492 2234 1520 2285 6
1562 2230 1774 2299 σοφώ..

297 2333 421 2380 rato;
443 2320 608 2384 Παῦλος,
634 2325 748 2392 περί
774 2341 834 2375 τε
859 2322 1024 2377 αὑτοῦ
1073 2324 1358 2393 καὶιήμῶν
1379 2341 1392 2354 ο
1427 2343 1445 2375 ι
1481 2326 1608 2377 Ὅτε
1635 2323 1744 2393 γὰρ

288 2408 482 2474 ἁγιάζων
505 2415 578 2465 καὶ
607 2418 651 2467 οἱ
677 2415 1026 2484 ἁγιαζόμενοι.
1055 2415 1114 2479 ἐξ
1154 2416 1272 2479 ἐνὸς
1323 2416 1552 2482 πάντες,
1584 2415 1650 2469 δι’
1676 2415 1745 2486 ἢν

280 2501 422 2554 αἰτίαν
441 2503 526 2556 ούκ
548 2506 883 2575 ἐπαισχύνεται
910 2505 1170 2574 ἀδελφοὺς
1195 2507 1397 2568 αὐτοὺς
1428 2506 1632 2564 καλεῖν,
1663 2505 1746 2557 λέ-

271 2610 380 2658 rte-1'
410 2595 682 2664 Ἀπαγγελῶ
726 2600 779 2650 τὸ
800 2599 972 2668 ὄνομά
1023 2615 1114 2649 σου
1144 2599 1253 2660 τοῖς
1281 2596 1530 2664 ἀδελφοῖς
1567 2613 1690 2666 μου.
1720 2614 1740 2647 ι

381 2687 464 2782 μεν
494 2690 712 2782 γὰρ-τῆς
756 2689 1244 2758 ὲνανθρωπήσεως,
1284 2687 1516 2757 σμικρὸν
1547 2686 1744 2757 κομιδῆ

261 2774 318 2841 τῷ
337 2777 388 2826 ὲκ
414 2775 523 2830 Θεοῦ
552 2778 698 2845 φύντι
737 2779 894 2847 Λόγῳ
921 2777 980 2829 τὸ
1011 2777 1111 2846 τῆς
1144 2775 1279 2847 πρὸς
1320 2778 1352 2845 ὴ
1363 2775 1478 2843 μῶν
1517 2774 1747 2842 αδελφό-

261 2879 380 2932 τητος
411 2866 580 2936 ὄνομα·
606 2869 924 2937 καθιγμένῳ
953 2873 1040 2935 γε’
1063 2867 1169 2937 μὴν
1198 2869 1276 2929 είς
1307 2867 1551 2918 ἑκούσιον
1583 2867 1749 2918 κένω-

255 2969 334 3018 σιν.
355 2957 547 3028 σμικρὸν
577 2961 672 3030 μὲν
713 2963 810 3012 καὶ
849 2958 1012 3024 οὕτω,
1045 2958 1182 3028 πλὴν
1212 2958 1538 3027 εὐαφόρμως
1569 2956 1747 3009 εἰσϐε-

1829 516 2033 572 Similis
2084 513 2343 567 fratribus
2392 525 2488 578 per
2523 509 2725 569 omnia,
2767 507 2857 576 qui
2911 501 3158 558 humana:
3199 503 3393 554 animae

1825 616 1880 659 et
1905 605 2083 658 carnis
2113 601 2509 656 fraternitatem
2540 596 2798 663 suscepit,
2833 608 2939 646 non
2974 592 3064 648 ille
3091 590 3181 660 qui
3209 588 3346 644 dixit
3373 605 3389 640 :

1833 714 1852 746 ι
1886 696 1984 761 Qui
2013 693 2148 747 vidit
2176 706 2281 756 me,
2319 689 2455 742 vidit
2477 697 2528 741 et
2562 686 2775 740 Patrem
2807 683 2877 738 ‘°.
2916 679 2982 754 ι]

2465 840 2615 895 CAP.
2659 837 2722 892 ll.

1901 987 2042 1055 Ergo
2065 981 2440 1052 apprehendit,
2475 987 2534 1032 ut
2561 974 2810 1047 ipseiam
2840 981 2921 1027 est
2953 968 3267 1031 confessus,
3301 979 3389 1020 se-

1832 1094 1953 1134 men
1982 1075 2278 1136 Abraham,
2297 1073 2466 1141 ipsnm
2493 1069 2727 1122 Verbum
2754 1063 2896 1132 quod
2934 1060 3240 1122 Deuserat,
3266 1072 3400 1126 qun-

1834 1168 1994 1222 modo
2022 1163 2327 1233 igiturjam
2358 1156 2660 1213 divinitatis
2701 1155 2770 1208 sit
2801 1163 3107 1220 possessor,
3142 1150 3187 1202 is
3213 1149 3302 1215 qui
3331 1161 3398 1200 ex

1833 1259 2039 1313 semine
2067 1264 2148 1310 est
2179 1252 2476 1313 Abraham,
2503 1249 2546 1302 si
2586 1263 2615 1300 a
2653 1245 2765 1299 Deo
2792 1252 2877 1300 est
2921 1249 3255 1308 assumptus,
3290 1254 3397 1291 non

1832 1349 1947 1417 ipse
1967 1346 2300 1401 divinitatem
2329 1339 2688 1407 assumpsisse
2717 1333 3010 1390 cernitur?
3051 1329 3243 1398 Neque
3286 1329 3394 1396 igi-

1836 1449 1926 1494 tur
1951 1439 2128 1506 ipsum
2159 1447 2343 1488 semen
2375 1428 2644 1484 Abraham
2677 1424 2784 1478 ullo
2817 1422 2977 1476 modo
3001 1418 3300 1475 divinitatis
3319 1425 3404 1470 est

1837 1539 2048 1592 natura,
2091 1527 2182 1581 sed
2228 1535 2435 1593 corpus
2469 1520 2648 1590 potius
2695 1517 2786 1570 Dei
2837 1513 2994 1570 Verbi
3045 1513 3244 1566 factum
3295 1521 3404 1570 est,

1838 1619 2128 1676 secundum
2173 1616 2524 1684 Scripturas,
2567 1610 2790 1679 ejusque
2828 1605 3106 1675 prepriurn
3145 1620 3160 1657 :
3211 1609 3268 1654 et
3316 1598 3406 1652 ille

1839 1711 1928 1780 qui
1983 1721 2049 1761 ex
2099 1715 2304 1760 naturae
2349 1716 2460 1757 sua:
2518 1700 2726 1754 ratione
2770 1710 2895 1750 cum
2947 1701 3196 1747 creatura
3242 1687 3403 1742 simul

1839 1777 2046 1852 censeri
2079 1809 2182 1848 non
2219 1799 2415 1860 potest,
2447 1785 2836 1858 utpoteDeus,
2869 1782 2957 1836 ubi
2989 1780 3165 1836 factus
3189 1787 3268 1832 est
3304 1777 3401 1828 ho-

1839 1903 1950 1951 mo,
1977 1887 2065 1954 qui
2104 1894 2188 1940 est
2214 1899 2336 1953 pars
2374 1880 2640 1944 universi,
2681 1889 2794 1931 tum
2845 1888 2992 1929 vero
3036 1869 3310 1940 aptissime
3349 1878 3406 1919 et

1840 1978 2034 2031 fratres
2073 1989 2171 2030 nos
2212 1972 2482 2042 appellare
2512 1970 2786 2038 dignatur,
2837 1963 3064 2018 dicens:
3099 1979 3116 2010 ι
3157 1956 3408 2011 Narrabo

1797 2099 1802 2102 -
1842 2083 2037 2123 nomen
2087 2077 2234 2119 tuum
2278 2060 2540 2137 fratribus
2582 2058 2717 2111 meis
2753 2055 2818 2107 ἰ.
2855 2071 2874 2104 ι
2909 2051 3081 2106 Porro
3125 2049 3301 2118 ipsum
3339 2059 3405 2101 ex

1843 2159 1954 2214 Deo
1984 2157 2149 2211 Patre
2179 2153 2412 2208 Verbum
2441 2165 2538 2220 per
2575 2145 2966 2204 exinanitionis
3005 2155 3314 2197 mensuram
3355 2140 3408 2191 in

1842 2249 1896 2304 id
1915 2248 2078 2302 etiam
2103 2243 2470 2304 descendisse,
2501 2237 2832 2294 uthomiues
2861 2234 2954 2303 qui
2987 2233 3038 2285 in
3062 2231 3225 2284 terris
3253 2237 3411 2282 erant

1844 2341 1944 2396 sibi
1981 2339 2176 2394 fratres
2211 2339 2438 2395 diceret,
2474 2332 2822 2400 perspicuum
2856 2326 3018 2380 faciet
3053 2324 3240 2378 beatus
3281 2319 3412 2372 Pau-

1843 2433 1950 2494 lus,
1978 2432 2067 2498 qui
2098 2431 2166 2483 de
2209 2429 2322 2496 ipso
2351 2427 2528 2492 deque
2562 2423 2716 2475 nobis
2745 2417 2964 2485 scripsit
2994 2432 3008 2468 :
3043 2431 3062 2464 ι
3103 2413 3203 2478 Qui
3256 2410 3400 2464 enim

1844 2522 2166 2592 sanctificat,
2197 2530 2251 2574 et
2289 2518 2381 2586 qui
2433 2513 2868 2574 sanctificantur,
2911 2521 2980 2562 ex
3032 2520 3140 2558 uno
3175 2517 3408 2556 omnes:

1846 2625 2063 2685 propter
2091 2626 2251 2681 quam
2286 2622 2508 2663 causam
2549 2621 2654 2659 non
2700 2600 3054 2656 confunditur
3085 2597 3284 2650 fratres
3313 2609 3412 2648 eos

1846 2705 2135 2776 appellare,
2161 2703 2386 2775 dicens:
2422 2696 2665 2750 Narrabo
2711 2693 2818 2763 70
2852 2703 3053 2745 nomen
3103 2696 3254 2740 tuum
3304 2685 3412 2738 fra-

1847 2799 2017 2852 tribus
2056 2795 2190 2848 meis
2221 2794 2303 2856 “.;
2346 2811 2365 2842 ο
2401 2804 2527 2844 nam
2571 2797 2862 2853 antequam
2915 2783 3076 2837 homo
3124 2777 3299 2832 factus
3325 2791 3415 2830 es—

1845 2897 1948 2952 set,
1983 2885 2235 2951 exiguum
2263 2896 2394 2934 sane
2419 2887 2536 2933 erat
2563 2877 2638 2930 illi
2673 2891 2741 2929 ex
2769 2874 2878 2926 Deo
2900 2872 3083 2941 genito
3112 2868 3290 2924 Verbo
3324 2879 3415 2918 no-

1849 2985 1972 3030 stra:
1995 2970 2348 3026 fraternitatis
2367 2981 2560 3022 nomen
2585 2983 2599 3019 :
2620 2975 2675 3016 at
2700 2963 2791 3017 ubi
2820 2962 2886 3014 ad
2914 2959 3274 3016 voluntariam
3297 2956 3411 3010 exi-

254 3041 404 3142 ξῳιός
431 3050 709 3120 μετέσχηκε
741 3050 850 3120 γὰρ
877 3051 1104 3118 αἵματος
1134 3048 1229 3101 καὶ
1261 3048 1481 3118 σαρκὸς,
1516 3047 1610 3098 καί
1638 3048 1750 3107 τοῖς

1858 3065 2191 3120 nanitionem
2235 3058 2534 3119 descendit,
2574 3055 2827 3122 exiguum
2888 3053 2969 3104 sic
3029 3062 3248 3119 quoque
3293 3046 3415 3108 fuit,

248 3134 293 3186 ἐν
318 3139 453 3207 σαρκὶ
476 3141 555 3192 καὶ
584 3143 784 3214 αἵματι
829 3141 1234 3210 κεχρημάτικεν
1265 3137 1512 3205 ἀδελφός.
1552 3127 1616 3189 Ei.
1645 3137 1754 3204 γὰρ

248 3225 471 3290 ἁγιάζετιιι
495 3231 602 3299 μεθ’
625 3235 661 3302 ὴ
672 3232 793 3301 μῶν
828 3231 962 3284 καθὸ
991 3231 1212 3298 γέγονεν
1241 3229 1548 3299 ἄνθρωπος,
1579 3228 1756 3282 καίτοι

244 3314 424 3380 Θεὸςιῖη
446 3323 609 3388 φύσει,
645 3324 749 3376 καὶ
782 3323 840 3374 τὸ
875 3321 1089 3392 πνεῦμα
1119 3322 1294 3385 διδοὺς
1323 3321 1506 3384 αὐτὸς,
1544 3320 1662 3384 πῶς
1705 3322 1756 3373 εί

245 3404 406 3475 ὶέγοιτο
440 3415 524 3465 καὶ
565 3413 827 3482 ἁδελφὸς,
862 3413 960 3466 οὐκ
1003 3415 1062 3465 ἐν
1100 3413 1288 3483 κόσμῳ
1323 3413 1508 3466 λοιπὸν
1541 3414 1757 3482 εἴρηται

241 3489 524 3573 [timeam];
542 3505 754 3573 ταύτης
776 3503 881 3573 γὰρ
901 3502 1063 3556 ἕνεκα
1085 3503 1186 3571 τῆς
1208 3503 1389 3566 αἰτίας
1418 3504 1609 3572 γέγονε
1636 3502 1756 3556 καθ’

241 3589 373 3657 ἡμᾶς.
409 3595 486 3647 ἵνα
526 3599 677 3666 ἡμᾶς
732 3596 993 3663 ἀδελφοὺς
1045 3597 1388 3666 ἀποφήνηται
1429 3598 1522 3649 καὶ
1551 3596 1761 3650 ἐλευθέ-

237 3695 354 3749 ρὶυς.
385 3703 402 3736 ι
428 3687 573 3742 Ὀσοι
612 3691 735 3758 γὰρ
768 3688 960 3741 ἔλαϐον
990 3689 1174 3750 αὑτὸν,
1209 3691 1395 3758 φησὶν,
1431 3690 1631 3742 ἔδωκεν
1662 3690 1760 3744 αὒ-

235 3773 319 3832 τθῖς
339 3774 557 3838 ἐξουσίαν
590 3781 770 3833 τέκνα
805 3779 941 3832 Θεοῦ
969 3780 1241 3848 γενέσθαι,
1273 3783 1383 3843 τοῖς
1411 3780 1760 3834 πιστεύουσιν

231 3861 296 3962 f’j‘
324 3865 371 3917 τδ
397 3867 552 3939 ὄνομα
580 3870 788 3924 αὑτοῦ·
816 3871 865 3923 οῖ
895 3871 993 3923 οὐκ
1021 3870 1079 3936 ἐξ
1112 3870 1377 3941 αἱμάτων,
1406 3872 1526 3924 οὐδὲ
1571 3872 1636 3924 ἐκ
1669 3869 1758 3922 θε-

443 3965 666 4032 σαρκὸς,
703 3963 826 4015 οὐδὲ
857 3963 923 4015 ὲκ
950 3963 1252 4033 θελήματος
1304 3963 1514 4034 ἀνδρὸς.
1551 3962 1664 4016 ἀλλ’
1696 3964 1762 4016 ὲκ

231 4037 338 4092 Θεοῦ
378 4045 762 4121 ἐγεννήθησαν.
785 4069 802 4100 ι
841 4051 1135 4122 Γεγένηται
1173 4051 1281 4122 γὰρ
1323 4051 1350 4103 6
1385 4053 1449 4105 ὲκ
1479 4052 1615 4106 Θεοῦ
1651 4055 1762 4106 Πα-

228 4129 328 4199 τρὸς
359 4138 515 4205 Λόγος
553 4143 684 4211 μεθ’
733 4141 890 4211 ἡμῶν
929 4142 1073 4195 κατὰ
1105 4141 1313 4214 σάρκα,
1348 4142 1434 4195 ἵνα
1467 4143 1558 4196 καὶ
1601 4145 1763 4214 ἡμεῖς

228 4218 304 4288 τὴν
326 4223 380 4274 ἐκ
403 4224 527 4279 Θεοῦ
567 4229 1122 4300 καταπλουτήσωμεν
1151 4219 1240 4283 διὰ
1282 4230 1591 4300 πνεύματος
1637 4230 1761 4299 γέν-

221 4325 356 4380 ἵησιν,
377 4319 552 4372 οὐκέτι
581 4318 799 4390 σαρκὸς
825 4318 1251 4391 χρηματίζοντες
1269 4321 1460 4383 τέκνα,
1490 4339 1764 4392 μεταστοι-
1789 4312 1799 4319 ⁸

1857 3159 1950 3214 sed
1975 3171 2079 3210 non
2107 3157 2246 3210 citra
2274 3149 2651 3205 rationabilem
2676 3158 2900 3201 causam
2935 3148 3212 3208 receptum
3246 3156 3260 3191 :
3295 3152 3420 3206 par-

1859 3247 2100 3316 ticipavit
2137 3244 2280 3299 enim
2329 3255 2504 3298 carne
2536 3250 2588 3294 et
2633 3236 2896 3305 sanguine
2930 3233 2997 3299 ¹³,
3024 3240 3080 3286 et
3121 3230 3205 3284 his
3240 3231 3330 3296 qui
3365 3227 3417 3280 in

1857 3355 2020 3396 carne
2048 3345 2204 3396 erant
2241 3351 2306 3390 ac
2339 3332 2636 3402 sanguine,
2671 3331 2840 3384 frater
2881 3326 3017 3380 fuit:
3051 3337 3172 3378 nam
3213 3320 3259 3376 si
3295 3335 3419 3376 san-

1857 3433 2128 3488 ctificatur
2151 3429 2432 3484 nobiscum
2457 3440 2562 3495 qua
2614 3424 2792 3477 factus
2828 3427 2912 3474 est
2958 3419 3142 3482 homo,
3175 3412 3424 3484 quamvis

1858 3533 2048 3578 natura
2091 3522 2234 3575 Deus
2279 3526 2461 3580 esset,
2500 3524 2556 3568 et
2589 3513 2840 3583 spiritum
2892 3511 3005 3580 ipse
3039 3507 3214 3571 daret,
3245 3519 3344 3560 cur
3376 3504 3422 3557 si

1859 3623 2078 3669 vocetur
2118 3613 2279 3666 etiam
2334 3608 2519 3672 frater,
2579 3605 2802 3659 minime
2859 3601 3116 3656 decenter
3181 3597 3416 3657 dicatur,

1860 3721 1980 3760 cum
2012 3707 2111 3759 hac
2141 3705 2206 3756 de
2229 3715 2388 3771 causa
2429 3698 2606 3751 fartus
2644 3696 2718 3750 sit
2765 3693 2936 3747 nostri
2975 3689 3194 3755 similis,
3232 3697 3294 3741 ut
3324 3680 3435 3740 nos

1861 3797 2057 3852 fratres
2098 3810 2162 3849 ac
2206 3794 2406 3854 liberos
2456 3785 2734 3844 efﬁceret?
2783 3802 2801 3835 ι
2835 3783 3112 3850 Quotquot
3163 3778 3308 3832 enim
3346 3791 3428 3832 re-

1861 3893 2120 3954 ceperunt
2165 3897 2309 3946 eum,
2363 3879 2577 3948 inquit,
2617 3876 2763 3929 dedit
2803 3874 2886 3928 eis
2925 3876 3244 3954 potestatem
3291 3865 3433 3921 ﬁlios

1861 3944 1956 4033 Dei
2014 3975 2151 4036 fieri,
2203 3944 2700 4039 bisqui—credunt
2747 3965 2800 4017 in
2861 3961 3080 4016 nomine
3131 3944 3250 4024 citis
3287 3973 3302 4010 :
3335 3954 3432 4022 qni

1862 4083 1966 4122 non
2013 4081 2079 4120 ex
2132 4061 2508 4131 sanguinibus,
2559 4069 2734 4124 neque
2780 4068 2847 4107 ex
2893 4049 3168 4106 voluntate
3223 4045 3434 4110 carnis,

1862 4172 2038 4226 neque
2067 4170 2132 4210 ex
2166 4155 2445 4208 voluntate
2473 4148 2598 4210 viri,
2632 4146 2726 4201 sed
2770 4158 2837 4199 ex
2874 4143 2986 4197 Deo
3016 4137 3126 4195 nati
3162 4144 3288 4194 sunt
3319 4135 3384 4190 “.
3404 4153 3428 4185 ι

1863 4224 2059 4300 Natum
2093 4252 2174 4299 est
2213 4242 2356 4297 enim
2404 4238 2685 4293 nobiscum
2719 4231 3015 4290 secundum
3053 4242 3271 4284 carnem
3303 4224 3437 4281 illud.

1867 4355 1932 4394 ex
1970 4339 2080 4393 Deo
2129 4335 2291 4390 Patre
2347 4314 2616 4396 Verbum,
2661 4336 2722 4382 ut
2771 4339 2868 4380 nos
2912 4335 3129 4392 quoque
3172 4317 3319 4372 illam
3365 4329 3430 4370 ex

223 4405 478 4498 ἔεισὸμενοι
523 4411 583 4464 δὲ
625 4411 838 4480 μᾶλλον
886 4413 964 4475 είς
1001 4413 1068 4465 τὰ
1113 4413 1251 4483 ὑπὲρ
1285 4412 1466 4482 φύσιν,
1516 4412 1610 4466 καὶ
1660 4412 1767 4465 υἱοὶ

1875 4432 1984 4486 Deo
2025 4443 2121 4498 per
2153 4426 2404 4495 spiritum
2455 4420 2791 4475 natiuitatem
2828 4413 3173 4484 acquiramus
3206 4424 3222 4463 :
3258 4419 3438 4474 neque

345 4501 790 4592 ἕρηματίζοντες
821 4501 962 4553 κατὰ
993 4501 1168 4571 χάριν.
1194 4501 1401 4569 Γέγονε
1434 4500 1542 4571 γὰρ
1583 4500 1656 4564 ὡς
1687 4495 1766 4565 εἷς

216 4586 258 4644 εξ
279 4586 432 4653 ἡμῶν,
457 4593 488 4643 6
517 4591 675 4644 κατὰ
723 4591 882 4658 φύσιν
913 4593 1003 4645 καὶ
1043 4592 1259 4664 ἀληθῶς
1285 4592 1413 4655 Υἱὸς
1450 4591 1766 4662 μονογενὴς,

295 4678 519 4774 ἀψεοδὴς
541 4685 572 4736 ὁ
611 4681 784 4748 λόγος
803 4697 818 4711 ·
846 4680 1176 4735 πιστώσεται
1201 4682 1256 4734 δὲ
1285 4681 1420 4752 πρὸς
1446 4682 1600 4735 τοῦτο
1623 4683 1770 4753 ἡμᾶς

214 4765 518 4834 Haedum;
555 4773 808 4836 Παῦλος,
833 4772 930 4826 ὡδί
962 4791 1062 4826 που
1093 4773 1265 4840 λέγων
1284 4787 1298 4800 ⁸
1338 4794 1356 4826 ι
1383 4774 1504 4826 ’Ότι
1548 4774 1606 4827 δέ
1647 4777 1770 4827 ἐστε

211 4853 305 4956 viai,
334 4862 742 4956 sia-neoteth
768 4866 796 4916 6
827 4866 958 4929 Θεὸς
988 4865 1046 4921 τὸ
1070 4867 1294 4937 Πνεῦμα
1323 4866 1416 4919 τοῦ
1444 4865 1575 4919 Υίοῦ
1605 4866 1770 4920 αὐτοῦ

305 4953 394 5048 τας
425 4951 676 5026 καρδίαξ
715 4957 887 5026 ὑμῶν,
939 4957 1160 5028 κράζον,
1211 4958 1409 5018 Ἀϐϐἄ,
1453 4961 1480 5011 ὁ
1511 4960 1719 5030 Πατήρ.
1747 4977 1766 5011 ι

278 5043 437 5136 τοίνυν
467 5047 768 5118 amatam
802 5049 899 5118 τῆς
926 5050 1236 5119 οἰκονομίας
1271 5051 1332 5103 τὸ
1386 5051 1568 5115 σοφὸν,
1599 5051 1679 5114 είς
1710 5051 1772 5103 τὸ

639 5137 725 5208 τῷ
773 5140 946 5192 δέοντι
993 5141 1321 5209 πεποιῆσθαι
1351 5142 1549 5207 δοκεῖν,
1591 5141 1681 5194 διά
1713 5158 1774 5210 γε

208 5222 510 5321 τον-λεγειν,
535 5227 641 5295 Μὴ
691 5228 914 5296 σπέρμα
949 5225 1041 5278 τοῦ
1075 5226 1326 5296 Ἀϐραὰμ
1355 5229 1388 5296 ἡ
1423 5227 1638 5295 θεότης;
1685 5228 1774 5295 Μὴ

204 5309 255 5404 ξῇ
278 5309 486 5404 θεοτητι
519 5317 697 5378 τινὰς
724 5315 881 5386 ἔσχεν
911 5317 1169 5385 ἀδελφοὺς
1199 5319 1442 5381 ἐοικότας
1467 5337 1480 5384 ;
1508 5314 1653 5388 'Apa
1677 5319 1777 5370 οὑκ

201 5402 409 5475 ένίρῖήῖ
440 5407 784 5476 ἀποπληξίαι
811 5407 966 5461 τδῦτά
993 5425 1090 5476 γε;
1121 5409 1195 5462 Τὸ
1219 5409 1347 5484 ,γὰρ
1373 5410 1616 5472 ἐκτόπως
1645 5410 1776 5462 ἀνα-

1867 4523 1980 4592 jam
2022 4519 2202 4576 carnis
2249 4515 2342 4569 filii
2379 4505 2586 4577 simus,
2623 4510 2718 4564 sed
2755 4509 2807 4561 in
2845 4509 2914 4568 ;ea
2961 4516 3081 4570 qua:
3121 4512 3284 4567 supra
3335 4510 3434 4548 nu

1871 4587 2046 4667 turam
2102 4616 2228 4663 sunt
2275 4605 2652 4664 immutemur,
2700 4607 2756 4651 et
2797 4595 2889 4648 lilii
2931 4593 3023 4646 Dei
3069 4605 3164 4660 per
3205 4587 3436 4657 gratiam

1871 4706 2080 4759 simus:
2108 4699 2282 4753 factus
2307 4704 2389 4750 est
2417 4692 2560 4748 enim
2594 4699 2654 4744 ut
2685 4701 2824 4742 unus
2849 4701 2880 4740 e
2908 4683 3089 4746 nobis,
3123 4679 3213 4733 ille
3241 4690 3438 4732 secum

1871 4796 1997 4850 dum
2017 4800 2264 4845 naturam
2293 4801 2358 4839 ac
2381 4798 2508 4838 vere
2527 4781 2696 4834 Filius
2730 4775 3048 4845 unigenitus
3086 4789 3106 4826 :
3147 4767 3291 4838 quod
3312 4779 3438 4820 cum

1875 4882 2154 4940 verissime
2187 4880 2417 4940 dicatur,
2448 4875 2605 4928 fidem
2642 4879 2902 4941 praeterea
2936 4864 3092 4920 nobis
3131 4859 3260 4914 facit
3304 4858 3429 4910 beaa

1880 4990 1967 5033 tus
1994 4971 2190 5030 Paulus
2219 4971 2303 5024 his
2331 4967 2442 5022 fere
2464 4964 2644 5020 verbis
2669 4976 2684 5015 :
2719 4979 2738 5011 ι
2775 4957 3053 5026 Quoniam
3093 4959 3276 5005 autem
3302 4942 3437 5000 estis

1879 5069 1996 5131 filii,
2020 5063 2168 5120 misit
2195 5060 2345 5116 Deus
2367 5058 2628 5126 Spiritum
2671 5052 2788 5107 Filii
2821 5049 2904 5104 sui
2928 5048 2980 5101 in
3030 5041 3197 5100 corda
3245 5047 3434 5094 nostra

1878 5128 2221 5215 clamantem,
2245 5151 2395 5206 Abba
2423 5149 2580 5202 Pater
2602 5144 2670 5200 ".
2703 5161 2722 5195 ι
2750 5140 2860 5196 Cur
2889 5136 3054 5207 igitur
3082 5128 3432 5202 sapientissi-

1880 5264 2020 5303 mam
2057 5242 2508 5314 dispensationem
2537 5250 2632 5305 per
2658 5235 2764 5287 vim
2791 5245 2856 5285 eo
2893 5229 3210 5295 detorques,
3249 5229 3310 5276 ut
3341 5219 3442 5273 mi-

1881 5353 1982 5393 nus
2003 5309 2254 5390 decenter
2279 5340 2442 5401 gesta-
2468 5341 2586 5382 esse
2609 5324 2877 5384 videatur,
2918 5319 3047 5372 dum
3079 5314 3216 5370 dicis
3242 5331 3256 5366 :
3296 5309 3432 5364 Num

1882 5440 2064 5482 semen
2108 5430 2192 5474 est
2223 5399 2492 5472 Abraham
2528 5415 2645 5483 ipsa
2677 5408 2970 5466 divinitas?
3005 5421 3133 5461 num
3167 5403 3309 5458 ullos
3350 5399 3444 5452 ha~

260 5599 454 5663 ’Joan.
483 5625 620 5670 vm.
651 5610 744 5666 58.
822 5613 866 5646 ¹⁰
896 5609 1050 5668 Joan.
1073 5625 1182 5675 liv,
1209 5611 1262 5666 9.
1343 5612 1380 5642 "
1421 5609 1558 5666 Psal.
1589 5625 1700 5676 xxi,
1723 5609 1767 5662 ΞΣ

1893 5607 1932 5640 ⁸³
1964 5603 2125 5662 Hebr.
2152 5617 2210 5664 tt,
2239 5599 2334 5663 ll,
2365 5595 2450 5650 ιε.
2529 5594 2571 5626 ¹³
2605 5591 2734 5648 ibid.
2766 5588 2832 5647 M
2928 5587 2971 5622 "‘
3000 5584 3152 5644 Joan.
3179 5599 3218 5650 t,
3245 5574 3328 5646 ιτ,
3355 5581 3446 5640 15.

203 5674 234 5704 ⁵⁸
266 5677 437 5732 Galat.
466 5695 544 5739 tv,
576 5680 641 5731 li.
