4004 6202
502 356 603 409 1‘2?

1485 353 1543 409 S.
1581 352 1863 409 CYRILLI
1901 347 2366 406 ALEXANDRINI
2407 347 2724 406 ABCHIEP.

3639 347 3738 401 1‘28

501 473 614 524 huit
641 469 835 522 fratres
858 465 1160 524 divinitatis
1189 466 1434 522 similes?
1463 467 1656 523 Annon
1692 469 1744 522 id
1775 478 1927 524 certe
1957 477 2074 524 stn-

2178 465 2561 530 πυνθάνεσθαι,
2594 465 2686 518 καὶ
2713 465 3066 534 ἀποκομίζειν
3097 467 3174 528 εἰς
3199 463 3526 533 δυσφημίας,
3556 460 3625 514 τά
3651 463 3738 514 οὔ·

498 579 643 648 poris
676 587 756 631 est
803 577 1166 644 apertissimi?
1200 577 1330 631 Nam
1388 579 1574 648 inepte
1619 580 1978 649 interrogare,
2013 589 2068 636 et

497 672 632 724 adeo
667 679 808 724 recta
835 679 889 722 et
925 670 1133 738 integra
1181 670 1456 737 dogmata,
1488 671 1630 738 quod
1674 672 1740 724 ad
1791 671 2070 739 dispensa-

500 762 662 814 tionis
708 761 972 813 rationem
1019 761 1068 812 in
1099 760 1317 813 Christo
1357 760 1758 823 intelligendam
1802 757 2072 830 pertinet,

495 856 562 907 ad
617 854 980 922 blasphemias
1025 856 1369 922 detorquere,
1419 855 1548 922 quid
1596 855 1744 909 aliud
1786 865 2065 923 estquam

497 961 720 1000 summa:
749 946 1001 998 amentiae
1029 945 1454 998 demonstratio?
1495 944 1878 998 Certissimum
1910 945 2067 1013 quip-

499 1050 564 1102 pe
598 1045 702 1099 est,
739 1035 865 1087 illud
894 1034 984 1086 Dei
1016 1035 1195 1087 Patris
1224 1035 1480 1098 Verbum,
1531 1033 1672 1102 quod
1705 1034 1770 1087 ad
1815 1043 2066 1087 naturam

498 1127 766 1195 corporis,
809 1127 923 1177 sive
955 1124 1311 1177 humanitatis
1347 1123 1601 1192 perfecta:
1642 1124 1903 1177 rationem
1949 1125 2070 1177 atti-

504 1226 618 1278 net,
652 1215 850 1268 factum
887 1229 1005 1268 esse
1029 1213 1200 1268 nostri
1234 1213 1430 1276 simile,
1462 1223 1516 1266 et
1547 1229 1642 1282 per
1669 1213 1848 1266 omnia
1886 1213 2069 1267 nobis-

497 1321 643 1372 cum,
673 1321 779 1359 uno
809 1315 1035 1373 excepto
1079 1312 1319 1374 peccato,
1355 1305 1700 1358 convenisse.
1741 1303 1844 1357 Sed
1881 1318 2068 1372 rogare

499 1397 629 1451 libet
651 1412 771 1450 enm
806 1399 897 1465 qui
924 1396 1100 1450 dixit:
1131 1396 1264 1448 Num
1296 1395 1394 1448 Dei
1427 1381 1663 1450 Verbum
1708 1395 1845 1449 ullos
1879 1380 2069 1448 habuit

497 1485 693 1538 fratres
717 1485 988 1538 divinitati
1041 1483 1294 1538 similes?
1321 1484 1579 1552 quidnam
1610 1499 1792 1538 secum
1832 1484 1946 1553 ipse
1987 1498 2072 1538 co-

497 1572 674 1640 gitans
704 1572 894 1626 beatus
921 1571 1120 1626 Paulus
1146 1572 1365 1639 scripsit
1411 1573 1478 1624 ad
1516 1572 1773 1640 quosdam
1803 1589 1816 1624 :
1855 1589 1873 1621 α
1906 1569 2071 1625 Filio-

497 1662 556 1724 li,
582 1677 717 1730 quos
740 1662 934 1716 iterum
965 1663 1227 1731 parturio,
1247 1663 1418 1716 donec
1444 1663 1696 1716 Cbrisms
1725 1660 1988 1715 formetur
2015 1663 2065 1715 in

500 1753 653 1805 vobis
684 1752 747 1807 ".
781 1771 798 1803 ι
821 1753 964 1818 Quin
999 1753 1160 1805 etiam
1189 1751 1313 1806 alibi
1339 1752 1648 1806 hominibus
1668 1753 1755 1821 qui
1792 1768 1886 1822 per
1910 1751 2066 1806 (idem

2166 574 2274 619 τως
2317 556 2453 628 ὀρθὰ
2495 557 2590 608 καὶ
2633 556 2950 625 ἀμωμήτως
2982 555 3202 625 ἔχοντα,
3237 554 3376 606 κατά
3407 569 3472 620 γε
3508 550 3602 604 τὸν
3643 553 3740 616 τῆς

2166 649 2225 700 ἐν
2264 646 2484 717 Χριστῷ
2531 646 2828 716 νοουμένης
2888 647 3198 716 οἰκονομίας
3235 645 3412 712 λόγον,
3461 645 3511 696 τί
3558 643 3743 715 ἕτερόν

2167 740 2332 799 ἐστιν,
2361 737 2392 808 ἢ
2420 741 2519 808 τῆς
2560 737 2785 790 ἁπασῶν
2827 737 3059 807 ἐσχάτης
3103 736 3497 806 ἐμϐροντησίας
3525 734 3741 788 ἀπόδει-

2168 831 2283 895 ξις;
2322 829 2799 899 Ὀμολογουμένως
2850 829 2948 898 μὲν
2997 828 3125 897 γὰρ,
3163 829 3302 880 κατὰ
3349 827 3446 894 τὴν
3488 825 3581 878 τοῦ
3637 825 3742 878 σώ-

2171 938 2339 990 ματος
2373 920 2556 988 φύσιν,
2589 921 2704 990 ἦτοι
2742 921 2832 972 τὸν
2861 923 2959 989 τῆς
2990 919 3410 988 ἀνθρωπότητος
3443 918 3618 985 λόγον,
3652 935 3741 970 τε-

2166 1010 2326 1074 λείως
2370 999 2598 1080 ἐχούσης
2645 1011 2729 1079 ἐφ’
2767 1011 2964 1080 ἐαυτῇ,
3013 1009 3233 1077 γέγονεν
3275 1011 3406 1078 ἡμῖν
3454 1007 3744 1078 παραπλήα

2169 1117 2306 1164 σιος,
2337 1103 2429 1153 καὶ
2459 1099 2598 1152 κατὰ
2629 1101 2746 1152 πᾶν-
2760 1099 2938 1152 ὁτιοῦν
2965 1098 3178 1160 ἐοικὼς,
3208 1099 3330 1168 δίχα
3365 1099 3529 1168 μόνης
3560 1100 3742 1168 ἁμαρ-

2165 1189 2286 1254 τίας
2311 1191 2339 1242 6
2373 1192 2436 1242 ἐκ
2467 1189 2602 1242 Θεοῦ
2632 1190 2846 1261 Πατρὺς
2875 1189 3064 1257 Λόγος.
3103 1190 3405 1260 Ἐρήσομαι
3439 1188 3495 1241 δέ
3532 1189 3624 1259 τὸν
3658 1188 3744 1240 λέ-

2167 1299 2353 1349 γοντα,
2372 1281 2464 1351 Μὴ
2489 1284 2553 1351 τῇ
2583 1280 2796 1350 θεότητι
2825 1280 2975 1342 τινὰς
3005 1281 3033 1331 6
3053 1279 3186 1343 Θεὸς
3213 1281 3384 1348 Λόγος
3410 1279 3567 1349 ἔσχεν
3595 1279 3745 1332 ἀδελ-

2171 1372 2305 1439 φοὺς
2347 1371 2624 1435 ἐοικότας;
2656 1370 2708 1422 τί
2739 1370 2802 1440 δὴ
2837 1370 2946 1440 ἄρα
2983 1369 3105 1423 καθ’
3133 1371 3325 1423 ἐαυτὸν
3354 1369 3680 1439 ἐννενοηκὼς
3716 1371 3745 1420 6

2171 1459 2460 1529 ἱερώτατος
2500 1460 2728 1526 Παῦλος,
2765 1460 3010 1531 γέγραφέ
3047 1478 3176 1522 τισι,
3220 1479 3236 1511 ι
3266 1461 3486 1522 Τεκνία,
3519 1459 3612 1521 οὒς
3643 1461 3747 1512 πά-

2167 1551 2250 1606 λιν
2296 1553 2488 1616 ὠδίνω,
2537 1553 2693 1624 ἄχρις
2737 1547 2797 1606 οὗ
2851 1552 3109 1622 μορφωθῇ
3161 1551 3396 1622 Χριστὸς
3443 1553 3499 1604 ἐν
3547 1551 3738 1621 ὑμῖν.»

2168 1645 2279 1697 Καὶ
2331 1643 2436 1714 μὴν
2471 1643 2566 1696 καὶ
2609 1643 2834 1713 ἑτέρωθι
2881 1644 2994 1704 τοῖς
3042 1642 3131 1695 διὰ
3183 1642 3418 1704 πίστεως
3453 1641 3740 1710 τελειωμέο

2168 1753 2278 1798 νοις
2326 1737 2385 1788 ἐν
2435 1736 2722 1805 πνεύματι,
2757 1754 2774 1785 ι
2797 1735 2987 1804 Ἡμεῖς
3017 1735 3074 1787 δὲ
3107 1733 3308 1796 πάντες
3361 1733 3746 1802 ἀνακεκαλυμ-

500 1841 602 1909 71
623 1840 1038 1909 perﬁciebantur
1057 1841 1108 1893 in
1130 1839 1320 1906 spiritu
1344 1858 1356 1892 :
1383 1857 1401 1889 ι
1433 1839 1537 1894 Nos
1560 1855 1688 1894 vero
1707 1821 1896 1894 omnes
1915 1855 2068 1894 reve-

2177 1828 2320 1896 μένῳ
2348 1825 2621 1897 προσώπῳ
2656 1826 2752 1896 τὴν
2797 1826 2952 1892 δόξαν
2995 1825 3195 1897 Κυρίου
3230 1823 3746 1894 κατοπτριζόμενοι,

497 1931 604 1984 lata
638 1930 776 1985 facie
808 1931 1030 2001 gloriam
1072 1930 1281 1984 Domini
1319 1931 1758 2000 speculantes,in
1784 1931 1901 1999 ejus
1938 1931 2072 1984 ima-

497 2021 674 2089 ginem
707 2022 1158 2076 transiormamnr
1187 2039 1216 2075 a
1245 2022 1488 2076 claritate
1510 2023 1562 2075 in
1598 2023 1921 2087 claritatem,
1955 2031 2074 2075 tan-

496 2129 659 2182 quam
705 2129 734 2166 a
785 2112 997 2167 Domini
1049 2115 1263 2180 spiritu.
1314 2115 1570 2168 Dominus
1621 2124 1800 2169 autem
1847 2116 2074 2181 spiritus

498 2209 626 2255 est:
668 2203 756 2256 ubi
788 2212 969 2256 autem
1006 2205 1226 2272 spiritus
1277 2204 1508 2270 Domini,
1557 2206 1629 2258 ibi
1679 2206 1901 2259 libertas
1947 2207 2012 2260 "’.
2049 2226 2067 2257 ι

499 2289 636 2343 Num
675 2291 839 2360 igitur
872 2293 984 2346 haec
1019 2293 1152 2346 dicit
1180 2293 1388 2348 Calatis
1423 2305 1675 2363 tanquam
1707 2311 1982 2364 corporcm
2013 2297 2076 2349 li-

499 2380 721 2434 bertalis
754 2380 958 2436 formas
991 2397 1098 2436 non
1135 2383 1452 2438 habentibus
1480 2384 1554 2438 illi
1584 2401 1649 2440 cx
1681 2389 1884 2442 semine
1910 2387 2074 2441 David

499 2469 792 2523 secundum
841 2486 1060 2525 carnem
1097 2472 1323 2536 similes,
1372 2474 1559 2528 illosve
1609 2478 1859 2542 parturit,
1905 2486 1963 2529 ut
2022 2478 2076 2530 in

499 2560 632 2628 ipsis
660 2558 1056 2629 Quodammodo
1101 2565 1361 2632 ﬁguretur
1392 2573 1447 2618 et
1477 2564 1742 2632 elligietnr
1776 2567 2075 2620 secundum

499 2667 717 2706 carnem
740 2653 1034 2708 Christus?
1065 2657 1226 2725 Atqui
1253 2659 1524 2727 quomodo
1549 2673 1652 2711 nou
1684 2659 1860 2727 quivis
1886 2659 2078 2728 opinor

499 2754 556 2797 et
587 2745 709 2800 sine
733 2746 898 2800 dubio
923 2747 1089 2812 dicat,
1132 2749 1442 2803 conlormes
1475 2749 1575 2804 sibi
1622 2750 1766 2803 inter
1799 2765 1857 2805 se
1893 2766 2081 2806 omnes

471 2851 622 2907 esse
651 2836 743 2906 qui
775 2846 899 2891 sunt
931 2840 982 2892 in
1017 2841 1200 2902 terris,
1225 2849 1280 2894 et
1329 2841 1428 2908 ipsi
1461 2856 1674 2910 quoque
1709 2841 1945 2907 Christo,
1975 2859 2082 2912 qua

438 2921 441 2928 ’
504 2926 677 2979 nostri
727 2927 922 2981 similis
975 2928 1166 2992 homo,
1223 2939 1280 2984 et
1334 2930 1612 2983 nobiscum
1670 2931 2084 2986 consideratur?

499 3015 685 3083 Qualis
700 3032 829 3088 ergo
844 3018 1092 3087 eliigiatio
1107 3021 1159 3073 in
1179 3020 1284 3074 illis
1299 3021 1612 3090 exigebatur
1625 3020 1842 3076 Christo
1857 3022 2085 3077 similis?

498 3113 876 3178 autquomodo
900 3126 997 3166 nos
1020 3127 1048 3164 a
1073 3111 1322 3166 claritate
1338 3111 1389 3164 in
1410 3113 1711 3165 claritatem
1733 3112 2085 3167 transforma-

2151 1918 2270 1997 ,τὴν
2299 1916 2460 1969 αὑτοῦ
2485 1916 2668 1969 εἰκόνα
2700 1916 2811 1985 (9.0)
2843 1913 3340 1984 μεταμορφούμεθα
3363 1913 3470 1965 ἀπὸ
3492 1911 3646 1980 δόξης
3667 1913 3749 1973 εἰς

2171 2003 2349 2070 δόξαν,
2384 2005 2632 2074 καθάπερ
2663 2004 2771 2057 ἀπὸ
2789 2003 2994 2072 Κυρίου
3029 2001 3366 2073 πνεύματος·
3395 2004 3424 2055 6
3454 2003 3511 2055 δέ
3542 2002 3752 2072 Κύριος

2171 2097 2232 2148 τὸ
2263 2097 2476 2165 πνεῦμά
2496 2098 2642 2149 ἐστιν
2660 2113 2674 2126 ·
2701 2091 2761 2150 οὗ
2787 2097 2842 2148 δὲ
2867 2096 2926 2148 τὸ
2957 2094 3174 2164 πνεῦμα
3198 2095 3427 2164 Κυρίου,
3459 2095 3576 2147 ἐκεῖ
3598 2093 3753 2145 ἐλευ-

2173 2185 2348 2256 θερία.
2372 2182 2522 2256 »Ἆρ’
2551 2183 2644 2239 οὖν
2680 2187 2755 2248 ὡς
2795 2186 2892 2237 οὐκ
2925 2184 3104 2254 ἔχουσι
3129 2184 3396 2246 Γαλάταις
3427 2185 3524 2252 τῆς
3562 2199 3752 2252 σωμα-

2172 2276 2330 2344 τικῆς
2368 2275 2677 2347 ἐλευθερίας
2706 2277 2833 2338 τοὺς
2861 2274 3086 2336 τύπους,
3107 2274 3243 2344 πρὸς
3268 2272 3327 2326 τὸ
3353 2275 3415 2326 ἐκ
3441 2274 3754 2342 σπέρματος

2174 2366 2339 2418 Δαόἰδ
2388 2365 2526 2418 κατὰ
2581 2366 2780 2434 σάρκα,
2812 2365 2878 2418 τὰ
2925 2365 3101 2417 τοιάδε
3158 2363 3357 2434 φησίν·
3398 2363 3644 2416 άνωδίνει
3693 2363 3752 2414 δὲ

2175 2457 2394 2522 αὐτοὺς,
2419 2457 2484 2508 ἵν’
2505 2456 2892 2526 ἐγχαράττοιτό
2919 2472 3036 2516 πως
3059 2455 3263 2517 αὐτοῖς,
3287 2455 3378 2509 καὶ
3397 2455 3753 2525 διαμορφοῖτο

2176 2547 2319 2602 κατὰ
2349 2546 2526 2616 σάρκα
2548 2545 2780 2614 Χριστός
2801 2561 2815 2608 ;
2851 2541 3040 2597 Καίτοι
3072 2544 3187 2607 πῶς
3206 2546 3301 2613 οὐχ
3327 2544 3467 2604 ἄπας
3486 2561 3568 2604 τις
3590 2539 3746 2612 οἴμαι

2177 2639 2273 2692 καὶ
2297 2637 2683 2706 ἀναμφιλόγως
2706 2636 2840 2706 ἐρεῖ,
2865 2653 2926 2687 συ
2935 2629 3217 2705 μμόρςρους
3236 2634 3479 2702 ἀλλήλοις
3501 2632 3750 2694 ἅπαντας

2179 2725 2318 2782 εἶναι
2341 2729 2466 2789 τοὺς
2495 2727 2588 2779 ἐπὶ
2616 2729 2715 2796 τῆς
2738 2726 2858 2795 γῆς,
2877 2725 2969 2777 καὶ
2996 2723 3142 2788 αύτῷ
3165 2723 3220 2774 δὲ
3241 2721 3319 2791 τῷ
3343 2719 3582 2791 Χριστῷ,
3611 2719 3754 2772 καθὸ

2180 2822 2380 2873 νοεῖται
2413 2818 2533 2871 καθ’
2555 2819 2701 2888 ἡμᾶς
2732 2815 3034 2882 ἄνθρωπος,
3067 2811 3350 2881 ἄνθρωπός
3397 2811 3507 2881 [ῑσ.
3539 2809 3748 2879 παρέλ-

2181 2909 2288 2982 κει]
2325 2927 2382 2962 τε
2412 2909 2503 2962 καὶ
2539 2906 2656 2976 μεθ’
2691 2905 2875 2974 ήμῶν;
2924 2902 3057 2955 Ποία
3087 2903 3150 2972 δὴ
3197 2897 3288 2954 οὗν
3318 2902 3375 2954 ἐν
3409 2901 3638 2962 ἐκείνοις
3664 2899 3754 2964 ἐξ-

2181 3004 2360 3074 ῃτεῖτο
2402 2999 2678 3068 μόρφωσις
2705 2996 2737 3065 ἡ
2770 2995 2906 3063 πρός
2934 3011 2994 3060 γε
3026 2995 3069 3045 Χ
3081 2992 3291 3062 pta-16v;
3320 2991 3352 3061 ἦ
3395 2989 3518 3042 τίνα
3553 2989 3756 3058 τρόπον

2183 3093 2343 3162 ἡμεῖς
2383 3089 2490 3141 ἀπὸ
2533 3088 2688 3158 δόξης
2717 3089 2794 3148 είς
2821 3084 2978 3148 δόξαν
3015 3080 3550 3154 μεταμορφούμεθα;
3587 3079 3754 3132 Ποίαν

501 3157 594 3164 --_-
612 3157 872 3178 Tm---“
901 3157 997 3166 ..η
1020 3157 1048 3164 _
1076 3157 1177 3166 ν.-.
1195 3157 1389 3166 .----..-
1413 3157 1710 3165 ν.--..----...
1734 3157 2054 3167 -.--.-.ν......

501 3200 773 3269 mur?qna
799 3200 982 3254 relicta
1003 3199 1198 3267 forma,
1220 3203 1452 3270 inquam
1474 3199 1962 3268 transﬁguramur?
1984 3201 2077 3256 Er-

2184 3157 2413 3250 άιρέντες
2445 3179 2679 3249 μορφὴν,
2713 3177 2792 3238 εἰς
2832 3175 2954 3227 τίνα
2993 3170 3579 3243 μεταστοιχειούμεθα;
3615 3169 3753 3221 Οὐκ-

501 3307 570 3361 go
602 3308 699 3346 nos
735 3292 954 3345 divinus
983 3291 1071 3344 ille
1095 3291 1284 3346 doctor
1311 3291 1562 3360 prodiens
1590 3291 1800 3356 doceat,
1839 3291 1928 3346 ille
1952 3293 2082 3346 divi-

502 3375 694 3437 norum
719 3383 972 3437 sacerdos
1003 3382 1406 3453 mysteriorum,
1443 3383 1531 3436 ille
1549 3384 1737 3436 doctor
1759 3383 1995 3451 gentium
2027 3383 2081 3436 in

505 3473 610 3526 [ille
637 3482 690 3527 et
713 3472 974 3526 veritate:
1005 3489 1022 3522 ι
1052 3472 1198 3536 Quos
1214 3472 1356 3524 enim
1378 3471 1556 3532 scivit,
1583 3470 1780 3538 inquit.
1801 3479 1852 3524 et
1882 3472 2084 3539 praede-

504 3563 725 3616 stinavit
755 3561 1057 3617 conlormes
1093 3560 1208 3614 ﬁeri
1241 3562 1488 3629 imaginis
1521 3560 1638 3615 Filii
1672 3563 1774 3623 sui,
1798 3563 1895 3616 hos
1918 3570 2083 3616 etvo—

502 3655 646 3708 cavit
673 3653 740 3708 ‘3.
762 3673 781 3706 ›
802 3652 966 3722 Ergo,
993 3662 1049 3705 ut
1067 3653 1266 3707 dudum
1293 3652 1425 3715 dixi,
1454 3666 1556 3720 qua
1587 3651 1760 3705 factus
1786 3661 1869 3706 est
1902 3653 2080 3720 homo,

505 3733 562 3800 et
600 3743 703 3799 fuit
740 3759 806 3798 ex
840 3742 1048 3798 semine
1073 3741 1368 3805 Abraham,
1403 3756 1590 3795 omnes
1623 3741 1698 3795 illi
1730 3756 1920 3795 sumus
1951 3756 2082 3794 con-

507 3836 729 3891 formes.
765 3835 966 3889 Omnes
1002 3833 1167 3904 igitur
1189 3848 1322 3901 quos
1351 3831 1514 3885 Pater
1543 3834 1810 3901 praescivit
1841 3833 2084 3888 homines

505 3927 595 3996 qui
619 3935 743 3980 sunt
775 3925 828 3978 in
863 3925 1043 3990 terris,
1078 3932 1130 3978 et
1153 3923 1573 3991 praedestinavit,
1602 3923 1705 3978 hos
1744 3939 1864 3978 cum
1895 3935 2081 3977 vocas-

504 4029 607 4084 set,
643 4018 1001 4074 sanctilicavit
1042 4025 1096 4070 et
1133 4016 1453 4086 gloriﬁcavit
1499 4036 1513 4071 :
1568 4025 1729 4084 atque
1758 4031 1861 4070 non
1896 4028 2085 4069 omnes

503 4109 867 4179 praedestinati
901 4117 1049 4174 sunt,
1100 4123 1207 4161 non
1242 4122 1430 4161 omnes
1466 4107 1787 4162 sanctiﬁcati
1840 4115 1934 4159 aut
1966 4105 2080 4173 glo-

507 4198 734 4264 riﬁcati;
763 4214 868 4252 non
899 4199 1059 4267 igitur
1088 4198 1191 4254 hoc
1224 4197 1398 4266 ipsum
1429 4198 1569 4265 quod
1594 4195 1731 4248 Filio
1758 4194 2071 4249 conlorma—

506 4288 721 4352 tnur,in
738 4288 851 4341 sola
871 4286 1188 4355 intelligitur
1219 4287 1398 4340 carnis
1416 4284 1834 4339 bnmanitatisve
1867 4292 2078 4346 natura,

503 4377 598 4432 sed
628 4377 734 4430 alio
760 4391 972 4446 quoque
1004 4377 1161 4430 modo
1187 4395 1200 4430 :
1235 4377 1393 4444 idque
1432 4376 1587 4429 nobis
1613 4374 1852 4428 declarat
1893 4375 2082 4428 beatus

504 4467 703 4522 l‘anlus
733 4483 854 4522 cum
889 4467 1065 4521 dixit:
1098 4484 1116 4517 ι
1153 4465 1220 4520 Ει
1247 4466 1387 4521 sicut
1421 4467 1755 4535 portavimus
1787 4465 2075 4533 imagine-In
2110 4489 2152 4544 ο

492 4561 726 4625 ierreni,
757 4570 1031 4629 portemus
1059 4569 1111 4614 et
1137 4559 1426 4627 imaginem
1457 4558 1692 4614 caelestis
1727 4559 1803 4623 ¹⁹;
1834 4577 1853 4611 ι
1878 4556 2076 4612 terreni

501 4646 754 4703 videlicet
779 4647 1065 4717 imaginem
1101 4647 1245 4700 illam
1281 4646 1439 4714 primi
1473 4645 1714 4713 parentis
1747 4643 1938 4706 Adam,
1962 4654 2078 4696 cm—

503 4740 658 4797 lestis
686 4751 885 4804 autem,
921 4740 1062 4794 illam
1094 4738 1293 4794 Christi
1332 4739 1661 4809 intelligens.
1705 4736 1965 4804 Quaenam
1993 4743 2078 4789 est

505 4836 668 4904 igitur
697 4834 845 4903 prior
873 4831 962 4887 illa
996 4831 1155 4900 primi
1187 4829 1425 4899 parentis
1455 4830 1671 4899 imago?
1704 4828 1955 4883 nimirum
1990 4825 2076 4878 fa-

505 4927 682 4980 cilitas
724 4924 809 4977 illa
852 4924 918 4977 ad
960 4922 1313 4991 peccandum,
1363 4919 1464 4974 hoc
1497 4923 1668 4986 ipsum
1719 4918 1858 4987 quod
1914 4917 2075 4971 morti

506 5018 945 5086 rorrnptinnique
968 5028 1153 5069 sumus
1179 5011 1418 5066 obnoxii.
1448 5011 1577 5077 Qtue
1610 5025 1796 5066 rursus
1829 5008 1915 5063 illa
1955 5021 2073 5061 caa-

508 5107 694 5162 lestis?
715 5107 859 5160 nullo
873 5106 1031 5160 modo
1045 5104 1237 5158 cedere
1254 5102 1418 5166 vitiis,
1440 5116 1546 5155 non
1568 5115 1726 5156 nosse
1743 5099 2075 5169 delinquere,

511 5211 614 5250 non
641 5211 760 5251 esse
785 5197 941 5252 morti
971 5207 1027 5251 et
1047 5193 1380 5262 corruptioni
1412 5191 1742 5261 subjectum,
1771 5189 2079 5245 sanctiﬁca-

2182 3273 2278 3328 οὖν
2306 3271 2603 3326 διδασκέτω
2639 3267 2926 3340 παρελθὼν
2965 3268 2993 3319 ὁ
3025 3266 3167 3328 θεῖος
3203 3265 3348 3335 ἡμᾶς
3377 3259 3752 3333 μυσταγωγὸς,

2182 3368 2211 3419 6
2239 3364 2348 3418 τῶν
2381 3364 2539 3417 θείων
2569 3361 2880 3432 μυστηρίων
2911 3358 3189 3430 ἱερουργός
3212 3375 3224 3388 ·
3259 3358 3287 3408 6
3309 3353 3624 3415 διδάσκαλος
3646 3352 3755 3405 τῶν

2184 3455 2353 3509 ἐθνῶν
2381 3455 2438 3506 ἐν
2460 3453 2639 3506 πίστει
2669 3453 2762 3505 xui.
2791 3450 3018 3521 ἀληθείᾳ
3040 3465 3054 3478 ο
3093 3467 3111 3499 ι
3141 3446 3248 3509 Οὓς
3276 3445 3385 3514 γὰρ
3414 3444 3572 3511 ἔγνω,
3593 3440 3752 3511 φησὶ,

2185 3548 2279 3600 xui.
2311 3544 2582 3618 προώρισε
2619 3543 2970 3614 συμμόρφους
3008 3541 3106 3609 τῆς
3143 3538 3347 3601 είκόνος
3374 3536 3466 3590 τοῦ
3498 3534 3627 3587 Υἱοῦ
3654 3534 3752 3586 αὐ·

2181 3637 2298 3699 τοῦ,
2329 3635 2545 3698 τούτους
2591 3635 2684 3688 καὶ
2729 3633 3003 3686 ἐκάλεσεν.
3035 3649 3053 3681 ι
3090 3628 3318 3690 Οὐκοῦν,
3347 3629 3422 3689 ὼς
3469 3626 3606 3696 ἔφην
3655 3626 3757 3696 ἀρ-

2182 3727 2334 3791 τίως,
2361 3725 2495 3779 καθὸ
2527 3725 2746 3793 γέγονεν
2773 3723 3073 3793 ἄνθρωπος,
3107 3722 3199 3774 κειί⁹
3228 3715 3295 3790 ἦν
3329 3720 3391 3771 ἐκ
3439 3719 3766 3787 σπέρματος

2197 3817 2466 3889 Ἀϐραὰμ,
2499 3815 2806 3885 σύμμορφοι
2837 3814 3035 3876 πάντες
3059 3812 3224 3882 ἐσμὲν
3253 3811 3400 3880 αὐτῷ
3418 3829 3431 3842 ·
3463 3811 3667 3870 πάντας
3688 3808 3756 3877 δὴ

2182 3904 2275 3963 οὖν
2319 3908 2430 3978 [Τσ.
2456 3905 2574 3978 οὓς]
2620 3907 2718 3958 καὶ
2761 3905 3009 3974 προέγνω
3053 3903 3179 3966 τοὺς
3221 3903 3312 3955 ἐπὶ
3359 3901 3458 3969 τῆς
3489 3901 3611 3969 γῆς,
3658 3901 3759 3952 xu‘t

2184 3999 2490 4070 προώρισεν
2517 3997 2545 4049 6
2585 3997 2792 4067 Πατὴρ,
2827 3996 3050 4058 τούτους
3085 3993 3387 4064 κεκληκὼς,
3421 3991 3615 4063 ἡγίασε
3659 3992 3758 4043 καὶ

2181 4090 2450 4156 ἐδόξασεν.
2469 4087 2632 4140 Ἀλλὰ
2657 4088 2762 4158 μὴν
2790 4088 2886 4157 οὐχ
2909 4087 3147 4149 ἅπαντες
3173 4083 3591 4155 προωρίσθησαν
3613 4099 3626 4113 ο
3653 4081 3753 4150 οὐχ

2184 4183 2421 4243 ἅπαντες
2452 4179 2816 4250 ἡγιάσθησαν,
2851 4179 2884 4248 ἢ
2920 4178 3284 4248 ἐδοξάσθησαν
3306 4192 3319 4207 ·
3353 4176 3454 4228 οὐκ
3502 4175 3606 4242 ἄρα
3657 4172 3758 4240 τῆς

2183 4273 2320 4342 πρὸς
2352 4271 2478 4324 Υίὸν
2521 4270 2868 4339 συμμορφίας
2914 4269 2974 4321 τὸ
3024 4271 3231 4339 χρῆμα,
3269 4266 3408 4319 κατὰ
3468 4265 3637 4334 μόνην
3689 4263 3761 4316 ἂν

2182 4365 2354 4416 νοοῖτο
2383 4361 2478 4430 τὴν
2509 4361 2606 4430 τῆς
2639 4360 2840 4430 σαρκὸς
2871 4359 3051 4428 φύσιν,
3088 4359 3252 4428 ἤγουν
3276 4358 3373 4426 τῆς
3404 4353 3760 4425 ἁνθρωπότη-

2182 4470 2294 4516 τος,
2326 4451 2460 4504 ἀλλὰ
2511 4451 2604 4504 καὶ
2654 4450 2774 4504 καθ’
2806 4451 2992 4520 ἕτερον
3030 4449 3254 4520 τρόπον’
3308 4449 3400 4500 καὶ
3443 4446 3600 4499 τοῦτο
3626 4447 3764 4515 ἡμῖν

2186 4545 2482 4615 παρίστησι
2507 4543 2680 4610 λέγων
2709 4545 2737 4596 6
2769 4545 3036 4613 μακάριος
3080 4541 3289 4600 Παῦλος
3311 4557 3322 4569 ·
3377 4559 3394 4587 α
3420 4539 3533 4592 Καὶ
3577 4537 3760 4600 καθὼς

2185 4633 2418 4703 ἐφορέσα
2427 4649 2525 4702 μεν
2546 4633 2645 4704 τὴν
2668 4632 2851 4684 εἰκόνα
2871 4630 2966 4684 τοῦ
2992 4631 3197 4700 χοϊκοῦ,
3219 4630 3520 4700 φορὲσομεν
3547 4629 3638 4679 καὶ
3659 4626 3766 4695 τὴν

2185 4723 2367 4777 εἰκόνα
2413 4722 2508 4775 τοῦ
2542 4723 2888 4792 ἐπουρανίου.
2922 4741 2940 4773 ι
2974 4720 3172 4774 Χοῖκοῦ
3211 4719 3308 4790 μὲν
3336 4719 3510 4785 λέγων
3552 4717 3754 4777 εἰκόνα,

2183 4816 2283 4885 τὴν
2311 4812 2403 4867 τοῦ
2445 4811 2787 4882 προπάτορος
2824 4809 2992 4880 ’Δδάμ
3013 4826 3027 4840 ⁸
3061 4810 3380 4879 ἐπουρανίου
3415 4824 3477 4874 γε
3509 4806 3632 4876 μὴν,
3659 4804 3764 4873 τὴν

2182 4908 2276 4961 τοῦ
2305 4904 2564 4976 Χριστοῦ.
2595 4903 2692 4965 Τίς
2721 4896 2815 4955 οὖν
2845 4901 3034 4972 πρώτη
3065 4901 3159 4954 τοῦ
3190 4900 3531 4971 προπάτορος
3560 4895 3757 4959 είκὼν;

2184 4998 2244 5052 τὺ
2269 4997 2587 5066 εὐπόριστον
2611 4996 2692 5059 εἰς
2715 4993 3016 5064 ἁμαρτίαν,
3043 4992 3103 5044 τὸ
3124 4991 3228 5044 ὑπὸ
3252 4991 3478 5043 θάνατον
3507 4986 3760 5055 γενέσθαι

2187 5088 2281 5142 καὶ
2307 5087 2533 5158 φθοράν.
2560 5085 2697 5138 Ποία
2715 5085 2771 5138 δέ
2799 5083 2961 5136 πάλιν
2990 5083 3024 5152 ἠ
3046 5081 3137 5134 τοῦ
3163 5081 3519 5150 ἐπουρανίου;
3548 5077 3607 5130 τὸ
3630 5077 3762 5128 κατ’

2185 5179 2376 5233 οὐδένα
2403 5176 2602 5250 τρόπον
2626 5174 2890 5246 ἡττᾶσθαι
2914 5171 3098 5227 παθῶν
3119 5189 3133 5203 θ
3156 5171 3218 5225 τὸ
3259 5169 3334 5242 μὴ
3355 5169 3551 5223 εἰδέναι
3576 5167 3761 5236 πλημ-

557 5368 601 5400 ¹⁸
622 5364 915 5431 Gal.tv,l9.
983 5370 1024 5400 "
1058 5367 1096 5420 Il
1131 5369 1254 5422 Cor.
1284 5381 1368 5429 Ill,
1399 5365 1600 5425 17,18.
1678 5364 1722 5395 ¹⁸
1749 5361 1904 5416 Rom.
1934 5366 2077 5424 vm,‘

2242 5359 2285 5390 ¹⁹
2314 5356 2333 5410 1
2361 5356 2487 5411 Cor.
2523 5369 2612 5416 xv,
2639 5353 2730 5410 49.

1768 5515 1925 5572 ANT.
1967 5514 2236 5570 AGELLII
2274 5511 2506 5569 ΝΟΤᾹΞ.

585 5655 694 5722 (‘20)
723 5654 890 5708 led.
925 5655 1032 5706 fore
1057 5655 1223 5707 Cra-ci
1252 5655 1382 5708 Novi
1409 5654 1732 5710 Testamenti
1757 5652 2092 5722 habentng

518 5721 689 5793 αὐτὴν
714 5725 896 5780 εἰκόνα
929 5724 1442 5794 μεταμορφούμεθα,
1473 5740 1578 5795 quo
1605 5724 1762 5780 modo
1795 5723 1955 5778 habet
1985 5721 2084 5776 La-

2201 5651 2308 5702 tina
2356 5644 2756 5717 interpretatio,
2807 5643 2860 5696 in
2892 5640 3123 5696 eamdem
3179 5641 3457 5710 imaginem
3503 5638 3758 5704 trariag'or-

2193 5735 2417 5773 mamur.
