4012 6212
249 241 332 298 129

1307 187 1668 292 Αυγιξιιευδ
1705 231 2106 290 ΝΕΒΤΟΒΙῸΜ
2150 233 2277 289 LIB.
2318 233 2408 290 lll.

3368 229 3468 281 150

250 363 435 432 μλείνο
482 354 542 410 τὸ
594 353 668 426 μὴ
714 354 1036 408 ὑποκεῖσθαι
1085 355 1300 426 θανάτῳ
1349 358 1444 409 καὶ
1489 355 1697 426 φθορᾷ·
1748 357 1774 408 6

1882 354 1979 433 tio,
2019 355 2260 424 justitia,
2289 365 2343 409 et
2392 353 2476 409 his
2507 354 2684 409 atlinia
2730 363 2906 425 atque
2933 354 3157 410 similia.
3195 355 3300 410 Sed
3347 358 3461 409 haec

249 447 500 518 ἁγιασμὸς,
537 447 568 516 ἡ
593 443 906 514 δικαιοσύνη
933 461 948 474 ·
983 446 1078 498 καὶ
1108 446 1208 498 ὅσα
1235 444 1444 508 τούτοις
1472 445 1677 511 ἀδελφά
1716 461 1776 496 τε

248 543 323 594 καὶ
347 536 695 609 παραπλήσια.
715 535 877 600 Ἀλλ’,
904 534 1081 606 οἶμαι,
1097 537 1252 590 ταυτὶ
1276 536 1549 608 πρέποιᾶν
1565 538 1632 606 τῇ
1660 535 1779 604 θείᾳ

249 653 295 689 τε
337 634 417 687 καὶ
442 630 696 700 ἁκηράτῳ
727 627 1123 697 διακεκτῆσθαι
1157 627 1337 695 φύσει.
1375 628 1637 695 Κρεῖττον
1667 627 1778 696 γάρ

251 724 444 779 ἐστικαὶ
468 722 737 792 ἁμαρτίας
766 718 859 771 καὶ
890 716 1120 787 φθορᾶς,
1151 716 1422 785 ἁγιασμὸς
1450 716 1546 769 καὶ
1569 716 1777 768 δικαιο-

255 811 659 884 σύνη.’Δναφέρει
692 809 751 862 δὲ
799 809 892 888 καὶ
943 809 1092 877 ἡμᾶς
1128 808 1187 859 ἐν
1219 806 1430 870 τούτοις
1474 807 1502 857 6
1544 806 1608 858 ὲκ
1641 803 1776 858 Θεοῦ

256 905 425 976 Πατρὸς
450 903 629 970 Λόγος,
667 904 764 970 τῆς
811 900 964 962 Θείας
1010 899 1205 952 ἑαυτοῦ
1234 899 1450 968 φύσεως
1490 900 1780 962 κοινωνοὺς

257 997 512 1066 ἀποφαίνων
534 994 618 1046 διὰ
653 991 748 1044 τοῦ
782 990 1093 1060 πνεύματος
1115 1006 1130 1020 ·
1167 989 1280 1059 ἔχει
1307 990 1490 1043 τοίνυν
1519 989 1778 1057 ἀδελφοὺς

260 1089 454 1147 ἐοικότας
483 1084 646 1154 αὐτῷ,
675 1082 772 1136 καὶ
797 1082 897 1151 τῆς
919 1081 1070 1144 θείας
1101 1081 1265 1134 αὐτοῦ
1307 1082 1524 1150 φύσεως
1553 1080 1779 1151 φοροῦν-

263 1195 338 1240 τας
359 1177 526 1240 εἰκόνα,
557 1174 699 1227 κατά
735 1189 800 1240 γε
829 1173 920 1225 τὸν
953 1172 1048 1224 τοῦ
1081 1173 1342 1241 ήγιάσθαι
1366 1173 1569 1242 τρόπον
1591 1189 1605 1204 ο
1637 1172 1779 1225 οὕτω

267 1269 352 1336 γὰρ
388 1268 435 1317 ἐν
473 1267 588 1334 ἡμῖν
628 1261 939 1332 μορφοῦται
971 1263 1204 1332 Χριστὸς
1249 1261 1778 1332 μεταστοιχειοῦντος

268 1359 412 1427 ὥσπερ
444 1358 570 1427 ἡμᾶς
599 1354 692 1408 τοῦ
724 1353 885 1420 ἁγίου
919 1351 1234 1422 Πνεύματος
1261 1355 1325 1405 ἐκ
1363 1351 1470 1404 τῶν
1499 1351 1777 1422 ἀνθρωπί-

271 1465 350 1499 νων
374 1451 437 1509 είς
457 1449 513 1499 τὰ
536 1445 724 1499 αὐτοῦ.
759 1443 943 1513 Ταύτῃ
971 1461 1051 1496 τοι
1080 1445 1173 1496 κα)⁸
1201 1443 1337 1514 πρὸς
1364 1445 1508 1512 ἡμᾶς
1545 1443 1572 1494 6
1602 1443 1779 1512 μακά-

275 1554 361 1607 ριος
387 1537 470 1605 ἔφη
500 1536 698 1598 Παῦλος
725 1552 740 1565 ο
801 1553 818 1584 ι
841 1535 1030 1602 Ὑμεῖς
1054 1534 1132 1598 δὲ,
1167 1533 1268 1586 οὐκ
1311 1534 1435 1586 ἐστὲ
1483 1535 1542 1586 ἐν
1593 1533 1776 1603 σαρκὶ,

274 1630 427 1680 ἐν
471 1628 742 1696 πνεύματι.
775 1643 794 1675 ι
835 1622 1048 1678 Οὐκοῦν
1103 1623 1404 1694 μεθίστησιν
1433 1624 1530 1694 μὲν
1577 1627 1605 1677 ὁ
1649 1624 1778 1688 Υἱὸς

1883 456 1998 496 mea
2031 443 2301 496 sententia
2335 441 2634 509 possidere,
2674 443 2868 497 divinae
2898 445 3146 499 convenit
3181 443 3460 496 immorta-

1882 532 2026 599 lique
2063 541 2266 585 natura:
2311 548 2326 584 :
2368 540 2452 586 est
2473 533 2617 592 enim
2655 531 2742 584 illa
2796 542 3015 600 peccato
3062 545 3226 600 atque
3268 547 3461 586 corru-

1880 625 2063 692 ptione
2086 625 2353 692 superior,
2379 624 2736 678 sanctificatio
2763 625 2889 678 item
2914 635 2963 678 et
2983 625 3212 691 iustitia.
3237 625 3318 677 Ad
3345 625 3459 677 hwc

1879 725 2061 767 autem
2126 729 2226 769 nos
2292 715 2397 783 72
2452 715 2614 768 etiam
2659 714 2857 767 attollit
2920 715 3093 782 ipsum
3145 714 3238 768 Dei
3287 714 3463 769 Patris

1881 802 2136 866 Verbum,
2164 806 2289 857 dum
2322 820 2430 858 suae
2461 803 2656 857 divina:
2695 816 2899 859 natura:
2927 820 3022 874 per
3049 805 3292 873 spiritum
3331 820 3460 874 par-

1883 894 2078 964 ticipes
2116 893 2280 948 etIicit
2317 913 2330 948 :
2381 895 2542 949 habet
2573 909 2702 965 ergo
2745 895 3086 949 fratres-sibi
3132 896 3358 959 similes,
3404 904 3460 950 et

1877 985 2072 1040 divina:
2115 1002 2229 1042 suae
2277 998 2480 1041 natura:
2525 999 2806 1058 portantes
2852 988 3162 1057 imaginem,
3215 989 3356 1056 quod
3393 989 3458 1040 ad

1877 1078 2324 1132 sanctificationis
2357 1080 2806 1134 modumattiuet.
2841 1078 2931 1134 Sic
2957 1094 3186 1147 namque
3215 1079 3462 1133 Christus

1879 1170 2145 1225 formatur
2176 1171 2226 1224 in
2261 1172 2414 1224 nobis
2445 1171 2846 1239 dum-Spiritus
2883 1181 3104 1226 sanctus
3136 1186 3234 1226 nos
3265 1172 3330 1225 ab
3357 1171 3462 1224 huc

1878 1262 2053 1316 manis
2099 1261 2166 1314 ad
2216 1277 2311 1315 sua
2357 1263 2572 1330 propria
2625 1261 3020 1332 quodammodo
3089 1263 3492 1316 transformat.’

1879 1351 1990 1405 llac
2016 1352 2225 1406 ratione
2254 1367 2348 1406 nos
2377 1368 2592 1421 quoque
2619 1355 2807 1407 beatus
2828 1351 3128 1438 Paulus|est
3156 1353 3456 1421 allocutus:

1884 1462 1902 1494 ι
1943 1442 2050 1497 Vos
2079 1454 2258 1496 autem
2293 1460 2394 1496 non
2419 1445 2553 1497 estis
2584 1445 2635 1497 iu
2667 1459 2848 1507 carne,
2895 1445 2987 1498 sed
3020 1446 3070 1498 iu
3104 1445 3294 1512 spiritu
3330 1446 3394 1498 ’°.
3435 1461 3454 1495 ι

1878 1532 2022 1588 Nihil
2055 1550 2182 1604 ergo
2208 1550 2430 1603 prorsus
2451 1551 2482 1589 e
2507 1538 2708 1590 creatis
2734 1537 2896 1591 rebus
2923 1538 2988 1589 ad
3021 1553 3130 1589 suae
3161 1537 3458 1590 divinitatis

1879 1633 2126 1679 naturam
2167 1625 2335 1679 Filius
2368 1626 2648 1691 transfert,
2685 1628 2735 1680 id
2780 1628 2923 1680 enim
2959 1637 3040 1682 est
3088 1629 3455 1693 impossibile;

275 1717 387 1770 οὐδὲν
411 1717 699 1785 τοπαράπαν
731 1713 842 1766 τῶν
865 1713 1250 1784 πεποιημένων
1281 1715 1361 1776 είς
1393 1715 1488 1783 τὴν
1516 1714 1611 1783 τῆς
1642 1714 1774 1778 ίόίας

1880 1713 1971 1768 sed
2007 1714 2333 1783 imprimitur
2367 1716 2760 1782 quodammodo
2794 1717 2845 1768 in
2886 1717 2968 1768 his
3000 1717 3090 1785 qui
3120 1717 3311 1770 divina:
3341 1717 3456 1785 ejus

277 1808 472 1877 θεότητος
490 1807 633 1874 φύσιν
652 1824 666 1836 ο
692 1807 976 1876 ἀμήχανον
998 1805 1106 1874 γάρ
1125 1819 1140 1834 ⁸
1165 1805 1548 1874 ἐνσημαίνεται
1577 1806 1635 1858 δέ
1658 1822 1775 1868 πως

279 1901 362 1959 toi;
389 1898 465 1966 τῆς
487 1897 616 1961 θείας
640 1897 858 1966 φύσεως
886 1895 1052 1949 αύτοῦ
1081 1895 1328 1963 γεγονόσι
1355 1898 1652 1958 κοινωνοῖς,
1687 1893 1776 1948 διὰ

282 1989 354 2040 τοῦ
379 1993 611 2059 μετασχεῖν
639 1990 792 2057 ἁγίου
823 1987 1161 2068 Πνεύματος,
1191 1989 1223 2057 ἡ
1257 1986 1390 2057 πρὸς
1415 1987 1576 2040 αὑτὸν
1607 1987 1776 2057 ἐμφέ-

294 2097 386 2147 ρειιι
398 2082 641 2152 νοητὴ,καὶ
661 2082 718 2134 τὸ
743 2081 842 2150 τῆς
863 2081 1106 2150 ἀρρήτου
1137 2077 1389 2148 θεότητος
1417 2077 1633 2143 κάλλος,
1655 2081 1777 2142 ταῖς

301 2168 384 2220 τῶν
421 2171 549 2237 ἁγίων
593 2172 939 2241 ἐναπρὰπτει
986 2169 1216 2238 ψυχαῖςο
1271 2167 1324 2220 τί
1375 2169 1552 2221 τοίνυν
1599 2171 1770 2238 ἡμῖν,

309 2262 474 2329 γυμνήν
490 2279 536 2312 τε
554 2264 626 2313 ui.
653 2263 806 2330 μόνην
840 2261 939 2329 τῆς
969 2259 1169 2330 σαρκὸς
1193 2258 1291 2330 τὴν
1320 2257 1618 2329 ἐμφέρειαν
1644 2261 1778 2310 ἁπο-

301 2352 470 2420 νέμων,
493 2354 573 2404 οὑκ
591 2354 825 2422 ὶρυθριᾷς,
853 2351 953 2420 τῆς
997 2349 1146 2412 θείας
1185 2367 1247 2401 τε
1292 2349 1388 2401 καὶ
1416 2349 1773 2420 νοητῆςμορ-

293 2440 487 2505 φώσεως
510 2439 864 2508 κατημεληκὼς,
899 2438 1102 2508 μᾶλλον
1136 2437 1193 2490 δὲ
1220 2437 1314 2490 καὶ
1346 2437 1578 2490 εἰσάπαν
1602 2438 1773 2506 αὐτὴν

278 2618 474 2687 νογενής,
510 2618 723 2686 καθῆκεν
763 2620 951 2672 ἑαυτὸν
999 2619 1079 2680 είς
1126 2618 1353 2670 κένωσιν
1396 2618 1464 2670 δι’
1491 2620 1657 2688 ἡμᾶς,
1689 2620 1773 2671 ἵνα

273 2711 376 2778 ημῖν
389 2709 639 2778 χαρίσηται
660 2710 754 2780 τῆς
777 2710 915 2778 πρὸς
937 2709 1102 2762 αὐτὸν
1129 2708 1488 2780 ἁδελφότητος
1512 2709 1572 2761 τὸ
1607 2709 1772 2774 ἀξίω-

273 2817 345 2866 tu.
372 2800 450 2851 καὶ
481 2800 566 2868 τῆς
594 2802 816 2871 ἐνούσης
857 2799 1005 2870 αύτῴ
1050 2799 1328 2868 εὐγενείας
1360 2801 1420 2854 τὸ
1451 2799 1772 2872 ἀξιέραστον

270 2890 444 2954 καλλος·
479 2893 574 2945 ea:
607 2894 860 2946 ἁπάντων
890 2894 1037 2962 ἡμᾶς
1061 2892 1167 2944 τῶν
1202 2891 1499 2946 καλλίστων
1542 2895 1773 2946 ἀποστε-

266 2981 362 3050 ρῶν,
381 2982 628 3052 ἄνθρωπον
650 2986 786 3053 ἡμῖν
809 2981 994 3044 ἁπλῶς
1015 2981 1240 3050 ἀδελφὸν
1263 2982 1590 3051 γεγενῆσθαί
1615 2999 1766 3051 φησι,
1797 3046 1838 3102 C

266 3075 328 3102 ..-ι
356 3074 510 3102 ...κλμ
550 3075 617 3102 .'..
662 3074 839 3102 ..τι-α...
893 3074 983 3102 ,λιι
1027 3073 1082 3102 ι..
1127 3089 1189 3102 un
1224 3071 1433 3102 αριστι-λ..-
1467 3074 1598 3102 An?”
1634 3073 1740 3102 in-..

264 3075 333 3127 καὶ
356 3074 510 3126 πιστὸν
550 3075 617 3137 ὡς
661 3074 863 3138 οἴεται,
893 3074 983 3126 τὸν
1027 3073 1082 3124 έν
1127 3089 1190 3140 γε
1224 3071 1433 3136 τούτοις
1467 3074 1598 3143 ἡμῖν
1632 3073 1769 3125 ἀπο·
1797 3071 1846 3132 υ,

259 3166 400 3229 ξαίνει
422 3166 556 3232 λόγον
577 3167 894 3236 προστιθείς
914 3182 926 3194 ·
952 3166 1150 3218 Σκόπει
1171 3165 1345 3218 καὶτὸ
1371 3166 1582 3228 τούτοις
1610 3165 1771 3229 εὐθὺς

258 3257 604 3326 συναπτόμενον,
662 3259 825 3310 «Ἵνα
862 3257 1109 3327 ἐλεήμων
1162 3257 1384 3328 γένηται
1431 3258 1526 3310 καὶ
1583 3257 1773 3320 πιστὸς

262 3347 510 3418 ’Δρχιερείις
547 3348 612 3402 τὰ
654 3349 806 3418 πρὸς
836 3348 926 3400 τὸν
959 3350 1120 3401 Θεόνο
1169 3349 1226 3401 έν
1261 3343 1306 3416 ᾧ
1347 3349 1456 3420 γὰρ
1505 3348 1773 3402 πέπονθεν

253 3440 370 3501 1W”;
390 3443 714 3511 πειρασθείς,
749 3441 972 3494 δύναται
996 3445 1106 3505 τοῖς
1136 3441 1549 3512 πειραζομένοις
1574 3440 1771 3511 βοηθῆ-

250 3547 329 3584 σαι.
354 3553 369 3582 ι
399 3534 583 3586 Οὐκοῦν
605 3537 632 3587 6
661 3533 863 3586 παθὼν
898 3533 1186 3603 ἀρχιερεὺς
1223 3534 1498 3603 ἐλεήμων·
1527 3533 1770 3602 παθητὸς

246 3622 286 3672 δὲ
308 3625 330 3674 6
352 3624 473 3688 ναὸς,
501 3627 592 3695 οὐχ
629 3628 658 3678 6
711 3626 971 3688 ζωοποιὸς
999 3624 1091 3678 τοῦ
1126 3625 1454 3688 πεπονθότος
1481 3623 1766 3687 Θεός.”οτι

247 3716 318 3781 μὲν
336 3714 408 3770 οὖν
427 3714 518 3773 ὧδέ
545 3739 599 3774 τε
637 3740 682 3790 φ
701 3723 874 3791 ρονεῖν
900 3721 1196 3791 ᾑρημένος,
1219 3723 1312 3774 καὶ
1339 3722 1445 3792 μὴν
1471 3722 1566 3774 καὶ
1591 3721 1769 3788 λέγειν

244 3810 514 3878 ωπολμῶν,
545 3811 940 3880 ἀποειῖστησιν
991 3810 1152 3863 πάλιν
1201 3812 1277 3872 εἷς
1335 3827 1393 3864 τε
1445 3812 1771 3873 ὑποστάσεις

244 3897 387 3964 ἱδιιὶς.
412 3903 493 3956 καὶ
523 3906 630 3974 μὴν
694 3903 788 3954 καὶ
830 3902 1094 3972 πρόσωπα
1142 3901 1253 3964 δύο,
1287 3903 1378 3953 τόν
1424 3918 1482 3953 τε
1527 3903 1591 3954 ἐκ
1635 3899 1768 3954 Θεοῦ

246 3989 407 4059 Πατρὶς
426 3997 602 4062 Λόγον,
636 3996 744 4048 καὶ
769 3994 830 4046 ὃν
847 3995 977 4063 ἡμίν
1003 3992 1179 4056 αὐτὸς,
1192 3993 1391 4061 ἀρτίως
1413 3991 1488 4054 ὡς
1516 3992 1770 4061 θεοφόρον

240 4083 518 4154 eis-1:16pm:
542 4087 644 4142 ἄνθ
655 4102 869 4158 ρωπον,
894 4084 1052 4154 εἴπερ
1078 4085 1226 4136 ἐστὶν
1251 4084 1434 4154 ἕτερός
1465 4100 1524 4136 τε
1554 4085 1646 4136 καὶ
1666 4083 1771 4136 ἀνὰ

389 4179 414 4228 6
445 4179 654 4243 παθὼν,
690 4179 796 4230 καὶ
831 4177 1018 4245 ἕτερος
1062 4178 1090 4228 6
1141 4175 1424 4240 ζωοποιὸς,
1469 4174 1768 4228 ὲνδοιάσειν

236 4256 347 4331 ἄξιαι
388 4268 659 4331 παντελῶς
695 4265 913 4319 οὐδένα.
946 4266 1254 4336 Παραπαίει
1296 4265 1353 4318 δὲ
1399 4265 1491 4318 καὶ
1542 4265 1766 4334 ἑτέρως,

1883 1813 2090 1856 natura:
2120 1813 2248 1857 sunt
2284 1805 2405 1858 facti
2445 1806 2734 1872 participes
2763 1806 2827 1868 ",
2865 1807 2989 1858 dum
3020 1805 3252 1875 Spiritus
3281 1809 3454 1860 sancti

1879 1903 2164 1947 consortes
2217 1894 2374 1956 fiunt,
2429 1885 2810 1963 illa'spiritalis
2857 1895 2972 1962 ejus
3024 1897 3342 1963 similitudo,
3402 1908 3456 1950 et

1879 1983 2164 2038 ineffabilis
2189 1985 2274 2038 illa
2307 1985 2612 2040 divinitatis
2641 1990 2846 2054 Species
2880 1989 2932 2041 in
2969 2001 3279 2043 sanctorum
3315 1991 3458 2043 viru-

1878 2089 1995 2128 rum
2027 2076 2221 2128 animis
2243 2075 2427 2146 fulget.
2457 2076 2566 2129 Cur
2600 2077 2761 2144 igitur
2793 2081 2988 2131 nudam
3025 2079 3182 2134 nobis
3203 2095 3265 2135 ac
3287 2082 3456 2134 solam

1876 2166 2054 2219 carnis
2089 2166 2501 2221 similitudinem
2536 2169 2773 2222 tribuere
2819 2185 2922 2223 non
2955 2171 3249 2235 erubescis,
3278 2173 3456 2227 divina

1877 2271 1940 2310 ac
1984 2258 2210 2326 spiritali
2254 2259 2577 2329 etligiatione
2641 2263 2906 2331 neglecta,
2971 2267 3078 2320 imo
3128 2282 3252 2322 vero
3292 2268 3454 2321 etiam

1875 2350 2097 2404 omnino
2145 2351 2394 2405 sublata?
2446 2355 2620 2426 Atque
2669 2356 2758 2409 ille
2813 2357 3028 2424 quidem
3082 2359 3455 2413 universorum

1877 2438 2137 2495 Dominus
2183 2450 2236 2495 et
2279 2440 2422 2496 Deus
2470 2445 2805 2513 nuigeuitus.
2850 2449 3196 2515 semetipsum
3242 2459 3460 2517 propter

1845 2545 1974 2607 ‘nos
2005 2532 2071 2583 ad
2104 2533 2528 2588 exinanitidnem
2559 2535 2794 2597 demisit,
2823 2547 2879 2588 ut
2917 2539 3072 2591 nobis
3097 2537 3457 2594 fraternitatis

1874 2637 1986 2676 sua:
2027 2622 2369 2692 dignitatem,
2406 2634 2460 2679 et
2505 2626 2681 2680 insita:
2726 2628 2825 2681 sibi
2871 2629 3168 2682 nobilitatis
3196 2642 3458 2698 exoptan-

1875 2715 1995 2768 dam
2034 2713 2489 2783 pulchritudinem
2533 2714 2822 2786 largiretur
2861 2735 2872 2770 :
2916 2718 3002 2772 hic
3051 2733 3179 2772 vero
3205 2721 3458 2774 omnibus

1875 2822 1973 2860 nos
2005 2809 2166 2862 rebus
2210 2808 2644 2875 przeclarissimis
2686 2809 2940 2878 spolians,
2989 2811 3262 2864 hominem
3306 2813 3458 2866 nobis

1873 2897 2172 2964 simplicem
2208 2896 2402 2950 factum
2426 2913 2548 2952 esse
2577 2898 2800 2952 fratrem
2831 2900 2986 2965 dicit,
3013 2911 3065 2952 et
3088 2901 3188 2954 fide
3219 2903 3455 2970 dignam,

1874 2997 1932 3041 ut
1980 2989 2094 3055 ipse
2135 2995 2306 3054 putat,
2357 2987 2440 3040 bis
2476 2988 2540 3040 de
2597 2989 2756 3043 rebus
2810 2991 3074 3043 rationem
3123 2994 3453 3058 pronuntiat,

1873 3079 2073 3132 addens
2109 3096 2122 3132 :
2159 3076 2295 3131 Vide
2321 3079 2483 3132 etiam
2511 3079 2652 3146 quod
2678 3079 2820 3133 illico
2850 3081 2933 3134 his
2971 3081 3300 3150 adjungitur.
3328 3102 3346 3134 ι
3377 3085 3446 3138 Ut

1874 3170 2180 3223 misericors
2208 3169 2361 3224 ﬁeret
2387 3181 2442 3223 et
2474 3169 2647 3225 tidelis
2670 3171 2917 3226 Pontifex
2953 3175 3019 3224 ad
3058 3173 3222 3226 Deum
3262 3192 3275 3227 :
3312 3175 3362 3228 in
3390 3189 3456 3228 eo

1871 3259 2013 3313 enim
2056 3261 2109 3314 in
2155 3276 2262 3328 quo
2312 3277 2502 3329 passus
2535 3271 2618 3316 est
2665 3264 2778 3333 ipse
2827 3274 3083 3326 tentatus,
3139 3276 3327 3332 potens
3372 3278 3456 3319 cst

1871 3362 1926 3406 et
1943 3352 2021 3405 eis
2041 3354 2131 3420 qui
2153 3361 2450 3418 tentantur,
2481 3356 2730 3408 auxiliari
2757 3357 2820 3409 ²².
2853 3375 2870 3407 ι
2895 3356 3039 3426 Ergo
3071 3359 3114 3410 is
3143 3359 3232 3424 qui
3264 3373 3454 3426 passus

1871 3455 1973 3507 est,
2026 3443 2277 3498 Pontifex
2326 3455 2407 3499 est
2458 3445 2546 3500 ille
2595 3447 2904 3501 misericors
2954 3448 3224 3515 :patibile
3275 3458 3453 3502 autem

1872 3535 2046 3603 ipsum
2087 3535 2339 3604 templum
2394 3547 2499 3600 est,
2551 3552 2656 3592 non
2706 3537 2846 3592 Deus
2894 3541 2982 3608 qui
3036 3540 3349 3594 νίνίῆεεώαι
3402 3541 3452 3593 id

1871 3627 2012 3694 quod
2050 3627 2375 3696 patiebatur.
2416 3627 2583 3696 Igitur
2613 3630 2698 3683 cui
2733 3630 2812 3684 sic
2845 3632 3048 3686 sentire
3087 3631 3254 3684 libeat
3294 3643 3455 3700 atque

1871 3717 2031 3771 etiam
2061 3705 2240 3772 dicere
2266 3718 2480 3781 audeat,
2512 3720 2641 3787 quin
2683 3735 2870 3775 rursus
2897 3723 2946 3774 in
2977 3722 3296 3792 hypostases
3328 3739 3453 3792 pro-

1871 3810 2036 3876 prias.
2073 3819 2236 3877 atque
2265 3811 2429 3863 etiam
2455 3810 2506 3863 in
2532 3811 2666 3865 duas
2700 3827 2959 3879 personas
2991 3815 3196 3868 dividat
3228 3815 3353 3868 illud
3385 3832 3453 3869 ex

1872 3899 1981 3954 Deo
2013 3899 2173 3954 Patre
2206 3901 2466 3966 Verbum,
2499 3912 2552 3955 et
2598 3903 2744 3957 illum
2773 3918 2933 3970 quem
2979 3905 3132 3959 nobis
3162 3905 3361 3958 dudum
3397 3917 3452 3956 nt

1871 3989 2130 4044 deiferum
2160 3990 2433 4044 hominem
2477 3992 2680 4046 induxit
2729 3994 3032 4062 (siquidem
3082 3993 3328 4049 diversus
3369 4004 3452 4049 est

1871 4089 1927 4134 et
1955 4080 2235 4158 sejunctus
2269 4080 2316 4134 is
2359 4082 2449 4150 qtti
2495 4096 2688 4150 passus
2708 4090 2810 4145 est,
2841 4083 2910 4138 ab
2933 4099 2998 4136 eo
3029 4085 3117 4153 qui
3153 4084 3448 4154 vivificat),

1871 4173 1960 4242 qui
1995 4173 2231 4242 ambigat
2263 4173 2534 4227 neminem
2574 4190 2794 4242 prorsus
2825 4175 2941 4230 fore
2970 4175 3225 4230 arbitror.
3261 4175 3366 4231 Sed
3397 4189 3451 4232 et

1869 4264 1974 4318 alia
2014 4279 2228 4334 quoque
2261 4267 2470 4320 ratione
2511 4266 2729 4326 insanit,
2775 4267 2966 4321 hausto
2993 4283 3061 4322 ex
3092 4269 3242 4322 vinea
3281 4269 3452 4324 Sudo-

235 4351 300 4403 ὡν
321 4354 369 4418 ἐξ
390 4358 630 4426 ἀμπέλου
663 4355 926 4425 Σοδόμων
955 4350 1093 4408 οἶνον
1137 4355 1496 4418 ἐκπεπωκὼς,
1527 4355 1622 4408 καὶ
1667 4365 1766 4408 κα-

1874 4372 2082 4410 mornm
2115 4356 2258 4419 vino,
2290 4366 2346 4410 et
2392 4357 2600 4410 erroris
2642 4357 2908 4412 ebrietate
2957 4362 3197 4423 madens,
3239 4375 3303 4415 ae
3340 4361 3451 4415 for-

233 4448 460 4514 τιμεθύων
599 4451 814 4522 πλάνῃ,
847 4451 943 4503 κα)⁸
975 4450 1115 4520 τάχα
1146 4466 1249 4502 που
1281 4448 1414 4519 μηδὲ
1446 4447 1602 4511 εἰδὼς
1625 4447 1654 4500 ὅ
1682 4449 1757 4500 λέ-

232 4551 316 4597 ‘31’
344 4540 433 4592 ποῦ
457 4543 562 4614 γὰρ
594 4541 930 4610 ὠνόμασται
958 4542 1085 4604 Θεὸς
1116 4539 1210 4592 τοῦ
1239 4539 1497 4609 Χριστοῦ,
1531 4539 1772 4592 καταπέ-

231 4643 355 4695 ᾷρικα
380 4631 432 4684 δὲ
455 4633 656 4702 λέγων,
693 4635 724 4685 ὁ
760 4633 824 4684 ἐκ
865 4631 1003 4684 Θεοῦ
1036 4631 1247 4701 Πατρὸς
1281 4631 1488 4699 Λόγος;
1537 4624 1632 4690 Εἷς
1657 4629 1767 4700 γὰρ

229 4719 382 4787 Κύριος
410 4725 618 4794 Ἰησοῦς
648 4723 922 4793 Χριστὸς,
947 4723 1040 4775 καὶ
1071 4723 1170 4792 μία
1198 4723 1377 4784 πίστις
1396 4725 1428 4791 ἡ
1457 4722 1536 4784 είς
1564 4721 1727 4774 αὐτόν
1747 4737 1761 4751 ο

227 4807 293 4876 θέοι
309 4811 370 4872 ὡς
397 4814 470 4875 είς
491 4813 588 4865 δύο
618 4816 723 4865 καὶ
749 4812 854 4863 ἀνὰ
878 4811 1064 4882 μέρος,
1092 4811 1204 4864 ἀλλ’
1232 4811 1306 4874 ὼς
1329 4811 1397 4863 δι’
1421 4810 1537 4874 ἐνὸς
1575 4810 1768 4880 βαπτί-

229 4913 399 4964 timo;
430 4905 508 4967 είς
543 4904 686 4956 Υἱὸν
740 4902 835 4954 ἕνα
885 4903 980 4955 καὶ
1029 4903 1160 4954 Θεὸν
1207 4904 1301 4954 καὶ
1333 4903 1536 4974 Κύριον
1580 4901 1671 4955 τὸν
1702 4903 1766 4954 ὲκ

227 4989 323 5042 θεοῦ
363 4977 566 5064 [ἰατρὸς
619 4995 826 5060 Λόγον,
859 4994 955 5046 acati.
983 4995 1071 5046 ὅτε
1102 4993 1320 5061 γέγονεν
1353 4993 1668 5064 ἄνθρωπος·
1703 4993 1764 5045 ού

225 5083 301 5150 Ti?
333 5087 404 5138 ὅτι
443 5089 644 5154 γέγονε
695 5086 821 5138 καθ’
849 5088 1018 5156 ἡμᾶς,
1049 5086 1111 5138 τὸ
1157 5081 1296 5139 εἶναι
1339 5086 1471 5148 Θεὸς
1512 5084 1765 5138 ἀπολέσει

226 5172 372 5224 τώέν·
403 5179 523 5232 οὔτε
558 5180 677 5250 μὴν
710 5177 950 5239 ὅτιθεὸς
996 5177 1135 5230 κατὰ
1177 5177 1338 5245 φύσιν
1370 5177 1538 5240 ἐστὶν,
1571 5176 1768 5246 ὁμοίω-

221 5278 282 5311 τιν
309 5267 680 5337 ἀπαράδεκτον
724 5267 854 5337 ἔχει,
891 5268 982 5320 καὶ
1033 5268 1094 5318 τὸ
1143 5267 1427 5337 ἄνθρωπος
1459 5261 1597 5319 εἶναι
1629 5282 1770 5336 παρ-

218 5357 489 5424 ιιτήσεται·
561 5359 855 5428 μεμένηκε
903 5358 997 5422 δὲ,
1046 5357 1234 5430 ὥσπερ
1283 5360 1340 5410 έν
1392 5356 1768 5429 ἀνθρωπάτητι

214 5449 332 5510 θεὸς,
358 5451 496 5504 οὕτω
518 5451 616 5502 καὶ
649 5451 716 5501 ὲν
745 5449 902 5516 φύσει
931 5466 989 5502 τε
1017 5450 1112 5502 καὶ
1140 5451 1380 5520 ὑπεροχῇ
1401 5446 1650 5518 θεότητος
1672 5446 1766 5513 ὢν,

1863 4457 2018 4528 ἰθεεο
2061 4448 2188 4502 illud
2242 4448 2414 4517 ipsum
2457 4450 2598 4516 quod
2649 4447 2782 4502 dicit
2831 4451 3095 4504 nesciens.
3155 4450 3255 4505 Ubi
3303 4454 3448 4504 enim

1870 4555 2108 4607 unquam
2144 4537 2349 4592 dictum
2382 4549 2484 4601 est,
2517 4538 2656 4593 Deus
2682 4539 2880 4593 Christi
2908 4540 3138 4610 (horreo
3171 4541 3447 4608 referens)

1870 4629 2045 4696 ipsmn
2082 4628 2172 4682 Dei
2205 4626 2378 4682 Patris
2403 4629 2680 4684 Verbum?
2713 4627 2864 4684 Unus
2893 4643 2976 4685 est
3007 4632 3152 4684 enim
3189 4631 3447 4686 Dominus

1866 4718 2023 4774 Iesus
2050 4719 2320 4784 Christus,
2355 4730 2410 4774 et
2440 4737 2543 4791 una
2573 4731 2654 4774 est
2687 4722 2737 4773 in
2771 4737 2893 4774 eum
2933 4722 3064 4776 tides
3093 4722 3160 4784 ",
3190 4737 3292 4775 non
3325 4733 3443 4775 tan-

1871 4826 2030 4879 quam
2065 4812 2118 4864 in
2147 4812 2282 4866 duos
2309 4827 2372 4864 ac
2412 4826 2660 4876 seorsum,
2699 4813 2793 4866 sed
2844 4822 3096 4881 tanquam
3141 4829 3235 4882 per
3279 4829 3442 4865 unum

1872 4901 2194 4967 baptismum
2240 4902 2291 4954 in
2339 4899 2444 4970 73
2482 4917 2644 4955 unum
2693 4901 2886 4955 Filium
2939 4913 2994 4956 et
3040 4905 3202 4957 Deum
3243 4914 3295 4957 et
3344 4905 3445 4957 Do-

1871 4993 2101 5053 minum,
2148 4992 2322 5059 ipsum
2370 5007 2434 5045 ex
2485 4991 2592 5046 Deo
2637 4991 2796 5046 Patre
2846 4994 3110 5058 Verbum,
3161 5003 3267 5048 tmn
3310 5009 3442 5062 quo-

1872 5099 1976 5152 que
2011 5099 2133 5138 cum
2179 5085 2379 5138 factum
2427 5094 2511 5138 est
2547 5087 2706 5139 homo
2739 5103 2752 5138 :
2788 5101 2962 5155 neque
3002 5087 3144 5139 enim
3187 5087 3312 5155 quia
3357 5104 3445 5143 no-

1872 5177 1968 5228 stri
2015 5175 2207 5229 similis
2262 5174 2434 5230 factus
2475 5187 2594 5240 est,
2651 5179 2861 5232 amittet
2911 5177 3018 5231 ullo
3079 5179 3236 5232 modo
3301 5182 3442 5250 quod

1875 5263 2016 5318 Deus
2061 5276 2197 5332 erat,
2247 5281 2420 5336 neque
2457 5282 2520 5322 ex
2553 5283 2618 5323 eo
2664 5270 2803 5337 quod
2835 5268 2976 5322 Deus
3021 5280 3103 5323 est
3147 5274 3442 5327 secundum

1876 5368 2123 5412 naturam
2178 5359 2581 5415 similitudinem
2632 5361 2776 5414 nullo
2825 5360 2982 5416 modo
3023 5363 3270 5433 suscipit,
3304 5375 3357 5418 et
3391 5373 3447 5419 ut

1880 5450 2041 5504 homo
2093 5451 2161 5504 sit
2215 5449 2477 5520 refugiet;
2533 5452 2625 5506 sed
2684 5461 2739 5505 ut
2795 5453 2846 5507 in
2904 5453 3240 5510 humanitate
3304 5455 3448 5512 Deus

269 5629 303 5656 ”
333 5630 478 5683 ilum.
511 5647 637 5707 VI_|I,
669 5632 730 5685 9.
805 5631 842 5660 ¹¹
884 5627 926 5682 ιι
959 5627 1114 5682 Ριιιι.
1145 5644 1181 5692 ι,
1209 5627 1261 5683 4.
1339 5629 1387 5658 ”
1421 5626 1579 5682 llcbr.
1612 5644 1670 5696 ιι,
1699 5628 1774 5691 l71

1874 5639 1895 5682 ι.
1975 5627 2018 5658 ⁸³
2048 5625 2246 5690 Ephes.
2277 5642 2346 5690 tv,
2383 5627 2435 5684 5,
