4004 6202
530 265 626 324 151

1564 271 1622 326 S.
1662 267 1935 325 CYRILLI
1975 266 2446 325 ALEXANDRINI
2485 268 2808 328 ABCHIEP.

3674 266 3772 320 139.

530 395 748 459 mansit,
769 393 850 449 sic
877 393 929 448 in
950 403 1137 446 natura
1158 407 1373 460 quoque
1399 403 1451 446 et
1477 392 1787 462 praestantia
1814 389 2109 446 divinitatis

2216 391 2492 462 ἅνθρωπος
2521 392 2675 445 οὐδὲν
2697 387 2857 464 ἦττόν
2883 391 3259 462 ἐστιν.Ἀμφω
3278 390 3342 461 δὴ
3363 383 3458 442 οὖν
3484 389 3541 440 ἐν
3572 385 3767 455 ταύτῷ,

532 485 701 539 nihilo
733 485 910 538 minus
943 492 1026 538 est
1059 483 1236 536 homo.
1274 481 1571 550 Utrumque
1613 483 1776 551 igitur
1803 482 1854 534 in
1892 482 2108 546 eodem,

533 585 585 646 et
625 589 764 627 unus
791 575 1042 642 idemque
1063 571 1208 628 Deus
1241 583 1294 628 et
1325 575 1486 627 homo
1523 582 1606 628 est
1644 572 1978 627 Emmanuel.
2008 570 2112 626 Sed

535 663 636 718 iste
668 665 839 718 bonus
862 666 962 730 vir,
994 663 1191 731 rejecto
1221 664 1639 733 dispensationis
1670 663 1828 716 modo
1855 671 2111 731 tauquam

533 771 722 824 parum
759 756 1004 824 pulchro,
1039 759 1217 808 aufert
1251 772 1279 808 a
1328 757 1436 810 Deo
1479 754 1649 808 Verbo
1685 769 1806 822 qua:
1847 765 1971 808 sunt
2015 753 2113 807 hu-

536 859 715 906 mana,
751 855 809 897 ut
836 833 949 910 jani
975 844 1118 897 nulla
1143 861 1206 898 ex
1233 854 1386 913 parte
1416 845 1578 898 rebus
1611 845 1808 898 nostris
1832 844 2112 898 utilitatem

533 936 1027 1004 aliquamattulisse
1049 947 1319 990 cernatur.
1353 936 1467 990 Non
1505 937 1673 1001 enim,
1706 937 1901 1004 inquit,
1940 937 2111 1005 ipsum

535 1030 700 1082 fuisse
737 1030 1144 1083 misericordem
1174 1039 1226 1084 et
1258 1030 1468 1084 fidelem
1503 1028 1812 1098 pontiﬁcem
1845 1029 1999 1091 dicit,
2037 1027 2115 1080 id-

533 1133 636 1187 que
680 1134 874 1173 munus
907 1135 1064 1186 passo
1110 1120 1288 1186 potius
1323 1119 1510 1172 tribuit
1557 1130 1808 1186 tanquam
1850 1117 1918 1171 ab
1943 1133 2007 1172 eo
2034 1117 2116 1168 di-

500 1223 709 1282 _verso.
748 1208 1004 1274 Quamvis
1046 1210 1135 1277 qui
1186 1210 1569 1279 mysteriorum
1603 1209 1819 1277 sapiens
1852 1222 1971 1262 esse
1999 1221 2116 1260 ma-

538 1296 714 1364 gister
743 1298 890 1363 velit,
943 1297 1210 1365 quomodo
1245 1313 1348 1351 non
1396 1312 1518 1350 eum
1564 1299 1801 1365 oportuit
1851 1310 2007 1349 voces
2053 1309 2116 1350 ac

534 1388 834 1441 sententias
867 1403 1145 1442 sacrarum
1179 1388 1504 1442 Litterarum
1550 1395 1808 1440 accurate
1837 1386 2112 1454 colligere,

533 1488 696 1547 atque
730 1481 970 1547 cogitare
1001 1494 1128 1535 vere
1173 1494 1294 1534 esse
1330 1480 1436 1533 Deo
1483 1479 1700 1548 dignum
1752 1477 1855 1531 hoc
1901 1492 2112 1540 munus,

535 1584 590 1625 et
625 1588 730 1626 non
765 1574 997 1626 alienum
1031 1589 1058 1625 a
1089 1573 1299 1626 ratione
1323 1587 1441 1640 qum
1465 1571 1584 1639 ejus
1603 1569 1954 1622 exinanitioni
1984 1584 2113 1622 con-

536 1663 702 1727 venit,
731 1679 957 1731 eamque
991 1663 1182 1717 decet?
1213 1663 1264 1716 Id
1301 1678 1406 1730 qua
1437 1661 1643 1714 rati6ne
1677 1673 1862 1711 verum
1891 1659 2111 1727 sit,jam

2214 483 2306 534 καὶ
2329 477 2410 544 εἷς
2435 499 2493 535 τε
2523 483 2654 546 Θεὸς
2687 484 2778 536 καὶ
2807 483 2903 538 ἄνθ
2912 500 3091 554 ρωπος
3134 484 3163 535 ό
3201 477 3565 551 Ἐμμανουήλ.
3583 475 3718 528 Ἀλλ’
3745 477 3773 527 6

2211 575 2447 644 χρηστὸς
2471 576 2650 627 οὑτοσὶ
2677 577 2777 646 τῆς
2805 578 3112 646 οἰκονομίας
3139 577 3226 629 τὸν
3251 575 3446 645 τρόπον
3469 572 3543 634 ὼς
3571 569 3772 637 ἀκαλλῆ

2211 665 2668 734 παραιτούμενος,
2702 667 2965 736 ἀποφέρει
2988 669 3081 720 τοῦ
3112 667 3246 718 Θεοῦ
3276 665 3448 730 Λόγου
3475 663 3541 714 τά
3574 659 3776 729 ἀνθρώ-

2213 773 2361 820 πινα,
2393 757 2458 808 ἵν’
2488 757 2660 827 ὁρῷτο
2691 757 2874 811 λοιπὸν
2907 759 3028 811 κατ’
3049 757 3238 810 οὐδένα
3261 756 3460 824 τρόπον
3493 753 3688 822 ὀνήσας
3711 750 3776 802 τὰ

2212 846 2331 898 καθ’
2363 850 2528 917 ἡμᾶς.
2563 850 2636 900 υύ
2670 849 2778 919 γάρ
2803 850 2885 902 τοί
2926 866 3090 918 φησιν
3121 847 3280 904 αὑτὸν
3305 844 3570 914 ἐλεήμονα
3595 859 3653 893 τε
3685 841 3778 893 καὶ

2214 938 2400 990 πιστὸν
2441 939 2699 1009 ἀρχιερέα
2726 940 2977 1008 γενέσθαι
3004 955 3014 967 ·
3047 938 3339 1009 προσνέμει
3377 935 3434 988 δὲ
3475 933 3672 1004 μᾶλλον
3704 931 3779 992 ὡς
3807 968 3811 970 -

2211 1028 2380 1098 ἑτέρῳ
2431 1030 2561 1099 παρ’
2592 1029 2751 1084 αὑτὸν
2797 1030 2858 1082 τὸ
2907 1033 3093 1099 χρῆμα
3135 1027 3211 1097 τῷ
3246 1025 3554 1078 πεπονθότι.
3591 1021 3782 1074 Καίτοι

2213 1119 2328 1182 πῶς
2358 1121 2458 1172 οὐκ
2490 1121 2596 1172 ἔδει
2630 1121 2985 1190 μυσταγωγὸν
3029 1114 3166 1172 εἶναι
3203 1117 3421 1170 θέλοντα
3454 1112 3633 1180 σοφὸς,
3669 1109 3780 1162 τῶν

2215 1210 2274 1260 ἑν
2319 1212 2384 1278 τῇ
2437 1209 2777 1281 θεοπνεύστῳ
2824 1212 3011 1280 Γραφῇ
3067 1209 3258 1279 φωνῶν
3303 1225 3361 1260 τε
3408 1207 3501 1258 καὶ
3563 1200 3782 1255 ἐννοιῶν

2161 1372 2166 1377 ι
2213 1299 2417 1369 ἀκριϐῆ
2453 1301 2722 1353 ποιεῖσθαι
2762 1302 2857 1370 τὴν
2898 1303 3172 1372 ἄθροισινο
3215 1301 3413 1352 ἐννοεῖν
3451 1313 3533 1358 τε,
3561 1295 3642 1346 ὅτι
3688 1291 3786 1344 καὶ

2215 1388 2516 1459 θεοπρεπὲς
2548 1392 2764 1460 ἀληθῶς
2791 1393 2850 1444 τὸ
2884 1393 3073 1463 χρῆμά
3094 1394 3229 1452 ἐστι,
3249 1391 3343 1442 καὶ
3363 1389 3463 1441 οὐκ
3492 1385 3594 1450 ἐξω
3621 1383 3785 1450 λόγου

2212 1479 2307 1530 τοῦ
2345 1483 2412 1551 τῇ
2439 1481 2661 1534 κενώσει
2686 1484 2982 1553 πρέποντός
3014 1501 3071 1536 τε
3101 1484 3192 1535 καὶ
3221 1481 3458 1540 ἐοικότος
3482 1496 3495 1544 ;
3533 1475 3642 1528 Καὶ
3661 1475 3788 1525 τίνα

2212 1571 2412 1640 τρόπον
2458 1572 2690 1642 ἐροῦμεν
2738 1573 3196 1645 βραχυλογοῦντες
3247 1574 3322 1634 ὡς
3367 1573 3466 1624 ἔνι.
3494 1572 3788 1636 Κατεχρη-

2201 1663 2467 1732 ’σμῴδησε
2501 1664 2599 1733 μὲν
2623 1666 2730 1735 γὰρ
2750 1666 2824 1728 ὠς
2854 1669 2883 1719 6
2911 1667 3016 1717 τῶν
3044 1666 3178 1718 ὅλων
3207 1664 3338 1726 Θεὸς
3365 1665 3476 1723 τοϊς
3498 1657 3790 1729 ἀρχαιστέ-

535 1755 776 1807 dicemus
819 1769 977 1821 quam
1031 1754 1366 1806 brevissime.
1415 1751 1547 1804 Nam
1602 1751 1690 1804 ille
1735 1753 2108 1802 universorum

2221 1770 2331 1822 ροις
2361 1755 2448 1806 τὸν
2481 1755 2663 1824 νόμον,
2700 1755 3120 1826 μεσολαόοῦντος
3149 1755 3408 1815 Μωσέως.
3427 1750 3565 1803 Ἀλλ’
3594 1749 3695 1801 οὐκ
3722 1743 3792 1818 ἦν

541 1844 678 1895 υευε
709 1844 901 1910 priscis
925 1843 1030 1896 illis
1060 1845 1372 1897 hominibus
1393 1844 1564 1911 legem
1593 1842 1778 1902 edidit,
1817 1842 2110 1908 interprete

537 1931 718 1998 blose;
751 1936 844 1987 sed
873 1952 974 1988 non
1001 1945 1118 1988 erat
1149 1951 1212 1988 ea
1242 1935 1320 1988 vis
1349 1934 1502 2001 legis,
1526 1942 1580 1984 ut
1607 1933 1698 2001 qui
1729 1930 1922 1984 vellent
1948 1931 2109 1984 etiam

539 2033 755 2089 possent
799 2021 1005 2091 integre
1037 2022 1178 2091 quod
1215 2023 1408 2075 bonum
1437 2030 1518 2073 est
1547 2021 1804 2088 perlicere
1855 2036 1868 2072 :
1911 2035 1930 2068 ι
1969 2018 2110 2071 Nihil

536 2113 679 2164 enim
709 2113 774 2164 ad
810 2113 1100 2178 perlectum
1137 2113 1357 2168 adduxit
1381 2111 1529 2163 “-”.
1565 2129 1584 2162 ι
1618 2111 1724 2164 Sed
1751 2124 1922 2178 neque
1955 2111 2110 2178 culpa

537 2199 748 2256 vacavit
787 2201 914 2252 illud
963 2203 1111 2270 prius
1157 2211 1534 2256 testamentum
1587 2219 1602 2254 :
1660 2200 2110 2253 ministrationem

536 2305 754 2360 quoque
785 2290 1153 2345 damnationis
1184 2291 1412 2359 appellat
1443 2307 1560 2345 eam
1591 2290 1778 2346 beatus
1817 2290 2109 2356 Paulus";

536 2381 781 2432 etnndem
817 2382 976 2434 audio
1022 2381 1203 2435 dicere
1237 2399 1249 2434 :
1289 2399 1307 2432 ι
1343 2382 1560 2436 Scimus
1591 2381 1732 2450 quod
1776 2395 2112 2450 quaecunque

539 2471 620 2524 lex
652 2471 908 2540 loquitur,
945 2473 1026 2525 his
1061 2474 1150 2539 qui
1186 2473 1236 2524 in
1269 2474 1382 2542 lege
1413 2484 1539 2526 sunt
1565 2474 1822 2542 loquitur,
1861 2484 1918 2526 ut
1950 2487 2113 2527 omne

536 2577 600 2615 os
621 2564 958 2626 olistrttatur,
989 2571 1042 2614 et
1072 2563 1316 2615 subditus
1347 2565 1435 2615 llat
1472 2564 1650 2617 omnis
1691 2564 1926 2616 mundus
1958 2563 2064 2616 Deo
2094 2580 2110 2618 :

538 2654 793 2720 quoniam
820 2667 886 2705 ex
906 2653 1158 2719 operibus
1181 2652 1312 2720 legis
1335 2667 1437 2706 nOu
1453 2653 1778 2720 jttstilicatur
1795 2654 1968 2706 omnis
1986 2668 2114 2707 caro

548 2758 735 2796 coram
769 2743 858 2796 illo
879 2743 958 2804 ";
991 2761 1010 2793 ι
1046 2745 1128 2796 lex
1163 2747 1304 2796 enim
1341 2745 1472 2796 iram
1494 2745 1828 2811 operatur",
1857 2755 1911 2797 et
1933 2746 2112 2797 littera

539 2835 735 2887 occidit
771 2853 785 2887 :
819 2845 873 2886 ct
911 2843 968 2886 ut
1012 2834 1206 2888 alicubi
1241 2834 1372 2888 dicit
1414 2835 1552 2886 idem
1580 2835 1665 2887 "z
1703 2852 1722 2884 ι
1753 2835 1962 2887 Irritam
1993 2833 2114 2901 quis

541 2928 744 2980 faciens
767 2927 938 2994 legem
964 2925 1117 2992 Mosi,
1142 2926 1259 2979 sine
1287 2925 1392 2977 ulla
1417 2925 1766 2978 miseratione
1793 2927 2000 2978 duobus
2025 2925 2112 2979 vel

543 3020 713 3075 tribus
741 3020 974 3074 testibus
1005 3021 1228 3072 moritur
1250 3017 1316 3070 ³⁰.
1349 3033 1368 3067 ι
1401 3015 1534 3070 Cum
1562 3029 1691 3086 ergo
1722 3016 1808 3069 lex
1835 3017 2115 3070 damnaret

484 3089 498 3112 ‘
541 3119 852 3180 peccantes,
886 3118 940 3164 et
972 3119 1271 3164 extremum
1307 3121 1689 3175 nonnunquam
1719 3107 2039 3176 supplicium
2065 3109 2116 3160 in

539 3211 952 3257 contemnentes
971 3201 1304 3260 decerneret,
1328 3208 1382 3251 et
1400 3196 1546 3251 nullo
1572 3197 1728 3251 modo
1747 3200 2115 3262 miseraretur,

538 3292 811 3364 quomodo
851 3305 958 3344 non
994 3298 1112 3343 erat
1157 3291 1458 3344 necessaria
1505 3289 1813 3344 hominibus
1865 3289 1915 3342 in
1960 3292 2118 3345 terris

542 3381 825 3452 agentibus
869 3379 957 3433 illa
1007 3379 1290 3434 clementis
1335 3389 1391 3433 et
1437 3379 1802 3434 misericordis
1849 3381 2116 3449 pontilicis

542 3472 861 3539 declaratio,
899 3472 991 3539 qui
1037 3472 1320 3526 maledicto
1365 3472 1522 3524 linem
1555 3471 1874 3540 imponeret,
1924 3473 2116 3540 praeci-

540 3563 800 3633 deretque
837 3563 1147 3627 vindictam,
1197 3574 1249 3616 et
1293 3577 1386 3616 eos
1433 3563 1522 3630 qui
1574 3572 1944 3632 peccaverant,
2002 3563 2118 3616 cle-

534 3650 705 3706 ineuti
751 3651 968 3721 gratia,
1018 3650 1360 3720 benigneque
1435 3661 1563 3704 nutu
1611 3651 1906 3706 liberaret?
1949 3670 1970 3702 ι
2007 3653 2118 3722 Ego

541 3743 710 3808 enim,
738 3741 933 3812 inquit,
960 3757 1076 3796 sum
1103 3742 1192 3810 qui
1226 3743 1376 3796 deleo
1407 3743 1722 3811 iniquitates
1751 3753 1888 3806 tuas,
1922 3753 1978 3797 et
2011 3759 2114 3796 non

544 3834 866 3890 recordabor
895 3831 962 3884 ³¹.
1014 3829 1297 3886 Justiﬂcati
1344 3847 1576 3901 namque
1622 3847 1806 3886 sumus
1855 3832 1979 3899 (ide,
2011 3847 2115 3886 non

541 3941 607 3978 ex
640 3924 894 3994 operibus
924 3922 1074 3992 legis,
1096 3921 1215 3995 74
1246 3933 1302 3976 ιιι
1329 3924 1586 3993 scriptum
1623 3924 1791 3979 est".
1821 3942 1840 3976 ι
1869 3923 1927 3978 ln
1954 3937 2113 3994 quem

540 4017 702 4088 igitur
743 4017 1028 4071 credentes
1071 4014 1473 4082 justiticamur?
1519 4031 1700 4071 nonne
1746 4017 1798 4070 in
1847 4032 1969 4071 eum
2023 4017 2116 4085 qui

540 4119 757 4180 propter
789 4124 887 4164 nos
919 4117 1150 4162 mortem
1195 4109 1488 4163 secundum
1520 4123 1739 4162 carnem
1770 4123 1961 4176 passus
1990 4107 2119 4162 est?

543 4216 648 4254 non
680 4202 732 4253 in
759 4215 926 4254 unum
964 4199 1248 4253 Dominum
1276 4197 1459 4253 Jesum
1499 4197 1816 4252 Christum?
1843 4212 1946 4251 non
1975 4213 2120 4251 mor-

543 4299 650 4343 tem
688 4290 805 4358 ejus
833 4292 1240 4350 aunuutiantes,
1272 4298 1329 4342 et
1363 4289 1823 4342 resurrectionem
1854 4288 2120 4342 conﬁten-

2218 1844 2276 1895 ἐν
2303 1844 2453 1914 νόμῳ
2481 1844 2542 1896 τὸ
2571 1845 2826 1898 δύνασθαι
2856 1845 3151 1917 κατορθοῦν
3177 1847 3287 1906 τοῖς
3330 1843 3601 1896 ἐθέλουσιν
3631 1841 3791 1908 ἀμω-

2220 1935 2404 2003 μήτως
2425 1935 2484 1986 τὸ
2506 1936 2707 2003 ἀγαθόν
2725 1955 2737 1966 '
2770 1937 3125 1989 «Τετελείωκε
3145 1936 3252 2005 γὰρ
3273 1934 3442 1986 οὐδέν.
3461 1951 3479 1983 ι
3502 1929 3642 1983 Ἀλλ’
3665 1929 3794 1982 οὐδέ

2218 2022 2506 2091 ἄμεμπτος
2529 2021 2642 2094 ἦνὴ
2675 2025 2862 2094 πρώτη
2899 2025 3148 2095 διαθήκη.
3171 2024 3504 2093 Κατάκριμα
3533 2022 3588 2074 δὲ
3611 2022 3795 2074 διακο-

2217 2113 2336 2175 νίας
2363 2113 2496 2181 (2οἻ
2515 2114 2795 2183 ὠνόμαζεν
2813 2115 2983 2185 αὐτὴν
2998 2118 3025 2167 6
3045 2117 3319 2182 πάνσοφος
3343 2111 3551 2174 Παῦλος
3567 2128 3580 2141 ο
3607 2110 3795 2164 ἀκούω

2215 2199 2272 2252 δὲ
2299 2201 2547 2268 λέγοντος
2565 2221 2578 2234 ο
2620 2222 2638 2253 ς
2669 2205 2903 2273 Οἴδαμεν
2937 2205 3018 2257 ὅτι
3047 2205 3188 2257 δσαό
3209 2204 3372 2272 νόμος
3395 2203 3565 2268 λέγει,
3591 2202 3705 2262 τοῖς
3738 2202 3795 2252 ἐν

2215 2289 2295 2361 τῷ
2323 2292 2472 2362 νόμῳ
2501 2293 2666 2360 λέγει,
2701 2294 2784 2346 ἵνα
2813 2296 2920 2346 πᾶν
2961 2297 3130 2363 στόμα
3161 2296 3368 2364 φραγῇ,
3404 2292 3498 2344 καὶ⁵
3541 2291 3796 2352 ὑπόδικος

2219 2380 2438 2447 γένηται
2467 2383 2572 2441 πᾶς
2602 2383 2631 2432 6
2657 2383 2857 2450 κόσμος
2883 2382 2962 2451 τῷ
2986 2382 3105 2451 Θεῷ
3124 2398 3137 2412 ο
3163 2383 3297 2436 διότι
3327 2381 3383 2446 ἐξ
3419 2381 3594 2450 ἔργων
3625 2380 3794 2448 νόμου

2218 2469 2278 2522 οὐ
2308 2468 2725 2540 δικαιωθήσεται
2743 2473 2889 2523 πᾶσα
2909 2471 3046 2540 σὰρξ
3076 2472 3306 2524 ἐνώπιον
3325 2471 3504 2524 αὑτοῦ.
3531 2489 3550 2519 ι
3575 2470 3799 2538 Κατερ-

2218 2563 2442 2629 γάξεται
2475 2565 2584 2632 γὰρ
2617 2567 2644 2616 6
2677 2565 2836 2632 νόμος
2866 2567 2944 2626 είς
2965 2565 3152 2634 ὀργὴν,
3185 2563 3277 2616 καὶ
3304 2562 3364 2614 τὸ
3391 2559 3619 2628 γράμμα
3647 2560 3792 2608 ἀπο-

2220 2657 2437 2707 κτείνειο
2459 2655 2552 2707 καὶ
2571 2655 2646 2718 ὥς
2665 2656 2764 2708 πού
2780 2673 2940 2725 φησιν
2963 2657 3140 2716 αὑτός·
3170 2674 3187 2705 ι
3221 2653 3505 2717 ’Λθετήσας
3520 2665 3604 2710 τις
3625 2649 3797 2716 νόμον

2220 2747 2481 2809 Μωσέως,
2511 2747 2680 2816 χωρίς
2711 2747 3026 2818 οἰκτιρμῶν.
3065 2746 3156 2796 ἐπὶ
3186 2744 3335 2796 δυσὶν
3373 2742 3404 2809 ἦ
3433 2741 3614 2810 τρισὶν
3653 2739 3780 2809 μάρ-

2222 2855 2374 2890 τυσιν
2407 2839 2752 2906 ἀποθνήσκει.
2783 2858 2801 2890 ι
2838 2839 3264 2907 Κατακρίνοντος
3291 2837 3469 2887 τοίνυν
3502 2832 3597 2884 τοῦ
3625 2832 3798 2900 νόμου

2221 2928 2348 2990 τοὺς
2375 2929 2804 2998 ἁμαρτάνοντας,
2831 2929 2925 2980 καὶ
2949 2928 3047 2997 τὴν
3078 2928 3315 2996 ἐσχάτην
3342 2924 3453 2977 ἐσθ’
3479 2925 3567 2976 ὅτε
3600 2924 3798 2992 ποινὴν

2222 3015 2595 3085 καθορίζοντος
2621 3016 2729 3067 τῶν
2758 3017 3129 3086 ὴμεληκότων,
3166 3016 3260 3067 καὶ
3299 3014 3416 3066 κατ’
3448 3013 3636 3066 οὐδένα
3671 3014 3802 3082 τρόο

2225 3121 2325 3156 πον
2355 3104 2736 3173 οίκτείραντος,
2769 3104 2884 3166 πῶς
2906 3105 3005 3156 οὐκ
3025 3104 3296 3172 ἀναγκαία
3318 3106 3430 3164 τοῖς
3458 3101 3550 3154 ἐπὶ
3569 3101 3669 3170 τῆς
3687 3101 3798 3170 γῆς

2222 3199 2254 3266 ὴ
2279 3197 2370 3248 τοῦ
2389 3198 2820 3266 φιλοικτίρμονος
2840 3196 2934 3249 καὶ
2956 3195 3244 3265 ἐλεήμονος
3267 3193 3479 3263 ἀληθῶς
3496 3191 3801 3264 ἀρχιερέως

2225 3288 2496 3352 ἀνάδειξις
2538 3285 2641 3358 ἦν;
2674 3287 2940 3349 παύοντος
2987 3286 3085 3356 μὲν
3115 3286 3214 3356 τὴν
3249 3285 3421 3355 ἀράν·
3457 3285 3798 3337 ἀνακόπτον-

2221 3395 2314 3440 τος
2337 3379 2393 3430 δὲ
2419 3380 2516 3448 τὴν
2547 3378 2700 3448 δίκην
2723 3394 2735 3408 ο
2773 3379 2865 3430 καὶ
2901 3377 3332 3438 ἀπαλλάττοντος
3377 3377 3501 3439 τοὺς
3547 3378 3802 3447 ἡμαρτη-

2224 3468 2407 3532 κότας,
2441 3467 2800 3537 ἁμνησικάκῳ
2830 3467 3030 3537 χάριτι,
3073 3467 3166 3519 καὶ
3195 3469 3307 3529 τοῖς
3353 3465 3410 3530 ἐξ
3457 3467 3803 3536 ἡμερότητος

2223 3559 2513 3629 νεύμασινς
2558 3577 2576 3610 ι
2600 3558 2741 3626 Ἐγὼ
2789 3561 2920 3630 γὰρ,
2953 3559 3139 3629 φησιν,
3171 3559 3285 3627 είμὶ
3315 3560 3344 3610 6
3371 3557 3664 3625 ἐξαλείφων
3697 3556 3800 3618 τὰς

2223 3651 2454 3722 ἀνομίας
2504 3669 2618 3715 σου,
2665 3655 2758 3706 καὶ
2825 3654 2886 3706 οὐ
2935 3654 3008 3723 μὴ
3057 3653 3452 3723 μνησθήσομαι.
3506 3650 3802 3704 Δεδικαιώ-

2229 3741 2369 3810 μεθα
2388 3741 2496 3812 γὰρ
2519 3744 2576 3794 ἐν
2600 3742 2779 3795 πίστει
2812 3743 2905 3795 καὶ
2924 3743 3022 3794 οὐκ
3044 3741 3105 3805 ἐξ
3121 3741 3296 3812 ἔργων
3319 3741 3504 3811 νόμου,
3528 3761 3546 3790 ι
3573 3741 3714 3793 κατά
3737 3740 3804 3792 τὸ

2223 3835 2628 3904 γεγραμμένον.
2681 3835 2777 3898 Et;
2811 3835 2938 3888 τίνα
2965 3834 3027 3904 δὴ
3061 3830 3152 3886 οὖν
3183 3833 3530 3895 πιστεύοντες
3558 3831 3806 3885 δικαιου-

2183 3913 2192 3922 ’
2228 3926 2402 3996 μέθας
2429 3927 2527 3979 οὐκ
2559 3929 2636 3990 είς
2665 3927 2755 3979 τὸν
2786 3925 3022 3979 παθόντα
3051 3925 3116 3978 δι’
3148 3927 3293 3996 ἡμᾶς
3328 3925 3414 3976 τὸν
3443 3923 3579 3975 κατὰ
3613 3924 3805 3994 σάρκα

2225 4017 2483 4085 θάνατον;
2513 4021 2612 4071 οὐκ
2645 4021 2723 4082 είς
2747 4019 2843 4071 ἕνα
2869 4021 3070 4089 Κύριον
3104 4018 3310 4088 Ἰησοῦν
3336 4015 3595 4088 Χριστόνς
3619 4016 3682 4068 οὐ
3706 4016 3805 4068 τὸν

2226 4111 2454 4165 θάνατον
2476 4110 2639 4164 αὑτοῦ
2667 4109 3143 4178 καταγγέλλοντες,
3172 4112 3264 4162 καὶ
3288 4108 3673 4177 ὁμολογοῦντες
3697 4105 3803 4176 τὴν

2225 4203 2518 4256 ἀνάστασιν
2552 4201 2963 4271 λελυτρώμεθα;
2997 4202 3059 4254 Ei
3109 4200 3207 4271 μὲν
3252 4196 3346 4252 οῦν
3391 4199 3469 4262 είς
3509 4197 3802 4266 ἄνθρωπον

2225 4292 2332 4345 τῶν
2364 4292 2486 4345 καθ’
2506 4294 2654 4362 ἡμᾶς
2685 4292 2782 4345 ἕνα
2805 4291 3266 4360 πεπιστεύκαμεν,
3300 4289 3392 4343 καὶ
3425 4291 3544 4359 οὐχὶ
3571 4289 3633 4359 δὴ
3667 4287 3806 4357 μᾶλ-

543 4391 622 4434 tes
643 4381 909 4449 redempti
951 4381 1179 4436 sumus?
1209 4381 1264 4433 Si
1303 4380 1464 4448 igitur
1500 4379 1552 4431 in
1587 4380 1852 4433 hominem
1889 4396 2054 4433 unum
2086 4395 2113 4434 e

2225 4376 2316 4438 λόν
2343 4387 2422 4448 είς
2451 4385 2603 4451 Θεὸν,
2641 4385 3116 4456 ἀνθρωπολατρεία
3150 4384 3211 4435 τὸ
3243 4383 3452 4453 χρῆμα,
3490 4382 3582 4434 καὶ
3609 4380 3805 4450 ἕτερον

542 4472 696 4526 nobis
734 4473 1078 4535 credidimus,
1121 4487 1182 4525 ac
1216 4487 1320 4524 non
1352 4472 1527 4539 potius
1565 4471 1616 4522 in
1662 4471 1851 4535 Deum,
1881 4472 2113 4526 hominis

2221 4476 2373 4529 οὐδὲν
2406 4475 2868 4546 ὁμολογουμένως.
2893 4475 2956 4527 Ei
2981 4475 3038 4527 δὲ
3059 4473 3188 4525 Θεὸν
3216 4469 3355 4526 εἶναι
3379 4472 3470 4524 τὸν
3491 4471 3805 4522 πεπονθότα

541 4564 786 4618 adoratio
814 4565 919 4618 erit
953 4579 1014 4618 ea
1061 4578 1145 4618 res
1187 4563 1304 4617 sine
1340 4560 1524 4626 dubio,
1553 4571 1606 4615 et
1644 4561 1776 4614 nihil
1817 4561 1982 4616 aliud.
2014 4563 2112 4616 Sin

2226 4566 2391 4637 σαρκὶ
2425 4566 2771 4635 πιστεύομεν,
2803 4567 2860 4628 δς
2892 4567 2985 4620 καί⁵
3023 4565 3240 4633 γέγονεν
3280 4562 3437 4632 ἡμῶν
3466 4561 3760 4631 ἀρχιερεύς
3786 4577 3801 4590 ·

545 4656 691 4709 illum
726 4671 889 4710 carne
919 4671 1136 4725 passum
1175 4655 1341 4708 Deum
1370 4669 1490 4706 esse
1514 4651 1800 4716 credimus,
1829 4655 1918 4722 qni
1953 4655 2113 4726 etiam

2225 4657 2617 4728 πεπλανήμεθα
2650 4659 2748 4726 μὲν
2778 4657 2897 4710 κατ’
2926 4657 3116 4709 οὐδένα
3148 4657 3346 4725 τρόπον
3367 4670 3380 4684 ο
3417 4652 3701 4722 ἄνθρωπον
3741 4649 3804 4701 δὲ

544 4759 729 4802 noster
758 4748 1012 4801 sacerdos
1045 4747 1116 4800 sit
1143 4745 1338 4806 lactus,
1374 4743 1522 4797 nullo
1553 4744 1712 4796 modo
1736 4745 1786 4796 iu
1810 4760 2000 4799 errore
2025 4761 2113 4800 su-

2225 4748 2486 4816 γεγονότα
2517 4748 2608 4799 τὸν
2647 4749 2712 4799 ἐκ
2749 4747 2882 4799 Θεοῦ
2916 4747 3087 4810 Λόγον
3120 4743 3578 4812 ἐπιγινώσκομενο
3620 4739 3806 4809 πράτ-

544 4856 686 4906 mus,
717 4840 810 4894 sed
859 4840 1033 4907 ipsum
1077 4854 1142 4893 ex
1187 4837 1298 4891 Deo
1335 4836 1566 4889 Verbum
1602 4835 1874 4890 hominem
1914 4835 2113 4890 factum

2224 4855 2373 4890 τεται
2402 4837 2458 4889 δὲ
2481 4837 2620 4888 οὕτω
2659 4837 2794 4907 πρὸς
2825 4835 2980 4904 ἡμῶν
3011 4837 3043 4903 ἡ
3075 4835 3257 4894 πίστις
3286 4835 3365 4893 είς
3393 4830 3544 4892 Θεὸν,
3579 4827 3670 4880 τὸν
3692 4827 3806 4890 ἐξω

544 4934 888 5005 agnoscimus
914 4949 928 4986 :
956 4934 1144 4998 sicque
1173 4945 1201 4982 a
1232 4929 1385 4983 nobis
1417 4927 1550 4982 lides
1583 4929 1636 4982 in
1674 4928 1838 4980 Deum
1865 4927 2113 4992 exigitur,

2220 4929 2436 4982 τιθέντα
2493 4930 2688 4998 δίκης,
2744 4929 2837 4981 καὶ
2885 4925 3170 4996 ἁμαρτιῶν
3218 4922 3624 4976 ἀπαλλάττοντα
3669 4917 3806 4979 τοὺς

542 5029 631 5096 qui
678 5040 777 5080 nos
809 5041 838 5077 a
883 5025 1122 5080 vindicta
1157 5022 1370 5086 eximit,
1415 5030 1471 5074 et
1521 5029 1862 5090 peccatorum
1913 5019 2113 5088 laqueis

2222 5020 2507 5083 ἐναλόντας
2531 5022 2739 5084 αὑταῖς.
2771 5040 2788 5072 ι
2812 5021 2965 5088 Ἔχει
2994 5019 3102 5089 γὰρ
3131 5017 3376 5082 ἐξουσίαν
3403 5018 3430 5068 6
3453 5015 3567 5076 υἱὸς
3591 5010 3684 5064 τοῦ
3703 5013 3806 5064 ἀνα

611 5203 737 5233 ν”π
777 5202 936 5255 Hebr.
963 5216 1059 5264 vn,
1111 5200 1195 5254 l9.
1273 5197 1322 5228 "
1352 5197 1390 5250 ll
1419 5196 1631 5251 (ἔοι-,ιιι
1656 5235 1671 5259 .
1714 5195 1767 5248 7.

544 5287 606 5336 κ,
629 5277 719 5326 ‘28.
793 5271 836 5302 “
871 5272 972 5326 ιω.
999 5285 1152 5337 sunt,
1173 5269 1266 5324 25.
1345 5269 1388 5300 ³²
1419 5267 1594 5321 Galat.
1620 5282 1679 5330 ιι,
1711 5267 1794 5320 l6.

1810 5416 1970 5472 ANT.
2013 5414 2098 5470 AC
2108 5413 2283 5469 ELLll
2323 5413 2551 5469 NOTAE.

1844 5196 1887 5227 ’⁷
1919 5195 2074 5252 Rom.
2104 5212 2158 5252 ιιι
2181 5236 2195 5256 .
2237 5197 2320 5260 l9,
2359 5198 2451 5251 ‘20.
2527 5197 2574 5229 “
2598 5197 2752 5251 Rom.
2779 5213 2852 5264 tv,
2884 5197 2964 5250 l5.
3041 5195 3146 5250 "ll
3168 5195 3294 5251 Cor.
3321 5210 3398 5260 tn,
3423 5191 3477 5247 6.
3554 5190 3601 5222 ³⁸
3634 5189 3780 5244 lleb.

615 5586 749 5656 (20‘)
777 5583 1001 5638 Videtur
1027 5583 1206 5650 lapsus
1233 5583 1448 5647 notarii,
1471 5595 1594 5638 cum
1619 5577 1792 5634 Graeci
1817 5577 1972 5633 codd.
2016 5573 2113 5632 Nm

547 5656 732 5710 Latina
759 5655 924 5709 editio
958 5653 1196 5710 vulgata.

2216 5574 2514 5630 .‘estamenti
2558 5574 2814 5640 habeant,
2853 5573 3098 5628 διακονία
3139 5576 3545 5647 κατακρίσεως,
3582 5587 3631 5629 et
3668 5580 3806 5630 item

591 5655 732 5712 atina
759 5655 924 5709 editio
958 5655 1196 5722 vulgata.
