4004 6202
271 263 366 318 133

1379 248 1752 304 Αονειιευε
1788 248 2190 332 Νεετοιιιυιι
2233 249 2365 306 Lm.
2408 249 2494 334 tn.

3415 253 3518 308 i345

267 377 464 444 Optima
491 373 584 427 καὶ
612 370 712 425 ἐπὶ
738 370 850 440 τῆς
874 369 981 440 γῆς
1009 367 1230 438 ἀφιέναι
1262 367 1555 438 ἁμαρτίας,
1588 388 1605 420 ι
1635 368 1711 432 ὥς
1735 386 1838 422 που

1945 371 2247 438 implicatos
2294 369 2485 425 liberat
2515 387 2528 423 :
2569 389 2588 421 ι
2610 368 2780 424 liabet
2813 369 2957 425 enim
2987 378 3304 439 potestatem
3349 369 3520 430 Filius

269 470 353 528 καὶ
382 465 532 527 αὐτός
553 479 724 533 φησιν
744 477 759 491 ·
799 457 1268 530 ἀντιπαραθέντες
1299 458 1477 511 τοίνυν
1503 461 1572 529 τῇ
1590 459 1679 512 διὰ
1703 461 1835 528 Χριο

272 558 384 612 στοῦ
405 554 636 624 σωτηρία
666 553 767 606 καὶ
795 553 1008 623 χάριτι,
1032 551 1132 619 τῆς
1159 550 1390 618 νομικῆς
1435 549 1736 619 ἀποτομίας
1757 551 1836 603 ἵν’

271 651 424 710 οὕτως
467 648 599 699 εῐπω
630 643 696 696 τὸ
746 643 988 712 ἀπηνὲς,
1033 639 1303 709 ἐλεήμονὰ
1339 657 1520 709 φαμεν
1572 640 1836 712 ἀρχιερέα

273 736 492 806 γενέσθαι
515 729 897 804 Χριστόν.*Ην
934 730 1037 800 μὲν
1061 729 1170 798 γὰρ
1201 730 1295 782 καί⁸
1323 729 1435 781 ἔστι
1464 729 1596 792 Θεὸς
1633 729 1836 798 ἀγαθὸς

276 831 330 897 τῇ
356 827 516 896 φύσει,
543 821 952 892 φιλοικτίρμων
977 836 1037 872 τε
1070 819 1164 871 καὶ
1189 807 1435 888 ὲλεῆμων
1456 819 1543 871 ἀεί
1564 834 1578 848 ·
1615 820 1710 872 καὶ
1736 819 1836 872 ούκ

280 922 327 971 ὲν
353 918 510 988 χρόνῳ
535 914 690 969 τοῦτο
713 914 970 981 γέγονεν,
1001 910 1114 964 ἀλλ’
1138 911 1218 972 εἰς
1245 911 1394 979 ἡμᾶς
1421 909 1636 981 ἐδείχθη
1663 910 1836 976 τοιοῇ.

284 1028 380 1074 τος.
405 1005 826 1075 Κατωνόμασται
859 1004 918 1056 δὲ
947 1001 1155 1064 πιστὸς,
1185 1002 1260 1064 ὡς
1292 1001 1466 1070 μένων
1493 1003 1522 1056 ὅ
1551 1003 1697 1054 ἐστιν
1725 1002 1832 1066 ἀεὶ,

287 1078 408 1152 κατά
448 1113 508 1163 γε
547 1095 604 1147 τὸ
650 1092 956 1164 εἰρημένον
987 1093 1100 1145 *καί
1136 1091 1224 1143 ἐπ’
1254 1090 1418 1144 αὑτοῦ
1451 1091 1544 1144 τοῦ
1579 1092 1790 1163 Πατρός
1818 1111 1832 1122 ·

297 1210 312 1239 ι
342 1188 510 1250 Πιστὸς
550 1186 601 1239 δὲ
626 1188 654 1238 6
685 1184 851 1247 Θεὸς,
872 1183 942 1245 ⁴θς
984 1183 1084 1235 οὐκ
1127 1183 1277 1234 ἐάσει
1320 1184 1466 1252 ἡμᾶς
1513 1185 1835 1254 πειραθῆναι

299 1283 417 1351 ὑπὲρ
439 1279 464 1331 ὃ
485 1275 756 1345 δυνάμεθα.
791 1293 814 1327 ι
863 1273 1073 1327 Οὐκοῦν
1103 1273 1350 1342 ἐλεήμων
1389 1272 1498 1344 ἄρα
1525 1275 1618 1326 καὶ
1648 1273 1836 1336 πιστὸς

267 1389 280 1396 ~
312 1368 576 1440 Ἀριιερεὺς
605 1368 681 1428 εἰς
703 1366 860 1436 ἡμᾶς
890 1365 1114 1432 γέγονεν
1146 1366 1175 1418 ὁ
1220 1366 1590 1436 Ἐμμανουήλ’
1619 1366 1693 1431 ὡς
1725 1366 1834 1438 γὰρ

304 1464 330 1514 δ
363 1460 539 1522 Παῦλός
569 1473 747 1527 φησιν,
781 1474 802 1505 ι
839 1457 904 1507 0i
956 1456 1054 1524 μὲν
1097 1454 1342 1517 πλείονές
1387 1458 1520 1508 εἰσιν
1563 1459 1836 1527 ἀρχιερεῖς

307 1552 564 1621 γεγονότες,
594 1551 677 1602 διὰ
708 1547 768 1600 τὸ
825 1546 1042 1615 Θανάτῳ
1076 1544 1379 1598 κωλύεσθαι
1409 1548 1743 1616 παραμένειν
1765 1566 1776 1577 ·
1808 1549 1837 1600 6

309 1646 382 1708 δὲ,
403 1643 480 1695 διὰ
516 1642 571 1693 τὸ
601 1641 777 1710 μένειν
821 1637 986 1690 αὐτὸν
1025 1637 1107 1698 εἰς
1147 1635 1238 1688 τὸν
1266 1636 1456 1716 αἰῶνα,
1485 1637 1836 1707 ἀπαράβατον

313 1736 409 1805 ἔχει
433 1735 518 1802 τὴν
545 1729 864 1800 ἱερωσύνην
892 1726 1016 1779 ὅθεν
1046 1725 1142 1778 καὶ
1165 1723 1360 1787 σώζειν
1386 1727 1464 1788 εἰς
1491 1726 1552 1778 τὸ
1582 1727 1840 1790 παντελὲς

316 1831 505 1882 δύναται
540 1828 656 1888 τοὺς
701 1820 1175 1893 προσερχομένους
1227 1818 1296 1870 δι’
1342 1818 1508 1871 αὑτοῦ
1563 1818 1640 1887 τῷ
1686 1818 1838 1888 Θεῷο

319 1920 519 1974 πάντοτε
557 1918 654 1981 ζῶν
681 1917 755 1978 εἰς
794 1914 854 1966 τὸ
886 1911 1238 1978 ἐντυγχάνειν
1271 1909 1411 1978 ὑπὲρ
1437 1909 1632 1961 αὐτῶν.
1652 1929 1685 1970 ,›
1721 1910 1844 1962 Ὅτι

324 2014 376 2068 δὲ
400 2011 642 2082 μεμένηκε
660 2010 783 2072 Θεὸς
806 2010 834 2061 6
859 2009 926 2060 ὲκ
946 2005 1157 2076 Πατρὸς
1180 2004 1368 2072 Λόγος,
1403 2004 1579 2056 καίτοι
1603 2003 1845 2072 γεγονὼς

336 2104 510 2173 ἱερεὺς,
530 2102 653 2155 κατά
676 2101 732 2155 τὸ
753 2098 1157 2170 γεγραμμένον,
1185 2097 1274 2149 διὰ
1301 2095 1362 2148 τὸ
1390 2096 1596 2167 πρέπον
1616 2099 1680 2166 τῇ
1709 2096 1847 2166 μετά

351 2194 524 2263 σαρκὸς
567 2192 809 2263 οἰκονομία
854 2190 1047 2260 σχῆμά
1089 2205 1152 2241 τε
1196 2188 1292 2240 καὶ
1345 2188 1562 2258 μέτρον,
1592 2187 1846 2258 ἀποχρῶν

356 2285 471 2352 ἡμῖν
498 2284 566 2343 εις
596 2282 916 2352 πληροφορίαν
942 2283 969 2334 6
994 2278 1099 2332 τοῦ
1132 2279 1404 2349 μακαρίου
1440 2278 1650 2331 Παύλου
1690 2278 1845 2346 γεγέ-

353 2389 498 2442 νηται
539 2371 826 2440 Adrogan
860 2373 968 2439 γὰρ
1014 2369 1211 2422 πάλιν⁹
1251 2388 1268 2419 ι
1304 2368 1612 2435 Κεφάλαιον
1651 2369 1707 2421 δὲ
1753 2370 1846 2421 ἐπὶ

344 2464 446 2524 τοῖς
486 2462 784 2532 εἰρημένοις,
808 2461 1023 2512 τοιοῦτον
1055 2459 1252 2528 ἔχομεν
1282 2459 1557 2528 ἀρχιερέα,
1585 2459 1643 2522 ὂς
1685 2459 1845 2511 ὲκάθ-

337 2568 440 2604 ισεν
464 2553 522 2604 ἐν
553 2550 698 2620 δεξιᾷ
725 2550 804 2602 τοῦ
834 2550 1009 2620 θρόνου
1049 2550 1141 2619 τῆς
1189 2547 1576 2619 μεγαλωσύνης
1609 2551 1686 2602 -ἐν
1732 2553 1846 2612 τοῖς

328 2643 570 2711 οὐρανοῖς,
600 2642 704 2694 τῶν
726 2642 887 2708 ἁγίων
925 2640 1224 2710 λειτουργὸς
1250 2639 1344 2692 καὶ
1383 2638 1484 2708 τῆς
1514 2641 1715 2709 σκηνῆς
1748 2642 1846 2712 τῆς

324 2732 588 2802 ἀληθινῆς,
617 2733 682 2802 ἦν
707 2731 894 2801 ἔπηξεν
921 2733 947 2783 6
983 2730 1184 2801 Κύριος
1215 2730 1314 2783 καὶ
1359 2730 1458 2784 ούκ
1491 2729 1794 2801 ἄνθρωπος.
1819 2751 1837 2784 ι

326 2823 491 2892 ’Δθρει
519 2822 577 2892 δή
602 2819 707 2887 οὖν,
732 2822 879 2892 ἄθρει
921 2823 1014 2875 τὸν
1054 2823 1120 2874 έκ
1139 2821 1271 2874 Θεοῦ
1300 2820 1473 2890 φύντα
1504 2821 1697 2889 Λόγον,
1729 2821 1845 2874 δια-

319 2915 565 2983 πρέποντα
597 2915 688 2984 μὲν
724 2915 794 2978 ὡς
821 2913 954 2967 Θεὸν
994 2915 1116 2976 ταῖς
1160 2911 1490 2984 ὑπερτάταις
1535 2912 1842 2978 εύκλείαις,

317 3006 398 3057 καί
422 3009 474 3058 έν
500 3008 602 3068 τοῖς
624 3006 714 3076 τῆς
742 3005 993 3076 θεότητος
1028 3005 1244 3067 θώκοις,
1269 3003 1652 3074 ἱερουργοῦντα
1675 3005 1732 3057 δὲ
1753 3005 1844 3057 τὸν

1942 464 2177 518 hominis
2199 463 2359 516 etiam
2390 464 2440 515 in
2473 471 2613 515 terra
2646 463 2946 518 dimittendi
2983 473 3238 530 peccata;
3268 484 3286 515 ι
3319 475 3376 519 ιιι
3405 467 3519 536 ipse

1943 554 2073 607 dicit
2099 553 2292 608 alicubi
2321 553 2384 604 ³³.
2420 551 2553 606 Cum
2586 551 2752 622 igitur
2785 553 2976 619 legalis
3004 555 3328 621 severitatis,
3361 567 3417 608 ut
3446 557 3520 611 ita

1943 644 2146 710 dicant,
2195 643 2545 698 acerbitatem
2605 658 2726 696 cum
2781 643 2978 697 Christi
3027 645 3201 698 salute
3249 655 3303 698 ct
3346 647 3517 711 gratia

1943 748 2340 801 comparamus,
2372 733 2604 787 dicimus
2638 734 3037 786 misericordem
3081 735 3392 789 Pontilicem
3433 736 3516 789 fa-

1943 835 2086 877 ctum
2123 824 2289 878 fuisse
2318 823 2616 880 Christum.
2650 822 2772 877 Fuit
2806 826 2948 877 enim
2981 837 3033 877 et
3062 835 3144 878 est
3177 826 3314 879 Deus
3348 828 3520 880 bonus

1941 927 2009 966 ex
2038 923 2252 977 natura,
2291 913 2529 966 clemens
2565 914 2690 966 item
2727 929 2939 982 semper
2974 929 3034 966 ac
3071 915 3397 979 misericors,
3429 933 3522 971 ne-

1941 1017 2047 1072 que
2076 1003 2194 1057 talis
2223 1004 2273 1056 in
2310 1015 2550 1071 tempore
2580 1005 2775 1067 evasit,
2828 1004 2921 1058 sed
2956 1004 3217 1072 ejusmodi
3262 1017 3345 1060 est
3393 1023 3520 1074 erga

1945 1110 2042 1160 nos
2083 1105 2354 1150 ostensus.
2397 1095 2708 1163 Appellatns
2754 1105 2837 1148 est
2868 1105 3044 1147 autem
3093 1096 3283 1156 fidelis,
3333 1106 3390 1149 ut
3431 1099 3522 1164 qui

1943 1195 2156 1238 maneat
2205 1200 2416 1252 semper
2463 1188 2738 1254 quodest,
2790 1187 3037 1237 utetiam
3091 1187 3156 1239 de
3207 1187 3322 1253 ipso
3369 1187 3524 1241 Patre

1943 1277 2148 1330 dictum
2170 1286 2254 1330 est
2281 1293 2294 1328 :
2326 1294 2344 1326 t
2366 1275 2568 1330 Fidelis
2589 1286 2768 1328 autem
2799 1279 2963 1341 Deus,
2989 1278 3078 1344 qui
3112 1295 3214 1332 non
3251 1282 3526 1348 permittet

1946 1383 2044 1420 nos
2073 1369 2269 1420 tentari
2308 1382 2469 1434 supra
2510 1384 2669 1432 quam
2709 1372 2998 1436 possumus
3041 1370 3107 1422 ³⁵.
3142 1389 3160 1422 ι
3201 1371 3339 1441 Ergo
3363 1373 3527 1426 misc-

1945 1459 2117 1512 ricors
2137 1468 2188 1512 et
2208 1459 2377 1512 fidelis
2406 1458 2656 1512 Pontifex
2681 1460 2731 1511 in
2759 1477 2856 1514 nos
2884 1461 3056 1515 factus
3077 1472 3158 1516 est
3187 1463 3524 1518 Etnmanuel.

1944 1547 2017 1603 Ut
2048 1549 2190 1601 enim
2231 1549 2428 1603 Paulus
2461 1551 2537 1603 ait
2568 1569 2580 1602 :
2621 1569 2639 1601 ι
2675 1551 2862 1605 Plures
2890 1553 3013 1605 facti
3051 1564 3175 1606 sunt
3216 1558 3524 1608 sacerdotes

1943 1653 2007 1692 eo
2028 1643 2168 1707 quod
2195 1651 2364 1693 morte
2394 1642 2810 1708 prohiberentur
2838 1657 3155 1711 permanere
3181 1664 3193 1698 :
3231 1647 3319 1700 hic
3343 1659 3523 1701 autem

1875 1741 1914 1793 Β
1944 1747 2007 1783 eo
2044 1734 2183 1800 quod
2232 1742 2448 1788 maneat
2491 1733 2544 1786 in
2595 1743 2880 1798 internum,
2927 1739 3313 1802 sempiternum
3363 1739 3528 1793 habet

1945 1824 2342 1887 sacerdotium;
2383 1825 2524 1878 unde
2559 1837 2611 1877 et
2641 1827 2853 1877 salvare
2903 1828 2953 1879 in
2989 1840 3302 1894 perpetuum
3351 1841 3525 1897 potest

1947 1915 2266 1967 accedentes
2303 1929 2398 1982 per
2430 1915 2601 1979 ipsum
2645 1917 2708 1967 ad
2759 1915 2944 1981 Deum,
2986 1931 3201 1984 semper
3237 1919 3424 1972 vivens
3457 1919 3524 1973 ad

1948 2001 2396 2070 interpellandum
2451 2019 2545 2072 pro
2578 2006 2654 2057 eis
2688 2004 2754 2058 ³⁸.
2799 2025 2818 2057 ι
2867 2004 3036 2058 Porro
3077 2007 3203 2058 illud
3248 2023 3315 2060 ex
3365 2007 3526 2064 l'atre

1950 2092 2181 2146 Verbum
2212 2095 2478 2148 mansisse
2518 2093 2704 2158 Deum,
2745 2097 2990 2163 quamvis
3022 2095 3198 2152 factus
3243 2098 3312 2152 sit
3343 2115 3524 2155 sacer-

1948 2184 2066 2248 dos,
2104 2194 2159 2237 ut
2207 2183 2462 2252 scriptum
2496 2195 2598 2250 est,
2633 2198 2852 2253 propter
2891 2187 3136 2242 habitum
3179 2200 3340 2258 atque
3377 2209 3527 2249 men-

1946 2292 2130 2331 suram
2175 2275 2248 2330 illi
2289 2291 2410 2330 cum
2452 2290 2615 2330 Carne
2659 2277 3048 2344 diSpensationi
3089 2281 3523 2349 convenientem,

1946 2370 2091 2422 beati
2138 2368 2293 2423 Pauli
2338 2370 2500 2422 verba
2543 2379 2664 2422 sunt
2711 2371 2778 2421 ad
2813 2369 2968 2424 fidem
3020 2371 3316 2425 faciendam
3351 2375 3524 2427 satis:

1947 2460 2084 2513 dixit
2117 2462 2260 2513 enim
2300 2475 2512 2512 rursum
2541 2476 2554 2510 :
2589 2478 2606 2508 ι
2636 2458 2945 2526 Capitulunt
2975 2474 3100 2512 vero
3122 2475 3283 2526 super
3305 2461 3388 2512 his
3407 2477 3528 2530 qua:

1947 2551 2086 2602 dicta
2123 2557 2270 2609 sunt.
2313 2549 2471 2600 talem
2511 2549 2769 2600 habemus
2812 2545 3128 2602 Pontilich
3174 2550 3263 2616 qui
3299 2551 3438 2603 sedit
3471 2553 3522 2606 itt

1947 2641 2168 2692 dextera
2193 2639 2335 2693 sedis
2367 2638 2752 2707 magnitudinis
2780 2638 2836 2690 in
2871 2638 3044 2703 caelis,
3085 2651 3394 2694 sanctorum
3427 2643 3526 2696 mi-

1947 2733 2138 2789 nister.
2185 2739 2239 2784 et
2269 2729 2602 2783 tabernaculi
2652 2731 2789 2797 veri,
2819 2733 2965 2798 quod
3021 2731 3136 2784 fixit
3187 2733 3442 2788 Dominus
3472 2744 3526 2788 et

1943 2837 2052 2874 non
2086 2823 2245 2873 homo
2273 2819 2339 2872 ³⁸.
2382 2837 2401 2869 ι
2443 2820 2572 2874 Vide
2611 2821 2772 2888 igitur
2807 2835 2988 2888 quwso
3029 2821 3156 2874 illud
3187 2838 3251 2874 ex
3291 2822 3399 2877 Deo
3438 2841 3530 2892 ge-

1947 2912 2116 2964 nitum
2150 2908 2382 2963 Verbum
2411 2925 2532 2962 cum
2576 2912 3023 2978 praestantissima
3060 2912 3228 2980 gloria
3273 2925 3527 2985 tanquam

1950 3003 2086 3056 Deus
2107 2996 2398 3070 precelltrt,
2415 3011 2470 3054 et
2487 3000 2536 3053 iu
2558 3001 2683 3053 sede
2700 3000 2993 3055 divinitatis
3011 3003 3266 3068 emineat,
3279 3010 3525 3063 eumdem

315 3097 457 3149 αὑτὸν
493 3097 563 3158 ὡς
591 3099 885 3167 ἂνθρωπονο
923 3097 1020 3149 καὶ
1061 3097 1162 3149 ούκ
1203 3096 1444 3164 ἐπίγειον
1487 3095 1608 3148 τινὰ
1657 3096 1842 3149 θυσίαν

1950 3095 2250 3149 sacerdotio
2275 3092 2426 3163 fungi
2453 3104 2704 3162 tanquam
2734 3094 3028 3157 hominem;
3070 3109 3242 3162 neque
3261 3107 3525 3153 terrenam

314 3187 706 3256 προσκομίζοντα
737 3187 811 3257 τῷ
839 3187 1036 3255 Πατρὶ,
1068 3186 1218 3239 θείαν
1247 3186 1302 3238 δὲ
1349 3184 1547 3253 μᾶλλον
1599 3187 1693 3238 καὶ
1723 3203 1845 3256 νοη-

313 3277 416 3348 τὴν.
437 3279 518 3330 καὶ
541 3280 734 3348 σκηνὴν
757 3277 946 3348 ὥσπερ
974 3277 1135 3343 ἁγίαν
1165 3275 1354 3346 ἔχοντα
1381 3277 1470 3329 τὸν
1500 3278 1746 3348 οὐρανόν.
1771 3280 1844 3332 υύ

311 3371 404 3439 γὰρ
433 3369 560 3421 κατά
586 3370 742 3438 νόμον
779 3369 1000 3436 ἐντολῆς
1040 3368 1297 3437 σαρκίνης
1327 3368 1547 3436 γέγονεν
1585 3373 1612 3421 ὁ
1656 3372 1844 3440 ἀρχιε-

313 3460 437 3529 ρεὺς,
462 3459 586 3512 ἀλλά
629 3460 774 3513 κατὰ
820 3459 1053 3528 δύναμιν
1105 3459 1250 3528 ζωῆς
1293 3458 1652 3522 ἀκαταλύτου,
1688 3460 1846 3513 καθά

311 3552 600 3619 γέγραπται.
631 3551 834 3613 Πιστὸς
865 3547 958 3603 οῦν
988 3552 1094 3621 ἄρα
1127 3550 1220 3602 καὶ
1252 3550 1393 3603 κατὰ
1421 3551 1595 3613 τοῦτο,
1622 3559 1714 3604 καὶ
1735 3553 1846 3615 τοῖς

312 3641 585 3710 προσιοῦσιν
621 3643 909 3712 ἐχέγγυος,
944 3642 1023 3704 είς
1056 3658 1118 3710 γε
1149 3642 1209 3692 τὸ
1252 3640 1512 3694 δύνασθαι
1551 3644 1643 3694 καί¹
1699 3643 1844 3712 μάλα

312 3731 478 3801 ῥᾳδίως
514 3733 797 3796 διασώζειν
835 3733 1065 3795 αὐτούς’
1117 3732 1306 3801 αἵματι
1338 3732 1448 3802 γάρ
1491 3732 1570 3802 τῷ
1605 3733 1717 3802 ἰδίῳ
1751 3733 1847 3787 καὶ

317 3824 398 3891 μιᾷ
421 3825 690 3894 προσφορᾷ
719 3823 1068 3876 τετελείωκεν
1089 3824 1165 3885 εἰς
1188 3820 1250 3873 τὸ
1271 3821 1510 3891 διηνεκὲς
1537 3823 1661 3885 τοὺς
1687 3824 1846 3890 ἁγια-

313 3910 555 3982 ζομένους.
584 3917 752 3968 Τουτὶ
801 3915 910 3984 γὰρ
957 3909 1111 3981 οἶμαι
1155 3913 1348 3983 δηλοῦν
1395 3913 1485 3965 τὸν
1535 3914 1679 3985 ἱερὸν
1716 3916 1846 3986 ἡμῖν

317 4001 514 4068 λέγοντα
536 4003 746 4056 Παῦλον
764 4017 778 4032 ⁸
815 4022 833 4053 ι
857 4003 946 4054 Ἑν
973 3994 1018 4068 ᾧ
1048 4000 1156 4070 γὰρ
1183 3998 1446 4062 πέπονθεν
1471 3999 1630 4062 αὐτὸς
1656 4016 1847 4072 πειρα-

320 4088 479 4155 σθεὶς,
524 4091 736 4146 δύναται
790 4093 901 4152 τοῖς
951 4089 1361 4160 πειραζομένοις
1412 4087 1695 4159 βοηθῆσαι.
1726 4107 1745 4141 ι
1782 4088 1846 4142 Τί

313 4182 468 4235 τοίνυν
490 4186 603 4254 ἡμῖν
631 4183 746 4237 τῶν
777 4184 856 4245 εἰς
878 4181 1154 4234 εὐσέϐειαν
1178 4179 1472 4250 ἀφειδήσας
1495 4180 1732 4243 ἐννοιῶν,
1754 4181 1848 4234 καὶ

306 4273 399 4326 τῶν
426 4277 497 4339 είς
523 4277 800 4347 ὀρθότητα
821 4275 929 4327 ’καὶ
959 4272 1212 4342 ἀληθειαν
1246 4274 1614 4344 ἀποφοιτήσας
1651 4273 1844 4343 λόγων,

313 4367 361 4419 ’0
388 4368 574 4435 παθὼν,
604 4370 802 4438 φησιν,
839 4366 1122 4436 ἀρχιερεὺς
1165 4365 1407 4434 ἐλεήμων
1429 4381 1444 4394 σ
1479 4364 1717 4434 παθητὸς
1741 4366 1796 4419 δὲ
1817 4367 1845 4419 6

304 4458 424 4522 ναὸς,
451 4461 542 4529 οὐχ
562 4462 591 4513 6
627 4456 896 4522 ζωοποιὸς
915 4454 1009 4507 τοῦ
1034 4455 1360 4516 πεπονθότος
1393 4453 1559 4520 Θεός;
1588 4455 1709 4508 Ὅτι
1754 4456 1851 4525 μὲν

301 4545 377 4602 οὖν
403 4551 555 4620 σαρκὶ
589 4547 871 4600 πέπονθεν
901 4544 1040 4598 ἑκὼν
1062 4545 1128 4598 δι’
1157 4546 1303 4614 ἡμᾶς
1330 4547 1358 4598 ὁ
1381 4545 1473 4598 τοῦ
1497 4544 1632 4598 Θεοῦ
1658 4545 1851 4613 Λόγος,

303 4637 349 4687 ἐν
382 4637 481 4707 ἰδίῳ
507 4636 700 4708 καιρῷ
741 4636 1112 4706 δειχθήσεται⁶
1147 4634 1229 4688 ὅτι
1257 4635 1314 4687 δὲ
1352 4634 1562 4704 μερίζει
1595 4634 1686 4687 τὸν
1712 4635 1854 4704 ἀμιξ-⁸

303 4743 477 4796 ριστον,
507 4731 607 4783 καὶ
636 4727 738 4781 δύο
771 4727 1058 4799 πρεσϐεύει
1085 4728 1346 4798 Χριστοὺς
1370 4729 1435 4796 τῇ
1461 4726 1567 4778 τῶν
1596 4725 1739 4778 ἰδίων
1769 4727 1858 4777 sv-

301 4819 433 4873 νοιῶν
451 4821 709 4892 δυνάμει,
734 4819 836 4874 κᾶν
862 4822 910 4872 εἰ
945 4819 1182 4887 φαίνοιτό
1236 4835 1334 4870 που
1361 4817 1594 4885 Χριστὸν
1636 4815 1732 4868 ἕνα
1765 4815 1856 4869 λέ-

1947 3187 2180 3254 aliquam
2207 3187 2478 3239 victimam
2506 3183 2652 3238 Patri
2689 3183 2904 3248 offerre,
2932 3185 3038 3256 '75
3059 3187 3164 3240 (sed
3192 3188 3425 3242 divinam
3462 3206 3528 3246 ac

1945 3274 2266 3342 spiritalem,
2295 3284 2350 3327 et
2377 3289 2475 3342 pro
2502 3285 2690 3328 sancto
2715 3276 3061 3330 tabernaculo
3084 3276 3278 3330 ctelum
3306 3279 3526 3337 habere.
3625 3329 3632 3335 .

1946 3365 2067 3419 Non
2101 3368 2245 3420 enim
2280 3366 2576 3420 secundum
2611 3365 2781 3434 legem
2821 3369 3058 3422 mandati
3091 3369 3328 3424 carnalis
3355 3370 3530 3428 factus

1945 3471 2025 3511 est
2047 3459 2325 3518 sacerdos,
2361 3457 2454 3511 sed
2478 3459 2769 3511 secundum
2797 3459 3046 3512 virtutem
3072 3461 3526 3528 vita-insolubilis,

1947 3560 2005 3602 ut
2059 3551 2320 3618 scriptum
2374 3558 2457 3602 est
2495 3549 2564 3606 ³⁷.
2629 3549 2831 3603 Fidelis
2879 3560 2965 3604 est
3013 3551 3174 3620 igitur
3221 3555 3386 3608 etiam
3428 3555 3530 3609 hac

1948 3641 2176 3704 ratione,
2225 3649 2280 3694 et
2314 3640 2699 3694 accedentibus
2742 3640 3025 3708 fidejussor
3050 3643 3119 3697 ad
3153 3644 3381 3700 salutem
3423 3646 3532 3700 illis

1945 3743 1998 3786 et
2028 3732 2245 3801 quidem
2273 3730 2528 3786 facillime
2550 3735 2912 3801 praestandam
2941 3752 2954 3788 :
2983 3737 3245 3804 sanguine
3265 3737 3408 3790 enim
3432 3753 3532 3792 suo

1946 3834 2001 3877 et
2023 3839 2129 3876 una
2153 3823 2429 3877 oblatione
2456 3827 2848 3879 consummavit
2872 3826 2922 3878 in
2940 3835 3201 3879 aeternum
3219 3830 3530 3884 sanctifica-

1951 3924 2065 3968 tos:
2097 3913 2152 3968 id
2179 3929 2412 3982 namque
2443 3915 2598 3968 nobis
2626 3916 2838 3968 beatum
2859 3914 3084 3968 Paulum
3107 3917 3410 3985 significare
3435 3936 3532 3987 pu—

1948 4015 2023 4071 ιο,
2043 4021 2163 4060 cum
2189 4006 2316 4059 dicit
2341 4021 2354 4056 :
2384 4023 2405 4056 ι
2434 4005 2487 4058 ln
2507 4021 2612 4074 quo
2639 4006 2780 4058 enim
2808 4020 2996 4072 passus
3021 4016 3106 4058 est
3131 4007 3242 4072 ipse
3268 4015 3526 4073 tentatus,

1947 4108 2138 4167 potens
2159 4106 2239 4152 est
2263 4097 2344 4151 eis
2371 4097 2460 4165 qui
2492 4104 2786 4158 tentantur,
2808 4095 3054 4149 auxiliari
3089 4097 3152 4150 ⁸⁸.
3185 4115 3203 4146 ι
3235 4098 3342 4151 Cur
3369 4100 3531 4169 igitur

1948 4189 2146 4259 pietate
2186 4187 2576 4241 sententiarum
2613 4185 2880 4253 neglecta,
2921 4194 2974 4238 et
3006 4201 3034 4238 a
3082 4188 3243 4241 rectis
3277 4193 3531 4258 verisque

1948 4277 2295 4334 sermonibus
2333 4276 2652 4339 abscedens,
2685 4276 2787 4340 Qui
2815 4291 3004 4343 passus
3033 4285 3134 4341 est,
3167 4277 3360 4345 inquit,
3387 4277 3534 4333 Pon-

1954 4370 2080 4423 tifex
2116 4378 2201 4422 est
2241 4367 2332 4422 ille
2379 4367 2705 4432 misericors,
2754 4367 2972 4435 patibile
3018 4382 3148 4421 vero
3185 4369 3355 4436 ipsum
3399 4379 3534 4424 tern-

1955 4460 2123 4529 plum,
2157 4475 2261 4512 non
2305 4458 2393 4512 ille
2435 4457 2740 4511 vivificator
2771 4459 2932 4527 passi.
2959 4458 3135 4512 Deus?
3165 4458 3341 4513 Carne
3369 4461 3537 4530 igitur

1956 4560 2148 4619 sponte
2186 4560 2405 4619 propter
2437 4563 2534 4604 nos
2559 4561 2775 4617 passum
2803 4563 2921 4602 esse
2949 4548 3120 4615 ipsum
3149 4549 3240 4604 Dei
3271 4547 3530 4616 Verbum,

1956 4657 2054 4697 suo
2087 4651 2327 4709 tempore
2362 4640 2818 4694 demonstrabitur
2857 4657 2871 4692 :
2905 4640 2997 4693 sed
3041 4640 3370 4695 individuum
3396 4641 3532 4694 divi-

1959 4733 2106 4795 dere,
2134 4733 2373 4800 dttosque
2404 4731 2650 4784 Christos
2680 4746 2746 4783 ex
2779 4731 2828 4783 vi
2873 4746 3093 4784 suarum
3141 4733 3528 4785 sententiarum

1959 4823 2272 4891 pradicare,
2289 4823 2500 4875 tametsi
2526 4823 2847 4889 quandoque
2871 4837 3033 4873 unum
3053 4821 3327 4876 Christum
3351 4824 3530 4875 dicere

300 4927 410 4977 των,
439 4914 590 4967 οὐδὲν
622 4910 793 4985 ἦττον
833 4910 1218 4981 ἐλεγχθήσεται
1270 4909 1363 4962 καὶ
1403 4908 1493 4961 διὰ
1534 4907 1644 4960 τῶν
1695 4908 1842 4971 εὐθὺς

1963 4912 2231 4972 videatur,
2268 4909 2616 4963 nihilominus
2641 4924 2708 4963 ex
2734 4910 2818 4962 his
2841 4923 2960 4979 quae
2987 4909 3166 4960 statim
3194 4908 3372 4971 infert,
3401 4923 3530 4983 coq-

301 5002 730 5074 ἐπενηνεγμένων
749 5018 763 5030 ·
789 5001 895 5068 ἔφη
918 5000 1024 5071 γὰρ
1059 4999 1219 5052 πάλιν
1236 5017 1249 5028 ’
1305 5053 1316 5064 ,

1965 5001 2206 5053 vincetur
2236 5017 2248 5052 :
2274 4999 2410 5052 dixit
2438 5001 2580 5052 enim
2613 5015 2798 5052 rursus
2849 5017 2862 5053 :

360 5091 408 5165 [ι
434 5096 677 5164 Σπέρμα
720 5092 971 5162 Ἀϐραὰμ
1009 5093 1038 5143 6
1073 5091 1198 5159 χθὲς
1243 5091 1334 5142 καὶ
1364 5092 1601 5160 σήμερον
1622 5130 1636 5152 ,
1669 5108 1686 5140 ι
1716 5088 1842 5142 κατέ

2036 5091 2297 5162 [Νεετοιι.
2329 5109 2348 5141 ι
2375 5090 2571 5144 Semen
2605 5091 2876 5144 Abraham
2909 5091 2952 5143 is
2980 5099 3064 5142 est
3099 5089 3187 5156 qui
3218 5085 3332 5139 heri
3363 5097 3445 5160 est
3477 5097 3533 5142 et

305 5185 385 5252 τὴν
405 5187 492 5240 τοῦ
517 5185 742 5240 Παύλου
774 5183 978 5254 φωνὴν,
1002 5183 1098 5252 οὐχ
1119 5181 1146 5231 ὁ
1166 5183 1358 5251 λέγων,
1389 5201 1407 5234 ι
1433 5183 1567 5251 Πρὶν
1606 5179 1842 5251 Ἀϐραὰμ

1968 5183 2145 5245 hodie,
2178 5203 2195 5233 ι
2227 5193 2280 5234 ut
2307 5181 2507 5236 Paulus
2525 5181 2702 5244 ait‘”,
2726 5196 2827 5232 non
2856 5182 2942 5246 qui
2970 5179 3098 5232 dixit
3128 5196 3143 5230 :
3172 5177 3530 5247 «Priusquam

302 5277 552 5342 γενέσθαι,
607 5274 724 5344 ἐγώ
769 5276 904 5344 εἰμι.
931 5293 949 5324 ι
1000 5275 1219 5343 Ὅμοιος
1260 5276 1371 5335 τοῖς
1418 5271 1666 5340 ἀδελφοῖς
1721 5271 1842 5324 κατέ

1965 5275 2235 5328 Abraham
2274 5275 2446 5339 ﬁeret,
2480 5288 2578 5341 ego
2603 5287 2720 5327 sum
2747 5271 2810 5325 '9.
2839 5289 2856 5321 ι
2891 5269 3095 5323 Similis
3135 5267 3393 5320 fratribus
3437 5283 3534 5337 per

302 5365 477 5432 πάντα,
529 5371 560 5422 6
593 5368 775 5436 ψυχῆς
817 5365 1160 5435 ἀνθρωπίνης
1205 5363 1301 5416 καὶ
1333 5363 1534 5432 σαρκὸς
1573 5361 1842 5416 ἅναλαὸὼι

1964 5367 2145 5419 omnia
2163 5365 2230 5429 δ’,
2252 5368 2343 5436 qui
2374 5368 2618 5419 humana:
2646 5363 2911 5430 animmet
2930 5361 3112 5415 carnis
3135 5360 3528 5416 fraternitatem

2637 5538 2678 5568 ³⁷
2722 5536 2886 5592 llebr.
2913 5551 3006 5603 vn,
3029 5535 3120 5589 25.
3199 5535 3241 5565 ³³
3282 5533 3440 5587 llebr.
3470 5545 3535 5602 tt,

360 5546 402 5578 ³³
432 5546 565 5600 an.
590 5560 641 5609 ν,
665 5546 758 5600 24.
833 5545 880 5576 ³¹⁸
913 5545 932 5596 l
963 5544 1085 5598 Cor.
1112 5559 1165 5601 κ.
1193 5542 1274 5594 13.
1350 5542 1392 5573 ³⁸
1425 5541 1585 5594 llebr.
1613 5555 1712 5599 vu,
1734 5541 1842 5594 254

2002 5541 2045 5570 '°
2082 5539 2241 5594 Hebr.
2270 5556 2378 5602 vnt,
2407 5540 2457 5599 l,
2481 5538 2535 5591 9..

304 5617 379 5672 l8.
449 5617 514 5647 ³⁸”
557 5616 715 5670 llehr.
745 5618 918 5678 xtn,8.
995 5614 1035 5645 ³⁹
1067 5613 1218 5667 .luan.
1249 5627 1360 5675 vttt,
1387 5612 1474 5664 58.
1550 5611 1594 5641 ⁸ο
1633 5611 1792 5663 llcbr-
1821 5628 1833 5662 I

1945 5611 1990 5664 7.
2569 5643 2575 5652 -

2096 5818 2128 5842 Χ
