  <div class='ocr_page' id='page_1' title='image "/cluster/home/n/w/nwhite01/storage/ocr_20150623/76/hvd.32044073501439/073.png"; bbox 0 0 4004 6202; ppageno 0'>
   <div class='ocr_carea' id='block_1_1' title="bbox 471 253 587 309">
    <p class='ocr_par' dir='ltr' id='par_1_1' title="bbox 471 253 587 309">
     <span class='ocr_line' id='line_1_1' title="bbox 471 253 587 309; baseline 0.017 -2"><span class='ocrx_word' id='word_1_1' title='bbox 471 253 587 309; x_wconf 64' lang='lat'><strong>135&#39;</strong></span> 
     </span>
    </p>
   </div>
   <div class='ocr_carea' id='block_1_2' title="bbox 1497 236 2729 307">
    <p class='ocr_par' dir='ltr' id='par_1_2' title="bbox 1497 236 2729 307">
     <span class='ocr_line' id='line_1_2' title="bbox 1497 236 2729 307; baseline -0.006 -8"><span class='ocrx_word' id='word_1_2' title='bbox 1497 244 1571 307; x_wconf 91' lang='lat' dir='ltr'><strong>S._</strong></span> <span class='ocrx_word' id='word_1_3' title='bbox 1595 242 1871 299; x_wconf 79' lang='lat' dir='ltr'><strong>CYRILLI</strong></span> <span class='ocrx_word' id='word_1_4' title='bbox 1907 238 2375 297; x_wconf 76' lang='lat' dir='ltr'><strong>ALEXANDBINI</strong></span> <span class='ocrx_word' id='word_1_5' title='bbox 2410 236 2729 294; x_wconf 82' lang='lat' dir='ltr'><strong>ARCHIEP.</strong></span> 
     </span>
    </p>
   </div>
   <div class='ocr_carea' id='block_1_3' title="bbox 3610 236 3712 291">
    <p class='ocr_par' dir='ltr' id='par_1_3' title="bbox 3610 236 3712 291">
     <span class='ocr_line' id='line_1_3' title="bbox 3610 236 3712 291; baseline 0 -1"><span class='ocrx_word' id='word_1_6' title='bbox 3610 236 3712 291; x_wconf 74' lang='grc'><strong>136</strong></span> 
     </span>
    </p>
   </div>
   <div class='ocr_carea' id='block_1_4' title="bbox 468 357 2028 440">
    <p class='ocr_par' dir='ltr' id='par_1_4' title="bbox 468 364 2028 440">
     <span class='ocr_line' id='line_1_4' title="bbox 468 364 2028 440; baseline -0.006 -14"><span class='ocrx_word' id='word_1_7' title='bbox 468 369 732 440; x_wconf 82' lang='lat' dir='ltr'><strong>suscepit,</strong></span> <span class='ocrx_word' id='word_1_8' title='bbox 763 382 870 423; x_wconf 91' lang='lat' dir='ltr'><strong>non</strong></span> <span class='ocrx_word' id='word_1_9' title='bbox 895 368 988 424; x_wconf 92' lang='lat' dir='ltr'><strong>ille</strong></span> <span class='ocrx_word' id='word_1_10' title='bbox 1032 366 1124 437; x_wconf 87' lang='lat' dir='ltr'><strong>qui</strong></span> <span class='ocrx_word' id='word_1_11' title='bbox 1173 365 1348 421; x_wconf 83' lang='lat' dir='ltr'><strong>dixit:</strong></span> <span class='ocrx_word' id='word_1_12' title='bbox 1391 384 1410 418; x_wconf 77' lang='grc' dir='ltr'><strong>ι</strong></span> <span class='ocrx_word' id='word_1_13' title='bbox 1451 364 1550 432; x_wconf 86' lang='lat' dir='ltr'><strong>Qui</strong></span> <span class='ocrx_word' id='word_1_14' title='bbox 1581 364 1716 418; x_wconf 89' lang='lat' dir='ltr'><strong>vidit</strong></span> <span class='ocrx_word' id='word_1_15' title='bbox 1764 379 1868 429; x_wconf 89' lang='lat' dir='ltr'><strong>me,</strong></span> <span class='ocrx_word' id='word_1_16' title='bbox 1895 364 2028 418; x_wconf 89' lang='lat' dir='ltr'><strong>vidit</strong></span> 
     </span>
    </p>
   </div>
   <div class='ocr_carea' id='block_1_5' title="bbox 2132 357 3710 440">
    <p class='ocr_par' dir='ltr' id='par_1_5' title="bbox 2132 357 3710 431">
     <span class='ocr_line' id='line_1_5' title="bbox 2132 357 3710 431; baseline -0.003 -16"><span class='ocrx_word' id='word_1_17' title='bbox 2132 361 2487 431; x_wconf 84' lang='grc' dir='ltr'><strong>ἀδελφότητα,</strong></span> <span class='ocrx_word' id='word_1_18' title='bbox 2504 360 2601 430; x_wconf 84' lang='grc' dir='ltr'><strong>οὐχ</strong></span> <span class='ocrx_word' id='word_1_19' title='bbox 2619 360 2648 411; x_wconf 99' lang='lat'><strong>6</strong></span> <span class='ocrx_word' id='word_1_20' title='bbox 2662 359 2835 427; x_wconf 83' lang='grc' dir='ltr'><strong>λέγων</strong></span> <span class='ocrx_word' id='word_1_21' title='bbox 2860 374 2875 391; x_wconf 91' lang='grc'><strong>·</strong></span> <span class='ocrx_word' id='word_1_22' title='bbox 2913 359 2971 413; x_wconf 89' lang='lat'><strong>&#39;0</strong></span> <span class='ocrx_word' id='word_1_23' title='bbox 2985 358 3238 431; x_wconf 80' lang='grc' dir='ltr'><strong>ἑωρακὼς</strong></span> <span class='ocrx_word' id='word_1_24' title='bbox 3257 358 3372 431; x_wconf 71' lang='grc' dir='ltr'><strong>ἐμὲ,</strong></span> <span class='ocrx_word' id='word_1_25' title='bbox 3392 357 3601 431; x_wconf 73' lang='grc' dir='ltr'><strong>ἑώρακε</strong></span> <span class='ocrx_word' id='word_1_26' title='bbox 3616 358 3710 412; x_wconf 76' lang='grc' dir='ltr'><strong>τὸν</strong></span> 
     </span>
    </p>
   </div>
   <div class='ocr_carea' id='block_1_6' title="bbox 468 453 2036 517">
    <p class='ocr_par' dir='ltr' id='par_1_6' title="bbox 468 453 2036 517">
     <span class='ocr_line' id='line_1_6' title="bbox 468 453 2036 517; baseline -0.007 0"><span class='ocrx_word' id='word_1_27' title='bbox 468 475 523 517; x_wconf 88' lang='lat' dir='ltr'><strong>et</strong></span> <span class='ocrx_word' id='word_1_28' title='bbox 543 462 758 517; x_wconf 85' lang='lat' dir='ltr'><strong>Patrem</strong></span> <span class='ocrx_word' id='word_1_29' title='bbox 790 461 833 492; x_wconf 67' lang='grc' dir='ltr'>δι</span> <span class='ocrx_word' id='word_1_30' title='bbox 884 479 903 512; x_wconf 67' lang='grc' dir='ltr'><strong>ι</strong></span> <span class='ocrx_word' id='word_1_31' title='bbox 935 458 1140 514; x_wconf 82' lang='lat' dir='ltr'><strong>Missus</strong></span> <span class='ocrx_word' id='word_1_32' title='bbox 1168 467 1250 512; x_wconf 89' lang='lat' dir='ltr'><strong>est</strong></span> <span class='ocrx_word' id='word_1_33' title='bbox 1277 464 1456 510; x_wconf 89' lang='lat' dir='ltr'><strong>autem</strong></span> <span class='ocrx_word' id='word_1_34' title='bbox 1490 453 1577 509; x_wconf 91' lang='lat' dir='ltr'><strong>ille</strong></span> <span class='ocrx_word' id='word_1_35' title='bbox 1612 455 1766 509; x_wconf 88' lang='lat' dir='ltr'><strong>nobis</strong></span> <span class='ocrx_word' id='word_1_36' title='bbox 1801 456 2036 509; x_wconf 88' lang='lat' dir='ltr'><strong>consub-</strong></span> 
     </span>
    </p>
   </div>
   <div class='ocr_carea' id='block_1_7' title="bbox 466 545 2037 615">
    <p class='ocr_par' dir='ltr' id='par_1_7' title="bbox 466 545 2037 615">
     <span class='ocr_line' id='line_1_7' title="bbox 466 545 2037 615; baseline -0.005 -8"><span class='ocrx_word' id='word_1_37' title='bbox 466 548 772 615; x_wconf 77' lang='lat' dir='ltr'><strong>stautialis,</strong></span> <span class='ocrx_word' id='word_1_38' title='bbox 822 562 877 606; x_wconf 90' lang='lat' dir='ltr'><strong>et</strong></span> <span class='ocrx_word' id='word_1_39' title='bbox 900 560 1093 605; x_wconf 89' lang='lat' dir='ltr'><strong>unctus</strong></span> <span class='ocrx_word' id='word_1_40' title='bbox 1132 557 1213 602; x_wconf 89' lang='lat' dir='ltr'><strong>est</strong></span> <span class='ocrx_word' id='word_1_41' title='bbox 1240 546 1547 614; x_wconf 72' lang='lat' dir='ltr'><strong>przedicans</strong></span> <span class='ocrx_word' id='word_1_42' title='bbox 1577 545 1809 615; x_wconf 73' lang='lat' dir='ltr'><strong>captivis</strong></span> <span class='ocrx_word' id='word_1_43' title='bbox 1843 545 2037 600; x_wconf 84' lang='lat' dir='ltr'><strong>remis-</strong></span> 
     </span>
    </p>
   </div>
   <div class='ocr_carea' id='block_1_8' title="bbox 467 634 2035 704">
    <p class='ocr_par' dir='ltr' id='par_1_8' title="bbox 467 634 2035 704">
     <span class='ocr_line' id='line_1_8' title="bbox 467 634 2035 704; baseline -0.006 -7"><span class='ocrx_word' id='word_1_44' title='bbox 467 643 675 697; x_wconf 76' lang='lat' dir='ltr'><strong>siauem</strong></span> <span class='ocrx_word' id='word_1_45' title='bbox 709 650 764 694; x_wconf 91' lang='lat' dir='ltr'><strong>et</strong></span> <span class='ocrx_word' id='word_1_46' title='bbox 808 640 966 694; x_wconf 69' lang='lat' dir='ltr'><strong>cmcis</strong></span> <span class='ocrx_word' id='word_1_47' title='bbox 1013 639 1187 691; x_wconf 84' lang='lat' dir='ltr'><strong>visum</strong></span> <span class='ocrx_word' id='word_1_48' title='bbox 1206 636 1318 689; x_wconf 65' lang='grc' dir='ltr'><strong>δἐι</strong></span> <span class='ocrx_word' id='word_1_49' title='bbox 1358 636 1594 704; x_wconf 84' lang='lat' dir='ltr'><strong>Spiritus</strong></span> <span class='ocrx_word' id='word_1_50' title='bbox 1632 635 1777 690; x_wconf 89' lang='lat' dir='ltr'><strong>enim</strong></span> <span class='ocrx_word' id='word_1_51' title='bbox 1821 634 2035 689; x_wconf 85' lang='lat' dir='ltr'><strong>Domini</strong></span> 
     </span>
    </p>
   </div>
   <div class='ocr_carea' id='block_1_9' title="bbox 468 723 1714 802">
    <p class='ocr_par' dir='ltr' id='par_1_9' title="bbox 468 723 1714 802">
     <span class='ocr_line' id='line_1_9' title="bbox 468 723 1714 802; baseline -0.007 -16"><span class='ocrx_word' id='word_1_52' title='bbox 468 747 632 802; x_wconf 85' lang='lat' dir='ltr'><strong>super</strong></span> <span class='ocrx_word' id='word_1_53' title='bbox 669 745 753 785; x_wconf 90' lang='lat' dir='ltr'><strong>me</strong></span> <span class='ocrx_word' id='word_1_54' title='bbox 773 769 788 795; x_wconf 90' lang='lat'><strong>,</strong></span> <span class='ocrx_word' id='word_1_55' title='bbox 818 738 1040 798; x_wconf 87' lang='lat' dir='ltr'><strong>pr0pter</strong></span> <span class='ocrx_word' id='word_1_56' title='bbox 1066 728 1209 797; x_wconf 88' lang='lat' dir='ltr'><strong>quod</strong></span> <span class='ocrx_word' id='word_1_57' title='bbox 1249 727 1403 779; x_wconf 81' lang='lat' dir='ltr'><strong>unxit</strong></span> <span class='ocrx_word' id='word_1_58' title='bbox 1431 739 1537 779; x_wconf 90' lang='lat' dir='ltr'><strong>me.</strong></span> <span class='ocrx_word' id='word_1_59' title='bbox 1570 723 1620 797; x_wconf 73' lang='grc' dir='ltr'><strong>ο]</strong></span> <span class='ocrx_word' id='word_1_60' title='bbox 1711 752 1714 755; x_wconf 58' lang='grc' dir='ltr'><strong>π</strong></span> 
     </span>
    </p>
   </div>
   <div class='ocr_carea' id='block_1_10' title="bbox 1123 859 1431 918">
    <p class='ocr_par' dir='ltr' id='par_1_10' title="bbox 1123 859 1431 918">
     <span class='ocr_line' id='line_1_10' title="bbox 1123 859 1431 918; baseline -0.026 -3"><span class='ocrx_word' id='word_1_61' title='bbox 1123 860 1277 918; x_wconf 86' lang='lat' dir='ltr'><strong>CAP.</strong></span> <span class='ocrx_word' id='word_1_62' title='bbox 1319 859 1431 914; x_wconf 53' lang='grc' dir='ltr'><strong>ηιμ</strong></span> 
     </span>
    </p>
   </div>
   <div class='ocr_carea' id='block_1_11' title="bbox 544 991 2031 1066">
    <p class='ocr_par' dir='ltr' id='par_1_11' title="bbox 544 991 2031 1066">
     <span class='ocr_line' id='line_1_11' title="bbox 544 991 2031 1066; baseline -0.005 -15"><span class='ocrx_word' id='word_1_63' title='bbox 544 996 747 1052; x_wconf 82' lang='lat' dir='ltr'><strong>Dividit</strong></span> <span class='ocrx_word' id='word_1_64' title='bbox 780 1010 910 1066; x_wconf 86' lang='lat' dir='ltr'><strong>ergo</strong></span> <span class='ocrx_word' id='word_1_65' title='bbox 939 1009 1151 1049; x_wconf 82' lang='lat' dir='ltr'><strong>rursum</strong></span> <span class='ocrx_word' id='word_1_66' title='bbox 1186 994 1239 1047; x_wconf 90' lang='lat' dir='ltr'><strong>in</strong></span> <span class='ocrx_word' id='word_1_67' title='bbox 1274 994 1427 1055; x_wconf 88' lang='lat' dir='ltr'><strong>duos.</strong></span> <span class='ocrx_word' id='word_1_68' title='bbox 1456 1000 1514 1046; x_wconf 91' lang='lat' dir='ltr'><strong>ut</strong></span> <span class='ocrx_word' id='word_1_69' title='bbox 1537 991 1882 1062; x_wconf 89' lang='lat' dir='ltr'><strong>perspicuum</strong></span> <span class='ocrx_word' id='word_1_70' title='bbox 1911 1000 2031 1046; x_wconf 90' lang='lat' dir='ltr'><strong>est:</strong></span> 
     </span>
    </p>
   </div>
   <div class='ocr_carea' id='block_1_12' title="bbox 469 1083 2039 1158">
    <p class='ocr_par' dir='ltr' id='par_1_12' title="bbox 469 1083 2039 1158">
     <span class='ocr_line' id='line_1_12' title="bbox 469 1083 2039 1158; baseline -0.005 -15"><span class='ocrx_word' id='word_1_71' title='bbox 469 1090 615 1158; x_wconf 82' lang='lat' dir='ltr'><strong>atqui</strong></span> <span class='ocrx_word' id='word_1_72' title='bbox 650 1088 919 1156; x_wconf 89' lang='lat' dir='ltr'><strong>quomodo</strong></span> <span class='ocrx_word' id='word_1_73' title='bbox 968 1101 1077 1141; x_wconf 90' lang='lat' dir='ltr'><strong>non</strong></span> <span class='ocrx_word' id='word_1_74' title='bbox 1116 1084 1459 1140; x_wconf 85' lang='lat' dir='ltr'><strong>convinceris</strong></span> <span class='ocrx_word' id='word_1_75' title='bbox 1495 1083 1745 1151; x_wconf 83' lang='lat' dir='ltr'><strong>animalis</strong></span> <span class='ocrx_word' id='word_1_76' title='bbox 1796 1096 1938 1147; x_wconf 90' lang='lat' dir='ltr'><strong>esse,</strong></span> <span class='ocrx_word' id='word_1_77' title='bbox 1983 1091 2039 1136; x_wconf 89' lang='lat' dir='ltr'><strong>et</strong></span> 
     </span>
    </p>
   </div>
   <div class='ocr_carea' id='block_1_13' title="bbox 467 1172 2035 1249">
    <p class='ocr_par' dir='ltr' id='par_1_13' title="bbox 467 1172 2035 1249">
     <span class='ocr_line' id='line_1_13' title="bbox 467 1172 2035 1249; baseline -0.004 -17"><span class='ocrx_word' id='word_1_78' title='bbox 467 1181 716 1249; x_wconf 81' lang='lat' dir='ltr'><strong>spiritum</strong></span> <span class='ocrx_word' id='word_1_79' title='bbox 759 1193 866 1232; x_wconf 89' lang='lat' dir='ltr'><strong>non</strong></span> <span class='ocrx_word' id='word_1_80' title='bbox 894 1177 1117 1239; x_wconf 89' lang='lat' dir='ltr'><strong>habere,</strong></span> <span class='ocrx_word' id='word_1_81' title='bbox 1161 1185 1221 1229; x_wconf 92' lang='lat' dir='ltr'><strong>ut</strong></span> <span class='ocrx_word' id='word_1_82' title='bbox 1276 1175 1353 1229; x_wconf 87' lang='lat' dir='ltr'><strong>ait</strong></span> <span class='ocrx_word' id='word_1_83' title='bbox 1401 1174 1491 1228; x_wconf 89' lang='lat' dir='ltr'><strong>ille</strong></span> <span class='ocrx_word' id='word_1_84' title='bbox 1523 1172 1825 1228; x_wconf 87' lang='lat' dir='ltr'><strong>Salvatoris</strong></span> <span class='ocrx_word' id='word_1_85' title='bbox 1862 1173 2035 1228; x_wconf 84' lang='lat' dir='ltr'><strong>nostri</strong></span> 
     </span>
    </p>
   </div>
   <div class='ocr_carea' id='block_1_14' title="bbox 468 1262 2035 1338">
    <p class='ocr_par' dir='ltr' id='par_1_14' title="bbox 468 1262 2035 1338">
     <span class='ocr_line' id='line_1_14' title="bbox 468 1262 2035 1338; baseline -0.005 -15"><span class='ocrx_word' id='word_1_86' title='bbox 468 1268 800 1338; x_wconf 85' lang='lat' dir='ltr'><strong>discipulus?</strong></span> <span class='ocrx_word' id='word_1_87' title='bbox 839 1265 946 1322; x_wconf 91' lang='lat' dir='ltr'><strong>Sed</strong></span> <span class='ocrx_word' id='word_1_88' title='bbox 978 1270 1062 1321; x_wconf 82' lang='lat' dir='ltr'><strong>vis</strong></span> <span class='ocrx_word' id='word_1_89' title='bbox 1087 1278 1237 1319; x_wconf 89' lang='lat' dir='ltr'><strong>certe</strong></span> <span class='ocrx_word' id='word_1_90' title='bbox 1268 1265 1382 1333; x_wconf 89' lang='lat' dir='ltr'><strong>ipsa</strong></span> <span class='ocrx_word' id='word_1_91' title='bbox 1413 1263 1658 1317; x_wconf 85' lang='lat' dir='ltr'><strong>veritatis</strong></span> <span class='ocrx_word' id='word_1_92' title='bbox 1693 1264 1798 1316; x_wconf 91' lang='lat' dir='ltr'><strong>tuis</strong></span> <span class='ocrx_word' id='word_1_93' title='bbox 1835 1262 2035 1324; x_wconf 85' lang='lat' dir='ltr'><strong>verbis,</strong></span> 
     </span>
    </p>
   </div>
   <div class='ocr_carea' id='block_1_15' title="bbox 467 1352 2037 1429">
    <p class='ocr_par' dir='ltr' id='par_1_15' title="bbox 467 1352 2037 1429">
     <span class='ocr_line' id='line_1_15' title="bbox 467 1352 2037 1429; baseline -0.005 -14"><span class='ocrx_word' id='word_1_94' title='bbox 467 1363 615 1429; x_wconf 91' lang='lat' dir='ltr'><strong>oqui</strong></span> <span class='ocrx_word' id='word_1_95' title='bbox 649 1361 719 1413; x_wconf 89' lang='lat' dir='ltr'><strong>ita</strong></span> <span class='ocrx_word' id='word_1_96' title='bbox 776 1359 968 1421; x_wconf 90' lang='lat' dir='ltr'><strong>sentis,</strong></span> <span class='ocrx_word' id='word_1_97' title='bbox 1020 1362 1305 1425; x_wconf 80' lang='lat' dir='ltr'><strong>repugnat.</strong></span> <span class='ocrx_word' id='word_1_98' title='bbox 1352 1352 1462 1408; x_wconf 88' lang='lat' dir='ltr'><strong>Nos</strong></span> <span class='ocrx_word' id='word_1_99' title='bbox 1517 1354 1660 1408; x_wconf 90' lang='lat' dir='ltr'><strong>enim</strong></span> <span class='ocrx_word' id='word_1_100' title='bbox 1709 1354 2037 1407; x_wconf 80' lang='lat' dir='ltr'><strong>allirmamus</strong></span> 
     </span>
    </p>
   </div>
   <div class='ocr_carea' id='block_1_16' title="bbox 470 1430 2034 1520">
    <p class='ocr_par' dir='ltr' id='par_1_16' title="bbox 470 1430 2034 1520">
     <span class='ocr_line' id='line_1_16' title="bbox 470 1430 2034 1520; baseline -0.006 -16"><span class='ocrx_word' id='word_1_101' title='bbox 470 1455 645 1520; x_wconf 89' lang='lat' dir='ltr'><strong>ipsum</strong></span> <span class='ocrx_word' id='word_1_102' title='bbox 676 1465 742 1505; x_wconf 77' lang='lat' dir='ltr'><strong>ex</strong></span> <span class='ocrx_word' id='word_1_103' title='bbox 776 1451 887 1505; x_wconf 90' lang='lat' dir='ltr'><strong>Deo</strong></span> <span class='ocrx_word' id='word_1_104' title='bbox 917 1449 1079 1502; x_wconf 82' lang='lat' dir='ltr'><strong>Patre</strong></span> <span class='ocrx_word' id='word_1_105' title='bbox 1126 1446 1358 1499; x_wconf 85' lang='lat' dir='ltr'><strong>Verbum</strong></span> <span class='ocrx_word' id='word_1_106' title='bbox 1387 1430 1806 1514; x_wconf 81' lang='lat' dir='ltr'><strong>apprehendisse</strong></span> <span class='ocrx_word' id='word_1_107' title='bbox 1851 1458 2034 1497; x_wconf 87' lang='lat' dir='ltr'><strong>semen</strong></span> 
     </span>
    </p>
   </div>
   <div class='ocr_carea' id='block_1_17' title="bbox 469 1534 2034 1604">
    <p class='ocr_par' dir='ltr' id='par_1_17' title="bbox 469 1534 2034 1604">
     <span class='ocr_line' id='line_1_17' title="bbox 469 1534 2034 1604; baseline -0.008 -7"><span class='ocrx_word' id='word_1_108' title='bbox 469 1542 765 1604; x_wconf 85' lang='lat' dir='ltr'><strong>Abraham,</strong></span> <span class='ocrx_word' id='word_1_109' title='bbox 797 1551 851 1593; x_wconf 87' lang='lat' dir='ltr'><strong>et</strong></span> <span class='ocrx_word' id='word_1_110' title='bbox 879 1554 1032 1593; x_wconf 90' lang='lat' dir='ltr'><strong>suum</strong></span> <span class='ocrx_word' id='word_1_111' title='bbox 1083 1536 1277 1590; x_wconf 80' lang='lat' dir='ltr'><strong>fecisse</strong></span> <span class='ocrx_word' id='word_1_112' title='bbox 1321 1550 1520 1604; x_wconf 90' lang='lat' dir='ltr'><strong>corpus</strong></span> <span class='ocrx_word' id='word_1_113' title='bbox 1548 1536 1729 1588; x_wconf 88' lang='lat' dir='ltr'><strong>anima</strong></span> <span class='ocrx_word' id='word_1_114' title='bbox 1779 1534 2034 1587; x_wconf 83' lang='lat' dir='ltr'><strong>rationali</strong></span> 
     </span>
    </p>
   </div>
   <div class='ocr_carea' id='block_1_18' title="bbox 468 1624 2036 1703">
    <p class='ocr_par' dir='ltr' id='par_1_18' title="bbox 468 1624 2036 1703">
     <span class='ocr_line' id='line_1_18' title="bbox 468 1624 2036 1703; baseline -0.008 -15"><span class='ocrx_word' id='word_1_115' title='bbox 468 1634 773 1703; x_wconf 73' lang='lat' dir='ltr'><strong>praeditum,</strong></span> <span class='ocrx_word' id='word_1_116' title='bbox 808 1631 959 1696; x_wconf 90' lang='lat' dir='ltr'><strong>illud,</strong></span> <span class='ocrx_word' id='word_1_117' title='bbox 995 1630 1247 1697; x_wconf 87' lang='lat' dir='ltr'><strong>inquam,</strong></span> <span class='ocrx_word' id='word_1_118' title='bbox 1275 1641 1339 1680; x_wconf 79' lang='lat' dir='ltr'><strong>ex</strong></span> <span class='ocrx_word' id='word_1_119' title='bbox 1382 1636 1564 1680; x_wconf 88' lang='lat' dir='ltr'><strong>sancta</strong></span> <span class='ocrx_word' id='word_1_120' title='bbox 1620 1624 1836 1696; x_wconf 89' lang='lat' dir='ltr'><strong>Virgine</strong></span> <span class='ocrx_word' id='word_1_121' title='bbox 1886 1640 2036 1680; x_wconf 86' lang='lat' dir='ltr'><strong>sum-</strong></span> 
     </span>
    </p>
   </div>
   <div class='ocr_carea' id='block_1_19' title="bbox 2136 449 3707 523">
    <p class='ocr_par' dir='ltr' id='par_1_19' title="bbox 2136 449 3707 523">
     <span class='ocr_line' id='line_1_19' title="bbox 2136 449 3707 523; baseline -0.002 -18"><span class='ocrx_word' id='word_1_122' title='bbox 2136 452 2377 523; x_wconf 78' lang='grc' dir='ltr'><strong>Πατέρα.</strong></span> <span class='ocrx_word' id='word_1_123' title='bbox 2411 471 2430 503; x_wconf 73' lang='grc' dir='ltr'><strong>ι</strong></span> <span class='ocrx_word' id='word_1_124' title='bbox 2511 449 2813 520; x_wconf 81' lang='grc' dir='ltr'><strong>’Δπεστάλη</strong></span> <span class='ocrx_word' id='word_1_125' title='bbox 2863 450 2921 503; x_wconf 78' lang='grc' dir='ltr'><strong>δὲ</strong></span> <span class='ocrx_word' id='word_1_126' title='bbox 2970 453 2998 503; x_wconf 93' lang='lat'><strong>6</strong></span> <span class='ocrx_word' id='word_1_127' title='bbox 3050 452 3179 521; x_wconf 78' lang='grc' dir='ltr'><strong>ἡμῖν</strong></span> <span class='ocrx_word' id='word_1_128' title='bbox 3244 451 3561 521; x_wconf 81' lang='grc' dir='ltr'><strong>ὁμοούσιος,</strong></span> <span class='ocrx_word' id='word_1_129' title='bbox 3615 449 3707 502; x_wconf 80' lang='grc' dir='ltr'><strong>καί</strong></span> 
     </span>
    </p>
   </div>
   <div class='ocr_carea' id='block_1_20' title="bbox 2134 539 3707 613">
    <p class='ocr_par' dir='ltr' id='par_1_20' title="bbox 2134 539 3707 613">
     <span class='ocr_line' id='line_1_20' title="bbox 2134 539 3707 613; baseline -0.003 -17"><span class='ocrx_word' id='word_1_130' title='bbox 2134 543 2417 612; x_wconf 79' lang='grc' dir='ltr'><strong>κέχρισται</strong></span> <span class='ocrx_word' id='word_1_131' title='bbox 2444 540 2731 613; x_wconf 82' lang='grc' dir='ltr'><strong>κηρύττων</strong></span> <span class='ocrx_word' id='word_1_132' title='bbox 2747 540 3108 610; x_wconf 75' lang='grc' dir='ltr'><strong>αἰχμαλώτοις</strong></span> <span class='ocrx_word' id='word_1_133' title='bbox 3131 541 3345 610; x_wconf 76' lang='grc' dir='ltr'><strong>ἄφεσιν,</strong></span> <span class='ocrx_word' id='word_1_134' title='bbox 3371 542 3465 594; x_wconf 72' lang='grc' dir='ltr'><strong>καὶ</strong></span> <span class='ocrx_word' id='word_1_135' title='bbox 3487 539 3707 609; x_wconf 78' lang='grc' dir='ltr'><strong>τυφλοῖς</strong></span> 
     </span>
    </p>
   </div>
   <div class='ocr_carea' id='block_1_21' title="bbox 2135 622 3706 702">
    <p class='ocr_par' dir='ltr' id='par_1_21' title="bbox 2135 622 3706 702">
     <span class='ocr_line' id='line_1_21' title="bbox 2135 622 3706 702; baseline -0.002 -17"><span class='ocrx_word' id='word_1_136' title='bbox 2135 631 2450 701; x_wconf 81' lang='grc' dir='ltr'><strong>ἀνάϐλεψιν.</strong></span> <span class='ocrx_word' id='word_1_137' title='bbox 2487 649 2507 683; x_wconf 84' lang='grc' dir='ltr'><strong>ι</strong></span> <span class='ocrx_word' id='word_1_138' title='bbox 2529 629 2756 701; x_wconf 80' lang='grc' dir='ltr'><strong>Πνεῦμα</strong></span> <span class='ocrx_word' id='word_1_139' title='bbox 2789 629 2897 702; x_wconf 81' lang='grc' dir='ltr'><strong>γὰρ</strong></span> <span class='ocrx_word' id='word_1_140' title='bbox 2923 629 3129 701; x_wconf 78' lang='grc' dir='ltr'><strong>Κυρίου</strong></span> <span class='ocrx_word' id='word_1_141' title='bbox 3158 631 3246 684; x_wconf 74' lang='grc' dir='ltr'><strong>ἐπ’</strong></span> <span class='ocrx_word' id='word_1_142' title='bbox 3279 631 3401 700; x_wconf 74' lang='grc' dir='ltr'><strong>ἐμὲ,</strong></span> <span class='ocrx_word' id='word_1_143' title='bbox 3438 622 3501 683; x_wconf 78' lang='grc' dir='ltr'><strong>οῦ</strong></span> <span class='ocrx_word' id='word_1_144' title='bbox 3521 631 3706 683; x_wconf 71' lang='grc' dir='ltr'><strong>ἕνεκεν</strong></span> 
     </span>
    </p>
   </div>
   <div class='ocr_carea' id='block_1_22' title="bbox 2136 718 2552 792">
    <p class='ocr_par' dir='ltr' id='par_1_22' title="bbox 2136 718 2552 792">
     <span class='ocr_line' id='line_1_22' title="bbox 2136 718 2552 792; baseline 0.005 -21"><span class='ocrx_word' id='word_1_145' title='bbox 2136 718 2320 792; x_wconf 69' lang='grc' dir='ltr'><strong>ἔχρισε</strong></span> <span class='ocrx_word' id='word_1_146' title='bbox 2362 736 2451 791; x_wconf 84' lang='grc' dir='ltr'><strong>με.</strong></span> <span class='ocrx_word' id='word_1_147' title='bbox 2485 737 2505 772; x_wconf 73' lang='grc' dir='ltr'><strong>ι</strong></span> <span class='ocrx_word' id='word_1_148' title='bbox 2534 719 2552 792; x_wconf 82' lang='lat'><strong>]</strong></span> 
     </span>
    </p>
   </div>
   <div class='ocr_carea' id='block_1_23' title="bbox 2737 854 3110 909">
    <p class='ocr_par' dir='ltr' id='par_1_23' title="bbox 2737 854 3110 909">
     <span class='ocr_line' id='line_1_23' title="bbox 2737 854 3110 909; baseline 0.003 -1"><span class='ocrx_word' id='word_1_149' title='bbox 2737 854 2989 909; x_wconf 80' lang='grc' dir='ltr'><strong>ΚΕΦΑΛ.</strong></span> <span class='ocrx_word' id='word_1_150' title='bbox 3036 854 3110 909; x_wconf 65' lang='grc' dir='ltr'><strong>Γν.</strong></span> 
     </span>
    </p>
   </div>
   <div class='ocr_carea' id='block_1_24' title="bbox 2206 981 3702 1060">
    <p class='ocr_par' dir='ltr' id='par_1_24' title="bbox 2206 981 3702 1060">
     <span class='ocr_line' id='line_1_24' title="bbox 2206 981 3702 1060; baseline 0.003 -21"><span class='ocrx_word' id='word_1_151' title='bbox 2206 987 2438 1060; x_wconf 76' lang='grc' dir='ltr'><strong>Διορίξει</strong></span> <span class='ocrx_word' id='word_1_152' title='bbox 2466 981 2559 1042; x_wconf 79' lang='grc' dir='ltr'><strong>οὖν</strong></span> <span class='ocrx_word' id='word_1_153' title='bbox 2589 989 2670 1050; x_wconf 82' lang='grc' dir='ltr'><strong>εἰς</strong></span> <span class='ocrx_word' id='word_1_154' title='bbox 2712 987 2806 1041; x_wconf 83' lang='grc' dir='ltr'><strong>δύο</strong></span> <span class='ocrx_word' id='word_1_155' title='bbox 2842 988 2908 1058; x_wconf 83' lang='grc' dir='ltr'>δὴ</span> <span class='ocrx_word' id='word_1_156' title='bbox 2949 988 3131 1053; x_wconf 79' lang='grc' dir='ltr'><strong>πάλιν,</strong></span> <span class='ocrx_word' id='word_1_157' title='bbox 3176 987 3272 1042; x_wconf 78' lang='grc' dir='ltr'><strong>καὶ</strong></span> <span class='ocrx_word' id='word_1_158' title='bbox 3309 988 3452 1060; x_wconf 80' lang='grc' dir='ltr'><strong>μάλα</strong></span> <span class='ocrx_word' id='word_1_159' title='bbox 3481 990 3702 1059; x_wconf 68' lang='grc' dir='ltr'><strong>σαφῶςυ</strong></span> 
     </span>
    </p>
   </div>
   <div class='ocr_carea' id='block_1_25' title="bbox 2136 1072 3706 1152">
    <p class='ocr_par' dir='ltr' id='par_1_25' title="bbox 2136 1072 3706 1152">
     <span class='ocr_line' id='line_1_25' title="bbox 2136 1072 3706 1152; baseline 0.003 -23"><span class='ocrx_word' id='word_1_160' title='bbox 2136 1072 2255 1131; x_wconf 72' lang='grc' dir='ltr'><strong>εἶτα</strong></span> <span class='ocrx_word' id='word_1_161' title='bbox 2309 1077 2426 1141; x_wconf 91' lang='grc' dir='ltr'><strong>πῶς</strong></span> <span class='ocrx_word' id='word_1_162' title='bbox 2459 1079 2559 1131; x_wconf 86' lang='grc' dir='ltr'><strong>οὐκ</strong></span> <span class='ocrx_word' id='word_1_163' title='bbox 2605 1078 2888 1150; x_wconf 80' lang='grc' dir='ltr'><strong>ὲλήλεγξαι</strong></span> <span class='ocrx_word' id='word_1_164' title='bbox 2925 1079 3155 1150; x_wconf 78' lang='grc' dir='ltr'><strong>ψυχικὸς</strong></span> <span class='ocrx_word' id='word_1_165' title='bbox 3193 1082 3286 1134; x_wconf 77' lang='grc' dir='ltr'><strong>καὶ</strong></span> <span class='ocrx_word' id='word_1_166' title='bbox 3351 1081 3567 1151; x_wconf 87' lang='grc' dir='ltr'><strong>πνεῦμα</strong></span> <span class='ocrx_word' id='word_1_167' title='bbox 3630 1083 3706 1152; x_wconf 87' lang='grc' dir='ltr'><strong>μὴ</strong></span> 
     </span>
    </p>
   </div>
   <div class='ocr_carea' id='block_1_26' title="bbox 2135 1167 3706 1242">
    <p class='ocr_par' dir='ltr' id='par_1_26' title="bbox 2135 1167 3706 1242">
     <span class='ocr_line' id='line_1_26' title="bbox 2135 1167 3706 1242; baseline 0.003 -23"><span class='ocrx_word' id='word_1_168' title='bbox 2135 1167 2296 1238; x_wconf 73' lang='grc' dir='ltr'><strong>ἔχων,</strong></span> <span class='ocrx_word' id='word_1_169' title='bbox 2342 1170 2487 1223; x_wconf 81' lang='grc' dir='ltr'><strong>καθά</strong></span> <span class='ocrx_word' id='word_1_170' title='bbox 2531 1186 2664 1238; x_wconf 86' lang='grc' dir='ltr'><strong>φησι</strong></span> <span class='ocrx_word' id='word_1_171' title='bbox 2717 1169 2810 1223; x_wconf 89' lang='grc' dir='ltr'><strong>τοῦ</strong></span> <span class='ocrx_word' id='word_1_172' title='bbox 2846 1169 3098 1240; x_wconf 81' lang='grc' dir='ltr'><strong>Σωτῆρος</strong></span> <span class='ocrx_word' id='word_1_173' title='bbox 3141 1171 3170 1222; x_wconf 91' lang='lat'><strong>6</strong></span> <span class='ocrx_word' id='word_1_174' title='bbox 3224 1172 3505 1242; x_wconf 83' lang='grc' dir='ltr'><strong>μαθητής;</strong></span> <span class='ocrx_word' id='word_1_175' title='bbox 3566 1172 3706 1224; x_wconf 83' lang='grc' dir='ltr'><strong>Ἀλλ’</strong></span> 
     </span>
    </p>
   </div>
   <div class='ocr_carea' id='block_1_27' title="bbox 2135 1256 3705 1332">
    <p class='ocr_par' dir='ltr' id='par_1_27' title="bbox 2135 1256 3705 1332">
     <span class='ocr_line' id='line_1_27' title="bbox 2135 1256 3705 1332; baseline 0.005 -23"><span class='ocrx_word' id='word_1_176' title='bbox 2135 1257 2230 1326; x_wconf 83' lang='grc' dir='ltr'><strong>ἦτε</strong></span> <span class='ocrx_word' id='word_1_177' title='bbox 2263 1256 2275 1329; x_wconf 83' lang='grc'><strong>1</strong></span> <span class='ocrx_word' id='word_1_178' title='bbox 2303 1258 2388 1312; x_wconf 79' lang='grc' dir='ltr'><strong>ῖσ.</strong></span> <span class='ocrx_word' id='word_1_179' title='bbox 2426 1259 2459 1329; x_wconf 84' lang='grc' dir='ltr'><strong>ή</strong></span> <span class='ocrx_word' id='word_1_180' title='bbox 2501 1259 2605 1331; x_wconf 91' lang='grc' dir='ltr'><strong>γε]</strong></span> <span class='ocrx_word' id='word_1_181' title='bbox 2637 1260 2734 1330; x_wconf 78' lang='grc' dir='ltr'><strong>τῆς</strong></span> <span class='ocrx_word' id='word_1_182' title='bbox 2764 1260 3020 1331; x_wconf 79' lang='grc' dir='ltr'><strong>ἀληθείας</strong></span> <span class='ocrx_word' id='word_1_183' title='bbox 3061 1260 3290 1332; x_wconf 85' lang='grc' dir='ltr'><strong>δύναμις</strong></span> <span class='ocrx_word' id='word_1_184' title='bbox 3322 1264 3435 1326; x_wconf 79' lang='grc' dir='ltr'><strong>τοῖς</strong></span> <span class='ocrx_word' id='word_1_185' title='bbox 3480 1265 3612 1329; x_wconf 83' lang='grc' dir='ltr'><strong>σοῖς,</strong></span> <span class='ocrx_word' id='word_1_186' title='bbox 3659 1258 3705 1318; x_wconf 83' lang='grc' dir='ltr'><strong>ὦ</strong></span> 
     </span>
    </p>
   </div>
   <div class='ocr_carea' id='block_1_28' title="bbox 2135 1338 3706 1423">
    <p class='ocr_par' dir='ltr' id='par_1_28' title="bbox 2135 1338 3706 1423">
     <span class='ocr_line' id='line_1_28' title="bbox 2135 1338 3706 1423; baseline 0.006 -26"><span class='ocrx_word' id='word_1_187' title='bbox 2135 1338 2310 1409; x_wconf 77' lang='grc' dir='ltr'><strong>οὗτος,</strong></span> <span class='ocrx_word' id='word_1_188' title='bbox 2339 1348 2680 1411; x_wconf 80' lang='grc' dir='ltr'><strong>ἀντιτάξεται</strong></span> <span class='ocrx_word' id='word_1_189' title='bbox 2704 1349 2901 1416; x_wconf 83' lang='grc' dir='ltr'><strong>λόγοις,</strong></span> <span class='ocrx_word' id='word_1_190' title='bbox 2929 1349 3380 1420; x_wconf 82' lang='grc' dir='ltr'><strong>Διῖσχυριζόμεθα</strong></span> <span class='ocrx_word' id='word_1_191' title='bbox 3412 1353 3518 1423; x_wconf 85' lang='grc' dir='ltr'><strong>γὰρ</strong></span> <span class='ocrx_word' id='word_1_192' title='bbox 3545 1353 3706 1406; x_wconf 81' lang='grc' dir='ltr'><strong>αὑτὸν</strong></span> 
     </span>
    </p>
   </div>
   <div class='ocr_carea' id='block_1_29' title="bbox 2135 1438 3707 1515">
    <p class='ocr_par' dir='ltr' id='par_1_29' title="bbox 2135 1438 3707 1515">
     <span class='ocr_line' id='line_1_29' title="bbox 2135 1438 3707 1515; baseline 0.005 -26"><span class='ocrx_word' id='word_1_193' title='bbox 2135 1438 2228 1490; x_wconf 79' lang='grc' dir='ltr'><strong>τὸν</strong></span> <span class='ocrx_word' id='word_1_194' title='bbox 2261 1440 2324 1490; x_wconf 79' lang='grc' dir='ltr'>ἐκ</span> <span class='ocrx_word' id='word_1_195' title='bbox 2358 1439 2491 1492; x_wconf 85' lang='grc' dir='ltr'><strong>Θεοῦ</strong></span> <span class='ocrx_word' id='word_1_196' title='bbox 2535 1439 2746 1510; x_wconf 82' lang='grc' dir='ltr'><strong>Πατρὸς</strong></span> <span class='ocrx_word' id='word_1_197' title='bbox 2789 1440 2961 1509; x_wconf 85' lang='grc' dir='ltr'><strong>Λόγον</strong></span> <span class='ocrx_word' id='word_1_198' title='bbox 3005 1442 3354 1496; x_wconf 79' lang='grc' dir='ltr'><strong>ἐπιλαϐέσθαι</strong></span> <span class='ocrx_word' id='word_1_199' title='bbox 3399 1445 3707 1515; x_wconf 82' lang='grc' dir='ltr'><strong>σπέρματος</strong></span> 
     </span>
    </p>
   </div>
   <div class='ocr_carea' id='block_1_30' title="bbox 2148 1528 3707 1604">
    <p class='ocr_par' dir='ltr' id='par_1_30' title="bbox 2148 1528 3707 1604">
     <span class='ocr_line' id='line_1_30' title="bbox 2148 1528 3707 1604; baseline 0.004 -23"><span class='ocrx_word' id='word_1_200' title='bbox 2148 1528 2417 1599; x_wconf 85' lang='grc' dir='ltr'><strong>Ἀϐραὰμ,</strong></span> <span class='ocrx_word' id='word_1_201' title='bbox 2466 1530 2558 1583; x_wconf 85' lang='grc' dir='ltr'><strong>καί</strong></span> <span class='ocrx_word' id='word_1_202' title='bbox 2609 1532 2736 1585; x_wconf 81' lang='grc' dir='ltr'><strong>τδιον</strong></span> <span class='ocrx_word' id='word_1_203' title='bbox 2778 1532 3104 1602; x_wconf 88' lang='grc' dir='ltr'><strong>ποιήσασθαι</strong></span> <span class='ocrx_word' id='word_1_204' title='bbox 3154 1534 3312 1604; x_wconf 88' lang='grc' dir='ltr'><strong>σῶμα</strong></span> <span class='ocrx_word' id='word_1_205' title='bbox 3353 1534 3528 1604; x_wconf 67' lang='grc' dir='ltr'><strong>ψυχὴν</strong></span> <span class='ocrx_word' id='word_1_206' title='bbox 3558 1534 3707 1603; x_wconf 64' lang='grc' dir='ltr'><strong>ἒχων</strong></span> 
     </span>
    </p>
   </div>
   <div class='ocr_carea' id='block_1_31' title="bbox 2137 1620 3705 1696">
    <p class='ocr_par' dir='ltr' id='par_1_31' title="bbox 2137 1620 3705 1696">
     <span class='ocr_line' id='line_1_31' title="bbox 2137 1620 3705 1696; baseline 0.006 -24"><span class='ocrx_word' id='word_1_207' title='bbox 2137 1620 2258 1692; x_wconf 82' lang='grc' dir='ltr'><strong>[ῖσ.</strong></span> <span class='ocrx_word' id='word_1_208' title='bbox 2297 1621 2451 1693; x_wconf 78' lang='grc' dir='ltr'><strong>ἔχον]</strong></span> <span class='ocrx_word' id='word_1_209' title='bbox 2501 1622 2598 1693; x_wconf 78' lang='grc' dir='ltr'><strong>τὴν</strong></span> <span class='ocrx_word' id='word_1_210' title='bbox 2636 1623 2880 1694; x_wconf 81' lang='grc' dir='ltr'><strong>λογικὴν,</strong></span> <span class='ocrx_word' id='word_1_211' title='bbox 2923 1625 2984 1677; x_wconf 81' lang='grc' dir='ltr'><strong>τὸ</strong></span> <span class='ocrx_word' id='word_1_212' title='bbox 3012 1627 3075 1678; x_wconf 81' lang='grc' dir='ltr'><strong>ὲκ</strong></span> <span class='ocrx_word' id='word_1_213' title='bbox 3105 1627 3202 1695; x_wconf 75' lang='grc' dir='ltr'><strong>τῆς</strong></span> <span class='ocrx_word' id='word_1_214' title='bbox 3229 1626 3387 1693; x_wconf 82' lang='grc' dir='ltr'><strong>ἁγίας</strong></span> <span class='ocrx_word' id='word_1_215' title='bbox 3432 1627 3705 1696; x_wconf 81' lang='grc' dir='ltr'><strong>Παρθένου</strong></span> 
     </span>
    </p>
   </div>
   <div class='ocr_carea' id='block_1_32' title="bbox 467 1699 2028 1789">
    <p class='ocr_par' dir='ltr' id='par_1_32' title="bbox 467 1699 2028 1789">
     <span class='ocr_line' id='line_1_32' title="bbox 467 1699 2028 1789; baseline -0.005 -16"><span class='ocrx_word' id='word_1_216' title='bbox 467 1699 618 1789; x_wconf 81' lang='lat' dir='ltr'><strong>ptum</strong></span> <span class='ocrx_word' id='word_1_217' title='bbox 657 1736 671 1772; x_wconf 89' lang='lat'><strong>:</strong></span> <span class='ocrx_word' id='word_1_218' title='bbox 706 1719 886 1786; x_wconf 85' lang='lat' dir='ltr'><strong>itaque</strong></span> <span class='ocrx_word' id='word_1_219' title='bbox 918 1731 1013 1786; x_wconf 89' lang='lat' dir='ltr'><strong>per</strong></span> <span class='ocrx_word' id='word_1_220' title='bbox 1049 1730 1230 1770; x_wconf 85' lang='lat' dir='ltr'><strong>veram</strong></span> <span class='ocrx_word' id='word_1_221' title='bbox 1259 1715 1509 1768; x_wconf 89' lang='lat' dir='ltr'><strong>unionem</strong></span> <span class='ocrx_word' id='word_1_222' title='bbox 1539 1729 1704 1767; x_wconf 91' lang='lat' dir='ltr'><strong>unum</strong></span> <span class='ocrx_word' id='word_1_223' title='bbox 1753 1715 2028 1768; x_wconf 88' lang='lat' dir='ltr'><strong>eumdem-</strong></span> 
     </span>
    </p>
   </div>
   <div class='ocr_carea' id='block_1_33' title="bbox 2132 1699 3707 1789">
    <p class='ocr_par' dir='ltr' id='par_1_33' title="bbox 2134 1713 3707 1789">
     <span class='ocr_line' id='line_1_33' title="bbox 2134 1713 3707 1789; baseline 0.006 -25"><span class='ocrx_word' id='word_1_224' title='bbox 2134 1713 2335 1780; x_wconf 84' lang='grc' dir='ltr'><strong>ληφθὲν</strong></span> <span class='ocrx_word' id='word_1_225' title='bbox 2364 1714 2543 1782; x_wconf 81' lang='grc' dir='ltr'><strong>σῶμα.</strong></span> <span class='ocrx_word' id='word_1_226' title='bbox 2584 1716 2693 1768; x_wconf 73' lang='grc' dir='ltr'><strong>Καὶ</strong></span> <span class='ocrx_word' id='word_1_227' title='bbox 2718 1715 2781 1785; x_wconf 87' lang='grc' dir='ltr'><strong>δὴ</strong></span> <span class='ocrx_word' id='word_1_228' title='bbox 2820 1715 2942 1769; x_wconf 84' lang='grc' dir='ltr'><strong>καθ’</strong></span> <span class='ocrx_word' id='word_1_229' title='bbox 2972 1718 3163 1771; x_wconf 75' lang='grc' dir='ltr'><strong>ἕνωσιν</strong></span> <span class='ocrx_word' id='word_1_230' title='bbox 3185 1718 3380 1789; x_wconf 81' lang='grc' dir='ltr'><strong>ἀληθῆ,</strong></span> <span class='ocrx_word' id='word_1_231' title='bbox 3412 1718 3507 1771; x_wconf 71' lang='grc' dir='ltr'><strong>ἕνα</strong></span> <span class='ocrx_word' id='word_1_232' title='bbox 3531 1735 3590 1771; x_wconf 89' lang='grc' dir='ltr'><strong>τε</strong></span> <span class='ocrx_word' id='word_1_233' title='bbox 3613 1721 3707 1773; x_wconf 77' lang='grc' dir='ltr'><strong>καὶ</strong></span> 
     </span>
    </p>
   </div>
   <div class='ocr_carea' id='block_1_34' title="bbox 466 1805 2028 1879">
    <p class='ocr_par' dir='ltr' id='par_1_34' title="bbox 466 1805 2028 1879">
     <span class='ocr_line' id='line_1_34' title="bbox 466 1805 2028 1879; baseline -0.004 -15"><span class='ocrx_word' id='word_1_234' title='bbox 466 1825 572 1879; x_wconf 88' lang='lat' dir='ltr'><strong>que</strong></span> <span class='ocrx_word' id='word_1_235' title='bbox 597 1809 825 1863; x_wconf 84' lang='lat' dir='ltr'><strong>dicimus</strong></span> <span class='ocrx_word' id='word_1_236' title='bbox 854 1822 977 1862; x_wconf 91' lang='lat' dir='ltr'><strong>esse</strong></span> <span class='ocrx_word' id='word_1_237' title='bbox 1008 1807 1157 1860; x_wconf 87' lang='lat' dir='ltr'><strong>illum</strong></span> <span class='ocrx_word' id='word_1_238' title='bbox 1201 1806 1314 1860; x_wconf 80' lang='lat' dir='ltr'><strong>lteri</strong></span> <span class='ocrx_word' id='word_1_239' title='bbox 1343 1817 1397 1860; x_wconf 89' lang='lat' dir='ltr'><strong>et</strong></span> <span class='ocrx_word' id='word_1_240' title='bbox 1421 1806 1582 1860; x_wconf 83' lang='lat' dir='ltr'><strong>hodie</strong></span> <span class='ocrx_word' id='word_1_241' title='bbox 1634 1814 1690 1859; x_wconf 91' lang='lat' dir='ltr'><strong>et</strong></span> <span class='ocrx_word' id='word_1_242' title='bbox 1725 1805 1777 1857; x_wconf 90' lang='lat' dir='ltr'><strong>in</strong></span> <span class='ocrx_word' id='word_1_243' title='bbox 1809 1805 2028 1869; x_wconf 84' lang='lat' dir='ltr'><strong>saecula,</strong></span> 
     </span>
    </p>
   </div>
   <div class='ocr_carea' id='block_1_35' title="bbox 467 1895 2034 1971">
    <p class='ocr_par' dir='ltr' id='par_1_35' title="bbox 467 1895 2034 1971">
     <span class='ocr_line' id='line_1_35' title="bbox 467 1895 2034 1971; baseline -0.003 -18"><span class='ocrx_word' id='word_1_244' title='bbox 467 1902 558 1971; x_wconf 86' lang='lat' dir='ltr'><strong>qui</strong></span> <span class='ocrx_word' id='word_1_245' title='bbox 594 1901 887 1954; x_wconf 87' lang='lat' dir='ltr'><strong>secundum</strong></span> <span class='ocrx_word' id='word_1_246' title='bbox 940 1899 1275 1952; x_wconf 82' lang='lat' dir='ltr'><strong>divinitatem</strong></span> <span class='ocrx_word' id='word_1_247' title='bbox 1317 1908 1437 1970; x_wconf 78' lang='lat' dir='ltr'><strong>erat</strong></span> <span class='ocrx_word' id='word_1_248' title='bbox 1481 1907 1608 1949; x_wconf 83' lang='lat' dir='ltr'><strong>ante</strong></span> <span class='ocrx_word' id='word_1_249' title='bbox 1654 1895 1950 1958; x_wconf 82' lang='lat' dir='ltr'><strong>Abraham,</strong></span> <span class='ocrx_word' id='word_1_250' title='bbox 1979 1907 2034 1949; x_wconf 90' lang='lat' dir='ltr'><strong>et</strong></span> 
     </span>
    </p>
   </div>
   <div class='ocr_carea' id='block_1_36' title="bbox 469 1977 2029 2063">
    <p class='ocr_par' dir='ltr' id='par_1_36' title="bbox 469 1977 2029 2063">
     <span class='ocr_line' id='line_1_36' title="bbox 469 1977 2029 2063; baseline -0.004 -19"><span class='ocrx_word' id='word_1_251' title='bbox 469 1995 557 2063; x_wconf 90' lang='lat' dir='ltr'><strong>qui</strong></span> <span class='ocrx_word' id='word_1_252' title='bbox 598 2002 780 2061; x_wconf 88' lang='lat' dir='ltr'><strong>postea</strong></span> <span class='ocrx_word' id='word_1_253' title='bbox 814 1977 1027 2044; x_wconf 36' lang='lat' dir='ltr'><strong>‘factus‘</strong></span> <span class='ocrx_word' id='word_1_254' title='bbox 1067 1999 1151 2044; x_wconf 92' lang='lat' dir='ltr'><strong>est</strong></span> <span class='ocrx_word' id='word_1_255' title='bbox 1182 1990 1368 2053; x_wconf 88' lang='lat' dir='ltr'><strong>homo,</strong></span> <span class='ocrx_word' id='word_1_256' title='bbox 1421 1999 1476 2042; x_wconf 91' lang='lat' dir='ltr'><strong>et</strong></span> <span class='ocrx_word' id='word_1_257' title='bbox 1518 1988 1921 2057; x_wconf 74' lang='lat' dir='ltr'><strong>generationem</strong></span> <span class='ocrx_word' id='word_1_258' title='bbox 1954 2002 2029 2039; x_wconf 39' lang='lat' dir='ltr'><strong>‘ex</strong></span> 
     </span>
    </p>
   </div>
   <div class='ocr_carea' id='block_1_37' title="bbox 469 2078 2028 2148">
    <p class='ocr_par' dir='ltr' id='par_1_37' title="bbox 469 2078 2028 2148">
     <span class='ocr_line' id='line_1_37' title="bbox 469 2078 2028 2148; baseline -0.006 -10"><span class='ocrx_word' id='word_1_259' title='bbox 469 2085 696 2138; x_wconf 89' lang='lat' dir='ltr'><strong>muliere</strong></span> <span class='ocrx_word' id='word_1_260' title='bbox 748 2083 940 2136; x_wconf 90' lang='lat' dir='ltr'><strong>subiit.</strong></span> <span class='ocrx_word' id='word_1_261' title='bbox 1007 2079 1119 2134; x_wconf 78' lang='lat' dir='ltr'><strong>Non</strong></span> <span class='ocrx_word' id='word_1_262' title='bbox 1177 2094 1309 2148; x_wconf 85' lang='lat' dir='ltr'><strong>ergo</strong></span> <span class='ocrx_word' id='word_1_263' title='bbox 1364 2078 1623 2133; x_wconf 90' lang='lat' dir='ltr'><strong>mentitur</strong></span> <span class='ocrx_word' id='word_1_264' title='bbox 1673 2092 1795 2131; x_wconf 91' lang='lat' dir='ltr'><strong>cum</strong></span> <span class='ocrx_word' id='word_1_265' title='bbox 1847 2078 2028 2133; x_wconf 88' lang='lat' dir='ltr'><strong>dicit:</strong></span> 
     </span>
    </p>
   </div>
   <div class='ocr_carea' id='block_1_38' title="bbox 470 2168 2029 2239">
    <p class='ocr_par' dir='ltr' id='par_1_38' title="bbox 470 2168 2029 2239">
     <span class='ocr_line' id='line_1_38' title="bbox 470 2168 2029 2239; baseline -0.004 -13"><span class='ocrx_word' id='word_1_266' title='bbox 470 2192 492 2226; x_wconf 73' lang='grc' dir='ltr'><strong>ι</strong></span> <span class='ocrx_word' id='word_1_267' title='bbox 528 2175 700 2227; x_wconf 83' lang='lat' dir='ltr'><strong>Amen</strong></span> <span class='ocrx_word' id='word_1_268' title='bbox 733 2174 857 2227; x_wconf 88' lang='lat' dir='ltr'><strong>dico</strong></span> <span class='ocrx_word' id='word_1_269' title='bbox 890 2172 1041 2226; x_wconf 90' lang='lat' dir='ltr'><strong>vobis</strong></span> <span class='ocrx_word' id='word_1_270' title='bbox 1066 2208 1082 2234; x_wconf 93' lang='lat'><strong>,</strong></span> <span class='ocrx_word' id='word_1_271' title='bbox 1134 2171 1449 2239; x_wconf 86' lang='lat' dir='ltr'><strong>priusquam</strong></span> <span class='ocrx_word' id='word_1_272' title='bbox 1504 2170 1781 2223; x_wconf 85' lang='lat' dir='ltr'><strong>Abraham</strong></span> <span class='ocrx_word' id='word_1_273' title='bbox 1843 2168 2029 2235; x_wconf 80' lang='lat' dir='ltr'><strong>ﬁeret,</strong></span> 
     </span>
    </p>
   </div>
   <div class='ocr_carea' id='block_1_39' title="bbox 466 2259 2029 2335">
    <p class='ocr_par' dir='ltr' id='par_1_39' title="bbox 466 2259 2029 2335">
     <span class='ocr_line' id='line_1_39' title="bbox 466 2259 2029 2335; baseline -0.006 -16"><span class='ocrx_word' id='word_1_274' title='bbox 466 2281 567 2335; x_wconf 77' lang='lat' dir='ltr'><strong>ego</strong></span> <span class='ocrx_word' id='word_1_275' title='bbox 597 2279 736 2319; x_wconf 90' lang='lat' dir='ltr'><strong>sum.</strong></span> <span class='ocrx_word' id='word_1_276' title='bbox 782 2280 807 2315; x_wconf 82' lang='grc'>›</span> <span class='ocrx_word' id='word_1_277' title='bbox 843 2260 950 2315; x_wconf 90' lang='lat' dir='ltr'><strong>Sed</strong></span> <span class='ocrx_word' id='word_1_278' title='bbox 978 2262 1097 2317; x_wconf 88' lang='lat' dir='ltr'><strong>iste</strong></span> <span class='ocrx_word' id='word_1_279' title='bbox 1120 2276 1341 2330; x_wconf 86' lang='lat' dir='ltr'><strong>prorsus</strong></span> <span class='ocrx_word' id='word_1_280' title='bbox 1372 2276 1479 2315; x_wconf 90' lang='lat' dir='ltr'><strong>non</strong></span> <span class='ocrx_word' id='word_1_281' title='bbox 1505 2259 2029 2329; x_wconf 89' lang='lat' dir='ltr'><strong>intelligitquiduam</strong></span> 
     </span>
    </p>
   </div>
   <div class='ocr_carea' id='block_1_40' title="bbox 465 2349 2034 2420">
    <p class='ocr_par' dir='ltr' id='par_1_40' title="bbox 465 2349 2034 2420">
     <span class='ocr_line' id='line_1_40' title="bbox 465 2349 2034 2420; baseline -0.003 -13"><span class='ocrx_word' id='word_1_282' title='bbox 465 2356 596 2407; x_wconf 89' lang='lat' dir='ltr'><strong>illud</strong></span> <span class='ocrx_word' id='word_1_283' title='bbox 623 2354 714 2418; x_wconf 90' lang='lat' dir='ltr'><strong>sit,</strong></span> <span class='ocrx_word' id='word_1_284' title='bbox 750 2354 865 2405; x_wconf 88' lang='lat' dir='ltr'><strong>heri</strong></span> <span class='ocrx_word' id='word_1_285' title='bbox 890 2361 944 2405; x_wconf 92' lang='lat' dir='ltr'><strong>et</strong></span> <span class='ocrx_word' id='word_1_286' title='bbox 990 2352 1153 2405; x_wconf 85' lang='lat' dir='ltr'><strong>hodie</strong></span> <span class='ocrx_word' id='word_1_287' title='bbox 1199 2360 1253 2404; x_wconf 91' lang='lat' dir='ltr'><strong>et</strong></span> <span class='ocrx_word' id='word_1_288' title='bbox 1282 2352 1335 2404; x_wconf 91' lang='lat' dir='ltr'><strong>in</strong></span> <span class='ocrx_word' id='word_1_289' title='bbox 1391 2351 1589 2405; x_wconf 65' lang='lat' dir='ltr'><strong>saecula</strong></span> <span class='ocrx_word' id='word_1_290' title='bbox 1615 2367 1630 2404; x_wconf 89' lang='lat'><strong>:</strong></span> <span class='ocrx_word' id='word_1_291' title='bbox 1660 2349 1768 2420; x_wconf 77' lang='lat'><strong>76</strong></span> <span class='ocrx_word' id='word_1_292' title='bbox 1822 2365 1943 2403; x_wconf 88' lang='lat' dir='ltr'><strong>nam</strong></span> <span class='ocrx_word' id='word_1_293' title='bbox 1976 2358 2034 2402; x_wconf 88' lang='lat' dir='ltr'><strong>ut</strong></span> 
     </span>
    </p>
   </div>
   <div class='ocr_carea' id='block_1_41' title="bbox 464 2441 2028 2499">
    <p class='ocr_par' dir='ltr' id='par_1_41' title="bbox 464 2441 2028 2499">
     <span class='ocr_line' id='line_1_41' title="bbox 464 2441 2028 2499; baseline -0.004 0"><span class='ocrx_word' id='word_1_294' title='bbox 464 2455 727 2499; x_wconf 66' lang='lat' dir='ltr'><strong>aeternum</strong></span> <span class='ocrx_word' id='word_1_295' title='bbox 761 2457 886 2497; x_wconf 89' lang='lat' dir='ltr'><strong>esse</strong></span> <span class='ocrx_word' id='word_1_296' title='bbox 931 2451 987 2495; x_wconf 90' lang='lat' dir='ltr'><strong>et</strong></span> <span class='ocrx_word' id='word_1_297' title='bbox 1020 2441 1209 2495; x_wconf 88' lang='lat' dir='ltr'><strong>eodem</strong></span> <span class='ocrx_word' id='word_1_298' title='bbox 1262 2442 1421 2495; x_wconf 89' lang='lat' dir='ltr'><strong>modo</strong></span> <span class='ocrx_word' id='word_1_299' title='bbox 1477 2443 1678 2496; x_wconf 86' lang='lat' dir='ltr'><strong>habere</strong></span> <span class='ocrx_word' id='word_1_300' title='bbox 1724 2446 2028 2496; x_wconf 88' lang='lat' dir='ltr'><strong>secundum</strong></span> 
     </span>
    </p>
   </div>
   <div class='ocr_carea' id='block_1_42' title="bbox 467 2530 2035 2600">
    <p class='ocr_par' dir='ltr' id='par_1_42' title="bbox 467 2530 2035 2600">
     <span class='ocr_line' id='line_1_42' title="bbox 467 2530 2035 2600; baseline -0.002 -13"><span class='ocrx_word' id='word_1_301' title='bbox 467 2545 740 2596; x_wconf 86' lang='lat' dir='ltr'><strong>naturam,</strong></span> <span class='ocrx_word' id='word_1_302' title='bbox 772 2546 946 2600; x_wconf 87' lang='lat' dir='ltr'><strong>neque</strong></span> <span class='ocrx_word' id='word_1_303' title='bbox 997 2531 1359 2595; x_wconf 83' lang='lat' dir='ltr'><strong>conversioni,</strong></span> <span class='ocrx_word' id='word_1_304' title='bbox 1407 2532 1803 2598; x_wconf 89' lang='lat' dir='ltr'><strong>mutationique</strong></span> <span class='ocrx_word' id='word_1_305' title='bbox 1851 2530 2035 2599; x_wconf 81' lang='lat' dir='ltr'><strong>subju-</strong></span> 
     </span>
    </p>
   </div>
   <div class='ocr_carea' id='block_1_43' title="bbox 465 2612 2023 2694">
    <p class='ocr_par' dir='ltr' id='par_1_43' title="bbox 465 2612 2023 2694">
     <span class='ocr_line' id='line_1_43' title="bbox 465 2612 2023 2694; baseline -0.001 -18"><span class='ocrx_word' id='word_1_306' title='bbox 465 2636 590 2677; x_wconf 87' lang='lat' dir='ltr'><strong>cere</strong></span> <span class='ocrx_word' id='word_1_307' title='bbox 618 2620 710 2674; x_wconf 87' lang='lat' dir='ltr'><strong>Dei</strong></span> <span class='ocrx_word' id='word_1_308' title='bbox 746 2618 978 2673; x_wconf 83' lang='lat' dir='ltr'><strong>Verbum</strong></span> <span class='ocrx_word' id='word_1_309' title='bbox 1010 2620 1340 2683; x_wconf 83' lang='lat' dir='ltr'><strong>ostenderet,</strong></span> <span class='ocrx_word' id='word_1_310' title='bbox 1377 2612 1546 2694; x_wconf 75' lang='lat' dir='ltr'><strong>etiam</strong></span> <span class='ocrx_word' id='word_1_311' title='bbox 1581 2622 1627 2674; x_wconf 89' lang='lat' dir='ltr'><strong>si</strong></span> <span class='ocrx_word' id='word_1_312' title='bbox 1664 2621 1838 2675; x_wconf 77' lang='lat' dir='ltr'><strong>factus</strong></span> <span class='ocrx_word' id='word_1_313' title='bbox 1863 2623 2023 2674; x_wconf 89' lang='lat' dir='ltr'><strong>homo</strong></span> 
     </span>
    </p>
   </div>
   <div class='ocr_carea' id='block_1_44' title="bbox 466 2696 2040 2779">
    <p class='ocr_par' dir='ltr' id='par_1_44' title="bbox 466 2696 2040 2779">
     <span class='ocr_line' id='line_1_44' title="bbox 466 2696 2040 2779; baseline 0 -14"><span class='ocrx_word' id='word_1_314' title='bbox 466 2712 579 2777; x_wconf 85' lang='lat' dir='ltr'><strong>sit,</strong></span> <span class='ocrx_word' id='word_1_315' title='bbox 635 2719 849 2778; x_wconf 91' lang='lat' dir='ltr'><strong>tempus</strong></span> <span class='ocrx_word' id='word_1_316' title='bbox 887 2723 1047 2763; x_wconf 89' lang='lat' dir='ltr'><strong>oume</strong></span> <span class='ocrx_word' id='word_1_317' title='bbox 1102 2708 1355 2763; x_wconf 78' lang='lat' dir='ltr'><strong>distinxit</strong></span> <span class='ocrx_word' id='word_1_318' title='bbox 1402 2709 1456 2763; x_wconf 91' lang='lat' dir='ltr'><strong>in</strong></span> <span class='ocrx_word' id='word_1_319' title='bbox 1506 2709 1606 2763; x_wconf 87' lang='lat' dir='ltr'><strong>tria</strong></span> <span class='ocrx_word' id='word_1_320' title='bbox 1658 2722 1942 2779; x_wconf 82' lang='lat' dir='ltr'><strong>tempora,</strong></span> <span class='ocrx_word' id='word_1_321' title='bbox 1975 2696 2040 2765; x_wconf 36' lang='lat' dir='ltr'><strong>et.</strong></span> 
     </span>
    </p>
   </div>
   <div class='ocr_carea' id='block_1_45' title="bbox 466 2798 2032 2868">
    <p class='ocr_par' dir='ltr' id='par_1_45' title="bbox 466 2798 2032 2868">
     <span class='ocr_line' id='line_1_45' title="bbox 466 2798 2032 2868; baseline 0 -13"><span class='ocrx_word' id='word_1_322' title='bbox 466 2801 605 2865; x_wconf 89' lang='lat' dir='ltr'><strong>heri,</strong></span> <span class='ocrx_word' id='word_1_323' title='bbox 639 2800 703 2854; x_wconf 89' lang='lat' dir='ltr'><strong>de</strong></span> <span class='ocrx_word' id='word_1_324' title='bbox 750 2798 1021 2868; x_wconf 67' lang='lat' dir='ltr'><strong>praeterito</strong></span> <span class='ocrx_word' id='word_1_325' title='bbox 1059 2798 1235 2865; x_wconf 75' lang='lat' dir='ltr'><strong>dixit;</strong></span> <span class='ocrx_word' id='word_1_326' title='bbox 1269 2801 1335 2853; x_wconf 90' lang='lat' dir='ltr'><strong>de</strong></span> <span class='ocrx_word' id='word_1_327' title='bbox 1386 2801 1680 2867; x_wconf 70' lang='lat' dir='ltr'><strong>praesenti,</strong></span> <span class='ocrx_word' id='word_1_328' title='bbox 1718 2802 1875 2855; x_wconf 89' lang='lat' dir='ltr'><strong>hodie</strong></span> <span class='ocrx_word' id='word_1_329' title='bbox 1911 2817 1926 2866; x_wconf 91' lang='lat'><strong>;</strong></span> <span class='ocrx_word' id='word_1_330' title='bbox 1966 2804 2032 2855; x_wconf 93' lang='lat' dir='ltr'><strong>de</strong></span> 
     </span>
    </p>
   </div>
   <div class='ocr_carea' id='block_1_46' title="bbox 466 2889 2031 2969">
    <p class='ocr_par' dir='ltr' id='par_1_46' title="bbox 466 2889 2031 2969">
     <span class='ocr_line' id='line_1_46' title="bbox 466 2889 2031 2969; baseline -0.001 -23"><span class='ocrx_word' id='word_1_331' title='bbox 466 2894 686 2954; x_wconf 79' lang='lat' dir='ltr'><strong>futuro,</strong></span> <span class='ocrx_word' id='word_1_332' title='bbox 717 2891 770 2944; x_wconf 91' lang='lat' dir='ltr'><strong>in</strong></span> <span class='ocrx_word' id='word_1_333' title='bbox 800 2890 1055 2945; x_wconf 63' lang='lat' dir='ltr'><strong>saeculum</strong></span> <span class='ocrx_word' id='word_1_334' title='bbox 1100 2908 1115 2943; x_wconf 89' lang='lat'><strong>:</strong></span> <span class='ocrx_word' id='word_1_335' title='bbox 1150 2889 1429 2969; x_wconf 34' lang='lat' dir='ltr'><strong>iste’vero</strong></span> <span class='ocrx_word' id='word_1_336' title='bbox 1460 2890 1767 2958; x_wconf 82' lang='lat' dir='ltr'><strong>imperitus,</strong></span> <span class='ocrx_word' id='word_1_337' title='bbox 1805 2891 1921 2944; x_wconf 88' lang='lat' dir='ltr'><strong>heri</strong></span> <span class='ocrx_word' id='word_1_338' title='bbox 1973 2901 2031 2945; x_wconf 91' lang='lat' dir='ltr'><strong>et</strong></span> 
     </span>
    </p>
   </div>
   <div class='ocr_carea' id='block_1_47' title="bbox 468 2980 2013 3052">
    <p class='ocr_par' dir='ltr' id='par_1_47' title="bbox 468 2980 2013 3052">
     <span class='ocr_line' id='line_1_47' title="bbox 468 2980 2013 3052; baseline -0.003 -13"><span class='ocrx_word' id='word_1_339' title='bbox 468 2985 625 3039; x_wconf 90' lang='lat' dir='ltr'><strong>hodie</strong></span> <span class='ocrx_word' id='word_1_340' title='bbox 656 2992 910 3052; x_wconf 84' lang='lat' dir='ltr'><strong>tauquam</strong></span> <span class='ocrx_word' id='word_1_341' title='bbox 940 2982 1006 3036; x_wconf 93' lang='lat' dir='ltr'><strong>de</strong></span> <span class='ocrx_word' id='word_1_342' title='bbox 1035 2982 1309 3041; x_wconf 86' lang='lat' dir='ltr'><strong>communi</strong></span> <span class='ocrx_word' id='word_1_343' title='bbox 1343 2980 1561 3034; x_wconf 88' lang='lat' dir='ltr'><strong>homine</strong></span> <span class='ocrx_word' id='word_1_344' title='bbox 1584 2981 1652 3033; x_wconf 88' lang='lat' dir='ltr'><strong>ab</strong></span> <span class='ocrx_word' id='word_1_345' title='bbox 1678 2995 1743 3035; x_wconf 92' lang='lat' dir='ltr'><strong>eo</strong></span> <span class='ocrx_word' id='word_1_346' title='bbox 1776 2980 2013 3046; x_wconf 87' lang='lat' dir='ltr'><strong>dicatur,</strong></span> 
     </span>
    </p>
   </div>
   <div class='ocr_carea' id='block_1_48' title="bbox 465 3072 2029 3145">
    <p class='ocr_par' dir='ltr' id='par_1_48' title="bbox 465 3072 2029 3145">
     <span class='ocr_line' id='line_1_48' title="bbox 465 3072 2029 3145; baseline -0.004 -16"><span class='ocrx_word' id='word_1_347' title='bbox 465 3076 786 3145; x_wconf 89' lang='lat' dir='ltr'><strong>insipienter</strong></span> <span class='ocrx_word' id='word_1_348' title='bbox 822 3072 1100 3137; x_wconf 79' lang='lat' dir='ltr'><strong>afﬁrmat,</strong></span> <span class='ocrx_word' id='word_1_349' title='bbox 1160 3087 1268 3126; x_wconf 89' lang='lat' dir='ltr'><strong>non</strong></span> <span class='ocrx_word' id='word_1_350' title='bbox 1320 3072 1627 3141; x_wconf 75' lang='lat' dir='ltr'><strong>intelligens</strong></span> <span class='ocrx_word' id='word_1_351' title='bbox 1667 3086 1890 3139; x_wconf 88' lang='lat' dir='ltr'><strong>prorsus</strong></span> <span class='ocrx_word' id='word_1_352' title='bbox 1935 3087 2029 3125; x_wconf 90' lang='lat' dir='ltr'><strong>au-</strong></span> 
     </span>
    </p>
   </div>
   <div class='ocr_carea' id='block_1_49' title="bbox 465 3147 2027 3235">
    <p class='ocr_par' dir='ltr' id='par_1_49' title="bbox 465 3147 2027 3235">
     <span class='ocr_line' id='line_1_49' title="bbox 465 3147 2027 3235; baseline 0 -21"><span class='ocrx_word' id='word_1_353' title='bbox 465 3162 750 3228; x_wconf 87' lang='lat' dir='ltr'><strong>tiquiorem</strong></span> <span class='ocrx_word' id='word_1_354' title='bbox 777 3147 931 3213; x_wconf 65' lang='lat' dir='ltr'><strong>illuni</strong></span> <span class='ocrx_word' id='word_1_355' title='bbox 970 3168 1027 3213; x_wconf 91' lang='lat' dir='ltr'><strong>et</strong></span> <span class='ocrx_word' id='word_1_356' title='bbox 1057 3159 1290 3227; x_wconf 88' lang='lat' dir='ltr'><strong>priorem</strong></span> <span class='ocrx_word' id='word_1_357' title='bbox 1326 3173 1420 3212; x_wconf 88' lang='lat' dir='ltr'><strong>sua</strong></span> <span class='ocrx_word' id='word_1_358' title='bbox 1472 3159 1639 3226; x_wconf 88' lang='lat' dir='ltr'><strong>ipsius</strong></span> <span class='ocrx_word' id='word_1_359' title='bbox 1680 3161 2027 3235; x_wconf 74' lang='lat' dir='ltr'><strong>generatione</strong></span> 
     </span>
    </p>
   </div>
   <div class='ocr_carea' id='block_1_50' title="bbox 462 3244 2027 3321">
    <p class='ocr_par' dir='ltr' id='par_1_50' title="bbox 462 3244 2027 3321">
     <span class='ocr_line' id='line_1_50' title="bbox 462 3244 2027 3321; baseline -0.001 -15"><span class='ocrx_word' id='word_1_360' title='bbox 462 3269 493 3305; x_wconf 87' lang='lat' dir='ltr'><strong>a</strong></span> <span class='ocrx_word' id='word_1_361' title='bbox 528 3267 588 3306; x_wconf 88' lang='lat' dir='ltr'><strong>se</strong></span> <span class='ocrx_word' id='word_1_362' title='bbox 610 3249 971 3321; x_wconf 87' lang='lat' dir='ltr'><strong>pronuntiari,</strong></span> <span class='ocrx_word' id='word_1_363' title='bbox 999 3248 1269 3316; x_wconf 87' lang='lat' dir='ltr'><strong>siquidem</strong></span> <span class='ocrx_word' id='word_1_364' title='bbox 1299 3254 1419 3302; x_wconf 87' lang='lat' dir='ltr'><strong>erat</strong></span> <span class='ocrx_word' id='word_1_365' title='bbox 1440 3248 1664 3302; x_wconf 87' lang='lat' dir='ltr'><strong>omnino</strong></span> <span class='ocrx_word' id='word_1_366' title='bbox 1689 3244 1854 3303; x_wconf 85' lang='lat' dir='ltr'><strong>etiam</strong></span> <span class='ocrx_word' id='word_1_367' title='bbox 1885 3251 2027 3314; x_wconf 89' lang='lat' dir='ltr'><strong>heri,</strong></span> 
     </span>
    </p>
   </div>
   <div class='ocr_carea' id='block_1_51' title="bbox 462 3338 2028 3411">
    <p class='ocr_par' dir='ltr' id='par_1_51' title="bbox 462 3338 2028 3411">
     <span class='ocr_line' id='line_1_51' title="bbox 462 3338 2028 3411; baseline -0.001 -15"><span class='ocrx_word' id='word_1_368' title='bbox 462 3345 602 3411; x_wconf 89' lang='lat' dir='ltr'><strong>quod</strong></span> <span class='ocrx_word' id='word_1_369' title='bbox 628 3341 882 3410; x_wconf 69' lang='lat' dir='ltr'><strong>praeteriti</strong></span> <span class='ocrx_word' id='word_1_370' title='bbox 908 3339 1166 3406; x_wconf 88' lang='lat' dir='ltr'><strong>temporis</strong></span> <span class='ocrx_word' id='word_1_371' title='bbox 1179 3338 1629 3407; x_wconf 82' lang='lat' dir='ltr'><strong>signiﬁcationem</strong></span> <span class='ocrx_word' id='word_1_372' title='bbox 1652 3340 1832 3394; x_wconf 83' lang='lat' dir='ltr'><strong>habet.</strong></span> <span class='ocrx_word' id='word_1_373' title='bbox 1858 3339 2028 3394; x_wconf 89' lang='lat' dir='ltr'><strong>Porro</strong></span> 
     </span>
    </p>
   </div>
   <div class='ocr_carea' id='block_1_52' title="bbox 466 3427 2029 3488">
    <p class='ocr_par' dir='ltr' id='par_1_52' title="bbox 466 3427 2029 3488">
     <span class='ocr_line' id='line_1_52' title="bbox 466 3427 2029 3488; baseline -0.003 -1"><span class='ocrx_word' id='word_1_374' title='bbox 466 3449 572 3488; x_wconf 84' lang='lat' dir='ltr'><strong>non</strong></span> <span class='ocrx_word' id='word_1_375' title='bbox 621 3446 742 3487; x_wconf 90' lang='lat' dir='ltr'><strong>esse</strong></span> <span class='ocrx_word' id='word_1_376' title='bbox 773 3432 939 3484; x_wconf 91' lang='lat' dir='ltr'><strong>alium</strong></span> <span class='ocrx_word' id='word_1_377' title='bbox 981 3430 1130 3484; x_wconf 91' lang='lat' dir='ltr'><strong>illum</strong></span> <span class='ocrx_word' id='word_1_378' title='bbox 1180 3430 1294 3483; x_wconf 86' lang='lat' dir='ltr'><strong>heri</strong></span> <span class='ocrx_word' id='word_1_379' title='bbox 1348 3440 1403 3482; x_wconf 91' lang='lat' dir='ltr'><strong>et</strong></span> <span class='ocrx_word' id='word_1_380' title='bbox 1434 3429 1589 3483; x_wconf 90' lang='lat' dir='ltr'><strong>hodie</strong></span> <span class='ocrx_word' id='word_1_381' title='bbox 1639 3427 1823 3483; x_wconf 83' lang='lat' dir='ltr'><strong>Jesum</strong></span> <span class='ocrx_word' id='word_1_382' title='bbox 1870 3429 2029 3487; x_wconf 87' lang='lat' dir='ltr'><strong>Chri-</strong></span> 
     </span>
    </p>
   </div>
   <div class='ocr_carea' id='block_1_53' title="bbox 464 3520 2026 3590">
    <p class='ocr_par' dir='ltr' id='par_1_53' title="bbox 464 3520 2026 3590">
     <span class='ocr_line' id='line_1_53' title="bbox 464 3520 2026 3590; baseline -0.002 -13"><span class='ocrx_word' id='word_1_383' title='bbox 464 3535 629 3588; x_wconf 82' lang='lat' dir='ltr'><strong>stum,</strong></span> <span class='ocrx_word' id='word_1_384' title='bbox 659 3524 823 3578; x_wconf 84' lang='lat' dir='ltr'><strong>alium</strong></span> <span class='ocrx_word' id='word_1_385' title='bbox 857 3536 987 3577; x_wconf 85' lang='lat' dir='ltr'><strong>vero</strong></span> <span class='ocrx_word' id='word_1_386' title='bbox 1012 3536 1133 3576; x_wconf 84' lang='lat' dir='ltr'><strong>eum</strong></span> <span class='ocrx_word' id='word_1_387' title='bbox 1162 3521 1254 3590; x_wconf 81' lang='lat' dir='ltr'><strong>qui</strong></span> <span class='ocrx_word' id='word_1_388' title='bbox 1283 3520 1412 3576; x_wconf 88' lang='lat' dir='ltr'><strong>dicit</strong></span> <span class='ocrx_word' id='word_1_389' title='bbox 1445 3538 1459 3572; x_wconf 86' lang='lat'><strong>:</strong></span> <span class='ocrx_word' id='word_1_390' title='bbox 1489 3538 1509 3571; x_wconf 88' lang='grc'><strong>‹</strong></span> <span class='ocrx_word' id='word_1_391' title='bbox 1537 3522 2026 3589; x_wconf 78' lang='lat' dir='ltr'><strong>AutequarnAbra-</strong></span> 
     </span>
    </p>
   </div>
   <div class='ocr_carea' id='block_1_54' title="bbox 466 3611 2030 3682">
    <p class='ocr_par' dir='ltr' id='par_1_54' title="bbox 466 3611 2030 3682">
     <span class='ocr_line' id='line_1_54' title="bbox 466 3611 2030 3682; baseline -0.003 -13"><span class='ocrx_word' id='word_1_392' title='bbox 466 3619 587 3669; x_wconf 86' lang='lat' dir='ltr'><strong>ham</strong></span> <span class='ocrx_word' id='word_1_393' title='bbox 614 3617 786 3677; x_wconf 86' lang='lat' dir='ltr'><strong>lieret,</strong></span> <span class='ocrx_word' id='word_1_394' title='bbox 815 3626 915 3682; x_wconf 89' lang='lat' dir='ltr'><strong>ego</strong></span> <span class='ocrx_word' id='word_1_395' title='bbox 949 3627 1092 3676; x_wconf 87' lang='lat' dir='ltr'><strong>sum,</strong></span> <span class='ocrx_word' id='word_1_396' title='bbox 1119 3631 1137 3662; x_wconf 74' lang='grc' dir='ltr'><strong>ι</strong></span> <span class='ocrx_word' id='word_1_397' title='bbox 1168 3611 1260 3666; x_wconf 87' lang='lat' dir='ltr'><strong>sed</strong></span> <span class='ocrx_word' id='word_1_398' title='bbox 1288 3627 1451 3664; x_wconf 90' lang='lat' dir='ltr'><strong>unum</strong></span> <span class='ocrx_word' id='word_1_399' title='bbox 1476 3621 1530 3665; x_wconf 91' lang='lat' dir='ltr'><strong>et</strong></span> <span class='ocrx_word' id='word_1_400' title='bbox 1562 3613 1806 3665; x_wconf 88' lang='lat' dir='ltr'><strong>emndem</strong></span> <span class='ocrx_word' id='word_1_401' title='bbox 1840 3627 2030 3666; x_wconf 77' lang='lat' dir='ltr'><strong>secun-</strong></span> 
     </span>
    </p>
   </div>
   <div class='ocr_carea' id='block_1_55' title="bbox 463 3700 2028 3768">
    <p class='ocr_par' dir='ltr' id='par_1_55' title="bbox 463 3700 2028 3768">
     <span class='ocr_line' id='line_1_55' title="bbox 463 3700 2028 3768; baseline -0.004 -8"><span class='ocrx_word' id='word_1_402' title='bbox 463 3707 591 3760; x_wconf 86' lang='lat' dir='ltr'><strong>dum</strong></span> <span class='ocrx_word' id='word_1_403' title='bbox 618 3719 802 3759; x_wconf 85' lang='lat' dir='ltr'><strong>veram</strong></span> <span class='ocrx_word' id='word_1_404' title='bbox 833 3704 1108 3768; x_wconf 88' lang='lat' dir='ltr'><strong>unionem,</strong></span> <span class='ocrx_word' id='word_1_405' title='bbox 1140 3716 1262 3755; x_wconf 90' lang='lat' dir='ltr'><strong>cum</strong></span> <span class='ocrx_word' id='word_1_406' title='bbox 1303 3700 1444 3755; x_wconf 85' lang='lat' dir='ltr'><strong>Dens</strong></span> <span class='ocrx_word' id='word_1_407' title='bbox 1478 3700 1710 3754; x_wconf 82' lang='lat' dir='ltr'><strong>Verbum</strong></span> <span class='ocrx_word' id='word_1_408' title='bbox 1748 3701 1824 3754; x_wconf 87' lang='lat' dir='ltr'><strong>sit</strong></span> <span class='ocrx_word' id='word_1_409' title='bbox 1869 3700 2028 3754; x_wconf 88' lang='lat' dir='ltr'><strong>homo</strong></span> 
     </span>
    </p>
   </div>
   <div class='ocr_carea' id='block_1_56' title="bbox 465 3793 2026 3858">
    <p class='ocr_par' dir='ltr' id='par_1_56' title="bbox 465 3793 2026 3858">
     <span class='ocr_line' id='line_1_56' title="bbox 465 3793 2026 3858; baseline -0.003 -9"><span class='ocrx_word' id='word_1_410' title='bbox 465 3799 641 3852; x_wconf 77' lang='lat' dir='ltr'><strong>tactus</strong></span> <span class='ocrx_word' id='word_1_411' title='bbox 684 3794 852 3850; x_wconf 82' lang='lat' dir='ltr'><strong>nostri</strong></span> <span class='ocrx_word' id='word_1_412' title='bbox 888 3793 1120 3858; x_wconf 89' lang='lat' dir='ltr'><strong>similis,</strong></span> <span class='ocrx_word' id='word_1_413' title='bbox 1175 3803 1231 3846; x_wconf 91' lang='lat' dir='ltr'><strong>et</strong></span> <span class='ocrx_word' id='word_1_414' title='bbox 1257 3808 1369 3847; x_wconf 87' lang='lat' dir='ltr'><strong>suae</strong></span> <span class='ocrx_word' id='word_1_415' title='bbox 1416 3802 1619 3846; x_wconf 63' lang='lat' dir='ltr'><strong>natura:</strong></span> <span class='ocrx_word' id='word_1_416' title='bbox 1666 3793 2026 3847; x_wconf 87' lang='lat' dir='ltr'><strong>conditionem</strong></span> 
     </span>
    </p>
   </div>
   <div class='ocr_carea' id='block_1_57' title="bbox 462 3885 2023 3956">
    <p class='ocr_par' dir='ltr' id='par_1_57' title="bbox 462 3885 2023 3956">
     <span class='ocr_line' id='line_1_57' title="bbox 462 3885 2023 3956; baseline -0.003 -15"><span class='ocrx_word' id='word_1_417' title='bbox 462 3889 608 3941; x_wconf 84' lang='lat' dir='ltr'><strong>illam</strong></span> <span class='ocrx_word' id='word_1_418' title='bbox 638 3901 743 3956; x_wconf 90' lang='lat' dir='ltr'><strong>qua</strong></span> <span class='ocrx_word' id='word_1_419' title='bbox 768 3885 1036 3955; x_wconf 88' lang='lat' dir='ltr'><strong>principio</strong></span> <span class='ocrx_word' id='word_1_420' title='bbox 1070 3886 1330 3953; x_wconf 85' lang='lat' dir='ltr'><strong>temporis</strong></span> <span class='ocrx_word' id='word_1_421' title='bbox 1359 3894 1531 3952; x_wconf 86' lang='lat' dir='ltr'><strong>caret,</strong></span> <span class='ocrx_word' id='word_1_422' title='bbox 1587 3886 1822 3939; x_wconf 84' lang='lat' dir='ltr'><strong>servarit</strong></span> <span class='ocrx_word' id='word_1_423' title='bbox 1856 3886 2023 3939; x_wconf 88' lang='lat' dir='ltr'><strong>etiam</strong></span> 
     </span>
    </p>
   </div>
   <div class='ocr_carea' id='block_1_58' title="bbox 426 3978 2025 4051">
    <p class='ocr_par' dir='ltr' id='par_1_58' title="bbox 426 3978 2025 4051">
     <span class='ocr_line' id='line_1_58' title="bbox 426 3978 2025 4051; baseline -0.003 -15"><span class='ocrx_word' id='word_1_424' title='bbox 426 3998 583 4051; x_wconf 12' lang='lat' dir='ltr'><strong>reum</strong></span> <span class='ocrx_word' id='word_1_425' title='bbox 612 3981 785 4036; x_wconf 79' lang='lat' dir='ltr'><strong>factus</strong></span> <span class='ocrx_word' id='word_1_426' title='bbox 823 3989 909 4035; x_wconf 92' lang='lat' dir='ltr'><strong>est</strong></span> <span class='ocrx_word' id='word_1_427' title='bbox 935 3994 1086 4041; x_wconf 82' lang='lat' dir='ltr'><strong>caro,</strong></span> <span class='ocrx_word' id='word_1_428' title='bbox 1147 3978 1401 4032; x_wconf 79' lang='lat' dir='ltr'><strong>facillime</strong></span> <span class='ocrx_word' id='word_1_429' title='bbox 1434 3978 1665 4047; x_wconf 88' lang='lat' dir='ltr'><strong>quisque</strong></span> <span class='ocrx_word' id='word_1_430' title='bbox 1719 3992 1788 4032; x_wconf 81' lang='lat' dir='ltr'><strong>ex</strong></span> <span class='ocrx_word' id='word_1_431' title='bbox 1849 3978 2025 4033; x_wconf 86' lang='lat' dir='ltr'><strong>sacris</strong></span> 
     </span>
    </p>
   </div>
   <div class='ocr_carea' id='block_1_59' title="bbox 463 4066 2028 4139">
    <p class='ocr_par' dir='ltr' id='par_1_59' title="bbox 463 4066 2028 4139">
     <span class='ocr_line' id='line_1_59' title="bbox 463 4066 2028 4139; baseline -0.004 -14"><span class='ocrx_word' id='word_1_432' title='bbox 463 4072 660 4133; x_wconf 84' lang='lat' dir='ltr'><strong>litteris</strong></span> <span class='ocrx_word' id='word_1_433' title='bbox 696 4069 1006 4139; x_wconf 80' lang='lat' dir='ltr'><strong>perspiciet.</strong></span> <span class='ocrx_word' id='word_1_434' title='bbox 1055 4068 1145 4121; x_wconf 86' lang='lat' dir='ltr'><strong>Ait</strong></span> <span class='ocrx_word' id='word_1_435' title='bbox 1168 4069 1314 4123; x_wconf 90' lang='lat' dir='ltr'><strong>enim</strong></span> <span class='ocrx_word' id='word_1_436' title='bbox 1361 4066 1604 4122; x_wconf 80' lang='lat' dir='ltr'><strong>Joannes</strong></span> <span class='ocrx_word' id='word_1_437' title='bbox 1636 4068 1828 4123; x_wconf 85' lang='lat' dir='ltr'><strong>beatus</strong></span> <span class='ocrx_word' id='word_1_438' title='bbox 1860 4080 2028 4120; x_wconf 81' lang='lat' dir='ltr'><strong>evan-</strong></span> 
     </span>
    </p>
   </div>
   <div class='ocr_carea' id='block_1_60' title="bbox 461 4157 2023 4231">
    <p class='ocr_par' dir='ltr' id='par_1_60' title="bbox 461 4157 2023 4231">
     <span class='ocr_line' id='line_1_60' title="bbox 461 4157 2023 4231; baseline -0.003 -16"><span class='ocrx_word' id='word_1_439' title='bbox 461 4164 652 4231; x_wconf 85' lang='lat' dir='ltr'><strong>gelista</strong></span> <span class='ocrx_word' id='word_1_440' title='bbox 676 4163 744 4215; x_wconf 87' lang='lat' dir='ltr'><strong>de</strong></span> <span class='ocrx_word' id='word_1_441' title='bbox 762 4161 1004 4215; x_wconf 85' lang='lat' dir='ltr'><strong>otnnium</strong></span> <span class='ocrx_word' id='word_1_442' title='bbox 1034 4159 1317 4214; x_wconf 86' lang='lat' dir='ltr'><strong>Salvatore</strong></span> <span class='ocrx_word' id='word_1_443' title='bbox 1339 4158 1559 4214; x_wconf 88' lang='lat' dir='ltr'><strong>Christo</strong></span> <span class='ocrx_word' id='word_1_444' title='bbox 1598 4176 1611 4212; x_wconf 90' lang='lat'><strong>:</strong></span> <span class='ocrx_word' id='word_1_445' title='bbox 1646 4157 1890 4213; x_wconf 79' lang='lat' dir='ltr'><strong>Joannes</strong></span> <span class='ocrx_word' id='word_1_446' title='bbox 1940 4166 2023 4213; x_wconf 92' lang='lat' dir='ltr'><strong>te-</strong></span> 
     </span>
    </p>
   </div>
   <div class='ocr_carea' id='block_1_61' title="bbox 460 4245 2027 4315">
    <p class='ocr_par' dir='ltr' id='par_1_61' title="bbox 460 4245 2027 4315">
     <span class='ocr_line' id='line_1_61' title="bbox 460 4245 2027 4315; baseline 0 -15"><span class='ocrx_word' id='word_1_447' title='bbox 460 4247 773 4300; x_wconf 77' lang='lat' dir='ltr'><strong>stimonium</strong></span> <span class='ocrx_word' id='word_1_448' title='bbox 797 4246 1046 4315; x_wconf 87' lang='lat' dir='ltr'><strong>perhibet</strong></span> <span class='ocrx_word' id='word_1_449' title='bbox 1063 4247 1128 4301; x_wconf 87' lang='lat' dir='ltr'><strong>de</strong></span> <span class='ocrx_word' id='word_1_450' title='bbox 1146 4247 1283 4313; x_wconf 89' lang='lat' dir='ltr'><strong>ipso,</strong></span> <span class='ocrx_word' id='word_1_451' title='bbox 1309 4256 1363 4300; x_wconf 93' lang='lat' dir='ltr'><strong>et</strong></span> <span class='ocrx_word' id='word_1_452' title='bbox 1379 4246 1599 4311; x_wconf 86' lang='lat' dir='ltr'><strong>clamat,</strong></span> <span class='ocrx_word' id='word_1_453' title='bbox 1619 4246 1805 4301; x_wconf 83' lang='lat' dir='ltr'><strong>dicens</strong></span> <span class='ocrx_word' id='word_1_454' title='bbox 1829 4263 1844 4299; x_wconf 88' lang='lat'><strong>:</strong></span> <span class='ocrx_word' id='word_1_455' title='bbox 1872 4264 1891 4297; x_wconf 79' lang='grc' dir='ltr'><strong>ι</strong></span> <span class='ocrx_word' id='word_1_456' title='bbox 1921 4245 2027 4312; x_wconf 73' lang='lat' dir='ltr'><strong>Qui</strong></span> 
     </span>
    </p>
   </div>
   <div class='ocr_carea' id='block_1_62' title="bbox 2134 1800 3708 1880">
    <p class='ocr_par' dir='ltr' id='par_1_62' title="bbox 2134 1800 3708 1880">
     <span class='ocr_line' id='line_1_62' title="bbox 2134 1800 3708 1880; baseline 0.006 -26"><span class='ocrx_word' id='word_1_457' title='bbox 2134 1803 2226 1855; x_wconf 81' lang='grc' dir='ltr'><strong>τὸν</strong></span> <span class='ocrx_word' id='word_1_458' title='bbox 2265 1804 2429 1856; x_wconf 83' lang='grc' dir='ltr'><strong>αὐτὸν</strong></span> <span class='ocrx_word' id='word_1_459' title='bbox 2462 1800 2600 1858; x_wconf 79' lang='grc' dir='ltr'><strong>εἶναί</strong></span> <span class='ocrx_word' id='word_1_460' title='bbox 2641 1824 2821 1875; x_wconf 80' lang='grc' dir='ltr'><strong>φαμεν</strong></span> <span class='ocrx_word' id='word_1_461' title='bbox 2848 1809 2938 1860; x_wconf 83' lang='grc' dir='ltr'><strong>τὸν</strong></span> <span class='ocrx_word' id='word_1_462' title='bbox 2967 1808 3091 1878; x_wconf 80' lang='grc' dir='ltr'><strong>χθὲς</strong></span> <span class='ocrx_word' id='word_1_463' title='bbox 3121 1811 3214 1863; x_wconf 71' lang='grc' dir='ltr'><strong>καὶ</strong></span> <span class='ocrx_word' id='word_1_464' title='bbox 3244 1811 3481 1880; x_wconf 85' lang='grc' dir='ltr'><strong>σήμερον</strong></span> <span class='ocrx_word' id='word_1_465' title='bbox 3509 1812 3603 1865; x_wconf 83' lang='grc' dir='ltr'><strong>καί</strong></span> <span class='ocrx_word' id='word_1_466' title='bbox 3627 1814 3708 1876; x_wconf 88' lang='grc' dir='ltr'><strong>εἰς</strong></span> 
     </span>
    </p>
   </div>
   <div class='ocr_carea' id='block_1_63' title="bbox 2134 1894 3707 1969">
    <p class='ocr_par' dir='ltr' id='par_1_63' title="bbox 2134 1894 3707 1969">
     <span class='ocr_line' id='line_1_63' title="bbox 2134 1894 3707 1969; baseline 0.006 -24"><span class='ocrx_word' id='word_1_467' title='bbox 2134 1894 2261 1957; x_wconf 77' lang='grc' dir='ltr'><strong>τοὺς</strong></span> <span class='ocrx_word' id='word_1_468' title='bbox 2285 1894 2508 1961; x_wconf 78' lang='grc' dir='ltr'><strong>αἰῶνας,</strong></span> <span class='ocrx_word' id='word_1_469' title='bbox 2539 1895 2667 1949; x_wconf 72' lang='grc' dir='ltr'><strong>ὄντα</strong></span> <span class='ocrx_word' id='word_1_470' title='bbox 2688 1914 2746 1949; x_wconf 88' lang='grc' dir='ltr'><strong>τε</strong></span> <span class='ocrx_word' id='word_1_471' title='bbox 2777 1898 2883 1969; x_wconf 77' lang='grc' dir='ltr'><strong>πρὸ</strong></span> <span class='ocrx_word' id='word_1_472' title='bbox 2932 1898 3181 1969; x_wconf 78' lang='grc' dir='ltr'><strong>Ἀϐραὰμ</strong></span> <span class='ocrx_word' id='word_1_473' title='bbox 3214 1900 3429 1962; x_wconf 87' lang='grc' dir='ltr'><strong>θεῖκῶς,</strong></span> <span class='ocrx_word' id='word_1_474' title='bbox 3447 1902 3707 1969; x_wconf 82' lang='grc' dir='ltr'><strong>γεγονότα</strong></span> 
     </span>
    </p>
   </div>
   <div class='ocr_carea' id='block_1_64' title="bbox 2132 1983 3707 2060">
    <p class='ocr_par' dir='ltr' id='par_1_64' title="bbox 2132 1983 3707 2060">
     <span class='ocr_line' id='line_1_64' title="bbox 2132 1983 3707 2060; baseline 0.004 -24"><span class='ocrx_word' id='word_1_475' title='bbox 2132 1983 2189 2036; x_wconf 87' lang='grc' dir='ltr'><strong>δὲ</strong></span> <span class='ocrx_word' id='word_1_476' title='bbox 2222 1986 2314 2037; x_wconf 83' lang='grc' dir='ltr'><strong>καί</strong></span> <span class='ocrx_word' id='word_1_477' title='bbox 2346 1986 2483 2055; x_wconf 83' lang='grc' dir='ltr'><strong>μετὰ</strong></span> <span class='ocrx_word' id='word_1_478' title='bbox 2513 1987 2670 2039; x_wconf 91' lang='grc' dir='ltr'><strong>τοῦτο</strong></span> <span class='ocrx_word' id='word_1_479' title='bbox 2702 1987 3003 2059; x_wconf 79' lang='grc' dir='ltr'><strong>ἄνθρωπον,</strong></span> <span class='ocrx_word' id='word_1_480' title='bbox 3038 1989 3131 2042; x_wconf 81' lang='grc' dir='ltr'><strong>καὶ</strong></span> <span class='ocrx_word' id='word_1_481' title='bbox 3153 1990 3402 2058; x_wconf 79' lang='grc' dir='ltr'><strong>γέννησιν</strong></span> <span class='ocrx_word' id='word_1_482' title='bbox 3418 1992 3707 2060; x_wconf 82' lang='grc' dir='ltr'><strong>ὑπομεῖναι</strong></span> 
     </span>
    </p>
   </div>
   <div class='ocr_carea' id='block_1_65' title="bbox 2132 2062 3705 2150">
    <p class='ocr_par' dir='ltr' id='par_1_65' title="bbox 2132 2062 3705 2150">
     <span class='ocr_line' id='line_1_65' title="bbox 2132 2062 3705 2150; baseline 0.006 -24"><span class='ocrx_word' id='word_1_483' title='bbox 2132 2077 2230 2145; x_wconf 82' lang='grc' dir='ltr'><strong>τὴν</strong></span> <span class='ocrx_word' id='word_1_484' title='bbox 2275 2077 2339 2129; x_wconf 81' lang='grc' dir='ltr'><strong>ὲκ</strong></span> <span class='ocrx_word' id='word_1_485' title='bbox 2390 2079 2669 2145; x_wconf 84' lang='grc' dir='ltr'><strong>γυναικός.</strong></span> <span class='ocrx_word' id='word_1_486' title='bbox 2712 2062 2920 2132; x_wconf 61' lang='grc' dir='ltr'><strong>Οὑκοῦδ</strong></span> <span class='ocrx_word' id='word_1_487' title='bbox 2967 2082 3027 2132; x_wconf 81' lang='grc' dir='ltr'><strong>οὐ</strong></span> <span class='ocrx_word' id='word_1_488' title='bbox 3080 2080 3436 2150; x_wconf 80' lang='grc' dir='ltr'><strong>ψευδοεπήσει</strong></span> <span class='ocrx_word' id='word_1_489' title='bbox 3496 2081 3705 2150; x_wconf 84' lang='grc' dir='ltr'><strong>λέγων·</strong></span> 
     </span>
    </p>
   </div>
   <div class='ocr_carea' id='block_1_66' title="bbox 2140 2169 3710 2243">
    <p class='ocr_par' dir='ltr' id='par_1_66' title="bbox 2140 2169 3710 2243">
     <span class='ocr_line' id='line_1_66' title="bbox 2140 2169 3710 2243; baseline 0.003 -23"><span class='ocrx_word' id='word_1_490' title='bbox 2140 2187 2159 2220; x_wconf 79' lang='grc' dir='ltr'><strong>ι</strong></span> <span class='ocrx_word' id='word_1_491' title='bbox 2205 2169 2377 2241; x_wconf 81' lang='grc' dir='ltr'><strong>Ἀμὴν</strong></span> <span class='ocrx_word' id='word_1_492' title='bbox 2429 2169 2573 2237; x_wconf 84' lang='grc' dir='ltr'><strong>λέγω</strong></span> <span class='ocrx_word' id='word_1_493' title='bbox 2613 2172 2761 2240; x_wconf 81' lang='grc' dir='ltr'><strong>ὑμῖν,</strong></span> <span class='ocrx_word' id='word_1_494' title='bbox 2811 2172 2940 2240; x_wconf 76' lang='grc' dir='ltr'><strong>πρὶν</strong></span> <span class='ocrx_word' id='word_1_495' title='bbox 2995 2172 3246 2242; x_wconf 82' lang='grc' dir='ltr'><strong>Ἀϐραὰμ</strong></span> <span class='ocrx_word' id='word_1_496' title='bbox 3302 2172 3551 2240; x_wconf 84' lang='grc' dir='ltr'><strong>γενέσθαι</strong></span> <span class='ocrx_word' id='word_1_497' title='bbox 3598 2173 3710 2243; x_wconf 77' lang='grc' dir='ltr'><strong>ἐγώ</strong></span> 
     </span>
    </p>
   </div>
   <div class='ocr_carea' id='block_1_67' title="bbox 2132 2250 3711 2331">
    <p class='ocr_par' dir='ltr' id='par_1_67' title="bbox 2132 2250 3711 2331">
     <span class='ocr_line' id='line_1_67' title="bbox 2132 2250 3711 2331; baseline 0.003 -20"><span class='ocrx_word' id='word_1_498' title='bbox 2132 2261 2265 2329; x_wconf 90' lang='grc' dir='ltr'><strong>εἰμι.</strong></span> <span class='ocrx_word' id='word_1_499' title='bbox 2297 2278 2315 2310; x_wconf 70' lang='grc' dir='ltr'><strong>ι</strong></span> <span class='ocrx_word' id='word_1_500' title='bbox 2365 2260 2504 2313; x_wconf 80' lang='grc' dir='ltr'>Ἀλλ’</span> <span class='ocrx_word' id='word_1_501' title='bbox 2541 2262 2607 2314; x_wconf 79' lang='grc' dir='ltr'><strong>οὐ</strong></span> <span class='ocrx_word' id='word_1_502' title='bbox 2668 2262 2914 2331; x_wconf 82' lang='grc' dir='ltr'><strong>συνίησιν</strong></span> <span class='ocrx_word' id='word_1_503' title='bbox 2942 2261 3098 2326; x_wconf 83' lang='grc' dir='ltr'><strong>ὅλως,</strong></span> <span class='ocrx_word' id='word_1_504' title='bbox 3133 2250 3182 2315; x_wconf 56' lang='grc' dir='ltr'><strong>’ὃ</strong></span> <span class='ocrx_word' id='word_1_505' title='bbox 3219 2262 3272 2314; x_wconf 89' lang='grc' dir='ltr'><strong>τί</strong></span> <span class='ocrx_word' id='word_1_506' title='bbox 3329 2263 3460 2315; x_wconf 80' lang='grc' dir='ltr'><strong>ποτέ</strong></span> <span class='ocrx_word' id='word_1_507' title='bbox 3499 2264 3615 2315; x_wconf 77' lang='grc' dir='ltr'><strong>ἐστι</strong></span> <span class='ocrx_word' id='word_1_508' title='bbox 3648 2263 3711 2316; x_wconf 81' lang='grc' dir='ltr'><strong>τὸ</strong></span> 
     </span>
    </p>
   </div>
   <div class='ocr_carea' id='block_1_68' title="bbox 2133 2349 3712 2422">
    <p class='ocr_par' dir='ltr' id='par_1_68' title="bbox 2133 2349 3712 2422">
     <span class='ocr_line' id='line_1_68' title="bbox 2133 2349 3712 2422; baseline 0.003 -21"><span class='ocrx_word' id='word_1_509' title='bbox 2133 2349 2259 2419; x_wconf 78' lang='grc' dir='ltr'><strong>χθὲς</strong></span> <span class='ocrx_word' id='word_1_510' title='bbox 2295 2349 2389 2401; x_wconf 76' lang='grc' dir='ltr'><strong>καὶ</strong></span> <span class='ocrx_word' id='word_1_511' title='bbox 2446 2352 2720 2421; x_wconf 84' lang='grc' dir='ltr'><strong>σήμερον,</strong></span> <span class='ocrx_word' id='word_1_512' title='bbox 2760 2351 2854 2403; x_wconf 75' lang='grc' dir='ltr'><strong>καί</strong></span> <span class='ocrx_word' id='word_1_513' title='bbox 2901 2351 2981 2412; x_wconf 88' lang='grc' dir='ltr'><strong>εἰς</strong></span> <span class='ocrx_word' id='word_1_514' title='bbox 3018 2351 3146 2413; x_wconf 84' lang='grc' dir='ltr'><strong>τοὺς</strong></span> <span class='ocrx_word' id='word_1_515' title='bbox 3186 2350 3420 2412; x_wconf 88' lang='grc' dir='ltr'><strong>αἰῶνας·</strong></span> <span class='ocrx_word' id='word_1_516' title='bbox 3475 2352 3558 2404; x_wconf 81' lang='grc' dir='ltr'><strong>ἵνα</strong></span> <span class='ocrx_word' id='word_1_517' title='bbox 3602 2352 3712 2422; x_wconf 79' lang='grc' dir='ltr'><strong>γὰρ</strong></span> 
     </span>
    </p>
   </div>
   <div class='ocr_carea' id='block_1_69' title="bbox 2134 2436 3708 2510">
    <p class='ocr_par' dir='ltr' id='par_1_69' title="bbox 2134 2436 3708 2510">
     <span class='ocr_line' id='line_1_69' title="bbox 2134 2436 3708 2510; baseline 0.003 -20"><span class='ocrx_word' id='word_1_518' title='bbox 2134 2436 2300 2490; x_wconf 68' lang='grc' dir='ltr'><strong>ἀΐδιον</strong></span> <span class='ocrx_word' id='word_1_519' title='bbox 2335 2437 2483 2502; x_wconf 76' lang='grc' dir='ltr'><strong>ὄντα,</strong></span> <span class='ocrx_word' id='word_1_520' title='bbox 2532 2440 2626 2491; x_wconf 74' lang='grc' dir='ltr'><strong>καὶ</strong></span> <span class='ocrx_word' id='word_1_521' title='bbox 2669 2439 2929 2502; x_wconf 82' lang='grc' dir='ltr'><strong>ὡσαύτως</strong></span> <span class='ocrx_word' id='word_1_522' title='bbox 2980 2439 3172 2508; x_wconf 77' lang='grc' dir='ltr'><strong>ἔχοντα</strong></span> <span class='ocrx_word' id='word_1_523' title='bbox 3213 2442 3354 2494; x_wconf 82' lang='grc' dir='ltr'><strong>κατὰ</strong></span> <span class='ocrx_word' id='word_1_524' title='bbox 3393 2442 3569 2510; x_wconf 76' lang='grc' dir='ltr'><strong>φύσιν,</strong></span> <span class='ocrx_word' id='word_1_525' title='bbox 3611 2444 3708 2495; x_wconf 79' lang='grc' dir='ltr'><strong>καὶ</strong></span> 
     </span>
    </p>
   </div>
   <div class='ocr_carea' id='block_1_70' title="bbox 2132 2516 3817 2598">
    <p class='ocr_par' dir='ltr' id='par_1_70' title="bbox 2132 2516 3817 2598">
     <span class='ocr_line' id='line_1_70' title="bbox 2132 2516 3817 2598; baseline 0.002 -20"><span class='ocrx_word' id='word_1_526' title='bbox 2132 2528 2338 2596; x_wconf 79' lang='grc' dir='ltr'><strong>τροπῆς</strong></span> <span class='ocrx_word' id='word_1_527' title='bbox 2372 2528 2579 2597; x_wconf 84' lang='grc' dir='ltr'><strong>ἀμείνω</strong></span> <span class='ocrx_word' id='word_1_528' title='bbox 2618 2528 2712 2579; x_wconf 80' lang='grc' dir='ltr'><strong>καὶ</strong></span> <span class='ocrx_word' id='word_1_529' title='bbox 2757 2527 3059 2598; x_wconf 79' lang='grc' dir='ltr'><strong>μεταϐολῆς</strong></span> <span class='ocrx_word' id='word_1_530' title='bbox 3097 2530 3187 2582; x_wconf 80' lang='grc' dir='ltr'><strong>τὸν</strong></span> <span class='ocrx_word' id='word_1_531' title='bbox 3229 2516 3322 2582; x_wconf 77' lang='grc' dir='ltr'><strong>τοῦ</strong></span> <span class='ocrx_word' id='word_1_532' title='bbox 3355 2529 3489 2582; x_wconf 85' lang='grc' dir='ltr'><strong>Θεοῦ</strong></span> <span class='ocrx_word' id='word_1_533' title='bbox 3533 2546 3704 2582; x_wconf 86' lang='grc' dir='ltr'><strong>κατα-</strong></span> <span class='ocrx_word' id='word_1_534' title='bbox 3740 2559 3745 2563; x_wconf 95' lang='grc'><strong>-</strong></span> <span class='ocrx_word' id='word_1_535' title='bbox 3807 2525 3817 2532; x_wconf 83' lang='grc'><em>’</em></span> 
     </span>
    </p>
   </div>
   <div class='ocr_carea' id='block_1_71' title="bbox 2131 2615 3702 2689">
    <p class='ocr_par' dir='ltr' id='par_1_71' title="bbox 2131 2615 3702 2689">
     <span class='ocr_line' id='line_1_71' title="bbox 2131 2615 3702 2689; baseline 0.003 -22"><span class='ocrx_word' id='word_1_536' title='bbox 2131 2615 2280 2686; x_wconf 80' lang='grc' dir='ltr'><strong>δείξῃ</strong></span> <span class='ocrx_word' id='word_1_537' title='bbox 2313 2617 2504 2680; x_wconf 86' lang='grc' dir='ltr'><strong>Λόγον,</strong></span> <span class='ocrx_word' id='word_1_538' title='bbox 2538 2616 2642 2669; x_wconf 76' lang='grc' dir='ltr'><strong>κᾶν</strong></span> <span class='ocrx_word' id='word_1_539' title='bbox 2664 2618 2715 2669; x_wconf 88' lang='grc' dir='ltr'><strong>εἰ</strong></span> <span class='ocrx_word' id='word_1_540' title='bbox 2751 2618 2969 2685; x_wconf 85' lang='grc' dir='ltr'><strong>γέγονεν</strong></span> <span class='ocrx_word' id='word_1_541' title='bbox 2996 2620 3310 2688; x_wconf 66' lang='grc' dir='ltr'><strong>ἄνθρωπος,</strong></span> <span class='ocrx_word' id='word_1_542' title='bbox 3364 2621 3444 2681; x_wconf 83' lang='grc' dir='ltr'><strong>εἰς</strong></span> <span class='ocrx_word' id='word_1_543' title='bbox 3476 2620 3702 2689; x_wconf 78' lang='grc' dir='ltr'><strong>καιροὺς</strong></span> 
     </span>
    </p>
   </div>
   <div class='ocr_carea' id='block_1_72' title="bbox 2138 2707 3705 2779">
    <p class='ocr_par' dir='ltr' id='par_1_72' title="bbox 2138 2707 3705 2779">
     <span class='ocr_line' id='line_1_72' title="bbox 2138 2707 3705 2779; baseline 0.003 -20"><span class='ocrx_word' id='word_1_544' title='bbox 2138 2707 2234 2776; x_wconf 81' lang='grc' dir='ltr'><strong>μὲν</strong></span> <span class='ocrx_word' id='word_1_545' title='bbox 2261 2707 2513 2777; x_wconf 78' lang='grc' dir='ltr'><strong>διέστησε</strong></span> <span class='ocrx_word' id='word_1_546' title='bbox 2561 2711 2710 2778; x_wconf 86' lang='grc' dir='ltr'><strong>τρεῖς</strong></span> <span class='ocrx_word' id='word_1_547' title='bbox 2738 2708 2826 2763; x_wconf 81' lang='grc' dir='ltr'><strong>τὸν</strong></span> <span class='ocrx_word' id='word_1_548' title='bbox 2859 2709 3069 2762; x_wconf 73' lang='grc' dir='ltr'><strong>ᾶπαντα</strong></span> <span class='ocrx_word' id='word_1_549' title='bbox 3098 2709 3288 2777; x_wconf 82' lang='grc' dir='ltr'><strong>χρόνον</strong></span> <span class='ocrx_word' id='word_1_550' title='bbox 3311 2726 3323 2738; x_wconf 94' lang='grc'><strong>·</strong></span> <span class='ocrx_word' id='word_1_551' title='bbox 3358 2710 3540 2779; x_wconf 85' lang='grc' dir='ltr'><strong>τίθησι</strong></span> <span class='ocrx_word' id='word_1_552' title='bbox 3560 2710 3616 2763; x_wconf 81' lang='grc' dir='ltr'><strong>δὲ</strong></span> <span class='ocrx_word' id='word_1_553' title='bbox 3641 2711 3705 2764; x_wconf 73' lang='grc' dir='ltr'><strong>τὸ</strong></span> 
     </span>
    </p>
   </div>
   <div class='ocr_carea' id='block_1_73' title="bbox 2136 2794 3705 2866">
    <p class='ocr_par' dir='ltr' id='par_1_73' title="bbox 2136 2794 3705 2866">
     <span class='ocr_line' id='line_1_73' title="bbox 2136 2794 3705 2866; baseline 0.004 -21"><span class='ocrx_word' id='word_1_554' title='bbox 2136 2795 2236 2863; x_wconf 86' lang='grc' dir='ltr'><strong>μὲν</strong></span> <span class='ocrx_word' id='word_1_555' title='bbox 2273 2794 2421 2863; x_wconf 82' lang='grc' dir='ltr'><strong>χθὲς,</strong></span> <span class='ocrx_word' id='word_1_556' title='bbox 2455 2796 2546 2848; x_wconf 81' lang='grc' dir='ltr'><strong>ὲπί</strong></span> <span class='ocrx_word' id='word_1_557' title='bbox 2583 2796 2675 2848; x_wconf 89' lang='grc' dir='ltr'><strong>τοῦ</strong></span> <span class='ocrx_word' id='word_1_558' title='bbox 2720 2795 3126 2865; x_wconf 83' lang='grc' dir='ltr'><strong>παρῳχηκότος,</strong></span> <span class='ocrx_word' id='word_1_559' title='bbox 3173 2797 3265 2848; x_wconf 76' lang='grc' dir='ltr'><strong>ἐπὶ</strong></span> <span class='ocrx_word' id='word_1_560' title='bbox 3296 2799 3352 2850; x_wconf 79' lang='grc' dir='ltr'><strong>δέ</strong></span> <span class='ocrx_word' id='word_1_561' title='bbox 3380 2814 3444 2866; x_wconf 88' lang='grc' dir='ltr'><strong>γε</strong></span> <span class='ocrx_word' id='word_1_562' title='bbox 3478 2799 3573 2851; x_wconf 87' lang='grc' dir='ltr'><strong>τοῦ</strong></span> <span class='ocrx_word' id='word_1_563' title='bbox 3614 2802 3705 2851; x_wconf 82' lang='grc' dir='ltr'><strong>ὲν-</strong></span> 
     </span>
    </p>
   </div>
   <div class='ocr_carea' id='block_1_74' title="bbox 2137 2886 3705 2958">
    <p class='ocr_par' dir='ltr' id='par_1_74' title="bbox 2137 2886 3705 2958">
     <span class='ocr_line' id='line_1_74' title="bbox 2137 2886 3705 2958; baseline 0.004 -21"><span class='ocrx_word' id='word_1_564' title='bbox 2137 2886 2454 2955; x_wconf 79' lang='grc' dir='ltr'><strong>εστηκὸτος,</strong></span> <span class='ocrx_word' id='word_1_565' title='bbox 2510 2886 2573 2938; x_wconf 79' lang='grc' dir='ltr'><strong>τὸ</strong></span> <span class='ocrx_word' id='word_1_566' title='bbox 2615 2888 2884 2956; x_wconf 77' lang='grc' dir='ltr'><strong>σήμερον³</strong></span> <span class='ocrx_word' id='word_1_567' title='bbox 2935 2888 3029 2940; x_wconf 75' lang='grc' dir='ltr'><strong>καὶ</strong></span> <span class='ocrx_word' id='word_1_568' title='bbox 3068 2889 3160 2940; x_wconf 76' lang='grc' dir='ltr'><strong>ἐπὶ</strong></span> <span class='ocrx_word' id='word_1_569' title='bbox 3193 2890 3499 2958; x_wconf 83' lang='grc' dir='ltr'><strong>μέλλοντος,</strong></span> <span class='ocrx_word' id='word_1_570' title='bbox 3527 2891 3586 2943; x_wconf 81' lang='grc' dir='ltr'><strong>τὸ</strong></span> <span class='ocrx_word' id='word_1_571' title='bbox 3623 2894 3705 2954; x_wconf 83' lang='grc' dir='ltr'><strong>εἰς</strong></span> 
     </span>
    </p>
   </div>
   <div class='ocr_carea' id='block_1_75' title="bbox 2132 2977 3700 3052">
    <p class='ocr_par' dir='ltr' id='par_1_75' title="bbox 2132 2977 3700 3052">
     <span class='ocr_line' id='line_1_75' title="bbox 2132 2977 3700 3052; baseline 0.004 -23"><span class='ocrx_word' id='word_1_572' title='bbox 2132 2977 2334 3040; x_wconf 82' lang='grc' dir='ltr'><strong>αἰῶνας</strong></span> <span class='ocrx_word' id='word_1_573' title='bbox 2359 2995 2375 3008; x_wconf 91' lang='grc'><strong>·</strong></span> <span class='ocrx_word' id='word_1_574' title='bbox 2404 2978 2432 3030; x_wconf 93' lang='lat'><strong>6</strong></span> <span class='ocrx_word' id='word_1_575' title='bbox 2463 2978 2519 3030; x_wconf 86' lang='grc' dir='ltr'><strong>δὲ</strong></span> <span class='ocrx_word' id='word_1_576' title='bbox 2542 2978 2796 3050; x_wconf 78' lang='grc' dir='ltr'><strong>ἄγροικος</strong></span> <span class='ocrx_word' id='word_1_577' title='bbox 2828 2980 3035 3045; x_wconf 70' lang='grc' dir='ltr'><strong>οὑτοσὶ,</strong></span> <span class='ocrx_word' id='word_1_578' title='bbox 3067 2980 3129 3033; x_wconf 82' lang='grc' dir='ltr'><strong>τὸ</strong></span> <span class='ocrx_word' id='word_1_579' title='bbox 3165 2980 3289 3051; x_wconf 81' lang='grc' dir='ltr'><strong>χθὲς</strong></span> <span class='ocrx_word' id='word_1_580' title='bbox 3320 2983 3414 3034; x_wconf 71' lang='grc' dir='ltr'><strong>καὶ</strong></span> <span class='ocrx_word' id='word_1_581' title='bbox 3440 2983 3700 3052; x_wconf 80' lang='grc' dir='ltr'><strong>σήμερον,</strong></span> 
     </span>
    </p>
   </div>
   <div class='ocr_carea' id='block_1_76' title="bbox 2130 3067 3703 3143">
    <p class='ocr_par' dir='ltr' id='par_1_76' title="bbox 2130 3067 3703 3143">
     <span class='ocr_line' id='line_1_76' title="bbox 2130 3067 3703 3143; baseline 0.004 -24"><span class='ocrx_word' id='word_1_582' title='bbox 2130 3068 2205 3130; x_wconf 83' lang='grc' dir='ltr'><strong>ὡς</strong></span> <span class='ocrx_word' id='word_1_583' title='bbox 2232 3070 2317 3120; x_wconf 78' lang='grc' dir='ltr'><strong>ἐπ’</strong></span> <span class='ocrx_word' id='word_1_584' title='bbox 2358 3067 2648 3139; x_wconf 82' lang='grc' dir='ltr'><strong>ἀνθρώπου</strong></span> <span class='ocrx_word' id='word_1_585' title='bbox 2674 3070 2891 3138; x_wconf 80' lang='grc' dir='ltr'><strong>λέγεται</strong></span> <span class='ocrx_word' id='word_1_586' title='bbox 2922 3075 3057 3142; x_wconf 79' lang='grc' dir='ltr'><strong>παρ’</strong></span> <span class='ocrx_word' id='word_1_587' title='bbox 3092 3072 3258 3124; x_wconf 83' lang='grc' dir='ltr'><strong>αὐτοῦ</strong></span> <span class='ocrx_word' id='word_1_588' title='bbox 3302 3072 3484 3126; x_wconf 83' lang='grc' dir='ltr'><strong>κοινοῦ</strong></span> <span class='ocrx_word' id='word_1_589' title='bbox 3522 3091 3703 3143; x_wconf 88' lang='grc' dir='ltr'><strong>παρα-</strong></span> 
     </span>
    </p>
   </div>
   <div class='ocr_carea' id='block_1_77' title="bbox 2128 3159 3703 3237">
    <p class='ocr_par' dir='ltr' id='par_1_77' title="bbox 2128 3159 3703 3237">
     <span class='ocr_line' id='line_1_77' title="bbox 2128 3159 3703 3237; baseline 0.006 -27"><span class='ocrx_word' id='word_1_590' title='bbox 2128 3159 2297 3228; x_wconf 83' lang='grc' dir='ltr'><strong>λόγως</strong></span> <span class='ocrx_word' id='word_1_591' title='bbox 2325 3159 2527 3230; x_wconf 81' lang='grc' dir='ltr'><strong>Ιλείπει</strong></span> <span class='ocrx_word' id='word_1_592' title='bbox 2554 3161 2676 3232; x_wconf 89' lang='grc' dir='ltr'><strong>τι]·</strong></span> <span class='ocrx_word' id='word_1_593' title='bbox 2730 3162 2831 3214; x_wconf 81' lang='grc' dir='ltr'><strong>οὐκ</strong></span> <span class='ocrx_word' id='word_1_594' title='bbox 2855 3164 3072 3229; x_wconf 77' lang='grc' dir='ltr'><strong>ἐννοῶν,</strong></span> <span class='ocrx_word' id='word_1_595' title='bbox 3110 3164 3193 3216; x_wconf 85' lang='grc' dir='ltr'><strong>ὅτι</strong></span> <span class='ocrx_word' id='word_1_596' title='bbox 3236 3164 3606 3237; x_wconf 67' lang='grc' dir='ltr'><strong>τηοεσϐὑτερόν</strong></span> <span class='ocrx_word' id='word_1_597' title='bbox 3642 3183 3703 3219; x_wconf 80' lang='grc' dir='ltr'><strong>τε</strong></span> 
     </span>
    </p>
   </div>
   <div class='ocr_carea' id='block_1_78' title="bbox 2130 3253 3707 3327">
    <p class='ocr_par' dir='ltr' id='par_1_78' title="bbox 2130 3253 3707 3327">
     <span class='ocr_line' id='line_1_78' title="bbox 2130 3253 3707 3327; baseline 0.006 -24"><span class='ocrx_word' id='word_1_598' title='bbox 2130 3253 2222 3304; x_wconf 74' lang='grc' dir='ltr'><strong>καὶ</strong></span> <span class='ocrx_word' id='word_1_599' title='bbox 2269 3253 2689 3323; x_wconf 75' lang='grc' dir='ltr'><strong>προῡπάρχοντα</strong></span> <span class='ocrx_word' id='word_1_600' title='bbox 2721 3254 2820 3322; x_wconf 75' lang='grc' dir='ltr'><strong>τῆς</strong></span> <span class='ocrx_word' id='word_1_601' title='bbox 2853 3254 3046 3309; x_wconf 82' lang='grc' dir='ltr'><strong>ἑαυτοῦ</strong></span> <span class='ocrx_word' id='word_1_602' title='bbox 3092 3257 3397 3325; x_wconf 82' lang='grc' dir='ltr'><strong>γεννήσεως</strong></span> <span class='ocrx_word' id='word_1_603' title='bbox 3437 3259 3707 3327; x_wconf 68' lang='grc' dir='ltr'><strong>ἀποφανεῖ</strong></span> 
     </span>
    </p>
   </div>
   <div class='ocr_carea' id='block_1_79' title="bbox 2130 3341 3702 3417">
    <p class='ocr_par' dir='ltr' id='par_1_79' title="bbox 2130 3341 3702 3417">
     <span class='ocr_line' id='line_1_79' title="bbox 2130 3341 3702 3417; baseline 0.004 -23"><span class='ocrx_word' id='word_1_604' title='bbox 2130 3342 2306 3412; x_wconf 82' lang='grc' dir='ltr'><strong>πάντη</strong></span> <span class='ocrx_word' id='word_1_605' title='bbox 2337 3360 2397 3394; x_wconf 85' lang='grc' dir='ltr'><strong>τε</strong></span> <span class='ocrx_word' id='word_1_606' title='bbox 2434 3346 2528 3395; x_wconf 78' lang='grc' dir='ltr'><strong>καὶ</strong></span> <span class='ocrx_word' id='word_1_607' title='bbox 2558 3344 2794 3407; x_wconf 81' lang='grc' dir='ltr'><strong>πάντως,</strong></span> <span class='ocrx_word' id='word_1_608' title='bbox 2836 3344 2995 3416; x_wconf 79' lang='grc' dir='ltr'><strong>εἴπερ</strong></span> <span class='ocrx_word' id='word_1_609' title='bbox 3021 3341 3088 3417; x_wconf 77' lang='grc' dir='ltr'><strong>ἦν</strong></span> <span class='ocrx_word' id='word_1_610' title='bbox 3122 3348 3259 3410; x_wconf 81' lang='grc' dir='ltr'><strong>ὅλως</strong></span> <span class='ocrx_word' id='word_1_611' title='bbox 3294 3349 3387 3400; x_wconf 75' lang='grc' dir='ltr'><strong>καὶ</strong></span> <span class='ocrx_word' id='word_1_612' title='bbox 3432 3349 3572 3402; x_wconf 81' lang='grc' dir='ltr'><strong>κατὰ</strong></span> <span class='ocrx_word' id='word_1_613' title='bbox 3604 3350 3702 3414; x_wconf 78' lang='grc' dir='ltr'><strong>τὴν</strong></span> 
     </span>
    </p>
   </div>
   <div class='ocr_carea' id='block_1_80' title="bbox 2128 3430 3703 3507">
    <p class='ocr_par' dir='ltr' id='par_1_80' title="bbox 2128 3430 3703 3507">
     <span class='ocr_line' id='line_1_80' title="bbox 2128 3430 3703 3507; baseline 0.006 -26"><span class='ocrx_word' id='word_1_614' title='bbox 2128 3430 2274 3499; x_wconf 87' lang='grc' dir='ltr'><strong>χθὲς,</strong></span> <span class='ocrx_word' id='word_1_615' title='bbox 2307 3431 2445 3500; x_wconf 82' lang='grc' dir='ltr'><strong>ὅπερ</strong></span> <span class='ocrx_word' id='word_1_616' title='bbox 2479 3431 2596 3482; x_wconf 71' lang='grc' dir='ltr'><strong>ἐστὶ</strong></span> <span class='ocrx_word' id='word_1_617' title='bbox 2629 3430 2723 3484; x_wconf 89' lang='grc' dir='ltr'><strong>τοῦ</strong></span> <span class='ocrx_word' id='word_1_618' title='bbox 2762 3434 3154 3506; x_wconf 77' lang='grc' dir='ltr'><strong>παρῳχηκότος</strong></span> <span class='ocrx_word' id='word_1_619' title='bbox 3197 3436 3389 3506; x_wconf 81' lang='grc' dir='ltr'><strong>καιροῦ</strong></span> <span class='ocrx_word' id='word_1_620' title='bbox 3439 3454 3703 3507; x_wconf 82' lang='grc' dir='ltr'><strong>σημαντι-</strong></span> 
     </span>
    </p>
   </div>
   <div class='ocr_carea' id='block_1_81' title="bbox 2130 3520 3703 3597">
    <p class='ocr_par' dir='ltr' id='par_1_81' title="bbox 2130 3520 3703 3597">
     <span class='ocr_line' id='line_1_81' title="bbox 2130 3520 3703 3597; baseline 0.005 -25"><span class='ocrx_word' id='word_1_621' title='bbox 2130 3520 2242 3574; x_wconf 85' lang='grc' dir='ltr'><strong>κόν.</strong></span> <span class='ocrx_word' id='word_1_622' title='bbox 2276 3520 2401 3572; x_wconf 83' lang='grc' dir='ltr'><strong>’Ότι</strong></span> <span class='ocrx_word' id='word_1_623' title='bbox 2425 3520 2524 3589; x_wconf 84' lang='grc' dir='ltr'><strong>μὲν</strong></span> <span class='ocrx_word' id='word_1_624' title='bbox 2552 3521 2649 3589; x_wconf 83' lang='grc' dir='ltr'><strong>οὐχ</strong></span> <span class='ocrx_word' id='word_1_625' title='bbox 2677 3521 2867 3588; x_wconf 74' lang='grc' dir='ltr'><strong>ἔτερος</strong></span> <span class='ocrx_word' id='word_1_626' title='bbox 2897 3523 2926 3573; x_wconf 90' lang='lat'><strong>6</strong></span> <span class='ocrx_word' id='word_1_627' title='bbox 2951 3523 3076 3591; x_wconf 85' lang='grc' dir='ltr'><strong>χθὲς</strong></span> <span class='ocrx_word' id='word_1_628' title='bbox 3100 3525 3193 3576; x_wconf 82' lang='grc' dir='ltr'><strong>καί</strong></span> <span class='ocrx_word' id='word_1_629' title='bbox 3220 3527 3456 3595; x_wconf 84' lang='grc' dir='ltr'><strong>σήμερον</strong></span> <span class='ocrx_word' id='word_1_630' title='bbox 3497 3527 3703 3597; x_wconf 78' lang='grc' dir='ltr'><strong>Ἰησοῦς</strong></span> 
     </span>
    </p>
   </div>
   <div class='ocr_carea' id='block_1_82' title="bbox 2128 3610 3704 3687">
    <p class='ocr_par' dir='ltr' id='par_1_82' title="bbox 2128 3610 3704 3687">
     <span class='ocr_line' id='line_1_82' title="bbox 2128 3610 3704 3687; baseline 0.005 -23"><span class='ocrx_word' id='word_1_631' title='bbox 2128 3611 2384 3680; x_wconf 80' lang='grc' dir='ltr'><strong>Χριστὸς,</strong></span> <span class='ocrx_word' id='word_1_632' title='bbox 2419 3610 2604 3680; x_wconf 74' lang='grc' dir='ltr'><strong>ἕτερος</strong></span> <span class='ocrx_word' id='word_1_633' title='bbox 2631 3610 2687 3663; x_wconf 81' lang='grc' dir='ltr'>δὲ</span> <span class='ocrx_word' id='word_1_634' title='bbox 2728 3612 2757 3663; x_wconf 91' lang='lat'><strong>6</strong></span> <span class='ocrx_word' id='word_1_635' title='bbox 2806 3612 2998 3678; x_wconf 82' lang='grc' dir='ltr'><strong>λέγων,</strong></span> <span class='ocrx_word' id='word_1_636' title='bbox 3037 3632 3055 3663; x_wconf 78' lang='grc' dir='ltr'><strong>ι</strong></span> <span class='ocrx_word' id='word_1_637' title='bbox 3088 3616 3233 3686; x_wconf 74' lang='grc' dir='ltr'><strong>Πρὶν,</strong></span> <span class='ocrx_word' id='word_1_638' title='bbox 3256 3618 3502 3687; x_wconf 81' lang='grc' dir='ltr'><strong>Ἀϐραὰμ</strong></span> <span class='ocrx_word' id='word_1_639' title='bbox 3551 3620 3704 3685; x_wconf 86' lang='grc' dir='ltr'><strong>γενέ-</strong></span> 
     </span>
    </p>
   </div>
   <div class='ocr_carea' id='block_1_83' title="bbox 2130 3699 3704 3771">
    <p class='ocr_par' dir='ltr' id='par_1_83' title="bbox 2130 3699 3704 3771">
     <span class='ocr_line' id='line_1_83' title="bbox 2130 3699 3704 3771; baseline 0.005 -15"><span class='ocrx_word' id='word_1_640' title='bbox 2130 3704 2275 3766; x_wconf 92' lang='grc' dir='ltr'><strong>σθαι,</strong></span> <span class='ocrx_word' id='word_1_641' title='bbox 2313 3701 2424 3771; x_wconf 79' lang='grc' dir='ltr'><strong>ὲ.γώ</strong></span> <span class='ocrx_word' id='word_1_642' title='bbox 2451 3704 2586 3771; x_wconf 85' lang='grc' dir='ltr'><strong>εἰμι,</strong></span> <span class='ocrx_word' id='word_1_643' title='bbox 2617 3721 2635 3752; x_wconf 73' lang='grc' dir='ltr'><strong>ι</strong></span> <span class='ocrx_word' id='word_1_644' title='bbox 2673 3703 2787 3756; x_wconf 86' lang='grc' dir='ltr'><strong>ἀλλ’</strong></span> <span class='ocrx_word' id='word_1_645' title='bbox 2818 3699 2899 3767; x_wconf 73' lang='grc' dir='ltr'><strong>εἷς</strong></span> <span class='ocrx_word' id='word_1_646' title='bbox 2923 3721 2981 3757; x_wconf 87' lang='grc' dir='ltr'><strong>τε</strong></span> <span class='ocrx_word' id='word_1_647' title='bbox 3005 3707 3096 3758; x_wconf 86' lang='grc' dir='ltr'><strong>καί</strong></span> <span class='ocrx_word' id='word_1_648' title='bbox 3119 3709 3147 3758; x_wconf 91' lang='lat'><strong>6</strong></span> <span class='ocrx_word' id='word_1_649' title='bbox 3179 3707 3339 3771; x_wconf 78' lang='grc' dir='ltr'><strong>αὐτὸς</strong></span> <span class='ocrx_word' id='word_1_650' title='bbox 3364 3709 3485 3762; x_wconf 80' lang='grc' dir='ltr'><strong>καθ’</strong></span> <span class='ocrx_word' id='word_1_651' title='bbox 3507 3711 3704 3764; x_wconf 74' lang='grc' dir='ltr'><strong>ἕνωσιν</strong></span> 
     </span>
    </p>
   </div>
   <div class='ocr_carea' id='block_1_84' title="bbox 2128 3792 3706 3868">
    <p class='ocr_par' dir='ltr' id='par_1_84' title="bbox 2128 3792 3706 3868">
     <span class='ocr_line' id='line_1_84' title="bbox 2128 3792 3706 3868; baseline 0.005 -21"><span class='ocrx_word' id='word_1_652' title='bbox 2128 3794 2300 3865; x_wconf 81' lang='grc' dir='ltr'><strong>ἀληθῆ</strong></span> <span class='ocrx_word' id='word_1_653' title='bbox 2327 3792 2615 3863; x_wconf 84' lang='grc' dir='ltr'><strong>ἀνθρώπου</strong></span> <span class='ocrx_word' id='word_1_654' title='bbox 2646 3795 2768 3846; x_wconf 83' lang='grc' dir='ltr'><strong>καθ’</strong></span> <span class='ocrx_word' id='word_1_655' title='bbox 2791 3797 2940 3865; x_wconf 78' lang='grc' dir='ltr'><strong>ἡμᾶς</strong></span> <span class='ocrx_word' id='word_1_656' title='bbox 2965 3798 3247 3865; x_wconf 87' lang='grc' dir='ltr'><strong>γεγονότος</strong></span> <span class='ocrx_word' id='word_1_657' title='bbox 3277 3799 3369 3852; x_wconf 87' lang='grc' dir='ltr'><strong>τοῦ</strong></span> <span class='ocrx_word' id='word_1_658' title='bbox 3391 3801 3581 3868; x_wconf 86' lang='grc' dir='ltr'><strong>Λόγου,</strong></span> <span class='ocrx_word' id='word_1_659' title='bbox 3606 3803 3706 3855; x_wconf 59' lang='grc' dir='ltr'><strong>καὶ⁹</strong></span> 
     </span>
    </p>
   </div>
   <div class='ocr_carea' id='block_1_85' title="bbox 2128 3884 3706 3960">
    <p class='ocr_par' dir='ltr' id='par_1_85' title="bbox 2128 3884 3706 3960">
     <span class='ocr_line' id='line_1_85' title="bbox 2128 3884 3706 3960; baseline 0.004 -23"><span class='ocrx_word' id='word_1_660' title='bbox 2128 3888 2194 3955; x_wconf 75' lang='grc' dir='ltr'><strong>τῇ</strong></span> <span class='ocrx_word' id='word_1_661' title='bbox 2222 3886 2329 3956; x_wconf 71' lang='grc' dir='ltr'><strong>ἰδίᾳ</strong></span> <span class='ocrx_word' id='word_1_662' title='bbox 2358 3884 2518 3954; x_wconf 82' lang='grc' dir='ltr'><strong>φύσει</strong></span> <span class='ocrx_word' id='word_1_663' title='bbox 2547 3887 2937 3956; x_wconf 87' lang='grc' dir='ltr'><strong>τετηρηκότος,</strong></span> <span class='ocrx_word' id='word_1_664' title='bbox 2982 3888 3076 3939; x_wconf 76' lang='grc' dir='ltr'><strong>καὶ</strong></span> <span class='ocrx_word' id='word_1_665' title='bbox 3097 3889 3186 3941; x_wconf 80' lang='grc' dir='ltr'><strong>ὅτε</strong></span> <span class='ocrx_word' id='word_1_666' title='bbox 3221 3892 3406 3957; x_wconf 79' lang='grc' dir='ltr'><strong>γέγονε</strong></span> <span class='ocrx_word' id='word_1_667' title='bbox 3441 3889 3596 3960; x_wconf 82' lang='grc' dir='ltr'><strong>σὰρξ,</strong></span> <span class='ocrx_word' id='word_1_668' title='bbox 3639 3891 3706 3942; x_wconf 83' lang='grc' dir='ltr'><strong>τὸ</strong></span> 
     </span>
    </p>
   </div>
   <div class='ocr_carea' id='block_1_86' title="bbox 2128 3977 3706 4048">
    <p class='ocr_par' dir='ltr' id='par_1_86' title="bbox 2128 3977 3706 4048">
     <span class='ocr_line' id='line_1_86' title="bbox 2128 3977 3706 4048; baseline 0.003 -18"><span class='ocrx_word' id='word_1_669' title='bbox 2128 3977 2362 4046; x_wconf 80' lang='grc' dir='ltr'><strong>ἄναρχον</strong></span> <span class='ocrx_word' id='word_1_670' title='bbox 2389 3978 2446 4028; x_wconf 83' lang='grc' dir='ltr'><strong>ὲν</strong></span> <span class='ocrx_word' id='word_1_671' title='bbox 2477 3978 2674 4047; x_wconf 82' lang='grc' dir='ltr'><strong>χρόνῳ,</strong></span> <span class='ocrx_word' id='word_1_672' title='bbox 2724 3977 3066 4048; x_wconf 85' lang='grc' dir='ltr'><strong>καταθρήσαι</strong></span> <span class='ocrx_word' id='word_1_673' title='bbox 3109 3997 3194 4042; x_wconf 85' lang='grc' dir='ltr'><strong>τις</strong></span> <span class='ocrx_word' id='word_1_674' title='bbox 3229 3980 3315 4044; x_wconf 79' lang='grc' dir='ltr'><strong>ἂν,</strong></span> <span class='ocrx_word' id='word_1_675' title='bbox 3359 3982 3451 4033; x_wconf 78' lang='grc' dir='ltr'><strong>καὶ</strong></span> <span class='ocrx_word' id='word_1_676' title='bbox 3482 3981 3706 4034; x_wconf 87' lang='grc' dir='ltr'><strong>ἀταλαι-</strong></span> 
     </span>
    </p>
   </div>
   <div class='ocr_carea' id='block_1_87' title="bbox 2129 4067 3704 4142">
    <p class='ocr_par' dir='ltr' id='par_1_87' title="bbox 2129 4067 3704 4142">
     <span class='ocr_line' id='line_1_87' title="bbox 2129 4067 3704 4142; baseline 0.004 -23"><span class='ocrx_word' id='word_1_677' title='bbox 2129 4067 2328 4137; x_wconf 84' lang='grc' dir='ltr'><strong>πώρως</strong></span> <span class='ocrx_word' id='word_1_678' title='bbox 2373 4067 2569 4137; x_wconf 83' lang='grc' dir='ltr'><strong>κομιδῆ</strong></span> <span class='ocrx_word' id='word_1_679' title='bbox 2615 4067 2704 4120; x_wconf 85' lang='grc' dir='ltr'><strong>διά</strong></span> <span class='ocrx_word' id='word_1_680' title='bbox 2749 4083 2813 4135; x_wconf 88' lang='grc' dir='ltr'><strong>γε</strong></span> <span class='ocrx_word' id='word_1_681' title='bbox 2855 4068 2949 4138; x_wconf 83' lang='grc' dir='ltr'><strong>τῆς</strong></span> <span class='ocrx_word' id='word_1_682' title='bbox 2992 4069 3350 4123; x_wconf 83' lang='grc' dir='ltr'><strong>θεοπνεύστου</strong></span> <span class='ocrx_word' id='word_1_683' title='bbox 3390 4072 3639 4142; x_wconf 79' lang='grc' dir='ltr'><strong>Γραφῆς·</strong></span> <span class='ocrx_word' id='word_1_684' title='bbox 3672 4072 3704 4125; x_wconf 75' lang='grc' dir='ltr'>δ</span> 
     </span>
    </p>
   </div>
   <div class='ocr_carea' id='block_1_88' title="bbox 2129 4150 3701 4230">
    <p class='ocr_par' dir='ltr' id='par_1_88' title="bbox 2129 4150 3701 4230">
     <span class='ocr_line' id='line_1_88' title="bbox 2129 4150 3701 4230; baseline 0.003 -22"><span class='ocrx_word' id='word_1_685' title='bbox 2129 4173 2262 4227; x_wconf 78' lang='grc' dir='ltr'><strong>φησι</strong></span> <span class='ocrx_word' id='word_1_686' title='bbox 2290 4156 2340 4227; x_wconf 74' lang='grc' dir='ltr'><strong>[ὃ</strong></span> <span class='ocrx_word' id='word_1_687' title='bbox 2371 4150 2673 4225; x_wconf 78' lang='grc' dir='ltr'><strong>παρέλκει]</strong></span> <span class='ocrx_word' id='word_1_688' title='bbox 2698 4157 2797 4226; x_wconf 87' lang='grc' dir='ltr'><strong>μὲν</strong></span> <span class='ocrx_word' id='word_1_689' title='bbox 2819 4156 2927 4227; x_wconf 82' lang='grc' dir='ltr'><strong>γὰρ</strong></span> <span class='ocrx_word' id='word_1_690' title='bbox 2952 4159 2980 4210; x_wconf 90' lang='lat'><strong>6</strong></span> <span class='ocrx_word' id='word_1_691' title='bbox 3004 4160 3270 4229; x_wconf 83' lang='grc' dir='ltr'><strong>μακάριος</strong></span> <span class='ocrx_word' id='word_1_692' title='bbox 3309 4160 3701 4230; x_wconf 76' lang='grc' dir='ltr'><strong>εὐαγγελιστὴς</strong></span> 
     </span>
    </p>
   </div>
   <div class='ocr_carea' id='block_1_89' title="bbox 2140 4247 3695 4322">
    <p class='ocr_par' dir='ltr' id='par_1_89' title="bbox 2140 4247 3695 4322">
     <span class='ocr_line' id='line_1_89' title="bbox 2140 4247 3695 4322; baseline 0.001 -21"><span class='ocrx_word' id='word_1_693' title='bbox 2140 4248 2393 4315; x_wconf 82' lang='grc' dir='ltr'><strong>Ἰωάννης</strong></span> <span class='ocrx_word' id='word_1_694' title='bbox 2424 4249 2552 4316; x_wconf 84' lang='grc' dir='ltr'><strong>περί</strong></span> <span class='ocrx_word' id='word_1_695' title='bbox 2583 4247 2678 4298; x_wconf 88' lang='grc' dir='ltr'><strong>τοῦ</strong></span> <span class='ocrx_word' id='word_1_696' title='bbox 2714 4248 2929 4301; x_wconf 80' lang='grc' dir='ltr'><strong>πάντων</strong></span> <span class='ocrx_word' id='word_1_697' title='bbox 2961 4249 3116 4319; x_wconf 87' lang='grc' dir='ltr'><strong>ήμῶν</strong></span> <span class='ocrx_word' id='word_1_698' title='bbox 3146 4251 3398 4322; x_wconf 84' lang='grc' dir='ltr'><strong>Σωτῆρος</strong></span> <span class='ocrx_word' id='word_1_699' title='bbox 3421 4251 3658 4321; x_wconf 83' lang='grc' dir='ltr'><strong>Χριστοῦ</strong></span> <span class='ocrx_word' id='word_1_700' title='bbox 3677 4267 3695 4282; x_wconf 86' lang='grc'><strong>·</strong></span> 
     </span>
    </p>
   </div>
   <div class='ocr_carea' id='block_1_90' title="bbox 465 4336 2028 4430">
    <p class='ocr_par' dir='ltr' id='par_1_90' title="bbox 465 4336 2028 4407">
     <span class='ocr_line' id='line_1_90' title="bbox 465 4336 2028 4407; baseline 0 -15"><span class='ocrx_word' id='word_1_701' title='bbox 465 4348 585 4402; x_wconf 83' lang='lat' dir='ltr'><strong>post</strong></span> <span class='ocrx_word' id='word_1_702' title='bbox 606 4353 689 4390; x_wconf 88' lang='lat' dir='ltr'><strong>me</strong></span> <span class='ocrx_word' id='word_1_703' title='bbox 719 4338 886 4401; x_wconf 87' lang='lat' dir='ltr'><strong>venit,</strong></span> <span class='ocrx_word' id='word_1_704' title='bbox 919 4346 1045 4391; x_wconf 87' lang='lat' dir='ltr'><strong>ante</strong></span> <span class='ocrx_word' id='word_1_705' title='bbox 1074 4351 1159 4389; x_wconf 91' lang='lat' dir='ltr'><strong>me</strong></span> <span class='ocrx_word' id='word_1_706' title='bbox 1187 4337 1363 4390; x_wconf 81' lang='lat' dir='ltr'><strong>factus</strong></span> <span class='ocrx_word' id='word_1_707' title='bbox 1393 4346 1477 4391; x_wconf 89' lang='lat' dir='ltr'><strong>est</strong></span> <span class='ocrx_word' id='word_1_708' title='bbox 1506 4376 1523 4403; x_wconf 88' lang='lat'><strong>,</strong></span> <span class='ocrx_word' id='word_1_709' title='bbox 1572 4336 1701 4406; x_wconf 84' lang='lat' dir='ltr'><strong>quia</strong></span> <span class='ocrx_word' id='word_1_710' title='bbox 1744 4339 1896 4407; x_wconf 86' lang='lat' dir='ltr'><strong>prior</strong></span> <span class='ocrx_word' id='word_1_711' title='bbox 1941 4352 2028 4392; x_wconf 88' lang='lat' dir='ltr'><strong>me</strong></span> 
     </span>
    </p>
   </div>
   <div class='ocr_carea' id='block_1_91' title="bbox 2132 4336 3696 4430">
    <p class='ocr_par' dir='ltr' id='par_1_91' title="bbox 2141 4337 3696 4409">
     <span class='ocr_line' id='line_1_91' title="bbox 2141 4337 3696 4409; baseline 0.001 -18"><span class='ocrx_word' id='word_1_712' title='bbox 2141 4338 2393 4407; x_wconf 83' lang='grc' dir='ltr'><strong>Ἰωάννης</strong></span> <span class='ocrx_word' id='word_1_713' title='bbox 2412 4339 2695 4407; x_wconf 72' lang='grc' dir='ltr'><strong>Δμαρτυρεῖ</strong></span> <span class='ocrx_word' id='word_1_714' title='bbox 2717 4340 2845 4408; x_wconf 78' lang='grc' dir='ltr'><strong>περὶ</strong></span> <span class='ocrx_word' id='word_1_715' title='bbox 2876 4337 3061 4404; x_wconf 83' lang='grc' dir='ltr'><strong>αὐτοῦ,</strong></span> <span class='ocrx_word' id='word_1_716' title='bbox 3094 4338 3188 4392; x_wconf 70' lang='grc' dir='ltr'><strong>καὶ</strong></span> <span class='ocrx_word' id='word_1_717' title='bbox 3225 4340 3463 4409; x_wconf 78' lang='grc' dir='ltr'><strong>κέκραγε</strong></span> <span class='ocrx_word' id='word_1_718' title='bbox 3488 4340 3696 4407; x_wconf 82' lang='grc' dir='ltr'><strong>λέγων·</strong></span> 
     </span>
    </p>
   </div>
   <div class='ocr_carea' id='block_1_92' title="bbox 461 4425 2027 4493">
    <p class='ocr_par' dir='ltr' id='par_1_92' title="bbox 461 4425 2027 4493">
     <span class='ocr_line' id='line_1_92' title="bbox 461 4425 2027 4493; baseline 0.001 -12"><span class='ocrx_word' id='word_1_719' title='bbox 461 4436 579 4481; x_wconf 84' lang='lat' dir='ltr'><strong>erat</strong></span> <span class='ocrx_word' id='word_1_720' title='bbox 598 4427 696 4493; x_wconf 60' lang='grc' dir='ltr'><strong>ης»</strong></span> <span class='ocrx_word' id='word_1_721' title='bbox 719 4438 773 4482; x_wconf 91' lang='lat' dir='ltr'><strong>et</strong></span> <span class='ocrx_word' id='word_1_722' title='bbox 797 4427 993 4480; x_wconf 86' lang='lat' dir='ltr'><strong>iterum</strong></span> <span class='ocrx_word' id='word_1_723' title='bbox 1021 4443 1034 4479; x_wconf 91' lang='lat'><strong>:</strong></span> <span class='ocrx_word' id='word_1_724' title='bbox 1069 4444 1088 4477; x_wconf 82' lang='grc' dir='ltr'><strong>ι</strong></span> <span class='ocrx_word' id='word_1_725' title='bbox 1113 4427 1299 4481; x_wconf 86' lang='lat' dir='ltr'><strong>Altera</strong></span> <span class='ocrx_word' id='word_1_726' title='bbox 1319 4426 1406 4481; x_wconf 89' lang='lat' dir='ltr'><strong>die</strong></span> <span class='ocrx_word' id='word_1_727' title='bbox 1430 4427 1575 4481; x_wconf 89' lang='lat' dir='ltr'><strong>videt</strong></span> <span class='ocrx_word' id='word_1_728' title='bbox 1599 4425 1782 4482; x_wconf 76' lang='lat' dir='ltr'><strong>Jesum</strong></span> <span class='ocrx_word' id='word_1_729' title='bbox 1805 4428 2027 4482; x_wconf 87' lang='lat' dir='ltr'><strong>venien-</strong></span> 
     </span>
    </p>
   </div>
   <div class='ocr_carea' id='block_1_93' title="bbox 464 4504 2029 4593">
    <p class='ocr_par' dir='ltr' id='par_1_93' title="bbox 464 4504 2029 4593">
     <span class='ocr_line' id='line_1_93' title="bbox 464 4504 2029 4593; baseline 0.002 -24"><span class='ocrx_word' id='word_1_730' title='bbox 464 4528 570 4570; x_wconf 89' lang='lat' dir='ltr'><strong>tem</strong></span> <span class='ocrx_word' id='word_1_731' title='bbox 597 4518 664 4570; x_wconf 91' lang='lat' dir='ltr'><strong>ad</strong></span> <span class='ocrx_word' id='word_1_732' title='bbox 694 4531 774 4579; x_wconf 85' lang='lat' dir='ltr'><strong>se,</strong></span> <span class='ocrx_word' id='word_1_733' title='bbox 809 4524 866 4570; x_wconf 89' lang='lat' dir='ltr'><strong>et</strong></span> <span class='ocrx_word' id='word_1_734' title='bbox 892 4515 967 4569; x_wconf 89' lang='lat' dir='ltr'><strong>ait</strong></span> <span class='ocrx_word' id='word_1_735' title='bbox 1047 4514 1183 4571; x_wconf 83' lang='lat' dir='ltr'><strong>Ecce</strong></span> <span class='ocrx_word' id='word_1_736' title='bbox 1213 4516 1399 4585; x_wconf 83' lang='lat' dir='ltr'><strong>Agnus</strong></span> <span class='ocrx_word' id='word_1_737' title='bbox 1426 4517 1540 4580; x_wconf 90' lang='lat' dir='ltr'><strong>Dei,</strong></span> <span class='ocrx_word' id='word_1_738' title='bbox 1575 4518 1665 4585; x_wconf 87' lang='lat' dir='ltr'><strong>qui</strong></span> <span class='ocrx_word' id='word_1_739' title='bbox 1717 4516 1855 4571; x_wconf 88' lang='lat' dir='ltr'><strong>tollit</strong></span> <span class='ocrx_word' id='word_1_740' title='bbox 1899 4532 2029 4586; x_wconf 84' lang='lat' dir='ltr'><strong>pec-</strong></span> 
     </span>
    </p>
   </div>
   <div class='ocr_carea' id='block_1_94' title="bbox 462 4604 2028 4676">
    <p class='ocr_par' dir='ltr' id='par_1_94' title="bbox 462 4604 2028 4676">
     <span class='ocr_line' id='line_1_94' title="bbox 462 4604 2028 4676; baseline 0.001 -15"><span class='ocrx_word' id='word_1_741' title='bbox 462 4618 641 4661; x_wconf 79' lang='lat' dir='ltr'><strong>catum</strong></span> <span class='ocrx_word' id='word_1_742' title='bbox 683 4607 901 4670; x_wconf 89' lang='lat' dir='ltr'><strong>mundi;</strong></span> <span class='ocrx_word' id='word_1_743' title='bbox 929 4606 1015 4661; x_wconf 92' lang='lat' dir='ltr'><strong>hic</strong></span> <span class='ocrx_word' id='word_1_744' title='bbox 1051 4606 1238 4661; x_wconf 77' lang='lat' dir='ltr'><strong>est&#39;de</strong></span> <span class='ocrx_word' id='word_1_745' title='bbox 1261 4604 1366 4676; x_wconf 88' lang='lat' dir='ltr'><strong>quo</strong></span> <span class='ocrx_word' id='word_1_746' title='bbox 1404 4608 1513 4661; x_wconf 82' lang='lat' dir='ltr'><strong>dixi</strong></span> <span class='ocrx_word' id='word_1_747' title='bbox 1545 4623 1558 4659; x_wconf 88' lang='lat'><strong>:</strong></span> <span class='ocrx_word' id='word_1_748' title='bbox 1588 4607 1716 4662; x_wconf 82' lang='lat' dir='ltr'><strong>Post</strong></span> <span class='ocrx_word' id='word_1_749' title='bbox 1743 4623 1829 4662; x_wconf 91' lang='lat' dir='ltr'><strong>me</strong></span> <span class='ocrx_word' id='word_1_750' title='bbox 1876 4609 2028 4663; x_wconf 76' lang='lat' dir='ltr'><strong>venit</strong></span> 
     </span>
    </p>
   </div>
   <div class='ocr_carea' id='block_1_95' title="bbox 462 4699 2017 4770">
    <p class='ocr_par' dir='ltr' id='par_1_95' title="bbox 462 4699 2017 4770">
     <span class='ocr_line' id='line_1_95' title="bbox 462 4699 2017 4770; baseline 0 -18"><span class='ocrx_word' id='word_1_751' title='bbox 462 4702 545 4754; x_wconf 89' lang='lat' dir='ltr'><strong>vir</strong></span> <span class='ocrx_word' id='word_1_752' title='bbox 575 4701 665 4770; x_wconf 93' lang='lat' dir='ltr'><strong>qui</strong></span> <span class='ocrx_word' id='word_1_753' title='bbox 695 4708 820 4752; x_wconf 89' lang='lat' dir='ltr'><strong>ante</strong></span> <span class='ocrx_word' id='word_1_754' title='bbox 854 4714 939 4754; x_wconf 89' lang='lat' dir='ltr'><strong>me</strong></span> <span class='ocrx_word' id='word_1_755' title='bbox 973 4699 1146 4754; x_wconf 82' lang='lat' dir='ltr'><strong>factus</strong></span> <span class='ocrx_word' id='word_1_756' title='bbox 1178 4709 1281 4765; x_wconf 88' lang='lat' dir='ltr'><strong>est,</strong></span> <span class='ocrx_word' id='word_1_757' title='bbox 1308 4701 1433 4768; x_wconf 84' lang='lat' dir='ltr'><strong>quia</strong></span> <span class='ocrx_word' id='word_1_758' title='bbox 1467 4700 1615 4768; x_wconf 91' lang='lat' dir='ltr'><strong>prior</strong></span> <span class='ocrx_word' id='word_1_759' title='bbox 1645 4715 1730 4755; x_wconf 89' lang='lat' dir='ltr'><strong>me</strong></span> <span class='ocrx_word' id='word_1_760' title='bbox 1753 4711 1870 4755; x_wconf 85' lang='lat' dir='ltr'><strong>erat</strong></span> <span class='ocrx_word' id='word_1_761' title='bbox 1892 4700 1958 4752; x_wconf 73' lang='lat'><strong>“.</strong></span> <span class='ocrx_word' id='word_1_762' title='bbox 1999 4719 2017 4752; x_wconf 75' lang='grc' dir='ltr'><strong>ι</strong></span> 
     </span>
    </p>
   </div>
   <div class='ocr_carea' id='block_1_96' title="bbox 465 4792 2026 4862">
    <p class='ocr_par' dir='ltr' id='par_1_96' title="bbox 465 4792 2026 4862">
     <span class='ocr_line' id='line_1_96' title="bbox 465 4792 2026 4862; baseline 0 -16"><span class='ocrx_word' id='word_1_763' title='bbox 465 4793 625 4848; x_wconf 75' lang='lat' dir='ltr'><strong>Vides</strong></span> <span class='ocrx_word' id='word_1_764' title='bbox 649 4793 812 4862; x_wconf 85' lang='lat' dir='ltr'><strong>igitur</strong></span> <span class='ocrx_word' id='word_1_765' title='bbox 851 4802 1037 4861; x_wconf 87' lang='lat' dir='ltr'><strong>aperte</strong></span> <span class='ocrx_word' id='word_1_766' title='bbox 1076 4792 1528 4860; x_wconf 89' lang='lat' dir='ltr'><strong>quemadmodum</strong></span> <span class='ocrx_word' id='word_1_767' title='bbox 1567 4792 1905 4846; x_wconf 84' lang='lat' dir='ltr'><strong>admirabilis</strong></span> <span class='ocrx_word' id='word_1_768' title='bbox 1937 4792 2026 4846; x_wconf 88' lang='lat' dir='ltr'><strong>ille</strong></span> 
     </span>
    </p>
   </div>
   <div class='ocr_carea' id='block_1_97' title="bbox 464 4879 2026 4953">
    <p class='ocr_par' dir='ltr' id='par_1_97' title="bbox 464 4879 2026 4953">
     <span class='ocr_line' id='line_1_97' title="bbox 464 4879 2026 4953; baseline 0 -17"><span class='ocrx_word' id='word_1_769' title='bbox 464 4883 701 4953; x_wconf 75' lang='lat' dir='ltr'><strong>Baptista</strong></span> <span class='ocrx_word' id='word_1_770' title='bbox 740 4882 1012 4936; x_wconf 89' lang='lat' dir='ltr'><strong>hominem</strong></span> <span class='ocrx_word' id='word_1_771' title='bbox 1060 4882 1205 4936; x_wconf 87' lang='lat' dir='ltr'><strong>dicat</strong></span> <span class='ocrx_word' id='word_1_772' title='bbox 1231 4879 1439 4946; x_wconf 77' lang='lat' dir='ltr'><strong>Jesum,</strong></span> <span class='ocrx_word' id='word_1_773' title='bbox 1470 4891 1527 4935; x_wconf 92' lang='lat' dir='ltr'><strong>et</strong></span> <span class='ocrx_word' id='word_1_774' title='bbox 1570 4891 1692 4950; x_wconf 84' lang='lat' dir='ltr'><strong>post</strong></span> <span class='ocrx_word' id='word_1_775' title='bbox 1729 4883 1933 4947; x_wconf 89' lang='lat' dir='ltr'><strong>venire,</strong></span> <span class='ocrx_word' id='word_1_776' title='bbox 1967 4891 2026 4936; x_wconf 89' lang='lat' dir='ltr'><strong>ut</strong></span> 
     </span>
    </p>
   </div>
   <div class='ocr_carea' id='block_1_98' title="bbox 463 4972 2024 5044">
    <p class='ocr_par' dir='ltr' id='par_1_98' title="bbox 463 4972 2024 5044">
     <span class='ocr_line' id='line_1_98' title="bbox 463 4972 2024 5044; baseline 0.002 -19"><span class='ocrx_word' id='word_1_777' title='bbox 463 4976 809 5044; x_wconf 81' lang='lat' dir='ltr'><strong>posteriorem</strong></span> <span class='ocrx_word' id='word_1_778' title='bbox 840 4982 968 5026; x_wconf 86' lang='lat' dir='ltr'><strong>natu</strong></span> <span class='ocrx_word' id='word_1_779' title='bbox 1002 4984 1054 5026; x_wconf 92' lang='lat' dir='ltr'><strong>et</strong></span> <span class='ocrx_word' id='word_1_780' title='bbox 1079 4984 1198 5041; x_wconf 90' lang='lat' dir='ltr'><strong>post</strong></span> <span class='ocrx_word' id='word_1_781' title='bbox 1244 4972 1417 5041; x_wconf 88' lang='lat' dir='ltr'><strong>ipsum</strong></span> <span class='ocrx_word' id='word_1_782' title='bbox 1441 5010 1455 5035; x_wconf 91' lang='lat'><strong>,</strong></span> <span class='ocrx_word' id='word_1_783' title='bbox 1506 4973 1657 5041; x_wconf 87' lang='lat' dir='ltr'><strong>prius</strong></span> <span class='ocrx_word' id='word_1_784' title='bbox 1687 4981 1863 5027; x_wconf 88' lang='lat' dir='ltr'><strong>tamen</strong></span> <span class='ocrx_word' id='word_1_785' title='bbox 1903 4987 2024 5028; x_wconf 86' lang='lat' dir='ltr'><strong>esse</strong></span> 
     </span>
    </p>
   </div>
   <div class='ocr_carea' id='block_1_99' title="bbox 460 5063 2014 5134">
    <p class='ocr_par' dir='ltr' id='par_1_99' title="bbox 460 5063 2014 5134">
     <span class='ocr_line' id='line_1_99' title="bbox 460 5063 2014 5134; baseline -0.003 -15"><span class='ocrx_word' id='word_1_786' title='bbox 460 5069 710 5134; x_wconf 67' lang='lat' dir='ltr'><strong>cwpisse,</strong></span> <span class='ocrx_word' id='word_1_787' title='bbox 742 5064 998 5133; x_wconf 84' lang='lat' dir='ltr'><strong>priusque</strong></span> <span class='ocrx_word' id='word_1_788' title='bbox 1022 5063 1296 5117; x_wconf 78' lang='lat' dir='ltr'><strong>exstitisse</strong></span> <span class='ocrx_word' id='word_1_789' title='bbox 1338 5081 1351 5116; x_wconf 90' lang='lat'><strong>:</strong></span> <span class='ocrx_word' id='word_1_790' title='bbox 1396 5063 1447 5117; x_wconf 92' lang='lat' dir='ltr'><strong>id</strong></span> <span class='ocrx_word' id='word_1_791' title='bbox 1484 5064 1661 5126; x_wconf 87' lang='lat' dir='ltr'><strong>enim,</strong></span> <span class='ocrx_word' id='word_1_792' title='bbox 1701 5073 1760 5118; x_wconf 92' lang='lat' dir='ltr'><strong>ut</strong></span> <span class='ocrx_word' id='word_1_793' title='bbox 1797 5064 2014 5132; x_wconf 88' lang='lat' dir='ltr'><strong>opinor,</strong></span> 
     </span>
    </p>
   </div>
   <div class='ocr_carea' id='block_1_100' title="bbox 464 5153 2019 5221">
    <p class='ocr_par' dir='ltr' id='par_1_100' title="bbox 464 5153 2019 5221">
     <span class='ocr_line' id='line_1_100' title="bbox 464 5153 2019 5221; baseline -0.001 -13"><span class='ocrx_word' id='word_1_794' title='bbox 464 5155 746 5221; x_wconf 68' lang='lat' dir='ltr'><strong>signiﬁcat,</strong></span> <span class='ocrx_word' id='word_1_795' title='bbox 785 5172 801 5205; x_wconf 87' lang='grc' dir='ltr'><strong>ι</strong></span> <span class='ocrx_word' id='word_1_796' title='bbox 836 5155 969 5219; x_wconf 81' lang='lat' dir='ltr'><strong>Quia</strong></span> <span class='ocrx_word' id='word_1_797' title='bbox 1012 5155 1159 5221; x_wconf 88' lang='lat' dir='ltr'><strong>prior</strong></span> <span class='ocrx_word' id='word_1_798' title='bbox 1194 5166 1279 5206; x_wconf 85' lang='lat' dir='ltr'><strong>me</strong></span> <span class='ocrx_word' id='word_1_799' title='bbox 1308 5163 1447 5216; x_wconf 87' lang='lat' dir='ltr'><strong>erat,</strong></span> <span class='ocrx_word' id='word_1_800' title='bbox 1480 5162 1537 5207; x_wconf 90' lang='lat' dir='ltr'><strong>et</strong></span> <span class='ocrx_word' id='word_1_801' title='bbox 1558 5164 1682 5207; x_wconf 86' lang='lat' dir='ltr'><strong>ante</strong></span> <span class='ocrx_word' id='word_1_802' title='bbox 1715 5170 1800 5207; x_wconf 88' lang='lat' dir='ltr'><strong>me</strong></span> <span class='ocrx_word' id='word_1_803' title='bbox 1843 5153 2019 5207; x_wconf 81' lang='lat' dir='ltr'><strong>factus</strong></span> 
     </span>
    </p>
   </div>
   <div class='ocr_carea' id='block_1_101' title="bbox 462 5244 2027 5314">
    <p class='ocr_par' dir='ltr' id='par_1_101' title="bbox 462 5244 2027 5314">
     <span class='ocr_line' id='line_1_101' title="bbox 462 5244 2027 5314; baseline -0.001 -14"><span class='ocrx_word' id='word_1_804' title='bbox 462 5256 566 5300; x_wconf 68' lang='lat' dir='ltr'><strong>est.</strong></span> <span class='ocrx_word' id='word_1_805' title='bbox 601 5262 618 5296; x_wconf 76' lang='grc' dir='ltr'><strong>ι</strong></span> <span class='ocrx_word' id='word_1_806' title='bbox 654 5246 814 5314; x_wconf 84' lang='lat' dir='ltr'><strong>Atqui</strong></span> <span class='ocrx_word' id='word_1_807' title='bbox 837 5248 879 5299; x_wconf 89' lang='lat' dir='ltr'><strong>si</strong></span> <span class='ocrx_word' id='word_1_808' title='bbox 919 5248 1078 5299; x_wconf 89' lang='lat' dir='ltr'><strong>homo</strong></span> <span class='ocrx_word' id='word_1_809' title='bbox 1113 5252 1218 5310; x_wconf 89' lang='lat' dir='ltr'><strong>est,</strong></span> <span class='ocrx_word' id='word_1_810' title='bbox 1246 5244 1515 5313; x_wconf 89' lang='lat' dir='ltr'><strong>quomodo</strong></span> <span class='ocrx_word' id='word_1_811' title='bbox 1550 5245 1702 5313; x_wconf 88' lang='lat' dir='ltr'><strong>prius</strong></span> <span class='ocrx_word' id='word_1_812' title='bbox 1749 5247 2027 5300; x_wconf 79' lang='lat' dir='ltr'><strong>exstitisse</strong></span> 
     </span>
    </p>
   </div>
   <div class='ocr_carea' id='block_1_102' title="bbox 464 5335 2027 5405">
    <p class='ocr_par' dir='ltr' id='par_1_102' title="bbox 464 5335 2027 5405">
     <span class='ocr_line' id='line_1_102' title="bbox 464 5335 2027 5405; baseline -0.001 -14"><span class='ocrx_word' id='word_1_813' title='bbox 464 5337 802 5405; x_wconf 82' lang='lat' dir='ltr'><strong>intelligitur,</strong></span> <span class='ocrx_word' id='word_1_814' title='bbox 833 5346 925 5389; x_wconf 87' lang='lat' dir='ltr'><strong>aut</strong></span> <span class='ocrx_word' id='word_1_815' title='bbox 957 5336 1107 5405; x_wconf 88' lang='lat' dir='ltr'><strong>prius</strong></span> <span class='ocrx_word' id='word_1_816' title='bbox 1142 5348 1265 5390; x_wconf 84' lang='lat' dir='ltr'><strong>esse</strong></span> <span class='ocrx_word' id='word_1_817' title='bbox 1304 5335 1538 5403; x_wconf 64' lang='lat' dir='ltr'><strong>coepisse</strong></span> <span class='ocrx_word' id='word_1_818' title='bbox 1579 5335 1781 5390; x_wconf 92' lang='lat' dir='ltr'><strong>dicitur</strong></span> <span class='ocrx_word' id='word_1_819' title='bbox 1821 5349 1886 5390; x_wconf 89' lang='lat' dir='ltr'><strong>eo</strong></span> <span class='ocrx_word' id='word_1_820' title='bbox 1934 5335 2027 5404; x_wconf 88' lang='lat' dir='ltr'><strong>qui</strong></span> 
     </span>
    </p>
   </div>
   <div class='ocr_carea' id='block_1_103' title="bbox 464 5427 2029 5498">
    <p class='ocr_par' dir='ltr' id='par_1_103' title="bbox 464 5427 2029 5498">
     <span class='ocr_line' id='line_1_103' title="bbox 464 5427 2029 5498; baseline -0.001 -17"><span class='ocrx_word' id='word_1_821' title='bbox 464 5438 701 5497; x_wconf 85' lang='lat' dir='ltr'><strong>tempore</strong></span> <span class='ocrx_word' id='word_1_822' title='bbox 732 5428 877 5497; x_wconf 91' lang='lat' dir='ltr'><strong>prior</strong></span> <span class='ocrx_word' id='word_1_823' title='bbox 910 5437 1049 5492; x_wconf 88' lang='lat' dir='ltr'><strong>erat,</strong></span> <span class='ocrx_word' id='word_1_824' title='bbox 1089 5434 1144 5481; x_wconf 90' lang='lat' dir='ltr'><strong>et</strong></span> <span class='ocrx_word' id='word_1_825' title='bbox 1182 5427 1334 5497; x_wconf 89' lang='lat' dir='ltr'><strong>prior</strong></span> <span class='ocrx_word' id='word_1_826' title='bbox 1386 5435 1514 5481; x_wconf 87' lang='lat' dir='ltr'><strong>uatu</strong></span> <span class='ocrx_word' id='word_1_827' title='bbox 1563 5429 1856 5482; x_wconf 86' lang='lat' dir='ltr'><strong>secundum</strong></span> <span class='ocrx_word' id='word_1_828' title='bbox 1892 5444 2029 5498; x_wconf 45' lang='grc' dir='ltr'><strong>,ρειτ-</strong></span> 
     </span>
    </p>
   </div>
   <div class='ocr_carea' id='block_1_104' title="bbox 2135 4427 3700 4499">
    <p class='ocr_par' dir='ltr' id='par_1_104' title="bbox 2135 4427 3700 4499">
     <span class='ocr_line' id='line_1_104' title="bbox 2135 4427 3700 4499; baseline 0.003 -20"><span class='ocrx_word' id='word_1_829' title='bbox 2135 4447 2155 4479; x_wconf 76' lang='grc' dir='ltr'><strong>ι</strong></span> <span class='ocrx_word' id='word_1_830' title='bbox 2191 4428 2249 4481; x_wconf 88' lang='lat'><strong>&#39;0</strong></span> <span class='ocrx_word' id='word_1_831' title='bbox 2273 4427 2447 4480; x_wconf 87' lang='grc' dir='ltr'><strong>ὀπίσω</strong></span> <span class='ocrx_word' id='word_1_832' title='bbox 2481 4443 2582 4497; x_wconf 93' lang='grc' dir='ltr'><strong>μου</strong></span> <span class='ocrx_word' id='word_1_833' title='bbox 2622 4429 2933 4497; x_wconf 74' lang='grc' dir='ltr'><strong>ἐρχόμενος,</strong></span> <span class='ocrx_word' id='word_1_834' title='bbox 2977 4427 3286 4499; x_wconf 76' lang='grc' dir='ltr'><strong>ἔμπροσθέν</strong></span> <span class='ocrx_word' id='word_1_835' title='bbox 3323 4448 3423 4499; x_wconf 88' lang='grc' dir='ltr'><strong>μου</strong></span> <span class='ocrx_word' id='word_1_836' title='bbox 3453 4432 3700 4499; x_wconf 80' lang='grc' dir='ltr'><strong>γέγονεν,</strong></span> 
     </span>
    </p>
   </div>
   <div class='ocr_carea' id='block_1_105' title="bbox 2130 4511 3701 4590">
    <p class='ocr_par' dir='ltr' id='par_1_105' title="bbox 2130 4511 3701 4590">
     <span class='ocr_line' id='line_1_105' title="bbox 2130 4511 3701 4590; baseline 0.002 -19"><span class='ocrx_word' id='word_1_837' title='bbox 2130 4518 2211 4571; x_wconf 85' lang='grc' dir='ltr'><strong>ὃτι</strong></span> <span class='ocrx_word' id='word_1_838' title='bbox 2240 4516 2453 4588; x_wconf 83' lang='grc' dir='ltr'><strong>πρῶτός</strong></span> <span class='ocrx_word' id='word_1_839' title='bbox 2478 4534 2578 4587; x_wconf 87' lang='grc' dir='ltr'><strong>μου</strong></span> <span class='ocrx_word' id='word_1_840' title='bbox 2597 4511 2683 4587; x_wconf 78' lang='grc' dir='ltr'><strong>ἦν’</strong></span> <span class='ocrx_word' id='word_1_841' title='bbox 2701 4537 2717 4568; x_wconf 76' lang='grc' dir='ltr'><strong>ι</strong></span> <span class='ocrx_word' id='word_1_842' title='bbox 2753 4517 2846 4570; x_wconf 74' lang='grc' dir='ltr'><strong>καὶ</strong></span> <span class='ocrx_word' id='word_1_843' title='bbox 2874 4518 3035 4571; x_wconf 80' lang='grc' dir='ltr'><strong>πάλιν</strong></span> <span class='ocrx_word' id='word_1_844' title='bbox 3057 4534 3069 4546; x_wconf 92' lang='grc'><strong>·</strong></span> <span class='ocrx_word' id='word_1_845' title='bbox 3100 4520 3206 4589; x_wconf 72' lang='grc' dir='ltr'><strong>«Τῇ</strong></span> <span class='ocrx_word' id='word_1_846' title='bbox 3228 4521 3499 4590; x_wconf 57' lang='grc' dir='ltr'><strong>ἐπαύριον</strong></span> <span class='ocrx_word' id='word_1_847' title='bbox 3509 4520 3701 4590; x_wconf 78' lang='grc' dir='ltr'><strong>βλέπει</strong></span> 
     </span>
    </p>
   </div>
   <div class='ocr_carea' id='block_1_106' title="bbox 2129 4582 3702 4678">
    <p class='ocr_par' dir='ltr' id='par_1_106' title="bbox 2129 4582 3702 4678">
     <span class='ocr_line' id='line_1_106' title="bbox 2129 4582 3702 4678; baseline 0.004 -19"><span class='ocrx_word' id='word_1_848' title='bbox 2129 4607 2219 4660; x_wconf 85' lang='grc' dir='ltr'><strong>τὸν</strong></span> <span class='ocrx_word' id='word_1_849' title='bbox 2260 4582 2792 4677; x_wconf 35' lang='grc' dir='ltr'><strong>Ἰησοῦν-ὲρχόμενον</strong></span> <span class='ocrx_word' id='word_1_850' title='bbox 2825 4608 2960 4678; x_wconf 77' lang='grc' dir='ltr'><strong>πρὸς</strong></span> <span class='ocrx_word' id='word_1_851' title='bbox 3001 4608 3161 4661; x_wconf 77' lang='grc' dir='ltr'><strong>αὐτὸν</strong></span> <span class='ocrx_word' id='word_1_852' title='bbox 3181 4582 3278 4662; x_wconf 54' lang='lat' dir='ltr'><strong>iul.</strong></span> <span class='ocrx_word' id='word_1_853' title='bbox 3314 4582 3635 4678; x_wconf 42' lang='grc' dir='ltr'><strong>λέγεῖΐἼδε</strong></span> <span class='ocrx_word' id='word_1_854' title='bbox 3670 4614 3702 4665; x_wconf 91' lang='lat'><strong>6</strong></span> 
     </span>
    </p>
   </div>
   <div class='ocr_carea' id='block_1_107' title="bbox 2143 4697 3695 4772">
    <p class='ocr_par' dir='ltr' id='par_1_107' title="bbox 2143 4697 3695 4772">
     <span class='ocr_line' id='line_1_107' title="bbox 2143 4697 3695 4772; baseline 0.004 -22"><span class='ocrx_word' id='word_1_855' title='bbox 2143 4698 2336 4768; x_wconf 84' lang='grc' dir='ltr'><strong>Ἀμνὸς</strong></span> <span class='ocrx_word' id='word_1_856' title='bbox 2372 4697 2465 4751; x_wconf 87' lang='grc' dir='ltr'><strong>τοῦ</strong></span> <span class='ocrx_word' id='word_1_857' title='bbox 2499 4699 2634 4751; x_wconf 87' lang='grc' dir='ltr'><strong>Θεοῦ</strong></span> <span class='ocrx_word' id='word_1_858' title='bbox 2661 4702 2689 4752; x_wconf 92' lang='lat'><strong>6</strong></span> <span class='ocrx_word' id='word_1_859' title='bbox 2717 4699 2887 4769; x_wconf 81' lang='grc' dir='ltr'><strong>αἴρων</strong></span> <span class='ocrx_word' id='word_1_860' title='bbox 2918 4699 3016 4768; x_wconf 86' lang='grc' dir='ltr'><strong>τὴν</strong></span> <span class='ocrx_word' id='word_1_861' title='bbox 3047 4701 3319 4771; x_wconf 81' lang='grc' dir='ltr'><strong>ἁμαρτίαν</strong></span> <span class='ocrx_word' id='word_1_862' title='bbox 3344 4702 3436 4754; x_wconf 86' lang='grc' dir='ltr'><strong>τοῦ</strong></span> <span class='ocrx_word' id='word_1_863' title='bbox 3466 4703 3695 4772; x_wconf 78' lang='grc' dir='ltr'><strong>κόσμου·</strong></span> 
     </span>
    </p>
   </div>
   <div class='ocr_carea' id='block_1_108' title="bbox 2131 4782 3698 4862">
    <p class='ocr_par' dir='ltr' id='par_1_108' title="bbox 2131 4782 3698 4862">
     <span class='ocr_line' id='line_1_108' title="bbox 2131 4782 3698 4862; baseline 0.002 -20"><span class='ocrx_word' id='word_1_864' title='bbox 2131 4786 2283 4855; x_wconf 69' lang='grc' dir='ltr'><strong>οὗτός</strong></span> <span class='ocrx_word' id='word_1_865' title='bbox 2313 4792 2428 4842; x_wconf 73' lang='grc' dir='ltr'><strong>ἐστι</strong></span> <span class='ocrx_word' id='word_1_866' title='bbox 2467 4790 2594 4861; x_wconf 81' lang='grc' dir='ltr'><strong>περὶ</strong></span> <span class='ocrx_word' id='word_1_867' title='bbox 2627 4782 2687 4841; x_wconf 71' lang='grc' dir='ltr'><strong>οὗ</strong></span> <span class='ocrx_word' id='word_1_868' title='bbox 2714 4790 2824 4857; x_wconf 78' lang='grc' dir='ltr'><strong>ἐγὼ</strong></span> <span class='ocrx_word' id='word_1_869' title='bbox 2862 4785 3047 4855; x_wconf 76' lang='grc' dir='ltr'><strong>εἷπον,</strong></span> <span class='ocrx_word' id='word_1_870' title='bbox 3090 4791 3293 4844; x_wconf 86' lang='grc' dir='ltr'><strong>Ὀπίσω</strong></span> <span class='ocrx_word' id='word_1_871' title='bbox 3335 4809 3437 4862; x_wconf 86' lang='grc' dir='ltr'><strong>μου</strong></span> <span class='ocrx_word' id='word_1_872' title='bbox 3480 4794 3698 4862; x_wconf 78' lang='grc' dir='ltr'><strong>ἔρχεται</strong></span> 
     </span>
    </p>
   </div>
   <div class='ocr_carea' id='block_1_109' title="bbox 2131 4879 3694 4953">
    <p class='ocr_par' dir='ltr' id='par_1_109' title="bbox 2131 4879 3694 4953">
     <span class='ocr_line' id='line_1_109' title="bbox 2131 4879 3694 4953; baseline 0.001 -20"><span class='ocrx_word' id='word_1_873' title='bbox 2131 4881 2292 4952; x_wconf 79' lang='grc' dir='ltr'><strong>ἀνὴρ,</strong></span> <span class='ocrx_word' id='word_1_874' title='bbox 2338 4881 2397 4944; x_wconf 76' lang='grc' dir='ltr'><strong>ὃς</strong></span> <span class='ocrx_word' id='word_1_875' title='bbox 2440 4879 2747 4951; x_wconf 75' lang='grc' dir='ltr'><strong>ἔμπροσθέν</strong></span> <span class='ocrx_word' id='word_1_876' title='bbox 2793 4898 2894 4950; x_wconf 89' lang='grc' dir='ltr'><strong>μου</strong></span> <span class='ocrx_word' id='word_1_877' title='bbox 2932 4880 3174 4949; x_wconf 80' lang='grc' dir='ltr'><strong>γέγονεν,</strong></span> <span class='ocrx_word' id='word_1_878' title='bbox 3213 4884 3294 4936; x_wconf 80' lang='grc' dir='ltr'><strong>ὅτι</strong></span> <span class='ocrx_word' id='word_1_879' title='bbox 3335 4883 3545 4953; x_wconf 84' lang='grc' dir='ltr'><strong>πρῶτός</strong></span> <span class='ocrx_word' id='word_1_880' title='bbox 3590 4899 3694 4953; x_wconf 90' lang='grc' dir='ltr'><strong>μου</strong></span> 
     </span>
    </p>
   </div>
   <div class='ocr_carea' id='block_1_110' title="bbox 2129 4966 3696 5041">
    <p class='ocr_par' dir='ltr' id='par_1_110' title="bbox 2129 4966 3696 5041">
     <span class='ocr_line' id='line_1_110' title="bbox 2129 4966 3696 5041; baseline -0.001 -19"><span class='ocrx_word' id='word_1_881' title='bbox 2129 4966 2217 5041; x_wconf 79' lang='grc' dir='ltr'><strong>ἦν.</strong></span> <span class='ocrx_word' id='word_1_882' title='bbox 2249 4990 2267 5021; x_wconf 72' lang='grc' dir='ltr'><strong>ι</strong></span> <span class='ocrx_word' id='word_1_883' title='bbox 2306 4970 2465 5040; x_wconf 78' lang='grc' dir='ltr'><strong>Ὁρᾷς</strong></span> <span class='ocrx_word' id='word_1_884' title='bbox 2489 4966 2581 5021; x_wconf 82' lang='grc' dir='ltr'><strong>οὖν</strong></span> <span class='ocrx_word' id='word_1_885' title='bbox 2608 4968 2716 5038; x_wconf 83' lang='grc' dir='ltr'><strong>ἄρα</strong></span> <span class='ocrx_word' id='word_1_886' title='bbox 2758 4970 2851 5021; x_wconf 79' lang='grc' dir='ltr'><strong>καί</strong></span> <span class='ocrx_word' id='word_1_887' title='bbox 2888 4968 3034 5038; x_wconf 81' lang='grc' dir='ltr'><strong>μάλα</strong></span> <span class='ocrx_word' id='word_1_888' title='bbox 3062 4970 3245 5038; x_wconf 83' lang='grc' dir='ltr'><strong>σαφῶς</strong></span> <span class='ocrx_word' id='word_1_889' title='bbox 3272 4970 3365 5022; x_wconf 79' lang='grc' dir='ltr'><strong>τὸν</strong></span> <span class='ocrx_word' id='word_1_890' title='bbox 3407 4971 3696 5022; x_wconf 76' lang='grc' dir='ltr'><strong>θεσπέσιον</strong></span> 
     </span>
    </p>
   </div>
   <div class='ocr_carea' id='block_1_111' title="bbox 2132 5060 3697 5132">
    <p class='ocr_par' dir='ltr' id='par_1_111' title="bbox 2132 5060 3697 5132">
     <span class='ocr_line' id='line_1_111' title="bbox 2132 5060 3697 5132; baseline 0.001 -18"><span class='ocrx_word' id='word_1_891' title='bbox 2132 5061 2442 5132; x_wconf 74' lang='grc' dir='ltr'><strong>Βαπτιστὴν</strong></span> <span class='ocrx_word' id='word_1_892' title='bbox 2480 5061 2647 5131; x_wconf 78' lang='grc' dir='ltr'><strong>ἄνδρα</strong></span> <span class='ocrx_word' id='word_1_893' title='bbox 2693 5060 2919 5128; x_wconf 80' lang='grc' dir='ltr'><strong>λέγοντα</strong></span> <span class='ocrx_word' id='word_1_894' title='bbox 2960 5060 3051 5114; x_wconf 80' lang='grc' dir='ltr'><strong>τὸν</strong></span> <span class='ocrx_word' id='word_1_895' title='bbox 3101 5061 3327 5132; x_wconf 85' lang='grc' dir='ltr'><strong>Ἰησοῦν,</strong></span> <span class='ocrx_word' id='word_1_896' title='bbox 3369 5063 3464 5116; x_wconf 82' lang='grc' dir='ltr'><strong>καὶ</strong></span> <span class='ocrx_word' id='word_1_897' title='bbox 3518 5064 3697 5116; x_wconf 80' lang='grc' dir='ltr'><strong>ὀπίσω</strong></span> 
     </span>
    </p>
   </div>
   <div class='ocr_carea' id='block_1_112' title="bbox 2131 5150 3693 5224">
    <p class='ocr_par' dir='ltr' id='par_1_112' title="bbox 2131 5150 3693 5224">
     <span class='ocr_line' id='line_1_112' title="bbox 2131 5150 3693 5224; baseline 0.001 -21"><span class='ocrx_word' id='word_1_898' title='bbox 2131 5153 2231 5224; x_wconf 84' lang='grc' dir='ltr'><strong>μὲν</strong></span> <span class='ocrx_word' id='word_1_899' title='bbox 2292 5153 2603 5222; x_wconf 79' lang='grc' dir='ltr'><strong>ἐρχόμενον,</strong></span> <span class='ocrx_word' id='word_1_900' title='bbox 2659 5151 2734 5213; x_wconf 82' lang='grc' dir='ltr'><strong>ὡς</strong></span> <span class='ocrx_word' id='word_1_901' title='bbox 2777 5150 3014 5220; x_wconf 59' lang='grc' dir='ltr'><strong>ἵδψιγενῆ</strong></span> <span class='ocrx_word' id='word_1_902' title='bbox 3074 5168 3132 5203; x_wconf 81' lang='grc' dir='ltr'><strong>τε</strong></span> <span class='ocrx_word' id='word_1_903' title='bbox 3177 5153 3272 5206; x_wconf 81' lang='grc' dir='ltr'><strong>καί</strong></span> <span class='ocrx_word' id='word_1_904' title='bbox 3328 5154 3445 5223; x_wconf 85' lang='grc' dir='ltr'><strong>μετ’</strong></span> <span class='ocrx_word' id='word_1_905' title='bbox 3495 5154 3693 5207; x_wconf 78' lang='grc' dir='ltr'><strong>αὐτόν’</strong></span> 
     </span>
    </p>
   </div>
   <div class='ocr_carea' id='block_1_113' title="bbox 2129 5240 3691 5315">
    <p class='ocr_par' dir='ltr' id='par_1_113' title="bbox 2129 5240 3691 5315">
     <span class='ocr_line' id='line_1_113' title="bbox 2129 5240 3691 5315; baseline -0.001 -18"><span class='ocrx_word' id='word_1_906' title='bbox 2129 5242 2552 5315; x_wconf 75' lang='grc' dir='ltr'><strong>προϋπάρχοντα</strong></span> <span class='ocrx_word' id='word_1_907' title='bbox 2582 5258 2646 5308; x_wconf 83' lang='grc' dir='ltr'><strong>γε</strong></span> <span class='ocrx_word' id='word_1_908' title='bbox 2691 5240 2796 5312; x_wconf 82' lang='grc' dir='ltr'><strong>μὴν</strong></span> <span class='ocrx_word' id='word_1_909' title='bbox 2841 5241 3025 5306; x_wconf 83' lang='grc' dir='ltr'><strong>αὑτοῦ,</strong></span> <span class='ocrx_word' id='word_1_910' title='bbox 3075 5242 3167 5295; x_wconf 81' lang='grc' dir='ltr'><strong>καί</strong></span> <span class='ocrx_word' id='word_1_911' title='bbox 3206 5245 3691 5315; x_wconf 68' lang='grc' dir='ltr'><strong>’προὶἰοφεστηκότα⁸</strong></span> 
     </span>
    </p>
   </div>
   <div class='ocr_carea' id='block_1_114' title="bbox 2129 5331 3693 5408">
    <p class='ocr_par' dir='ltr' id='par_1_114' title="bbox 2129 5331 3693 5408">
     <span class='ocr_line' id='line_1_114' title="bbox 2129 5331 3693 5408; baseline 0.001 -19"><span class='ocrx_word' id='word_1_912' title='bbox 2129 5336 2278 5407; x_wconf 87' lang='grc' dir='ltr'><strong>δηλοῖ</strong></span> <span class='ocrx_word' id='word_1_913' title='bbox 2319 5335 2427 5406; x_wconf 83' lang='grc' dir='ltr'><strong>γὰρ</strong></span> <span class='ocrx_word' id='word_1_914' title='bbox 2458 5331 2610 5404; x_wconf 84' lang='grc' dir='ltr'><strong>οἰμαι</strong></span> <span class='ocrx_word' id='word_1_915' title='bbox 2642 5335 2812 5398; x_wconf 77' lang='grc' dir='ltr'><strong>τουτὶ,</strong></span> <span class='ocrx_word' id='word_1_916' title='bbox 2856 5333 2934 5395; x_wconf 79' lang='grc' dir='ltr'><strong>τὸ,</strong></span> <span class='ocrx_word' id='word_1_917' title='bbox 2978 5353 2997 5386; x_wconf 81' lang='lat' dir='ltr'><strong>t</strong></span> <span class='ocrx_word' id='word_1_918' title='bbox 3025 5335 3148 5388; x_wconf 86' lang='grc' dir='ltr'><strong>Ὅτι</strong></span> <span class='ocrx_word' id='word_1_919' title='bbox 3198 5337 3411 5407; x_wconf 84' lang='grc' dir='ltr'><strong>πρῶτός</strong></span> <span class='ocrx_word' id='word_1_920' title='bbox 3461 5354 3561 5407; x_wconf 82' lang='grc' dir='ltr'><strong>μου</strong></span> <span class='ocrx_word' id='word_1_921' title='bbox 3604 5334 3693 5408; x_wconf 77' lang='grc' dir='ltr'><strong>ἦν,</strong></span> 
     </span>
    </p>
   </div>
   <div class='ocr_carea' id='block_1_115' title="bbox 2131 5423 3697 5500">
    <p class='ocr_par' dir='ltr' id='par_1_115' title="bbox 2131 5423 3697 5500">
     <span class='ocr_line' id='line_1_115' title="bbox 2131 5423 3697 5500; baseline 0.002 -22"><span class='ocrx_word' id='word_1_922' title='bbox 2131 5428 2225 5479; x_wconf 77' lang='grc' dir='ltr'><strong>καί</strong></span> <span class='ocrx_word' id='word_1_923' title='bbox 2252 5424 2558 5497; x_wconf 79' lang='grc' dir='ltr'><strong>ἔμπροσθέν</strong></span> <span class='ocrx_word' id='word_1_924' title='bbox 2588 5442 2690 5496; x_wconf 88' lang='grc' dir='ltr'><strong>μου</strong></span> <span class='ocrx_word' id='word_1_925' title='bbox 2719 5425 2961 5493; x_wconf 86' lang='grc' dir='ltr'><strong>γέγονεν.</strong></span> <span class='ocrx_word' id='word_1_926' title='bbox 2989 5444 3006 5475; x_wconf 73' lang='grc' dir='ltr'><strong>ι</strong></span> <span class='ocrx_word' id='word_1_927' title='bbox 3040 5423 3169 5479; x_wconf 78' lang='grc' dir='ltr'><strong>Εἶτα</strong></span> <span class='ocrx_word' id='word_1_928' title='bbox 3203 5428 3338 5493; x_wconf 85' lang='grc' dir='ltr'><strong>πῶς,</strong></span> <span class='ocrx_word' id='word_1_929' title='bbox 3368 5428 3525 5500; x_wconf 77' lang='grc' dir='ltr'><strong>εἴπερ</strong></span> <span class='ocrx_word' id='word_1_930' title='bbox 3548 5430 3697 5483; x_wconf 76' lang='grc' dir='ltr'><strong>ἐστὶν</strong></span> 
     </span>
    </p>
   </div>
   <div class='ocr_carea' id='block_1_116' title="bbox 531 5566 2028 5669">
    <p class='ocr_par' dir='ltr' id='par_1_116' title="bbox 531 5566 2023 5669">
     <span class='ocr_line' id='line_1_116' title="bbox 531 5566 2023 5669; baseline 0.001 -15"><span class='ocrx_word' id='word_1_931' title='bbox 531 5602 576 5632; x_wconf 67' lang='grc' dir='ltr'>δι</span> <span class='ocrx_word' id='word_1_932' title='bbox 610 5604 760 5654; x_wconf 77' lang='lat' dir='ltr'><strong>Juau.</strong></span> <span class='ocrx_word' id='word_1_933' title='bbox 790 5566 898 5666; x_wconf 60' lang='lat' dir='ltr'><strong>xlv,</strong></span> <span class='ocrx_word' id='word_1_934' title='bbox 921 5600 972 5655; x_wconf 83' lang='lat'><strong>9.</strong></span> <span class='ocrx_word' id='word_1_935' title='bbox 1052 5599 1095 5630; x_wconf 78' lang='lat'><strong><em>“</em></strong></span> <span class='ocrx_word' id='word_1_936' title='bbox 1131 5598 1235 5655; x_wconf 83' lang='lat' dir='ltr'><strong>isa.</strong></span> <span class='ocrx_word' id='word_1_937' title='bbox 1261 5616 1390 5666; x_wconf 76' lang='lat' dir='ltr'><strong>uti,</strong></span> <span class='ocrx_word' id='word_1_938' title='bbox 1421 5604 1467 5667; x_wconf 82' lang='grc'><strong>1,</strong></span> <span class='ocrx_word' id='word_1_939' title='bbox 1488 5602 1550 5669; x_wconf 74' lang='lat'><strong>2;</strong></span> <span class='ocrx_word' id='word_1_940' title='bbox 1585 5601 1715 5657; x_wconf 86' lang='lat' dir='ltr'><strong>Luc.</strong></span> <span class='ocrx_word' id='word_1_941' title='bbox 1744 5618 1815 5669; x_wconf 85' lang='lat' dir='ltr'><strong>tv,</strong></span> <span class='ocrx_word' id='word_1_942' title='bbox 1843 5600 1929 5657; x_wconf 80' lang='lat' dir='ltr'><strong>i8.</strong></span> <span class='ocrx_word' id='word_1_943' title='bbox 1959 5600 2023 5656; x_wconf 75' lang='grc'><strong>19</strong></span> 
     </span>
    </p>
   </div>
   <div class='ocr_carea' id='block_1_117' title="bbox 2132 5566 3053 5669">
    <p class='ocr_par' dir='ltr' id='par_1_117' title="bbox 2132 5574 3053 5666">
     <span class='ocr_line' id='line_1_117' title="bbox 2132 5574 3053 5666; baseline 0 -12"><span class='ocrx_word' id='word_1_944' title='bbox 2132 5601 2164 5632; x_wconf 69' lang='grc' dir='ltr'><strong>ιι</strong></span> <span class='ocrx_word' id='word_1_945' title='bbox 2200 5598 2351 5654; x_wconf 83' lang='lat' dir='ltr'><strong>Juan.</strong></span> <span class='ocrx_word' id='word_1_946' title='bbox 2382 5613 2418 5665; x_wconf 80' lang='grc' dir='ltr'><strong>ι,</strong></span> <span class='ocrx_word' id='word_1_947' title='bbox 2450 5595 2532 5652; x_wconf 74' lang='grc' dir='ltr'><strong>ιε.</strong></span> <span class='ocrx_word' id='word_1_948' title='bbox 2610 5597 2656 5629; x_wconf 71' lang='grc' dir='ltr'><strong>ιδ</strong></span> <span class='ocrx_word' id='word_1_949' title='bbox 2690 5597 2823 5654; x_wconf 81' lang='lat' dir='ltr'><strong>Ibid.</strong></span> <span class='ocrx_word' id='word_1_950' title='bbox 2848 5574 2937 5666; x_wconf 66' lang='lat'><strong>2‘9,</strong></span> <span class='ocrx_word' id='word_1_951' title='bbox 2963 5599 3053 5655; x_wconf 69' lang='grc' dir='ltr'><strong>δι).</strong></span> 
     </span>
    </p>
   </div>
  </div>
