4004 6202
334 345 427 400 137

1449 337 1815 394 ADVERSUS
1850 334 2254 392 NESTORIUM
2295 335 2424 390 LIB.
2465 334 2555 388 ΠΙ.

3485 343 3582 397 158

334 459 479 529 ἀνὴρ,
512 453 948 527 προῦφεστηκὼς
977 456 1196 519 νοεῖται,
1230 455 1324 508 καὶ
1354 457 1718 526 προῦπάρχων
1753 457 1897 524 λέγε-

2012 471 2133 512 nem
2159 456 2182 508 ?
2209 455 2340 510 Nam
2366 455 2410 510 si
2445 456 2510 508 de
2542 453 2719 523 aliquo
2747 465 2989 509 nostrum
3023 455 3125 511 hoc
3155 455 3385 514 fortasse
3413 461 3584 526 dicat,

331 564 415 600 ται
438 544 523 598 τοῦ
552 543 953 614 προειληφότος
987 543 1132 596 κατὰ
1163 543 1255 595 τὸν
1285 545 1498 614 χρόνον,
1533 547 1624 599 καὶ
1667 546 1906 615 πρεσϐυ-

334 637 478 706 τέραν
499 634 710 704 ἔχοντος
751 634 856 702 τὴν
889 633 1034 686 κατὰ
1059 633 1237 703 σάρκα
1287 635 1539 705 γέννησιν
1587 635 1792 701 αὑτοῦ;
1843 635 1907 688 Εἰ

339 727 424 796 μὲν
460 726 561 795 γὰρ
601 724 694 775 έπξ
750 741 906 786 τινος
964 725 1078 778 τῶν
1125 724 1244 778 καθ’
1306 727 1452 794 ἡμᾶς
1499 728 1650 778 τουτὶ
1700 725 1909 795 λέγοιτο

335 815 497 884 τυχὸν,
522 815 859 884 ἀπορήσειεν
887 813 979 880 ἂν,
1004 811 1176 884 οἶμαι,
1203 814 1646 869 καὶνὰπαστισοῦν
1672 817 1750 878 εἰς
1773 817 1908 869 ἀπο·-

336 906 521 974 λογὶανο
541 905 630 958 ἐπὶ
648 905 706 958 δέ
732 923 800 974 γε
825 905 924 958 τοῦ
950 906 1166 959 πάντων
1188 906 1349 976 ἡμῶν
1375 907 1625 978 Σωτῆρος
1644 909 1902 980 Χριστοῦ,

339 998 391 1049 τὸ
417 995 645 1065 ἐμποδὼν
674 997 850 1049 οὐδέν
872 1011 886 1025 °
919 995 1218 1050 οἰκειοῦται
1255 997 1354 1065 μὲν
1385 996 1494 1068 γὰρ
1515 1000 1543 1050 6
1571 998 1635 1051 ἐκ
1650 999 1784 1052 Θεοῦ
1804 999 1905 1070 τῆς

346 1088 460 1149 ἰδίας
486 1089 670 1157 σαρκὸς
702 1087 818 1158 τὴν
865 1087 1122 1158 γέννησιν
1143 1105 1157 1117 ·
1198 1089 1338 1158 πλὴν
1376 1089 1476 1140 οὐκ
1509 1090 1778 1160 ἠγνόηκεν
1822 1092 1904 1143 ὅτι

346 1178 439 1231 τῶν
488 1179 674 1232 αἰώνων
722 1181 856 1232 ἐστὶ
921 1181 1173 1249 ποιητὴς,
1231 1179 1326 1233 καὶ
1367 1181 1779 1250 προῦφέστηκεν
1829 1181 1904 1244 ὡς

349 1270 484 1332 θεὸς,
508 1273 585 1321 καὶ
604 1269 674 1339 τῷ
700 1270 829 1339 ἰδίῳ
853 1270 1032 1339 lla-cpi.
1064 1271 1352 1333 συναῒδιος.
1371 1273 1445 1324 Οὐ
1467 1271 1575 1341 γάρ
1597 1271 1678 1324 τοί
1700 1289 1901 1341 φαμεν,

355 1361 424 1412 ὅτι
449 1363 505 1430 τῇ
543 1361 790 1430 γεννήσει
830 1359 926 1413 τοῦ
980 1361 1110 1414 ἰδίου
1157 1361 1411 1431 σώματος
1455 1363 1748 1434 σύγχρονον
1792 1363 1903 1432 ἔχει

359 1451 441 1517 τὴν
466 1448 697 1521 ὓπαρξιν,
725 1449 850 1501 ἀλλ’
872 1445 963 1518 ἦν,
992 1450 1067 1511 ὼς
1093 1449 1250 1518 ἔφην,
1285 1451 1348 1503 ἐκ
1384 1452 1481 1520 τῆς
1519 1452 1613 1504 τοῦ
1648 1451 1782 1505 Θεοῦ
1809 1453 1903 1505 καὶ

359 1539 540 1608 Πατρὶς
579 1539 758 1601 οὐσίας
817 1540 1152 1610 ἀποῤῥήτως
1221 1543 1637 1612 γεγεννημένος.
1695 1541 1903 1596 Οὐκοῦν

360 1630 475 1699 ἔχων
500 1631 553 1682 τὸ
576 1627 702 1682 εἶναι
733 1631 844 1699 πρὸ
891 1631 1146 1701 ’Δϐραάμ
1181 1632 1254 1694 ὡς
1279 1632 1432 1696 Θεὸς,
1466 1635 1569 1687 κᾶν
1601 1637 1647 1687 εξ
1678 1635 1900 1701 γέγονεν

362 1721 623 1790 ἄνθρωπος,
668 1724 765 1774 οὐκ
790 1721 856 1775 ἂν
886 1723 1242 1791 διαψεύσαιτο
1263 1725 1458 1792 λέγων,
1480 1727 1557 1788 ὡς
1583 1721 1664 1788 εἷς
1687 1725 1901 1796 ἀληθῶς

2011 546 2280 601 neminem
2315 554 2446 613 puto
2479 543 2606 612 quid
2649 547 2974 613 reSpondeat
2999 546 3312 601 habiturum
3344 565 3357 599 :
3393 551 3486 603 sed
3527 552 3579 604 in

2009 638 2250 690 omnium
2291 644 2536 689 nostrum
2560 634 2843 688 Salvatore
2869 635 3088 690 Christo
3114 637 3248 692 nihil
3269 639 3525 708 impediet
3562 660 3576 696 :

2010 740 2134 778 nam
2165 723 2337 793 ipsum
2376 721 2471 777 Dei
2527 723 2759 777 Verbum
2794 737 2904 776 suae
2959 725 3140 779 carnis
3173 728 3578 794 generationem

2007 814 2109 870 sibi
2151 823 2404 882 tanquam
2437 811 2711 882 propriam
2753 812 2994 867 vindicat
3026 829 3037 860 τ
3077 829 3175 869 nec
3211 826 3387 872 tamen
3426 820 3581 889 igno-

2007 904 2152 958 ravit
2195 905 2346 958 illum
2380 919 2501 959 esse
2529 905 2862 958 conditorem
2914 904 3266 972 saeculorum,
3327 917 3382 962 ct
3433 911 3582 977 prius

2008 995 2316 1060 exstitisse,
2351 1005 2538 1064 utpote
2577 995 2776 1060 Deum,
2823 1004 2877 1050 et
2907 1010 3005 1050 suo
3039 994 3186 1050 Patri
3225 1007 3577 1055 coaeternum.

2011 1085 2197 1153 Neque
2243 1085 2387 1140 enim
2422 1085 2572 1138 illum
2609 1085 2839 1139 dicimus
2893 1101 3119 1156 corpore
3179 1090 3446 1144 nativitati
3487 1107 3580 1146 co-

2006 1191 2178 1230 aevum
2232 1177 2435 1230 habere
2484 1176 2696 1229 initium
2751 1177 3157 1244 subsistentiae,
3195 1182 3286 1235 sed
3333 1192 3485 1244 erat.
3520 1193 3580 1237 ut

2008 1267 2142 1330 dixi,
2175 1281 2240 1320 ex
2274 1266 2386 1334 ipsa
2430 1265 2524 1319 Dei
2584 1267 2690 1335 77
2730 1276 2782 1320 et
2827 1268 3002 1323 Patris
3048 1272 3284 1324 essentia
3335 1273 3581 1328 ineffabi-

2006 1359 2130 1412 liter
2153 1359 2384 1425 genitus.
2423 1356 2568 1426 Ergo
2599 1373 2720 1413 cum
2750 1359 2820 1413 sit
2845 1369 2969 1415 ante
3009 1361 3282 1417 Abraham
3319 1375 3378 1417 ut
3415 1367 3575 1428 Deus,

2009 1444 2225 1497 tametsi
2257 1443 2436 1498 factus
2477 1445 2548 1498 sit
2602 1445 2786 1512 homo,
2828 1462 2932 1501 non
2990 1452 3288 1505 mentietur
3329 1454 3516 1510 dicens
3561 1476 3573 1507 :

2011 1553 2028 1585 ι
2068 1535 2371 1603 Antequam
2393 1544 2538 1590 esset
2559 1537 2857 1600 Abraham,
2885 1554 2984 1608 ego
3011 1556 3152 1606 sum,
3185 1561 3206 1596 ι
3233 1551 3290 1595 ut
3320 1546 3409 1612 qui
3439 1562 3578 1599 unus

2005 1639 2134 1678 vere
2167 1626 2244 1679 sit
2277 1625 2447 1681 Filius
2495 1635 2548 1681 et
2598 1628 2877 1683 Dominus.
2923 1629 3106 1698 Neque
3156 1647 3288 1686 vero
3335 1635 3574 1698 mireris,

2007 1719 2050 1770 si
2088 1719 2193 1772 hoc
2228 1719 2403 1787 ipsum
2451 1718 2598 1787 quod
2643 1729 2726 1773 est
2760 1729 2885 1773 ante
2928 1721 3197 1776 Abraham
3229 1739 3339 1778 suae
3370 1735 3577 1779 natura:

364 1815 444 1866 καὶ
470 1814 580 1876 Υἱὸς
608 1813 695 1866 καὶ
719 1813 944 1884 Κύριος·
987 1831 1008 1863 ‹
1032 1814 1171 1884 Πρὶν
1221 1814 1472 1886 Ἀϐραὰμ
1494 1816 1766 1883 γενέσθαι,
1789 1816 1897 1884 ἐγώ

2006 1809 2192 1863 tribuit
2224 1825 2238 1861 :
2287 1809 2382 1864 sed
2410 1809 2538 1864 illud
2573 1810 2752 1878 potius
2777 1818 3002 1878 .reputa,
3032 1813 3194 1880 quod,
3222 1813 3346 1867 licet
3379 1830 3577 1884 corpus

368 1906 486 1972 ειμι.
512 1922 529 1954 ι
563 1905 663 1956 Καὶ
703 1905 771 1974 μή
811 1921 894 1956 τοι
935 1903 1228 1974 Θαυμάσῃς
1274 1905 1323 1956 ει
1369 1909 1435 1975 τῇ
1488 1905 1592 1977 ἰδία
1634 1908 1896 1978 τετίμηκε

372 1991 483 2065 [ian
520 1994 789 2065 νενέμηκε]
848 1995 1008 2062 φύσει
1031 1995 1094 2046 τὸ
1118 1991 1258 2047 εἶναι
1284 1996 1388 2066 πρὸ
1411 1997 1660 2068 Ἀϐραάμ
1683 2015 1696 2027 ·
1725 1999 1898 2052 διαλο-

380 2083 512 2148 γὶζου
537 2084 588 2135 δὲ
617 2085 813 2152 μᾶλλον,
859 2086 941 2137 ὄτι
982 2084 1160 2136 καίτοι
1196 2084 1255 2136 τὸ
1305 2084 1466 2155 σῶμα
1505 2086 1683 2140 λαϐὼν
1710 2090 1775 2141 ὲκ
1798 2089 1898 2158 τῆς

392 2174 528 2238 ἁγίας
550 2174 809 2241 Παρθένου,
856 2176 960 2245 ἔφη
1004 2176 1144 2246 πρὸς
1174 2177 1264 2228 τὸν
1291 2177 1602 2248 Νικόδημον
1626 2195 1640 2208 ·
1683 2198 1701 2231 ι
1731 2181 1793 2234 Εἰ
1830 2182 1897 2234 τὰ

398 2263 587 2328 ἐπίγεια
601 2261 878 2334 εἷτωνὺμῖν,
902 2266 994 2319 καὶ
1018 2267 1079 2318 οὐ
1109 2267 1393 2320 πιστεύετε
1413 2285 1427 2298 ο
1467 2270 1602 2331 πῶς,
1635 2271 1728 2324 ἐὰν
1761 2272 1898 2324 εἴπω

396 2353 522 2422 ὑμῖν
555 2353 615 2405 τὰ
637 2355 916 2423 ἐπουράνια,
947 2357 1297 2424 mutatione;
1335 2359 1443 2411 Καὶ
1499 2359 1670 2423 οὐδεὶς
1704 2363 1897 2415 ἀναϐέ-

386 2441 546 2510 ϐηκεν
571 2443 646 2504 εὶς
667 2442 735 2494 τὸν
753 2445 986 2513 οὐρανδν,
1007 2447 1051 2498 εἰ
1080 2445 1153 2516 μὴ
1187 2448 1215 2498 6
1243 2447 1307 2499 ὲκ
1346 2446 1439 2500 τοῦ
1471 2448 1700 2518 οὐρανοῦ
1729 2467 1898 2504 καταο

376 2533 482 2595 ὣς,
515 2532 544 2582 6
575 2533 690 2595 Υἱὸς
713 2534 804 2586 τοῦ
833 2518 1099 2604 ἀνθρώπου
1119 2553 1132 2565 ο
1157 2555 1176 2587 ι
1207 2536 1383 2589 καίτοι
1405 2537 1778 2607 κεχρημάτικε
1807 2542 1897 2592 xal

372 2622 486 2685 Υἱὸς
506 2622 795 2693 ἀνθρώπου,
838 2625 1102 2694 γεννηθεὶς
1126 2628 1192 2679 ὲκ
1225 2627 1493 2695 γυναικὸς
1523 2628 1664 2680 κατὰ
1696 2629 1892 2698 σάρκα.

364 2711 700 2781 Ψευδοεπήσει
718 2713 781 2784 δὴ
796 2711 907 2779 οὖν,
939 2715 1367 2786 καταϐεϐηκέναι
1382 2717 1554 2785 λέγων
1586 2716 1646 2781 ἐξ
1665 2718 1894 2787 οὐρανοῦ

359 2802 440 2853 τὸν
482 2801 601 2852 Υἱὸν
654 2801 738 2856 τοῦ
821 2805 1132 2873 ἀνθρώπου,
1193 2806 1470 2859 τουτέστιν
1532 2807 1763 2872 ἐαυτόν;
1819 2809 1893 2877 μὴ

357 2891 542 2958 γένοιτο
566 2906 579 2921 ’
626 2894 715 2945 καὶ
745 2896 854 2961 γάρ
881 2895 1028 2946 ἐστιν
1069 2896 1231 2960 αὐτὸς
1261 2899 1294 2964 ἡ
1341 2895 1586 2966 ἀλήθεια.
1635 2897 1759 2960 Πῶς
1801 2894 1893 2950 οὖν

353 2983 536 3036 ἄνωθεν
561 2985 589 3035 6
612 2985 727 3046 Υἱὸς
755 2985 845 3037 τοῦ
878 2984 1172 3056 ἀνθρώπου
1199 2989 1358 3040 νοοῖτ⁹
1384 2987 1450 3040 ἂν
1467 2989 1692 3050 εἰκότως
1718 3003 1732 3051 ;
1771 2988 1892 3040 Ὅτι

350 3071 470 3133 9:6;
500 3071 571 3125 ὣν
602 3073 630 3123 6
659 3074 843 3140 Λόγος,
868 3074 963 3126 καὶ
987 3076 1053 3126 ἐκ
1073 3075 1176 3143 τῆς
1196 3075 1454 3128 ἀνωτάτω
1474 3076 1663 3130 πασῶν
1685 3074 1889 3140 οὐσίας,

2007 1899 2306 1968 accepisset
2335 1913 2365 1953 e
2399 1909 2587 1954 sancta
2621 1899 2866 1969 Virgine,
2897 1900 3032 1954 dixit
3068 1902 3132 1954 ad
3169 1902 3520 1959 Nicodemum
3556 1926 3570 1960 :

2014 2009 2033 2042 ι
2059 1993 2116 2046 Si
2146 2002 2363 2048 terrena
2398 1991 2506 2046 dixi
2549 1991 2702 2045 vobis
2728 2000 2782 2044 et
2815 2006 2918 2045 non
2965 1993 3209 2058 creditis,
3234 1998 3502 2063 quomodo
3531 2001 3576 2051 si

2006 2083 2198 2138 dixero
2228 2083 2380 2138 vobis
2420 2082 2685 2147 caelestia,
2724 2083 2995 2138 credetis?
3030 2083 3096 2138 Et
3124 2101 3280 2140 nemo
3331 2090 3577 2143 ascendit

2011 2175 2063 2226 in
2105 2173 2326 2240 caelum,
2373 2173 2476 2228 nisi
2515 2174 2606 2243 qui
2653 2175 2719 2229 de
2763 2175 2900 2229 caelo
2938 2175 3224 2231 descendit
3263 2177 3430 2233 Filius
3474 2181 3573 2234 ho-

2007 2266 2168 2321 minis
2182 2266 2262 2331 ”;
2299 2285 2316 2318 ι
2346 2266 2495 2336 atqui
2527 2265 2824 2336 appellatus
2855 2277 2936 2322 est
2961 2266 3127 2323 Filius
3151 2269 3406 2334 hominis,
3435 2287 3572 2339 qua-

2008 2366 2166 2410 tenus
2197 2366 2281 2412 est
2303 2370 2368 2410 ex
2391 2355 2616 2410 muliere
2643 2356 2938 2410 secundum
2969 2372 3210 2412 carnem.
3245 2358 3380 2423 Quid
3409 2361 3575 2426 ergo?

2006 2447 2366 2502 mentieturne
2447 2463 2568 2502 cum
2625 2447 2776 2509 dicit,
2823 2447 3016 2500 Filium
3061 2449 3315 2511 hominis,
3369 2450 3418 2502 id
3464 2460 3569 2513 est,

2005 2539 2240 2606 seipsum
2275 2537 2623 2591 descendisse
2657 2537 2724 2590 de
2761 2537 2942 2591 creto?
2974 2538 3114 2591 absit
3141 2556 3151 2589 :
3177 2549 3256 2593 est
3293 2540 3434 2593 enim
3480 2541 3570 2595 illa

2005 2626 2119 2696 ipsa
2155 2627 2378 2682 veritas.
2417 2628 2696 2693 Quomodo
2723 2627 2888 2697 igitur
2919 2644 3152 2697 superne
3195 2630 3362 2683 Filius
3399 2633 3573 2685 homi-

2005 2720 2086 2772 nis
2120 2719 2467 2774 descendisse
2498 2719 2720 2789 intelligi
2752 2722 3136 2776 convenienter
3175 2723 3392 2791 potest?
3420 2726 3567 2792 quia.

2003 2824 2121 2863 cum
2156 2808 2295 2862 Deus
2325 2818 2470 2863 esset
2535 2809 2765 2864 Verbum
2811 2819 2867 2864 et
2913 2825 2978 2864 ex
3038 2809 3124 2863 illa
3164 2826 3410 2878 suprema
3450 2829 3572 2866 οιιι-

2004 2898 2149 2949 nium
2185 2898 2438 2961 essentia,
2469 2899 2822 2954 descendisse
2843 2900 3041 2952 dicitur
3068 2909 3120 2954 et
3161 2900 3393 2955 formam
3423 2905 3568 2956 servi

2004 2982 2301 3048 accepisse.
2335 2983 2538 3038 Deinde
2570 2985 2852 3039 nobiscum
2895 2986 3137 3054 loquitur
3165 3003 3269 3041 non
3309 3000 3566 3058 tanquam

2004 3073 2202 3124 nudum
2229 3072 2407 3126 adhuc
2433 3073 2694 3137 Verbum,
2724 3075 2816 3128 sed
2855 3085 3105 3144 tanquam
3144 3076 3303 3130 homo
3328 3092 3358 3130 e
3391 3081 3564 3143 nobis,

347 3162 754 3232 καταδεδιῑκέναι
787 3163 1024 3231 λέγεται,
1069 3165 1165 3216 καὶ
1207 3163 1392 3218 δούλου
1437 3166 1650 3235 μορφὴν
1696 3164 1897 3217 ἀναλα-

2000 3169 2053 3214 et
2085 3163 2174 3229 qui
2207 3178 2345 3217 unus
2367 3162 2476 3230 jam
2509 3178 2630 3217 cum
2663 3165 2813 3218 unita
2845 3166 2947 3219 sibi
2995 3183 3158 3221 carne
3203 3168 3556 3238 intelligatur.

347 3253 470 3308 δεῖν.
498 3249 621 3308 Εἶτα
646 3255 953 3323 διαλέγεται
989 3255 1126 3326 πρὸς
1158 3256 1321 3325 ἡμᾶς,
1365 3256 1464 3326 οὐχ
1492 3256 1568 3318 ὡς
1593 3254 1797 3325 γυμνὸς
1818 3255 1896 3306 ἔτι

340 3347 514 3413 Λόγος,
541 3348 652 3400 ἀλλ’
689 3349 765 3410 ὡς
788 3347 1079 3418 ἄνθρωπος
1109 3347 1228 3400 καθ’
1257 3348 1428 3417 ἡμᾶς,
1460 3347 1554 3399 καὶ
1582 3346 1656 3410 ὡς
1687 3340 1768 3408 εἷς
1795 3345 1895 3415 ήδη

340 3438 600 3506 νοούμενος
622 3439 768 3509 μετὰ
791 3439 890 3509 τῆς
917 3437 1210 3506 ένωθείσης
1245 3436 1394 3506 αὐτῷ
1428 3436 1629 3506 σαρκός
1662 3452 1676 3466 ο
1708 3435 1896 3504 ὥσπερ

338 3527 389 3582 δὲ
409 3529 489 3582 διὰ
522 3531 576 3583 τὸ
605 3533 675 3600 τῇ
708 3528 941 3584 κενώσει
988 3527 1216 3598 πρέπον,
1273 3525 1574 3580 οἰκειοῦται
1620 3526 1796 3579 πάντα
1829 3527 1897 3580 τὰ

338 3620 418 3672 τοῦ
455 3621 575 3673 ἰδίου
623 3621 902 3689 σώματος,
939 3619 1118 3673 καίτοι
1147 3620 1244 3689 τὴν
1276 3617 1435 3687 φύσιν
1464 3615 1754 3686 ἀσώματος
1797 3615 1894 3682 ὢν,

338 3711 461 3765 οὕτω
494 3713 581 3764 καὶ
617 3711 825 3765 ἄνωθεν
852 3711 928 3764 ὢν
955 3709 1120 3772 αὐτὸς
1163 3710 1256 3762 καὶ
1295 3707 1356 3771 ἐξ
1383 3707 1634 3779 οὐρανοῦ,
1663 3707 1724 3758 τὸ
1753 3707 1891 3759 ἄνω-

340 3801 419 3855 θεν
453 3805 603 3873 ἥκειν
656 3803 921 3872 ἀπονέμει
968 3803 1131 3856 πάλιν
1183 3801 1360 3870 ἐαυτῷ
1407 3801 1501 3853 καὶ
1535 3800 1624 3852 ὅτε
1675 3798 1895 3866 γέγονεν

339 3888 626 3965 ἄνθρωπος.
653 3895 759 3949 κᾶν
786 3897 836 3947 ει
866 3895 1189 3963 γεγέννηται
1221 3894 1361 3947 κατὰ
1391 3894 1568 3963 σάρκα
1597 3890 1715 3961 μεθ’
1739 3891 1894 3960 ἡμῶν

339 3985 398 4034 ὲκ
429 3986 694 4049 γυναικδς,
731 3986 930 4052 Γέγονε
963 3984 1144 4038 τοίνυν
1183 3985 1290 4037 ἴδια
1333 3985 1431 4054 μὲν
1474 3982 1568 4035 τοῦ
1598 3981 1793 4048 Λόγου,
1826 3980 1893 4033 τὰ

341 4072 431 4141 τῆς
451 4074 850 4144 ὰνθρωπότητος
874 4091 886 4102 ·
921 4074 1028 4126 ἴδια
1058 4074 1114 4126 δὲ
1145 4073 1304 4126 πάλιν
1328 4074 1426 4141 τῆς
1454 4070 1889 4142 ἀνθρωπὸτητος,

335 4166 398 4215 τὰ
427 4165 582 4217 αὑτοῦ
622 4165 709 4218 τοῦ
741 4166 938 4232 Λόγου.
978 4159 1072 4225 Εἷς
1105 4164 1214 4233 γὰρ
1241 4163 1382 4216 οὕτω
1418 4166 1616 4215 νοεῖται
1657 4161 1893 4230 Χριστὸς

330 4255 412 4306 καὶ
437 4255 550 4319 Υἱὸς
590 4256 688 4308 tat
716 4256 942 4324 Κύριος.
980 4255 1200 4324 Ἐπειδὴ
1228 4255 1284 4306 δὲ
1312 4253 1699 4324 προστέθεικεν
1724 4255 1751 4306 6
1773 4271 1894 4307 και-

325 4347 529 4416 νοτόμος
555 4347 776 4405 οὐτοσὶ,
808 4348 891 4398 ὅτι
925 4365 944 4396 ι
991 4347 1218 4416 Ὀμοιος
1267 4346 1382 4406 τοῖς
1442 4343 1688 4412 ἀδελφοῖς
1751 4344 1892 4396 κατὰ

328 4436 503 4498 πάντα,
535 4455 554 4486 ι
603 4437 637 4488 6
669 4436 846 4505 ψυχῆς
875 4436 1220 4507 ἀνθρωπίνης
1247 4435 1341 4486 καὶ
1367 4433 1569 4504 σαρκὸς
1612 4433 1890 4487 ἀναλαϐὼν
1927 4486 1968 4539 D

322 4527 670 4598 ἀδελφότητα,
700 4527 801 4597 οὐχ
835 4529 864 4579 6
884 4527 1077 4594 λέγων,
1110 4545 1128 4576 ι
1149 4526 1206 4578 '0
1245 4525 1506 4596 ἑωρακὼς
1533 4527 1653 4596 ἐμὲ,
1681 4524 1891 4595 ἑώρακε

323 4619 398 4671 τὸν
429 4620 694 4689 Πατέρα·
723 4636 743 4667 ι
771 4617 901 4686 φέρε
930 4618 994 4687 δὴ
1016 4618 1178 4670 πάλιν
1207 4618 1236 4670 ὅ
1259 4618 1312 4670 τί
1342 4617 1472 4669 ποτέ
1503 4619 1650 4669 ἐστιν
1675 4617 1703 4668 ὃ
1729 4634 1893 4687 φησιν

321 4711 370 4762 ἐν
411 4712 635 4772 τούτοις
685 4709 764 4772 ὡς
815 4708 895 4760 ἔνι
940 4709 1422 4779 περιαθρήσωμεν.
1461 4708 1580 4760 Ὅτι
1633 4709 1730 4778 μὲν
1783 4707 1893 4780 γὰρ

321 4799 464 4853 εἰκών
500 4803 632 4854 ἐστι.
681 4799 778 4853 καὶ
816 4797 1103 4869 χαρακτὴρ
1157 4797 1250 4850 τοῦ
1290 4797 1426 4850 Θεοῦ
1471 4798 1566 4850 καὶ
1604 4797 1816 4868 Πατρὺς
1866 4801 1895 4850 6

324 4890 452 4955 Υἱὸς,
479 4891 868 4961 διωμολόγηκε
892 4889 988 4942 καὶ
1019 4889 1201 4951 αὑτός.
1245 4889 1340 4951 Τίς
1364 4889 1409 4941 δ’
1441 4889 1508 4942 ἂν
1535 4888 1622 4957 εἴη
1649 4888 1834 4941 λοιπὸν
1863 4890 1891 4941 ὀ

319 4979 479 5051 drop};
511 4981 872 5052 ἀνθρωπίνης
919 4979 1016 5032 καὶ
1065 4977 1315 5048 σώματος
1344 4976 1633 5032 ἀναλαϐὼν
1660 4977 1887 5045 ἁδελφό-

319 5084 461 5139 τητα,
490 5073 658 5141 δῆλον
685 5071 744 5124 δὲ
774 5071 856 5123 ὅτι
883 5070 984 5139 τὴν
1011 5068 1147 5137 πρὸς
1169 5069 1334 5139 ἡμᾶς,
1359 5067 1656 5120 διδασκέτω
1686 5065 1888 5136 παρελη-

322 5163 438 5217 οών.
462 5168 539 5218 Οὐ
582 5166 694 5235 γάρ
728 5182 830 5217 που
859 5162 996 5232 φαίη
1022 5179 1103 5224 τις
1132 5161 1196 5214 ἂν
1222 5161 1297 5224 ὡς
1327 5162 1355 5212 6
1385 5161 1508 5213 καθ’
1531 5161 1677 5228 ἡμᾶς
1702 5159 1888 5226 φαινό-

320 5273 469 5324 μενος
509 5257 818 5327 ἄνθρωπος,
863 5251 997 5317 οἷον,
1045 5252 1330 5323 Βαρνάϐας
1371 5251 1554 5321 τυχὸν,
1588 5251 1620 5320 ἢ
1655 5250 1886 5314 Παῦλος,

313 5346 473 5415 {now
504 5349 690 5416 ἕτερος
716 5365 798 5410 τις
825 5347 938 5400 τῶν
961 5344 1257 5398 τελούντων
1282 5346 1338 5396 ἐν
1362 5342 1690 5413 ἀνθρώποις,
1712 5341 1890 5412 ψυχῆς

314 5437 652 5510 ἀνθρωπίνης
680 5439 776 5491 καὶ
809 5437 1062 5506 σώματος
1104 5434 1499 5504 ἀνθρωπότητα
1523 5431 1641 5504 [ῑσ.
1669 5432 1890 5500 ἀδελφό-

310 5527 484 5602 τητα]
540 5531 721 5586 λαϐεῖν
744 5529 950 5598 λέγοιτ’
990 5528 1078 5593 ἂν,
1123 5528 1198 5590 ὡς
1234 5527 1423 5596 ἕτερόν
1455 5543 1507 5579 τι
1544 5525 1695 5596 παρὰ
1732 5525 1889 5578 τοῦτο

376 5705 424 5736 ⁸⁵
459 5704 606 5759 Joan.
632 5722 712 5769 ιιι,
743 5706 831 5767 1'2,
858 5705 948 5756 15.

544 5797 811 5858 Ρηιιοι.
848 5795 968 5856 GR.
1011 5795 1263 5856 LXXVI.

2001 3251 2070 3306 Ut
2105 3263 2290 3307 autem
2339 3250 2559 3323 propter
2604 3254 2656 3309 id
2704 3255 2844 3323 quod
2879 3257 3231 3312 exinanitioui
3271 3263 3564 3329 convenit,

1997 3345 2178 3398 omnia
2209 3344 2299 3398 sui
2326 3347 2572 3414 corporis
2599 3354 2857 3416 tanquam
2895 3349 2995 3402 sibi
3028 3352 3244 3420 propria
3297 3353 3559 3420 vindicat,

1999 3435 2127 3490 licet
2153 3449 2220 3516 ex
2274 3445 2464 3490 natura
2521 3438 2592 3490 sit
2635 3439 3024 3508 incorporeus;
3069 3441 3144 3494 ita
3197 3457 3408 3514 quoque
3442 3463 3563 3500 cum

1999 3525 2118 3593 ipse
2148 3513 2384 3595 superne
2415 3527 2486 3583 sit
2519 3536 2573 3583 et
2607 3543 2638 3582 e
2672 3530 2830 3595 coelo,
2868 3532 2968 3586 hoc
3002 3533 3175 3600 ipsum
3207 3513 3436 3604 superne
3469 3554 3563 3593 vc-

1997 3615 2116 3669 nire
2153 3615 2254 3670 sibi
2292 3617 2393 3684 ipsi
2424 3632 2637 3672 rursum
2673 3619 2859 3673 tribuit
2904 3629 3016 3675 tum
3059 3639 3274 3692 quoque
3307 3642 3427 3680 cum
3481 3629 3564 3682 fa-

1997 3715 2117 3762 ctus
2143 3717 2228 3762 est
2261 3709 2443 3773 homo,
2476 3709 2602 3764 licet
2655 3719 2815 3765 natus
2860 3712 2929 3765 sit
2960 3714 3238 3769 nobiscum
3269 3720 3564 3772 secundum

1996 3811 2213 3850 carnem
2234 3813 2297 3852 ex
2329 3798 2575 3853 muliere.
2605 3798 2765 3854 Facta
2795 3811 2923 3854 sunt
2951 3802 3111 3870 igitur
3140 3804 3295 3858 Verbi
3325 3811 3562 3875 propria,

1997 3900 2115 3954 quae
2172 3895 2293 3940 sunt
2368 3887 2773 3951 humanitatis,
2838 3904 3162 3959 rursumque
3210 3892 3565 3948 humanitatis

2001 3975 2243 4041 prOpria,
2273 3989 2393 4042 qua:
2424 3985 2550 4029 sunt
2589 3976 2757 4044 ipsius
2797 3975 2979 4030 Verbi.
3031 3978 3122 4032 Sic
3155 3995 3386 4047 namque
3427 3997 3566 4036 unus

1955 4078 1966 4086 ‘
1995 4065 2245 4141 Christus
2279 4075 2334 4118 et
2359 4065 2526 4119 Filius
2556 4075 2610 4120 et
2647 4065 2906 4121 Dominus
2933 4068 3274 4138 intelligitur.
3309 4069 3413 4125 Sed
3436 4073 3565 4141 quia

1995 4135 2326 4212 bicuov‘ator
2343 4156 2568 4225 adjecit:
2593 4158 2826 4212 iSimilis
2845 4159 3100 4214 fratribus
3131 4175 3225 4229 per
3246 4164 3428 4217 omnia
3457 4165 3559 4229 “,i

1993 4249 2083 4317 qui
2105 4249 2348 4302 humana:
2371 4247 2560 4302 ani-mae
2584 4249 2869 4316 carnisque
2896 4250 3289 4305 fraternitatem
3305 4256 3564 4322 suscepit,

1994 4354 2100 4393 non
2145 4338 2234 4392 ille
2289 4338 2381 4406 qui
2431 4339 2566 4392 dixit
2616 4355 2632 4388 :
2666 4357 2684 4390 ι
2718 4340 2818 4404 Qui
2863 4342 2995 4394 vidit
3029 4358 3134 4407 me,
3175 4344 3309 4396 vidit
3357 4355 3411 4398 et
3457 4345 3564 4400 Pa-

1998 4440 2135 4484 trem
2159 4430 2236 4483 ":
2263 4448 2280 4480 ι
2312 4444 2411 4498 age
2433 4430 2544 4499 jam
2582 4445 2766 4484 rursus
2798 4431 2923 4498 quid
2955 4434 3166 4487 tandem
3193 4434 3246 4487 in
3279 4435 3363 4489 his
3388 4437 3565 4490 verbis

1998 4521 2101 4575 sibi
2129 4520 2278 4586 velit,
2313 4531 2368 4574 ut
2402 4521 2584 4575 licebit
2615 4523 3040 4578 consideremus.
3072 4525 3152 4579 Ac
3204 4526 3398 4580 Filium
3445 4543 3565 4583 esse

1996 4613 2088 4667 Dei
2121 4624 2175 4666 et
2197 4613 2374 4667 Patris
2406 4614 2695 4682 imaginem
2719 4623 2775 4666 et
2809 4613 3060 4682 figuram,
3086 4616 3201 4682 ipse
3232 4630 3446 4685 quoque
3481 4617 3564 4670 fa-

1998 4711 2140 4757 tetur
2169 4719 2181 4753 :
2215 4705 2469 4773 quisquis
2503 4718 2666 4771 porro
2700 4704 2949 4756 humanae
2984 4703 3180 4757 animm
3215 4706 3563 4772 corporisque

1998 4795 2395 4848 fraternitatem
2451 4794 2752 4862 susceperit
2780 4833 2794 4858 ,
2844 4793 2987 4846 illaut
3013 4794 3218 4848 scilicet
3244 4808 3344 4861 qua
3381 4794 3565 4846 nobis-

1943 4876 1945 4878 ’
1998 4899 2119 4939 cum
2162 4884 2428 4954 jungitur,
2470 4885 2696 4953 prodeat
2760 4899 2825 4938 ac
2860 4885 3025 4938 dicat.
3067 4882 3353 4951 Nunquam
3417 4884 3562 4936 enim

1996 4975 2280 5043 quisquam
2330 4975 2506 5037 dicet,
2545 4974 2817 5028 hominem
2867 4975 2958 5042 qui
3003 4972 3170 5026 nostri
3207 4971 3398 5024 similis
3443 4986 3564 5025 esse

1995 5067 2260 5128 cernitur,
2290 5065 2440 5119 verbi
2469 5065 2662 5134 gratia,
2682 5063 2988 5118 Barnabam
3027 5064 3273 5126 fortasse,
3307 5061 3390 5114 vel
3421 5062 3564 5116 Pau-

1996 5156 2131 5220 lum,
2163 5165 2258 5210 aut
2293 5156 2458 5209 alium
2483 5156 2788 5224 quempiam
2817 5153 2906 5222 qui
2939 5163 3228 5207 censeatur
3277 5152 3418 5206 inter
3448 5152 3565 5216 ,ho-
3599 5153 3601 5155 ’

1997 5247 2196 5311 mines,
2222 5246 2328 5300 dici
2357 5259 2514 5315 posse
2544 5247 2791 5299 humana:
2836 5243 3030 5294 animm
3073 5240 3429 5310 corporisque
3463 5241 3565 5293 fra-

1999 5341 2309 5394 ternitatem
2341 5338 2651 5406 suscepisse
2677 5376 2692 5402 ,
2722 5333 2874 5404 quasi
2910 5334 2955 5386 is
2986 5332 3133 5386 aliud
3180 5333 3434 5401 quiddam
3486 5333 3558 5384 sit

1997 5430 2064 5484 ab
2096 5431 2197 5484 hoc
2230 5429 2523 5491 diversum,
2556 5429 2695 5495 quod
2727 5432 2910 5494 postea
2942 5424 3246 5486 susceperit
3284 5441 3296 5476 :
3331 5427 3423 5476 sed
3449 5421 3559 5490 78

1999 5519 2182 5590 potius
2207 5527 2315 5582 est,
2346 5519 2470 5574 dum
2496 5517 2637 5570 ineo
2693 5523 2874 5570 manet
2925 5515 3066 5584 quod
3110 5524 3239 5570 est:
3283 5529 3386 5568 non
3434 5525 3562 5580 ergo

1025 5703 1071 5732 “
1110 5701 1268 5757 Hebr.
1296 5718 1358 5768 tt,
1391 5704 1470 5756 Π.
1551 5702 1593 5732 ιτ
1631 5700 1783 5755 Joan.
1811 5715 1918 5765 le,
1949 5698 2003 5754 9.

3230 5777 3264 5833 5
