4004 6202
450 320 552 373 151)

1428 306 1487 362 S.
1531 304 1803 361 CYRILLI
1842 302 2315 361 ALEXANDRINI
2355 301 2673 361 ARCIIIEP.

3590 306 3687 360 HO

451 442 610 495 homo
634 433 828 503 aliquis
856 431 967 501 jam
998 427 1289 491 cxsistens,
1321 426 1571 497 accipere
1607 427 1839 497 idipsum
1870 428 2015 496 quod

2121 426 2399 497 ὑπάρχων,
2434 420 2534 480 εἶθ’
2579 425 2723 479 οὑτω
2766 426 2981 482 λαϐών·
3031 427 3234 480 ἔστιδὲ
3276 427 3476 497 μᾶλλον
3517 426 3575 478 ἓν
3626 445 3691 495 γε

396 582 401 585 λ
449 538 553 591 est,
592 523 745 594 quasi
775 520 921 575 aliud
974 518 1230 588 quiddam
1286 530 1316 570 a
1368 530 1427 572 se
1475 515 1772 582 diversum,
1812 516 2015 571 intelli-

447 617 651 688 gendus
682 619 764 667 est
787 628 805 664 :
842 609 1140 679 sedrpotius
1168 607 1245 662 illi
1295 622 1363 662 ex
1405 607 1517 662 Deo
1568 608 1751 676 genito
1786 606 1963 662 Verbo
1995 644 2012 671 .

445 709 536 776 qui
583 702 878 759 secundum
924 714 1039 754 sua:
1088 705 1295 751 natura:
1344 696 1587 751 rationes
1635 693 1917 750 nobiscum
1959 694 2014 749 in

446 795 691 851 eumdem
722 806 943 848 censum
987 787 1181 843 referri
1210 801 1316 841 non
1364 795 1570 855 potest,
1623 785 1880 841 convenit
1913 785 2015 839 hu-

447 902 619 942 manae
651 886 843 937 animae
866 891 922 937 et
960 880 1205 949 corporis
1246 881 1640 935 fraternitatem
1673 872 1805 948 qua‘
1826 877 2014 933 nobis-

435 995 565 1033 cum
590 957 866 1047 jungatur,
899 972 1195 1041 accepisse.
1235 971 1300 1025 Et
1333 970 1461 1026 huic
1492 980 1692 1025 nostra:
1731 970 2015 1026 sententia:

441 1081 559 1123 .tum
606 1069 721 1137 ipsa
754 1065 1002 1120 veritatis
1056 1062 1197 1116 ratio
1236 1061 1647 1143 patrocinatur,
1701 1069 1812 1115 tum
1846 1062 2013 1117 etiam

446 1164 665 1228 integra:
698 1156 820 1211 ﬁdei
852 1153 1093 1208 traditio.
1135 1151 1360 1206 Constat
1391 1164 1522 1220 ergo
1555 1149 1808 1208 informa
1837 1151 1930 1205 Dei
1956 1158 2012 1206 et

443 1252 620 1307 Patris
650 1250 814 1303 Deum
843 1245 1076 1301 Verbum
1100 1241 1325 1298 fratrem
1357 1242 1515 1297 nobis
1542 1241 1743 1296 factum
1770 1256 1893 1297 esse
1916 1256 2014 1310 per

446 1342 652 1406 omnia,
685 1340 937 1394 humanae
966 1335 1159 1388 animae
1185 1342 1239 1387 et
1258 1331 1506 1401 corporis
1528 1330 1874 1385 fraternitate
1888 1346 2011 1385 sus-

444 1444 601 1502 cepta
655 1444 831 1498 neque
876 1425 1135 1481 mentitur
1179 1436 1301 1477 cum
1351 1422 1429 1476 ait
1473 1435 1485 1471 :
1527 1439 1546 1473 ‹
1587 1420 1684 1488 Qui
1728 1420 1862 1474 vidit
1905 1435 2012 1489 me,

444 1523 577 1578 vidit
610 1530 664 1575 et
687 1520 926 1573 Patrem.
965 1533 985 1567 ι
1016 1513 1150 1567 Nam
1183 1512 1227 1567 si
1257 1511 1379 1579 quis
1410 1519 1657 1565 nostrum
1686 1509 1752 1564 ad
1772 1523 1893 1564 eam
1923 1525 2014 1565 us-

444 1629 550 1684 que
576 1610 961 1678 cogitationum
986 1603 1314 1659 dementiam
1341 1602 1524 1670 lapsus
1545 1609 1714 1667 esset,
1759 1608 1818 1654 ut
1850 1609 2006 1669 puta-

444 1718 526 1761 ret
553 1707 716 1759 etiam
750 1701 925 1769 ipsum
959 1696 1124 1767 quiin
1151 1694 1306 1750 cer-lis
1356 1701 1440 1747 est
1484 1692 1700 1747 Patrem
1735 1706 1801 1745 ac
1836 1690 2008 1746 Deum

443 1812 507 1850 eo
541 1767 920 1861 dejiciett‘dutn,
958 1796 1016 1841 ut
1061 1785 1283 1859 omnino
1314 1791 1556 1837 nostram
1597 1780 2011 1836 similitudinem
2045 1767 2086 1823 Β

444 1889 661 1949 habeat,
716 1893 1033 1951 corpoream
1075 1876 1356 1940 nimirum,
1404 1882 1550 1927 recte
1595 1878 1888 1940 metueret,
1920 1884 2009 1939 ne,

444 1981 569 2033 dum
604 1976 853 2031 Christus
885 1969 1057 2025 dicit:
1091 1985 1110 2018 ι
1165 1966 1267 2032 Qui
1313 1964 1449 2019 vidit
1484 1978 1593 2030 me,
1651 1963 1785 2017 vidit
1808 1971 1864 2016 et
1906 1961 2012 2016 Pa-

448 2082 607 2134 trem,
646 2085 665 2120 ι
703 2066 877 2135 ipsum
930 2072 1147 2130 quoque
1195 2071 1266 2112 es
1308 2070 1416 2124 quo
1468 2063 1553 2110 est
1594 2054 1774 2123 specie
1825 2062 2013 2108 nostra

445 2177 565 2219 esse
595 2170 650 2214 et
676 2157 876 2227 ﬁguras
920 2149 1167 2221 corporis
1214 2148 1416 2202 habere
1464 2144 1856 2215 suspicaretur.
1903 2141 2015 2197 Sed

445 2257 568 2324 quia
609 2252 775 2307 etiam
812 2246 982 2303 Filius
1021 2241 1256 2298 hominis
1281 2237 1488 2302 Iactus,
1545 2238 1649 2291 hoc
1692 2235 1834 2306 quod
1869 2235 2012 2290 Deus

443 2352 560 2399 erat
588 2340 846 2401 servavit,
877 2347 932 2391 et
965 2349 1073 2388 sua:
1097 2341 1302 2385 natura:
1331 2327 1787 2397 pulchritudinem
1817 2326 2015 2381 immu-

448 2434 665 2489 tabilem
699 2429 913 2489 retinet,
946 2423 1094 2478 nullo
1124 2421 1282 2475 modo
1329 2420 1559 2472 verebor
1606 2419 1811 2482 dicere,
1858 2417 2014 2471 illum

446 2540 567 2582 esse
595 2522 761 2577 etiam
791 2516 1025 2574 similem
1054 2512 1211 2566 nobis
1239 2523 1355 2578 qua,
1374 2508 1536 2561 homo
1557 2519 1663 2571 est,
1706 2515 1765 2560 ut
1788 2521 1887 2562 nos
1915 2522 2010 2560 su-

448 2632 568 2672 mus
604 2628 672 2667 ex
703 2611 882 2665 anima
908 2602 1070 2661 simul
1117 2614 1172 2658 ct
1220 2613 1470 2669 corpore,
1523 2597 1770 2666 quamvis
1821 2606 2016 2651 natura

446 2710 519 2762 sit
561 2707 722 2771 Deus,
767 2712 822 2757 et
846 2702 1019 2772 ﬁgura
1058 2700 1380 2755 substantia:
1412 2697 1690 2754 Genitoris
1738 2696 1808 2750 ‘°.
1864 2694 2016 2750 Unus

447 2801 615 2869 igitur
648 2798 897 2863 idemque
927 2792 1119 2848 similis
1150 2802 1233 2845 est
1264 2790 1522 2855 fratribus
1557 2788 1859 2844 secundum
1891 2802 2015 2841 car-

448 2904 569 2944 nem
595 2898 646 2942 et
678 2887 732 2941 in
772 2900 866 2940 sua
904 2893 1096 2939 natura
1121 2897 1224 2951 qua
1257 2882 1398 2936 Deus
1415 2889 1535 2944 est,
1586 2880 1761 2949 ipsum
1802 2892 2019 2948 quoque

446 2979 664 3035 Patrem
710 2977 969 3032 ostendit.
1024 2973 1123 3027 llic
1180 2987 1310 3027 vero
1357 2973 1409 3026 id
1453 2986 1560 3027 non
1614 2970 1865 3040 intelligit
1911 2967 2018 3024 ullo

450 3074 654 3135 modo,
715 3069 810 3123 sed
861 3078 1063 3121 rectam
1113 3076 1411 3132 puramque
1459 3060 1702 3131 mysterii
1753 3059 2017 3115 rationem
2044 3091 2091 3149 ε

448 3164 785 3223 adulterans,
822 3159 987 3213 alium
1011 3156 1167 3210 nobis
1198 3163 1253 3208 et
1284 3153 1449 3206 alium
1480 3153 1686 3205 inducit
1711 3150 2017 3215 Christum,

451 3266 506 3312 et
545 3254 894 3309 Judaicorum
942 3248 1231 3303 criminum
1278 3245 1489 3312 laqueis
1524 3253 1739 3312 captus,
1784 3242 1877 3296 ubi
1926 3231 2021 3305 sit,

449 3351 507 3397 et
535 3354 642 3409 quo
685 3336 953 3391 malorum
988 3334 1199 3386 venerit
1234 3332 1455 3386 minime
1486 3331 1672 3386 sentit.
1712 3330 2024 3387 Audiebant

453 3433 597 3486 enim
622 3428 714 3499 qui
749 3428 1035 3494 degenere
1068 3418 1235 3476 Israel
1260 3430 1444 3486 erant,
1474 3422 1641 3475 Deum
1689 3422 2022 3477 clamantem

451 3539 549 3595 per
574 3521 861 3591 quemdam
918 3524 1229 3571 sanctorum
1266 3514 1653 3583 prophetarum
1712 3514 1781 3569 de
1808 3514 2027 3569 Emma-

454 3615 581 3671 nuel
614 3628 628 3664 :
665 3629 686 3663 ι
721 3610 790 3664 Ει
830 3618 917 3672 ιιι,
960 3605 1272 3659 Bethlehem
1324 3605 1516 3659 domus
1561 3603 1877 3674 Ephra‘tha,
1927 3604 2030 3659 mi-

454 3710 602 3763 nima
649 3718 710 3759 es
759 3706 812 3757 in
865 3700 1103 3754 millibus
1147 3697 1281 3751 Juda
1317 3713 1333 3750 :
1369 3710 1436 3750 ex
1474 3705 1527 3750 te
1570 3696 1701 3750 mihi
1757 3696 1928 3750 exibit
1972 3705 2065 3750 ut-

456 3799 528 3854 sit
561 3798 811 3866 princeps
840 3792 892 3846 in
922 3787 1108 3852 Israel,
1143 3797 1196 3842 et
1223 3787 1402 3841 exitus
1448 3786 1564 3855 ejus
1601 3800 1630 3838 a
1662 3784 1929 3855 principio
1959 3798 2028 3839 ex

455 3890 652 3945 diebus
680 3883 1003 3940 aeternitatis
1035 3879 1102 3934 ".
1139 3897 1159 3932 ι
1195 3878 1261 3932 Et
1279 3892 1508 3932 rursus:
1544 3893 1563 3928 ι
1605 3876 2028 3932 Generationcm

453 3980 574 4048 ejus
616 3977 739 4047 quis
783 3970 1104 4027 enarrabit?
1149 3970 1275 4039 quia
1330 3966 1538 4023 tollitur
1592 3967 1657 4023 de
1719 3976 1864 4022 terra
1913 3966 2029 4021 vita

457 4072 573 4141 ejus
600 4070 667 4122 ³⁸.
693 4089 712 4120 ι
753 4066 951 4119 Deinde
979 4078 1101 4117 eum
1150 4074 1377 4130 prorsus
1410 4059 1559 4114 nullo
1610 4058 1772 4114 modo
1826 4069 2031 4128 myste-

457 4167 598 4219 rium
650 4160 1061 4227 intelligerent,
1115 4166 1291 4220 neque
1333 4152 1538 4206 scirent
1567 4150 1743 4218 illum,
1780 4150 2030 4219 quamvis

459 4253 602 4307 Deus
620 4257 765 4304 esset
796 4262 863 4299 ex
881 4255 1072 4298 natura
1097 4252 1153 4297 et
1176 4242 1540 4297 subsistentia
1562 4255 1674 4295 sure
1701 4240 1919 4295 initium
1945 4242 2031 4296 itt-

2115 517 2195 587 τῷ
2228 514 2368 572 εἶναι
2394 516 2539 571 τοῦθ’
2561 518 2698 588 ὅπερ
2724 517 2893 571 ἐστίν.
2938 517 3146 572 Οὑκοῦν
3173 519 3274 571 οὑκ
3300 516 3587 588 ἄνθρωπὸς
3611 534 3692 580 τις

2116 610 2401 681 ὑπάρχων,
2445 610 2534 673 ’ὡς
2587 609 2774 681 ἕτερόν
2819 627 2873 664 τι
2926 611 3052 680 παρ’
3105 596 3323 676 ἑαυτὸν,
3390 608 3576 663 λαϐεῖν
3626 609 3691 661 ἂν

2115 703 2286 754 νοοῖτο
2310 700 2370 753 τὸ
2401 697 2538 754 εἶναι
2567 701 2595 754 ὅ
2623 701 2739 754 ἐστι
2765 719 2778 732 ι
2828 702 3027 772 πρέποι
3066 701 3110 755 δ’
3159 702 3223 754 ἂν
3277 702 3478 772 μᾶλλον
3507 702 3586 772 τῷ
3623 705 3692 756 ὲκ

2115 788 2249 843 Θεοῦ
2274 789 2430 858 φύντι
2450 789 2628 860 Λόγῳ,
2662 790 2724 843 τὸ
2756 790 3298 861 ἀσύντακτονέχοντι
3345 790 3482 861 πρὸς
3520 792 3691 860 ἡμᾶς,

2115 881 2259 935 κατά
2292 898 2356 950 γε
2382 882 2508 944 τοὺς
2540 882 2640 953 τῆς
2690 882 2826 945 ἰδίας
2858 882 3071 952 φύσεως
3114 882 3326 950 λόγους,
3372 881 3552 951 ψυχῆς
3599 883 3695 934 ἀν-

2117 969 2399 1041 θρωπίνης
2443 972 2538 1025 καὶ
2568 970 2819 1041 σώματος
2861 971 2960 1042 τὴν
2992 971 3128 1043 πρὸς
3168 973 3316 1041 ἡμᾶς
3362 971 3694 1040 ἀδελφότητα

2116 1060 2322 1117 λαϐεῖν.
2350 1062 2461 1114 Καὶ
2486 1063 2620 1133 πρός
2652 1079 2716 1130 γε
2753 1062 2910 1115 τοῦτο
2933 1063 3063 1134 ἡμῖν
3092 1063 3121 1114 ὁ
3152 1062 3267 1132 τῆςρ
3290 1062 3545 1133 ἀληθείας
3590 1063 3693 1115 ὲπο

2115 1156 2425 1221 αγωνιεῖται
2441 1153 2728 1221 λόγος,καὶ
2754 1155 2851 1224 τῆς
2872 1154 3171 1225 ἀμωμήτου
3197 1155 3430 1217 πίστεως
3457 1157 3490 1224 ἡ
3516 1155 3693 1226 παρά-

2115 1246 2280 1309 δοσις.
2318 1248 2558 1317 Ἀραρεν
2591 1243 2683 1301 οὖν
2711 1247 2794 1300 ὅτι
2830 1249 2887 1300 ὲν
2922 1249 3103 1318 μορφῇ
3146 1246 3239 1300 τοῦ
3274 1247 3408 1300 Θεοῦ
3458 1247 3551 1300 καὶ
3586 1248 3695 1300 [Ia-

2114 1338 2262 1408 τρὸς,
2289 1338 2421 1402 Θεὸς
2454 1339 2627 1407 Λόγος
2667 1339 2894 1408 ἀδελφὸς
2926 1342 3059 1410 ἡμῖν
3098 1341 3242 1394 κατὰ
3272 1341 3449 1395 πάντα
3482 1340 3693 1409 γέγονε,

2113 1427 2291 1497 ψυχῆς
2332 1428 2681 1499 ἀνθρωπίνης
2712 1430 2807 1483 καὶ
2849 1428 3099 1499 σώματος
3129 1430 3463 1501 ἀδελφότητα
3491 1430 3692 1497 λαϐὼν,

2115 1517 2213 1569 καὶ
2255 1517 2354 1570 οὑκ
2405 1518 2472 1572 ἂν
2509 1518 2859 1582 διαψεύσαιτο
2906 1518 3101 1587 λέγων,
3148 1537 3167 1571 ι
3191 1521 3248 1573 '0
3283 1521 3541 1590 ἑωρακὼς
3573 1522 3694 1591 ἐμὲ,

2116 1606 2329 1681 ἑώρακε
2357 1609 2449 1664 τὸν
2487 1609 2727 1680 Πατέρα.
2751 1629 2770 1661 ι
2823 1611 2887 1663 Ei
2932 1611 3030 1681 μὲν
3057 1609 3165 1680 γάρ
3191 1628 3274 1674 τις
3308 1611 3416 1665 τῶν
3445 1613 3503 1664 ὲν
3543 1607 3694 1681 ἡμῖν,

2117 1700 2361 1770 ἀμαθίας
2407 1703 2487 1765 είς
2525 1701 2684 1755 τοῦτο
2713 1701 3049 1758 κατώλισθεν
3087 1702 3326 1769 ἐννοιῶν,
3373 1705 3450 1767 ὡς
3492 1705 3701 1758 οἴεσθαι

2115 1793 2209 1846 καὶ
2232 1793 2391 1846 αὑτὸν
2412 1793 2504 1847 τὸν
2533 1780 2591 1848 ἐν
2616 1796 2729 1857 τοῖς
2751 1795 2998 1864 οὐρανοῖς
3024 1794 3240 1865 Πατέρα
3261 1795 3355 1848 καὶ
3380 1794 3512 1849 Θεὸν
3533 1812 3703 1849 κατα-

2114 1883 2436 1953 κομίζεσθαι
2488 1886 2621 1953 δεῖν,
2663 1886 2743 1949 εἷς
2782 1902 2847 1955 γε
2895 1885 2955 1939 τὸ
2989 1887 3206 1957 χρῆναι,
3252 1888 3418 1958 φημὶ,
3450 1887 3549 1957 τὴν
3577 1887 3702 1942 καθ’

2114 1976 2262 2045 ἡμᾶς
2286 1977 2542 2046 ὁμοίωσιν
2586 1977 2753 2049 ἔχειν,
2799 1978 2959 2048 δῆλον
2986 1978 3044 2032 δὲ
3078 1979 3160 2032 ὅτι
3211 1980 3310 2048 τὴν
3354 1981 3699 2051 σωματικὴν,

2114 2066 2292 2138 ὀρθῶς
2335 2069 2546 2134 ἐδεδίει,
2600 2070 2675 2140 μὴ
2722 2071 2830 2140 ἄρα
2874 2087 2975 2123 που
3025 2068 3274 2138 λέγοντος
3314 2070 3408 2123 τοῦ
3443 2071 3705 2141 Χριστοῦ,

2118 2176 2140 2223 ι
2181 2158 2240 2210 '0
2264 2158 2528 2230 ἑωρακὼς
2566 2160 2685 2230 ἐμὲ,
2718 2158 2929 2230 ἑώρακε
2955 2159 3045 2213 τὸν
3078 2161 3322 2232 Πατέρα,
3353 2180 3372 2214 ›
3417 2165 3511 2215 καὶ
3535 2164 3703 2217 αὑτὸν
3756 2214 3761 2217 .

2116 2249 2481 2320 ὑποτοπήσειε
2506 2250 2596 2303 τὸν
2625 2251 2683 2317 ἐξ
2721 2244 2892 2322 οὗπέρ
2920 2252 3088 2315 ἐστιν,
3123 2252 3181 2305 ὲν
3215 2252 3342 2305 εῖδει
3371 2269 3428 2305 τε
3450 2249 3586 2307 εἶναι
3623 2253 3707 2323 τῷ

2115 2339 2237 2393 καθ’
2272 2342 2440 2412 ἡμᾶς,
2491 2341 2585 2395 καὶ
2630 2343 2688 2394 ὲν
2729 2344 2842 2405 τοῖς
2889 2342 3033 2395 κατὰ
3066 2341 3227 2411 σῶμα
3278 2346 3705 2412 σχηματισμοῖς.

2128 2431 2347 2503 Ἐπειδὴ
2397 2432 2455 2485 δὲ
2497 2433 2592 2485 καὶ
2640 2432 2767 2496 Υἱὸς
2820 2431 3110 2499 ἀνθρώπου
3139 2431 3397 2500 γεγονὼς,
3452 2433 3513 2485 τὸ
3564 2430 3707 2486 εἶναι

2116 2524 2249 2587 Θεὸς
2299 2523 2613 2588 διεσώσατο,
2665 2523 2857 2576 καὶτὸ
2906 2523 3007 2594 τῆς
3050 2525 3190 2589 ίδὶας
3245 2526 3456 2593 φύσεως
3507 2524 3703 2587 κάλλος

2116 2615 2537 2685 ἀπαραποίητον
2560 2616 2695 2684 ἔχει,
2720 2615 3119 2683 κατοκνήσαιμ’
3142 2615 3208 2668 ἂν
3230 2613 3476 2684 οὐδαμῶς
3500 2615 3701 2677 εἰπεῖν,

2118 2704 2201 2757 ὅτι
2235 2704 2330 2757 καὶ
2361 2704 2463 2774 τὴν
2497 2704 2634 2774 πρὸς
2672 2704 2822 2773 ἡμᾶς
2859 2704 3112 2773 ὁμοίωσιν
3154 2703 3288 2773 ἔχει,
3340 2704 3483 2757 κατά
3529 2721 3591 2772 γε
3644 2706 3707 2758 τὸ

2119 2792 2259 2848 εἶναι
2285 2794 2406 2847 καθ’
2440 2796 2587 2865 ἡμᾶς
2613 2794 2918 2863 ἄνθρωπος,
2945 2797 2973 2848 ὁ
3004 2798 3067 2848 ἐκ
3094 2786 3273 2865 ψυχῆς
3304 2796 3397 2848 καὶ
3423 2795 3704 2865 σώματος,

2120 2886 2299 2940 καίτοι
2330 2886 2460 2949 Θεὸς
2491 2885 2567 2939 ὢν
2592 2886 2751 2954 φύσει
2781 2885 2877 2939 καὶ
2913 2884 3199 2956 χαρακτὴρ
3227 2889 3327 2957 τῆς
3349 2887 3709 2950 ὑποστάσεως

2120 2976 2214 3031 τοῦ
2245 2975 2655 3046 γεγεννηκότος,
2691 2970 2784 3038 Εἷς
2815 2971 2908 3028 οὖν
2955 2974 3064 3046 ἄρα
3108 2977 3204 3028 καὶ
3241 2978 3268 3028 ὁ
3299 2976 3481 3039 αὑτὸς,
3525 2993 3708 3048 παρα-

2126 3068 2356 3139 πλήσιος
2386 3068 2485 3136 μὲν
2510 3069 2625 3130 τοῖς
2652 3065 2900 3136 ἀδελφοῖς
2936 3065 3076 3119 κατὰ
3111 3065 3312 3136 σάρκα,
3345 3065 3607 3120 δεικνύων
3650 3066 3709 3119 δὲ

2126 3161 2221 3214 καὶ
2236 3160 2397 3214 αὑτὸν
2413 3161 2472 3213 ὲν
2492 3160 2599 3231 ἰδίᾳ
2619 3159 2779 3229 φύσει
2802 3159 2895 3212 τὸν
2920 3158 3240 3227 Γεννήτορα,
3261 3157 3403 3211 κατά
3423 3173 3513 3225 γε,
3539 3174 3611 3227 φη
3621 3157 3708 3227 μὶ,

2131 3252 2193 3306 τὸ
2237 3233 2375 3306 εἶναι
2417 3251 2578 3314 Θεός·
2616 3252 2645 3303 ὁ
2682 3250 2739 3304 δὲ
2780 3249 2940 3303 τοῦτο
2993 3249 3091 3320 μὲν
3141 3248 3202 3300 οὑ
3256 3248 3470 3318 συνίησι
3498 3247 3664 3301 ποθεν
3688 3262 3709 3278 ⁸

2135 3342 2652 3414 παρασημαίνωννδὲ
2681 3340 2872 3411 ὥσπερ
2892 3341 2981 3395 τὸν
3006 3340 3182 3413 ὀρθῶς
3204 3357 3264 3393 τε
3290 3341 3382 3394 καὶ
3406 3338 3713 3410 ἀκιὸδὴλως

2127 3439 2320 3507 ἔχοντα
2345 3435 2439 3489 τοῦ
2477 3434 2776 3506 μυστηρίου
2809 3432 2988 3502 λόγον,
3023 3434 3211 3502 ἕτερον
3237 3433 3368 3502 ἡμῖν
3394 3432 3490 3485 καὶ
3523 3430 3712 3501 ἕτερον

2120 3526 2434 3599 εἰσκομίζει
2463 3527 2698 3597 Χριστόν
2721 3541 2735 3555 ’
2762 3527 2865 3579 καὶ
2893 3527 3005 3587 τοῖς
3039 3523 3345 3586 Ἰουδαϊκοῖς
3367 3522 3714 3593 ἐγκλήμασιν

2128 3619 2388 3682 ὲναλοὺς,
2433 3618 2554 3671 οὑδὲ
2607 3616 2837 3687 ὅποιπερ
2898 3618 3044 3680 ἐστι,
3093 3615 3188 3668 καὶ
3249 3614 3315 3668 ἵν’
3363 3615 3487 3684 ἥκει
3523 3612 3715 3666 κακῶν

2126 3710 2464 3765 αἰσθάνεται.
2507 3710 2741 3763 Ἤκουον
2762 3708 2858 3778 μὲν
2904 3706 3013 3778 γάρ
3052 3708 3100 3759 οἱ
3136 3706 3194 3773 ἐξ
3212 3706 3441 3775 αἵματος
3473 3703 3713 3774 Ἰσραὴλ,

2124 3802 2267 3856 Θεοῦ
2307 3800 2727 3872 διακεκραγότος
2772 3799 2840 3852 δι’
2884 3798 3004 3861 ἑνὸς
3043 3798 3153 3850 τῶν
3192 3798 3364 3866 ἁγίων
3415 3795 3716 3866 προφητῶν

2132 3896 2260 3964 περὶ
2284 3890 2379 3946 τοῦ
2427 3890 2773 3962 Ἐμμανουήλ
2794 3906 2807 3920 ·
2845 3909 2865 3942 ι
2892 3889 3003 3943 Καὶ
3023 3889 3111 3953 σὺ,
3142 3887 3407 3958 Βηθλεὲμ,
3442 3884 3587 3948 οἶκος
3613 3886 3717 3940 τοῦ

2142 3981 2411 4053 Ἐφραθᾶ,
2442 3980 2719 4048 ὀλιγοστὸς
2747 3974 2798 4031 εἴ
2835 3978 2927 4032 τοῦ
2958 3971 3099 4030 εἶναι
3134 3978 3191 4029 ὲν
3221 3976 3455 4046 χιλιάσιν
3496 3975 3671 4029 Ἰούδα
3696 3992 3715 4008 ο
3774 4048 3781 4054 _

2132 4076 2197 4129 ὲκ
2226 4073 2321 4128 σοῦ
2352 4091 2443 4144 μοι
2477 4071 2819 4137 ἐξελεύσεται
2861 4068 2955 4123 τοῦ
2989 4065 3128 4122 εἶναι
3168 4070 3250 4130 είς
3277 4067 3514 4138 ἄρχοντα
3546 4067 3603 4118 ὲν
3632 4064 3717 4134 τῷ

2145 4167 2394 4239 Ἰσραήλ’
2441 4165 2539 4220 καὶ
2575 4165 2634 4219 αἱ
2663 4163 2830 4230 ἔξοδοι
2864 4161 3028 4215 αὑτοῦ
3074 4161 3170 4214 ἀπ’
3200 4162 3374 4230 ἀρχῆς
3403 4159 3461 4226 ἐξ
3490 4157 3717 4229 ἡμερῶν

2133 4259 2346 4322 αἰῶνος.
2362 4277 2380 4311 ι
2397 4258 2509 4311 Kal.
2526 4256 2706 4311 πάλινο
2727 4274 2746 4307 ι
2759 4254 2868 4325 Τὴν
2888 4252 3078 4321 γενεὰν
3101 4250 3265 4305 αὑτοῦ
3282 4250 3363 4313 τίς
3375 4251 3716 4321 διηγήσεται;

460 4342 570 4413 79
604 4338 811 4393 visibile
833 4344 888 4389 et
921 4332 1463 4401 incomprehensibile
1483 4331 1731 4398 haberet,
1774 4341 2021 4387 vocatum

2135 4352 2216 4407 ’ότι
2247 4352 2460 4422 αἴρεται
2484 4349 2593 4403 ἀπὸ
2616 4348 2715 4418 τῆς
2732 4349 2836 4418 γῆς
2859 4343 3021 4416 ὴξωὴ
3037 4344 3256 4398 αὑτοῦ.»
3283 4337 3415 4394 Εἶτα
3441 4340 3716 4401 συνιέντες

460 4450 580 4488 esse
608 4439 788 4484 tamen
815 4424 1240 4487 Bethleemitam,
1276 4431 1458 4491 utpote
1491 4436 1555 4476 ex
1583 4421 1768 4477 radice
1790 4420 1943 4478 Jesse
1968 4436 2021 4478 at

2140 4420 2393 4514 οὐδαμῶς
2420 4441 2483 4494 τὸ
2516 4440 2832 4512 μυστήριον,
2872 4434 2998 4489 οὕτε
3040 4434 3147 4506 μὴν
3177 4433 3376 4497 ειδότες
3404 4433 3486 4485 ὅτι
3535 4431 3716 4484 καίτοι

462 4524 712 4590 David“,
738 4521 810 4575 ibi
825 4517 1119 4573 secundum
1140 4527 1359 4569 carnem
1374 4514 1640 4582 genitum,
1657 4513 1798 4568 inter
1820 4528 1880 4570 se
1895 4513 2021 4570 dice

2138 4513 2374 4594 856:6»;
2404 4529 2583 4599 φύσει,
2635 4529 2732 4581 καὶ
2777 4526 2875 4597 τῆς
2914 4523 3201 4596 ὑπάρξεως
3240 4522 3340 4593 τὴν
3378 4521 3554 4592 ἀρχὴν
3607 4520 3719 4573 ἄπ-

465 4621 595 4674 bant
622 4634 636 4671 :
666 4635 685 4669 ‹
728 4611 920 4668 Nonne
944 4610 1033 4665 hic
1057 4615 1137 4664 est
1168 4621 1328 4677 quem
1355 4607 1671 4674 quaerebant
1703 4605 2021 4661 interﬁcere?

2142 4622 2310 4676 οπτόν
2339 4638 2399 4674 τε
2430 4602 2523 4673 καὶ
2564 4617 2949 4686 ἀκατάληπτον
2990 4615 3150 4686 ἔχων,
3180 4613 3559 4683 κέχρημάτικε
3607 4609 3719 4679 Βη-

464 4710 608 4767 Ecce
631 4709 803 4777 palam
856 4702 1114 4771 loquitur,
1143 4708 1201 4754 et
1251 4697 1385 4769 nihil
1439 4697 1493 4752 ei
1537 4697 1763 4751 dicunt:
1798 4697 2021 4767 nunquit

2143 4714 2457 4782 θλεεμίτης,
2491 4710 2565 4774 ὡς
2596 4711 2660 4762 ὲκ
2690 4708 2849 4780 ῥίζης
2888 4707 3085 4760 Ἰεσσαὶ
3117 4706 3210 4758 καὶ
3235 4701 3420 4766 Δαὸὶδ,
3444 4703 3559 4755 ἐκεῖ
3589 4716 3719 4769 γεν-

466 4794 1121 4875 ceguuveruntprincipes
1147 4791 1277 4860 quia
1317 4790 1408 4846 hic
1463 4800 1548 4844 est
1591 4788 1888 4844 Christus?
1933 4787 2021 4844 Set

2143 4796 2326 4875 νησεὶς
2351 4803 2492 4857 κατὰ
2536 4802 2733 4873 σάρκα,
2765 4798 2899 4870 πρὸς
2929 4795 3193 4867 ἀλλήλους
3233 4794 3471 4863 ἔφασκον
3492 4808 3507 4822 ’
3544 4811 3564 4843 r
3605 4791 3724 4861 Οὑχ

470 4901 613 4953 hunc
636 4894 840 4949 scimus
862 4887 1001 4942 unde
1018 4888 1123 4939 sit:
1157 4883 1412 4939 Christus
1441 4890 1620 4937 autem
1651 4895 1776 4936 cum
1799 4882 2013 4936 venerit

2149 4892 2305 4960 οὗτός
2361 4896 2510 4949 ἐστιν
2547 4894 2606 4947 δν
2671 4891 2923 4963 ζητοῦσιν
2967 4889 3322 4951 ἀποκτεῖναι;
3361 4885 3466 4938 Ἴδε
3507 4885 3727 4954 παρρη-

472 4988 749 5046 nemoscit
782 4980 923 5038 unde
950 4979 1021 5036 sit
1042 4978 1110 5031 ³¹.
1145 4995 1166 5030 ι
1214 4975 1517 5031 Audiebant
1569 4975 1740 5038 enim,
1795 4983 1855 5029 ut
1900 4971 2021 5038 dixi,

2148 4990 2239 5062 σία
2276 4987 2451 5055 λαλεῖ,
2489 4984 2581 5039 καὶ
2612 4982 2765 5037 οὐδὲν
2812 4980 2960 5050 αὑτῷ
2989 4980 3206 5047 λέγουσι
3232 4993 3245 5007 ’
3272 4978 3355 5048 ,μή
3390 4991 3520 5029 ποτε
3551 4973 3720 5040 ἔγνωο

473 5082 789 5151 prephetam
820 5076 1004 5129 dicere
1045 5068 1332 5141 perspicue
1364 5084 1378 5120 :
1419 5085 1438 5119 ι
1466 5066 1886 5122 Generationem
1918 5064 2021 5134 ejus

2146 5061 2246 5135 σαν
2288 5082 2338 5134 ei
2382 5080 2661 5150 ἄρχοντες,
2696 5076 2778 5128 ὅτι
2809 5067 2961 5135 οὗτός
2993 5073 3140 5124 ἐστιν
3183 5071 3212 5123 ὁ
3238 5067 3504 5138 Χριστός;
3562 5061 3730 5117 Ἀ).λᾶ

476 5171 599 5241 quis
640 5164 964 5224 enarrabit?
997 5181 1016 5215 ι
1052 5170 1128 5228 et,
1181 5159 1326 5229 quod
1390 5159 1592 5222 exitus,
1632 5158 1810 5225 idest,
1839 5169 2021 5212 essen-

2140 5175 2326 5227 τοῦτον
2352 5172 2573 5241 οἴδαμεν
2596 5167 2759 5222 πόθεν
2786 5166 2932 5219 ἐστίν
2952 5179 2966 5193 ⁸
2998 5165 3027 5217 ὁ
3055 5163 3113 5217 δὲ
3135 5161 3368 5232 Χριστὸς
3397 5160 3528 5212 ὅταν
3558 5157 3730 5227 ἐρχηο

477 5285 565 5337 tiae
601 5280 808 5335 initium
835 5288 961 5333 ante
987 5274 1169 5331 omnia
1221 5269 1417 5327 Saecula
1467 5269 1710 5324 haberet.
1754 5266 1871 5322 Jam
1913 5282 2021 5323 veri

2138 5279 2250 5327 ται,
2277 5260 2451 5323 οὐδεὶς
2486 5257 2744 5327 γινώσκει
2779 5254 2941 5309 πόθεν
2964 5252 3130 5307 ἐστίν.
3156 5271 3178 5303 ι
3207 5252 3443 5304 Ἤκουον
3474 5248 3604 5319 γάρ,
3651 5247 3731 5309 ὡς

473 5381 708 5444 quantus
734 5369 898 5422 fuerit
916 5366 1220 5422 Judaeorum
1247 5374 1456 5433 stupor,
1491 5376 1702 5416 rursum
1731 5361 2021 5415 considere:

2140 5352 2298 5422 ἔφην,
2336 5350 2431 5403 τοῦ
2472 5348 2751 5419 προφήτου
2801 5345 3050 5412 λέγοντος
3090 5341 3333 5413 ἐναργῶς
3356 5355 3372 5372 ·
3420 5361 3438 5393 ι
3480 5340 3592 5408 Τὴν
3628 5352 3730 5404 γε·

473 5426 658 5520 velim.
681 5461 815 5516 Cum
850 5461 993 5515 enim
1018 5457 1262 5512 dicerent
1288 5477 1302 5512 :
1338 5475 1356 5507 ι
1392 5454 1639 5510 Christus
1662 5466 1782 5507 cum
1810 5452 2017 5506 venerit

2146 5445 2272 5497 νεὰν
2294 5438 2456 5496 αὑτοῦ
2474 5438 2552 5501 τίς
2570 5438 2889 5507 διηγήσεται
2912 5449 2927 5498 ;
2951 5454 2970 5483 ν
2993 5433 3086 5486 καὶ
3108 5432 3191 5484 ὃτι
3218 5430 3317 5493 τὰς
3344 5428 3576 5494 ἐξόδους,
3605 5426 3734 5495 ἦτοι¹

479 5570 635 5613 nemo
656 5552 761 5610 scit
827 5551 968 5605 unde
1026 5549 1119 5612 sit,
1160 5566 1179 5599 ι
1216 5561 1401 5603 rursus
1450 5548 1590 5600 inter
1640 5558 1698 5599 se
1747 5543 2000 5598 dicebant

2147 5534 2246 5605 τὴν
2273 5531 2505 5602 ὓπαρξιν
2537 5530 2643 5598 πρὸ
2678 5524 2877 5586 παντὸς
2903 5522 3096 5585 αἰῶνος
3136 5520 3270 5591 ἔχει.
3303 5518 3495 5590 Ἀθρει
3535 5516 3599 5587 δή
3638 5531 3737 5585 μοι

1013 5726 1059 5758 ’δ’
1096 5725 1251 5780 Mich.
1280 5739 1330 5788 v,
1363 5722 1416 5779 2.
1491 5724 1538 5755 ⁸⁸
1570 5721 1671 5777 lsa.
1696 5738 1811 5787 Llll,
1835 5722 1889 5778 8.

2121 5732 2177 5771 .a.
2209 5731 2281 5793 χι,
2310 5717 2361 5769 l.
2438 5714 2483 5744 "
2519 5710 2675 5766 Joan.
2709 5723 2800 5777 vn,
2832 5705 3019 5761 25-27.

548 5735 593 5774 ι’
631 5732 794 5794 llcbr.
825 5747 860 5799 ι,
885 5732 919 5784 5
