4004 6202
356 361 450 416 HI

1451 357 1819 418 ADVERSUS
1852 351 2255 411 NESTORIUM
2299 353 2431 410 LIB.
2473 352 2562 407 111.

3508 352 3613 408 Ml

353 479 508 534 πάλιν
537 480 643 549 τῆς
688 479 975 534 Ἰουδαίων
1005 481 1407 553 ἐμϐροντησίας
1442 483 1502 536 τὸ
1532 481 1762 553 μέγεθος
1781 495 1795 508 ·
1833 478 1932 548 φά-

2048 496 2067 530 ι
2103 475 2201 532 llic
2222 485 2306 532 est
2337 490 2461 530 vere
2498 474 2757 544 propheta
2788 488 2802 526 :
2837 472 2927 528 alii
2958 485 3085 527 vero
3117 470 3390 541 dicebant,
3414 472 3609 541 inquit,

358 587 569 633 σκοντες
598 570 716 641 γάρ
741 588 758 604 ·
798 590 820 622 ι
870 572 930 624 ὐ
961 572 1196 643 Χριστὸς
1220 573 1349 626 ὅταν
1377 573 1621 645 ἔρχηται,
1649 571 1823 634 οὐδεὶς
1851 588 1937 639 γι·-

354 662 541 717 νώσκει
568 659 743 714 πόθεν
768 662 930 714 ἐστί’
968 681 990 713 ι
1031 663 1193 716 πάλιν
1236 663 1372 734 πρὸς
1413 663 1675 734 ἀλλήλους
1716 662 1936 731 ἔλεγον

362 773 382 805 ι
409 748 569 816 Οὗτός
599 753 758 805 ἐστιν
789 753 1015 823 ἀληθῶς
1051 754 1080 806 6
1113 755 1395 827 προφήτης
1419 773 1435 788 ο
1463 756 1612 810 ἄλλοι
1638 756 1696 809 δὲ
1731 754 1936 823 ἔλεγον,

355 847 527 915 φησιν,
556 845 640 897 ὅτι
670 844 866 907 Αὐτός
888 847 1037 899 ἐστιν
1063 846 1092 898 6
1129 847 1363 917 Χριστός
1383 863 1396 876 ⁸
1435 849 1483 901 οί
1518 847 1574 901 δὲ
1604 846 1809 917 ἔλεγον·
1844 846 1938 918 Μὴ

356 937 456 1006 γὰρ
499 937 563 988 ἐκ
606 937 710 1005 τῆς
761 936 1069 999 Γαλιλαίας
1116 939 1145 989 6
1175 938 1411 1006 Χριστὸς
1450 938 1702 1010 ἔρχεταις
1750 938 1870 1009 οὐχὶ
1903 939 1938 1009 η

359 1027 534 1095 Γραφὴ
576 1020 735 1079 εἶπεν
765 1026 861 1079 ὅτι
888 1028 953 1079 ἐκ
988 1026 1305 1098 σπέρματος
1343 1029 1528 1092 Δαϐὶδ,
1556 1030 1651 1083 καὶ
1694 1029 1801 1083 ἀπὸ
1834 1029 1940 1099 Βη-

363 1117 514 1186 θλεὲμ
539 1118 639 1186 τῆς
683 1115 917 1188 κώμης,
965 1118 1101 1171 ὅπου
1138 1114 1205 1190 ἦν
1234 1119 1418 1185 Δαϐὶδ,
1458 1121 1487 1173 6
1519 1120 1751 1192 Χριστὸς
1778 1120 1937 1191 ἔρχε-

366 1226 478 1274 ται;
515 1228 532 1260 ι
589 1210 757 1280 Ὁρᾷς
810 1205 913 1263 οὖν
959 1210 1108 1274 ὅπως
1156 1212 1249 1263 καὶ
1282 1212 1708 1282 καταμεθὺουσι,
1744 1213 1835 1267 καὶ
1876 1213 1938 1267 τὸ

371 1299 579 1370 ἂναρχον
610 1299 846 1363 θεῑκῶς,
880 1299 974 1352 καὶ
1007 1298 1105 1368 τὴν
1143 1302 1201 1353 ἐν
1238 1301 1416 1375 χρόνῳ
1458 1302 1709 1373 γέννησιν
1748 1319 1937 1373 σαρκιο

375 1391 465 1458 κῆν
493 1389 887 1459 ὁμολογοῦντες
924 1392 1123 1458 αὐτοῦς
1191 1393 1330 1446 Ἀλλ’
1377 1394 1479 1448 οὐκ
1520 1394 1587 1448 ἂν
1633 1397 1714 1458 είς
1765 1395 1938 1458 οὕτως

380 1481 620 1544 ἐκτύπους
661 1483 1071 1552 ἀπεκομίζοντο
1124 1483 1467 1548 δυσϐουλίας.
1529 1486 1685 1557 εἴπερ
1742 1486 1937 1557 ᾔδεσαν

375 1570 587 1641 ἀληθῶς,
620 1572 699 1626 ὅτι
736 1573 880 1635 Θεὸς
910 1572 987 1625 ὢν
1032 1576 1061 1626 6
1084 1575 1275 1643 Λόγος,
1304 1577 1368 1630 ἐκ
1403 1576 1559 1648 ῥίζης
1598 1577 1698 1648 τῆς
1741 1578 1937 1632 Ἰεσσαὶ⁵

377 1661 461 1713 καὶ
481 1660 652 1727 Δαΰὶδ,
688 1662 786 1714 καὶ
815 1662 918 1732 τῆς
941 1664 1104 1732 ἁγίας
1136 1665 1413 1736 Παρθένου
1436 1667 1704 1738 προῆλθεν
1730 1668 1938 1739 ἄνθρω-

381 1768 486 1817 πος,
528 1752 837 1822 ὠνόμασται
867 1754 926 1807 δὲ
972 1756 1069 1808 καὶ
1101 1756 1489 1828 Βηθλεεμίτης,
1522 1760 1551 1811 6
1598 1761 1702 1830 γῆς
1749 1776 1808 1813 τε
1844 1761 1939 1815 καὶ

2042 567 2140 623 llic
2180 576 2265 623 est
2308 567 2587 630 Christus;
2638 564 2725 629 alii
2765 563 3013 619 dicebant
3046 560 3225 618 :Num
3270 576 3339 617 ex
3393 562 3609 618 Galilaen

2040 659 2290 715 Christus
2328 656 2512 712 venit?
2537 668 2713 709 nonne
2753 654 3034 724 Scriptura
3073 654 3223 717 dicit,
3256 655 3396 722 quod
3432 667 3496 707 ex
3526 668 3610 708 se-

2039 750 2181 805 mine
2204 747 2368 804 David
2396 757 2448 804 et
2467 749 2532 802 de
2549 745 2863 801 Bethlehem
2890 745 3133 810 castello,
3167 745 3253 800 ubi
3278 752 3396 801 erat
3420 745 3608 808 David,

2039 841 2287 897 Christus
2316 839 2464 895 venit
2485 838 2645 892 5”“?
2672 856 2692 890 ι
2727 835 2886 892 Vides
2921 846 2979 890 ut
3009 835 3302 900 insaniunt,
3332 837 3460 891 dum
3490 836 3611 905 ejus

2041 943 2287 988 naturam
2320 932 2473 987 initio
2495 938 2790 994 carentem,
2821 927 2963 997 quod
2995 927 3063 982 ad
3096 926 3430 980 divinitatem
3478 928 3603 980 atti~

2039 1034 2151 1087 net,
2178 1034 2232 1078 et
2252 1022 2521 1078 carnalem
2548 1021 2602 1075 in
2634 1028 2875 1089 tempore
2898 1018 3298 1087 generationem
3343 1016 3612 1071 latenter?

2041 1115 2144 1171 Sed
2171 1129 2440 1185 nunquam
2475 1114 2527 1167 in
2559 1125 2665 1166 tam
2686 1110 2949 1165 absurdus
2972 1110 3289 1178 ineptasque
3312 1109 3610 1162 sententias

2038 1206 2253 1260 abducti
2270 1214 2471 1269 essent,
2496 1205 2540 1259 si
2574 1218 2698 1258 vere
2719 1202 3129 1265 intellexissent,
3152 1204 3322 1269 ipsum
3350 1198 3607 1260 Verbum,

2039 1310 2160 1349 cum
2207 1303 2351 1349 esset
2397 1295 2559 1357 Deus,
2600 1308 2664 1347 ex
2724 1291 2907 1347 radice
2932 1290 3088 1346 Iesse
3125 1299 3182 1344 et
3231 1289 3396 1344 David
3455 1298 3507 1343 et
3540 1304 3608 1343 ex

2038 1395 2228 1440 sancta
2276 1384 2495 1455 Virgine
2528 1384 2802 1439 hominem
2857 1382 3142 1452 prodiisse,
3174 1379 3609 1450 appellatumque

1972 1476 1982 1487 ’
2038 1493 2156 1532 esse
2190 1476 2593 1531 Bethleemitam
2623 1476 2798 1543 ipsum
2820 1484 2997 1540 terrm,
3021 1473 3144 1527 οωιί
3205 1474 3610 1527 universorum-

2037 1582 2141 1637 que
2157 1566 2465 1622 Dominum.
2493 1584 2511 1618 ι
2532 1565 2819 1621 Nobiscum
2847 1567 2991 1620 enim
3012 1564 3169 1620 simul
3195 1579 3394 1633 egenus
3419 1574 3503 1618 est
3531 1563 3610 1616 fa-

2037 1668 2180 1722 ctus,
2208 1673 2328 1712 cum
2356 1658 2507 1712 dives
2523 1665 2719 1722 esset,»
2743 1665 2801 1710 ut
2824 1656 3083 1725 scriptum
3102 1665 3185 1711 est
3204 1655 3269 1708 ".
3293 1653 3431 1721 Quid
3448 1654 3610 1723 igitur

2039 1748 2091 1802 in
2116 1746 2422 1823 Judasorum
2450 1762 2619 1817 nugas
2649 1756 2699 1801 te
2723 1749 2837 1815 ipse
2867 1745 3113 1815 conjieis,
3150 1754 3202 1801 et
3235 1762 3297 1801 ea
3329 1746 3497 1800 sentis
3546 1760 3610 1798 ac

382 1842 587 1912 οὐρανοῦ
637 1843 728 1896 καὶ
774 1844 885 1899 τῶν
934 1844 1073 1899 ὅλων
1104 1826 1470 1919 Δεσπότηςοτι
1522 1826 1932 1921 Συνετττώχευσε

2040 1837 2332 1905 dieis,qttae
2367 1850 2540 1906 neque
2565 1835 2742 1903 eloqui
2771 1835 2853 1889 fas
2874 1844 2979 1899 est,
3010 1843 3065 1889 et
3110 1834 3428 1889 damnosum
3460 1833 3606 1902 cogi-

386 1932 482 2004 γὰρ
510 1936 630 2005 ἡμῖν
659 1934 911 1999 πλούσιος
940 1936 1041 2002 ὢν,
1084 1957 1104 1989 ι
1144 1938 1282 1992 κατὰ
1326 1938 1389 1992 τὸ
1425 1942 1825 2011 γεγραμμένον.
1875 1944 1939 2001 Τί

390 2023 650 2094 τοιγαροῦν
687 2029 803 2089 ταῖς
826 2027 939 2080 τῶν
984 2028 1254 2082 Ἰουδαίων
1285 2028 1594 2099 τερθρείαις
1631 2032 1792 2084 αὐτὸν
1824 2029 1936 2102 [ἵσ.

404 2111 598 2184 σαυτὸνὶ
630 2114 796 2178 ἐνιεὶς,
836 2116 1193 2187 πεφρόντικάς
1230 2134 1289 2170 τε
1355 2119 1450 2171 καὶ
1496 2118 1675 2189 λέγεις
1706 2120 1742 2174 ὃ.
1800 2110 1937 2193 μήτε

412 2202 553 2270 θέμις
582 2205 749 2272 εἰπεῖν,
779 2209 913 2278 μήτε
957 2208 1065 2278 μὴν
1113 2210 1314 2262 ἐννοεῖν
1345 2208 1612 2281 ἀζήμιον;
1645 2210 1780 2266 Ἕνα
1816 2212 1955 2283 μεθ⁹¹

423 2292 561 2359 ἡμῶν
586 2295 795 2364 ὁμολόγει
826 2298 1090 2370 Χριστόνο
1124 2299 1215 2352 καὶ
1247 2300 1323 2371 μὴ
1367 2299 1669 2372 διατέμνων
1721 2305 1800 2366 είς
1844 2302 1937 2356 δύο

418 2377 481 2449 δὴ
527 2382 667 2435 πάλιν
695 2386 844 2439 ἐκεῖνο
867 2386 1022 2456 λέγε·
1071 2389 1373 2459 ’Δπεστάλη
1407 2390 1435 2442 6
1472 2393 1599 2461 ἡμῖν
1632 2376 1934 2463 ὁμοούσιος,

412 2471 505 2522 καὶ
545 2472 799 2543 κέχρισται
839 2477 1106 2547 κηρύττων
1156 2479 1528 2551 αίχμαλώτοις
1572 2483 1787 2551 ἄφεσιν,
1841 2484 1936 2538 καὶ

400 2558 618 2627 τυφλοῖς
644 2563 944 2634 ἀνάϐλεψιν.
995 2563 1119 2620 Εἶτα
1166 2570 1289 2622 ὅποι
1339 2569 1470 2623 ποτὲ
1515 2570 1776 2641 βαδιεῖται
1826 2572 1934 2627 τῶν

395 2647 663 2719 θεηγόρων
692 2654 719 2705 6
744 2653 911 2720 λόγος,
946 2654 993 2708 οἳ
1021 2658 1373 2725 μυσταγωγοὶ
1403 2658 1656 2726 γεγόνασι
1701 2659 1802 2730 τῆς
1842 2661 1933 2714 ὑπ’

390 2738 635 2811 οὐρανόνς
665 2743 827 2796 Αὐτὸν
856 2745 962 2815 γὰρ
992 2746 1387 2819 διακεκράγασι
1426 2748 1518 2802 τὸν
1546 2751 1610 2803 ἐκ
1649 2750 1785 2803 Θεοῦ
1819 2752 1932 2803 Πα-

384 2831 503 2899 τρὸς
525 2832 704 2899 Λόγον,
737 2834 962 2905 Σωτῆρα
1008 2836 1117 2890 τῶν
1145 2837 1281 2891 ὅλων
1311 2838 1562 2907 γενέσθαι
1594 2841 1688 2894 καὶ
1709 2842 1932 2913 Λυτρω-

380 2921 492 2991 τὴν,
519 2921 611 2991 οὐχ
638 2922 707 2985 ὡς
732 2924 1020 2995 ἀνθρώπου
1054 2928 1431 2997 μεσιτεύοντος
1463 2932 1592 3002 παρ’
1618 2932 1780 2986 αὐτὸν
1817 2935 1933 2988 ἐτέ-

382 3029 491 3080 ρον,
507 3012 743 3085 καθάπερ
775 3016 967 3086 ἀμέλει
1002 3019 1096 3071 καὶ
1127 3021 1155 3072 6
1174 3019 1398 3091 Μωσῆς,
1416 3022 1473 3074 ἐν
1502 3021 1707 3077 είδειδὲ
1731 3024 1932 3094 μᾶλλον

380 3103 470 3204 καὶ
512 3105 799 3204 ὁμοιώματι
842 3108 1152 3204 σωματικῷ
1200 3110 1530 3204 πρὸς-ἡμᾶς
1580 3114 1928 3186 καθιγμένον.
1959 3147 2002 3204 C

376 3193 654 3265 Κέχρισται
681 3196 790 3268 γὰρ
816 3191 974 3262 οὗτος
1001 3201 1082 3264 εἰς
1126 3201 1411 3274 ’Δρχιερέα
1436 3205 1528 3257 καὶ
1571 3205 1891 3261 Ἀπόστολον
1911 3225 1927 3241 ·

373 3285 459 3339 καὶ
486 3286 607 3353 γοῦν
649 3288 927 3352 Ἰουδαίοις
953 3291 1209 3360 ἐπετίμα,
1236 3292 1439 3362 λέγων*
1476 3314 1496 3347 ι
1533 3296 1645 3350 Οὐκ
1688 3296 1803 3352 ἔστι
1833 3316 1928 3369 γε-

367 3377 673 3447 γραμμένον
698 3381 757 3434 ἐν
788 3379 866 3452 τῷ
893 3380 1043 3452 νόμῳ
1070 3383 1243 3454 ὑμῶν’
1276 3383 1416 3453 Ἐγὼ
1430 3382 1585 3439 εἶπαδ
1609 3387 1732 3441 Θεοί
1763 3391 1885 3443 ἐστε
1909 3407 1924 3457 ;

366 3467 424 3521 Et
451 3470 689 3534 ἐκείνους
730 3468 852 3525 εἷπε
895 3472 1050 3538 θεοὺς
1081 3474 1217 3546 πρὸς
1258 3475 1351 3540 οὓς
1389 3477 1419 3532 6
1461 3477 1618 3547 λόγος
1665 3480 1759 3534 τοῦ
1793 3481 1926 3534 Θεοῦ

364 3561 581 3629 ἐγένετο,
612 3563 716 3616 καὶ
742 3565 804 3617 οὐ
833 3564 1059 3620 δύναται
1088 3566 1313 3639 λυθῆναι
1360 3570 1394 3641 ἡ
1422 3569 1634 3643 Γραφὴ,
1664 3571 1723 3625 ὃν
1752 3576 1780 3627 6
1812 3575 1927 3629 Πα-

363 3650 456 3720 τὴρ
495 3653 695 3722 ἠγίασε
738 3655 834 3707 καὶ
871 3656 1188 3711 ἀπέστειλεν
1236 3660 1318 3723 είς
1364 3660 1455 3714 τὸν
1504 3661 1738 3733 κόσμον,
1770 3663 1927 3734 ὑμεῖς

363 3742 557 3813 λέγετε,
586 3747 683 3799 ὅτι
714 3746 1088 3818 Βλασφημεῖς,
1136 3750 1218 3803 ὅτι
1252 3744 1438 3806 εἶπον
1475 3752 1604 3815 Υίὸς
1648 3753 1744 3807 τοῦ
1788 3753 1923 3809 Θεοῦ

364 3836 498 3904 είμι;
533 3856 551 3888 ι
601 3836 753 3890 Ἀνθ’
800 3839 923 3891 ὅτου
955 3838 1012 3892 δὲ
1058 3838 1120 3912 δὴ
1158 3838 1256 3894 τὸν
1282 3841 1473 3895 ἑαυτὸν
1506 3843 1743 3898 καθέντα
1789 3845 1925 3916 πρὸς

363 3924 571 3981 κένωσιν
626 3927 721 3980 ἵνα
771 3926 921 4000 σώσῃ
961 3927 1060 3998 τὴν
1108 3928 1200 3984 ὑπ’
1227 3921 1474 4000 οὐρανὸν,
1520 3933 1628 3985 τῶν
1660 3935 1741 3997 είς
1778 3936 1925 4004 ἡμᾶς

369 4018 648 4084 γεγονότων
681 4018 1187 4089 θεοπρεπεστάτων,
1214 4021 1309 4074 καὶ
1338 4021 1681 4089 ἀξιαγάστων
1708 4024 1922 4096 ἀληθῶς

368 4109 795 4181 κατορθωμάτων
824 4110 1199 4182 ἐκπέμψομεν,
1222 4106 1556 4167 ἀπεστάλθαι
1582 4113 1829 4184 λέγοντες
1848 4116 1924 4180 ὡς

358 4199 527 4270 ἕτερόν
550 4220 682 4255 τινα
712 4202 845 4272 παρ’
873 4202 1036 4256 αὐτὸν
1068 4203 1198 4273 ἡμῖν
1228 4203 1508 4273 ὀμοούσιον
1532 4221 1547 4271 ;
1584 4206 1775 4260 Καίτοι
1806 4206 1924 4272 πῶς

351 4290 441 4343 οὐκ
463 4291 693 4361 ἄμεινον
722 4292 915 4355 εἰπεῖν,
947 4292 1043 4345 καὶ
1071 4292 1178 4364 μὴν
1211 4294 1304 4348 καὶ
1334 4294 1548 4349 ἑλέσθαι
1580 4300 1816 4369 φρονεῖν,
1847 4297 1922 4364 ὡς

342 4381 681 4438 ἀπέσταλται
697 4400 758 4436 τε
786 4385 879 4437 καὶ
899 4384 1124 4453 γέγονεν
1144 4387 1274 4456 ἡμῖν
1294 4386 1596 4457 ὁμοούσιος,
1621 4389 1919 4455 τουτέστιν,

2041 1927 2198 1982 tare?
2226 1925 2399 1981 Unum
2435 1927 2713 1981 nobiscum
2761 1927 3061 1981 consistere
3104 1926 3399 1991 Christum,
3432 1940 3609 1995 neque

2040 2021 2094 2075 in
2124 2020 2228 2074 duo
2255 2034 2468 2074 rursum
2504 2019 2751 2074 dividens
2771 2020 2921 2074 dicas
2951 2032 2965 2073 :
2998 2018 3195 2074 Missus
3226 2030 3309 2074 est
3333 2020 3422 2073 ille
3452 2018 3607 2074 nobis

2039 2109 2535 2175 consubstantialis,
2564 2118 2619 2165 et
2675 2122 2871 2166 unctus
2917 2120 3001 2165 est
3045 2111 3342 2179 praedicans
3381 2111 3606 2181 captivis

2041 2201 2364 2265 libertatem,
2414 2209 2468 2255 et
2519 2200 2677 2255 caecis
2717 2200 2890 2255 visum
2922 2200 2987 2253 ⁸⁸.
3015 2200 3176 2268 Atqui
3230 2216 3337 2269 quo
3387 2201 3602 2254 tandem

2038 2291 2190 2345 ibunt
2215 2291 2583 2362 theologorum
2608 2292 2793 2356 verba,
2817 2292 2907 2360 qui
2945 2292 3193 2346 doctores
3221 2290 3372 2345 orbis
3429 2298 3603 2344 terra-

2038 2398 2155 2438 rum
2193 2383 2441 2438 iuerunt?
2462 2382 2639 2453 Ipsum
2665 2398 2898 2452 namque
2927 2398 2993 2436 ex
3015 2383 3123 2438 Deo
3153 2382 3313 2437 Patre
3366 2382 3601 2436 Verbum

2037 2474 2371 2531 Salvatorem
2394 2489 2457 2528 ac
2479 2475 2893 2543 Redemptorem
2916 2475 3158 2528 omnium
3177 2474 3604 2542 praedicaverunt

2038 2581 2143 2620 non
2173 2566 2329 2636 quasi
2362 2566 2522 2620 homo
2553 2566 2619 2619 ab
2635 2580 2701 2620 eo
2730 2564 2975 2619 diversus
3001 2562 3317 2633 interiectus
3368 2564 3437 2618 sit
3486 2577 3600 2619 me-

2035 2658 2229 2722 diator,
2278 2664 2333 2710 ut
2393 2655 2552 2725 plane
2602 2654 2798 2719 Moses,
2850 2656 2943 2710 sed
2992 2655 3168 2724 potius
3198 2654 3341 2723 quod
3366 2654 3454 2710 ille
3483 2655 3602 2726 ipse

2035 2748 2216 2815 specie
2237 2762 2300 2802 ac
2326 2745 2679 2802 similitudine
2701 2760 2962 2817 corporea
2994 2747 3060 2801 ad
3106 2761 3206 2801 nos
3238 2747 3596 2802 descenderit.

2037 2839 2134 2897 llic
2170 2854 2401 2907 namque
2434 2839 2487 2893 in
2514 2839 2830 2908 Apostolum
2857 2849 2913 2894 et
2939 2837 3248 2894 Pontitieem
3261 2848 3345 2895 est
3368 2849 3597 2896 unctus:

2036 2933 2218 3002 itaque
2248 2927 2460 2987 Judazos
2487 2928 2841 2996 coarguebat,
2867 2927 3053 2982 dicens
3090 2943 3106 2982 :
3177 2945 3198 2979 ι
3235 2926 3423 2983 Nonne
3472 2929 3599 2983 scri-

2034 3035 2181 3095 ptum
2202 3025 2354 3079 estin
2392 3024 2505 3094 lege
2532 3026 2705 3078 vestra
2741 3031 2758 3077 :
2790 3018 2899 3087 Ego
2917 3018 3051 3081 dixi,
3083 3016 3164 3071 Dii
3203 3018 3373 3073 estis?
3402 3018 3459 3073 Si
3484 3019 3602 3073 illos

2036 3118 2167 3172 dixit
2190 3118 2337 3182 deos,
2365 3116 2431 3169 ad
2453 3130 2587 3184 quos
2622 3130 2800 3171 sermo
2835 3108 2924 3169 Dei
2956 3109 3130 3169 factus
3160 3116 3262 3176 est,
3291 3119 3347 3164 et
3372 3124 3476 3164 non
3509 3125 3603 3180 pn-

2038 3217 2143 3262 test
2181 3202 2312 3261 solvi
2340 3204 2646 3276 Scriptura;
2697 3205 2988 3276 “quem
3038 3204 3200 3261 Pater
3240 3198 3601 3261 sanctiﬁcavit

2032 3307 2090 3352 ει
2132 3298 2277 3350 misit
2324 3295 2376 3348 in
2426 3294 2719 3359 mundum,
2780 3309 2875 3349 vos
2934 3294 3113 3349 dicitis
3152 3310 3167 3349 :
3205 3293 3597 3364 Blasphemas,

2034 3389 2158 3457 quia
2180 3387 2310 3450 dixi,
2343 3385 2508 3440 Filius
2535 3385 2626 3439 Dei
2652 3400 2771 3440 sum
2800 3386 2890 3438 '7?
2921 3404 2941 3439 ι
2976 3384 3093 3452 Qua
3160 3402 3287 3443 vero
3332 3387 3398 3441 de
3433 3402 3597 3444 causa

2034 3479 2180 3533 illum
2202 3478 2291 3545 qui
2320 3491 2379 3531 se
2404 3477 2473 3557 ad
2499 3475 2921 3531 exinanitionem
2952 3476 3171 3531 demisit
3202 3478 3462 3532 utorbetn
3491 3488 3598 3532 ter-

2034 3583 2217 3625 rarum
2241 3568 2445 3622 salvum
2490 3567 2711 3630 faceret,
2759 3582 2791 3622 a
2844 3568 3007 3624 rebus
3032 3584 3160 3640 erga
3194 3585 3290 3626 nos
3341 3572 3599 3627 divinitus

2030 3659 2188 3730 plane
2220 3667 2275 3713 et
2307 3657 2695 3713 admirabiliter
2723 3660 2889 3728 gestis
2947 3661 3317 3729 exeludemus,
3375 3665 3597 3719 missum

2031 3750 2198 3806 inisse
2221 3750 2460 3805 dicentes
2493 3747 2642 3802 illum
2674 3749 2830 3805 nobis
2860 3751 3400 3831 consubstantialem,
3436 3757 3593 3825 quasi

2030 3843 2192 3896 alium
2224 3841 2292 3894 ab
2317 3854 2381 3895 eo
2409 3839 2719 3894 diversum?
2749 3841 2912 3908 Atqui
2946 3856 3125 3896 nonne
3145 3842 3315 3898 satius
3362 3858 3479 3899 erat
3516 3846 3598 3901 di-

2030 3944 2172 3993 cere,
2210 3929 2316 3981 imo
2337 3942 2462 3981 vero
2488 3940 2556 3979 ex
2584 3928 2784 3985 animo.
2812 3928 3035 3994 sentire,
3085 3930 3307 3982 missum
3367 3931 3587 3999 quidem

2028 4034 2148 4074 esse
2172 4017 2394 4072 illumet
2426 4014 2627 4070 factum
2698 4017 3214 4071 consubstantialem
3264 4019 3440 4087 nobis,
3491 4022 3595 4078 hoc

2029 4114 2132 4178 est,
2154 4110 2458 4171 hominem;
2491 4107 2585 4161 sed
2614 4108 2878 4162 mansisse
2897 4115 3073 4162 tamen
3097 4108 3195 4177 ipsi
3220 4108 3330 4165 Deo
3359 4126 3425 4166 ac
3450 4111 3597 4170 Patri

2029 4197 2568 4262 consubstantialem,
2601 4214 2704 4268 qua
2732 4208 2787 4254 et
2815 4200 3103 4268 cogitatur,
3136 4209 3191 4256 et
3242 4212 3381 4271 erat,
3411 4212 3469 4259 et
3516 4217 3599 4261 est

1998 4290 2202 4345 tDeus?
2236 4290 2329 4344 Est
2368 4302 2624 4357 namque,
2665 4296 2770 4356 est,
2813 4288 3052 4357 inquam,
3092 4291 3230 4359 quod
3268 4301 3405 4358 erat,
3433 4295 3597 4349 etiam

2029 4399 2149 4438 cum
2174 4381 2462 4452 assumpsit
2492 4391 2737 4435 naturam
2770 4381 3081 4447 humanam,
3136 4391 3191 4438 et
3218 4387 3461 4440 eamdem
3508 4401 3597 4442 es-

346 4471 629 4545 ἇνθρωπος
652 4492 670 4506 ο
715 4474 997 4545 ὁμοούσιος
1043 4476 1100 4529 δὲ
1147 4476 1473 4549 μεμενηκὼς
1524 4478 1619 4533 καὶ
1655 4480 1806 4551 αὑτῷ
1846 4479 1923 4551 τῷ

2032 4474 2254 4529 sentiam
2286 4473 2490 4527 habens
2514 4487 2635 4527 cum
2663 4471 2822 4526 Patre
2847 4472 2936 4541 qui
2962 4481 3047 4527 est
3105 4474 3157 4528 in
3193 4477 3346 4532 cmlis
3374 4492 3438 4532 ac
3464 4478 3593 4543 Deo,

343 4561 454 4631 Θεῷ
501 4566 603 4618 καὶ
640 4565 838 4635 lla-cpi,
885 4565 1022 4619 καθὸ
1065 4566 1157 4619 καὶ
1198 4569 1415 4634 νοεῖται,
1460 4570 1555 4624 καὶ⁹
1589 4565 1658 4642 ἦν
1703 4588 1787 4635 τε,
1829 4571 1925 4625 καὶ

345 4654 450 4708 ἔστι
479 4655 661 4719 Θεός;
700 4654 854 4709 Ἐστι
876 4656 1005 4728 γὰρ,
1035 4657 1180 4711 ἔστιν
1206 4657 1235 4709 ὃ
1268 4654 1357 4729 ἦν,
1385 4659 1480 4713 καὶ⁸
1512 4660 1835 4733 προσλαϐὼν
1863 4660 1924 4714 τὸ

342 4746 719 4817 ἀνθρώπινον,
774 4745 911 4815 ἔχων
972 4746 1029 4798 δὲ
1081 4747 1179 4819 τὴν
1233 4750 1535 4821 ταυτότητα
1589 4751 1688 4822 τῆς
1734 4752 1923 4815 οὐσίας

343 4836 471 4907 πρὸς
505 4837 610 4889 τὸν
642 4838 700 4889 ἐν
742 4838 854 4899 τοῖς
879 4836 1121 4906 οὐρανοῖς
1160 4838 1380 4910 Πατέρα
1411 4841 1505 4893 καὶ
1534 4840 1686 4903 Θεὸν,
1720 4840 1919 4895 ἐπελά-

338 4924 455 4979 ᾶετο
486 4925 679 4996 σοφῶς
708 4928 801 4979 καὶ
835 4926 934 4996 τῆς
964 4927 1100 4998 πρὸς
1126 4930 1272 4999 ἡμᾶς
1303 4930 1620 5002 ὁμοιότητος
1639 4949 1653 4963 ο
1681 4931 1917 4986 τέθειται

338 5018 390 5071 δέ
411 5020 509 5072 καὶ
544 5018 793 5095 μεσίτης,
825 5018 1058 5072 συνδέων
1076 5019 1141 5072 δι’
1161 5020 1355 5074 ἑαυτοῦ
1381 5022 1517 5093 πρὸς
1542 5023 1771 5095 ἑνότητα
1794 5040 1917 5093 σχε-

2026 4561 2261 4630 suscepit
2288 4561 2517 4630 sapienti
2543 4560 2769 4615 consilio
2800 4572 3037 4617 nostram
3071 4577 3287 4634 quoque
3343 4567 3597 4623 similitu-

2026 4652 2225 4716 dinem,
2251 4652 2380 4721 quin
2404 4654 2568 4705 etiam
2620 4652 2827 4720 positus
2887 4660 2971 4708 est
3017 4655 3301 4723 mediator,
3352 4661 3442 4727 qui
3497 4676 3595 4730 per

2024 4744 2259 4810 seipsum
2284 4745 2351 4798 ad
2388 4742 2739 4813 respectivam
2777 4743 3036 4798 unitatem
3069 4746 3347 4815 colligaret
3372 4764 3436 4803 ea
3467 4766 3592 4819 quae

2022 4844 2229 4889 natura
2269 4834 2563 4890 rationibus
2588 4835 2801 4905 penitus
2823 4845 2977 4890 erant
3002 4836 3141 4893 inter
3180 4853 3238 4893 se
3299 4842 3587 4909 disiuncta.

2024 4917 2158 4979 Nam
2183 4926 2273 4995 qui
2306 4926 2444 4980 Deus
2468 4935 2586 4980 erat
2611 4941 2678 4980 ex
2711 4935 2922 4991 natura,
2955 4926 3129 4982 factus
3179 4942 3261 4983 est
3293 4930 3454 4985 homo
3501 4950 3591 4989 se-

2024 5016 2257 5071 cundum
2289 5016 2595 5082 veritatem,
2623 5025 2681 5071 ut
2703 5030 2799 5072 nos
2833 5032 3048 5088 quoque
3074 5018 3243 5074 simus
3288 5034 3456 5091 genus
3482 5040 3589 5081 non

339 5109 490 5180 τικὴν
544 5106 615 5160 τὰ
649 5089 763 5172 τοῖξ
798 5107 900 5178 τῆς
934 5108 1148 5177 φύσεως
1191 5110 1372 5179 λόγοις
1420 5089 1724 5182 ὸλοτρόπως
1755 5089 1917 5184 ἀλλ-ή-

2039 5123 2123 5161 am
2159 5108 2302 5163 illius
2325 5109 2509 5178 primi,
2537 5110 2640 5163 hoc
2686 5116 2790 5174 est,
2828 5110 3048 5175 terreni,
3107 5111 3171 5165 ad
3199 5089 3357 5180 quem
3383 5114 3586 5170 dictum

338 5195 441 5250 λων
475 5196 810 5273 διῃρημένα.
850 5197 1045 5265 Γέγονε
1090 5199 1219 5271 γὰρ,
1258 5200 1389 5261 Θεὸς
1421 5199 1495 5254 ὣν
1540 5200 1722 5271 φύσει,
1774 5202 1916 5257 κατὰ

2032 5208 2103 5253 :st
2139 5214 2169 5253 a
2198 5200 2326 5254 Deo.
2365 5217 2386 5250 ι
2452 5199 2621 5255 Terra
2672 5214 2753 5264 es,
2777 5211 2831 5254 et
2884 5202 2936 5255 in
2983 5207 3186 5255 terram
3218 5204 3320 5258 ibis
3339 5204 3407 5273 ⁸⁸,
3447 5224 3467 5258 ι
3493 5208 3586 5276 qui

339 5289 600 5360 ἀλήθειαν
657 5285 963 5360 ἄνθρωπος,
1012 5290 1100 5344 ἵνα
1143 5293 1237 5344 καὶ
1283 5294 1443 5363 ἡμεῖς
1488 5293 1916 5364 χρηματίσωμεν

2032 5289 2181 5344 etiam
2218 5289 2601 5344 transmittitin
2633 5299 2894 5353 mortem;
2935 5291 3027 5344 sed
3052 5290 3196 5347 illius
3241 5295 3460 5349 secundi
3491 5296 3583 5362 qui

337 5379 518 5445 γένος,
546 5376 729 5430 οὐκέτι
748 5376 843 5431 τοῦ
871 5379 1109 5448 πρῶτον,
1136 5381 1403 5449 τουτέστι,
1424 5382 1519 5435 τοῦ
1550 5380 1752 5452 χοϊκοῦ,
1779 5383 1915 5453 πρὸς

2032 5391 2353 5451 estsuperne
2372 5389 2426 5435 et
2456 5396 2487 5436 e
2519 5382 2678 5446 caelo,
2705 5380 2933 5447 Christi,
2973 5382 3216 5458 inquam,
3252 5387 3343 5455 qui
3377 5402 3473 5441 nos
3519 5388 3586 5442 ad

333 5464 638 5536 ὅνεῐρηται
686 5467 838 5538 παρὰ
886 5468 1044 5535 Θεοῦ,
1094 5489 1114 5522 ι
1151 5472 1229 5541 Γῆ
1256 5471 1329 5537 εἰ,
1385 5472 1477 5526 καὶ
1521 5474 1602 5536 είς
1647 5474 1751 5545 γῆν
1802 5475 1910 5527 ὰπ-

2041 5472 2377 5525 mmortalem
2410 5472 2573 5525 vitam
2600 5472 2835 5535 reduxit,
2866 5483 2919 5528 et
2964 5484 3211 5530 naturam
3262 5478 3420 5531 morti
3482 5479 3585 5532 ob-

335 5555 555 5627 ελιύσῃ,
576 5576 595 5610 ι
614 5556 709 5610 τοῦ
739 5558 834 5612 καὶ
875 5559 956 5623 είς
999 5557 1226 5614 θάνατον
1254 5562 1740 5631 παραπέμποντος’
1772 5562 1910 5617 ἀλλά

2032 5563 2249 5627 noxiam,
2280 5561 2458 5619 eﬂ‘ecit
2489 5564 2970 5635 ineorruptibilem,
3000 5576 3054 5623 et
3084 5567 3323 5639 peccatis
3356 5569 3586 5623 exsolvit

366 5731 492 5766 “'"
526 5732 683 5792 Joan.
713 5736 998 5805 "1,4042.
1030 5736 1153 5810 f'il
1187 5737 1314 5795 Cor.
1354 5737 1538 5806 vm,9.
1613 5738 1660 5772 ³⁸
1695 5738 1800 5796 lsa.
1833 5752 1947 5805 ut,
1983 5736 2041 5806 ις
2079 5734 2209 5815 Luc.
2238 5751 2314 5806 ta,
2348 5737 2437 5795 19.
2510 5737 2558 5771 ⁸⁷
2594 5736 2749 5798 Joan.
2783 5757 2839 5807 κ,
2871 5740 3054 5796 54-36.
3131 5742 3176 5773 ⁸⁸
3214 5740 3346 5795 Gen.
3380 5754 3460 5806 in,
3494 5739 3582 5797 i9.
