4004 6202
304 318 343 368 t4
357 318 424 370 45

1319 309 1376 368 S.
1418 308 1681 364 CYlilLlJ
1720 307 2183 364 ALEXANDRlNl
2224 307 2538 362 ARCIIIEP.

3437 307 3536 360 144

321 430 521 500 peccati
554 427 759 496 laqueis
795 425 1142 494 implicatam.
1163 425 1254 480 Sic
1278 442 1409 482 sane
1448 429 1560 497 ipse
1602 429 1761 484 Pater
1790 430 1869 482 al-

1979 427 2065 479 τοῦ
2096 425 2370 496 δευτέρου,
2419 424 2509 477 τοῦ
2543 423 2748 477 ἄνωθεν
2791 423 2884 483 καὶ
2913 424 2972 489 ἐξ
2999 423 3248 495 ούρανοῦ,
3290 425 3430 492 φημὶ
3471 425 3535 492 δὴ

319 521 552 591 loquitur
571 517 762 571 Filium
789 535 802 571 :
828 535 846 568 ι
867 517 1006 572 Ecce
1023 517 1138 581 dedi
1160 526 1211 570 te
1228 513 1305 586 [in
1328 517 1500 573 fmdus
1532 520 1792 592 generis,]
1818 522 1868 574 in

319 611 489 664 lucem
519 609 1105 678 gentium,.utaperires
1130 609 1313 664 oculos
1346 624 1633 674 cmcorum,
1662 620 1720 666 ut
1741 614 1871 666 edu-

316 716 468 754 ceres
497 701 701 754 vinctos
720 714 785 754 ex
816 700 1072 760 .vmculis,
1093 710 1147 754 et
1183 716 1250 754 ex
1292 702 1450 755 domo
1499 704 1732 758 carceris
1788 717 1872 757 se-

315 796 500 847 dentes
529 795 579 846 in
603 787 834 846 tenebris
862 793 926 845 ⁵⁸.
965 809 985 843 ›
1021 793 1089 846 Et
1111 793 1303 848 iterum
1340 807 1433 863 per
1457 793 1608 849 Isaia:
1639 810 1821 850 vocem
1852 813 1867 849 :

319 901 338 932 ‹
383 883 707 938 Benedicent
728 897 813 936 me
847 884 1031 938 bestia:
1061 885 1197 953 agri,
1232 885 1424 940 sirenae
1449 895 1502 939 et
1580 887 1700 942 tiliae
1725 899 1870 966 Stru-

315 975 597 1026 thiouum:
635 973 758 1041 quia
783 973 904 1028 dedi
937 975 988 1028 in
1021 974 1235 1030 deserto
1257 990 1477 1044 aquam,
1506 986 1560 1032 et
1591 979 1871 1056 lluviosjn

317 1074 457 1116 terra
489 1063 768 1130 inaquosa,
804 1074 861 1117 ut
898 1075 1080 1131 potum
1107 1066 1291 1119 darem
1324 1069 1508 1137 generi
1539 1084 1657 1123 meo
1675 1072 1868 1135 electo,

317 1154 509 1221 popqu
529 1170 686 1222 quem
715 1155 972 1224 acquisivi
1019 1166 1074 1208 ut
1100 1156 1322 1212 virtutes
1357 1173 1504 1213 meas
1530 1171 1713 1214 narret
1741 1162 1806 1213 ⁸ο.
1845 1180 1864 1214 ι

316 1245 467 1309 Quod
489 1260 608 1298 cum
631 1245 796 1312 probe
822 1245 1141 1313 intelligeret
1162 1246 1350 1303 beatus
1375 1248 1666 1314 Petrus,iis
1696 1252 1784 1321 qui
1803 1268 1870 1306 ex

314 1335 561 1403 gentibus
594 1349 689 1402 per
716 1334 872 1389 (idem
907 1337 971 1388 ad
1002 1350 1181 1390 veram
1215 1336 1306 1392 Dei
1363 1338 1720 1408 cognitionem
1778 1356 1872 1395 vo-

317 1425 420 1478 cati
462 1433 614 1477 erant
646 1424 908 1487 scribens,
937 1427 1054 1478 ait:
1090 1446 1108 1476 ι
1152 1426 1255 1480 Vos
1304 1439 1482 1481 autem
1542 1444 1709 1497 genus
1761 1433 1871 1486 ele-

317 1525 484 1576 ctum,
522 1513 695 1583 regale
725 1515 1108 1578 sacerdotium,
1148 1531 1280 1586 gens
1306 1529 1515 1584 sancta,
1567 1521 1790 1590 populus
1815 1523 1869 1576 in

319 1607 752 1675 acquisitionem,
781 1607 1079 1662 utvir‘futes
1111 1610 1440 1663 annuntictis
1473 1609 1608 1678 ejus,
1649 1614 1738 1682 qui
1776 1629 1871 1669 vos

318 1700 384 1751 de
417 1698 652 1751 tenebris
674 1698 884 1752 vocavit
907 1697 959 1750 in
987 1698 1301 1754 admirabile
1327 1699 1508 1754 lumen
1559 1717 1712 1756 suum
1740 1722 1752 1756 :
1779 1705 1869 1773 qui

321 1787 607 1855 aliquando
647 1786 1021 1856 nonpopulus,
1077 1802 1218 1840 nunc
1271 1796 1446 1844 autem
1490 1791 1711 1859 p0palus
1744 1792 1808 1843 “.
1845 1811 1864 1844 ι

315 1877 546 1942 Quodsi
596 1878 1042 1944 quemadmodum
1104 1878 1197 1931 tibi
1257 1879 1359 1948 ipsi
1446 1889 1499 1933 et
1560 1882 1762 1937 sentire
1818 1892 1873 1937 et

321 1971 499 2022 dicere
576 1968 765 2036 placet,
844 1969 1039 2022 missus
1133 1979 1215 2023 est
1278 1970 1366 2024 ille
1436 1971 1589 2026 nobis
1640 1973 1874 2028 consub-

320 2061 605 2125 stantialis,
655 2075 759 2114 non
826 2061 926 2128 ipsi
993 2060 1162 2128 Patri,
1209 2061 1354 2115 nullo
1428 2062 1585 2117 modo
1636 2078 1734 2118 nos
1789 2063 1873 2117 fa-

319 2153 388 2203 cti
455 2167 640 2204 sumus
696 2151 890 2205 divinae
941 2161 1142 2205 natura:
1173 2162 1487 2208 consortes:
1551 2155 1871 2220 mansimus,

316 2243 514 2311 81m
571 2241 701 2308 dixi,
753 2250 806 2296 et
846 2242 1018 2296 adhuc
1087 2258 1271 2297 sumus
1317 2259 1483 2311 genus
1524 2246 1662 2299 illius
1685 2247 1869 2316 primi,

319 2334 407 2398 qui
442 2333 492 2384 in
528 2332 1048 2386 maledictionemrac
1075 2344 1299 2388 mortem
1335 2337 1745 2400 transmittit,et
1773 2337 1871 2392 sub

321 2418 522 2486 peccati
549 2427 772 2471 reatum.
796 2417 953 2471 Stulti
977 2435 1104 2487 ergo
1127 2419 1255 2474 facti
1310 2435 1511 2483 sumus,
1542 2432 1593 2475 et
1628 2425 1692 2476 iis
1731 2439 1872 2478 nunc

320 2523 528 2577 quoque
555 2507 900 2560 nihilominus
927 2514 1189 2571 tenemur,
1257 2509 1309 2561 in
1342 2509 1535 2576 quibus
1589 2510 1715 2564 olim
1753 2526 1875 2565 era-

322 2612 441 2652 :ztue
481 2607 605 2650 ante
633 2596 772 2650 illius
801 2597 1111 2652 adventum.
1137 2596 1415 2663 Quomodo
1456 2598 1741 2668 igiturjam
1776 2615 1871 2654 ve-

321 2697 434 2740 tera
488 2687 928 2750 transierunt,,et
984 2701 1108 2741 ecce
1145 2687 1280 2740 facta
1327 2697 1457 2740 sunt
1493 2703 1628 2743 nova
1657 2690 1745 2743 οη
1771 2690 1876 2746 Ubi

322 2793 449 2832 vero
479 2777 604 2832 illud
639 2793 652 2829 :
690 2795 709 2827 ι
745 2776 801 2831 Si
835 2777 955 2845 quis
990 2777 1042 2830 in
1072 2777 1307 2842 Christo,
1346 2793 1480 2832 nova
1531 2779 1867 2832 creatura?»

265 2844 280 2857 .
324 2871 427 2924 Sed
459 2869 732 2924 erubescis
768 2871 929 2922 Deum
953 2869 1199 2923 conliteri
1250 2869 1476 2922 similem
1509 2871 1682 2935 nobis,
1705 2870 1876 2924 homi-

324 2976 440 3014 nem
467 2961 664 3015 factum
702 2960 998 3029 ipsumDei
1048 2958 1316 3013 Verbum”?
1345 2961 1594 3030 lncrepas
1651 2975 1780 3030 ergo
1821 2962 1878 3016 il-

1974 515 2228 584 Χριστοῦ,
2259 514 2353 567 τοῦ
2383 513 2515 584 πρὸς
2547 512 2691 584 ζωὴν
2729 514 2873 582 ἡμᾶς
2897 515 2991 583 τὴν
3030 516 3305 584 ἀκήρατον
3333 515 3535 581 ἀναφέ-

1977 622 2179 674 ροντος,
2215 604 2308 658 καὶ
2341 603 2615 674 ἄφθαρτον
2644 603 3030 670 ἀποφαίνοντος
3072 603 3134 656 τὸ
3165 603 3378 671 Θανάτῳ
3405 605 3538 655 κάτ-

1972 710 2116 763 οχον,
2153 693 2246 746 καὶ
2267 692 2697 754 ἀπαλλάττοντος
2739 693 3020 762 ἁμαρτιῶν
3047 693 3108 745 τὸ
3131 692 3231 762 τῆς
3268 692 3539 762 ἁμαρτίας

1975 783 2187 855 βρόχοις
2217 784 2623 854 ἐνειλημμένον.
2649 783 2805 837 Οὕτω
2833 801 2934 837 που
2959 785 3094 855 πρὸς
3113 785 3202 840 τὸν
3225 786 3352 839 Υἱὸν
3377 787 3541 848 αὑτός

1974 890 2137 944 φησιν
2181 874 2210 924 ὁ
2242 875 2464 943 Πατήρο
2504 891 2524 924 ι
2577 873 2704 927 Ἰδοὺ
2737 873 2943 928 δέδωκά
2993 891 3053 927 σε
3091 877 3169 938 είς
3203 877 3317 944 φῶς
3346 876 3538 938 ἐθνῶν,

1973 962 2178 1027 ἀνοῖξαι
2207 963 2516 1034 ὀφθαλμοὺς
2531 963 2766 1031 τυφλῶν,
2794 965 3080 1033 ἐξαγαγεῖν
3116 968 3180 1019 ἐκ
3211 947 3431 1038 δεσμῶν
3452 969 3542 1020 δε-

1971 1052 2258 1123 δεμένους,
2320 1055 2413 1106 καὶ
2465 1054 2525 1118 ἐξ
2579 1054 2728 1107 οἴκου
2787 1056 3033 1127 φυλακῆς
3083 1056 3421 1128 καθημένους
3485 1060 3542 1109 ἐν

1973 1143 2152 1197 σκότει
2171 1183 2184 1197 .
2213 1163 2231 1196 ι
2254 1145 2363 1198 Καὶ
2391 1145 2550 1198 πάλιν
2576 1145 2662 1199 διὰ
2687 1148 2870 1217 φωνῆς
2905 1148 3124 1201 Ἡσαΐου
3145 1165 3158 1180 ·
3193 1167 3212 1200 ι
3247 1150 3540 1220 Εὐλογήσει

1974 1251 2043 1302 με
2088 1235 2155 1287 τά
2206 1232 2369 1305 θηρία
2417 1235 2509 1287 τοῦ
2559 1236 2763 1306 ἀγροῦ,
2810 1237 3056 1307 σειρῆνες
3106 1239 3198 1291 καὶ
3249 1239 3542 1309 θυγατέρες

1975 1324 2251 1395 στρουθῶν
2272 1342 2285 1356 σ
2316 1327 2397 1378 ὅτι
2421 1325 2597 1382 ἔδωκα
2635 1331 2692 1380 ἐν
2726 1331 2789 1398 τῇ
2821 1329 3010 1399 ἐρήμῳ
3043 1329 3205 1401 ὕδωρ,
3255 1333 3346 1384 καὶ
3377 1349 3540 1386 ποταο

1974 1415 2106 1483 μους
2135 1415 2192 1465 ἐν
2213 1417 2291 1484 γῇ
2338 1414 2568 1485 ἀνύδρῳ,
2620 1417 2834 1470 ποτίσαι
2864 1419 2923 1470 τὸ
2959 1419 3113 1486 γένος
3145 1438 3246 1488 μου
3295 1422 3354 1474 τὸ
3389 1423 3540 1475 ἐκλε-

1973 1503 2097 1554 κτόν
2120 1521 2132 1534 ⁸
2174 1503 2320 1569 λαὸν,
2355 1504 2414 1557 ὃν
2445 1509 2915 1579 περιεποιησάμην
2956 1510 3054 1573 τὰς
3087 1512 3286 1582 ἀρετάς
3331 1530 3432 1582 μου
3463 1514 3541 1566 δι-

1969 1593 2285 1662 ηγεῖσθαι.)
2327 1596 2392 1646 Ὃ
2426 1595 2489 1666 δὴ
2518 1598 2610 1648 καὶ
2645 1599 2843 1662 συνιεὶς
2865 1595 2922 1653 εὖ
2961 1601 3124 1670 μάλα,
3148 1606 3257 1666 τοῖς
3279 1603 3338 1667 ἐξ
3369 1605 3540 1658 ἐθνῶν

1971 1684 2058 1736 διὰ
2106 1685 2339 1748 πίστεως
2391 1687 2780 1757 κεκλημένοις,
2849 1693 2929 1754 είς
2985 1692 3310 1762 θεογνωσίαν
3363 1695 3540 1765 ἀληθῆ
3633 1698 3644 1701 ’

1970 1773 2171 1843 γράφει
2196 1775 2290 1827 καί
2322 1792 2484 1846 φησιν
2513 1780 2540 1830 ὁ
2569 1777 2850 1843 θεσπέσιος
2896 1781 3101 1850 Πέτρος
3123 1799 3137 1813 ι
3177 1803 3196 1834 ι
3259 1785 3444 1854 Ὑμεῖς
3483 1786 3541 1838 δὲ

1969 1863 2126 1930 γένος
2159 1864 2430 1931 ἐκλεκτὸν,
2481 1866 2749 1936 βασίλειον
2792 1872 3122 1943 ἱεράτευμα,
3163 1872 3314 1937 ἐθνος
3363 1876 3538 1944 ἅγιον,

1971 1955 2095 2018 λαὸς
2144 1957 2222 2019 εἰς
2268 1958 2650 2029 περιποίησιν,
2688 1961 2775 2015 ῖνα
2819 1963 2917 2025 τάς
2954 1964 3155 2034 ἀρετὰς
3193 1964 3540 2038 ἐξαγγείλητε

1969 2044 2062 2096 τοῦ
2109 2047 2170 2098 ἐκ
2217 2047 2440 2110 σκότους
2493 2049 2636 2118 ὑμᾶς
2665 2051 2955 2114 καλοῦντος
3000 2054 3092 2107 ἐπὶ
3136 2055 3196 2108 τὸ
3235 2055 3541 2126 θαυμαστὸν

1970 2135 2133 2187 αὑτοῦ
2162 2136 2296 2203 φῶς,
2318 2138 2372 2190 οἵ
2399 2156 2527 2192 ποτε
2550 2140 2610 2192 οὐ
2630 2140 2779 2206 λαὸς,
2807 2143 2901 2196 νῦν
2925 2144 2981 2197 δὲ
3007 2143 3152 2208 λαός.
3168 2165 3186 2198 ι
3217 2149 3280 2200 El
3303 2148 3359 2201 δὲ
3382 2148 3548 2203 καθά‹

1971 2241 2077 2296 περ
2121 2226 2270 2297 αὐτῷ
2319 2245 2400 2282 σοι
2446 2230 2595 2283 δοκεῖ
2647 2234 2740 2286 καὶ
2782 2237 2997 2303 φρονεῖν
3048 2241 3140 2290 καὶ
3179 2237 3377 2307 λέγειν,
3440 2243 3543 2294 ἀπ-

1971 2315 2168 2386 εστάλη
2198 2320 2226 2369 ὁ
2263 2319 2393 2388 ἡμῖν
2422 2321 2721 2390 ὁμοούσιος,
2749 2325 2930 2378 οὐκέτι
2957 2326 3014 2379 δὲ
3045 2328 3135 2381 καὶ
3167 2329 3313 2400 αὐτῷ
3331 2331 3406 2402 τῷ
3429 2333 3542 2386 Παη

1972 2406 2079 2474 τρὶ,
2112 2409 2231 2460 κατ’
2273 2409 2460 2462 οὐδένα
2489 2412 2689 2481 τρόπον
2721 2415 2880 2484 ἡμεῖς
2905 2416 3052 2481 θείας
3082 2419 3293 2486 φύσεως
3318 2424 3542 2490 γεγόνα-

1976 2512 2073 2563 μεν
2127 2500 2406 2552 κοινωνοί·
2459 2504 2866 2572 μεμενήκαμεν,
2915 2507 2991 2570 ὡς
3036 2508 3188 2580 ἔφην,
3232 2513 3324 2564 καὶ
3374 2514 3538 2581 ἐσμὲν

1967 2587 2054 2638 ,ἐτι
2084 2588 2238 2654 γένος
2269 2588 2359 2641 τοῦ
2393 2591 2632 2659 πρώτου,
2672 2594 2764 2646 τοῦ
2797 2599 3250 2666 παραπέμποντος
3291 2602 3370 2662 είς
3398 2602 3538 2671 ἀράν

1974 2680 2066 2731 καὶ
2100 2679 2349 2744 θάνατον,
2388 2683 2480 2734 καὶ
2515 2681 2618 2735 ὑπὸ
2649 2685 2832 2756 ποινὴν
2878 2689 3162 2758 ἁμαρτίας.
3207 2692 3538 2761 Μεματαιώ-

1979 2772 2115 2839 μεθα
2149 2771 2214 2842 δὴ
2256 2770 2369 2838 οὖν,
2411 2775 2504 2827 καὶ
2533 2776 2697 2845 ἐσμὲν
2724 2778 2873 2831 οὐδὲν
2910 2775 3070 2849 ἧττον
3113 2781 3207 2835 καὶ
3238 2782 3331 2837 νῦν
3359 2787 3416 2838 ἐν
3460 2781 3540 2849 οἷς

1973 2856 2117 2930 ἦμεν
2161 2863 2348 2927 πάλαι,
2380 2866 2473 2917 καὶ
2503 2867 2607 2936 πρὸ
2635 2869 2730 2937 τῆς
2757 2869 3067 2940 ἐπιδημίας.
3097 2873 3220 2936 Πῶς
3247 2870 3338 2928 οῦν
3363 2875 3444 2928 ἔτι
3474 2878 3544 2928 τὰ

1971 2953 2178 3022 ἀρχαῖα
2220 2956 2508 3026 παρῆλθεν,
2557 2959 2646 3011 καὶ
2691 2960 2800 3012 ίδοὺ
2837 2961 3027 3031 γέγονε
3061 2967 3261 3031 καινά;
3301 2968 3412 3020 Ποῦ
3452 2969 3506 3021 δέ
3530 2989 3542 3000 ο

277 3094 288 3100 .
323 3052 451 3119 lum,
483 3040 580 3106 nec
610 3052 884 3121 sapienter
914 3049 1247 3106 consultasse
1275 3051 1411 3106 dicis
1445 3053 1583 3121 quod
1608 3068 1666 3107 se
1699 3055 1876 3122 ipsum

1983 3058 2002 3092 ι
2042 3043 2109 3096 Εἴ
2127 3059 2208 3105 τις
2254 3046 2312 3097 ἐν
2342 3039 2581 3130 Χριστῷ,
2617 3049 3012 3119 καινὴ,κτίσις;
3053 3071 3070 3103 ι
3133 3055 3271 3108 Ἀλλ’
3316 3057 3544 3130 αἰσχύνῃ

323 3152 538 3212 prapter
574 3158 671 3198 nos
712 3142 1006 3196 exinanivit
1037 3143 1100 3194 ⁸⁸.
1131 3142 1329 3196 Audies
1373 3143 1535 3212 igitur
1565 3145 1871 3198 dicentem:

329 3253 345 3284 ι
383 3235 523 3288 Vade
550 3244 668 3302 post
695 3248 798 3299 me,
824 3232 1044 3294 Satana.
1069 3233 1378 3287 scandalum
1437 3250 1497 3290 es
1558 3235 1711 3300 mihi,
1751 3239 1878 3307 quia

324 3344 429 3384 non
453 3329 598 3397 sapis
630 3342 690 3382 ea
722 3339 839 3396 qua:
856 3323 947 3381 Dei
981 3325 1222 3392 sunt,sed
1250 3341 1311 3382 ea
1340 3342 1456 3397 qua:
1472 3327 1746 3386 hominum
1775 3325 1875 3387 “.5

327 3422 581 3475 Scrutare
608 3420 884 3474 nobiscum
921 3435 1104 3475 sacras
1135 3419 1387 3476 Litteras.
1419 3422 1680 3492 Apparuit
1703 3441 1878 3495 quon-

325 3514 445 3564 dam
476 3511 636 3564 etiatn
664 3509 981 3578 patriarchae
1003 3507 1170 3567 Jac-oh
1197 3512 1261 3564 de
1284 3511 1463 3566 Laban
1493 3513 1697 3570 aedibus
1757 3533 1880 3586 pro-

330 3600 608 3663 liciscenti,
650 3599 896 3667 cumjam
925 3601 990 3652 ad
1021 3600 1135 3668 ipsa
1163 3599 1498 3678 Jacobs-adn
1521 3607 1878 3672 pervenisset,

327 3689 465 3742 sicut
494 3687 750 3756 scriptum
785 3696 867 3740 est
897 3702 911 3738 :
949 3705 966 3737 ι
991 3685 1228 3739 Relictus
1253 3693 1334 3739 est
1359 3687 1682 3744 enimJacob
1711 3693 1876 3757 solus,

327 3789 379 3833 et
405 3777 708 3833 luctabatur
748 3776 833 3831 vir
872 3792 994 3832 cum
1033 3776 1147 3846 ipso
1179 3792 1347 3847 usque
1379 3794 1554 3834 mane.
1598 3781 1745 3835 Vidit
1783 3796 1880 3835 au-

331 3881 434 3924 tem
453 3871 593 3940 quod
623 3884 744 3924 eum
777 3883 1032 3938 superare
1056 3883 1158 3923 non
1195 3879 1398 3938 posset,
1427 3881 1480 3926 et
1509 3874 1681 3944 tetigit
1701 3873 1885 3927 latitu-

329 3962 506 4015 dinem
551 3961 770 4015 femoris
811 3959 947 4028 ejus,
986 3967 1040 4013 et
1085 3964 1352 4016 emarcuit
1401 3962 1625 4020 latitudo
1664 3965 1885 4021 feruoris

323 4054 512 4120 Jacob,
553 4054 677 4108 dum
710 4061 973 4123 pugnaret
1003 4068 1123 4108 cum
1158 4055 1320 4124 ipso:
1356 4055 1490 4110 dixit
1528 4065 1705 4110 autem
1749 4057 1824 4111 illi
1867 4076 1880 4111 :

334 4147 552 4200 Dimitte
583 4159 688 4206 me,
722 4145 970 4200 ascendit
999 4145 1143 4198 enim
1168 4146 1454 4200 diluculum
1480 4164 1492 4199 :
1521 4148 1611 4202 ille
1637 4162 1768 4202 vero
1798 4148 1849 4200 di
1868 4178 1882 4188 -

334 4235 448 4289 xit:
481 4233 596 4288 Non
624 4243 680 4288 te
707 4233 968 4288 dimittam
1024 4234 1124 4288 nisi
1150 4235 1485 4291 benedixeris
1514 4237 1642 4290 mihi
1673 4238 1738 4290 ⁸⁸.
1770 4255 1788 4288 ι
1822 4237 1889 4290 Ει.

332 4333 454 4394 post
494 4323 595 4378 alia
637 4338 871 4379 rursus:
913 4343 932 4377 ι
975 4325 1038 4378 Ει
1090 4327 1304 4380 vocavit
1348 4325 1514 4383 Jacob
1562 4343 1754 4382 nomen
1784 4327 1888 4382 loci

1978 3132 2109 3186 Θεὸν
2141 3134 2417 3206 ὁμολογεῖν
2451 3138 2571 3190 καθ’
2600 3141 2631 3208 ἡ
2642 3141 2749 3207 μᾶς
2787 3142 3074 3212 γενόμενον
3117 3145 3422 3216 ἄνθρωπον,
3459 3152 3547 3202 τὸν

1939 3225 1942 3230 ’
1977 3224 2071 3278 τοῦ
2115 3225 2250 3278 Θεοῦ
2291 3228 2496 3295 Λόγον;
2550 3231 2931 3303 Ἐπιπλὴττεις
2975 3231 3069 3288 οὖν
3123 3238 3304 3300 αὐτὸν,
3351 3241 3443 3293 καὶ
3486 3244 3545 3295 ού

1981 3317 2121 3394 σοφά
2161 3318 2541 3390 βεϐουλεῦσθαι
2593 3323 2718 3392 φὴς,
2772 3325 2853 3378 ὄτι
2895 3329 3197 3383 κεκένωκεν
3244 3331 3433 3385 ἑαυτὸν
3481 3333 3545 3385 δι’

1979 3413 2146 3482 ἡμᾶς.
2183 3410 2389 3465 Οὐκοῦν
2438 3411 2645 3486 ἀκούσῃ
2699 3413 2978 3484 λέγοντος·
3035 3438 3054 3470 ‹
3109 3420 3326 3489 Ὕπαγε
3375 3422 3546 3474 ὀπίσω

1984 3520 2108 3573 μου,
2133 3505 2366 3570 Σατανᾶ,
2419 3505 2711 3559 σκάνδαλόν
2748 3524 2849 3577 μου
2880 3506 2946 3573 εἴ,
2985 3511 3064 3563 ὅτι
3108 3512 3168 3563 ού
3221 3516 3433 3584 φρονεῖς
3482 3515 3546 3568 τὰ

1980 3595 2071 3646 τοῦ
2092 3594 2249 3658 Θεοῦ,
2268 3595 2404 3649 ἀλλά
2427 3595 2495 3648 τὰ
2524 3597 2631 3649 τῶν
2660 3599 2978 3669 ἀνθρώπων.
3022 3620 3040 3652 ι
3081 3603 3548 3674 Ἐρεύνησονιμεθ⁹

1983 3683 2139 3753 ἡμῶν
2181 3684 2279 3755 τὴν
2315 3684 2666 3740 θεόπνευστον
2701 3688 2940 3759 Γραφήν.
2988 3689 3164 3762 Ὠφθη
3194 3692 3321 3744 ποτὲ
3352 3694 3443 3746 καὶ
3472 3691 3549 3761 τῷ

1984 3775 2296 3847 πατριάρχῃ
2345 3776 2538 3829 Ἰακὼϐ
2577 3779 2673 3848 τῆς
2707 3780 2804 3850 μὲν
2834 3780 2924 3833 τοῦ
2955 3781 3140 3835 Λάϐαν
3173 3785 3354 3848 ἑστίας
3383 3785 3549 3837 ἀπαί-

1985 3884 2156 3938 ροντι,
2193 3868 2327 3938 πρὸς
2361 3870 2552 3933 αὐταῖς
2595 3871 2652 3922 δὲ
2698 3873 2940 3939 γεγονότι
2988 3877 3107 3938 ταῖς
3139 3876 3412 3930 διαϐάσεσι
3453 3875 3548 3930 τοῦ

1987 3957 2212 4024 Ἰαϐὼκ,
2249 3961 2395 4012 καθά
2427 3960 2754 4030 γέγραπται·
2795 3981 2814 4013 ι
2870 3963 3194 4035 ’Υπελείφθη
3217 3965 3322 4036 γὰρ
3361 3963 3551 4018 Ἰακὼϐ

1989 4049 2180 4120 μόνος,
2238 4050 2332 4103 καὶ⁵
2386 4051 2640 4104 ἐπάλαιεν
2693 4051 2975 4123 ἄνθρωπος
3035 4056 3149 4124 μετ’
3201 4053 3402 4120 αὐτοῦ,
3449 4055 3554 4116 ἓως

1988 4143 2153 4212 πρωΐ.
2187 4136 2306 4195 Οἷδε
2335 4141 2449 4213 [ῑσ.
2487 4139 2617 4214 εἴδε]
2645 4143 2719 4208 δὲ,
2751 4143 2831 4196 ὅτι
2862 4145 2921 4196 ού
2958 4144 3175 4198 δύναται
3206 4145 3338 4215 πρὸς
3372 4145 3552 4210 αὐτὸν,
3617 4175 3620 4178 ~

1988 4233 2080 4286 καὶ⁹
2113 4233 2288 4302 ἥψατο
2323 4232 2418 4284 τοῦ
2449 4233 2683 4297 πλάτους
2715 4234 2807 4286 τοῦ
2845 4235 3019 4305 μηροῦ
3053 4237 3237 4301 αὑτοῦ,
3269 4238 3362 4290 καὶ
3401 4237 3556 4310 ἐνάρο

1990 4340 2125 4394 κησε
2153 4323 2447 4386 τὸοπλάτος
2486 4323 2792 4394 τοῦμηροῦ
2841 4325 3056 4391 Ἰακὼϐ,
3101 4327 3158 4382 ἐν
3191 4327 3266 4398 τῷ
3312 4327 3558 4382 παλαίειν

338 4417 478 4470 illius
512 4431 526 4469 :
556 4414 773 4485 Species
809 4415 901 4470 Del
919 4432 937 4480 ;
969 4418 1151 4484 aspexi
1175 4418 1316 4471 enim
1348 4418 1514 4472 Deum
1537 4417 1674 4473 facie
1711 4419 1775 4472 ad
1805 4418 1877 4472 fa-

1995 4415 2155 4470 αὐτὸν
2196 4415 2311 4486 μετ’
2343 4415 2529 4469 αὑτοῦ.
2585 4413 2721 4468 Eine
2770 4416 3034 4487 δὲναύτῷ·
3075 4419 3414 4472 ’Δπόστειλόν
3447 4437 3512 4488 με
3539 4433 3554 4446 ’

338 4508 494 4572 ciem,
528 4513 582 4560 et
609 4505 755 4561 salva
817 4506 959 4560 facta
1018 4515 1103 4562 est
1149 4507 1328 4561 anima
1358 4523 1495 4565 mea.
1549 4509 1779 4564 Exortus
1804 4519 1891 4565 est

337 4607 510 4652 autem
539 4597 610 4652 illi
634 4597 714 4651 sol
745 4611 864 4650 cum
895 4597 1275 4665 pertransissct
1306 4595 1550 4667 Speciem
1593 4600 1684 4653 Dei
1747 4599 1814 4655 ⁸⁸.
1865 4620 1884 4653 ι

340 4688 576 4756 Intellige
605 4686 785 4756 igitur,
805 4700 910 4739 non
939 4695 997 4738 ut
1037 4685 1408 4755 incorporeum
1465 4696 1519 4742 et
1551 4687 1894 4758 impalpabile

343 4778 572 4832 Verbum
598 4781 858 4846 apparere
888 4776 1208 4844 patriarcha.
1227 4791 1290 4830 eo
1343 4785 1582 4846 tempore
1635 4779 1890 4845 voluisse,

342 4879 396 4922 ut
432 4867 779 4938 illi-mysterii
828 4877 1008 4938 typum
1061 4877 1547 4936 praemonstraret:
1583 4870 1681 4924 sed
1736 4870 1894 4925 homo

343 4969 456 5013 erat
475 4961 562 5028 qui
588 4960 912 5025 luctabatur,
941 4965 995 5012 et
1023 4966 1186 5010 totam
1215 4957 1350 5010 inea
1387 4972 1443 5012 re
1467 4968 1677 5013 noctem
1716 4968 1897 5013 trans-

345 5051 494 5118 egit:
552 5049 895 5104 illucescente
921 5057 1098 5101 autem
1156 5048 1261 5113 die,
1311 5058 1472 5118 atque
1516 5063 1706 5103 aurora
1737 5051 1900 5104 adve-

348 5142 544 5207 niente,
586 5159 605 5191 ‹
657 5141 878 5194 Dimitte
931 5154 1036 5205 me,
1074 5157 1093 5191 ι
1157 5139 1370 5207 inquit;
1422 5139 1561 5207 quod
1624 5139 1901 5193 evidenter

1995 4506 2160 4577 ἀνέϐη
2199 4506 2305 4577 γὰρ
2355 4508 2382 4559 ὁ
2425 4505 2651 4578 ὄρθρος·
2702 4508 2730 4558 ὀ
2774 4507 2830 4560 δὲ
2876 4504 3061 4562 εἶπεν*
3105 4509 3178 4562 Οὐ
3210 4511 3282 4579 μή
3320 4527 3379 4561 σε
3426 4513 3557 4562 ἀπο-

1995 4597 2207 4660 στείλω,
2247 4598 2340 4651 ἐὰν
2377 4598 2450 4668 μή
2489 4614 2555 4667 με
2590 4597 2907 4670 εύλογήσῃς.
2937 4617 2953 4649 ι
2988 4599 3094 4652 Καὶ
3127 4599 3242 4668 μεθ’
3273 4599 3434 4669 ἔτερα
3459 4600 3561 4653 πά-

1994 4689 2110 4742 λινο
2165 4706 2184 4740 ι
2237 4689 2345 4742 Καὶ
2389 4689 2642 4742 ἐκάλεσεν
2689 4689 2881 4741 Ἰακὼϐ
2928 4689 2988 4742 τὸ
3034 4689 3201 4758 ὄνομα
3255 4690 3347 4742 τοῦ
3395 4690 3561 4744 τόπου

1995 4780 2224 4841 ἐκείνου,
2250 4774 2400 4840 Εἶδος
2435 4778 2568 4831 Θεοῦ
2587 4794 2599 4808 ·
2632 4775 2785 4832 Εἶδον
2820 4779 2928 4849 γὰρ
2954 4777 3085 4832 Θεὸν
3112 4779 3398 4850 πρόσωπον
3428 4780 3561 4851 πρὸς

1997 4868 2304 4941 πρόσωπον,
2341 4869 2433 4921 καὶ
2460 4868 2635 4938 ἐσώθη
2666 4886 2765 4938 μου
2799 4871 2831 4939 ὴ
2857 4870 3023 4940 ψυχή.
3055 4871 3310 4924 Ἀνέτειλε
3337 4871 3392 4923 δὲ
3417 4871 3566 4941 αὐτῷ

1999 4963 2027 5014 ὁ
2058 4963 2226 5034 ἥλιος,
2273 4961 2435 5033 ἡνίκα
2470 4961 2707 5030 παρῆλθε
2735 4963 2795 5014 τὸ
2838 4958 2978 5025 εἶδος
3003 4961 3095 5013 τοῦ
3140 4961 3295 5015 Θεοῦ.
3347 4981 3366 5014 ι
3401 4964 3565 5026 Σύνες

2001 5051 2092 5107 οὖν
2125 5055 2289 5119 ὅπως,
2342 5053 2440 5122 οὐχ
2486 5051 2560 5114 ὡς
2607 5051 2895 5121 ἀσώματός
2939 5069 2997 5104 τε
3029 5053 3122 5105 καὶ
3151 5051 3363 5123 ἀναφὴς
3392 5054 3566 5121 Λόγος

2003 5143 2154 5214 ἠξίου
2187 5144 2470 5212 φαίνεσθαι
2505 5142 2582 5213 τῷ
2611 5144 2923 5217 πατριάρχῃ
2970 5145 3306 5214 τοτηνικάδε,
3345 5146 3436 5198 τὸν
3471 5145 3566 5197 τοῦ

346 5237 464 5284 erat
495 5244 524 5282 a
549 5230 687 5284 lucta
721 5229 1179 5287 desistentis..lam
1202 5244 1322 5298 qua:
1371 5229 1443 5282 sit
1494 5229 1737 5300 mysterii
1765 5231 1877 5284 rati.

2004 5233 2305 5303 μυστηρίου
2334 5232 2500 5284 τύπον
2549 5232 2963 5302 προαναφαίνων
3000 5232 3149 5300 αὐτῷ
3171 5250 3183 5263 ’
3227 5233 3341 5286 ἀλλ’
3373 5229 3440 5304 ἦν
3478 5233 3571 5286 ἄν⁴

351 5325 529 5377 dicere
556 5335 776 5376 necesse
801 5331 883 5376 est
912 5340 926 5375 :
955 5336 1076 5376 cum
1108 5320 1192 5374 his
1219 5319 1361 5374 enim
1389 5319 1477 5388 qui
1517 5321 1568 5371 in
1603 5328 1756 5374 nocte
1774 5329 1828 5373 et
1850 5320 1877 5372 ἰι

2007 5320 2221 5390 θρωπος
2269 5321 2298 5371 ὁ
2343 5319 2602 5386 παλαίων,
2641 5321 2732 5373 καὶ
2764 5321 2891 5391 ὅλην
2933 5321 3011 5382 εἰς
3055 5319 3212 5373 τοῦτο
3257 5321 3570 5391 δαπανήσας

360 5412 591 5468 tenebris
622 5411 840 5480 degunt,
863 5425 1089 5480 quorum
1114 5410 1308 5464 animis
1325 5417 1378 5464 et
1425 5407 1678 5464 cordibus
1733 5409 1877 5478 caligi

2005 5411 2104 5479 τὴν
2143 5411 2339 5465 νύκταο
2378 5410 2515 5480 πλὴν
2558 5409 2953 5480 διαυγαζούσης
2997 5410 3236 5481 ἡμέρας,
3284 5411 3479 5481 ὄρθρου
3512 5426 3569 5461 τε

1042 5609 1087 5639 ⁸⁸
1122 5608 1222 5662 Isa.
1265 5621 1416 5666 xun,
1441 5605 1531 5668 20,
1566 5607 1654 5660 2i.

971 5677 1014 5709 ”
1054 5677 1190 5731 Gen.
1227 5690 1395 5732 χχχιι.
1428 5675 1619 5730 22-26.

421 5616 464 5647 "
506 5613 604 5667 Isa.
637 5625 772 5674 xw,
801 5609 854 5672 6,
888 5608 936 5660 7.

354 5687 395 5718 “
434 5683 621 5738 Matth.
652 5695 760 5738 χιι.
805 5679 894 5732 25.

1766 5606 1807 5637 ⁶¹
1847 5605 1866 5659 1
1905 5603 2052 5659 Petr.
2093 5619 2151 5667 ιι,
2181 5604 2351 5671 9,10.

1719 5676 1763 5707 ⁸⁸
1802 5675 1930 5729 ibid.
1961 5676 2051 5741 δυ,
2083 5675 2168 5728 51.

2467 5605 2511 5634 ⁶¹
2551 5604 2589 5658 ll
2631 5604 2752 5660 Cor.
2796 5621 2846 5666 ι’.
2887 5605 2970 5657 17.
3084 5603 3128 5634 ⁸³
3169 5602 3467 5672 Philippm,
3511 5601 3562 5656 7.
