4004 6202
327 353 417 408 H5

1368 351 1740 410 ADVERSUS
1775 353 2184 415 NESTORIUM
2227 357 2356 414 LIB.
2397 360 2479 416 111.

3455 360 3570 413 116Δ

325 467 697 539 γεγενημένου,
753 467 839 531 τὸ,
878 484 898 518 σ
944 467 1286 523 Ἀπόστειλόν
1327 487 1417 539 με,
1461 489 1480 523 ι
1524 474 1706 543 φησὶν,
1752 476 1887 546 ὅπερ

2003 479 2252 549 spiritalis
2285 477 2457 534 oll‘usa
2475 487 2557 532 est
2583 487 2638 532 et
2671 477 2907 532 nondum
2938 477 3053 545 ejus
3085 476 3396 545 mysterium
3461 493 3556 529 va-

327 561 385 633 ἦν
408 561 638 631 ἐναργῶς
685 559 1053 623 καταλύοντος
1086 560 1185 631 τὴν
1229 562 1425 634 πάλην.
1467 567 1578 619 Καὶ
1615 566 1699 630 τίς
1730 569 1758 619 6
1789 567 1883 620 τοῦ

332 653 601 724 μυστηρίου
639 651 842 718 λόγος,
891 653 1068 705 εἰπεῖν
1117 652 1442 721 ἀναγκαῖονσ
1491 659 1603 720 τοῖς
1650 659 1748 729 μὲν
1778 660 1886 730 γὰρ

331 745 394 806 ὡς
420 746 470 795 ὲν
499 742 648 794 νυκτὶ
679 742 773 794 καὶ
821 742 1007 794 σκότει
1033 742 1358 808 διατελοῦσι,
1390 747 1484 800 καὶ
1511 747 1676 818 ἀχλὺν
1706 750 1886 821 ἔχουσι

333 836 417 901 τὴν
463 836 648 903 νοητὴν
695 835 778 894 είς
822 833 948 885 νοῦν
997 833 1093 886 καὶ⁸
1149 834 1394 905 καρδίαν,
1442 837 1592 891 οῦπω
1638 858 1698 893 τε
1749 845 1888 896 νοεῖν

339 923 553 990 ίσχύουσι
583 923 642 974 τὸ
690 922 785 974 ἐπ’
831 923 980 992 αὐτῷ
1033 927 1350 996 μυστήριον,
1392 928 1643 982 παλαίειν
1683 950 1741 985 τε
1797 935 1888 987 καὶ

343 1013 576 1082 μὰχεσθαι
604 1014 696 1064 καὶ
727 1016 894 1084 νικᾷν
928 1014 1047 1077 ἔθος
1079 1016 1259 1086 αὐτῷ·
1296 1021 1409 1082 τοῖς
1435 1037 1497 1088 γε
1529 1024 1636 1092 μὴν
1667 1025 1723 1076 ἐν
1752 1029 1894 1094 φωτὶ

343 1109 576 1173 γεγονόσι,
603 1109 695 1160 καὶ
721 1109 808 1170 ὡς
849 1110 907 1160 ὲν
950 1109 1132 1179 ὖρθρῳ
1158 1109 1236 1179 τῷ
1261 1111 1457 1181 νοητῷ,
1491 1115 1583 1165 καὶ
1610 1117 1888 1186 νενοηκόσι

351 1193 398 1250 εὖ
432 1198 550 1267 μάλα
573 1199 629 1250 τὸ
657 1200 986 1268 μυστήριον,
1011 1201 1111 1253 οὐκ
1153 1201 1501 1256 ἐπιπαλαίειν
1527 1205 1686 1270 ἀξιοῖ,
1716 1207 1891 1260 διανέ-

357 1305 430 1355 μει
462 1289 506 1340 δὲ
544 1290 733 1357 μᾶλλον
785 1291 1033 1357 εὐλογίας
1082 1295 1474 1361 πνευματικοῖς.
1527 1296 1753 1362 Οὐκοῦν,
1789 1298 1891 1352 κᾶν

354 1378 434 1447 ὀψὲ
474 1381 556 1431 καὶ
611 1381 761 1450 μόλις
827 1381 1092 1448 είσγένοιο
1135 1384 1228 1436 καὶ
1264 1385 1424 1448 αὐτὸς
1465 1385 1586 1454 μεθ’
1635 1389 1786 1456 ἡμῶν
1835 1392 1891 1443 ἐν

359 1470 488 1533 φωτὶ,
515 1470 598 1520 καὶ
627 1464 733 1522 οἷον
768 1471 828 1521 ἐν
855 1471 1058 1542 ὄρθρῳ,
1101 1473 1439 1528 πεπαύσεταί
1474 1491 1554 1528 σοι
1586 1479 1893 1547 μαχόμενος

359 1561 384 1611 6
408 1559 792 1638 πάνταςνικῶν.
825 1561 936 1614 Θέα
963 1562 1020 1614 δὲ
1049 1563 1196 1626 ὅπως
1226 1565 1512 1636 ἀνθρώπου
1553 1569 1892 1637 παλαίοντος,

359 1651 384 1699 ὁ
413 1649 661 1714 Θεσπέσιος
701 1652 901 1704 Ἰακὼό
938 1654 1242 1723 ἑωρακέναι
1290 1657 1420 1727 φησὶ
1448 1657 1537 1711 τὸν
1567 1660 1698 1713 Θεὸν
1728 1662 1895 1732 πρόσ-

363 1756 486 1790 ωπον
527 1740 648 1809 πρὸς
679 1743 989 1811 πρόσωπον.
1049 1745 1406 1812 Προστέθεικε
1469 1750 1524 1802 δὲ
1565 1750 1627 1804 τὸ
1656 1752 1893 1823 Γράμμα

1987 571 2099 624 leut
2127 571 2458 640 intelligere,
2491 568 2684 622 luctari
2716 583 3061 638 pugnareque
3097 568 3183 622 ille
3235 579 3300 622 et'
3338 570 3559 622 vincere

1989 661 2122 715 solet
2154 676 2167 712 :
2199 676 2318 714 cum
2353 660 2436 714 liis
2471 673 2602 714 vero
2631 660 2719 728 qui
2745 659 2798 712 in
2823 659 2942 713 luce
2962 667 3162 714 suntet
3209 658 3437 727 Spiritali
3465 660 3548 712 di.

1990 751 2188 816 luculo,
2209 761 2260 804 et
2283 752 2448 821 probe
2478 751 2790 822 mysterium
2822 749 3148 818 intelligunt,
3172 765 3277 802 non
3307 749 3405 802 sibi
3435 765 3556 803 esse

1990 841 2334 910 pugnandum
2371 849 2580 902 censet,
2634 837 2729 894 sed
2763 839 2940 909 potius
2963 838 3233 906 spiritales
3264 837 3370 891 illis
3393 840 3556 891 bene-

1991 931 2254 985 dictioues
2276 931 2480 984 tribuit.
2510 929 2564 983 Si
2591 930 2752 999 igitur
2779 928 2863 982 vel
2881 943 3002 982 sero
3028 929 3240 982 tandem
3272 928 3554 982 nobiscum

1994 1021 2046 1074 in
2080 1020 2279 1074 lumine
2315 1030 2560 1074 versatus
2580 1017 2768 1080 fueris,
2792 1027 2844 1070 et
2900 1026 3152 1086 tanquam
3211 1015 3262 1069 in
3301 1016 3558 1083 diluculo,

1994 1112 2136 1165 illico
2169 1119 2345 1165 tecum
2399 1125 2638 1180 pugnare
2701 1111 2926 1164 desistet
2977 1109 3068 1180 qui
3134 1107 3298 1161 vincit
3344 1121 3557 1160 omnes.

1994 1204 2164 1257 Velim
2201 1212 2378 1257 autem
2410 1203 2746 1266 consideres,
2789 1211 3060 1271 pugnante
3122 1199 3336 1254 homine
3360 1199 3560 1251 dixisse

1994 1293 2210 1348 beatum
2236 1279 2406 1346 Jacobi
2421 1306 2480 1347 se
2501 1291 2699 1345 vidisse
2731 1289 2896 1344 Deum
2929 1288 3064 1343 facie
3094 1289 3158 1341 ad
3191 1286 3382 1342 faciem
3409 1305 3422 1353 ;
3450 1286 3559 1356 82

1993 1383 2198 1436 addidit
2225 1383 2384 1436 etiam
2409 1395 2562 1435 sacra
2585 1378 2862 1448 Scriptura
2892 1396 2905 1432 :
2943 1395 2961 1429 ι
3013 1376 3182 1432 Ortus
3226 1388 3326 1431 est~
3359 1377 3431 1429 illi
3482 1376 3560 1429 sol

1994 1474 2209 1542 quando
2265 1471 2578 1541 pertransiit
2608 1469 2854 1540 Speciem
2921 1469 3035 1523 Dei.
3075 1487 3092 1518 ›
3145 1467 3258 1533 Qua
3317 1482 3446 1536 ergo
3491 1467 3558 1518 de

1995 1579 2154 1619 causa
2183 1561 2460 1617 erubescis
2482 1563 2546 1616 de
2570 1559 2958 1615 exinanitionis
2982 1573 3256 1622 mensura,
3282 1573 3401 1613 cum
3431 1558 3559 1610 illud

1995 1670 2058 1710 ex
2099 1655 2204 1708 Deo
2230 1652 2388 1707 Patre
2419 1650 2649 1706 Verbum
2708 1652 3042 1704 incarnatum
3079 1650 3249 1703 fuisse
3305 1658 3359 1702 et
3392 1649 3564 1702 homi-

1996 1761 2117 1800 nem
2138 1744 2357 1809 factum,
2377 1753 2437 1797 ut
2467 1744 2675 1812 opinor,
2715 1743 2970 1812 praedicet
2993 1742 3241 1810 quisquis
3264 1750 3470 1794 rectam
3500 1739 3564 1793 li-

365 1827 416 1879 τὸ
459 1829 602 1896 ἱερὸν,
658 1831 736 1883 ὅτι
799 1850 817 1882 ι
890 1831 1184 1885 ’Δνέτειλεν
1228 1837 1377 1906 αὐτῷ
1432 1840 1460 1891 6
1506 1819 1890 1912 ἥλιος-ἡνίκα

2003 1837 2116 1892 dem
2149 1844 2314 1900 tenet,
2340 1845 2394 1888 et
2420 1843 2670 1889 accurate
2708 1848 2982 1887 sacrarum
3045 1831 3373 1886 Litterarum
3427 1845 3555 1900 pro-

371 1918 576 1987 παρῆλθε
606 1921 660 1972 τὸ
699 1916 835 1984 εἶδος
889 1922 983 1975 τοῦ
1030 1923 1186 1978 Θεοῦ.
1243 1945 1262 1976 ι
1321 1929 1462 1981 ἈνΘ’
1511 1931 1634 1984 ὅτου
1677 1933 1740 2004 δὴ
1799 1931 1892 1987 οῦν

376 2009 655 2080 imp-alipta;
685 2014 792 2074 τοῖς
830 2013 933 2083 τῆς
978 2014 1260 2080 κενώσεως
1311 2020 1549 2091 μέτροις,
1577 2022 1751 2077 καίτοι
1799 2026 1892 2079 τὸν

385 2098 440 2147 ὲκ
461 2097 574 2149 Θεοῦ
605 2101 799 2170 Πατρὸς
826 2105 1000 2172 Λόγον
1029 2109 1378 2179 σαρκωοῆναί
1406 2129 1464 2164 τε
1493 2115 1587 2167 καὶ
1620 2116 1892 2187 ἐνανθρω-

396 2187 559 2278 ﬁcit,
578 2194 762 2259 παντὸς,
778 2191 952 2265 οἶμαι,
974 2197 1223 2266 λέγοντος
1241 2199 1334 2254 τοῦ
1359 2204 1452 2257 καὶ
1481 2205 1647 2278 ὀρθὴν
1678 2206 1899 2278 ἔχοντος

407 2277 575 2340 πίστιν,
608 2282 682 2331 καὶ
716 2281 1084 2350 βασανίζοντος
1121 2287 1362 2358 ἀκριϐῶς
1393 2289 1493 2359 τῆς
1536 2277 1894 2348 θεοπνεύστου

405 2363 445 2416 Γ
446 2366 598 2435 pagi};
621 2371 693 2421 τὸν
723 2375 938 2440 σκοπὸν;
980 2376 1038 2429 'U
1069 2379 1244 2430 τοίνυν
1273 2382 1406 2449 ἡμῖν
1429 2383 1731 2451 όμοούσιος,
1759 2385 1894 2439 καθὸ

397 2457 602 2522 γέγονεν
622 2461 892 2531 ἀνθρώποις·
923 2468 1008 2520 καὶ
1034 2468 1184 2540 αὐτῷ
1208 2470 1264 2523 δὲ
1293 2471 1372 2541 τῷ
1397 2473 1592 2542 Πατρὶ,
1624 2476 1764 2529 καθὰ
1801 2495 1897 2546 με-

386 2546 576 2638 μένηκε
597 2553 682 2604 καὶ
709 2555 1056 2628 ἀνθρωπότητι
1073 2559 1186 2632 [τσ.
1217 2563 1276 2614 ὲν
1303 2562 1703 2638 ἁνθρωπότητι]
1741 2568 1892 2632 Θεὸς,

378 2637 633 2712 ἀπεστάλη
682 2647 953 2716 κηρύσσων
997 2652 1364 2722 αἰχμαλώτοις
1411 2654 1624 2724 ἄφεσιν,
1667 2637 1758 2710 καὶ
1808 2677 1898 2711 τυ-

374 2729 510 2798 φλοῖς
548 2735 835 2808 ἀνάϐλεψιν,
869 2742 1118 2797 ἰάσασθαί
1147 2762 1207 2797 τε
1239 2746 1364 2808 τοὺς
1396 2749 1896 2820 συντετριμμένους

368 2823 456 2892 τὴν
498 2828 716 2897 καρδίαν,
756 2833 982 2886 καλέσαι
1016 2834 1074 2886 δὲ
1125 2836 1218 2888 καὶ
1265 2838 1510 2890 ἐνιαυτὸν
1558 2840 1759 2909 Κυρίου
1810 2841 1898 2894 δε-

367 2915 496 2970 κτόν.
548 2921 706 2975 Αὑτοῦ
750 2923 876 2994 γὰρ
912 2925 1076 2994 μόνου
1133 2927 1226 2978 καὶ
1269 2927 1364 2996 οὐχ
1412 2929 1599 2998 ἑτέρου
1649 2931 1790 2992 τινὸς
1831 2932 1905 2985 τὰι

364 3008 523 3060 τοιάδε
555 3012 777 3084 γέγονεν
797 3016 878 3078 είς
909 3018 1057 3086 ἡμᾶς
1097 3017 1529 3088 κατορθώματα·
1563 3021 1656 3072 καὶ
1695 3021 1898 3074 πιστώο

366 3098 502 3151 σεταί
544 3117 620 3165 τις
649 3103 748 3156 τῶν
797 3106 970 3172 ἁγίων
1023 3109 1334 3178 προφητῶν,
1364 3108 1506 3162 οὕτω
1529 3109 1701 3178 λέγων
1722 3127 1733 3139 ·
1781 3130 1798 3161 ι
1824 3113 1898 3164 Οὐ

362 3162 612 3256 πρέσὸυς,
657 3193 754 3246 οὐκ
789 3162 1041 3263 ἅγγελος,
1066 3162 1204 3251 ’ἀλλ”
1260 3162 1419 3262 αὐτὸς
1465 3201 1495 3252 ό
1531 3162 1732 3270 Κόριος
1764 3162 1900 3255 ἔσωζ
1931 3162 1975 3222 C

361 3289 442 3327 σεν
467 3278 597 3346 ἡμᾶς
617 3296 630 3308 ο
670 3299 688 3331 ι
726 3283 755 3332 6
782 3283 877 3334 καὶ
907 3284 1280 3353 ἐναργέστατα
1312 3283 1484 3351 λέγων
1503 3299 1514 3313 ’
1559 3303 1578 3335 «
1615 3284 1712 3338 Διὰ
1744 3285 1902 3340 τοῦτο

353 3366 595 3431 γνώσεται
636 3372 666 3422 6
714 3371 843 3433 λαός
899 3389 999 3442 μου
1042 3372 1104 3424 τὸ
1147 3372 1317 3443 ὄνομα
1362 3391 1463 3443 μου
1510 3373 1568 3426 ὲν
1613 3377 1678 3444 τῇ
1719 3376 1907 3447 ἡμέρα

351 3457 512 3530 ἐκείνῃ
533 3478 546 3490 ο
577 3460 743 3525 αὐτὸς
772 3465 801 3516 6
847 3462 1043 3540 λαλῶν,
1081 3465 1332 3535 πάρειμι.
1375 3485 1397 3517 ι
1438 3466 1630 3520 Καίτοι
1659 3467 1795 3533 πῶς,
1827 3467 1910 3520 εἴ-

349 3567 443 3620 περ
471 3547 534 3622 ἦν
563 3572 653 3617 τις
686 3552 972 3625 ἄνθρωπος
1001 3555 1189 3619 ἁπλῶς
1225 3560 1252 3611 6
1284 3557 1708 3628 ἀπεσταλμένος,
1743 3559 1904 3623 αὐτὸς

349 3640 407 3692 ἂν
435 3647 615 3707 νοοῖτο,
656 3647 753 3698 καὶ¹
787 3646 877 3698 τὸν
913 3647 1080 3700 πάλαι
1115 3650 1239 3711 τοῖς.
1275 3649 1651 3719 ἀρχαιοτέροις
1700 3667 1904 3722 κεχρη-

348 3732 686 3803 σμῳδημένον
733 3735 972 3805 λαλήσας
1027 3737 1218 3808 νόμον;
1279 3740 1353 3792 Οὐ
1401 3739 1509 3810 γάρ
1553 3756 1606 3791 τι
1643 3738 1750 3811 [τον.
1796 3741 1902 3813 τοι]

349 3825 510 3894 προὼν
540 3829 618 3892 ὡς
661 3827 945 3900 ἄνθρωπος
988 3832 1313 3902 γεγενῆσθαι
1349 3833 1546 3900 λέγοιτ’
1581 3835 1668 3897 ἂν,
1707 3833 1792 3886 ἵνα
1828 3835 1902 3903 μὴ

346 3912 433 3978 τῆς
473 3915 548 3978 είς
570 3914 644 3970 τὸ
682 3912 823 3970 εἶναι
853 3919 1108 3988 παρόδου,
1140 3921 1522 3992 πρεσϐυτέραν
1556 3921 1694 3992 ἔχων
1730 3920 1907 3992 ὁρῷτο

351 4003 438 4071 τὴν
471 4004 716 4077 ὓπαρξιν·
755 4009 868 4062 ἀλλ’
916 4010 992 4073 ὡς
1025 4009 1156 4072 Θεὸς
1198 4009 1601 4080 προῦπάρχων,
1641 4010 1904 4080 λελάληκε

355 4092 446 4160 μὲν
468 4096 546 4148 τὸν
569 4098 759 4167 νόμον,
787 4100 1037 4170 παρεῖναι
1057 4099 1111 4152 δέ
1137 4116 1269 4168 φησι
1298 4098 1461 4163 ξένως
1487 4117 1546 4152 τε
1596 4101 1688 4153 καὶ
1744 4101 1908 4153 ἀσυν-

353 4184 484 4252 ήθως
516 4189 606 4241 ὅτε
662 4189 885 4256 γέγονεν
932 4188 1252 4259 ἄνθρωπος·
1286 4189 1420 4242 ἀλλά
1469 4190 1578 4252 ναὶ,
1631 4191 1784 4260 φησὶ,
1835 4190 1909 4246 τὰ

341 4275 503 4329 πάντα
538 4279 747 4348 πληροῖ
782 4279 913 4341 Θεὸς
942 4279 1018 4332 ὢν
1061 4281 1090 4332 6
1131 4281 1336 4347 Λόγοςο
1369 4280 1484 4344 πῶς
1532 4277 1624 4335 οὖν
1660 4281 1768 4352 ἄρα
1812 4284 1906 4336 καὶ

336 4367 611 4440 ἀπεστάλη
637 4385 651 4433 ;
689 4369 792 4422 ποῦ
823 4369 933 4441 γὰρ
962 4370 1063 4422 οὐκ
1084 4366 1151 4440 ἦν
1175 4370 1203 4421 6
1232 4372 1407 4424 πάντα
1436 4371 1695 4442 πληρῶνς
1728 4372 1793 4424 Τί
1822 4372 1905 4436 δὲ,

1999 1930 2228 2000 positum
2267 1925 2653 1997 exquirit'Hlle
2683 1925 2844 1994 igitur
2877 1922 3355 1978 consubstantialis
3389 1923 3566 1987 nobis,

1999 2035 2100 2091 qua
2124 2020 2296 2076 factus
2315 2028 2397 2074 est
2427 2020 2607 2078 homo,
2637 2025 2692 2071 et
2727 2016 2824 2086 ipsi
2857 2015 3040 2070 itidem
3074 2014 3238 2079 Patri,
3269 2029 3370 2082 qua
3404 2014 3564 2066 etiam

1999 2114 2052 2168 in
2085 2111 2549 2182 ipsahumanitate
2587 2107 2728 2162 Deus
2751 2106 2969 2170 mansit,
3011 2106 3206 2159 missus
3235 2114 3316 2159 est
3376 2103 3568 2171 prmdi-

1999 2218 2123 2258 care
2151 2201 2378 2270 captivis
2411 2199 2808 2258 remissionem,
2845 2206 2896 2250 et
2928 2197 3086 2249 caecis
3118 2195 3313 2258 visum,
3368 2203 3419 2247 et
3455 2207 3568 2244 me-

2000 2297 2114 2351 deri
2143 2294 2384 2351 contritis
2423 2293 2606 2358 corde,
2640 2301 2694 2346 et
2725 2290 2960 2344 indicere
2989 2303 3187 2342 annum
3240 2285 3449 2340 Domini
3480 2299 3568 2336 ac»

2002 2385 2317 2454 ceptabilem
2342 2385 2387 2416 "
2423 2399 2437 2435 :
2471 2383 2637 2452 ipsius
2673 2395 2906 2448 namque
2941 2380 3127 2440 solius,
3181 2391 3284 2429 non
3340 2373 3567 2442 alicujus

2003 2475 2226 2530 alterius
2261 2469 2764 2539 fueruntejusmodi
2809 2466 3066 2535 przeclara
3124 2472 3270 2531 gesta
3312 2476 3435 2529 erga
3470 2475 3569 2513 nos

2002 2575 2330 2640 perpetrata.
2357 2564 2453 2620 Cui
2490 2563 2566 2617 rei
2603 2563 2762 2616 fidem
2819 2559 2982 2612 faciet
3034 2556 3252 2625 quidem
3282 2570 3310 2607 a
3367 2553 3571 2607 sanctis

2003 2657 2302 2728 prophetis,
2327 2656 2420 2725 qui
2452 2654 2579 2709 dicit
2609 2670 2623 2706 ι
2650 2670 2668 2703 ι
2700 2651 2815 2706 Non
2874 2649 3100 2718 legatus,
3163 2661 3268 2700 non
3330 2643 3569 2712 angelus,

2004 2748 2097 2803 sed
2136 2747 2249 2816 ipse
2271 2745 2527 2799 Dominus
2551 2743 2895 2796 salvavitnos
2917 2740 2994 2806 ⁶⁸;
3037 2758 3056 2789 ι
3095 2739 3182 2807 qui
3219 2737 3382 2791 etiam
3413 2750 3569 2804 aper-

2009 2839 2215 2892 tissime
2254 2837 2425 2890 dicit:
2462 2853 2479 2885 ι
2512 2833 2738 2903 Propter
2811 2834 2912 2886 hoc
2961 2831 3094 2885 sciet
3143 2829 3371 2898 populus
3416 2841 3568 2880 meus

2007 2943 2200 2983 nomen
2232 2943 2408 2980 meum
2434 2928 2485 2979 in
2522 2926 2607 2979 die
2636 2925 2745 2989 illa,
2775 2924 2898 2992 quia
2928 2937 3028 2991 ego
3063 2922 3176 2989 ipse
3199 2921 3288 2987 qui
3315 2919 3575 2987 loquebar

2008 3025 2194 3074 adsum
2225 3017 2288 3069 δ’.
2332 3035 2348 3066 ι
2390 3014 2552 3084 Atqui
2576 3015 2618 3068 si
2649 3013 2735 3067 ille
2775 3011 2970 3066 missus
3007 3011 3166 3063 homo
3197 3009 3392 3076 aliquis
3419 3021 3571 3060 com-

2009 3107 2188 3160 munis
2210 3115 2373 3170 esset,
2406 3104 2675 3173 quomodo
2699 3103 2814 3172 ipse
2837 3101 2976 3154 idem
3005 3113 3123 3152 esse
3159 3097 3572 3167 intelligeretur.

2007 3196 2098 3265 qui
2139 3196 2411 3249 veteribus
2445 3194 2546 3248 illis
2576 3193 2745 3262 legem
2775 3191 2899 3246 olim
2918 3190 3118 3244 edidit?
3152 3187 3335 3257 Neque
3402 3189 3570 3251 enim,

2006 3288 2050 3342 si
2075 3296 2131 3340 ut
2163 3287 2324 3340 homo
2354 3287 2504 3354 prius
2541 3294 2706 3349 esset,
2764 3286 2922 3338 homo
2971 3281 3144 3336 factus
3184 3296 3303 3335 esse
3337 3295 3573 3348 unquam

2006 3377 2108 3432 dici
2136 3387 2338 3446 posset,
2371 3391 2437 3430 ne
2458 3375 2859 3430 subsistentiam
2901 3373 3261 3442 antiquiorem
3291 3371 3442 3424 initio
3469 3385 3576 3438 quo

2008 3483 2128 3523 esse
2161 3467 2349 3537 cmpit,
2378 3467 2576 3536 habere
2599 3467 2882 3520 videatur:
2919 3465 3012 3519 sed
3075 3478 3194 3516 cum
3232 3462 3576 3531 praacxsiste-

2008 3567 2089 3613 ret
2123 3567 2178 3612 ut
2202 3559 2362 3623 Deus,
2389 3558 2597 3613 locutus
2614 3557 2828 3624 quidem
2859 3565 2944 3610 est
3003 3555 3194 3625 legem,
3243 3568 3302 3609 se
3331 3566 3461 3607 vero
3483 3553 3577 3604 ad-

2005 3664 2126 3705 esse
2173 3651 2247 3704 ait
2293 3665 2430 3705 novo
2479 3651 2798 3717 iusuetoque
2858 3648 3036 3713 modo,
3084 3661 3207 3700 cum
3275 3645 3449 3697 factus
3494 3650 3578 3696 est

2006 3743 2188 3797 homo.
2211 3741 2396 3811 Atqui,
2426 3741 2620 3810 inquit,
2654 3740 2834 3796 omnia
2891 3739 3125 3808 complet
3161 3736 3418 3800 Verbum,
3451 3750 3572 3788 cum

2007 3831 2078 3886 sit
2106 3831 2277 3886 Deus:
2303 3831 2570 3900 quomodo
2599 3831 2760 3900 igitur
2788 3830 2950 3884 etiam
2970 3831 3167 3882 missus
3189 3827 3314 3881 est?
3339 3840 3458 3878 nam
3483 3824 3575 3876 ubi

2006 3934 2111 3976 non
2159 3929 2278 3973 erat
2316 3920 2404 3988 qui
2435 3919 2664 3987 complet
2695 3918 2914 3971 omnia?
2950 3915 3086 3982 Quid
3123 3929 3271 3982 ergo,
3297 3914 3384 3967 dic
3415 3914 3570 3975 mihi,

2008 4010 2243 4066 divinam
2284 4018 2635 4077 sanctamque
2671 4007 2986 4061 Trinitatem
3035 4014 3438 4059 coarctatamne
3480 4019 3578 4071 pu-

2008 4102 2263 4167 tabinms,
2289 4117 2354 4155 an
2377 4116 2474 4171 per
2512 4100 2692 4155 omnia
2717 4098 2928 4155 dilatari
2981 4107 3037 4152 et
3061 4097 3240 4152 omnia
3268 4097 3593 4165 complere?

2009 4195 2066 4252 id
2087 4196 2132 4250 si
2173 4196 2245 4250 ita
2280 4203 2382 4258 est,
2415 4194 2682 4263 quomodo
2707 4207 2930 4260 magnus
2959 4189 3050 4244 ille
3075 4188 3273 4252 Moses,
3298 4203 3420 4242 cum
3458 4188 3579 4257 qui-

2009 4289 2132 4343 dam
2162 4302 2192 4341 e
2216 4287 2410 4356 priscis
2444 4285 2751 4340 hominibus
2783 4282 2970 4336 turrim
2989 4281 3320 4335 mdilieareut
3343 4282 3408 4333 ad
3464 4295 3578 4334 caa-

2011 4381 2120 4434 lum
2149 4393 2318 4447 usque
2353 4378 2769 4447 pertingcntem,
2809 4375 3022 4429 induxit
3059 4374 3322 4428 dicentem
3355 4371 3521 4426 Demn
3564 4389 3600 4423 :.

333 4459 446 4510 είπέ
475 4478 592 4528 μοι,
634 4459 733 4530 τὴν
758 4459 904 4513 θείαν
939 4459 1034 4513 καὶ
1063 4460 1348 4530 όμοούσιον-
1371 4462 1576 4532 Τριάδα
1617 4462 1901 4516 συνεστάλ-

2016 4490 2033 4522 ‹
2073 4471 2286 4533 Venite,
2313 4469 2704 4524 descendamus
2725 4476 2780 4521 et
2823 4465 3214 4520 confundamus
3267 4464 3338 4518 ibi
3373 4463 3598 4531 linguas-

331 4548 414 4600 θαι
457 4551 736 4621 δώσομεν,
784 4552 816 4622 ἢ
886 4551 1312 4621 κατευρύνεσθαί
1365 4570 1424 4605 τε
1463 4552 1570 4606 τῶν
1617 4553 1773 4619 ὅλων,
1808 4555 1904 4607 καὶ

331 4642 501 4694 πάντα
549 4643 831 4713 πληροῦν;
885 4640 1018 4697 Εἶτα
1069 4644 1187 4707 πῶς
1233 4645 1367 4713 ἡμῖν
1411 4646 1440 4698 6
1474 4644 1645 4714 μέγας
1678 4646 1904 4714 Μωσῆς,

327 4731 407 4782 ὅτε
441 4732 534 4784 τὸν
565 4732 924 4802 οὐρανομήκη
957 4733 1164 4803 πύργον
1212 4733 1561 4802 ἁνεδείμαντό
1609 4751 1753 4796 τινες
1797 4735 1904 4786 τῶν

332 4821 731 4892 ἀρχαιοτέρων,
754 4825 1098 4895 εἰσκεκόμικε
1125 4825 1348 4892 λέγοντα
1377 4826 1468 4878 τὸν
1489 4825 1646 4878 Θεόν·
1674 4844 1693 4876 ‹
1719 4825 1907 4889 Δεῦτε,

329 4914 420 4964 καὶ
459 4913 810 4977 καταϐάντες
846 4917 1163 4985 συγχέωμεν
1213 4918 1328 4969 ἐκεῖ
1369 4915 1468 4978 τὰς
1513 4915 1763 4985 γλώσσας
1809 4917 1907 4970 αὐ-

331 5004 469 5069 τῶν;
514 5023 535 5056 )
576 5005 745 5067 Ποίας
793 5005 960 5058 ἐδεῖτο
989 5007 1339 5070 καταϐάσεως
1384 5008 1672 5077 ήοῦρανόν
1708 5025 1769 5061 τε
1813 5007 1909 5061 καὶ

330 5096 432 5164 γῆν
467 5097 875 5165 ἀναπιμπλᾶσα
931 5098 1118 5166 φύσιςς
1167 5085 1480 5170 Γέγραπται
1529 5099 1585 5152 δὲ
1641 5099 1735 5153 κα)⁸
1783 5100 1910 5170 περὶ

331 5186 420 5238 τοῦ
457 5190 623 5256 ἁγίου
659 5188 996 5256 Πνεῦματος,
1021 5189 1102 5242 ὅτι
1130 5208 1149 5239 ι
1193 5190 1416 5260 Πνεῦμα
1462 5191 1668 5262 Κυρίου
1705 5191 1916 5262 πεπλή-

331 5291 473 5344 ρωκε
513 5278 614 5346 τὴν
637 5279 984 5350 οίκουμένην.
1009 5298 1027 5330 ι
1051 5279 1256 5334 Ψάλλει
1275 5282 1370 5335 καί
1399 5299 1562 5352 φησιν
1594 5284 1624 5335 6
1647 5284 1915 5354 μακάριος

331 5367 498 5420 Δαὸὶδ
533 5369 662 5437 περί
705 5367 811 5422 τῶν
842 5371 900 5420 ὲν
933 5373 1003 5440 γῇ
1049 5371 1314 5441 κειμένων
1345 5373 1479 5442 πρὸς
1511 5374 1599 5427 τὸν
1630 5377 1913 5440 ζωοποιεῖν

330 5457 596 5528 ίσχῦοντα
627 5460 758 5513 Θεόν
781 5478 793 5490 ·
832 5480 848 5514 ι
897 5460 1304 5527 Ἐξαποστελεῖς
1339 5465 1398 5519 τὸ
1441 5466 1665 5537 Πνεῦμά
1695 5484 1787 5520 σου
1817 5468 1910 5521 καὶ

405 5657 460 5736 '1
501 5655 598 5736 lsa.
629 5664 846 5736 ui,_t,
896 5660 960 5727 2;
989 5659 1122 5726 Luc,
1181 5677 1254 5729 ιν,
1308 5661 1390 5730 18,
1426 5663 1511 5720 19.
1563 5722 1576 5736 ,
1616 5665 1660 5698 ⁸⁸
1698 5668 1801 5722 lsa.
1837 5679 1988 5734 LXIII,
2017 5663 2082 5720 9e

325 5726 375 5756 "
417 5725 568 5781 Psal.
606 5744 724 5795 cm,
751 5729 839 5785 '50.

2013 4577 2199 4618 eorum
2233 4561 2319 4614 7°?
2354 4579 2373 4612 ι
2419 4560 2660 4626 Quanam
2693 4558 3046 4612 descensione
3072 4571 3206 4624 opus
3233 4554 3465 4609 habebat
3490 4553 3581 4606 illa

2013 4665 2134 4720 quat
2157 4651 2351 4706 ctelum
2385 4665 2450 4704 ac
2494 4659 2666 4703 terras
2692 4647 2925 4718 complet
2955 4645 3180 4699 natura?
3203 4644 3472 4710 Scriptum
3496 4652 3581 4695 est

2015 4743 2174 4798 etiam
2199 4743 2264 4797 de
2293 4750 2480 4796 sancto
2498 4740 2698 4810 Spiritu
2734 4759 2748 4794 :
2781 4757 2799 4790 ι
2841 4738 3076 4808 Spiritus
3127 4735 3335 4790 Domini
3362 4734 3585 4801 replevit

2016 4835 2203 4888 orbem
2230 4841 2498 4887 terrarum
2523 4833 2589 4885 ⁷⁸.
2627 4851 2644 4883 ο
2683 4830 2873 4885 Psallit
2903 4839 3164 4898 praeterea
3184 4828 3370 4880 beatus
3389 4824 3575 4890 David,

2018 4937 2084 4979 ac
2107 4927 2172 4978 de
2198 4922 2280 4976 his
2312 4923 2400 4991 qui
2444 4923 2500 4976 in
2548 4921 2708 4975 terris
2741 4928 2867 4974 sunt
2893 4919 3072 4987 positi,
3096 4931 3217 4971 cum
3265 4914 3376 4966 Deo
3403 4913 3583 4981 loqui-

2017 5026 2124 5081 tur,
2156 5016 2246 5084 qui
2275 5014 2546 5067 vivilicare
2576 5020 2751 5082 potest
2780 5027 2798 5065 :
2837 5029 2855 5062 ι
2882 5009 3104 5063 Emittes
3131 5004 3388 5074 Spiritum
3410 5013 3584 5070 tuum,

2017 5114 2072 5160 et
2101 5105 2447 5170 creabuntur,
2483 5113 2536 5156 et
2561 5101 2844 5156 renovabis
2866 5099 3055 5153 faciem
3089 5106 3244 5150 terrae
3266 5095 3349 5158 ἠς
3402 5112 3422 5148 ο
3452 5111 3585 5162 quo-

2016 5198 2176 5253 modo
2204 5197 2435 5251 mittitur
2471 5195 2562 5265 qui
2607 5193 2840 5261 complet
2887 5189 3108 5244 omnia?
3131 5187 3208 5243 Ne
3270 5189 3430 5258 igitur
3466 5199 3586 5241 tan-

2014 5300 2174 5356 quam
2252 5293 2466 5339 acutum
2525 5281 2883 5351 quiddam’ct
2958 5277 3380 5348 inexpugnabile
3453 5291 3585 5344 pru-

2009 5376 2258 5446 ponendo
2324 5375 2500 5440 illud,
2573 5386 2640 5426 tu
2696 5370 2806 5422 Deo
2889 5367 3048 5424 Patre
3121 5368 3382 5434 Verbum,
3459 5381 3582 5420 cum

2009 5468 2189 5524 omnia
2281 5465 2450 5536 possit
2536 5460 2857 5531 complere,
2920 5461 3064 5515 nullo
3158 5459 3318 5515 modo
3397 5458 3584 5527 mitti,

2177 5662 2226 5730 ξ’
2260 5661 2362 5717 lsa.
2416 5676 2511 5730 cu,
2542 5659 2591 5715 6.
2697 5658 2741 5690 ⁷ο
2782 5635 2916 5715 Gén.
2948 5674 3022 5724 ιι,
3047 5625 3106 5713 ¹’7.
3208 5660 3250 5691 τι
3294 5657 3422 5728 Sap.
3457 5669 3498 5722 ι.
3525 5655 3581 5709 7-
