4004 6202
280 315 393 397 ιιι-ι’

1277 343 1337 400 S.
1377 342 1655 401 CYRILLI
1692 343 2164 404 ALEXANDRINI
2202 349 2522 407 ARCHIEP.

3442 334 3542 407 iis

276 460 389 530 83
419 460 634 516 coneris
684 458 972 514 veritatem
1002 456 1301 527 infirmare,
1336 469 1392 516 et
1431 462 1678 532 mysterii
1741 463 1851 517 vim

1966 468 2382 541 κτισθήσονται,
2440 470 2533 524 καὶ
2594 468 2927 536 ἀνακαινιετς
2976 471 3039 524 τδ
3096 471 3388 541 πρόσωπον
3440 471 3540 539 τῆς

276 563 525 610 evertere
560 572 575 620 ;
608 552 704 609 sed
732 551 863 608 illud
915 552 1093 624 potius
1123 553 1321 623 cogita,
1361 568 1450 610 res
1490 554 1703 611 divinas
1751 555 1858 610 dici

238 706 241 709 Α
277 645 496 713 quidem
529 642 767 700 humano
796 659 966 709 more,
1006 645 1085 700 sic
1112 655 1292 700 autem
1326 660 1356 700 a
1397 644 1554 701 nobis
1576 645 1855 715 intelligi,

277 745 334 787 ιιι
368 733 514 789 Deus
544 734 660 804 ipse
686 733 835 789 solus
868 735 991 801 scit,
1025 743 1080 790 et
1112 743 1171 789 ut
1212 734 1289 789 illi
1335 733 1515 790 facere
1553 735 1721 792 moris
1750 744 1851 791 est.

276 823 383 876 Sed
409 823 533 891 quia
561 824 869 878 unctionem
912 834 968 879 ut
1001 838 1116 878 rem
1165 823 1415 894 exiguam
1473 831 1529 879 et
1576 824 1855 889 humilem,

272 910 629 979 etUnigeniti
659 913 829 982 gloria
875 913 1031 985 longe
1073 914 1348 984 indignam
1393 922 1568 983 putat,
1595 929 1714 984 age,
1756 916 1858 970 hac

275 1009 340 1062 de
378 1023 435 1063 re
457 1024 579 1078 quae
608 1022 847 1063 consona
879 1018 1006 1063 sunt
1035 1009 1302 1074 dicamus,
1330 1016 1388 1061 ut
1418 1006 1661 1062 scandali
1690 1020 1857 1060 ocea—

276 1099 459 1154 siones
493 1100 851 1170 praedicaturus
880 1120 893 1156 :
923 1101 1064 1171 Ergo
1091 1100 1137 1154 si
1182 1100 1348 1155 homo
1388 1113 1494 1154 nou
1528 1107 1612 1153 est
1658 1098 1855 1163 factus,

278 1191 513 1246 humana
580 1192 815 1262 rejiciat,
863 1193 1329 1262 dispensationem
1386 1200 1597 1247 recuset
1638 1200 1697 1245 ιιι
1737 1205 1859 1261 qua:

279 1284 546 1340 minorem
583 1285 729 1340 illum
757 1285 941 1352 faciat,
971 1295 1026 1341 et
1058 1301 1088 1339 a
1116 1300 1371 1357 suprema
1406 1285 1492 1340 illa
1528 1285 1698 1356 gloria
1730 1284 1859 1339 divi-

278 1390 458 1445 naque
499 1377 825 1432 excellentia
854 1377 926 1432 sit
963 1377 1123 1449 longe
1175 1386 1381 1433 remota
1414 1396 1428 1432 :
1466 1378 1660 1446 exigua
1706 1390 1858 1429 nam-

278 1481 384 1536 que
407 1475 534 1522 sunt
559 1468 656 1539 ipsi
689 1467 863 1524 Verbo
891 1479 1077 1524 nostra
1110 1469 1316 1524 omnia.
1351 1468 1457 1525 Sed
1489 1469 1616 1539 quia
1642 1469 1858 1539 sapien-

281 1561 351 1614 tia
380 1560 594 1629 plenum
638 1571 723 1617 est
754 1562 859 1617 hoc
896 1564 1237 1635 mysterium,
1289 1577 1463 1633 neque
1488 1562 1567 1618 illi
1598 1563 1855 1634 rejicien-

280 1651 406 1706 dum
430 1653 820 1709 exiuanitionis
858 1669 1019 1725 opus,
1069 1638 1168 1711 cur
1198 1671 1261 1711 ea
1288 1670 1410 1726 quae
1456 1664 1605 1710 recte
1637 1657 1854 1721 habent,

279 1743 543 1800 audacter
574 1760 818 1810 accusas,
853 1755 907 1801 et
944 1746 1089 1817 quod
1139 1746 1284 1801 illius
1324 1745 1532 1816 judicio
1583 1760 1860 1801 commen-

1964 561 2098 632 γῆς·
2139 579 2161 613 ι
2196 562 2313 627 πῶς
2348 562 2796 628 ὲξαποστὲλλεται
2826 564 2889 616 τὸ
2927 563 3107 617 πάντα
3133 561 3404 634 πληροῦνς
3448 560 3544 631 Μὴ

1963 651 2147 704 τοίνυν
2190 651 2266 715 ὡς
2309 653 2473 722 σοφόν
2525 669 2585 706 τε
2641 653 2736 706 καὶ
2788 651 2992 705 δυσανὰ
3025 651 3097 722 (l)
3128 650 3403 721 προτιθεὶς
3449 649 3542 702 τὸν

1966 743 2142 797 πάντα
2182 743 2421 815 πληροῦν
2463 743 2749 816 ἱσχύοντα,
2787 743 2881 797 τὸν
2931 745 2994 797 ὲκ
3031 743 3166 797 Θεοῦ
3198 742 3407 813 Πατρὸς
3436 741 3543 794 Λό-

1965 850 2084 904 γον,
2120 834 2407 903 ἀνέφίκτον
2438 834 2580 907 ἔχειν
2608 835 2711 905 τὴν
2742 834 3029 904 ἐπιστολὴν
3056 831 3164 905 [ῑσ.
3188 829 3539 901 ἀποστολὴν],

1966 926 2265 998 παραλύειν
2287 927 2506 996 ἐπείγου
2531 927 2592 981 τὸ
2622 927 2841 999 ἀληθὲς,
2875 927 2971 981 καὶ
2991 926 3090 997 τὴν
3118 924 3212 979 τοῦ
3240 922 3540 994 μυστηρίου

1964 1019 2196 1092 δύναμιν
2218 1020 2545 1093 ἀνατρέπειν
2564 1037 2579 1053 θ
2600 1022 2768 1075 ἐννόει
2784 1022 2840 1075 δὲ
2863 1021 3084 1092 μᾶλλον,
3102 1021 3183 1074 ὅτι
3203 1020 3418 1087 λέγεται
3443 1018 3543 1088 μὲν

1973 1112 2329 1184 ἀνθρωπίνως
2382 1113 2450 1167 τὰ
2490 1113 2621 1185 περὶ
2663 1113 2798 1167 Θεοῦ
2822 1131 2835 1144 ·
2881 1115 3083 1167 νοεῖται
3132 1112 3190 1166 δὲ
3224 1110 3367 1165 οὕτω
3405 1107 3541 1179 πρὸς

1966 1205 2136 1275 ἡμᾶς,
2158 1203 2234 1269 ὡς
2261 1205 2327 1259 ἂν
2347 1204 2508 1269 αὐτός
2541 1222 2601 1258 τε
2623 1205 2789 1276 εἰδείη
2815 1204 2908 1258 καί
2941 1204 3125 1275 μόνος,
3145 1203 3239 1258 καὶ
3255 1203 3389 1273 δρᾷν
3421 1200 3542 1264 ἔθος

1964 1295 2137 1367 αὐτῷ.
2175 1295 2395 1365 Ἐπειδὴ
2425 1297 2483 1349 δὲ
2511 1296 2587 1358 ὼς
2616 1295 2789 1367 βραχὺ
2820 1295 2913 1349 καί
2942 1294 3303 1365 ἀνθρώπινον,
3328 1292 3542 1361 καὶτῆς

1964 1387 2059 1441 τοῦ
2090 1387 2430 1456 Μονογενοῦς
2474 1387 2630 1454 ἀξίας
2669 1385 3002 1458 ἡττώμενον,
3032 1386 3288 1457 ἀμέτρως
3325 1383 3542 1454 δέχεται

1964 1478 2063 1550 τὴν
2086 1478 2281 1549 χρῆσιν
2309 1478 2419 1551 [ἵσ.
2450 1476 2676 1550 χρίσιν],
2708 1478 2840 1550 φέρε
2861 1479 2931 1533 τὰ
2950 1480 3135 1532 εἰκότα
3159 1478 3250 1532 καὶ
3275 1477 3356 1540 εἰς
3383 1473 3544 1529 τοῦτο

1963 1570 2232 1643 λέγωμεν,
2264 1571 2362 1636 τὰς
2414 1571 2508 1625 τοῦ
2560 1572 2854 1626 σκανδάλου
2888 1571 3106 1634 λύοντες
3159 1568 3437 1641 ἀφορμάς.
3477 1567 3542 1622 Εἰ

1968 1663 2068 1734 μὲν
2095 1658 2189 1717 οὖν
2216 1663 2278 1716 οὐ
2302 1662 2523 1733 γέγονεν
2550 1663 2854 1734 ἄνθρωπος,
2879 1662 3218 1717 ἀποσειέσθω
3236 1662 3306 1714 τὰ.
3334 1659 3544 1731 ἀνθρώ-

1966 1770 2121 1817 πινα,
2171 1753 2546 1826 παραιτείσθω
2592 1753 2691 1826 τὴν
2726 1753 3059 1824 οἰκονομίαν,
3092 1752 3167 1815 ὼς
3211 1754 3271 1804 ὲν
3319 1747 3542 1820 μειώσει

281 1836 463 1902 datur,
522 1847 583 1890 ut
644 1837 961 1892 indecorum
1028 1837 1348 1895 aversaris?
1383 1835 1581 1893 Vidisti
1637 1846 1862 1892 unctum

1966 1843 2208 1899 τιθεῖσαν
2246 1844 2433 1910 αὐτὸν,
2466 1845 2562 1899 καὶ
2590 1845 2688 1913 τῆς
2716 1845 2978 1899 ἀνωτάτω
3009 1828 3168 1913 δόξης
3197 1842 3290 1895 καὶ
3319 1839 3548 1909 θεοπρε-

280 1928 518 1983 humano
572 1929 732 1984 "more
773 1929 948 1984 ?vide
1016 1931 1266 1986 eumdem
1321 1929 1578 1985 divinitus
1638 1942 1858 1997 ungere.

282 2017 560 2089 Scriptum
593 2028 678 2076 est
701 2021 883 2076 enim:
908 2039 927 2074 ι
963 2020 1359 2078 Testimonium
1391 2021 1667 2093 perhibuit
1695 2019 1862 2076 Joan-

280 2123 396 2174 nes,
438 2110 626 2165 dicens
666 2128 683 2165 :
728 2110 865 2178 Quia
922 2112 1033 2167 vidi
1092 2111 1355 2183 Spiritum
1439 2110 1859 2166 descendentem

281 2200 436 2269 quasi
483 2202 809 2269 columbam,
856 2214 911 2260 et
959 2213 1263 2260 manentem
1326 2217 1489 2274 super
1550 2203 1774 2273 ipsum;
1806 2212 1864 2259 et

284 2306 387 2363 ego
408 2294 718 2350 nesciebam
746 2311 893 2361 eum,
918 2296 1011 2352 sed
1039 2297 1129 2366 qui
1168 2297 1319 2351 misit
1368 2311 1454 2351 me
1483 2294 1766 2366 baptizare
1788 2294 1861 2373 {in

284 2398 447 2453 aqua,
472 2384 559 2439 ille
581 2387 711 2440 mihi
745 2387 918 2443 dixit:
941 2389 1118 2458 Super
1157 2403 1317 2459 quem
1350 2388 1553 2442 videris
1601 2386 1860 2456 Spiritum

285 2475 708 2532 descendentem
742 2485 798 2531 et
827 2488 1136 2534 manentem
1160 2492 1326 2547 super
1358 2493 1504 2541 eum,
1533 2478 1627 2531 hic
1649 2487 1733 2532 est
1769 2477 1861 2546 qui

284 2568 525 2637 baptiaat
553 2568 607 2623 in
645 2567 850 2640 Spiritu
883 2579 1116 2637 sancto;
1151 2578 1206 2626 et
1240 2569 1369 2635 vidi,
1396 2578 1451 2624 et
1497 2570 1862 2625 testimonium

284 2659 552 2729 perbibui,
579 2662 707 2731 quia
727 2661 815 2717 hic
834 2671 918 2717 est
956 2661 1127 2716 Filius
1169 2660 1262 2716 Dei
1288 2661 1428 2717 "'7‘.
1464 2677 1485 2713 ι
1511 2658 1649 2727 Quid
1680 2658 1866 2715 enim?

286 2752 714 2808 humanitatisne
755 2766 893 2822 opus
934 2767 1058 2808 esse
1102 2751 1240 2807 dicis
1293 2750 1571 2821 baptizare
1611 2763 1770 2820 posse
1807 2748 1862 2802 in

284 2842 493 2911 Spiritu
541 2852 740 2899 sancto
792 2842 1133 2899 credentes?
1195 2841 1357 2910 Atqui
1435 2839 1707 2910 quomodo
1756 2852 1864 2893 non
1908 2838 1921 2847 '

281 2932 510 2989 stultum
556 2934 631 2990 sit
676 2943 870 3003 putare
922 2934 1038 2989 haec
1074 2933 1148 2988 ita
1194 2947 1256 2988 se
1299 2930 1499 2986 habere
1529 2930 1553 2984 ?
1582 2929 1865 2996 Quomodo

281 3026 457 3092 enim,
482 3025 629 3096 quod
661 3027 841 3081 minus
872 3036 979 3091 est,
1034 3023 1505 3094 participationem
1564 3023 1639 3076 rei
1703 3020 1865 3089 longe

1964 1932 2102 1997 ποῦς
2123 1934 2397 2006 ὑπεροχῆς
2423 1936 2653 1989 κατόπιν
2677 1935 2848 1988 ἰεῖσαν
2869 1950 2882 1963 ⁸
2912 1933 3121 2005 σμικρά
3144 1931 3253 2002 γὰρ
3282 1931 3358 2000 τῷ
3384 1930 3545 2001 Λόγῳ

1963 2027 2032 2082 τά
2063 2028 2185 2081 καθ’
2211 2030 2381 2098 ἡμᾶς.
2411 2027 2632 2099 Ἐπειδὴ
2661 2027 2719 2081 δὲ
2774 2027 2937 2097 σοφὸν
2984 2024 3200 2094 ἀληθῶς
3232 2024 3293 2078 τὸ
3325 2025 3546 2093 μυστή-

1965 2135 2102 2190 ριον,
2125 2119 2220 2172 κα)⁵
2250 2119 2352 2173 οὐκ
2374 2119 2680 2190 ἀπόϐλητον
2713 2117 2862 2189 αύτῷ
2885 2118 2948 2171 τὸ
2973 2118 3073 2189 τῆς
3098 2115 3381 2178 κενώσεως
3407 2115 3546 2186 χρῆ-

1967 2225 2065 2280 μα,
2087 2207 2141 2261 τί
2164 2210 2273 2272 τοῖς
2299 2208 2475 2280 ὀρθῶς
2497 2208 2703 2278 ἔχουσι,
2729 2207 3115 2279 ῥιψοκινδύνως
3144 2208 3423 2278 ἐπιτιμᾷς,
3447 2207 3546 2261 καὶ⁸
3599 2213 3615 2219 ’

1960 2300 2025 2352 τὸ
2050 2301 2172 2363 ταῖς
2224 2299 2390 2353 αὐτοῦ
2443 2301 2645 2371 ψήφοις
2706 2299 3161 2369 στεφανούμενον,
3205 2298 3281 2362 ὡς
3311 2297 3547 2361 ἀκαλλὲς

1962 2390 2288 2462 ἀποτρέπη;
2328 2387 2481 2454 Εἶδες
2523 2392 2810 2463 χριόμενον
2841 2390 3236 2462 ἀνθρωπίνως;
3301 2391 3403 2461 ὅρα
3453 2388 3550 2446 τὸν

1963 2481 2125 2537 αὐτὸν
2154 2484 2252 2537 καὶ
2298 2482 2523 2554 χρίοντα
2560 2483 2791 2547 θεῖκῶς·
2823 2483 3135 2555 γέγραπται
3168 2484 3294 2554 γὰρ,
3334 2484 3414 2536 δτι
3449 2484 3545 2537 καὶ

1971 2592 1990 2625 ι
2025 2575 2443 2646 Ἐμαρτύρησεν
2482 2575 2758 2647 Ἰωάννης,
2782 2575 2989 2646 λέγων·
3026 2577 3146 2629 Ὀτι
3181 2574 3441 2642 τεθέαμαι
3479 2571 3542 2625 τὸ

1964 2666 2191 2737 Πνεῦμα
2224 2667 2558 2722 καταϐαῖνον
2593 2667 2726 2721 ὡσεὶ
2766 2667 3115 2739 περιστερὰν,
3139 2666 3231 2717 καὶ
3262 2664 3421 2733 μένον
3449 2664 3540 2716 ἐπ’

1926 2834 1935 2841 ι
1964 2758 2128 2811 αὐτόν
2148 2774 2162 2789 ο
2197 2757 2352 2823 κάγὼ
2378 2758 2480 2813 οὑκ
2508 2758 2655 2829 ᾔδειν
2677 2759 2837 2812 αὐτόν
2857 2774 2873 2790 ο
2898 2757 3014 2810 ἀλλ’
3034 2760 3062 2810 ὁ
3097 2755 3318 2827 πέμψας
3346 2772 3413 2826 με
3446 2755 3545 2825 βα-

1965 2847 2176 2912 πτίζειν
2201 2850 2260 2902 ὲν
2283 2848 2454 2914 ὕδατι,
2472 2848 2675 2911 ἐκεῖνός
2695 2865 2785 2918 μοι
2812 2843 2965 2900 εἶπεν
2982 2864 2998 2880 ο
3030 2848 3144 2917 Ἐφ’
3160 2847 3220 2900 ὃν
3249 2847 3315 2900 ἂν
3343 2846 3461 2918 ἴδῃς
3482 2843 3548 2898 es

1964 2937 2190 3009 Πνεῦμα
2217 2938 2541 2992 καταϐαῖνον
2567 2938 2662 2991 καὶ
2676 2937 2834 3008 μένον
2856 2938 2946 2990 ἐπ’
2972 2938 3154 3001 αὐτὸν,
3171 2930 3329 2999 οὗτός
3345 2937 3495 2989 ἐστιν
3516 2936 3548 2988 ὁ

1967 3028 2243 3099 βαπτίζων
2273 3031 2331 3083 ἐν
2362 3028 2440 3099 τῷ
2457 3028 2739 3099 Πνεύματι
2766 3028 2843 3099 τῷ
2866 3028 3037 3098 ἀγίῳο
3070 3029 3165 3082 καὶ
3184 3028 3427 3098 ἑώρακα,
3449 3027 3548 3082 καὶ

282 3118 508 3189 majoris
552 3117 818 3188 largietur
848 3117 873 3171 2
906 3116 1040 3171 Illud
1085 3116 1250 3170 etiam
1308 3113 1623 3169 consideres
1676 3112 1861 3177 velim,

1968 3120 2392 3192 μεμαρτύρηκα,
2438 3120 2521 3173 ὅτι
2577 3113 2732 3183 οὗτός
2779 3122 2927 3174 ἔστιν
2964 3120 2994 3173 ὁ
3026 3119 3155 3183 ru;
3195 3118 3290 3172 τοῦ
3332 3117 3490 3171 Θεοῦ.
3520 3135 3543 3170 ι

285 3211 434 3266 i!lum
459 3212 638 3280 ipsum
672 3225 838 3280 super
874 3223 1035 3279 quem
1069 3206 1306 3277 Spiritus
1336 3205 1620 3261 advolasse
1661 3205 1863 3261 dicitur

285 3314 341 3360 et
370 3304 637 3359 mansisse
658 3317 822 3372 super
850 3316 998 3366 eum,
1027 3299 1082 3354 in
1118 3297 1321 3368 Spiritu
1350 3308 1542 3353 sancto
1563 3297 1860 3366 baptizare,

284 3395 428 3465 quod
458 3394 708 3451 videlicet
739 3401 797 3449 ut
818 3392 957 3447 Deus
985 3392 1270 3447 credentes
1309 3404 1407 3443 suo
1438 3387 1641 3458 Spiritu
1666 3403 1863 3461 perun-

282 3494 373 3552 gat
397 3503 413 3553 ;
446 3484 629 3554 itaque
647 3484 842 3538 revisit
869 3498 900 3539 e
934 3482 1182 3545 mortuis,
1212 3491 1266 3537 et
1287 3480 1585 3536 insumavit
1614 3480 1668 3533 in
1695 3479 1862 3534 disci-

284 3572 461 3642 pulos,
512 3574 736 3649 dicens:
767 3590 786 3625 ι
840 3572 1084 3641 Accipite
1130 3570 1395 3641 Spiritum
1433 3579 1684 3625 sanctum
1713 3569 1759 3601 "
1787 3585 1804 3636 ;
1837 3586 1857 3620 ι

282 3680 448 3735 quem
494 3664 587 3735 qui
627 3672 970 3734 acceperant,
1006 3663 1302 3719 dicebant:
1338 3679 1357 3714 ι
1404 3659 1513 3717 Nos
1540 3670 1720 3715 autem
1754 3674 1861 3714 non

283 3759 540 3828 spiritum
590 3757 752 3828 hujus
776 3757 963 3812 mundi
995 3756 1328 3827 accepimus,
1351 3755 1447 3810 sed
1469 3753 1733 3823 Spiritum
1767 3750 1863 3822 qui

282 3866 351 3905 ex
381 3850 491 3905 Deo
512 3859 619 3916 est,
648 3846 705 3905 ut
736 3851 975 3907 sciamus
1006 3864 1128 3919 quae
1162 3864 1193 3904 a
1240 3849 1354 3904 Deo
1388 3847 1587 3903 donata
1610 3855 1740 3903 sunt
1761 3860 1862 3902 uo-

285 3942 462 3998 bis".
499 3960 519 3995 ι
545 3940 749 3998 Scribit
781 3942 944 3997 etiam
974 3942 1169 3997 beatus
1201 3938 1444 3996 Paulus:
1479 3957 1498 3992 ι
1535 3938 1636 4006 Qui
1677 3949 1862 3994 autem

284 4035 339 4089 in
366 4048 530 4090 carne
575 4042 722 4102 sunt,
764 4032 879 4090 Deo
905 4033 1119 4105 placere
1146 4046 1253 4087 non
1283 4040 1526 4102 possunt.
1551 4029 1661 4105 Vos
1681 4038 1863 4085 autem

285 4141 393 4181 non
451 4126 584 4184 estis
612 4126 665 4181 in
701 4141 888 4191 carne,
936 4125 1032 4181 sed
1074 4126 1128 4180 in
1170 4122 1384 4195 spiritu,
1442 4120 1707 4191 siquidem
1743 4119 1866 4189 Spi-

285 4217 425 4271 ritus
455 4217 549 4272 Dei
586 4217 797 4271 habitat
836 4216 891 4271 in
924 4217 1097 4272 vobis.
1131 4215 1189 4270 Si
1231 4215 1353 4285 quis
1385 4222 1567 4269 autem
1598 4210 1865 4281 Spiritum

285 4306 490 4363 Christi
517 4321 622 4361 non
646 4307 830 4372 habet,
855 4307 945 4362 hic
970 4322 1080 4363 non
1104 4316 1189 4362 est
1215 4305 1332 4374 eius
1357 4306 1426 4362 ".
1451 4323 1488 4358 ιι
1504 4305 1683 4374 Atque
1696 4301 1863 4357 etiam

287 4397 417 4454 alibi
462 4415 478 4452 :
527 4415 549 4449 ι
614 4397 941 4468 Quicunque
984 4399 1179 4467 spiritu
1215 4397 1309 4452 Dei
1333 4406 1589 4467 aguntur,
1645 4394 1701 4449 hi
1739 4401 1867 4447 sunt

1965 3209 2111 3283 'Apa.
2138 3211 2247 3282 γὰρ
2280 3210 2697 3282 ᾁνθρωπότητος
2717 3211 2876 3282 ἔργον
2918 3207 3059 3265 εἶναι
3103 3206 3212 3281 φὴς
3249 3210 3311 3263 τὸ
3352 3209 3548 3280 βαπτί-

1966 3302 2080 3368 ζειν
2113 3300 2375 3354 δύνασθαι
2405 3302 2531 3364 τοὺς
2565 3300 2924 3363 πιστεύοντας
2970 3300 3027 3353 ὲν
3062 3299 3201 3368 ἁγίῳ
3228 3296 3544 3365 Πνεύματι;

1965 3393 2145 3446 καίτοι
2174 3391 2288 3456 πῶς
2313 3392 2413 3445 οὐκ
2446 3390 2642 3463 εὔηθες
2668 3392 2730 3445 τὸ
2766 3391 2910 3444 οὕτω
2946 3390 3092 3460 ἔχειν
3115 3388 3324 3443 οἴεσθαι
3349 3388 3508 3442 ταυτί
3529 3403 3544 3452 ;

1964 3484 2091 3547 Πῶς
2120 3483 2231 3554 γὰρ
2264 3486 2326 3537 τὸ
2370 3486 2519 3554 μεῖον
2558 3484 2658 3552 τὴν
2692 3483 2790 3537 τοῦ
2823 3480 3156 3552 προῦχοντος
3194 3476 3549 3551 ἀσυγκρίτως

1964 3579 2235 3646 χαριεῖται
2261 3574 2506 3646 μέθεξιν;
2536 3574 2726 3645 Ἀθρει
2745 3574 2802 3627 δὲ
2833 3575 2915 3628 ὅτι
2941 3573 3099 3636 αὐτὸς
3117 3573 3344 3635 ἐκεῖνος,
3376 3572 3463 3639 ἐφ’
3490 3569 3550 3623 ὃν

1965 3665 2402 3736 καταπτῆναι’τδ
2430 3664 2657 3736 Πνεῦμα
2682 3664 2923 3733 λέγεται,
2955 3661 3135 3735 μεῖναί
3158 3679 3218 3716 τε
3249 3661 3336 3713 ἐπ’
3362 3658 3546 3718 αὑτὸν.

1965 3754 2026 3809 ἐν
2055 3756 2196 3827 ἁγίῳ
2234 3756 2487 3827 βαπτίζει
2518 3756 2797 3828 Πνεύματι
2822 3798 2837 3823 ,
2872 3756 3188 3828 καταχρίων
3217 3754 3276 3808 δὲ
3309 3753 3549 3824 δηλονότι

1964 3848 2093 3911 τοὺς
2122 3848 2480 3912 πιστεύοντας
2511 3848 2587 3913 ὡς
2631 3849 2764 3913 Θεὸς
2814 3848 2896 3920 τῷ
2954 3848 3069 3920 ἰδίῳ
3105 3847 3383 3917 Πνεύματι
3404 3860 3419 3875 ·
3453 3843 3550 3898 καὶ

1966 3943 2100 4014 γοῦν
2131 3944 2333 3999 ἀνεϐίω
2366 3945 2467 4015 μὲν
2499 3947 2564 3998 ἐκ
2596 3944 2831 4017 νεκρῶν,
2869 3944 3174 4015 ἐνεφύσησε
3197 3943 3255 3996 δὲ
3286 3944 3399 4004 τοῖς
3439 3955 3549 4010 μα·-

1968 4035 2181 4107 θηταῖς,
2222 4036 2399 4106 λέγων
2418 4052 2433 4066 ο
2463 4055 2482 4088 ι
2503 4036 2713 4093 Λάϐετε
2744 4035 2968 4107 Πνεῦμα
3005 4035 3161 4104 ἅγιον
3180 4050 3194 4066 ·
3227 4052 3247 4086 ι
3283 4033 3334 4086 οἰ
3361 4032 3419 4085 δὲ
3451 4031 3551 4084 λα-

1968 4123 2156 4186 ϐόντες
2187 4124 2381 4192 φασίν·
2420 4141 2440 4176 ι
2463 4124 2653 4195 Ἡμεῖς
2684 4123 2744 4177 δὲ
2777 4124 2837 4177 οὐ
2884 4123 2948 4176 τὸ
2967 4121 3183 4192 πνεῦμα
3216 4119 3311 4174 τοῦ
3342 4119 3552 4190 κόσμου

1966 4214 2257 4286 ἐλάϐομεν,
2288 4214 2424 4270 ἀλλὰ
2452 4215 2512 4268 τδ
2541 4214 2765 4285 Πνεῦμα
2789 4215 2852 4269 τὸ
2882 4216 2947 4268 ὲκ
2974 4214 3070 4268 τοῦ
3096 4213 3256 4278 Θεοῦ,
3285 4213 3372 4266 ἵνα
3398 4211 3555 4265 εἰδῶ.

1972 4323 2069 4379 μεν
2092 4307 2161 4369 τά
2191 4308 2257 4360 ἐκ
2275 4306 2372 4359 τοῦ
2403 4304 2539 4358 Θεοῦ
2565 4304 2895 4375 χαρισθέντα
2922 4305 3076 4375 ἡμῖν.
3105 4322 3123 4356 ι
3152 4303 3357 4373 Γράφει
3376 4301 3432 4355 δὲ
3459 4301 3555 4355 καὶ

1966 4397 1996 4449 ὁ
2024 4393 2338 4464 σοφώτατος
2371 4393 2619 4457 Παῦλος*
2662 4414 2679 4446 ι
2702 4395 2764 4447 Ol
2813 4393 2871 4447 δὲ
2917 4395 2975 4448 ὲν
3007 4393 3172 4464 σαρκὶ
3212 4393 3385 4456 ὄντες,
3430 4391 3554 4464 Θεῷ

286 4488 385 4546 lilii
416 4488 513 4546 Dei
537 4490 605 4545 ⁷⁸.
644 4509 664 4542 ›
697 4490 838 4561 Ergo
868 4505 989 4545 cum
1019 4490 1223 4547 videris
1248 4505 1372 4545 eum
1405 4488 1625 4560 proprio
1645 4495 1862 4541 unctum

1973 4487 2168 4559 ἀρέσαι
2197 4488 2260 4541 οὑ
2297 4485 2572 4541 δύνανται.
2628 4487 2819 4558 Ὑμεῖς
2865 4486 2922 4540 δὲ
2966 4487 3066 4540 οὐκ
3107 4486 3230 4539 ἐστὲ
3269 4487 3328 4540 ὲν
3364 4486 3551 4557 σαρκὶ,

296 4579 530 4649 Spiritu,
557 4590 835 4636 memento
880 4580 1027 4637 illius
1084 4581 1138 4636 in
1199 4596 1366 4637 carne
1416 4579 1867 4650 dispensationis,

288 4670 402 4745 84
456 4681 511 4729 et
546 4673 724 4744 cogita
757 4664 1048 4728 humanam
1083 4682 1334 4729 naturam
1371 4691 1388 4730 :
1420 4687 1543 4728 cum
1565 4670 1772 4727 videris
1799 4671 1870 4725 ab

286 4778 354 4817 eo
395 4759 663 4833 Spiritum
694 4762 835 4827 dari,
872 4776 994 4816 cum
1042 4762 1147 4818 hoc
1187 4760 1348 4817 simul
1405 4760 1677 4815 admirare
1720 4757 1869 4813 illum

289 4854 453 4908 etiam
512 4853 566 4909 in
615 4853 952 4910 humanitate
996 4854 1187 4910 Deum.
1221 4854 1328 4910 Sed
1364 4855 1466 4909 iste
1495 4852 1872 4910 contentiosus

290 4942 425 4999 nihil
458 4946 651 5002 horum
673 4954 953 5014 reputans,
981 4946 1062 5001 sic
1087 4960 1279 5000 rursus
1298 4947 1375 4999 ait
1408 4961 1423 4999 :

1975 4579 2090 4634 ἀλλ’
2120 4581 2179 4633 ὲν
2204 4577 2503 4649 Πνεύματι,
2532 4579 2690 4650 εἰπερ
2725 4578 2953 4651 Πνεῦμα
2987 4577 3120 4632 Θεοῦ
3147 4579 3286 4633 οἰκεῖ
3313 4579 3370 4632 ὲν
3402 4578 3553 4648 ὑμῖν.

1975 4671 2039 4725 Εἰ
2070 4669 2128 4723 δέ
2156 4686 2242 4733 τις
2271 4664 2495 4741 Πνεῦμα
2530 4667 2772 4741 Χριστοῦ
2801 4669 2901 4722 οὐκ
2929 4667 3064 4739 ἔχει,
3095 4662 3246 4731 οὗτος
3279 4667 3381 4720 οὐκ
3409 4665 3558 4718 ἔστιν

1973 4759 2162 4816 αὐτοῦ.
2191 4778 2211 4811 ι
2237 4761 2347 4816 Καὶ
2370 4762 2476 4833 μὴν
2504 4762 2600 4815 καὶ
2623 4761 2850 4833 ἑτέρωθι
2869 4778 2882 4792 ·
2912 4780 2931 4813 ι
2958 4763 3111 4815 Ὅσοι
3139 4758 3250 4830 γὰρ
3280 4756 3561 4829 Πνεύματι

1974 4844 2111 4907 Θεοῦ
2149 4853 2395 4922 ἄγονται,
2439 4849 2584 4909 οὗτοι
2630 4857 2769 4908 εἰσιν
2800 4856 2908 4909 uici.
2944 4852 3102 4909 Θεοῦ.
3127 4872 3145 4904 ι
3179 4850 3390 4906 Ούκοῦν
3429 4852 3560 4904 ὅταν

1975 4944 2091 5016 ἴδῃς
2118 4945 2281 4999 αὐτὸν
2312 4945 2391 5017 τῷ
2423 4947 2537 5018 ἰδίῳ
2564 4948 2850 5018 χριόμενον
2879 4946 3180 5018 Πνεύματι,
3214 4943 3562 5017 διαμέμνησο

288 5036 390 5102 τῆς
418 5037 556 5124 μετὰ
586 5038 790 5111 σαρκὸς
816 5040 1151 5110 οἰκονομίας,
1180 5040 1275 5093 καὶ
1326 5038 1686 5109 καταλογίζου
1749 5038 1812 5092 τὸ
1876 5037 2254 5107 ἀνθρώπινον·
2285 5042 2415 5097 ὅταν
2492 5043 2610 5114 ἴδῃς
2660 5043 2721 5096 τὸ
2758 5042 2983 5114 Πνεῦμα
3031 5041 3263 5105 διδόντα,
3307 5036 3561 5107 θαύμαζε

290 5129 434 5200 μετά
458 5133 650 5187 τούτου
679 5134 771 5188 τὸν
791 5136 887 5191 καί⁸
920 5138 979 5190 ὲν
1008 5134 1393 5208 ἀνθρωπότητι
1452 5135 1606 5189 Θεόν.
1643 5134 1786 5188 Ἀλλ’
1851 5133 2008 5187 οὐδὲν
2045 5135 2154 5189 τῶν
2190 5137 2451 5193 τοιούτων
2516 5136 2970 5208 ὑπολογιζόμενος
3005 5139 3034 5192 ὁ
3078 5135 3297 5206 δύσερις
3348 5128 3561 5192 οὐτοσὶ,

289 5225 457 5280 πάλιν
478 5218 583 5280 ὧδέ
605 5245 794 5297 φησιν’

360 5314 627 5390 [Ras-ron.
649 5319 744 5374 llic
768 5320 856 5377 ille
874 5323 1047 5379 ﬁdelis
1066 5324 1176 5378 Deo
1203 5321 1380 5378 factus
1398 5319 1639 5393 pontifex
1660 5320 1856 5393 (factus

286 5420 373 5466 est
400 5410 578 5478 enim,
601 5426 709 5467 non
730 5415 798 5470 ab
825 5426 1029 5473 aeterno
1054 5415 1225 5486 erat);
1255 5415 1343 5471 hic
1368 5414 1653 5486 paulatim,
1680 5414 1852 5470 haere-

2036 5311 2229 5392 [Οὗτος
2260 5320 2289 5372 ό
2334 5318 2524 5391 πιστὸς
2561 5317 2641 5388 τῷ
2693 5317 2812 5385 Θεῷ
2861 5317 3226 5389 γεγενημένος
3268 5312 3563 5386 ἀρχιερεὺς

1962 5410 2203 5482 (ἐγένετο
2226 5409 2358 5481 γὰρ,
2382 5408 2482 5463 οὐκ
2510 5408 2731 5493 ἀϊδίως)⁵
2761 5403 2857 5480 ἦν,
2904 5401 3060 5471 οὗτος
3093 5406 3123 5460 ό
3164 5405 3303 5462 κατὰ
3337 5400 3563 5477 μικρὸν,

360 5569 479 5604 ’³⁸⁷⁸
513 5568 671 5628 Joan.
705 5587 746 5640 ι,
778 5570 868 5653 52.
944 5572 991 5604 ⁷⁸
1030 5570 1186 5629 Joan.
1219 5588 1312 5642 xx,
1359 5572 1453 5628 22.
1529 5570 1575 5603 "
1614 5568 1635 5624 Ι
1673 5572 1804 5627 (Ξοΐὲ
1846 5585 1862 5624 ι

1966 5566 2031 5625 ,2.
2104 5566 2151 5599 ⁷⁷
2190 5565 2350 5624 Rom.
2381 5581 2500 5636 vni,
2536 5564 2590 5633 8,
2625 5566 2679 5623 9.
2753 5564 2802 5599 "
2838 5562 2972 5622 ibid.
3008 5563 3096 5620 l5.

1108 5656 1122 5685 Ι

364 5724 443 5801 (Ι)
482 5726 624 5801 Lege
672 5725 1022 5800 δυσάντητον,
1060 5728 1474 5797 inexpugnabile,
1525 5736 1584 5783 ut
1612 5729 1743 5786 vidit
1786 5727 1862 5783 int

1968 5738 2073 5781 res.
2106 5723 2265 5780 Ειιιτ.
