4012 6212
365 339 449 394 “3

1375 337 1748 396 ADVERSUS
1784 337 2187 397 NESTORIUM
2220 339 2352 398 LIB.
2389 340 2475 398 lli.

3451 332 3554 393 £50

362 458 586 533 αίρετικὲ,
631 459 711 521 εἰς
740 458 1045 532 ἀρχιερέως
1100 459 1379 533 προκόψας
1411 461 1646 533 ἀξίωμα.
1691 463 1888 516 Ι’Δκουε

2010 461 2119 528 ηἱοε,
2146 462 2213 518 ad
2253 461 2526 533 pontificis
2566 459 2877 531 dignitatem
2904 469 3239 529 progressus.
3270 455 3406 510 Audi
3445 454 3555 510 cla-

368 548 660 619 σαφεστέρας
687 564 769 602 σοι
794 549 1099 620 διαϐοὼοης
1122 553 1307 623 φωνῆς
1323 568 1338 583 ο
1362 571 1382 604 ι
1415 555 1509 617 Ὃς
1531 555 1589 606 ὲν
1614 554 1733 616 ταῖς
1757 553 1893 623 ἠμέ-

366 658 479 712 ραις,
504 638 645 707 φησι.
673 638 776 708 τῆς
815 639 1019 710 σαρκὸς
1049 640 1236 705 αὐτοῦ,
1269 641 1480 712 δεήσεις
1502 659 1566 696 τε
1594 643 1688 696 καὶ
1713 643 1894 714 ἱκετη-

366 731 463 799 ρίας
496 728 617 799 πρὸς
662 728 754 781 τὸν
781 728 1084 799 δυνάμενον
1110 729 1305 795 σώζειν
1332 730 1494 784 αὐτὸν
1530 733 1596 785 ὲκ
1640 731 1893 797 θανάτου,

365 820 477 891 μετὰ
504 818 740 888 κραυγῆς
788 819 1021 891 ἰσχυρᾶς
1068 822 1163 875 καὶ
1206 821 1457 892 δακρύων
1501 822 1891 894 προσενέγκας,

367 912 444 964 καὶ
482 909 845 974 εἰσακουσθεὶς
881 911 991 965 ἀπὺ
1036 913 1143 982 τῆς
1175 912 1493 978 εὐλαϐείας’
1519 931 1540 966 ι
1589 914 1789 984 καίπερ
1820 913 1896 967 ὣν

370 1003 485 1068 Υἱὸς,
503 1002 690 1073 ἔμαθεν
717 1004 810 1072 ἀφ’
833 997 909 1057 ὧν
938 1003 1109 1058 ἔπαθε
1132 1004 1232 1076 τὴν
1264 1004 1536 1076 ὑπακοὴν,
1570 1005 1664 1059 καὶ
1687 1004 1897 1057 τελειω-

372 1094 475 1159 θεὶς,
512 1094 720 1162 ἐγένετο
745 1097 858 1158 τοῖς
896 1094 1267 1149 ὑπακούουσιν
1310 1094 1460 1167 αύτῷ
1510 1097 1678 1149 πᾶσιν
1725 1096 1898 1159 αἴτιος

377 1183 596 1254 σωτηρίας
646 1184 1017 1240 ἀκαταλύτου.
1060 1185 1371 1241 Τελειοῦται
1407 1188 1502 1241 καὶ
1527 1188 1590 1242 τδ
1633 1190 1777 1242 κατά
1805 1207 1897 1260 μι-

377 1276 479 1345 κρδν
496 1275 810 1344 προκόπτον,
834 1276 1078 1347 αίρετικέ
1096 1294 1110 1307 ·
1135 1279 1265 1341 περὶ
1293 1270 1356 1331 οῦ
1382 1278 1481 1333 καὶ
1507 1280 1762 1349 Ἰωάννης
1785 1280 1896 1351 (21)

380 1365 427 1418 ὲν
445 1367 532 1427 τοῖς
556 1366 907 1434 Εὐαγγελίοις
934 1366 1035 1439 βοᾷ
1055 1383 1070 1398 ο
1116 1387 1136 1420 ι
1172 1367 1380 1439 Ἰησοῦς
1412 1369 1749 1441 προέκοπτεν
1779 1369 1900 1441 ὴλί-

378 1456 453 1527 κίᾳ
467 1457 544 1508 καὶ
565 1457 748 1528 σοφίᾳ,
776 1460 872 1511 καὶ
892 1458 1109 1529 χάριτι·
1137 1478 1156 1511 ι
1177 1453 1259 1523 οἷς
1282 1461 1548 1530 σύμφωνα
1573 1461 1669 1516 καὶ⁵
1690 1460 1902 1526 Παῦλος

382 1546 717 1617 φθεγγόμενος,
755 1566 775 1599 ι
823 1549 1160 1614 Τελειωθεὶς,
1207 1551 1394 1621 φησιν,
1421 1551 1635 1618 ἐγένετο
1657 1553 1769 1616 τοῖς
1800 1553 1902 1606 ὑπ-

382 1637 615 1691 ακούουσιν
662 1637 819 1709 αύτῷ
853 1640 1045 1705 πᾶσιν,
1099 1640 1272 1701 αίτιος
1319 1640 1590 1711 σωτηρίας
1644 1640 1897 1695 αἰωνίου·

1993 553 2190 608 riorem
2239 552 2335 607 tibi
2382 552 2722 608 insonantem
2768 563 2953 605 vocem
2990 563 3052 602 τι
3091 546 3191 614 Qui
3235 546 3291 601 in
3344 545 3553 612 diebus,

1994 641 2189 711 inquit,
2218 642 2402 698 carnis
2428 657 2539 697 suae
2567 655 2756 710 preces
2801 638 3323 710 supplicationesque
3344 634 3409 689 ad
3432 650 3554 689 eum

1994 732 2086 801 qui
2116 740 2301 801 posset
2319 746 2441 787 eum
2471 715 2677 787 salvum
2697 730 2879 785 facere
2906 745 2935 783 a
2953 738 3146 793 morte,
3175 744 3295 782 cum
3323 726 3559 781 clamore

1995 823 2170 878 valido
2202 833 2258 879 et
2289 824 2547 894 lacrymis
2593 822 2849 885 offerens,
2890 828 2944 874 et
2991 818 3277 873 exauditus
3328 831 3424 886 pro
3461 831 3559 870 sua

1997 916 2297 971 reverentia
2328 916 2374 950 "
2406 931 2422 981 ;
2456 933 2475 966 ι
2506 922 2561 970 et
2587 914 2801 982 quidem
2832 927 2953 967 cum
2976 918 3122 965 esset
3149 908 3336 971 Filius,
3375 906 3561 960 didicit

1996 1005 2064 1058 ah
2094 1005 2177 1059 his
2205 1019 2324 1072 quae
2354 1019 2544 1074 passus
2579 1012 2662 1058 est
2710 1001 3092 1061 obedientiam,
3123 1007 3178 1052 et
3218 1009 3562 1051 consumma-

2000 1104 2103 1159 tus,
2135 1094 2311 1150 factus
2341 1104 2425 1150 est
2469 1093 2972 1163 obtemperantibus
3022 1088 3125 1145 sibi
3162 1101 3324 1143 causa
3373 1085 3567 1141 salutis

1998 1195 2232 1240 aeternae.
2272 1184 2688 1240 Consummatur
2703 1191 2882 1238 autem
2910 1182 2962 1235 id
2991 1180 3132 1249 quod
3155 1177 3412 1248 paulatim
3438 1190 3567 1243 pro-

2000 1275 2134 1340 licit,
2166 1274 2419 1330 heretice
2446 1290 2463 1340 ;
2497 1275 2563 1330 de
2593 1290 2700 1344 quo
2726 1273 2964 1329 Joannes
3007 1273 3060 1327 in
3114 1260 3419 1338 Evangeliis
3449 1266 3564 1320 cla-

2001 1374 2113 1419 mat
2143 1380 2158 1419 :
2192 1382 2212 1418 ι
2240 1364 2395 1421 Jesus
2421 1365 2738 1435 proﬁciebat
2773 1372 2932 1419 aetate
2970 1371 3025 1417 et
3061 1361 3324 1430 sapientia
3360 1367 3415 1411 et
3442 1370 3567 1426 gra-

2004 1455 2075 1509 tia
2096 1454 2185 1507 ³⁰ε
2248 1474 2269 1508 ι
2320 1455 2526 1522 Quibus
2576 1455 2758 1511 verbis
2808 1467 3044 1508 consona
3092 1450 3289 1505 Paulus
3331 1449 3563 1505 dicens:

2007 1564 2027 1597 ι
2062 1546 2504 1610 Cousummatus,
2525 1547 2718 1615 inquit,
2766 1544 2942 1599 factus
2967 1553 3052 1598 est
3072 1541 3322 1597 omnibus
3349 1540 3562 1593 obtem-

2005 1637 2322 1704 perantibus
2356 1638 2460 1692 sibi
2508 1652 2669 1692 causa
2709 1636 2909 1691 salutis.
2944 1642 3182 1696 aeternas,
3209 1632 3505 1701 appellatus
3534 1645 3565 1684 a

383 1730 790 1800 προσαγορευθεὶς
838 1729 947 1783 ὑπὸ
1001 1729 1095 1783 τοῦ
1131 1730 1266 1784 Θεοῦ
1299 1732 1590 1802 ἀρχιερεὺς
1620 1733 1763 1786 κατά
1804 1733 1902 1802 τὴν

2010 1723 2115 1778 Deo
2142 1727 2709 1781 sacerdossecundum
2733 1725 2978 1785 ordinem
3012 1721 3467 1778 Melchisedech“
3494 1736 3511 1788 ;
3542 1740 3563 1773 ο

384 1792 504 1885 τάξιν
533 1792 889 1890 Πελχισεδὲκ’
932 1839 951 1872 ι
990 1816 1142 1886 οὗτος
1189 1824 1217 1875 6
1261 1792 1433 1893 Μὼἒῇ
1465 1792 1613 1876 κατά
1656 1823 1748 1876 τὸν
1802 1792 1899 1894 της

2010 1815 2092 1868 hic
2122 1814 2210 1869 ille
2229 1832 2349 1870 cum
2377 1814 2526 1871 Mose
2551 1816 2693 1885 quod
2722 1816 2790 1870 ad
2829 1815 3059 1869 ducendi
3088 1812 3361 1867 exercitus
3388 1821 3567 1881 typum
3616 1866 3631 1873 κ

391 1913 663 1983 στρατηγίας
724 1909 1165 1983 συγκρινόμενος⁸
1204 1912 1406 1965 τύπον·
1451 1913 1480 1964 6
1530 1912 1749 1983 σπέρμα
1804 1913 1902 1966 τοῦ

399 2002 601 2073 ’Δόραάμ
633 2003 970 2074 κεκλημένος
992 2019 1006 2032 ο
1048 2004 1078 2055 6
1122 2003 1264 2056 κατὰ
1292 2004 1472 2058 πάντα
1512 2006 1626 2068 τοῖς
1653 2003 1901 2074 ἀδελφοῖς

399 2092 743 2162 παραπλήσιος-
780 2095 812 2146 6
844 2094 1023 2164 χρόνῳ
1053 2093 1345 2164 γενόμενος
1390 2094 1715 2166 ἀρχιερεύςο
1756 2097 1786 2147 6
1814 2094 1902 2147 διὰ

411 2182 674 2252 παθημάτων
701 2184 1043 2248 τελειωθείς·
1074 2187 1104 2239 6
1134 2188 1192 2238 ὲν
1221 2179 1265 2254 ᾧ
1294 2185 1560 2238 πέπονθεν
1589 2185 1752 2249 αὐτὸς
1783 2198 1917 2238 πει-’

424 2272 589 2338 ρασθεὶς
615 2275 887 2345 δυνάμενος
916 2278 1030 2338 τοῖς
1076 2276 1494 2346 πειραζομένοις
1537 2275 1800 2347 βοηθῆσαι
1820 2293 1835 2306 ⁸
1876 2278 1906 2329 6

421 2360 542 2413 κατὰ
564 2364 641 2433 τὴν
671 2365 805 2429 τάξιν
835 2366 1174 2435 Μελχισεδὲκ
1213 2365 1503 2435 ἀρχιερεὺς
1542 2363 1902 2434 κεκλημένος.

411 2451 470 2503 τί
491 2448 573 2506 οὖν
596 2456 969 2528 ἀνθερμηνεύεις
1012 2457 1088 2526 τῷ
1142 2457 1359 2527 Παύλῳ,
1414 2456 1505 2509 τὸν
1551 2455 1735 2525 ἀπαθῆ
1774 2455 1905 2508 Θεὸν

396 2540 551 2609 Λόγον
594 2544 801 2615 έπιγείῳ
846 2546 1183 2616 καταμιγνὺς
1231 2544 1471 2616 σώματι,
1527 2544 1623 2598 καὶ
1666 2543 1905 2614 παθητὸν

391 2633 613 2704 ἀρχιερέα
635 2636 791 2690 ποιῶν
810 2642 852 2709 ;J

904 2728 917 2743 Ἀ
932 2772 1182 2824 ΚΕΦΔΛ.
1237 2774 1309 2825 A';

443 2905 519 2970 Ὠς
541 2906 906 2976 ἀκμαιοτάτην
926 2947 941 2969 ,
970 2901 1016 2960 ὦ
1041 2908 1159 2960 ’τᾶν
1179 2947 1194 2971 ,
1214 2905 1309 2959 καὶ
1328 2905 1474 2976 μάλα
1516 2904 1769 2977 νεανικὴν
1799 2904 1907 2959 τῶν

372 2996 456 3065 τῆς
480 2999 748 3062 εὐσεϐείας
778 2998 1068 3068 δογμάτων
1113 2998 1357 3067 ἐποιήσω
1403 2998 1503 3067 τὴν
1532 2997 1906 3068 καταδρομήν.

2005 1914 2372 1974 comparatus,
2400 1905 2486 1959 ille
2519 1919 2701 1961 semen
2756 1905 3025 1958 Abraham
3087 1914 3332 1979 vocatus,
3364 1903 3451 1956 ille
3477 1916 3572 1968 per

2003 1996 2184 2049 omnia
2216 1996 2407 2052 similis
2437 1996 2698 2052 fratribus
2728 1997 2773 2030 θ’
2804 2014 2819 2065 ;
2853 1996 2942 2049 ille
2974 2005 3214 2064 tempore
3249 1994 3422 2048 factus
3443 2007 3574 2062 pon-

2007 2083 2157 2150 tifex,
2218 2085 2306 2140 ille
2331 2100 2427 2155 per
2470 2087 2751 2155 passiones
2804 2095 3228 2150 consummatus,
3287 2084 3374 2138 ille
3405 2082 3572 2151 quiin

2005 2189 2112 2243 quo
2141 2189 2334 2243 passus
2362 2186 2446 2232 est
2496 2177 2614 2245 ipse
2664 2184 2920 2239 tentatus,
2959 2184 3136 2244 potest
3168 2172 3389 2229 tentatis
3419 2172 3574 2225 auxi-

2005 2264 2142 2329 liari,
2180 2265 2271 2320 ille
2292 2267 2588 2321 secundum
2627 2267 2874 2321 ordinem
2916 2265 3302 2320 Melchisedech
3337 2261 3572 2332 pontifex

2006 2355 2326 2424 appellatus.
2360 2357 2498 2424 Quid
2527 2357 2689 2427 igitur
2737 2356 2997 2411 adversus
3026 2354 3248 2409 Paulum
3302 2354 3569 2422 interpre—

2010 2445 2163 2511 laris,
2195 2446 2634 2515 impassibileque
2668 2442 2761 2499 Dei
2804 2444 3039 2499 Verbum
3093 2452 3310 2497 terreno
3360 2440 3574 2511 corpori

2009 2534 2324 2602 permisces,
2360 2545 2414 2590 et
2458 2534 2771 2605 passibilem
2803 2533 3139 2590 sacerdotem
3167 2531 3300 2588 facis
3323 2529 3379 2602 ?]

2655 2776 2806 2832 CAP.
2834 2778 2924 2835 IV.

2079 2906 2319 2962 Fortiter
2346 2923 2498 2973 sane,
2549 2910 2634 2964 vir
2683 2912 2917 2981 egregie,
2960 2919 3017 2966 et
3043 2911 3327 2965 admodum
3359 2917 3591 2965 strenue-

2017 2995 2072 3050 in
2109 2998 2358 3067 dogmata
2382 2997 2601 3067 pietatis
2651 3001 3018 3056 incursionem
3069 3001 3220 3055 facis.
3277 3001 3355 3055 Ac
3387 3001 3580 3055 beatus

371 3087 466 3140 Καὶ
491 3091 518 3143 6
540 3091 631 3160 μὲν
666 3090 964 3152 θεσπέσιος
994 3090 1229 3159 Βαροὺχ,
1272 3088 1366 3143 τὸν
1414 3087 1507 3141 τοῦ
1542 3087 1677 3141 Θεοῦ
1717 3088 1906 3156 Λόγον,

2014 3086 2229 3153 quidem
2253 3085 2486 3150 Baruch,
2522 3088 2610 3141 Dei
2644 3086 2880 3142 Verbum
2910 3088 3020 3155 jam
3045 3087 3317 3141 hominem
3353 3086 3577 3147 factum,

366 3180 797 3254 ὲνηνθρωπηκότα
816 3181 874 3234 δὲ
893 3181 1018 3251 ἤδη,
1040 3181 1133 3233 καὶ
1156 3180 1217 3232 ὲν
1243 3178 1497 3249 ὁμοιώσει
1520 3180 1586 3248 τῇ
1610 3177 1731 3231 καθ’
1762 3179 1911 3247 ἡμᾶς

369 3268 609 3337 πεςιηνότα
632 3270 1025 3332 καταδεικνὺς,
1062 3288 1081 3320 ι
1106 3260 1292 3332 οὗτος,
1313 3267 1500 3338 φησὶν,
1519 3267 1548 3319 6
1569 3267 1701 3330 Θεὸς
1730 3266 1905 3336 ἡμῶν,

359 3356 808 3430 οὐλογισθήσεται
856 3360 1043 3428 ἔτερος
1087 3358 1224 3428 πρὸς
1255 3359 1450 3411 αὐτόν’
1499 3356 1689 3427 ἐξεῦρε
1729 3358 1909 3410 πᾶσαν

356 3445 455 3499 θεὸν
479 3451 816 3520 ἐπιστήμης,
848 3451 940 3503 καὶ
983 3448 1178 3503 ἔδωκεν
1213 3449 1381 3518 αὐτὴν
1415 3446 1606 3501 Ἰακὼὸ
1646 3446 1724 3516 τῷ
1760 3446 1910 3500 παιδὶ

354 3536 516 3603 αὐτοῦ,
537 3542 631 3593 καὶ
667 3539 899 3609 Ἰσραὴλ
941 3538 1021 3608 τῷ
1065 3537 1409 3609 ἠγαπημένῳ
1452 3536 1543 3590 ὑπ’
1577 3534 1739 3588 αὐτοῦ
1769 3553 1782 3567 ·
1816 3537 1912 3589 καὶ

357 3631 641 3695 μεταταῦτα
684 3633 792 3686 ἐπὶ
828 3631 929 3700 τῆς
974 3630 1078 3700 γῆς
1105 3628 1282 3698 ὤφθη,
1329 3627 1565 3690 καὶτοῖς
1607 3623 1912 3696 ἀνθρώποις

354 3723 787 3793 σννανεστράφη.
805 3739 823 3771 ι
851 3718 933 3772 Eii
950 3719 1008 3772 δὲ
1028 3711 1294 3783 τδ.οὗτος,
1312 3720 1407 3772 καὶ
1428 3717 1573 3788 μάλα
1596 3717 1911 3783 πλειστάκις

352 3810 644 3877 ἀναφωνῶν,
673 3811 971 3882 μονονουχὶ
1000 3811 1095 3862 καὶ
1127 3811 1283 3879 χεῖρα
1312 3808 1632 3878 προτείνων,
1657 3807 1780 3861 τίνα
1800 3810 1912 3872 τοῖς

350 3906 722 3957 πεπιστευκόσι
750 3886 1021 3970 καθίστης
1049 3900 1276 3971 ἐναργῆ,
1298 3899 1392 3953 καὶ
1426 3899 1532 3969 μὴν
1563 3898 1655 3951 καὶ
1681 3898 1912 3968 ὁρᾶσθαι

349 3996 517 4057 vuig,
564 3997 664 4048 καὶ
688 3996 761 4064 δὴ
791 3994 888 4047 καὶ
920 3991 1189 4063 προκόψαι
1222 3989 1326 4060 φὴς
1352 3991 1432 4053 εἰς
1451 3989 1713 4061 ἀρχιερέα
1741 4006 1912 4043 κατα-

346 4079 529 4154 Gya-(ri;
589 4085 771 4148 Ἀλλ’,
813 4080 966 4153 οἶμαι
990 4099 1120 4148 που,
1153 4082 1370 4144 πάντως
1419 4081 1659 4146 ἐκεῖνον,
1715 4080 1775 4135 ὃν
1819 4081 1913 4134 καὶ

342 4174 543 4244 ἕνη-λος
573 4174 1147 4245 παραδειγματίζων,
1194 4172 1432 4239 ἔφασκεν
1469 4170 1581 4242 [ἵσ.
1614 4170 1873 4244 ἔφασκες]
1895 4188 1910 4203 ⁸

340 4262 527 4321 οὐκοῦν
562 4264 854 4329 δ’παθὼν,
898 4263 1187 4334 ἀρχιερεὺς
1235 4262 1518 4333 ἐλεήμων,
1566 4261 1665 4331 οὐχ
1706 4264 1734 4314 6
1769 4249 1915 4325 ’ζωοο

338 4357 472 4422 ποιὸς
500 4359 599 4412 τοῦ
631 4356 984 4418 πεπονθότος
1014 4354 1167 4415 Θεός.
1193 4353 1423 4424 Σπέρμα
1461 4352 1710 4423 Ἀϐραὰμ
1733 4353 1763 4404 6
1789 4352 1916 4423 χθὲς

2009 3184 2063 3229 et
2093 3175 2146 3231 in
2196 3185 2381 3231 nostra
2429 3177 2782 3233 similitudine
2843 3188 3187 3248 apparentem
3237 3172 3578 3232 ostendens:

2017 3267 2164 3324 «Hic
2205 3279 2308 3336 est,
2366 3270 2557 3339 inquit,
2611 3273 2749 3326 Deus
2804 3282 3005 3337 noster,
3062 3288 3165 3326 non
3224 3271 3582 3325 testimabitur

2012 3359 2150 3414 alius
2201 3361 2268 3414 ad
2328 3375 2475 3425 eum,
2526 3362 2733 3417 invenit
2777 3377 2990 3417 omnem
3045 3363 3185 3416 viam
3237 3360 3582 3423 scientiae,et

2013 3450 2162 3505 dedit
2193 3450 2339 3504 illam
2366 3450 2535 3506 Jaeob
2564 3467 2732 3520 puero
2763 3469 2883 3518 suo,
2929 3464 2981 3507 et
3011 3452 3173 3507 Israel
3203 3452 3398 3506 dilecto
3437 3465 3536 3505 suo
3566 3469 3627 3506 :o

2011 3548 2206 3611 etpost
2232 3541 2345 3596 haec
2373 3540 2424 3594 in
2457 3543 2616 3597 terris
2655 3545 2803 3597 visus
2854 3552 2959 3607 est,
2994 3552 3047 3598 et
3089 3559 3208 3597 cum
3264 3542 3579 3596 hominibus

2014 3642 2365 3686 conversatus
2389 3631 2457 3684 ⁸⁸.
2497 3651 2515 3684 ι
2569 3633 2647 3686 Tu
2702 3649 2853 3701 vero,
2894 3649 3078 3689 vocem
3130 3634 3237 3696 hic,
3274 3641 3328 3687 et
3368 3632 3582 3701 quidem

2012 3720 2209 3789 saepius
2252 3720 2557 3785 intendens,
2597 3736 2661 3776 ac
2702 3723 3088 3791 propemodum
3144 3736 3357 3775 manum
3411 3722 3587 3774 inten-

2014 3809 2172 3873 dens,
2227 3824 2514 3879 quemnam
2558 3812 2905 3867 credentibus
2949 3813 3215 3877 ostendis,
3265 3821 3319 3867 et
3363 3810 3585 3880 subjicis

2012 3900 2203 3965 oculis,
2257 3910 2422 3969 atque
2444 3902 2606 3956 etiam
2638 3902 2893 3971 paulatim
2928 3917 3270 3971 progressum
3306 3905 3372 3955 ad
3405 3918 3585 3957 sacer-

2013 3988 2217 4043 dotium
2248 3991 2445 4044 asseris
2477 3991 2673 4044 illlum
2720 4007 2943 4061 prorsus
2985 3993 3221 4046 arbitror
3263 3991 3372 4060 85
3423 4006 3585 4060 quem

2017 4079 2213 4135 dudum
2243 4081 2534 4136 ostendens
2567 4082 2752 4136 aiebas
2789 4099 2805 4136 :
2838 4080 3005 4150 Igitur
3030 4081 3119 4135 ille
3148 4081 3447 4151 quipassus
3476 4087 3582 4146 est,

2014 4170 2256 4240 pontifex
2299 4180 2383 4225 est
2416 4171 2745 4237 misericors,
2800 4187 2904 4227 non
2952 4171 3039 4226 ille
3098 4171 3236 4241 passi
3285 4171 3586 4226 viviﬂeator

2020 4264 2182 4317 Deus.
2209 4262 2404 4340 semen
2452 4261 2723 4316 Abraham
2746 4263 2834 4319 ille
2864 4264 2977 4319 heri
3008 4272 3063 4320 et
3092 4264 3268 4328 hodie,
3302 4273 3362 4317 ut
3389 4263 3587 4319 Paulus

2016 4353 2241 4418 dicit”,
2261 4369 2365 4408 non
2390 4354 2480 4409 ille
2508 4355 2596 4425 qui
2616 4355 2786 4410 dixit:
2820 4375 2840 4408 ι
2868 4358 3171 4427 Antequam
3191 4356 3464 4411 Abraham
3496 4358 3589 4412 fie-

334 4448 417 4500 καὶ
445 4450 719 4522 σήμερον,
747 4445 897 4500 κατά
918 4444 1017 4516 τὴν
1042 4444 1135 4497 τοῦ
1169 4444 1379 4497 Παύλου
1406 4442 1588 4515 φωνὴν
1607 4483 1622 4509 ,
1652 4444 1748 4513 οὐχ
1772 4443 1802 4495 6
1828 4443 1907 4497 λέ-

2022 4451 2125 4511 ret,
2148 4459 2248 4514 ego
2272 4460 2391 4501 sum
2418 4446 2484 4501 ⁸⁵.
2508 4466 2527 4499 ι
2562 4445 2768 4503 Similis
2801 4460 2884 4502 εει
2911 4447 3168 4502 fratribus
3198 4462 3294 4517 per
3332 4450 3512 4503 omnia
3544 4450 3588 4503 is

329 4556 447 4605 γωνο
477 4559 497 4592 ι
536 4541 691 4612 Πρὶν
739 4536 999 4607 Ἀϐραὰμ
1036 4535 1313 4604 γενέσθαι,
1340 4533 1451 4603 ἐγώ
1476 4537 1614 4605 ειμι.
1642 4553 1661 4586 ι
1691 4536 1915 4605 Ὄμοιος

327 4634 428 4695 τοῖς
453 4633 725 4702 ἀδελφοῖς
762 4629 906 4685 κατά
932 4628 1129 4691 πάντα,
1174 4630 1203 4681 6
1240 4626 1423 4697 ψυχῆς
1452 4626 1798 4696 ἀνθρωπίνης
1824 4627 1918 4680 καὶ

327 4726 515 4793 σαρκὸς
566 4720 882 4777 ἀναλαϐὼν
929 4718 1300 4789 ἀδελφότητα,
1331 4718 1430 4787 οὐχ
1470 4718 1499 4769 6
1546 4716 1720 4784 λέγων
1740 4732 1754 4748 ·
1799 4736 1818 4768 ι
1859 4718 1917 4770 '0

326 4809 577 4882 ἑωρακὼς
625 4811 770 4881 ἐμὲ,
813 4806 1026 4878 ἑώρακε
1071 4807 1165 4861 τὸν
1210 4804 1452 4875 Πατέρα.
1488 4821 1508 4857 ι
1550 4804 1659 4857 Καὶ
1693 4805 1775 4858 ὅτι
1818 4806 1917 4876 μὲν

322 4901 404 4953 τοῦ
430 4901 799 4960 πεπονθότος
828 4897 960 4951 Θεὸν
991 4898 1082 4951 τὸν
1132 4897 1394 4961 ζωοποιὸν
1437 4893 1532 4947 τοῦ
1576 4893 1711 4947 Θεοῦ
1742 4896 1915 4965 Λόγον

326 4990 581 5061 ὑπάρχειν
625 4985 1147 5056 διαὸεὸαιούμενος,
1174 4986 1283 5047 τοῖς
1299 4984 1399 5053 τῆς
1438 4979 1682 5051 ἀφύκτου
1711 4980 1916 5053 δυσφη-

326 5081 441 5148 μίας
456 5084 653 5163 Ὰὲγκλή
663 5095 813 5151 μασι
833 5077 1056 5132 σεαυτὸν
1083 5075 1264 5141 ἐνιεὶς,
1294 5073 1560 5144 ἠδίκηκας
1576 5074 1638 5126 ού
1661 5074 1915 5145 μετρίως,

384 5221 427 5251 ⁷⁸
468 5221 645 5275 Hebr.
688 5232 754 5277 ν.
789 5216 842 5270 7.

318 5287 381 5321 ⁸³·
407 5292 577 5349 llebr.
609 5304 753 5353 xm,
784 5286 839 5341 8.
914 5283 963 5317 “
995 5280 1152 5338 Joan.
1182 5294 1300 5344 vttt,
1352 5280 1441 5336 58.

944 5214 990 5245 ⁸⁸
1029 5210 1163 5275 lmo,
1198 5208 1330 5265 Luc.
1361 5226 1422 5273 ιι,
1452 5209 1540 5265 52.
1638 5209 1684 5242 ⁸⁸
1726 5208 1889 5266 Hebr.
1926 5225 1978 5277 ν,
2013 5211 2065 5281 9,
2094 5212 2180 5269 10.

944 5283 963 5315 ⁵
995 5280 1152 5336 Joan.
1182 5294 1300 5336 vm.
1352 5280 1441 5336 58.
1516 5281 1563 5313 "
1598 5279 1753 5336 Joan.
1788 5296 1896 5336 xw.
1924 5280 1976 5336 9.

2015 4536 2106 4604 qni
2144 4536 2392 4589 humana:
2428 4537 2622 4592 anima:
2667 4547 2721 4593 et
2750 4540 2931 4593 carnis
2967 4539 3366 4592 fraternitatem
3403 4554 3591 4593 susce-

2019 4628 2116 4697 pit,
2142 4642 2246 4681 non
2278 4628 2373 4698 qui
2402 4628 2576 4684 dicit:
2616 4648 2636 4681 ι
2691 4629 2796 4696 Qui
2851 4630 2983 4684 vidit
3035 4646 3140 4695 me,
3198 4631 3335 4684 vidit
3381 4639 3435 4684 et
3486 4630 3589 4683 Pa-

2016 4725 2154 4774 trem
2179 4718 2245 4773 ⁸⁸.
2292 4738 2312 4770 ι
2379 4720 2554 4788 Atque
2599 4721 2651 4773 in
2684 4735 2749 4775 eo
2791 4721 2931 4789 quod
2972 4722 3173 4775 asseris
3229 4721 3392 4775 Deum
3445 4721 3586 4787 passi

2018 4825 2140 4864 esse
2177 4811 2353 4877 ipsum
2388 4813 2669 4867 vivificans
2711 4812 2802 4866 Dei
2849 4811 3109 4875 Verbum,
3171 4821 3221 4866 te
3262 4810 3589 4879 inevitabilis

2019 4900 2369 4971 blasphemia:
2389 4903 2593 4956 crimen
2612 4902 2929 4966 incurrisse,
2953 4903 3293 4973 graviterque
3313 4914 3586 4970 peccasse,

2023 4988 2223 5045 efﬁcaci
2280 4991 2488 5046 ratione
2543 4993 2970 5049 demonstratum
3029 5001 3130 5046 est.
3183 4992 3347 5045 Miror
3404 5000 3585 5046 autem

2026 5081 2170 5151 quod
2220 5089 2430 5137 tuarum
2479 5097 2672 5139 vocum
2698 5084 2914 5149 oblitus,
2946 5081 3585 5153 paulatimprogressum

2288 5216 2335 5248 ⁸⁸
2373 5215 2537 5272 Hebr.
2561 5233 2623 5285 ιι,
2665 5217 2751 5271 17.
2890 5215 2935 5247 ⁸⁸
2973 5215 3184 5271 Baruch
3238 5232 3343 5284 ιιι,
3398 5218 3585 5276 56ὲ58.

1621 5396 1776 5452 ΑΝΤ.
1820 5397 2093 5454 AGELLII
2131 5398 2361 5455 ΝΟΤΑΞ.

382 5546 501 5612 (2t)
538 5546 650 5603 Vel
683 5543 1025 5600 notariorum
1052 5555 1205 5612 error
1233 5531 1333 5605 est,
1365 5540 1471 5612 vel_
1496 5542 1679 5612 lapsus
1703 5550 1787 5596 est
1809 5538 1919 5595 Ne-

318 5609 542 5679 storius.
569 5616 681 5687 qui
719 5615 882 5687 verba
912 5615 1027 5667 haec.
1056 5611 1213 5687 Ducas
1238 5625 1360 5679 cap.
1386 5626 1425 5687 ιι
1449 5609 1639 5687 Joanni
1670 5611 1914 5687 ascribit.

317 5687 420 5742 Sed
464 5680 612 5757 quia
669 5685 826 5741 hunc
853 5683 1058 5753 lapsum
1087 5681 1140 5737 in
1170 5694 1268 5737 sua
1319 5680 1640 5738 refutatione
1684 5680 1919 5752 Cyt'lllus

2024 5556 2131 5596 non
2166 5541 2433 5609 coarguit,
2460 5549 2511 5595 et
2538 5540 2755 5610 beatum
2782 5538 2983 5595 Lucam
3015 5548 3291 5599 auctorem
3322 5536 3595 5610 agnoscit,

2025 5612 2250 5668 notariis
2291 5610 2522 5667 fortasse
2546 5609 2749 5681 justius
2786 5610 3111 5668 ascribetur.
