4004 6202
350 237 447 292 151

1331 236 1390 293 S.
1429 233 1705 293 CY-RILLI
1745 237 2209 292 ΑιΕΧΑ-ΝοιιιΝι
2249 233 2561 294 ARCHIEP.

3485 225 3590 278 552

345 354 414 408 ad
453 353 722 424 pontificis
758 355 1106 424 dignitatem,
1159 355 1339 412 dicere
1394 357 1554 412 simul
1601 367 1654 413 et
1707 361 1910 415 sentire

2019 359 2271 429 ἀποχρῶν
2299 361 2430 430 ἡμῖν
2463 358 2683 424 διέδειξε
2727 357 2902 425 λόγος.
2935 351 3210 423 Θαυμάζω
3239 346 3316 410 δὲ,
3361 345 3441 398 ὅτι
3477 344 3588 396 τῶν

345 445 534 510 audes,
571 459 730 514 quem
785 447 950 501 etiam
992 447 1160 503 Deum
1189 462 1310 504 esse
1335 450 1538 504 asseris
1564 451 1909 520 omnipoten-

344 545 474 591 tem.
498 534 630 590 Nam
650 539 927 608 proposita
943 539 1040 595 tibi
1064 541 1300 611 Epistola
1321 542 1387 596 ad
1414 540 1668 598 Hebraeos
1685 543 1917 612 scripta,

288 615 293 644 ⁸
342 627 548 682 teneris
588 627 966 685 dixisse:Sed
1007 631 1096 686 hic
1151 632 1366 688 lsraelis
1414 642 1674 704 cognatus
1721 648 1911 689 secun-

340 719 468 772 dum
501 733 746 784 carnem,
784 722 1080 778 secundum
1111 723 1493 793 aspectabilem
1526 735 1773 780 naturam
1808 726 1909 780 lto-

341 823 449 874 mo,
487 825 555 864 ex
613 811 818 866 semine
870 811 1042 867 David
1081 812 1259 869 factus
1322 815 1618 870 secundum
1667 831 1916 882 carnem,

339 900 454 966 ipsa
539 901 920 969 conjunctione
995 905 1134 962 Deus
1191 908 1558 977 omnipotens.
1631 908 1916 976 Quomodo

342 985 508 1052 igitur
539 1003 855 1058 progressus
892 1001 998 1058 est,
1054 1003 1114 1067 ut
1146 1003 1348 1051 temere
1375 995 1655 1061 fabularis,
1691 998 1756 1052 ad
1779 1012 1914 1067 pon-

343 1075 503 1130 tifieis
533 1077 874 1148 dignitatem,
901 1097 1022 1138 cum
1061 1066 1206 1140 Deus
1239 1087 1311 1142 sit
1335 1088 1679 1156 omnipotens
1697 1066 1912 1144 tuorum

341 1181 554 1236 quoque
599 1171 888 1227 verborum
941 1176 1304 1232 testimonio?
1348 1178 1413 1232 Et
1468 1179 1717 1248 quamvis
1765 1180 1917 1234 illam.

340 1255 653 1325 ignobilem,
717 1271 773 1316 et
799 1276 827 1315 a
865 1271 917 1317 te
944 1264 1058 1320 solo
1101 1267 1286 1324 nescio
1329 1270 1598 1357 quomodo
1639 1271 1915 1340 excogita-

341 1353 451 1398 tam
483 1348 918 1418 conjunctionem
943 1348 1381 1424 commemores:
1388 1361 1611 1415 missum
1643 1361 1696 1415 id
1718 1362 1916 1417 faciam

338 1437 406 1490 ad
449 1453 725 1506 praesens;
774 1443 904 1500 illud
954 1453 1131 1503 tamen
1186 1448 1522 1520 efllagitabo,
1567 1461 1627 1506 ut
1675 1453 1913 1510 secundo

339 1540 504 1581 cursu
531 1527 739 1584 feratur
769 1533 966 1599 oratio,
999 1543 1054 1589 et
1077 1535 1144 1590 ad
1175 1551 1401 1607 scopum
1431 1537 1532 1593 sibi
1585 1539 1914 1593 convenien-

338 1621 446 1666 tem
477 1623 530 1668 et
568 1630 597 1669 a
637 1619 915 1688 proposito
954 1623 1094 1678 haud
1122 1623 1355 1680 alienum
1385 1627 1587 1681 tendat.
1614 1625 1748 1681 Num
1771 1629 1912 1697 quod

2019 448 2164 500 ἰδίων
2190 447 2352 510 αὐτὸς
2381 447 2775 517 ἀμνημονήσας
2815 442 3041 513 φωνῶν,
3065 439 3208 493 κατά
3246 433 3418 506 βραχὺ
3450 448 3587 501 προ-

2014 539 2185 592 ελθεῖν
2211 541 2291 602 είς
2322 538 2627 609 ἀρχιερέως
2655 536 2872 605 ἀξίωμα
2909 535 3073 603 φάναι
3100 547 3159 584 τε
3181 529 3336 600 ὁμοῦ,
3362 528 3456 582 καί⁵
3482 527 3589 598 μὴν

2014 629 2108 680 καὶ
2140 629 2355 697 φρονεῖν
2376 627 2568 692 ἀξιοῖς,
2595 625 2654 678 ὃν
2689 625 2790 678 καὶ
2802 624 2935 676 Θεὸν
2969 617 3106 674 εἶναι
3138 620 3245 690 φὴς
3280 616 3572 687 παντοκράο

2012 735 2166 789 τορα.
2199 717 2572 788 Προκειμένης
2603 715 2713 787 γάρ
2741 732 2822 768 σοι
2849 714 2951 782 τῆς
2984 711 3260 782 Ἑϐραίοις
3285 706 3592 780 γραφείσης

2026 809 2362 877 Ἐπιστολῆς,
2395 808 2591 879 ἁλίσκῃ
2621 807 2796 875 λέγων
2823 822 2836 835 °
2868 805 3009 857 Ἀλλ’
3028 799 3181 866 οὗτος
3201 802 3230 854 6
3247 799 3388 854 κατά
3409 799 3595 868 σάρκα

2011 897 2104 949 τοῦ
2142 896 2354 966 Ἰσραὴλ
2372 898 2659 966 συγγενὴς,
2673 895 2850 949 ὁκατὰ
2869 895 2930 947 16
2945 893 3264 963 φαινόμενον
3283 891 3592 960 ἄνθρωπος,

2013 988 2041 1039 6
2073 987 2212 1040 κατά
2236 987 2332 1056 τὴν
2364 986 2574 1039 Παύλου
2611 986 2824 1056 φωνὴν,
2877 987 2942 1038 ὲκ
2984 983 3297 1053 σπέρματος
3331 995 3591 1046 γεγεννη-

2018 1078 2175 1148 μένος
2216 1078 2401 1144 Δαὸὶδ,
2445 1077 2844 1148 παντοκράτωρ
2873 1078 2940 1146 τῇ
2980 1073 3247 1142 συναφείᾳ
3277 1071 3428 1132 Θεός.
3463 1067 3592 1130 Πῶς

2013 1170 2096 1223 ἔτι
2131 1169 2399 1242 προέκοψε
2443 1169 2588 1222 κατὰ
2615 1171 2714 1240 τὴν
2750 1167 3130 1239 είκαιομυθίαν
3177 1167 3256 1228 είς
3289 1162 3592 1235 ἀρχιερέως

2013 1261 2251 1332 ἀξίωμα,
2284 1261 2461 1316 καίτοι
2501 1261 2632 1326 Θεὸς
2677 1261 3072 1332 παντοκράτωρ
3111 1259 3204 1311 καὶ
3253 1255 3340 1310 διὰ
3366 1255 3464 1325 τῆς
3493 1253 3592 1322 σῆς

2015 1351 2198 1420 φωνῆς
2228 1352 2707 1424 μαρτυρούμενος;
2743 1353 2860 1406 Κᾶν
2887 1351 2984 1421 τὴν
3011 1349 3204 1415 ἀκλεᾶ,
3226 1348 3319 1402 καὶ
3345 1347 3466 1416 τὴν,
3490 1345 3594 1398 οὐκ

2013 1439 2108 1497 οἷδ’
2127 1445 2298 1508 ὅπως,
2323 1445 2694 1514 ἐξευρημένην
2722 1443 2872 1513 αὐτῷ
2906 1460 2987 1496 σοι
3014 1443 3107 1495 καὶ
3133 1441 3278 1512 μόνῳ
3295 1429 3592 1507 συνάφειαν

2015 1532 2309 1602 ὀνομάζης,
2343 1535 2577 1605 παρήσω
2611 1531 2764 1584 νυνί·
2797 1531 2937 1602 πλὴν
2970 1528 3436 1602 ἐρήσομαι,,κατά
3465 1526 3592 1598 ροῦν

2019 1623 2152 1675 ἰέναι
2175 1622 2264 1675 τὸν
2287 1623 2434 1693 αὐτῷ
2459 1623 2738 1693 πρέποντά
2757 1639 2818 1675 τε
2848 1623 2940 1677 καὶ
2961 1621 3320 1693 προκείμενον
3341 1618 3421 1688 τῷ
3449 1618 3592 1687 λόγῳ

337 1703 404 1756 ad
473 1708 838 1764 sacerdotium
895 1724 1248 1779 promovetur
1285 1724 1341 1770 et
1381 1716 1628 1786 gloriam,
1679 1731 1786 1772 non
1839 1720 1906 1774 ad
1936 1719 1981 1773 B
2010 1713 2208 1766 σκοπὸν
2225 1709 3594 1785 ὲφιείς·*Αρόὺχὶτδπροκόπτονεῐςἱερωσύνηνκαὶ

334 1793 561 1850 meliora
622 1804 1116 1874 praestantioraque
1143 1805 1369 1874 gradum
1404 1807 1554 1872 facit,
1587 1819 1678 1863 aut
1730 1808 1910 1864 incre-

335 1897 578 1942 mentum
622 1893 787 1946 sumit
813 1893 914 1948 Yet
941 1897 1187 1964 quisnam
1220 1899 1379 1968 hujus
1410 1899 1692 1954 sententia:
1717 1901 1912 1954 verita-

339 1985 448 2030 tem
511 1993 611 2034 suo
665 1982 923 2054 suffragio
972 2002 1078 2042 non
1141 1989 1386 2057 probet?
1423 1988 1590 2056 Majus
1642 1998 1727 2044 est
1783 2005 1912 2060 ergo

336 2070 627 2124 sacerdotii
658 2088 872 2139 munus,
903 2091 1065 2146 quam
1105 2079 1270 2134 Deum
1294 2094 1414 2136 esse
1440 2079 1860 2148 omnipotentem
1894 2095 1917 2133 ;.

336 2157 440 2212 hoc
481 2159 527 2214 si
565 2161 640 2216 ita
693 2172 800 2228 est,
843 2169 1113 2235 quomodo
1155 2171 1246 2239 qui
1297 2171 1605 2227 sacerdotio
1645 2171 1908 2241 fungitur,

337 2249 616 2306 ministrat
671 2265 726 2308 et
775 2267 917 2311 astat
953 2268 1010 2313 ut
1065 2261 1320 2316 minister
1349 2263 1479 2328 Deo,
1525 2271 1579 2317 et
1600 2269 1658 2315 ut
1678 2260 1916 2317 famulus

336 2338 585 2406 Domino,
649 2345 840 2402 solitas
883 2364 946 2404 ac
983 2360 1155 2406 statas
1214 2353 1518 2408 oblationes
1571 2351 1825 2418 offerens,
1858 2363 1914 2408 et

336 2431 544 2487 ltostias
575 2434 879 2506 imponens,
917 2440 1008 2495 ille
1031 2456 1160 2496 vero
1197 2452 1448 2512 tanquam
1469 2457 1720 2512 suprema
1751 2457 1913 2498 orna-

338 2533 426 2575 tus
459 2524 633 2593 gloria
670 2528 1149 2598 admittithoslias,
1174 2545 1229 2588 et
1269 2534 1565 2588 honoratur
1609 2534 1914 2604 obsequio?

337 2611 492 2679 illud,
526 2619 741 2687 opinor,
771 2622 936 2686 dices,
974 2624 1140 2678 Deum
1183 2625 1608 2694 omnipotentem
1664 2627 1910 2680 eumdem

336 2707 544 2760 factum
604 2724 724 2764 esse
781 2715 1114 2780 pontificem.
1173 2715 1314 2786 Ergo
1364 2719 1674 2772 exinanitus
1719 2727 1823 2783 est,
1858 2727 1914 2772 et

339 2798 581 2866 seipsum
615 2801 939 2872 humiliavit,
978 2807 1046 2862 ad
1077 2809 1286 2863 minora
1322 2824 1384 2864 se
1427 2810 1706 2879 dejiciens.
1764 2811 1912 2879 Quo-

338 2890 498 2943 modo
539 2891 701 2960 igitur
731 2895 795 2948 ad
833 2895 1147 2965 dignitatem
1198 2914 1515 2969 progressus
1549 2911 1631 2956 est
1661 2905 1913 2958 sacerdos

339 2979 564 3036 factus?
592 2983 902 3040 Recordare
951 2988 1064 3058 jam
1109 3005 1296 3046 rursus
1335 3001 1549 3046 tuorum
1580 2995 1866 3048 verborum
1896 3012 1912 3059 ;

2011 1803 2190 1869 δόξαν,
2221 1804 2318 1874 τὴν
2337 1805 2418 1868 εἰς
2440 1805 2508 1858 τὰ
2533 1805 2740 1874 ἀμείνω
2754 1805 2847 1858 καὶ
2860 1802 3163 1875 προῦχοντα
3188 1804 3421 1856 ποιεῖται
3446 1801 3594 1872 βάδι-

2014 1912 2118 1958 σιν,
2132 1895 2298 1964 ἧγουν
2317 1896 2555 1949 ἐπίδοσιν
2569 1897 2783 1962 ;Καίτοι
2801 1896 2917 1958 πῶς
2935 1895 3033 1965 οὐχ
3049 1891 3590 1963 ἀπαστισοῦνὲπιψη-

2013 1989 2214 2055 φιεῖται
2227 1986 2301 2056 τῷ
2320 1986 2461 2058 λόγῳ
2473 1988 2533 2040 τὸ
2547 1987 2761 2058 ἀληθῶς
2776 1986 2882 2058 [ιον.
2899 1985 3143 2059 ἀληθές];
3161 1988 3360 2050 Μεῖζον
3377 1981 3468 2039 οῦν
3486 1985 3596 2056 ἄρα

2013 2075 2108 2129 τοῦ
2131 2072 2410 2130 εἶναιΘεὺν
2428 2078 2864 2148 παντοκράτορα,
2879 2077 2975 2148 τῆς
2995 2077 3293 2148 ἱερωσύνης
3311 2077 3370 2130 16
3381 2077 3591 2148 χρῆμα.

2011 2163 2145 2222 Εἶτα
2167 2169 2303 2232 πῶς,
2331 2170 2360 2220 6
2387 2169 2485 2239 μὲν
2513 2169 2761 2241 ἱερᾶσθαι
2801 2167 2982 2240 λαχὼν
3000 2169 3304 2240 λειτουργεῖ
3336 2168 3432 2222 καὶ
3453 2184 3594 2238 παρ-

2014 2260 2242 2329 έστηκεν
2258 2259 2333 2320 ὡς
2347 2261 2550 2330 λάτρης
2563 2260 2702 2330 Θεῷ,
2719 2260 2812 2312 καὶ
2825 2260 2901 2323 ὼς
2911 2259 3129 2329 οἰκέτης
3143 2259 3409 2330 Δεσπότῃ,
3433 2274 3598 2329 προσ-

2014 2348 2254 2418 κομίζων
2274 2349 2341 2402 τά
2356 2350 2740 2420 νενομισμένα,
2761 2349 3058 2416 καὶθυσίας
3082 2350 3372 2412 ἀνατιθείς·
3392 2350 3420 2402 6
3435 2349 3490 2402 δὲ
3516 2348 3594 2410 ὡς

2013 2440 2138 2510 δόξῃ
2165 2443 2230 2510 τῇ
2250 2440 2534 2512 ὑπερτάτη
2550 2442 2992 2511 κατεστεμμένος
3007 2442 3360 2513 προσδέχεται
3386 2439 3483 2500 τὰς
3495 2439 3590 2489 Ou»

2017 2530 2159 2592 σίας,
2189 2531 2282 2582 καὶ
2311 2531 2541 2600 τιμᾶται
2559 2513 2992 2602 θεραπευόμενος
3009 2550 3023 2598 ;
3043 2532 3179 2583 Ἀλλ’
3195 2532 3392 2592 ἐκεῖνο,
3411 2523 3586 2597 οἶμαι,

2017 2623 2143 2691 φής’
2178 2623 2258 2674 ὅτι
2275 2622 2408 2686 Θεὸς
2421 2625 2819 2694 παντοκράτωρ
2836 2625 3114 2695 ὑπάρχων,
3132 2626 3160 2676 6
3176 2622 3337 2683 αὐτὸς
3364 2620 3590 2688 γέγονεν

2015 2711 2325 2781 ἀρχιερεύς.
2349 2713 2640 2766 Κεκένωκε
2655 2712 2718 2784 δὴ
2739 2708 2852 2776 οὖν,
2871 2716 2964 2765 καὶ
2978 2713 3375 2788 τεταπείνωκεν
3401 2710 3595 2764 ἑαυτὸν

2016 2803 2203 2866 καθεὶς
2215 2806 2272 2857 ὲν
2293 2804 2486 2874 μείοσι.
2508 2802 2630 2866 Πῶς
2648 2797 2740 2855 οὖν
2754 2801 2834 2856 ἔτι
2852 2803 3152 2874 προέκοψεν
3173 2805 3252 2865 είς
3266 2801 3484 2872 ἀξίωμα
3500 2817 3596 2869 γε-

2015 2893 2187 2963 γονὼς
2217 2893 2428 2964 ίερεύς;
2459 2893 2812 2966 Διαμέμνησο
2835 2895 2900 2966 δὴ
2940 2895 3103 2948 πάλιν
3132 2893 3241 2946 τῶν
3264 2891 3462 2945 σαυτοῦ
3513 2881 3600 2943 λόὲ

2015 3003 2126 3054 γων
2148 3003 2161 3016 ο
2195 2985 2330 3056 ἔφης
2358 2985 2463 3055 γὰρ
2491 2984 2663 3049 οὕτως
2701 2988 2758 3040 ὲν
2778 2989 2890 3049 τοῖς
2918 2985 3176 3058 ἀνωτέρω
3213 2983 3387 3056 βραχύ
3413 3000 3427 3014 ’
3451 2984 3514 3036 El
3541 2982 3600 3035 δὲ

341 3070 419 3124 sic
453 3087 684 3144 namque
718 3078 876 3144 paulo
899 3081 1151 3148 superius
1205 3082 1386 3138 dixisti
1427 3099 1442 3136 :
1477 3081 1630 3149 Quod
1651 3084 1697 3139 si
1723 3099 1908 3139 sacer-

2019 3077 2302 3147 ἀρχιερεὺς
2335 3078 2367 3147 ὴ
2393 3077 2613 3148 Θεότης,
2639 3078 2720 3142 τίς
2743 3080 2772 3130 6
2796 3078 2949 3148 παρὰ
2967 3081 3032 3148 τῇ
3061 3078 3162 3147 τῆς
3189 3075 3603 3148 ἀρχιερωσύνης.

341 3162 441 3216 dos
475 3173 558 3217 est
600 3165 712 3234 ipsa
746 3167 1030 3232 Divinitas,
1073 3171 1324 3238 quisnam
1360 3180 1444 3226 est
1499 3171 1588 3241 qui
1623 3173 1914 3228 sacerdotii

341 3252 601 3322 obsequio
636 3256 832 3311 colitur
863 3259 886 3311 ?
915 3259 962 3313 si
997 3259 1137 3314 Deus
1165 3270 1248 3316 est
1275 3262 1367 3332 qui
1397 3261 1577 3327 offert,
1629 3277 1788 3318 nemo
1834 3272 1917 3318 est

311 3343 429 3432 .cui
475 3344 588 3417 86
619 3345 900 3402 offeratur.
925 3349 1062 3416 Quid
1093 3352 1238 3406 enim
1264 3353 1336 3407 sit
1361 3352 1647 3408 Divinitate
1671 3353 1914 3422 dignum,

344 3435 509 3487 utilla
549 3445 802 3505 tanquam
838 3439 1064 3494 inferior
1092 3442 1280 3510 majori
1313 3442 1505 3498 offerat
1535 3444 1557 3495 ?
1594 3443 1736 3500 Siste
1775 3459 1918 3498 nunc

345 3525 536 3581 saltem
585 3529 637 3582 in
679 3529 786 3585 tuis
835 3531 1006 3600 ipsius
1047 3533 1272 3589 vocibus
1305 3551 1322 3601 ;
1354 3534 1449 3590 sed
1488 3535 1540 3588 id
1572 3534 1752 3590 facere
1778 3551 1920 3590 nun-

345 3631 505 3683 quam
536 3618 757 3686 poteris,
793 3634 916 3674 cum
979 3622 1126 3676 omni
1173 3633 1334 3678 vento
1381 3623 1812 3689 circumferaris,
1865 3631 1919 3678 et

347 3717 399 3761 te
424 3707 564 3762 ultro
587 3709 833 3779 citroque
863 3711 1058 3780 jactari
1090 3728 1197 3768 non
1234 3716 1465 3780 sentias,
1510 3730 1654 3770 nunc
1707 3730 1769 3771 ex
1811 3716 1918 3770 illis

344 3800 410 3852 ad
460 3799 595 3863 haec,
650 3817 795 3857 nunc
844 3803 1084 3858 vicissim
1113 3819 1180 3860 ex
1230 3806 1315 3860 his
1352 3807 1418 3861 ad
1447 3806 1534 3862 illa
1565 3807 1915 3873 transiliens;

343 3906 521 3962 neque
570 3895 678 3948 ullo
716 3896 876 3951 modo
921 3897 1262 3966 pertimescis
1288 3898 1438 3966 illud,
1466 3902 1609 3969 quod
1649 3910 1733 3956 est
1766 3901 1917 3956 Pauli

340 3999 474 4039 voce
532 3986 778 4041 dictum:
814 4006 832 4040 ι
875 3987 929 4042 Si
956 3991 1101 4044 enim
1141 3997 1261 4059 qua:
1287 3991 1553 4056 destruxi,
1586 3991 1702 4047 haec
1730 4008 1920 4048 rursus

341 4075 570 4139 mdifico,
597 4079 1068 4146 praevaricatorem
1095 4081 1356 4150 meipsum
1375 4082 1649 4138 conStitue
1672 4083 1737 4138 ⁸⁸.
1773 4102 1790 4135 ι
1812 4083 1919 4140 Sed

341 4163 572 4218 fortasse
601 4166 840 4222 dicturus
867 4183 926 4222 es
952 4169 1080 4222 illud
1106 4189 1118 4224 :
1157 4168 1289 4224 Cum
1323 4180 1373 4225 tu
1405 4171 1519 4239 ipse
1543 4173 1740 4242 ubique
1770 4173 1921 4228 Chri-

343 4265 486 4310 stum
525 4272 688 4310 unum
735 4267 789 4313 et
823 4259 1017 4314 Filium
1075 4270 1130 4315 et
1173 4262 1457 4316 Dominum
1509 4278 1632 4320 esse
1682 4264 1920 4320 affirmes

344 4352 473 4408 illud
513 4367 579 4406 ex
639 4355 746 4408 Deo
797 4354 961 4409 Patre
1009 4356 1240 4411 Verbum
1275 4373 1396 4412 cum
1423 4374 1520 4413 sua
1551 4373 1735 4424 carne,
1777 4375 1915 4428 quo-

343 4446 504 4500 modo
533 4447 732 4502 asseris
787 4448 1095 4516 pontificem
1125 4449 1360 4518 positum
1397 4450 1565 4505 fuisse
1593 4459 1647 4505 et
1701 4462 1918 4519 aposto-

342 4537 450 4590 lum
472 4579 486 4600 ,
517 4537 594 4591 ita
625 4546 706 4604 ut,
733 4553 853 4592 cum
884 4539 935 4593 id
973 4540 1142 4606 dicas,
1173 4555 1278 4616 non
1314 4555 1581 4596 summam
1602 4543 1717 4610 ejus
1740 4541 1917 4611 digni-

342 4639 508 4682 tatem
541 4629 743 4684 aflicias
772 4632 1098 4686 contumelia
1133 4633 1155 4686 ?
1191 4633 1347 4700 Quia,
1398 4635 1641 4702 inquam,
1666 4633 1747 4688 vir
1777 4633 1918 4703 opti-

341 4737 448 4786 me,
474 4723 810 4793 unigenitum
837 4724 964 4779 illud
995 4725 1085 4780 Dei
1120 4723 1350 4780 Verbum
1391 4725 1593 4780 factum
1621 4735 1706 4779 est
1733 4726 1916 4789 homo,

340 4824 395 4870 et
444 4817 736 4872 sacerdotii
779 4832 974 4872 munus
1035 4817 1388 4873 humanitatis
1438 4833 1744 4873 mensuram
1773 4819 1915 4871 baud

340 4909 588 4974 dedecet,
619 4919 675 4964 ut
710 4909 846 4966 item
893 4910 1036 4979 quod
1095 4911 1294 4966 missus
1343 4924 1465 4966 esse
1508 4911 1722 4964 dicitur.
1777 4909 1918 4963 Con-

342 4998 613 5053 f'nsionem
645 4999 790 5053 enim
839 5001 1184 5070 contempsit,
1214 5010 1272 5054 ut
1306 5001 1498 5056 beatus
1513 4999 1714 5054 Paulus
1753 4999 1916 5063 ait",

340 5089 588 5143 cumbis
643 5091 805 5144 etiam
856 5090 1072 5146 utiliora
1103 5101 1156 5145 et
1210 5091 1510 5162 indigniora
1563 5102 1782 5161 propter
1823 5105 1924 5144 nos

340 5177 649 5246 pertulerit.
673 5179 827 5234 Dedit
855 5183 997 5236 enim
1034 5185 1253 5237 dorsum
1285 5184 1339 5236 iu
1379 5183 1615 5252 ﬂagella,
1641 5191 1698 5236 et
1723 5181 1918 5236 faciem

341 5282 494 5321 suam
529 5282 636 5322 non
671 5270 870 5323 avertit
903 5286 932 5324 a
956 5274 1276 5327 confusione
1307 5283 1586 5341 sputorum
1619 5271 1664 5303 ³⁸
1690 5311 1706 5336 ,
1752 5282 1804 5326 et
1827 5269 1920 5324 Ju-

344 5361 584 5415 dzeorum
614 5364 968 5420 contumelias
995 5365 1262 5435 patienter
1291 5365 1564 5420 sustinuit.
1587 5363 1691 5419 Sed
1723 5363 1924 5435 refugis

344 5452 684 5510 sacerdotem
711 5453 986 5518 dicere,ut
1022 5457 1110 5525 qui
1140 5457 1208 5511 sit
1229 5456 1412 5511 Deus?
1443 5456 1683 5512 Admitte
1705 5456 1918 5526 dispen-

415 5637 462 5674 ⁸⁸
499 5636 678 5696 Galat.
731 5652 790 5704 ll,
828 5635 909 5692 i8.
989 5638 1032 5668 ⁸⁷
1075 5636 1238 5693 Hebr.
1278 5653 1374 5708 ιιι,
1407 5636 1459 5693 2.

2017 3164 2328 3236 λειτουργίᾳ
2383 3164 2860 3236 θεραπευόμενος;
2891 3169 2940 3219 εί
2989 3167 3122 3229 Θεὸς
3175 3167 3203 3218 6
3249 3164 3596 3236 προσφέρων,

2017 3251 2190 3314 οὐδεὶς
2221 3245 2265 3320 ᾧ
2295 3256 2700 3325 προσφέρεται·
2725 3255 2778 3307 τί
2805 3255 2913 3325 γὰρ
2946 3255 3211 3324 Θεότητος
3241 3255 3410 3326 ἄξιον,
3436 3252 3502 3305 ἵν’
3523 3252 3599 3314 ὼς

2017 3345 2254 3398 ἐλάττων
2302 3349 2586 3420 προσφέρῃ
2616 3347 2695 3416 τῷ
2737 3348 2980 3418 μείξονι;
3016 3349 3180 3420 Στῆθι
3211 3347 3312 3402 ’νῦν
3351 3347 3440 3400 καὶ
3468 3345 3597 3415 γοῦν

2018 3441 2074 3492 ὲν
2103 3441 2230 3501 ταῖς
2263 3439 2457 3492 ἑαυτοῦ
2491 3442 2696 3507 φωναῖς
2719 3457 2732 3470 ·
2769 3439 2904 3494 ἀλλὰ.
2931 3438 3087 3492 τοῦτο
3117 3439 3236 3510 μὲν,
3271 3439 3368 3507 οὺχ
3397 3431 3506 3500 οἷός
3538 3453 3596 3488 τε

2020 3528 2118 3601 ἔσῃ
2168 3529 2332 3598 δρᾷν’
2373 3529 2646 3600 περιφέρῃ
2686 3528 2743 3581 δὲ
2795 3529 2980 3599 ὥσπερ
3033 3527 3226 3597 ἀνέμῳ.
3273 3528 3466 3590 παντὶ,
3503 3527 3598 3578 καὶ

2018 3621 2506 3692 διαρριπτούμενος
2538 3622 2637 3672 ούκ
2667 3619 2922 3692 αἰσθάνῃ,
2967 3619 3096 3673 ποτὲ
3139 3620 3258 3689 μὲν,
3288 3618 3347 3683 ἐξ
3377 3617 3598 3670 ἐκείνων

2020 3715 2100 3777 είς
2133 3698 2308 3765 ταῦτα
2329 3753 2342 3778 ,
2373 3713 2503 3766 ποτὲ
2537 3713 2593 3766 δὲ
2629 3712 2792 3766 πάλιν
2822 3714 2886 3766 ὲκ
2925 3711 3128 3765 τούτων
3161 3713 3239 3776 είς
3283 3712 3465 3764 ἐκεῖνα
3505 3727 3602 3780 με-

2020 3803 2280 3872 ταπηδῶν
2303 3819 2316 3834 ⁸
2345 3803 2522 3867 δέδιας
2569 3804 2626 3857 δὲ
2671 3805 2790 3858 κατ’
2824 3803 3017 3856 οὐδένα
3052 3802 3251 3872 τρόπον
3284 3801 3342 3855 τὸ
3384 3801 3472 3855 διὰ
3498 3801 3598 3870 τῆς

2019 3898 2115 3951 τοῦ
2146 3897 2356 3952 Παύλου
2375 3901 2588 3970 φωνῆς·
2622 3920 2640 3952 ι
2673 3901 2734 3953 El.
2756 3899 2866 3972 γὰρ
2888 3899 2924 3954 ἀ
2951 3899 3252 3965 κατέλυσα,
3288 3897 3463 3952 ταῦτα
3489 3897 3597 3950 πάρ

2020 3991 2104 4044 λιν
2151 3993 2515 4065 οἰκοδομήσω,
2571 3994 2898 4065 παραϐάτην
2943 3995 3183 4066 ἐμαυτὸν
3217 3993 3542 4048 συνιστάνω.
3578 4012 3597 4043 ι

2035 4083 2208 4153 Ἐρεῖς
2259 4083 2317 4137 δὲ
2357 4085 2487 4148 ῖσως
2519 4085 2722 4139 ὲκεῖνοσ
2779 4086 3016 4156 Χριστὸν
3067 4086 3162 4139 ἕνα
3207 4085 3300 4138 καὶ
3339 4083 3466 4136 Υίὸν
3509 4084 3605 4136 καὶ

2024 4171 2229 4241 Κύριον
2263 4173 2731 4244 διισχυριζόμενος
2765 4169 2903 4228 εἶναι
2939 4175 3209 4245 πανταχοῦ
3247 4175 3340 4227 τὸν
3375 4176 3438 4226 ἐκ
3465 4172 3601 4226 Θεοῦ

2023 4268 2234 4338 Πατρὸς
2265 4265 2456 4333 Λόγον,
2499 4265 2637 4335 μετά
2674 4265 2774 4336 τῆς
2803 4266 2939 4329 ίδίας
2983 4268 3207 4337 σαρκὸς,
3245 4266 3361 4329 πῶς
3394 4266 3460 4336 δὴ
3495 4265 3602 4335 φὴς

2024 4360 2103 4421 είς
2133 4356 2394 4428 ἀρχιερέα
2449 4355 2725 4409 τεθεῖσθαι
2772 4357 2866 4409 καὶ
2915 4356 3246 4423 ἀπόστολον;
3275 4353 3394 4409 εἶτα
3441 4355 3600 4408 τοῦτο

2024 4449 2215 4517 λέγων,
2250 4449 2346 4516 οὐχ
2379 4445 2631 4518 ὑϐριεῖ[ς]
2659 4448 2757 4517 τῆς
2785 4448 2934 4511 θείας
2962 4448 3129 4501 αὑτοῦ
3153 4448 3310 4517 δόξης
3340 4448 3400 4501 16
3435 4448 3601 4517 ὑπερ-

2027 4539 2189 4611 φερὲς
2215 4536 2463 4608 ἀξίωμας
2497 4539 2638 4602 Ὅτι,
2669 4532 2714 4591 ὦ
2763 4539 3025 4608 βέλτιστε,
3059 4540 3224 4609 φαίην
3263 4539 3349 4603 ἂν,
3378 4538 3602 4607 γέγονεν

2026 4631 2121 4684 ἀνθ
2132 4646 2310 4700 ρωπος
2333 4629 2362 4680 ὁ
2393 4628 2688 4700 μονογενὴς
2716 4629 2809 4682 τοῦ
2835 4629 2971 4682 Θεοῦ
3006 4630 3200 4698 Λόγος,
3225 4629 3322 4682 καὶ
3347 4633 3461 4692 τοῖς
3504 4629 3603 4699 τῆς

2028 4720 2445 4791 ἀνθρωπότητος
2495 4721 2748 4791 μέτροις,
2781 4722 2882 4774 οὐκ
2934 4721 3272 4792 ἀνάρμοστον
3309 4719 3374 4772 ἂν
3405 4720 3491 4789 εἴη
3543 4721 3605 4772 τὸ

2029 4815 2216 4882 χρῆμα
2245 4812 2343 4881 τῆς
2390 4810 2708 4882 ἱερωσύνης,
2769 4811 2863 4865 καὶ
2905 4810 3009 4882 μὴν
3040 4811 3135 4863 κοιλ⁵
3173 4810 3234 4863 τὸ
3263 4809 3605 4863 ἀπεστάλθαι

2027 4905 2207 4972 λέγειν
2239 4904 2421 4959 αὐτόν.
2462 4903 2850 4974 Κατεφρόνησε
2881 4901 2990 4974 γὰρ
3038 4901 3318 4971 αίσχύνης,
3341 4901 3416 4963 ὡς
3454 4902 3484 4952 6
3513 4899 3605 4953 θε-

2028 4994 2249 5056 σπέσιος
2275 4994 2476 5064 γράφει
2499 4993 2728 5057 Παῦλος,
2761 4993 2855 5045 καὶ
2885 4992 2954 5045 τὰ
2987 4991 3068 5043 ἔτι
3098 4991 3235 5061 μείω
3255 5007 3314 5042 τε
3351 4991 3442 5043 καὶ
3494 4993 3603 5043 ἀπ-

2027 5086 2301 5156 ηχέστερα
2330 5085 2396 5136 δι’
2421 5087 2567 5155 ἡμᾶς
2595 5083 2914 5153 ὑπομείνας.
2936 5083 3149 5138 Δέδωκε
3181 5082 3290 5153 γὰρ
3315 5081 3406 5134 16v
3436 5081 3607 5135 νῶτον

2026 5180 2105 5242 εἰς
2138 5179 2428 5248 μάστιγας,
2454 5179 2514 5230 16
2547 5178 2603 5229 δὲ
2635 5179 2925 5251 πρόσωπον
2954 5176 3117 5230 αὐτοῦ
3150 5178 3250 5228 οὐκ
3276 5176 3605 5246 ἀπεστράφη

2027 5270 2136 5324 ἀπὸ
2177 5270 2439 5340 αἰσχύνης
2462 5271 2889 5339 ὲμπτυσμάτων,
2923 5269 3016 5322 καὶ¹
3040 5269 3138 5333 τὰς
3171 5269 3439 5321 Ἰουδαίων
3460 5284 3604 5335 παρα

2027 5360 2195 5422 οινίας
2224 5359 2520 5431 τληπαθῶς
2551 5360 2825 5430 ⁴ὴνρὲσχετο.
2861 5358 2998 5412 Ἀλλ’
3019 5359 3120 5410 ούκ
3146 5358 3317 5422 ἀξιοῖς
3346 5357 3496 5430 ἱερέα
3527 5357 3611 5409 λέο

2029 5468 2145 5520 γειν
2182 5451 2256 5515 ὡς
2281 5451 2597 5522 ὑπάρχοντα
2620 5449 2786 5516 Θεόν;
2814 5450 2981 5520 Δέχου
3013 5451 3111 5522 τῆς
3135 5449 3446 5520 οἰκονομίας
3479 5448 3606 5512 τοὺς

1535 5638 1592 5713 ⁸⁸.
1623 5636 1723 5695 lsa.
1760 5653 1808 5703 ι,
1844 5635 1906 5702 6;
1941 5633 2127 5690 Matth.
2160 5650 2305 5703 xxvi,
2345 5637 2430 5692 67.
