4004 6202
285 288 382 345 153

1369 301 1742 362 ADV’ERSUS
1777 307 2180 366 NESTORIUM
2224 311 2350 367 LIB.
2387 313 2472 370 Ill.

3454 327 3552 383 ιιι

281 413 490 492 λόγους·
536 415 866 484 διαλογίζου
934 422 1036 493 τὴν
1063 423 1330 478 κένωσιν·
1385 427 1482 498 τὴν
1533 431 1612 492 είς
1646 434 1742 501 τὴν
1787 448 1848 485 το

1950 434 2210 492 .sationis
2271 435 2559 501 rationem,
2619 437 2793 506 cogita
2847 438 3290 506 exinanitionem,
3325 445 3550 500 descen-

283 503 452 557 δούλου
480 506 698 578 μορφὴν
731 513 1170 582 καταφοίτησιν.
1202 517 1274 568 06
1300 517 1364 586 δὴ
1393 520 1663 589 προκόψαι
1695 522 1874 591 φαμὲν

286 598 369 648 καὶ
392 597 466 658 εἰς
490 597 713 667 ἀξίωμα
745 600 998 672 δραμεῖν
1042 606 1133 658 τὸν
1165 607 1259 660 τοῦ
1311 609 1444 662 Θεοῦ
1487 611 1682 680 Λόγον,
1711 615 1759 665 εί
1786 631 1875 667 κε-

286 689 605 758 χρημάτικεν
647 693 817 761 ἡμῶν
867 696 1202 768 ἀρχιερεὺς,
1234 700 1558 756 καθικέσθαι
1586 704 1642 756 δὲ
1673 706 1873 774 μᾶλλον

287 781 370 832 καὶ
392 779 476 831 διὰ
513 783 709 834 τούτου
753 785 908 854 πρὸς
945 788 1211 842 κένωσιν·
1245 792 1369 844 ἐπεὶ
1404 794 1519 856 πῶς
1549 797 1868 864 κεκένωται,

290 868 372 921 καὶ
388 867 877 942 [τε]ταπεινῶσθαι
894 877 1117 946 λέγεται
1133 881 1328 942 ,καίτοι
1341 883 1403 935 τὸ
1419 884 1690 954 ἄτρεπτον
1708 888 1868 957 ἔχων,

293 965 376 1016 καὶ
400 965 654 1034 ὑπάρχων
689 969 753 1021 ὲν
791 974 992 1040 μορφῇ
1021 973 1111 1024 καὶ
1142 973 1350 1044 ἰσότητι
1377 976 1518 1029 κατὰ
1547 981 1655 1033 πᾶν
1693 981 1869 1034 ὁτιοῦν

294 1052 415 1120 πρὸς
437 1052 522 1104 τὸν
562 1055 765 1109 ἑαυτοῦ
805 1059 847 1110 Γ
851 1062 1163 1131 εννήτορα;
1206 1062 1322 1127 πῶς
1365 1065 1422 1118 δὲ
1467 1069 1559 1120 καὶ
1597 1071 1866 1141 προέκοψε

298 1145 425 1196 κατὰ
450 1144 632 1216 βραχὺ,
673 1149 774 1201 καὶ
819 1150 1015 1215 τοῦτο,
1053 1154 1196 1208 καθὰ
1225 1156 1330 1226 φὴς
1367 1158 1549 1223 αὐτὸς,
1579 1163 1659 1224 είς
1679 1163 1740 1215 τὸ
1767 1163 1868 1234 τῆς

301 1236 678 1308 ἀρχιερωσύνης
721 1241 1003 1311 ἀξίωμας
1051 1244 1211 1298 ποίαν
1263 1249 1346 1310 είς
1379 1249 1536 1304 τοῦτο
1579 1252 1866 1324 δεχόμενος

300 1328 387 1397 τὴν
421 1329 682 1396 ἐπίδοσιν;
716 1333 782 1384 Et
838 1335 937 1404 μὲν
989 1331 1084 1388 οὖν
1128 1337 1228 1405 τὴν
1278 1338 1559 1408 σώματος,
1596 1344 1863 1415 ἐρήσομαι

305 1419 468 1470 πάλιν·
494 1415 637 1490 ’Δρα
663 1423 777 1494 γὰρ
831 1426 864 1494 ὴ
905 1425 1157 1496 σώματος
1178 1428 1405 1500 αὔξησις
1452 1433 1590 1503 πρὸς
1633 1435 1731 1505 τὴν
1764 1439 1863 1508 τῆς

310 1510 575 1580 ἱερωσύνης
601 1513 1149 1584 ἀνακομίζειδόξαν;
1186 1520 1395 1573 Οὐκοῦν
1428 1522 1567 1576 ἔστω
1591 1524 1650 1577 τὸ
1674 1527 1861 1596 χρῆμα

311 1601 497 1653 κοινόν·
530 1603 622 1655 καὶ
653 1606 680 1656 6
714 1605 820 1668 σὸς
859 1607 1042 1660 οὐτοσὶ
1065 1609 1205 1662 κατά
1235 1611 1432 1674 παντὸς
1459 1614 1555 1666 ίτω
1588 1615 1742 1682 λόγος
1763 1620 1858 1670 τοῦ

313 1693 678 1761 προκόπτοντος
743 1697 1114 1766 σωματικῶς·
1166 1701 1302 1754 ἀλλά
1366 1703 1471 1772 μὴν
1523 1705 1623 1775 οὐχ
1685 1707 1856 1762 ἅπασι

1977 540 2206 594 sumque
2252 526 2316 579 ad
2372 526 2513 580 servi
2567 525 2817 584 formam.
2865 529 2980 585 Non
3038 532 3203 602 igitur
3256 535 3549 602 profecisse

1977 616 2227 682 dicimus,
2286 624 2339 670 et
2397 619 2465 671 ad
2510 617 2828 684 dignitatem
2879 623 3192 688 pervenisse
3241 625 3414 693 ipsum
3453 625 3545 681 Dei

1981 708 2233 772 Verbum,
2264 725 2385 764 cum
2416 709 2658 778 pontifex
2695 721 2878 766 noster
2908 723 2992 767 est
3020 713 3214 779 factus,
3249 717 3340 769 sed
3366 717 3546 783 potius

1974 800 2136 854 etiam
2171 815 2236 853 ex
2264 801 2366 854 hac
2405 811 2558 868 parte
2592 802 2660 855 ad
2691 803 3120 857 exinanitionem
3163 803 3544 859 descendisse:

1973 891 2194 960 alioqui,
2247 893 2516 960 quomodo
2549 894 2861 948 exiuauitus
2893 903 2948 948 et
2980 894 3296 948 humiliatus
3324 895 3542 960 dicitur,

1971 998 2094 1037 cum
2125 992 2272 1036 esset
2323 982 2680 1036 immutabilis
2708 991 2762 1036 et
2795 983 2849 1037 in
2886 982 3057 1037 forma
3088 982 3203 1048 Dei,
3239 992 3293 1036 et
3323 985 3544 1051 aequali-

1973 1083 2135 1127 tatem
2157 1073 2410 1126 omnibus
2442 1072 2496 1126 in
2532 1073 2694 1127 rebus
2712 1088 2834 1126 cum
2864 1089 2962 1128 suo
2986 1073 3242 1128 Genitore
3266 1073 3549 1128 servaret?

1969 1164 2241 1232 quomodo
2271 1164 2432 1217 etiam
2475 1163 2730 1231 paulatim
2762 1163 3012 1232 profecit,
3035 1165 3217 1234 idque,
3256 1173 3314 1217 ut
3350 1173 3404 1218 tu
3435 1165 3539 1230 ais,

1969 1254 2034 1307 ad
2065 1255 2352 1308 sacerdotii
2383 1253 2699 1324 dignitatem
2732 1255 2754 1307 ?
2781 1257 2940 1324 quale
2965 1257 3030 1310 ad
3055 1271 3174 1310 eam
3207 1270 3320 1311 rem
3361 1256 3542 1311 incre-

1967 1355 2210 1398 mentum
2242 1349 2451 1414 accepit
2481 1346 2504 1399 Ἰ
2533 1345 2665 1400 Nam
2709 1349 2751 1402 si
2797 1349 3042 1416 corporis
3099 1350 3273 1415 dicas,
3337 1350 3540 1422 rogabo

1966 1450 2206 1490 rursus:
2255 1435 2393 1490 Num
2430 1439 2677 1506 corporis
2729 1449 3076 1507 augmentum
3131 1443 3196 1495 ad
3245 1442 3537 1496 sacerdotii

1964 1529 2188 1599 gloriam
2224 1531 2470 1598 perducit
2500 1530 2524 1582 ’ί
2557 1531 2698 1600 Ergo
2737 1532 3044 1587 communis
3077 1533 3150 1586 sit
3181 1548 3244 1586 ea
3279 1533 3533 1602 dignitas,

1963 1630 2014 1674 et
2042 1621 2155 1674 haec
2185 1631 2276 1673 tua
2331 1622 2472 1676 ratio
2523 1637 2619 1690 per
2677 1636 2864 1676 omnes
2893 1631 2982 1674 eat
3044 1622 3136 1690 qui
3183 1622 3538 1690 corporaliter

1962 1723 2250 1780 augentur,
2309 1712 2459 1782 atqui
2519 1727 2626 1766 non
2680 1712 2933 1767 omnibus
2977 1712 3066 1781 qui
3101 1714 3168 1766 ad
3227 1713 3532 1768 auctionem

316 1785 412 1873 τοῖς
435 1785 505 1844 είς
555 1783 779 1853 αὖξησιν
817 1786 917 1856 τὴν
959 1789 1275 1873 σωματικὴν
1319 1792 1611 1864 ἀναφοιτᾷν
1642 1796 1848 1852 εἰωθόσι

1960 1801 2620 1871 corporalem'pervenire
2641 1803 2837 1866 solent,
2871 1806 3174 1858 sacerdotio
3213 1804 3361 1873 fungi
3403 1820 3533 1859 con-

321 1870 374 1923 τὺ
417 1873 644 1943 ἱερᾶσθαι
695 1874 939 1944 πρέπει·
979 1876 1098 1939 πῶς
1133 1872 1227 1930 οὖν
1289 1881 1420 1948 ἡμῖν
1467 1883 1546 1944 είς
1587 1882 1858 1950 ἀπόδειξιν

322 1955 388 2015 ὧν
432 1966 553 2034 ἔφης
590 1967 906 2036 παρατιθεὶς
955 1969 1058 2021 οὐκ
1096 1969 1386 2041 ἐρυθριᾷς,
1427 1973 1490 2025 τὸ
1541 1975 1628 2027 διὰ
1672 1976 1856 2046 φωνῆς

333 2053 582 2121 εἰρημένον
611 2056 698 2108 τοῦ
742 2057 1030 2111 θεσπεσίου
1062 2059 1248 2112 Λουκᾶ
1274 2077 1286 2089 ·
1341 2079 1360 2112 ι
1400 2063 1603 2133 Ἰησοῦς
1640 2066 1696 2118 δὲ
1723 2084 1855 2136 προ-

343 2141 538 2197 ἔκοπτεν
559 2146 723 2218 ἡλικίᾳ.
745 2148 836 2200 καὶ
865 2150 1030 2220 σοφίᾳ
1051 2152 1143 2204 καὶ
1168 2153 1347 2222 χάριτι
1372 2171 1386 2218 ;
1417 2173 1436 2205 ι
1471 2156 1609 2208 Ἀλλ’
1639 2156 1714 2220 ὡς
1739 2157 1849 2228 [ἶσ.

349 2231 445 2303 εὶς]
475 2237 639 2302 σοφίαν
669 2239 758 2307 φὴς
785 2241 1036 2307 γενέσθαι
1079 2243 1177 2314 τὴν
1209 2245 1475 2299 ἐπίδοσιν·
1512 2249 1687 2303 καίτοι
1735 2253 1852 2318 πῶς

347 2321 495 2374 τοῦτο
523 2323 614 2376 06x
653 2327 869 2392 ἀμαθές
913 2330 1367 2402 Πεπιστεύκαμεν
1410 2335 1518 2406 γὰρ
1565 2339 1629 2391 ὲκ
1661 2340 1852 2409 νηδύος

339 2413 504 2482 αὐτῆς
548 2417 638 2468 καὶ
681 2420 865 2488 μήτρας
903 2421 992 2490 τῆς
1035 2423 1370 2496 παρθενικῆς
1416 2427 1546 2482 Θεὸν
1578 2430 1704 2485 ὄντα
1759 2433 1849 2487 τδν

343 2504 689 2576 Ἐμμανουήλ,
723 2511 987 2579 ἄνθρωπον
1022 2516 1320 2584 προελθεῖν,
1359 2519 1538 2591 πλήρη
1566 2539 1666 2574 που
1714 2525 1848 2578 παν-

318 2611 418 2656 τως
443 2598 626 2664 σοφίας
656 2604 739 2653 καὶ
769 2603 986 2672 χάριτος
1018 2606 1112 2674 τῆς
1148 2609 1374 2679 ἐνούσης
1406 2612 1554 2682 αὐτῷ
1583 2617 1843 2681 φυσικῶς.

315 2689 465 2742 Ποίαν
487 2686 576 2744 οὖν
593 2693 880 2758 ἐπιδέξαιτο
901 2696 996 2767 τὴν
1017 2699 1260 2754 ἐπίδοσιν
1286 2702 1313 2753 6
1339 2704 1396 2753 ὲν
1421 2696 1466 2770 ᾦ
1489 2705 1688 2768 πάντες
1711 2710 1846 2761 είσὶν

310 2781 353 2830 οί
386 2781 633 2853 θησαυροὶ
673 2785 767 2854 τῆς
796 2788 1004 2854 σοφίας,
1036 2791 1066 2842 6
1088 2791 1189 2860 τῆς
1228 2792 1436 2845 ἄνωθεν
1464 2797 1684 2866 χάριτος
1719 2815 1844 2852 συν-

306 2871 454 2942 δοτὴρ
484 2873 555 2944 τῷ
593 2875 701 2946 Θεῷ
737 2880 830 2931 καὶ
861 2880 1070 2950 Πατρί;
1100 2882 1226 2945 Πῶς
1254 2879 1344 2937 οὖν
1369 2886 1476 2954 ἄρα
1515 2889 1844 2957 προκόπτειν

303 2965 535 3035 argutat;
565 2969 1024 3040 Συμμετροῦντος,
1050 2972 1124 3038 ὦς
1156 2991 1218 3043 γε
1245 2971 1420 3046 οἶμαι,
1460 2978 1551 3031 τοῦ
1585 2979 1720 3033 Θεοῦ
1743 2983 1841 3036 Λό-

1962 1893 2110 1946 venit
2137 1911 2151 1947 :
2182 1895 2454 1961 quomodo
2488 1893 2652 1964 igitur
2685 1894 2750 1948 ad
2786 1894 2875 1950 illa
2919 1911 3038 1965 quae
3095 1896 3274 1950 dixisti
3305 1895 3534 1951 demou-

1957 1984 2205 2050 stranda,
2231 1999 2295 2037 ea
2331 1984 2526 2039 aﬂ‘erre
2551 2001 2655 2038 non
2675 1987 2950 2040 erubescis
3005 2001 3123 2054 quae
3167 1986 3347 2040 verbis
3387 1986 3529 2041 beati

1956 2073 2118 2128 Luca:
2151 2073 2293 2126 dicta
2321 2085 2488 2128 sunt:
2525 2090 2543 2124 ι
2583 2072 2740 2129 Jesus
2786 2084 2964 2127 autem
3014 2074 3328 2143 proficiebat
3373 2084 3532 2128 aetate

1955 2176 2008 2220 et
2063 2160 2328 2235 sapientia
2382 2173 2437 2219 et
2491 2165 2663 2233 gratia
2693 2165 2836 2218 θοι»
2873 2165 2942 2218 At
2969 2167 3112 2220 enim
3164 2166 3216 2220 in
3266 2166 3528 2236 sapientia

1953 2254 2157 2309 factum
2179 2270 2301 2309 esse
2344 2255 2741 2310 incrementum
2774 2256 2911 2310 dicis
2944 2275 2958 2310 :
3003 2256 3219 2312 tametsi
3262 2257 3531 2324 quomodo

1950 2349 2060 2418 87
2084 2349 2133 2402 id
2164 2364 2268 2402 non
2289 2348 2509 2402 stultum
2535 2349 2642 2402 sit?
2661 2349 2934 2403 credimus
2952 2349 3097 2405 enim
3121 2363 3188 2403 ex
3209 2349 3323 2416 ipso
3341 2355 3531 2401 ventre

1951 2452 2114 2508 atque
2156 2451 2310 2492 utero
2346 2440 2609 2508 virgineo,
2648 2439 2822 2507 ipsum
2849 2438 3187 2500 Emmanuel,
3230 2451 3352 2490 cum
3387 2435 3529 2490 Deus

1949 2538 2112 2591 esset,
2144 2528 2419 2581 hominem
2459 2528 2743 2596 prodiisse,
2777 2527 2994 2596 plenum
3030 2526 3214 2596 procul
3245 2526 3407 2580 dubio
3440 2541 3530 2579 sa-

1947 2615 2151 2686 pientia
2183 2627 2235 2670 et
2262 2616 2437 2687 gratia
2470 2631 2590 2685 qum
2623 2616 2696 2670 illi
2741 2616 3060 2672 naturaliter
3103 2617 3299 2670 inerat.
3349 2615 3528 2682 Quod-

1949 2725 2071 2762 nam
2113 2709 2276 2778 igitur
2306 2710 2351 2762 is
2382 2708 2773 2762 incrementum
2803 2707 3123 2776 susciperet,
3160 2709 3212 2761 in
3253 2721 3358 2776 quo
3404 2714 3529 2761 sunt

1945 2815 2132 2854 omnes
2164 2799 2399 2854 thesauri
2433 2801 2711 2867 sapientia:
2737 2803 2808 2864 '°,
2835 2801 2926 2868 qui
2966 2784 3212 2868 superna:
3237 2797 3424 2868 gratiae
3449 2798 3526 2851 si-

1946 2890 2052 2944 mul
2086 2905 2206 2942 cum
2239 2889 2347 2942 Deo
2379 2898 2434 2942 et
2469 2887 2630 2942 Patre
2659 2889 2887 2958 largitor
2915 2896 2997 2943 est
3017 2889 3040 2941 ?
3061 2887 3340 2951 Onomodo
3366 2885 3529 2950 igitur

1944 2980 2206 3051 prolicere
2253 2980 2431 3035 dictus
2464 2980 2584 3034 est?
2635 2979 2702 3032 Ut
2750 2995 2847 3048 ego
2901 2980 3154 3042 arbitror,
3204 2978 3329 3046 quia
3388 2977 3527 3029 Deus

303 3074 413 3122 γου,
444 3060 505 3127 τῇ
532 3058 617 3111 τοῦ
664 3061 790 3114 ίδίου
823 3062 1081 3132 σώματος
1110 3066 1247 3138 αὔξῃ
1275 3086 1334 3121 τε
1375 3072 1468 3123 καὶ
1506 3071 1709 3144 ἡλικίᾳ,
1732 3075 1840 3128 τῶν

1950 3069 2210 3133 Verbum,
2248 3085 2345 3139 pro
2374 3071 2712 3123 incremento
2737 3077 2791 3122 et
2813 3077 2974 3121 aztate
2996 3066 3360 3133 suicorporis,
3391 3063 3528 3116 divi-

300 3149 512 3201 ἐνόντων
532 3151 667 3221 αὐτῷ
688 3151 1171 3225 θεοπρεπεστάτων
1195 3133 1413 3228 ἀγαθῶν
1558 3133 1834 3234 ἔκφανσιν.

1950 3177 2133 3216 norum
2176 3161 2388 3215 illorum
2428 3161 2691 3214 bonorum
2737 3172 2854 3226 quae
2887 3157 2988 3212 sibi
3016 3158 3250 3220 inerant,
3293 3153 3525 3209 manife-

315 3239 582 3309 Ἐννοῶμεν
626 3242 731 3312 γὰρ
756 3245 858 3305 ὅτι.
905 3246 1083 3300 καίτοι
1134 3250 1252 3303 καθ’
1296 3255 1442 3322 ἡμᾶς
1481 3257 1717 3323 γεγονὼς
1744 3258 1838 3311 ἄν-

298 3330 508 3399 θρωπος,
549 3333 830 3390 λανθάνειν
875 3339 1206 3404 ἐσπούδαζεν
1250 3345 1308 3395 ἐν
1341 3345 1538 3413 ἀρχαῖς
1560 3387 1574 3407 ,
1607 3349 1700 3400 καὶ
1728 3345 1838 3402 οἷον

301 3421 512 3490 ἀψοφητὶ
554 3426 647 3478 καὶ
675 3429 1057 3497 σεσιγημένως
1087 3431 1181 3502 τὴν
1219 3433 1310 3487 τοῦ
1343 3437 1643 3505 μυστηρίου
1678 3439 1838 3492 δύνα-

298 3530 377 3581 μιν
413 3516 540 3569 κατὰ
583 3517 757 3588 βραχὺ
801 3519 1204 3590 διοικούμενος·
1237 3525 1331 3577 καὶ
1375 3526 1511 3596 πρός
1566 3545 1627 3595 γε
1683 3531 1839 3584 τοῦτο

297 3604 422 3672 ἡμᾶς
460 3608 617 3670 αὐτὸς
665 3611 694 3661 6
723 3611 856 3674 Θεὸς
889 3613 983 3665 καὶ
1016 3615 1203 3685 Πατὴρ
1261 3617 1592 3671 πιστώσεται
1625 3619 1798 3687 λέγων
1821 3640 1835 3654 ·

301 3714 316 3742 ι
357 3698 532 3750 Ἰακὼὸ
565 3701 594 3751 ὁ
636 3704 761 3765 παῖς
805 3721 930 3771 μου,
971 3705 1333 3776 ἀντιλήψομαι
1379 3709 1579 3762 αὐτοῦ·
1627 3712 1839 3782 Ἰσραὴλ

293 3791 319 3842 6
354 3791 588 3857 ἐκλεκτός
636 3813 759 3865 μου,
819 3798 1179 3868 προσεδέξατο
1224 3802 1388 3854 αὐτὸν
1438 3805 1470 3874 ή
1516 3804 1659 3876 ψυχή
1698 3825 1834 3876 μου·

297 3882 449 3936 ἔδωκα
475 3886 532 3939 τὸ
551 3887 771 3958 πνεῦμά
811 3907 911 3958 μου
933 3891 1019 3943 ἐπ’
1051 3892 1214 3945 αὐτόν
1236 3908 1248 3920 ·
1281 3894 1462 3963 κρίσιν
1491 3899 1603 3960 τοῖς
1633 3898 1838 3952 ἔθνεσιν

298 3968 496 4032 ἐξοίσει·
518 3976 576 4027 o6
618 3977 969 4047 κεκράξεται,
1002 3980 1121 4033 οὐδὲ
1154 3981 1379 4047 ἀνοίσει,
1411 3984 1530 4036 οὐδὲ
1565 3987 1839 4060 ἀκουσθή-

299 4067 486 4134 σεταιῄ
527 4066 668 4139 φωνὴ
717 4068 884 4122 αὑτοῦ
923 4067 1058 4134 ἔξω·
1090 4072 1336 4142 κάλαμον
1380 4076 1839 4148 συντεθλασμένον

288 4149 344 4202 οὐ
367 4155 654 4225 συντρίψει·
686 4159 781 4212 καὶ
816 4158 960 4212 λίνον
983 4162 1286 4232 τυφόμενον
1330 4163 1391 4216 o6
1417 4165 1618 4222 σϐέσει.
1655 4186 1674 4218 ι
1712 4169 1840 4222 Ἐπ-

284 4242 426 4312 ετίμα
450 4247 505 4299 δέ
539 4265 644 4302 που
683 4251 779 4304 καὶ
822 4251 1005 4316 αὐτοῖς
1047 4257 1158 4318 τοίς
1188 4254 1366 4323 ἁγίοις
1386 4258 1722 4325 ἀποστόλοις,
1753 4263 1837 4316 ἵνα

284 4337 348 4405 μὴ
378 4341 607 4410 φανερὸν
635 4342 801 4394 αὑτὸν
834 4343 1081 4400 ποιῶσιν.
1116 4345 1324 4399 Οὐκοῦν
1351 4348 1564 4419 ἐδείχθη
1606 4351 1672 4403 ἂν
1698 4352 1838 4407 ᾶπα-

279 4431 533 4526 σινᾳᾶηθές
558 4449 617 4526 τε
645 4433 836 4526 χρῆμα
870 4435 962 4488 καὶ
993 4435 1160 4500 ξένον,
1191 4440 1286 4490 καὶ
1311 4443 1629 4510 περιεργίας
1665 4443 1832 4511 ἄξιον,
1872 4473 1913 4526 D

274 4519 317 4570 εί
342 4519 532 4590 βρέφος
561 4524 638 4576 ὢν
673 4525 777 4602 ἔτι,
814 4525 1090 4596 θεοπρεπῆ
1119 4528 1218 4597 τῆς
1257 4530 1448 4598 σοφίας
1482 4533 1718 4587 ἐποιεῖτο
1737 4535 1836 4607 τὴν

276 4611 476 4678 ἔνδειξιν
495 4635 508 4646 ·
543 4617 688 4669 κατᾶ
717 4618 888 4687 βραχὺ
915 4619 972 4676 δὲ
1005 4624 1098 4673 καὶ
1123 4622 1401 4689 ἀναλόγως
1425 4627 1490 4694 τῇ
1523 4625 1616 4678 τοῦ
1649 4625 1835 4696 σώμα-

267 4716 350 4764 ⁸τος
390 4705 576 4777 ἡλικίᾳ
626 4708 978 4778 κατευρύνων
1032 4710 1221 4780 αὐτὴν,
1283 4713 1497 4784 ἐμφανῆ
1551 4731 1610 4766 τε
1661 4713 1832 4769 διπασι

275 4791 547 4860 καθιστῶν,
573 4797 906 4865 προκόπτειν
940 4797 1005 4851 ἂν
1024 4797 1252 4865 λέγοιτο,
1281 4802 1376 4854 καὶ
1405 4803 1552 4872 μάλα
1583 4805 1828 4868 είκότως,

273 4879 378 4945 Πῶς
402 4881 496 4938 οὖν
522 4887 629 4956 ἄρα
666 4887 809 4940 κατὰ
841 4891 1035 4959 μικρὸν
1065 4891 1368 4961 προέκοψεν
1397 4896 1476 4956 είς
1506 4897 1826 4968 ἱερωσύνην,

272 4977 391 5026 κατὰ
423 4977 642 5047 ἀρετὴν,
679 4981 804 5033 είπέ
850 4997 961 5049 μοι,
999 4981 1416 5053 τελειούμενος;
1461 4981 1580 5039 εἶτα
1626 4988 1743 5052 πῶς
1767 4988 1833 5043 ἂν

270 5062 297 5128 ἢ
326 5066 476 5120 πόθεν
494 5068 791 5122 ὲνδοιάσειέ
816 5088 920 5134 τις,
945 5073 1026 5126 ὅτι
1051 5073 1110 5126 τὸ
1137 5075 1474 5145 ἡμαρτηκὸς,
1501 5079 1595 5130 τοῦ
1616 5078 1835 5143 τελείως

271 5151 463 5220 ἔχοντος
494 5162 635 5214 κατὰ
666 5163 888 5234 ἀρετὴν,
922 5163 1027 5216 ὑπὸ
1076 5165 1263 5234 μῶμον
1291 5165 1464 5232 ἔσται,
1498 5171 1592 5222 καὶ
1618 5170 1718 5222 οὐκ
1753 5173 1834 5234 εἰς

270 5241 397 5297 ἁπαν
439 5250 886 5322 τεθαυμασμένον
909 5294 923 5317 ,
948 5257 1158 5325 μᾶλλον
1184 5256 1240 5310 δὲ
1279 5259 1417 5328 τάχα
1454 5278 1555 5314 που
1596 5263 1690 5315 καλ⁵
1729 5265 1832 5317 ὑπὸ

267 5339 464 5407 γραφὴν
518 5343 830 5413 ἁμαρτίας;
879 5347 1037 5401 Ἀλλὰ
1098 5348 1206 5418 μὴν
1253 5350 1472 5421 ἀληθὲς,
1518 5352 1594 5416 ὡς
1627 5355 1688 5406 o6
1729 5371 1827 5407 πε-

267 5425 474 5497 ποίηκεν
511 5433 810 5503 ἁμαρτίαν,
839 5437 958 5490 οὐδὲ
997 5438 1189 5509 εὑρέθη
1218 5440 1364 5504 δόλος
1402 5443 1461 5496 ὲν
1497 5444 1565 5513 τῷ
1599 5443 1824 5515 στόματι

263 5687 346 5744 30.

1940 3253 2226 3308 stationem
2285 3251 2737 3306 admetiebantur.
2787 3249 3207 3304 Consideremns
3258 3245 3401 3300 enim
3461 3245 3526 3299 il-

1941 3343 2076 3418 lum,
2115 3343 2362 3410 quamvis
2396 3343 2557 3396 homo
2576 3341 2689 3410 jam
2721 3340 2890 3394 nostri
2921 3338 3119 3393 similis
3158 3337 3332 3392 factus
3361 3345 3523 3391 esset.

1940 3433 2097 3488 initio
2151 3433 2318 3487 latere
2377 3433 2687 3496 studuisse,
2751 3431 2915 3486 veluti
2989 3431 3105 3485 sine
3169 3430 3399 3498 strepitu
3460 3441 3525 3481 ac

1944 3525 2107 3577 tacite
2178 3522 2437 3592 paulatim
2499 3521 2743 3592 mysterii
2813 3522 2920 3574 vim
2991 3513 3364 3590 disponentem
3411 3537 3425 3573 :
3473 3533 3527 3575 et

1941 3613 2008 3668 ad
2057 3612 2216 3680 hujus
2269 3613 2346 3666 rei
2395 3612 2557 3664 fidem
2611 3612 2750 3665 Deus
2801 3626 2864 3665 ac
2912 3609 3073 3665 Pater
3107 3609 3263 3663 nobis
3295 3609 3399 3662 erit
3445 3608 3526 3661 lo-

1942 3706 2124 3773 cuples
2154 3713 2346 3760 auctor
2389 3719 2510 3758 cum
2546 3704 2676 3758 dicit
2709 3722 2723 3755 :
2763 3721 2781 3754 ι
2813 3701 2980 3757 Jacob
3036 3717 3170 3773 puer
3202 3717 3372 3764 meus,
3403 3715 3522 3754 sns-

1941 3797 2136 3865 cipiam
2181 3811 2303 3849 eum
2352 3814 2363 3849 :
2400 3795 2584 3861 ,lsrael
2626 3794 2832 3848 electus
2877 3810 3063 3859 meus,
3107 3795 3365 3862 suscipiet
3397 3808 3522 3846 eum

1941 3885 2117 3940 anima
2153 3900 2269 3938 mea
2295 3901 2309 3937 :
2335 3885 2456 3938 dedi
2489 3884 2736 3952 spiritum
2761 3898 2940 3936 meum
2972 3898 3139 3952 super
3192 3897 3315 3935 eum
3345 3880 3520 3948 :judi-

1940 3978 2081 4032 cium
2124 3976 2376 4045 gentibus
2422 3975 2659 4044 proferet
2703 3991 2716 4027 :
2756 3989 2860 4028 non
2897 3973 3173 4036 clamabit,
3217 3986 3392 4038 neque
3424 3987 3520 4025 vo-

1940 4067 2271 4131 ciferabitur,
2302 4081 2474 4135 neque
2496 4065 2754 4118 audietur
2777 4079 2878 4118 vox
2905 4063 3019 4130 ejus
3044 4062 3177 4116 foris
3208 4079 3222 4115 :
3251 4060 3519 4114 calamum

1941 4169 2260 4229 quassatum
2309 4172 2415 4212 non
2467 4166 2737 4221 conteret,
2779 4141 2836 4210 et
2884 4155 3050 4208 linum
3101 4152 3367 4221 fumigans
3413 4165 3520 4206 non

1940 4249 2247 4319 exstinguet
2272 4249 2340 4302 ⁹¹.
2377 4267 2396 4300 ι
2431 4249 2745 4317 lncrepabat
2773 4247 2936 4300 etiam
2969 4244 3117 4315 ipsos
3145 4253 3362 4299 sanctos
3392 4257 3522 4310 apo-

1938 4340 2126 4407 stolos,
2164 4355 2232 4394 ne
2254 4354 2376 4394 eum
2419 4339 2763 4394 manifestum
2805 4337 3064 4393 facerent.
3097 4335 3238 4406 Ergo
3267 4349 3400 4389 nova
3433 4350 3521 4390 res

1940 4442 1994 4486 et
2027 4431 2241 4486 insolita
2271 4438 2484 4486 ostensa
2518 4439 2682 4495 esset,
2713 4439 2767 4485 et
2799 4445 2919 4500 qua:
2950 4429 3218 4484 curiosius
3251 4436 3394 4482 esset
3423 4443 3521 4480 ex-

1940 4523 2221 4592 quirenda,
2244 4523 2288 4576 si
2318 4522 2493 4577 adhuc
2517 4522 2692 4576 infans
2718 4524 2954 4577 divinam
2979 4523 3258 4592 sapientia:
3283 4521 3518 4590 speciem

1941 4615 2265 4669 ostendisset
2292 4616 2358 4669 θ’.
2391 4615 2494 4668 Sed
2523 4630 2644 4668 cum
2669 4615 2926 4681 paulatim
2956 4615 3099 4672 illam
3126 4624 3182 4670 et
3208 4629 3304 4684 pro
3326 4629 3518 4682 corpo-

1943 4721 2046 4759 rea:
2074 4705 2247 4760 aetatis
2273 4707 2480 4761 ratione
2515 4707 2892 4775 ampliﬁcaret,
2923 4707 3277 4774 omnibusque
3307 4705 3516 4773 perspi-

1938 4812 2094 4851 cuam
2148 4796 2384 4860 faceret,
2436 4798 2822 4852 convenienter
2874 4797 3164 4851 admodum
3222 4794 3518 4864 profecisse

1937 4890 2042 4945 dici
2091 4897 2288 4958 potest.
2329 4888 2608 4955 Quomodo
2661 4890 2827 4960 igitur
2877 4889 3134 4959 paulatim
3186 4887 3413 4954 profecit
3462 4889 3514 4940 in

1933 4980 2292 5035 sacerdotium
2313 5021 2326 5045 ,
2375 4981 2428 5034 in
2463 4981 2751 5045 virtutene,
2805 4995 2933 5051 rogo
2966 4989 3037 5044 te,
3071 4977 3519 5033 consummatus?

1933 5072 2074 5141 quod
2111 5073 2152 5126 si
2187 5082 2293 5137 est,
2327 5087 2430 5140 qua
2464 5073 2677 5126 ratione
2710 5072 2994 5140 quisquam
3025 5068 3284 5137 ambiget,
3320 5069 3461 5136 quod
3486 5082 3515 5120 a

1935 5161 2261 5231 perfectione
2313 5163 2530 5218 virtutis
2582 5164 2770 5228 abest,
2825 5163 2874 5215 id
2935 5173 3059 5214 esse
3104 5157 3510 5227 reprehensiOni

1934 5255 2247 5321 obnoxium,
2296 5269 2471 5323 neque
2507 5269 2602 5322 per
2629 5254 2809 5308 omnia
2852 5251 3202 5317 laudandum,
3247 5251 3356 5306 imo
3389 5266 3513 5306 vero

1933 5346 2096 5400 etiam
2130 5347 2360 5400 fortasse
2389 5346 2456 5401 de
2483 5344 2692 5415 peccati
2723 5345 2950 5398 crimine
2972 5344 3318 5414 culpandum.
3347 5343 3510 5412 Atqui

1935 5454 2118 5493 verum
2154 5450 2371 5494 estnon
2420 5439 2614 5495 fecisse
2658 5447 2960 5506 peccatum,
3011 5453 3187 5509 neque
3233 5438 3509 5494 inventqu

325 5622 366 5653 ”
407 5622 529 5682 Luc.
574 5644 635 5696 ιι,
673 5631 762 5685 52.
839 5635 883 5665 ’°
925 5633 1132 5692 Coloss.
1168 5652 1229 5705 ιι,
1266 5639 1314 5692 5.
1397 5640 1442 5670 ἰ
1483 5639 1588 5694 lsa.
1631 5656 1761 5708 XLII,
1797 5642 1848 5695 ι-

1967 5638 2155 5695 Μιιιιιι.
2190 5655 2288 5709 χιι,
2332 5641 2514 5698 ιδυιο.
2594 5641 2640 5674 ⁹¹
2681 5640 2869 5699 Matth.
2905 5657 3015 5710 xvi,
3053 5641 3121 5694 27)
3144 5683 3158 5709 ,
3194 5641 3360 5698 Marc.
3391 5654 3507 5709 vin,
