4004 6202
417 305 518 360 155

1427 305 1485 362 S.
1528 305 1804 362 CYRILIJ
1843 305 2316 364 ALEXANDRINI
2348 308 2668 368 ARCHIEP.

3561 305 3660 362 £516

417 425 582 478 t‘uisse
611 423 790 478 dolum
819 423 870 477 in
898 436 992 478 ore
1017 425 1152 492 ejus,
1183 433 1243 481 ut
1283 425 1542 496 scriptum
1571 435 1656 482 est
1691 426 1756 480 ’³.
1793 425 1985 481 Perfe-

2109 429 2275 494 ιύτοῦ,
2317 425 2460 483 καθὰ
2507 430 2832 501 γέγραπται.
2885 427 3206 491 Παντέλειος
3245 419 3339 480 οῦν
3385 426 3414 478 6
3460 422 3660 476 τοιόσδε

415 514 689 567 ctissimus
729 528 858 582 ergo
904 525 1022 569 erat
1065 517 1209 570 omni
1264 531 1328 571 ex
1364 525 1519 585 parte
1563 515 1829 585 ejusmodi
1879 517 1982 581 vir,

416 621 588 672 neque
617 606 721 659 ullo
751 609 912 662 modo
943 610 1232 678 quidquam
1265 609 1338 663 illi
1370 612 1659 686 deeratad
1687 611 1986 666 absolutam

417 695 817 764 perfectamque
856 699 1127 754 virtutem.
1177 701 1406 767 Quando
1448 711 1627 757 autem
1669 703 1768 757 fuit
1813 703 1989 758 minus

419 788 470 837 in
517 789 711 840 virlme
743 788 1034 856 perfectus,
1063 792 1155 861 qui
1183 794 1346 846 etiam
1383 795 1433 847 in
1467 803 1620 848 utero
1659 795 1802 850 Deus
1831 795 1990 850 erat?

417 878 481 928 de
508 894 612 943 quo
642 880 803 932 etiam
849 883 1108 949 propheta
1155 883 1286 937 dicit
1323 884 1489 939 Isaias
1525 902 1539 939 :
1576 904 1594 937 ι
1627 885 1885 957 Butyrum
1933 892 1988 940 et

419 968 519 1018 mel
551 971 830 1025 comedet:
867 983 1154 1042 antequam
1185 974 1321 1027 sciat
1347 974 1428 1028 vel
1451 975 1612 1045 eligat
1638 977 1800 1038 mala,
1831 976 1990 1046 eliget

416 1059 614 1112 bonum
637 1060 725 1115 9‘z
766 1079 784 1113 ι
825 1064 945 1131 quia
981 1074 1267 1132 antequam
1330 1067 1465 1120 sciat
1498 1082 1632 1135 puer
1663 1068 1860 1121 bonum
1899 1076 1991 1122 aut

418 1153 638 1217 malum,
679 1157 998 1223 repugnabit
1063 1158 1415 1226 improbitati.
1453 1168 1515 1215 ut
1559 1159 1725 1229 eligat
1760 1161 1986 1214 bonum.

417 1241 693 1297 Undeuam
715 1244 878 1310 igitur
903 1247 995 1300 tibi
1026 1250 1262 1316 suppetit
1289 1251 1502 1306 virtutis
1532 1251 1990 1321 imperfectionem

417 1332 470 1384 in
499 1331 713 1386 Christo
737 1334 852 1404 88
877 1335 1288 1391 demonstrare?
1311 1353 1485 1406 quave
1510 1340 1596 1395 ille
1619 1345 1993 1412 progressione

419 1423 642 1490 indiget,
676 1426 766 1492 qui
794 1427 928 1479 adeo
957 1437 1040 1480 est
1072 1428 1376 1495 absolutus,
1406 1429 1465 1485 ut
1495 1431 1763 1487 universa:
1792 1433 1994 1502 impro-

417 1511 572 1565 bitati
626 1522 904 1582 repugnet,
962 1515 1319 1595 prmferatque
1361 1519 1463 1585 illi,
1513 1521 1621 1576 imo
1663 1537 1793 1577 vero
1825 1523 1991 1578 solam

419 1600 582 1671 eligat
611 1603 902 1658 virtutem?
935 1604 1038 1660 Sed
1079 1608 1265 1663 nescio
1294 1623 1397 1678 qua
1441 1610 1647 1664 ratione
1677 1612 1767 1681 qui
1801 1616 1994 1668 asserit

419 1708 484 1747 ac
515 1693 690 1748 dicit:
726 1695 824 1749 llic
853 1698 943 1764 qui
991 1697 1248 1767 paulatim
1292 1699 1520 1768 profecit
1560 1702 1626 1755 ad
1661 1703 1854 1756 summi
1899 1716 1988 1756 sa-

419 1783 645 1837 cerdotii
685 1784 1021 1854 dignitatem,
1063 1799 1117 1844 et
1163 1790 1230 1844 ad
1277 1805 1373 1844 sua
1422 1792 1584 1846 verba
1631 1792 1998 1846 confirmanda

419 1875 644 1945 protulit
685 1876 814 1930 illud
855 1896 868 1932 :
909 1897 928 1932 ι
957 1878 1114 1935 Jesus
1148 1890 1326 1935 autem
1373 1882 1690 1950 proficiebat
1735 1891 1894 1937 aetate
1944 1895 2000 1938 et

421 1965 685 2034 sapientia
734 1976 788 2020 et
835 1970 1043 2035 gratia;
1079 1987 1098 2020 ι
1154 1971 1538 2039 propemodum
1588 1987 1683 2027 sua
1730 1973 1892 2027 verba
1941 1983 2000 2026 ut

423 2071 612 2126 parum
661 2059 914 2112 decenter
948 2060 1088 2114 dicta
1135 2063 1524 2127 condemnans,
1571 2071 1624 2116 et
1652 2077 1836 2117 eorum
1863 2063 2002 2118 obli-

426 2158 512 2203 tus
533 2164 652 2218 quze
677 2150 813 2206 bene
842 2151 1041 2207 habere
1069 2161 1370 2222 putaverat,
1404 2154 1755 2221 perfectionis
1783 2155 1998 2210 modum

424 2238 526 2292 alia
555 2241 763 2295 ratione
794 2242 1096 2296 absolutum
1145 2242 1311 2298 fuisse
1350 2243 1599 2310 aflirmat,
1631 2245 1818 2299 dicens
1848 2260 1862 2298 :
1905 2245 2002 2300 llic

353 2399 357 2404 ν
426 2331 513 2384 ille
549 2333 805 2402 temporis
837 2349 1059 2390 accessu
1095 2333 1270 2388 factus
1314 2334 1579 2403 pontifex,
1617 2335 1706 2388 ille
1742 2349 1843 2404 per
1870 2349 2000 2405 pas-

424 2421 606 2477 siones
631 2435 1062 2479 consummatus.
1103 2424 1294 2480 Nonne
1326 2427 1426 2480 boc
1466 2427 1733 2495 perspicui
1763 2426 2004 2494 stuporis

423 2521 536 2576 est;
570 2511 677 2566 imo
710 2527 838 2568 vero
865 2529 1088 2568 summae
1117 2515 1368 2570 versutia:
1389 2515 1680 2569 indicium?
1715 2515 1846 2569 Nam
1872 2532 2004 2570 con-

427 2612 727 2659 summatus
749 2615 831 2660 est
851 2606 1067 2674 quidem
1094 2623 1188 2675 per
1216 2606 1498 2676 passiones
1530 2607 1785 2662 Dominus
1819 2617 2005 2662 noster

427 2693 586 2748 Jesus
613 2695 862 2750 Christus
887 2715 900 2752 ι
922 2701 1023 2751 iste
1055 2712 1203 2762 vero,
1238 2697 1594 2752 licetmodum
1621 2714 1724 2767 quo
1759 2706 1841 2753 est
1872 2713 2004 2754 con-

429 2793 729 2839 summatus
793 2801 898 2840 non
951 2787 1182 2857 ignoret,
1236 2787 1622 2857 simpliciorum
1677 2790 1888 2845 animos
1938 2791 2006 2846 ad

432 2883 668 2930 remotos
711 2877 968 2942 quosdam
1014 2878 1401 2948 cogitationum
1438 2878 1712 2935 anfractus
1761 2883 2002 2946 abducit,

2088 520 2224 590 πρὸς
2259 523 2366 575 πᾶν
2395 519 2592 584 ὁτιοῦν,
2625 520 2720 573 καὶ
2755 521 2876 572 κατ’
2928 519 3119 572 οὐδένα
3141 517 3343 588 τρόπον
3368 513 3432 569 ἂν
3462 515 3575 583 ἔχοι
3605 514 3661 564 τὸ

2088 611 2267 674 ἐνδεὲς
2306 611 2400 665 τοῦ
2437 612 2637 682 ἀρτίως
2675 611 2889 680 ἔχοντος
2934 611 3014 673 είς
3059 607 3398 679 κατόρθωσιν
3441 603 3658 673 ἀρετῆς.

2089 699 2227 752 Πότε
2254 699 2308 752 δὲ
2334 695 2402 770 ἦν
2435 701 2494 752 οὺ
2535 699 2736 762 τέλειος
2777 701 2856 760 είς
2881 697 2942 750 τὸ
2978 696 3180 765 ἀγαθὸν
3207 697 3236 748 6
3261 696 3355 748 καὶ
3387 696 3444 747 ἐν
3483 695 3661 764 μήτρᾳ

2089 790 2242 853 Θεὸς,
2270 791 2398 860 περὶ
2421 784 2481 844 οῦ
2506 791 2600 844 καὶ
2621 793 2648 842 6
2674 791 2959 861 προφήτης
2989 788 3153 856 φησὶν
3189 787 3417 847 Ἡσαΐας
3441 801 3454 815 ο
3487 805 3504 835 ι
3535 783 3663 835 Βού-

2090 897 2252 949 τυρον
2288 883 2380 935 καὶ
2413 882 2532 952 μέλι
2563 883 2814 950 φάγεται’
2847 879 3013 950 πρινὴ
3036 878 3236 947 γνῶναι
3267 877 3429 930 αὐτὸν
3462 875 3495 944 ἢ
3533 891 3666 942 προσ

2091 972 2307 1026 ελέσθαι
2357 973 2588 1042 πονηρὰ,
2628 970 2904 1036 ἐκλέξεται
2945 970 3006 1023 τὸ
3034 968 3267 1036 ἁγαθόν;
3301 986 3318 1019 ι
3340 967 3473 1019 διότι
3500 980 3666 1034 πρινη

2091 1064 2294 1131 γνῶναι
2323 1064 2385 1116 τὸ
2423 1063 2630 1116 παιδίον
2675 1061 2896 1130 ἀγαθὸν,
2933 1061 2966 1130 ἢ
2998 1059 3189 1123 κακὸν,
3241 1057 3458 1111 ἀπειθεῖ
3497 1071 3667 1124 πονη-

2095 1155 2218 1226 ρίᾳ,
2244 1154 2335 1208 τοῦ
2369 1153 2691 1217 ἐκλέξασθαι
2719 1153 2778 1205 τὸ
2808 1152 3031 1221 ἀγαθόν.
3072 1149 3183 1204 Ποῦ
3211 1150 3393 1203 τοίνυν
3428 1149 3493 1201 ἂν
3535 1147 3667 1218 ἔχῃς

2093 1244 2354 1309 ἐπιδεῖξαι
2395 1243 2632 1314 Χριστοῦ
2673 1243 2734 1296 τὸ
2774 1243 2963 1306 ἀτελὲς
3004 1243 3084 1296 έτι
3146 1242 3281 1311 πρὸς
3323 1240 3384 1292 τὸ
3421 1237 3664 1304 ἀγαθόν;

2091 1336 2126 1407 ἢ
2161 1337 2318 1398 ποίας
2356 1336 2420 1390 ἂν
2445 1334 2618 1389 δέοιτο
2656 1334 2959 1405 προκοπῆς,
2990 1335 3019 1387 6
3059 1333 3231 1394 οὕτως
3261 1329 3462 1400 ἀρτίως
3506 1327 3669 1396 ἔχωνν

2092 1425 2168 1488 ὡς
2198 1425 2382 1497 ἁπάσῃ
2414 1427 2512 1496 μὲν
2551 1424 2798 1480 ἀπειθεῖν
2835 1423 3092 1494 πονηρία,
3132 1423 3453 1492 προτάττειν
3485 1419 3540 1472 δὲ
3575 1418 3673 1470 αύ-

2092 1515 2212 1585 τῆς,
2244 1516 2340 1569 καλ⁸
2385 1515 2492 1585 μὴν
2525 1516 2618 1569 καὶ
2646 1515 2806 1585 μόνον
2852 1513 3125 1584 αἱρεῖσθαι
3158 1512 3218 1564 τὸ
3249 1510 3485 1578 ἀγαθόνς
3529 1506 3672 1560 Ἀλλ’

2095 1607 2194 1659 οῦκ
2225 1601 2322 1659 οἷδ’
2349 1606 2497 1669 ὅπως
2519 1608 2547 1659 ό
2577 1603 3050 1674 διαϐεϐαιούμενός
3069 1620 3127 1655 τε
3155 1602 3249 1655 καὶ
3274 1600 3472 1668 λέγων,
3501 1590 3673 1659 Οὗτος

2099 1698 2126 1749 6
2147 1695 2287 1749 κατά
2318 1695 2513 1767 μικρὸν
2559 1695 2840 1766 προκόψας
2868 1697 2947 1757 είς
2977 1693 3274 1765 ἀρχιερέως
3312 1690 3548 1759 ἀξίωμα,
3578 1687 3676 1741 καὶ

2100 1787 2453 1856 παρενεγκὼν
2504 1789 2585 1850 είς
2628 1786 2902 1852 ἀπόδειξιν
2953 1786 3061 1838 τῶν
3113 1781 3306 1837 ἐαυτοῦ
3345 1781 3541 1848 λόγων,
3587 1778 3671 1837 τὸ,

2109 1899 2127 1930 ι
2157 1880 2363 1950 Ἰησοῦς
2391 1879 2447 1932 δὲ
2477 1880 2810 1950 προέκοπτεν
2838 1877 3021 1948 ἡλικίᾳ
3043 1877 3135 1929 καὶ
3152 1874 3315 1944 σοφίᾳ
3331 1871 3634 1941 καὶχάριτι,
3652 1887 3672 1920 ι

2105 1974 2386 2043 μονονουχὶ
2433 1972 2543 2026 τῶν
2587 1971 2783 2026 ἑαυτοῦ
2827 1971 3001 2038 λόγων
3057 1966 3359 2037 καθορίζων
3402 1964 3463 2017 τὸ
3513 1963 3680 2032 ἀτερ-

2101 2065 2201 2127 πὲς
2218 2063 2326 2135 [ἵσ.
2348 2063 2635 2135 ἀπρεπὲς],
2656 2065 2750 2116 καὶ
2769 2057 2843 2116 ὧν
2860 2058 2917 2115 εὖ
2938 2060 3080 2132 ἔχειν
3098 2059 3394 2128 ὑπείληφεν
3411 2057 3488 2116 είς
3504 2052 3680 2122 λήθην

2101 2153 2437 2224 ὑπενεχθεὶς,
2465 2153 2556 2205 τὸν
2582 2153 2682 2222 τῆς
2723 2151 3053 2212 τελειώσεως
3087 2148 3284 2230 τρόπον
3324 2145 3521 2214 ἑτέρως
3545 2142 3682 2212 ἡμῖν

2103 2245 2417 2317 πεπρᾶχθαι
2461 2244 2848 2315 διισχυρίζεται
2890 2242 3064 2310 λέγων
3085 2257 3099 2269 ⁸
3137 2232 3304 2300 Οὗτος
3326 2237 3356 2289 ὁ
3380 2234 3555 2305 χρόνῳ
3582 2247 3682 2299 γε·

2102 2335 2404 2405 γενημένος
2448 2335 2753 2406 ἀρχιερεὺς,
2784 2331 2920 2385 όδιά
2961 2327 3302 2398 παθημάτων
3347 2321 3679 2382 τελειωθείς.

2101 2422 2226 2496 Ἆρ’
2250 2426 2349 2479 ούκ
2370 2425 2604 2495 ἐναργὴς
2622 2423 2934 2494 ἀποπληξία
2959 2422 3117 2476 τοῦτό
3141 2438 3202 2490 γε
3225 2438 3240 2486 ;
3272 2419 3468 2490 μᾶλλον
3494 2415 3550 2467 δὲ
3571 2414 3675 2482 οὐχ

2097 2507 2320 2588 ’ἀπάσης
2352 2515 2698 2587 ῥᾳδιουργίας
2728 2515 2978 2585 ἐλεγχος;
3032 2511 3380 2566 Τετελείωται
3425 2506 3524 2576 μὲν
3564 2502 3677 2571 γὰρ

2102 2609 2190 2664 διὰ
2218 2609 2554 2679 παθημάτων
2593 2609 2622 2662 ό
2666 2607 2870 2678 Κύριος
2915 2604 3070 2675 ἡμῶν
3109 2599 3312 2671 Ἰησοῦς
3345 2595 3609 2666 Χριστός·
3646 2592 3678 2642 ὁ

2103 2701 2184 2764 δὲ,
2215 2701 2392 2753 καίτοι
2417 2699 2512 2753 τοῦ
2551 2698 2868 2752 τελειῶσθαι
2893 2688 3323 2767 [τετελειῶσθαι]
3354 2689 3446 2740 τὸν
3473 2684 3680 2755 τρόπον

2105 2793 2207 2845 οὐκ
2232 2790 2537 2861 ὴγνοηκὼς,
2557 2791 2648 2844 τὸν
2674 2788 2780 2842 τῶν
2803 2784 3183 2854 ἁπλουστέρων
3205 2777 3530 2848 ἀποκομίζει
3556 2771 3684 2829 νοῦν

2105 2887 2185 2948 είς
2211 2882 2471 2944 ἐκτύπους
2499 2881 2648 2943 τινὰς
2711 2864 2928 2932 ἐννοιῶν
2972 2871 3350 2945 περιαγωγὰς,
3402 2867 3500 2920 καὶ
3552 2879 3686 2934 προ-ν

431 2974 484 3018 et
512 2965 806 3035 profecisse
856 2969 986 3022 dicit
1016 2969 1067 3023 in
1095 2971 1452 3035 sacerdotem,
1481 2981 1536 3026 et
1564 2973 1615 3025 in
1657 2973 1758 3027 hoc
1799 2974 1849 3026 in
1881 2989 2003 3028 eum

2109 2974 2268 3044 κόψαι
2300 2972 2462 3042 φησὶν
2484 2972 2561 3034 είς
2584 2970 2867 3041 ἀρχιερέα,
2887 2968 2982 3022 καὶ
3008 2962 3325 3019 τελειῶσθαι
3353 2959 3489 3030 πρὸς
3505 2955 3685 3021 τοῦτο,

432 3067 858 3113 consummatum
908 3059 1095 3124 fuisse,
1138 3062 1280 3130 quod
1313 3077 1434 3116 cum
1468 3063 1642 3139 factus
1675 3074 1777 3125 est,
1810 3065 2006 3119 dicitur

2109 3065 2216 3126 τὸν,
2240 3065 2320 3116 ὅτι
2343 3062 2500 3116 τοῦτο
2522 3061 2736 3130 γέγονε,
2768 3057 3102 3114 κεκενῶσθαι
3137 3053 3447 3123 λεγόμενον.
3477 3050 3688 3144 Ὥσπερ

432 3151 759 3206 cxinanilus.
815 3153 933 3207 Jam
996 3169 1124 3209 vero
1184 3163 1436 3224 tanquam
1495 3154 1627 3208 satis
1681 3155 2007 3208 ostendisset

2109 3154 2164 3206 δέ
2187 3152 2424 3222 διαρκῶς
2469 3152 2778 3220 ἀποφήνας,
2807 3151 2888 3202 ὅτι
2943 3147 3075 3217 μηδὲ
3119 3145 3309 3213 γέγονε
3352 3139 3488 3210 σὰρξ
3533 3140 3560 3191 6
3590 3139 3688 3188 τοῦ

435 3245 606 3314 ipsum
638 3244 731 3298 Dei
767 3243 998 3299 Verbum
1031 3261 1206 3316 neque
1239 3262 1458 3301 carnem
1492 3246 1690 3301 factum
1727 3262 1867 3311 esse,
1906 3264 2004 3302 ue-

425 3338 540 3402 ‘que
571 3335 844 3390 hominem
875 3352 939 3390 ex
979 3337 1202 3393 muliere
1224 3340 1510 3408 prodiisse,
1539 3354 1631 3394 eos
1666 3340 1755 3408 qui
1802 3341 1880 3395 sic
1924 3355 2012 3393 sa-

439 3427 591 3494 piunt
624 3427 883 3496 increpat,
913 3428 1139 3486 dicens:
1175 3430 1310 3498 Quid
1335 3447 1463 3501 ergo
1498 3432 1756 3485 adversus
1786 3430 2010 3486 Paulum

441 3518 836 3585 interpretaris,
863 3519 988 3574 dum
1025 3520 1356 3589 impossibile
1399 3524 1490 3579 Dei
1527 3525 1760 3578 Verbum
1798 3534 2012 3580 terreno

441 3608 715 3664 immisces
757 3613 990 3679 corpori,
1035 3621 1088 3666 et
1121 3613 1432 3681 passibilem
1482 3615 1790 3683 pontificem
1840 3615 2015 3671 facis?

441 3700 580 3753 Audi
613 3701 778 3768 igitur
806 3718 836 3755 a
868 3703 1043 3768 nobis,
1073 3706 1270 3773 quibus
1307 3704 1468 3760 etiam
1511 3707 1729 3760 charior
1760 3714 1843 3760 est
1871 3705 2014 3758 veri-

445 3804 566 3848 tas:
596 3808 696 3848 cur
735 3809 985 3864 perverse
1029 3795 1248 3853 Paulum
1290 3799 1687 3870 interpretaris,
1734 3801 1842 3854 imo
1887 3815 2017 3857 vero

444 3886 722 3942 universas
751 3887 984 3944 Litteras
1005 3903 1190 3945 sacras
1214 3891 1581 3956 calumniaris,
1611 3893 1734 3946 dum
1763 3891 1858 3948 Dei
1884 3892 2020 3948 Ver-

445 3981 570 4031 bum
608 3992 637 4032 a
674 3979 851 4032 carnis
884 3979 1289 4048 dispensatione
1335 3981 1609 4047 subducis,
1656 3990 1710 4038 et
1746 3983 2016 4038 hominem

446 4069 618 4124 nobis
636 4071 776 4124 nuda
801 4070 1179 4140 conjunctione
1208 4073 1550 4129 honestatum
1583 4075 1814 4142 prmflcis
1841 4091 2019 4130 sacer-

447 4161 647 4225 dotem,
690 4161 815 4216 licet
859 4163 1102 4216 eumdem
1147 4165 1337 4218 audias
1376 4163 1692 4234 pontificem
1737 4165 1918 4230 simul,
1965 4174 2020 4220 et

447 4265 568 4302 cum
600 4249 709 4303 Deo
751 4259 806 4304 et
834 4250 997 4306 Patre
1042 4252 1092 4305 in
1135 4254 1322 4307 eodem
1359 4253 1493 4308 solio
1525 4254 1916 4321 considentem,
1962 4266 2023 4311 ut

448 4339 606 4406 paulo
662 4348 786 4394 ante
836 4341 1102 4407 diximus;
1149 4357 1273 4396 nam
1320 4341 1517 4397 Paulus
1571 4344 1747 4397 dixit:
1787 4362 1804 4395 ι
1836 4345 2020 4400 Talem

2112 3245 2248 3298 Θεοῦ
2282 3244 2472 3311 Λόγος,
2505 3244 2639 3312 μήτε
2675 3241 2780 3312 μὴν
2812 3238 3050 3310 προῆλθε
3085 3228 3368 3305 ἄνθρωπος
3398 3233 3462 3284 ἐκ
3495 3245 3687 3297 γυναι-

2114 3334 2232 3400 κὸς,
2261 3337 2374 3396 τοῖς
2403 3333 2470 3386 τὰ
2509 3333 2686 3387 τοιάδε
2721 3332 2939 3404 φρονεῖν
2979 3326 3274 3399 ᾑρημένοις
3316 3325 3562 3394 ἐπιτιμᾷ,
3595 3321 3690 3373 καί

2115 3443 2278 3494 φησιο
2317 3421 2498 3478 Τίοῦν
2539 3423 2921 3496 ἀνθερμηνεύῃ
2967 3421 3044 3494 τῷ
3095 3419 3315 3492 Παύλῳ,
3368 3416 3458 3474 τὸν
3505 3412 3694 3492 ἀπαθῆ

2115 3517 2246 3570 Θεὸν
2271 3516 2444 3584 Λόγον
2490 3518 2717 3586 ἐπιγείῳ
2749 3517 3086 3584 καταμιγνὺς
3125 3514 3356 3585 σώματι,
3383 3513 3477 3566 καὶ
3507 3511 3691 3582 παθη-

2114 3609 2206 3661 τὸν
2236 3609 2494 3680 ἀρχιερέα
2535 3608 2737 3673 ποιῶν;
2770 3607 2979 3660 Οὐκοῦν
3011 3608 3174 3661 ἄκουε
3213 3607 3305 3659 καὶ
3345 3605 3480 3676 πρὸς
3509 3603 3690 3674 ἡμῶν,

2115 3691 2285 3765 οῗςκδὴ
2313 3697 2405 3748 καὶ
2435 3695 2631 3766 μᾶλλον
2657 3697 2690 3765 ή
2718 3695 2943 3765 ἀλήθεια
2964 3695 3091 3765 φίλη
3110 3711 3124 3725 ⁸
3158 3695 3222 3747 Τί
3253 3693 3694 3764 παρερμηνεύεις

2115 3788 2206 3841 τὸν
2260 3787 2502 3851 Παῦλον,
2559 3786 2758 3857 μᾶλλον
2811 3787 2866 3838 δὲ
2917 3787 3133 3839 ἃπασαν
3183 3787 3532 3854 συκοφαντεῖς
3589 3784 3693 3852 τὴν

2119 3879 2470 3933 θεόπνευστον
2496 3876 2735 3947 Γραφὴν,
2770 3874 3055 3942 ύπεξάγων
3085 3875 3183 3943 τῆς
3219 3874 3354 3944 μετὰ
3384 3871 3583 3944 σαρκὸς
3608 3873 3696 3924 0i-

2119 3971 2375 4041 κονομίας
2393 3969 2483 4021 τὸν
2498 3967 2590 4020 τοῦ
2609 3965 2742 4019 Θεοῦ
2758 3967 2949 4035 Λόγον,
2970 3967 3066 4020 καὶ¹
3087 3965 3371 4035 ἄνθρωπον
3414 3965 3544 4033 ἡμῖν
3567 3978 3698 4014 συνο

2120 4063 2289 4132 αφείᾳ
2316 4061 2444 4131 ψιλῇ
2474 4059 2782 4130 τιμώμενον
2805 4059 3030 4128 ἐφιστᾷς
3075 4057 3245 4127 ἱερέα,
3274 4056 3451 4108 καίτοι
3481 4053 3572 4105 τὸν
3599 4053 3700 4106 αὐ-

2120 4155 2210 4208 τὸν
2238 4153 2451 4208 ἀκούων
2484 4149 2746 4221 ἀρχιερέα
2774 4166 2832 4201 τε
2860 4149 2995 4219 ὁμοῦ
3035 4149 3128 4201 καὶ
3155 4147 3442 4218 σύνθρονον
3469 4145 3596 4197 ὄντα
3617 4143 3698 4214 τῷ

2120 4246 2239 4316 Θεῷ
2288 4246 2380 4297 καὶ
2406 4243 2600 4313 Πατρὶ,
2635 4242 2883 4311 καθάπερ
2929 4241 3029 4311 ἤδη
3083 4240 3386 4309 φθάσαντες
3434 4238 3698 4306 εἴπομεν;

2112 4333 2368 4404 Ἔφηγὰρ
2387 4334 2414 4384 6
2432 4331 2660 4395 Παῦλος,
2689 4333 2770 4384 ὅτι
2790 4350 2808 4383 ι
2831 4331 3088 4384 Τοιοῦτον
3109 4330 3304 4400 ἔχομεν
3335 4328 3616 4399 ἀρχιερέα,
3639 4327 3701 4389 ὃς

449 4427 710 4481 habemus
763 4428 1098 4496 pontificem,
1151 4431 1240 4496 qui
1298 4431 1437 4483 sedit
1490 4431 1542 4483 in
1604 4431 1828 4484 dextera
1873 4432 2007 4488 sedis

2121 4425 2372 4478 ἐκάθισεν
2403 4424 2459 4476 ἐν
2509 4421 2659 4491 δεξιᾷ
2696 4422 2790 4475 τοῦ
2819 4421 3010 4493 θρόνου
3057 4421 3155 4491 τῆς
3202 4418 3589 4490 μεγαλωσύνης
3640 4418 3701 4470 ὲν

450 4515 910 4584 magnitudinisin
935 4516 1088 4571 coelis
1109 4517 1191 4570 πῖ)
1215 4537 1234 4570 ι
1269 4516 1402 4571 Nam
1432 4519 1542 4588 ipse
1573 4519 1870 4587 impatibile
1897 4520 2024 4575 illud

449 4621 517 4660 ex
548 4605 659 4660 Deo
691 4605 851 4661 Patre
883 4605 1140 4673 Verbum,
1171 4608 1344 4663 cuivis
1377 4609 1562 4680 utique
1607 4619 1856 4678 apertum
1894 4620 1976 4666 est
2006 4631 2018 4666 :

450 4710 666 4763 passum
703 4710 832 4750 vero
860 4711 1024 4751 carne
1055 4711 1150 4766 pro
1181 4698 1336 4754 nobis
1371 4699 1482 4769 ipsa
1517 4715 1618 4754 vox
1651 4700 2024 4770 theologorum

450 4803 578 4843 vere
606 4787 710 4843 dici
748 4787 1106 4844 confirmabit.
1135 4789 1286 4855 Quod
1316 4791 1360 4846 si
1398 4792 1489 4846 Dei
1517 4789 1754 4846 Verbum
1789 4792 1972 4848 aufers
1993 4807 2024 4848 a

455 4889 668 4934 terreno
703 4893 952 4948 corpore,
998 4880 1246 4934 universa
1291 4881 1356 4935 ad
1404 4882 1627 4937 nihilum
1677 4884 1964 4938 concident
2009 4903 2022 4938 :

456 4985 576 5023 nam
616 4971 661 5025 si
708 4971 869 5025 homo
907 4971 1081 5026 factus
1127 4987 1232 5026 non
1264 4981 1370 5035 est,
1419 4989 1486 5026 ne
1517 4981 1763 5028 mortuus
1805 4975 2023 5043 quidem

455 5069 537 5114 est
560 5075 656 5128 pro
686 5062 870 5128 nobis;
905 5063 1026 5117 etsi
1063 5062 1222 5117 morti
1251 5063 1529 5132 proprium
1565 5079 1762 5132 corpus
1792 5081 1898 5120 non
1929 5067 2024 5120 de-

458 5151 552 5211 dit,
589 5154 856 5219 quomodo
903 5155 1100 5209 dicitur
1145 5154 1541 5224 pritnogenitus
1565 5169 1632 5210 ex
1668 5157 1895 5211 mortuis
1941 5157 1986 5189 “
2009 5157 2031 5198 ν

463 5239 600 5309 Ergo
623 5257 795 5310 neque
822 5255 1063 5301 mortuus
1089 5256 1191 5313 est,
1219 5261 1391 5316 neque
1417 5246 1528 5316 89
1548 5248 1843 5301 resurrexit
1870 5247 2029 5302 Chri-

461 5342 597 5385 stus.
645 5330 873 5387 Prodeat
906 5351 1035 5406 ergo
1083 5337 1134 5390 in
1187 5338 1421 5392 medium
1472 5339 1660 5390 beatus
1699 5335 1917 5401 Paulus,
1973 5348 2028 5392 et

463 5422 658 5478 clamet
690 5437 754 5478 ac
785 5425 966 5481 dicat:
1010 5446 1028 5479 ι
1059 5429 1114 5482 Si
1141 5430 1336 5485 mortui
1372 5444 1475 5484 non
1513 5442 1818 5499 resurgunt,
1855 5445 2028 5498 neque

465 5515 713 5570 Christus
757 5518 1082 5585 resurrexit;
1129 5535 1263 5574 vana
1309 5531 1393 5575 cst
1442 5522 1572 5576 fides
1607 5532 1806 5585 vestra,
1851 5521 2026 5576 adhuc

534 5699 578 5731 ³³
617 5698 716 5755 lsu.
754 5713 867 5764 un,
901 5696 965 5764 9;
1006 5697 1023 5752 l
1061 5696 1201 5754 Pctr.
1239 5713 1296 5764 ιι,
1325 5698 1413 5752 ‘22.

1493 5701 1535 5733 5“
1574 5698 1673 5755 lsa.
1703 5713 1795 5766 vn,
1835 5698 1918 5765 l3,
1958 5699 2043 5754 16.

2123 4516 2236 4579 τοῖς
2261 4515 2536 4584 οὐρανοῖς.
2570 4531 2590 4565 ι
2621 4514 2742 4566 Ὀτι
2771 4512 2870 4583 μὲν
2900 4512 3010 4583 γὰρ
3032 4511 3246 4581 ἀπαθὴς
3277 4512 3305 4564 6
3333 4511 3398 4562 ἐκ
3423 4507 3558 4561 Θεοῦ
3591 4509 3705 4560 Πα-

2124 4607 2252 4678 τρὸς
2285 4607 2478 4674 Λόγος,
2511 4605 2677 4660 παντί
2728 4621 2831 4658 που
2858 4604 3015 4673 δῆλον
3059 4602 3124 4658 ἂν
3167 4603 3250 4673 εἴη
3286 4601 3583 4672 δήπουθεν·
3620 4600 3706 4652 ὅτι

2125 4695 2184 4748 δέ
2212 4695 2478 4748 πέπονθεν
2511 4695 2652 4765 ὑπὲρ
2695 4692 2855 4764 ήμῶν
2886 4691 3074 4762 σαρκὶ,
3119 4691 3520 4759 κατασφραγιεί
3569 4687 3708 4757 πρὸς

2125 4784 2383 4855 ἀλήθειαν
2407 4785 2439 4854 ἠ
2460 4784 2569 4838 τῶν
2604 4784 2880 4854 θεηγόρων
2906 4783 3078 4852 φωνή.
3104 4781 3165 4832 Ei
3201 4781 3258 4833 δὲ
3281 4777 3585 4849 ἀποφέρεις
3605 4779 3708 4830 αὺ-

2125 4878 2216 4941 τδς
2243 4877 2483 4945 ἐπιγείου
2527 4876 2777 4946 σώματος
2804 4875 2895 4928 τὸν
2935 4876 2998 4927 ἐκ
3035 4873 3170 4926 Θεοῦ
3196 4873 3387 4939 Λόγον,
3426 4870 3708 4939 οἰχήσεταί

2128 4985 2211 5021 σοι
2244 4968 2305 5021 τὸ
2334 4968 2552 5037 σύμπαν
2587 4967 2665 5029 είς
2696 4965 2760 5018 τὸ
2791 4964 2986 5035 μηδέν·
3020 4965 3068 5017 εί
3102 4964 3211 5034 γὰρ
3245 4963 3318 5032 μὴ
3361 4961 3582 5029 γέγονεν
3611 4960 3710 5013 ἄν·

2128 5059 2366 5130 θρωπος,
2415 5059 2534 5112 οὐδὲ
2578 5057 2846 5111 ἀπέθανεν
2900 5057 3040 5126 ύπέρ
3069 5055 3259 5126 ἡμῶν·
3292 5053 3386 5107 καὶ
3433 5054 3479 5105 εί
3512 5051 3588 5121 μὴ
3618 5050 3711 5104 δέ·

2127 5153 2266 5207 δωκε
2293 5152 2370 5222 τῷ
2415 5151 2630 5221 θανάτῳ
2659 5150 2721 5202 τὸ
2757 5150 2886 5203 ίδιον
2936 5149 3115 5217 σῶμα,
3145 5146 3261 5209 πῶς
3301 5141 3439 5198 εἶναι
3489 5143 3712 5211 λέγεται

2135 5243 2476 5314 πρωτότοκος
2501 5243 2562 5294 ἐκ
2589 5240 2830 5308 νεκρῶν;
2866 5237 3074 5290 Οὐκοῦν
3108 5235 3230 5288 οῦτε
3261 5234 3552 5296 ἀπέθανεν,
3585 5230 3710 5284 οῦτε

2133 5334 2333 5386 ἀνεϐίω
2378 5332 2634 5403 Χριστός.
2672 5332 2798 5384 Ἵτω
2829 5329 2892 5400 δὴ
2921 5325 3011 5381 οῦν
3050 5329 3129 5390 εἱς
3161 5327 3324 5397 μέσον
3359 5327 3387 5378 6
3423 5324 3711 5385 θεσπέσιος

2134 5425 2364 5490 Παῦλος,
2423 5425 2864 5493 ἀνακεκραγέτω,
2921 5420 3125 5486 λέγων’
3179 5437 3196 5469 ι
3243 5418 3308 5470 Et
3363 5415 3547 5485 νεκροὶ
3613 5414 3712 5466 οὐκ

2134 5520 2457 5588 ἐγείρονται,
2493 5517 2610 5569 οὐδὲ
2665 5513 2895 5583 Χριστὸς
2937 5511 3264 5580 ἐγήγερταιο
3296 5510 3344 5561 εί
3379 5506 3435 5560 δὲ
3476 5505 3710 5576 Χριστὸς

2119 5697 2162 5731 θ’
2205 5692 2370 5751 llcbr.
2405 5707 2520 5759 vni,
2548 5691 2597 5747 l.
2676 5692 2720 5723 "
2756 5687 2962 5746 Coloss.
2996 5702 3033 5752 t,
3069 5685 3156 5741 18.
