4004 6202
218 306 308 363 157

1294 307 1669 366 aovansus
1704 308 2107 369 NES‘I‘ORIUM
2144 280 2272 371 LiB.
2314 313 2404 369 ιιι.

3396 315 3496 371 158

222 425 308 478 οὐκ
362 421 677 493 ἐγήγερται,
729 424 964 493 ματαία
1017 424 1270 497 ἠπίστις
1322 426 1510 498 ὑμῶν⁸
1565 427 1645 481 ἔτι
1696 428 1802 482 ἐστὲ

1922 431 2052 485 estis
2083 430 2135 485 in
2178 431 2415 502 peccatis
2451 432 2664 485 vestris.
2711 429 2854 501 Ergo
2906 400 3013 499 qui-
3047 430 3385 484 dormierunt
3439 430 3495 484 in

222 520 274 572 ἑν
292 520 406 579 ταῖς
437 515 738 587 ἁμαρτίαις
760 516 960 587 ὑμῶν.
996 512 1145 590 *Αρα
1177 519 1272 573 καὶ
1296 520 1346 571 oi
1369 519 1721 591 κοιμηθέντες
1753 521 1813 577 ἐν

224 610 424 681 Χριστῷ
476 607 801 674 ἀπὼλοντος
852 629 875 661 ι
931 610 1078 664 Ἀλλ’
1121 612 1417 682 ἐγήγερται
1469 612 1703 681 Χριστὸς
1748 613 1813 666 ἐκ

227 701 439 773 νεκρῶν·
470 700 663 769 γέγονε
696 701 816 770 γὰρ
860 702 1162 773 ἄνθρωπος
1184 706 1213 757 6
1248 703 1538 775 μονογενὴς
1560 703 1653 757 τοῦ
1676 702 1811 758 Θεοῦ

230 792 400 859 Λόγος,
433 791 523 843 καὶ
549 792 749 860 γήϊνον
780 790 963 862 σῶμα
991 791 1191 855 λαϐὼν,
1216 793 1422 857 ἑνώσας
1445 810 1506 846 τε
1531 793 1652 846 καθ’
1678 793 1812 846 ὑπό·

236 902 399 939 στασιν
439 884 630 954 ἑαυτῷ,
668 884 872 953 χάριτι
917 885 1078 950 Θεοῦ,
1126 886 1266 940 κατά
1297 885 1358 939 τὸ
1404 886 1810 956 γεγραμμένον,

238 978 358 1047 ὑπὲρ
380 976 569 1037 παντὸς
592 974 882 1043 ἐγεύσατο
911 976 1148 1031 Θανάτου
1168 995 1182 1008 ·
1216 977 1590 1047 κεχρημάτικε
1625 977 1682 1030 δὲ
1716 976 1814 1031 καὶ

241 1067 439 1138 ἀπαρχὴ
463 1068 567 1120 τῶν
597 1069 1067 1137 κεκοιμημένων,
1091 1067 1466 1138 ἐγηγερμένος
1489 1068 1555 1121 ὲκ
1575 1066 1808 1138 νεκρῶν.

253 1155 496 1227 ’Δσφαλὴς
527 1151 616 1209 οὗν
664 1155 781 1225 ἄρα
813 1157 920 1209 καὶ
960 1157 1022 1209 ού
1071 1156 1274 1227 ματαία
1325 1154 1509 1209 λοιπὸν
1547 1157 1580 1227 ὴ
1629 1156 1812 1220 πίστις

244 1247 405 1319 ἡμῶν,
431 1248 491 1315 ἠν
510 1246 582 1309 ὡς
618 1247 892 1318 ἄγκυραν
921 1247 1117 1319 ἔχομεν
1149 1247 1251 1317 τῆς
1281 1247 1461 1316 ψυχῆς
1496 1247 1714 1317 ἀσφαλῆ
1753 1264 1813 1301 τε

249 1339 330 1390 καὶ
364 1336 584 1405 βεϐαίαν,
615 1337 764 1390 κατὰ
808 1339 888 1391 τὸ
917 1337 1327 1408 γεγραμμένον.
1357 1337 1567 1408 Ὠσπερ
1590 1337 1646 1389 δὲ
1691 1339 1812 1391 κατ’

252 1429 418 1483 οὐδένα
439 1430 623 1500 τρόπον
646 1429 954 1500 ἠδικηκὼς
981 1430 1083 1500 τῆς
1114 1429 1253 1500 μετὰ
1281 1429 1483 1500 σαρκὸς
1501 1431 1811 1501 οἰκονομίας

251 1521 578 1587 τοὺςλόγους,
601 1520 694 1574 διά
722 1538 790 1590 γε
852 1521 947 1575 τοῦ
995 1522 1162 1591 φάναι
1206 1521 1385 1586 ταυτὶ,
1418 1522 1513 1575 καὶ
1555 1521 1663 1575 τῶν
1711 1522 1811 1593 τῆς

255 1610 479 1680 ἀληθείας
506 1612 791 1680 δογμάτων
848 1612 1067 1684 ἀκρατῆ
1097 1629 1158 1665 τε
1178 1613 1274 1666 καὶ
1296 1612 1680 1685 βδελυρότατον
1710 1631 1807 1666 κα-

260 1701 426 1768 ταχέαι
458 1700 543 1754 τὸν
569 1700 783 1770 ἔμετον,
829 1702 918 1770 ἐφ’
964 1700 1160 1772 ἑτέραν
1199 1699 1419 1771 ἔρχεται
1461 1698 1804 1766 δυσϐουλίαν,

265 1790 440 1859 μᾶλλον
465 1791 517 1844 δὲ
545 1791 862 1845 δυσσέϐειαν
899 1792 1131 1863 ἐναργῆ,
1164 1791 1258 1845 καί
1283 1794 1480 1862 φησιν’

330 1880 545 1951 [Ὀντος
575 1877 665 1936 οὖν
700 1885 837 1953 ἡμῖν
865 1881 1061 1935 τούτου
1108 1882 1270 1953 μόνου
1314 1881 1634 1953 ἀρχιερέως,
1665 1898 1806 1952 συμ-

272 1972 473 2039 παθοῦς,
507 1976 595 2028 καὶ
637 1974 952 2043 συγγενοῦς,
989 1974 1084 2028 καὶ
1119 1974 1360 2044 βεϐαίου,
1394 1977 1493 2044 τῆς
1530 1975 1610 2037 είς
1642 1973 1806 2028 αὐτὸν

286 2063 358 2134 μὴ
410 2066 790 2141 παρατρέπεσθε
853 2066 1126 2130 πίστεως’
1171 2066 1332 2129 αὐτὸς
1381 2064 1492 2136 γὰρ
1548 2067 1680 2135 ἡμῖν
1708 2065 1805 2136 τῆς

295 2156 661 2228 ὶπηγγιλμὲνης
683 2158 921 2228 εὐλογίας
951 2159 1019 2211 ὲκ
1052 2157 1368 2229 σπέρματος
1401 2157 1651 2228 ’Δϐραάμ
1701 2158 1807 2211 ἀπ-

302 2247 511 2317 εστάλη,
538 2249 602 2311 ὼς
637 2251 761 2321 νπὲρ
806 2250 1001 2306 ἑαυτοῦ
1031 2250 1128 2304 καὶ
1170 2249 1266 2304 τοῦ
1316 2250 1527 2319 γένους,
1563 2250 1663 2322 τὴν
1708 2248 1802 2303 τοῦ

297 2334 535 2407 σώματος
562 2337 725 2394 θυσίαν
749 2340 1197 2410 συνεπαγόμενος.
1228 2337 1251 2410 ]

836 2448 1070 2502 ΚΕΦΔΔ.
1115 2449 1191 2502 Ε’.

352 2532 631 2604 Ἀρχιερέα
662 2536 826 2590 τοίνυν
866 2539 992 2609 ἡμῖν
1026 2538 1286 2609 συμπαθῆ
1334 2555 1393 2592 τε
1428 2540 1521 2594 καὶ
1562 2540 1801 2611 συγγενῆ

274 2621 359 2675 καὶ
393 2623 616 2693 βέϐαιον,
654 2628 741 2679 καὶ
781 2629 998 2699 προσέτι
1037 2629 1199 2698 μόνον
1246 2631 1453 2683 ἐκεῖνον
1485 2629 1624 2686 εἶναι
1671 2632 1799 2701 φης,

269 2716 325 2768 ὃν
351 2715 539 2787 ἀρτίως
567 2718 689 2788 ἡμῖν
710 2710 855 2783 δρὸς
883 2719 1130 2793 ἐναργῶς
1158 2720 1416 2789 διεδίδαξε
1443 2722 1599 2790 λόγος
1619 2738 1634 2755 ³
1665 2722 1802 2793 ἔφης

268 2804 363 2874 γάρ
380 2821 394 2834 ⁸
425 2806 639 2876 Σπέρμα
670 2807 913 2879 ’Δϐραὰμ
933 2812 962 2863 6
986 2810 1116 2879 χθὲς
1140 2810 1235 2864 καὶ
1265 2811 1507 2881 σήμερον
1533 2810 1676 2865 κατὰ
1700 2812 1800 2880 τὴν

265 2896 347 2948 τοῦ
390 2896 589 2950 Παύλου
615 2901 821 2970 φωνήν
853 2902 955 2972 οὐχ
995 2903 1026 2954 6
1074 2902 1277 2970 λέγων’
1314 2920 1333 2954 ι
1379 2902 1514 2973 Πρὶν
1553 2902 1801 2973 Ἀϐραὰμ

263 2987 491 3055 γενέσθαι
516 2990 620 3059 ἐγώ
638 2993 780 3062 ειμι·
794 3010 814 3043 ι
840 2994 1031 3063 ὅμοιος
1053 2995 1166 3057 τοῖς
1182 2993 1430 3063 ἀδελφοῖς
1446 2992 1588 3046 κατὰ
1602 2994 1796 3058 πάντα,

260 3081 287 3132 6
305 3079 472 3151 ψυχῆς
514 3083 843 3156 ἀνθρωπίνης
880 3087 981 3140 καὶ
1013 3087 1218 3157 σαρκὸς
1250 3086 1537 3141 ἀναλαϐὼν
1579 3085 1802 3154 ἀδελφό-

1918 518 2155 588 Christo,
2204 521 2483 590 perierunt
2503 519 2642 573 ’7?»
2690 518 2796 574 Sed
2846 519 3140 574 resurrexit
3174 518 3420 573 Christus
3461 534 3494 573 a

1920 611 2170 677 mortuis,
2196 612 2319 682 quia
2346 611 2553 666 factum
2582 619 2665 666 est
2692 612 2855 666 homo
2885 609 3012 664 illud
3040 609 3373 676 unigenitum
3396 607 3492 665 Dei

1920 701 2180 767 Verbum,
2214 711 2289 765 et,
2329 710 2544 770 sumpto
2577 711 2793 756 terreno
2820 714 3047 768 corpore
3081 701 3340 768 unitoque
3389 698 3490 751 sibi

1915 794 2212 847 secundum
2265 793 2623 864 bypostasim,
2665 792 2840 862 gratia
2898 792 3014 855 Dei,
3048 791 3187 844 sicut
3231 791 3491 858 scriptum

1918 890 2024 945 est,
2058 897 2153 950 pro
2180 883 2430 937 omnibus
2464 883 2697 951 gustavit
2723 888 2951 934 mortem
2978 895 2992 931 :
3020 878 3191 932 factus
3215 889 3297 931 est
3328 879 3490 931 etiam

1917 974 2171 1043 primitiae
2198 972 2583 1028 dormientium
2604 970 2674 1039 ",
2704 987 2825 1027 cum
2865 970 3254 1025 resurrexisset
3284 985 3314 1022 a
3349 984 3493 1023 mor—
3590 1036 3599 1043 ⁸

1920 1064 2046 1119 tuis.
2082 1064 2266 1120 Firma
2301 1064 2487 1133 igitur,
2531 1079 2636 1118 non
2671 1078 2809 1117 vana
2834 1071 2916 1117 est
2941 1062 3051 1130 jam
3102 1060 3235 1116 fides
3280 1070 3490 1124 nostra,

1915 1170 2078 1224 quam
2123 1154 2268 1210 velut
2305 1156 2597 1209 anchoram
2654 1154 2915 1208 habemus
2967 1153 3161 1206 anima:
3209 1160 3378 1206 tutam
3429 1166 3494 1205 ac

1912 1246 2146 1309 ﬁrmam,
2179 1254 2237 1300 ut
2300 1254 2383 1301 est
2411 1245 2466 1301 in
2514 1245 2686 1301 sacris
2718 1244 2939 1300 Litteris
2959 1244 3028 1293 ".
3062 1243 3181 1299 Jam
3220 1257 3343 1298 vero
3369 1257 3492 1297 cum

1911 1336 2027 1392 haec
2051 1336 2270 1403 dixerit,
2299 1348 2353 1392 et
2390 1337 2443 1393 in
2475 1338 2724 1407 dogmata
2764 1337 3009 1392 veritatis
3041 1336 3491 1405 intemperantem

1910 1436 1965 1482 et
1988 1426 2379 1482 exsecrandum
2407 1428 2461 1482 in
2497 1428 2691 1497 primis
2723 1429 2981 1482 vomitum
3025 1426 3294 1491 eﬂ‘udcrit,
3333 1427 3489 1495 quasi

1912 1516 2059 1572 nullo
2085 1518 2244 1572 modo
2273 1519 2509 1573 rationes
2542 1518 2685 1573 illius
2716 1534 2839 1573 cum
2873 1532 3035 1571 carne
3071 1517 3488 1587 dispensationis

1909 1609 2186 1675 violasset,
2211 1609 2277 1664 ad
2305 1609 2462 1663 aliam
2486 1609 2775 1675 insaniam,
2810 1609 2919 1666 imo
2946 1623 3077 1665 vero
3103 1618 3350 1680 apertam
3388 1608 3491 1664 im-

1911 1702 2167 1773 pietatem
2194 1702 2411 1769 transit,
2437 1711 2490 1758 et
2526 1703 2639 1757 ait:

1978 1878 2243 1952 [Νεετοιι.
2276 1879 2409 1935 Cum
2438 1878 2601 1950 igitur
2632 1876 2781 1934 solus
2820 1878 2906 1933 hic
2952 1875 3109 1932 nobis
3145 1886 3217 1931 Sll.
3245 1874 3485 1945 pontifex

1905 1972 2239 2039 misericors,
2271 1981 2323 2026 et
2348 1981 2626 2041 cognatus,
2656 1980 2710 2025 et
2734 1971 2947 2035 ﬁrmus,
2970 1978 3156 2023 cavete
3181 1983 3249 2023 ne
3275 1966 3341 2021 ab
3366 1967 3486 2038 ejus

1880 2060 2009 2117 'lide
2041 2062 2417 2117 dimoveamini
2448 2081 2461 2118 :
2497 2062 2612 2132 ipse
2646 2075 2879 2129 namque
2901 2061 3056 2115 nobis
3088 2061 3368 2128 promissae
3396 2060 3488 2114 be-

1903 2154 2231 2210 nedictionis
2253 2169 2320 2210 ex
2344 2155 2550 2211 semine
2575 2152 2844 2209 Abraham
2874 2161 2958 2207 est
2982 2152 3200 2218 missus,
3229 2162 3483 2219 tanquam

1901 2262 2003 2318 pro
2034 2248 2213 2317 seipso
2242 2257 2296 2303 et
2325 2263 2424 2319 pro
2449 2261 2648 2319 genere
2672 2260 2771 2301 suo
2801 2244 3047 2316 corporis
3072 2242 3157 2299 sui
3207 2241 3483 2298 victimam

1902 2340 2064 2397 simul
2092 2338 2345 2396 alferens.
2371 2337 2393 2412 ]

2563 2451 2715 2507 CAP.
2755 2450 2820 2506 ν.

1972 2544 2116 2614 Ergo
2152 2542 2471 2599 Pontificem
2512 2541 2946 2604 misericordem,
2982 2548 3039 2594 et
3077 2543 3394 2607 cognatum,
3426 2542 3482 2590 et

1900 2635 2137 2701 ﬁrmum,
2182 2644 2237 2690 et
2286 2645 2548 2705 praeterea
2594 2633 2788 2700 solum,
2836 2632 2986 2687 illum
3027 2644 3149 2687 esse
3196 2628 3276 2683 ais
3317 2640 3481 2697 quem

1901 2741 2071 2796 nuper
2094 2727 2247 2783 nobis
2264 2737 2451 2798 aperte
2473 2737 2560 2782 tua
2585 2725 2823 2781 ostendit
2847 2724 3061 2788 oratio;
3086 2720 3268 2776 dixisti
3295 2719 3438 2774 enim
3463 2734 3479 2770 :

1901 2817 2095 2873 Semen
2125 2820 2400 2875 Abraham
2449 2818 2539 2872 ille
2567 2817 2685 2872 heri
2716 2824 2767 2871 el
2810 2815 2971 2870 hodie
3001 2813 3153 2884 juxta
3197 2809 3348 2866 Pauli
3389 2822 3483 2863 vo-

1900 2924 2016 2965 cem
2037 2911 2076 2977 ¹,
2098 2926 2201 2965 non
2228 2911 2316 2966 ille
2333 2910 2424 2979 qui
2446 2909 2619 2964 dixit:
2646 2927 2665 2961 ι
2685 2907 2989 2976 Antequam
3010 2905 3280 2960 Abraham
3307 2900 3481 2964 ﬂeret,

1900 3018 1999 3073 ego
2041 3018 2160 3059 sum
2186 3006 2243 3069 ';
2276 3023 2295 3056 ι
2333 3002 2529 3058 similis
2564 3000 2827 3055 fratribus
2873 3012 2969 3067 per
3014 2995 3235 3051 omnia'
3275 2994 3365 3048 ille
3388 2991 3480 3059 qui

1900 3097 2097 3153 anime
2134 3096 2382 3151 humana:
2411 3094 2702 3162 carnisque
2739 3088 3136 3162 fraternitatem
3162 3082 3479 3151 assumpsit;
3525 3100 3531 3105 ·

258 3189 414 3243 τητα·
436 3175 527 3245 οὐχ
547 3178 574 3230 6
604 3176 774 3245 λέγων
793 3193 810 3209 ο
845 3196 865 3229 ι
913 3179 973 3232 '0
1002 3177 1264 3250 ἑωρακὼς
1302 3179 1424 3249 ἐμὲ,
1467 3180 1679 3250 ἑώρακε
1706 3178 1798 3233 τὸν

1905 3206 2007 3246 non
2039 3190 2130 3259 qui
2171 3189 2343 3243 dicit:
2387 3204 2406 3238 ι
2435 3185 2538 3252 Qui
2566 3184 2700 3239 vidit
2728 3197 2838 3247 me,
2870 3180 3006 3235 vi'dit
3032 3187 3087 3234 et
3111 3177 3326 3232 Patrem
3352 3173 3415 3228 δε
3455 3191 3474 3224 ι

260 3266 484 3338 Πατέρα·
521 3288 541 3322 ι
569 3270 846 3341 ἀπεστάλη
894 3273 922 3325 6
951 3274 1085 3343 ἡμῖν
1129 3271 1432 3341 ὀμοούσιος,
1469 3272 1564 3327 καὶ
1610 3271 1796 3341 κέχρι-

262 3372 365 3408 erat
408 3360 684 3428 κηρύσσων
735 3362 1107 3432 αἰχμαλώτοις
1153 3362 1377 3431 ἄφεσιν,
1426 3364 1520 3417 καὶ
1570 3363 1796 3432 τυφλοῖς

259 3448 534 3518 ἀνάϐλεψιν.
576 3447 751 3515 Οὗτος
796 3448 890 3506 οὖν
920 3454 1030 3523 ἀρα
1061 3452 1155 3507 καὶ
1208 3453 1475 3523 συγγενὴς
1502 3453 1570 3508 ἂν
1624 3456 1797 3508 νοοῖτο

259 3541 355 3600 τοῖς
375 3542 459 3593 ἐπὶ
482 3542 578 3612 τῆς
596 3544 725 3615 γῆς,
769 3546 865 3599 καὶ
890 3546 988 3617 οὐχ
1014 3546 1089 3609 ὡς
1124 3546 1189 3599 σὺ
1223 3546 1349 3617 φῂς,
1373 3547 1403 3598 6
1426 3546 1599 3613 λέγων
1621 3564 1635 3579 ’
1664 3564 1682 3598 ι
1737 3547 1796 3599 '0

260 3630 485 3701 ἑωρακὼς
523 3636 650 3704 ἐμὲ,
680 3636 892 3708 ἑώρακε
926 3637 1017 3690 τὸν
1047 3637 1286 3709 Πατέρα.
1310 3658 1329 3689 ι
1358 3640 1422 3693 Ei
1449 3638 1549 3708 μὲν
1576 3638 1685 3709 γὰρ
1717 3638 1797 3701 εις

260 3719 312 3773 Iv
334 3722 478 3792 ἄμφω
500 3726 776 3795 συλλέγων
801 3728 922 3782 καθ’
942 3729 1134 3782 ἕνωσιν
1153 3727 1353 3799 ἀληθῆ,
1374 3729 1470 3782 ἕνα
1494 3727 1611 3799 μεθ’
1641 3727 1796 3799 ἡμῶν

260 3814 501 3884 ὁμολογεῖς
552 3819 705 3885 Υίὸν,
736 3819 1042 3891 πεποίηκας
1074 3821 1251 3893 μάτην
1302 3820 1410 3891 ἰδίᾳ
1457 3836 1517 3873 τε
1552 3819 1645 3871 καὶ
1692 3817 1798 3873 ἀνὰ

268 3904 407 3975 μέρος
432 3910 677 3982 ὲκάτερον
718 3912 1029 3983 ἀποφέρων,
1059 3911 1390 3966 ύποστάσεσί
1416 3928 1475 3964 τε
1503 3910 1600 3964 καὶ
1626 3926 1797 3980 προσ-

265 3993 418 4060 ὠποις
455 4000 644 4066 διιστὰς
671 4002 1050 4073 ἀλλοτρὸπωςο
1084 4004 1205 4073 οὐχὶ
1231 4002 1293 4055 τὸ
1324 4001 1433 4073 [Ζσ.
1467 4000 1570 4073 τῷ]
1595 4001 1798 4054 εἰδέναι

266 4086 412 4154 μόνον
429 4091 501 4143 ὅτι
526 4094 717 4162 σαρκὸς
773 4094 871 4162 μὲν
913 4092 1073 4162 φύσις
1103 4095 1264 4165 ἑτέρα
1300 4095 1451 4164 παρά
1494 4093 1593 4161 τὴν
1622 4092 1794 4157 Θείαν,

261 4179 437 4251 συνόδῳ
461 4199 519 4251 γε
554 4184 661 4252 μὴν
695 4186 764 4254 τῇ
796 4184 917 4237 καθ’
960 4184 1152 4238 ἕνωσιν
1183 4184 1378 4256 ἀληθῆ,
1421 4184 1529 4239 ίδία
1573 4184 1797 4252 γέγονεν

254 4266 413 4336 αὐτῆς.
442 4272 503 4324 Ei
539 4272 600 4324 δὲ
635 4271 950 4341 ἀσύμϐατος
976 4271 1087 4344 [ἴον.
1117 4273 1454 4346 ἀσύμϐατον]
1492 4275 1625 4345 ημῖν
1656 4272 1798 4327 κατά

251 4356 334 4427 τὴν
357 4360 505 4424 δόξαν
536 4362 770 4431 ὁρᾶσθαι
817 4364 1007 4429 θέλων,
1039 4364 1133 4418 καὶ
1170 4366 1602 4437 παραιτούμενος
1655 4379 1795 4437 παντ

249 4450 367 4521 ταχῆ
398 4454 496 4525 την
523 4455 741 4522 ἕνωσιν,
772 4457 959 4528 ἕτερον
989 4453 1130 4512 εἶναι
1159 4457 1266 4527 φὴς
1312 4458 1406 4511 καὶ
1432 4457 1618 4529 ἕτερον
1642 4473 1657 4488 ·
1697 4456 1795 4510 κα)⁵

248 4540 322 4593 τὸν
364 4545 477 4614 μὲν,
505 4549 572 4601 ὲκ
596 4546 733 4600 Θεοῦ
774 4549 1135 4618 γεγεννῆσθαι
1167 4548 1411 4617 Πατρός*
1441 4548 1535 4602 τὸν
1560 4548 1637 4613 δὲ,
1671 4564 1795 4616 συγ-

247 4631 358 4702 γενῆ
375 4650 431 4687 τε
458 4636 727 4707 ὑπάρχειν
744 4639 878 4709 ἡμῖν
898 4640 993 4691 καὶ
1012 4637 1299 4708 ὁμοούσιον
1316 4653 1330 4668 ⁸
1367 4637 1484 4700 πῶς
1505 4637 1569 4708 δὴ
1596 4637 1792 4707 χρῆναι

247 4722 335 4793 φὴς
356 4727 449 4796 τῆς
473 4729 557 4790 εἱς
588 4728 751 4781 αὐτὸν
783 4730 858 4799 μὴ
897 4730 1354 4801 παρατρέπεσθαι
1382 4729 1637 4796 πίστεως,
1670 4728 1792 4784 εἰπέ

251 4829 342 4882 μοι,
372 4818 463 4872 καὶ
488 4821 723 4889 συγγενῆ
755 4810 1141 4891 πιστεύσομεν,
1177 4820 1405 4889 ἀφέντες
1427 4819 1516 4872 τὸν
1541 4818 1789 4888 λέγοντα·

252 4920 269 4954 ι
293 4906 412 4976 Πρὶν
449 4908 702 4979 Ἀϐραὰμ
736 4909 1009 4977 γενέσθαι,
1061 4911 1171 4979 ἐγώ
1208 4913 1343 4981 ειμι.
1381 4930 1400 4961 ι
1445 4910 1793 4981 Ἐπιγραψὼ-

250 4996 365 5063 μεθα
386 4997 518 5053 Θεὸν
546 4999 639 5054 τὸν
666 4999 849 5071 ψυχῆς
892 5000 1239 5072 ἀνθρωπίνης
1271 5000 1366 5056 καὶ.
1410 5001 1615 5071 σαρκὸς
1661 5000 1793 5053 ἀνα-

246 5083 450 5142 λαϐόντα
495 5089 632 5160 πρὸς
682 5090 828 5160 ἡμᾶς
872 5090 1230 5159 ἀδελφότητα,
1279 5090 1545 5159 παρέντες
1578 5088 1667 5142 τὸν
1714 5087 1794 5141 λέ-

246 5190 406 5240 γονται
446 5198 465 5231 ι
519 5180 578 5234 Ὀ
624 5178 889 5250 ἑωρακὼς
936 5182 1057 5250 ἐμὲ,
1098 5179 1311 5251 ἑώρακε
1350 5181 1441 5234 τὸν
1488 5179 1725 5250 Πατέρα.
1767 5197 1786 5231 ι

246 5265 413 5326 Καίτοι
450 5273 612 5341 φησὶν
645 5270 843 5333 αὐτός’
882 5288 899 5323 ι
940 5271 1096 5326 Οὕτω
1124 5272 1232 5343 γάρ
1280 5273 1567 5343 ἠγάπησεν
1604 5275 1632 5327 6
1660 5272 1794 5337 Θεὸς

243 5358 320 5411 τὸν
342 5366 555 5436 κόσμον,
586 5364 729 5418 ὥστε
763 5363 858 5418 τὸν
893 5364 1019 5422 Υἰδν
1047 5365 1213 5421 αὐτοῦ
1244 5366 1338 5420 τὸν
1367 5368 1628 5439 μονογενῆ
1670 5366 1795 5420 ἔδω-

1897 3282 2095 3337 missns
2124 3288 2207 3334 est
2234 3278 2324 3332 ille
2354 3277 2512 3333 nobis
2544 3270 3045 3335 consubstantialis,
3076 3277 3132 3323 et
3167 3274 3362 3321 unctus
3395 3270 3481 3319 est

1896 3372 2193 3441 praedicans
2222 3369 2452 3439 captivis
2500 3368 2843 3430 libertatem,
2885 3371 2942 3419 et
2983 3362 3143 3417 caecis
3190 3358 3361 3412 visum
3383 3356 3427 3411 '.
3452 3373 3474 3408 ι

1897 3461 1996 3516 Hic
2020 3474 2147 3530 ergo
2168 3459 2334 3514 etiam
2361 3466 2627 3529 cognatus
2656 3455 2974 3524 intelligitur
3004 3452 3091 3507 his
3120 3450 3211 3520 qui
3245 3450 3299 3503 in
3321 3447 3480 3502 terris

1897 3563 2044 3619 sunt,
2078 3568 2187 3608 non
2221 3560 2281 3606 ut
2319 3559 2373 3605 tu
2429 3550 2647 3616 asseris,
2687 3548 2775 3604 ille
2806 3547 2899 3617 qui
2940 3545 3071 3601 dicit
3108 3562 3122 3599 :
3163 3561 3183 3596 ι
3210 3542 3311 3609 Qui
3348 3540 3480 3595 vidit

1898 3659 2006 3710 me,
2040 3643 2179 3698 vidit
2218 3649 2274 3696 et
2318 3639 2559 3698 Patrem.
2595 3656 2617 3693 ι
2653 3638 2788 3694 Nam
2831 3636 2878 3693 si
2919 3646 3205 3703 utrumque
3234 3634 3287 3688 in
3313 3646 3477 3687 unum

1896 3751 1994 3806 per
2016 3750 2198 3791 veram
2224 3735 2477 3789 unionem
2500 3730 2824 3801 colligendo,
2851 3745 3017 3784 unum
3044 3726 3325 3783 nobiscum
3347 3737 3479 3779 con-

1898 3826 2069 3881 ﬁteris
2098 3826 2264 3880 Deum
2308 3824 2530 3891 Filium,
2575 3821 2751 3878 fecisti
2793 3830 2998 3876 temere
3038 3828 3097 3873 ut
3134 3816 3384 3886 privatim
3413 3829 3479 3870 ac

1896 3918 2126 3973 seorsim
2168 3916 2490 3969 alterutrum
2534 3913 2878 3982 adjungeres,
2918 3917 2973 3965 et
3011 3907 3396 3980 bypostasibus
3422 3914 3477 3960 et

1898 4005 2144 4077 personis
2174 4004 2392 4059 diverso
2422 4003 2581 4057 modo
2615 4000 3000 4069 distingueres,
3045 4011 3148 4049 non
3190 4001 3250 4047 ut
3277 3990 3477 4045 intelli-

1898 4109 2055 4165 geres
2096 4091 2470 4146 tantummodo
2509 4088 2670 4142 aliam
2710 4087 2926 4155 quidem
2983 4098 3107 4139 esse
3153 4081 3336 4137 carnis
3377 4094 3475 4133 na~

1900 4194 2076 4241 turam
2105 4196 2135 4236 a
2161 4181 2364 4242 divina,
2399 4178 2492 4235 sed
2520 4191 2615 4246 per
2636 4190 2820 4229 veram
2849 4173 3103 4227 unionem
3130 4185 3249 4225 esse
3280 4169 3475 4224 iactam

1900 4275 2041 4330 illius
2081 4271 2378 4343 propriam.
2414 4268 2509 4324 Sin
2542 4266 2713 4321 videri
2759 4266 2982 4321 studens
3009 4262 3158 4317 nullo
3190 4261 3349 4317 modo
3376 4274 3476 4315 no-

1898 4364 2104 4420 biscum
2131 4364 2184 4417 in
2219 4361 2488 4418 sententia
2511 4357 2808 4415 convenire
2838 4356 2938 4428 (1),
2974 4364 3028 4410 et
3063 4355 3264 4424 ubique
3296 4352 3479 4408 unita-

1902 4465 2007 4511 tem
2041 4453 2333 4523 refugiens,
2361 4451 2588 4507 alterum
2616 4460 2779 4520 atque
2830 4449 3057 4503 alterum
3098 4461 3218 4501 esse
3255 4444 3477 4509 asseris,

1898 4557 1954 4605 et
1979 4560 2143 4602 unum
2174 4559 2240 4600 ex
2280 4545 2391 4600 Deo
2431 4543 2544 4614 90
2591 4542 2749 4596 Patre
2785 4541 3048 4610 genitum,
3093 4537 3324 4592 alterum
3382 4551 3479 4592 co-

1898 4647 2123 4709 gnatum
2149 4650 2271 4692 esse
2297 4634 2457 4690 nobis
2479 4643 2536 4688 et
2562 4629 3113 4693 consubstantialem,
3136 4641 3346 4697 expone
3372 4624 3476 4678 mi-

1898 4731 1976 4796 hi,
2005 4744 2213 4800 quaeso,
2257 4743 2491 4800 quonam
2518 4725 2676 4780 modo
2696 4724 2845 4779 dicas
2865 4738 2970 4776 non
2999 4734 3121 4776 esse
3134 4718 3202 4773 ab
3235 4717 3351 4786 eius
3373 4715 3478 4770 ﬁde

1895 4823 2295 4887 declinandum,
2341 4830 2395 4876 et
2435 4826 2720 4889 cognatum
2767 4816 3076 4878 credemus,
3119 4811 3211 4866 illo
3252 4808 3475 4863 ύίιιιὶεευ

1896 4913 1989 4982 qui
2034 4915 2112 4969 ait
2149 4932 2163 4969 :
2196 4931 2217 4965 ι
2248 4914 2551 4982 Antequam
2587 4908 2864 4974 Abraham
2895 4906 3070 4969 ﬁeret,
3124 4917 3224 4970 ego
3275 4911 3415 4952 sum.
3448 4914 3469 4946 ι

1893 5002 2050 5059 illum
2086 4994 2420 5059 ascribemus
2452 4998 2609 5055 nobis
2657 4998 2827 5053 Deum
2869 4995 2962 5065 qui
3002 4991 3195 5055 anima:
3226 4986 3475 5041 humana:

1896 5093 2188 5164 carnisque
2231 5092 2513 5148 nobiscum
2571 5088 2974 5149 fraternitatem
3028 5078 3290 5144 suscepit,
3338 5073 3475 5140 abji-

1895 5184 2101 5239 cientes
2130 5197 2253 5238 eum
2285 5181 2378 5253 qui
2415 5181 2549 5237 dixit
2579 5199 2594 5236 :
2635 5198 2656 5232 ι
2684 5178 2783 5246 Qui
2818 5175 2951 5230 vidit
2981 5185 3089 5236 me,
3124 5168 3257 5223 vidit
3285 5175 3338 5222 et
3373 5164 3476 5219 Pa-

1897 5285 2071 5344 trem;
2109 5293 2129 5327 ι
2167 5275 2420 5345 quamvis
2465 5273 2581 5343 ipse
2625 5268 2823 5326 dixerit
2865 5283 2879 5320 :
2913 5283 2932 5317 ι
2966 5263 3058 5319 Sic
3104 5262 3247 5317 Deus
3289 5258 3476 5314 dilexit

1902 5366 2185 5434 mundum,
2211 5375 2269 5420 ut
2294 5364 2488 5420 Filium
2516 5375 2672 5419 suum
2709 5358 3044 5428 unigenitum
3078 5354 3252 5420 daret,
3276 5360 3334 5407 ut
3358 5365 3475 5407 om.

302 5499 477 5556 “Cor.
497 5521 587 5572 xv,
624 5505 708 5573 16,
743 5503 830 5561 l8.
888 5504 934 5538 "
972 5504 994 5558 Ι
1032 5503 1157 5560 Cor.
1193 5520 1270 5570 XI,
1299 5503 1393 5560 20.
1468 5504 1515 5538 ’⁸
1556 5504 1718 5560 Hebr.
1756 5519 1802 5558 v1

1905 5505 1954 5560 9.
2034 5504 2051 5536 ³
2094 5502 2259 5561 llebr.
2291 5519 2409 5571 xm,
2445 5502 2500 5559 8.
2576 5503 2598 5534 ³
2636 5497 2795 5558 Joan.
2825 5512 2944 5567 νιιι,
2979 5496 3069 5556 58.
3145 5495 3166 5529 ⁸
3205 5491 3373 5549 Hebr.
3405 5501 3471 5557 tt.

248 5567 321 5622 Π.
387 5573 410 5603 ⁸
443 5567 593 5631 Ιοιιιιζ
626 5567 742 5643 xtv,
770 5575 828 5631 9.
898 5575 921 5606 ⁵
961 5575 1062 5631 lsa.
1090 5580 1199 5642 13x1,
1241 5567 1293 5642 ἱ,
1322 5576 1387 5641 2;
1418 5573 1548 5630 Luc.
1581 5591 1657 5643 tv,
1694 5574 1781 5639 18,
1811 5567 1899 5631 i9.

307 5708 377 5778 (ι)
404 5706 517 5768 γει.
551 5711 649 5770 Sin
686 5711 875 5770 volens
907 5713 1053 5772 nullo
1080 5714 1238 5773 modo
1270 5715 1409 5772 inter
1433 5729 1490 5772 sc
1519 5714 1572 5772 in
1604 5713 1775 5787 gloria
1813 5712 2125 5772 convenire.
