4004 6202
481 297 586 352 139

1472 295 1532 349 S.
1577 290 1846 347 CYRILLI
1886 287 2353 345 ALEXANDRINI
2391 285 2709 343 ARCHIEP.

3642 285 3742 340 160

482 411 567 464 nis
593 409 681 477 qui
712 408 886 464 credit
921 411 974 464 in
1013 411 1210 480 ipsum,
1252 425 1356 465 non
1385 420 1592 480 pereat,
1623 411 1716 465 sed
1754 411 1947 464 habeat
1985 409 2034 462 vi

2166 425 2284 472 κεν,
2316 408 2403 462 ἵνα
2443 410 2551 472 πᾶς
2585 410 2614 461 6
2660 406 2935 460 πιστεύων
2970 407 3050 472 εἰς
3097 406 3280 471 αὑτὸν,
3327 406 3403 476 μὴ
3452 406 3743 478 ἀπόληται,

485 510 590 551 tam
619 505 877 552 :eternam
907 499 959 566 ‘;
993 508 1091 554 nat
1115 515 1328 555 rursum
1357 520 1369 554 :
1411 519 1428 552 ι
1449 502 1549 567 Qui
1580 500 1753 554 credit
1784 501 1834 554 in
1862 501 2056 568 ipsum,

482 603 586 639 non
615 587 920 655 judicatur;
953 589 1042 657 qui
1077 599 1257 644 autem
1289 604 1394 644 non
1424 590 1616 653 credit,
1643 587 1755 656 jam
1787 588 2060 658 judicatus

479 691 593 742 est,
643 679 766 748 quia
817 695 921 733 non
973 681 1202 734 Credidit
1249 681 1302 734 in
1357 681 1573 735 nomine
1621 681 1880 750 unigeniti
1935 681 2058 735 Filii

481 767 574 822 Dei
607 770 648 821 ⁷.
682 788 700 820 ι
741 768 876 822 Num
925 785 1054 840 ergo
1089 771 1320 825 seorsim
1349 786 1413 825 ac
1445 771 1594 826 solus
1625 770 1715 825 ille
1744 788 1810 826 ex
1852 772 2058 826 semine

480 859 752 913 Abraham
795 875 914 915 esse
967 861 1288 929 intelligitur
1321 862 1653 931 unigenitus,
1705 878 1826 917 cum
1873 873 2058 933 aperte

481 950 759 1018 scripserit
788 951 1023 1007 Joannes
1071 970 1084 1007 :
1143 971 1161 1003 ι
1197 951 1515 1022 Unigenitus
1553 953 1720 1008 Filius
1761 954 1850 1024 qui
1888 966 1971 1010 est
2002 955 2057 1011 in

481 1040 600 1092 sinu
633 1039 831 1104 Patris,
859 1042 947 1097 ille
973 1043 1250 1096 enarravit
1275 1041 1331 1108 °;
1365 1061 1384 1094 ι
1411 1058 1473 1096 ac
1497 1051 1755 1112 praeterea
1783 1044 1884 1097 alia
1916 1060 2055 1114 quo-

479 1146 585 1200 que
611 1145 764 1185 sacra
802 1131 1081 1202 Scriptura
1118 1151 1131 1187 :
1167 1151 1185 1184 ι
1217 1133 1350 1187 Cum
1382 1141 1561 1188 autem
1603 1133 1904 1191 introducit
1933 1137 2056 1192 Pri-

479 1221 810 1288 mogenitum
845 1223 898 1276 in
942 1222 1127 1278 orbem
1155 1233 1314 1278 teme
1357 1224 1488 1279 dicit
1528 1243 1541 1278 :
1579 1225 1644 1278 Et
1674 1228 1898 1281 adorent
1931 1243 2052 1283 eum

477 1321 667 1362 omnes
698 1309 870 1379 angeli
913 1311 1002 1364 Dei
1028 1313 1086 1378 ⁹;
1121 1331 1140 1364 ι
1175 1312 1564 1382 primogenitus
1607 1325 1788 1388 autem
1835 1332 2055 1386 prorsus

476 1411 558 1453 est
601 1401 688 1456 ille
727 1403 777 1456 in
828 1404 1008 1459 multis
1055 1404 1336 1470 fratribus,
1373 1422 1479 1461 non
1519 1408 1607 1463 ille
1647 1411 1795 1464 solus
1831 1426 1897 1465 ex
1938 1412 2054 1469 solo

476 1490 586 1546 Deo
611 1508 675 1548 ac
702 1493 860 1550 Patre
886 1495 1122 1566 genitus.
1155 1495 1446 1567 Sequimur
1477 1501 1620 1554 enim
1656 1502 1870 1556 interim
1908 1513 2050 1571 tuas,

474 1581 558 1635 vir
600 1585 836 1654 egregie,
885 1587 1281 1656 distinctiones,
1325 1603 1388 1643 ac
1430 1602 1740 1659 spectamus
1783 1597 2050 1663 consulto,

473 1687 581 1740 quo
613 1676 822 1731 tandem
849 1679 1008 1733 verba
1041 1681 1350 1737 deveniant.
1393 1682 1534 1754 Ergo
1579 1686 1720 1755 (jam
1754 1689 1896 1742 enim
1927 1703 2051 1744 ora-

2162 499 2278 552 ά).λ’
2303 500 2403 572 ἔχῃ
2436 499 2581 570 ζωὴν
2611 497 2858 554 αἰώνιονο
2901 518 2920 551 ι
2968 498 3062 552 καί⁵
3101 497 3284 563 πάλιν,
3317 516 3336 548 ι
3385 498 3446 551 '0
3475 497 3746 553 πιστεύων

2161 591 2242 652 εἰς
2268 591 2452 653 αὑτὸν,
2485 591 2548 643 ού
2599 591 2882 661 κρίνεται·
2909 591 2938 643 6
2965 590 3021 643 δὲ
3071 589 3146 660 μὴ
3194 588 3488 652 πιστεύων,
3524 589 3624 660 ἤδη
3653 589 3744 642 xe-

2161 697 2374 751 κριταί⁹
2405 683 2488 735 ὅτι
2535 681 2609 751 μὴ
2640 682 3006 734 πεπίστευκεν
3035 682 3116 742 εἰς
3141 680 3202 732 τὸ
3237 680 3408 750 ὄνομα
3450 679 3546 732 τοῦ
3585 697 3744 749 μονο·

2159 769 2349 836 γενοῦς
2365 770 2497 824 Υἰοῦ
2518 771 2615 823 τοῦ
2641 769 2833 825 Θεοῦ.»
2856 766 2925 824 Ἀ
2937 771 2986 840 ρ’
3010 767 3102 824 οὖν
3131 770 3395 841 ὑπάρχειν
3417 772 3616 824 νοεῖται
3649 787 3744 838 μο-

2159 859 2384 929 νογενὴς
2414 859 2520 930 ἰδίᾳ
2549 877 2610 913 τε
2653 861 2746 913 καὶ
2776 861 2937 930 μόνος
2967 861 2995 912 6
3017 861 3081 913 ὲκ
3116 861 3434 930 σπέρματος
3468 859 3745 928 Ἀϐραὰμ,

2159 949 2333 1003 καίτοι
2385 951 2718 1020 γεγραφότος
2753 951 3002 1003 Ἰωάννου
3039 950 3228 1019 σαφῶς
3252 968 3266 982 ·
3294 969 3313 1002 ι
3366 951 3424 1004 ’0
3450 949 3747 1019 μονογενὴς

2159 1041 2307 1106 Υἱὸς,
2339 1041 2367 1092 6
2394 1041 2470 1094 ῶν
2509 1043 2588 1105 εἰς
2619 1041 2712 1096 τὸν
2751 1042 2951 1094 κόλπον
2991 1040 3086 1094 τοῦ
3121 1039 3352 1110 Πατρδς,
3403 1041 3609 1102 ἐκεῖνος
3657 1038 3747 1103 ἐξ·

2157 1131 2432 1201 ηγήσατοο
2470 1150 2490 1184 ι
2542 1133 2636 1185 καὶ
2672 1131 2778 1203 μὴν
2811 1134 2904 1185 καὶ
2937 1132 3130 1203 ἑτέρου
3170 1132 3505 1203 Γράμματος
3549 1130 3699 1202 ἱεροῦ
3725 1147 3740 1160 ο

2162 1239 2182 1272 ι
2220 1222 2388 1276 Ὅταν
2425 1222 2482 1275 δὲ
2513 1225 2782 1293 εἰσαγάγῃ
2819 1223 2913 1276 τὸν
2940 1223 3294 1294 Πρωτότοκον
3321 1226 3402 1287 εἰς
3435 1222 3532 1294 τὴν
3561 1223 3746 1276 οἰκου-

2161 1312 2356 1382 μένην,
2409 1313 2587 1382 λέγει’
2625 1315 2734 1367 Καὶ
2760 1314 3301 1384 προσκυνησάτωσαν
3345 1313 3496 1383 αύτῷ
3539 1312 3746 1376 πάντες

2155 1402 2374 1471 ἄγγελοι
2403 1403 2558 1457 Θεοῦ.
2589 1421 2607 1455 ι
2635 1404 2986 1474 Πρωτότοκος
3008 1403 3066 1456 δὲ
3092 1403 3269 1473 πάντη
3292 1419 3350 1456 τε
3377 1402 3473 1456 καὶ
3525 1403 3744 1466 πάντως

2156 1496 2241 1566 εῖη
2270 1495 2338 1549 ἂν
2371 1498 2398 1550 6
2422 1497 2481 1550 ιν
2517 1497 2729 1561 πολλοῖς
2773 1496 3042 1564 ἀδελφοῖς,
3070 1499 3168 1567 οὐχ
3211 1499 3240 1550 6
3275 1496 3434 1567 μόνος
3463 1497 3526 1549 ἐκ
3578 1496 3744 1566 μόνου

2155 1589 2551 1658 γεγεννημένος
2583 1588 2677 1641 τοῦ
2706 1585 2842 1640 Θεοῦ
2891 1589 2984 1640 καὶ
3031 1587 3265 1659 Πατρός.
3307 1586 3586 1658 Ἑψόμεθα
3631 1587 3746 1659 γάρ

2153 1679 2294 1742 τέως
2324 1682 2446 1742 ταῖς
2479 1681 2618 1744 σαῖς,
2649 1674 2696 1733 ὧ
2726 1672 2903 1743 οὗτος,
2934 1679 3275 1744 διαστολαῖς,
3307 1679 3745 1752 καραδοκοῦντες

475 1761 674 1816 tionem
715 1766 780 1818 ad
828 1767 976 1821 initia
1015 1772 1319 1841 revocabo)
1359 1775 1448 1843 qui
1494 1775 1740 1830 humana:
1767 1779 1959 1834 animm
1997 1796 2034 1835 ei

2154 1771 2515 1841 οἰκονομικῶς
2551 1772 2674 1824 ὅποι
2724 1773 2854 1824 ποτὲ
2887 1774 3018 1842 ἡμῖν
3058 1771 3432 1824 διεκπαίουσιν
3476 1772 3525 1823 οἰ
3566 1770 3740 1840 λόγοι.

469 1855 652 1909 carnis
677 1855 1076 1915 fraternitatem
1111 1863 1392 1918 nobiscum
1419 1867 1676 1935 suscepit.
1701 1877 1754 1922 et
1783 1877 1943 1925 natus
1965 1884 2052 1927 est

469 1957 536 1997 ex
577 1947 782 2003 semine
820 1952 1114 2018 Abraham,
1167 1954 1212 2008 is
1260 1956 1649 2024 primogenitus
1689 1960 1796 2014 erit
1841 1962 2044 2032 utique,

471 2044 529 2088 ut
559 2036 612 2090 in
645 2038 826 2095 multis
849 2041 1109 2100 fratribus
1145 2063 1159 2100 :
1189 2046 1277 2100 ille
1307 2062 1434 2101 vero
1463 2049 1515 2101 in
1561 2050 1680 2103 sinu
1727 2052 1816 2104 Dei
1849 2061 1903 2106 et
1941 2052 2046 2107 Pa-

469 2126 591 2191 tris,
629 2112 936 2201 unigenitus
987 2135 1130 2191 Deus
1181 2135 1437 2192 Verbum.
1497 2140 1659 2210 Atqui
1716 2158 1836 2198 cum
1889 2159 2044 2201 sacra

469 2215 746 2287 Scriptura
780 2223 922 2278 dicat
965 2225 1015 2280 in
1045 2226 1239 2281 Filium
1281 2229 1370 2282 Dei
1405 2230 1737 2298 unigenitum
1773 2251 1893 2290 esse
1921 2251 2043 2292 cre-

464 2302 723 2393 dendum,
761 2324 865 2377 qua
899 2311 965 2367 de
999 2329 1159 2368 causa
1203 2317 1358 2372 nobis
1392 2326 1679 2388 cognatum
1713 2332 1874 2393 atque
1901 2305 2045 2382 con-

463 2391 876 2452 substantialem
916 2416 1037 2455 cum
1079 2410 1450 2474 proposueris,
1483 2411 1618 2466 dicis
1649 2429 1754 2468 non
1787 2391 2043 2485 oportere

462 2481 532 2577 ab
553 2483 670 2552 ejus
701 2486 960 2544 dimoveri
995 2491 1144 2547 fide?
1179 2495 1320 2566 Ergo
1345 2513 1566 2556 necesse
1589 2515 1673 2559 est
1715 2481 2042 2577 cnnjungere

463 2571 517 2624 in
544 2587 707 2628 unum
740 2577 1025 2635 Dominum
1050 2592 1104 2636 et
1133 2583 1430 2653 Christum,
1461 2571 1846 2660 conjunctione
1874 2571 2038 2653 nimi-

461 2675 580 2714 rum
609 2667 902 2722 secundum
933 2671 1268 2742 hypostasin,
1306 2687 1363 2732 ut
1392 2679 1444 2733 in
1477 2684 1665 2738 eodem
1709 2686 2040 2758 intelligatur

461 2752 790 2822 unigenitus,
831 2770 885 2813 et
913 2763 1305 2831 primogenitus
1363 2770 1542 2839 idem;
1587 2789 1652 2829 eo
1686 2779 1826 2845 quod
1863 2752 2036 2849 ipsum

459 2858 524 2896 ex
569 2845 675 2902 Deo
722 2849 881 2906 Patre
913 2853 1144 2910 Verbum
1177 2874 1297 2913 cum
1336 2874 1492 2918 esset
1531 2881 1597 2920 ex
1648 2879 1838 2924 natura
1873 2845 2033 2938 Deus,

460 2941 661 2996 factum
693 2957 774 3000 est
807 2948 969 3004 homo
1001 2955 1172 3008 nostri
1199 2957 1414 3024 similis,
1447 2969 1502 3014 et
1534 2977 1596 3016 ex
1631 2965 1839 3021 semine
1861 2967 2032 3022 Abra-

2152 1861 2361 1916 Οὒκοῦν
2392 1863 2738 1933 (άνακομίσω
2769 1863 2877 1935 γὰρ
2904 1863 2999 1916 τὸν
3027 1863 3185 1930 λόγον
3216 1864 3295 1925 εἰς
3318 1862 3377 1915 τὸ
3407 1863 3505 1915 ἀπ’
3533 1862 3740 1932 ἀρχῆς)

2149 1957 2177 2008 6
2204 1953 2386 2024 ψυχῆς
2419 1954 2769 2026 ἀνθρωπίνης
2813 1956 2907 2008 καὶ
2945 1955 3147 2026 σαρκὸς
3182 1954 3320 2024 πρὸς
3349 1955 3497 2024 ημᾶς
3536 1955 3744 2008 ἀναλα-

2150 2045 2261 2097 ϐὼν
2281 2045 2640 2116 ἀδελφότητα,
2667 2045 2910 2115 γεγονὼς
2935 2045 2993 2099 δὲ
3018 2047 3082 2098 ὲκ
3109 2045 3424 2114 σπέρματος
3463 2044 3739 2113 Ἀϐραὰμ,

2147 2136 2490 2207 πρωτότοκος
2517 2137 2600 2206 εἰη
2629 2136 2694 2190 ἂν
2726 2135 2802 2196 ὡς
2823 2137 2880 2188 ὲν
2912 2135 3130 2199 πολλοῖς
3161 2135 3413 2203 ἀδελφοῖς
3437 2149 3452 2164 ο
3477 2135 3506 2186 ὅ
3527 2151 3591 2202 γε
3630 2134 3741 2205 μὴν

2145 2226 2205 2279 ἐν
2234 2226 2419 2297 κόλπῳ
2443 2226 2540 2280 τοῦ
2569 2226 2705 2280 Θεοῦ
2734 2227 2826 2280 καὶ
2859 2227 3095 2297 Πατρδς,
3133 2227 3430 2297 μονογενὴς
3462 2224 3597 2278 Θεοῦ
3629 2226 3740 2279 Λό-

2145 2333 2259 2385 γος.
2282 2311 2415 2370 Εἶτα
2445 2319 2544 2389 τῆς
2575 2316 2935 2370 θεοπνεύστου
2969 2317 3219 2388 Γραφῆς,
3250 2318 3332 2380 εἰς
3366 2316 3460 2369 τὸν
3490 2317 3619 2369 Υἱδν
3639 2315 3738 2370 τοῦ

2143 2407 2278 2462 Θεοῦ
2305 2409 2394 2461 τὸν
2443 2407 2712 2478 μονογενῆ
2759 2408 2960 2478 χρῆναι
2996 2407 3264 2479 λεγούσης
3317 2407 3591 2460 ποιεῖσθαι
3631 2408 3742 2475 τὴν

2144 2501 2350 2567 πίστιν,
2384 2502 2473 2554 τὸν
2505 2501 2746 2571 συγγενῆ
2787 2519 2847 2554 τε
2874 2502 2971 2555 καὶ
3000 2503 3133 2570 ἡμῖν
3159 2500 3460 2570 ὁμοούσιον,
3497 2497 3737 2551 ἀνθότου

2141 2592 2483 2672 παρατιθείς,
2517 2594 2590 2663 μὴ
2619 2591 2682 2663 δὴ
2729 2593 2926 2663 χρῆναι
2963 2593 3070 2662 φὴς
3101 2591 3200 2660 τῆς
3237 2592 3316 2654 εἰς
3349 2590 3515 2643 αὑτὸν
3547 2607 3745 2659 παρα-

2138 2673 2439 2755 τρέπεσθαι
2477 2685 2745 2748 πίστεως;
2780 2683 2989 2736 Οὐκοῦν
3018 2683 3234 2753 ἀνάγκη
3267 2683 3480 2735 συνδεῖν
3514 2683 3593 2744 εἰς
3633 2681 3746 2733 ἕνα.

2139 2775 2347 2847 Κύριον
2377 2777 2472 2830 καὶ
2518 2777 2783 2848 Χριστόν·
2825 2778 2946 2829 κατ’
2977 2776 3192 2847 ἐνδησιν
3251 2776 3306 2828 δὲ
3349 2775 3596 2846 δηλονότι
3629 2775 3743 2846 τὴν

2138 2867 2262 2920 καθ’
2290 2869 2607 2929 ὑπόστασιν,
2643 2867 2733 2922 ἵνα
2760 2869 2816 2921 ὲν
2860 2867 3045 2938 ταυτῷ
3086 2869 3260 2920 νοοῖτο
3301 2865 3600 2936 μονογενὴς
3632 2867 3742 2920 καὶ

2135 2958 2478 3029 πρωτότοκος
2505 2959 2533 3011 6
2561 2959 2744 3024 αὐτὸς,
2785 2958 2921 3011 καθὸ
2948 2958 3108 3027 φύσει
3138 2958 3272 3020 Θεὸς
3313 2958 3578 3027 ὑπάρχων
3597 2959 3626 3010 6
3660 2959 3739 3012 ἐκ

458 3033 603 3088 ham.
655 3035 869 3093 Etenim
917 3055 1132 3102 acutum
1166 3049 1266 3102 sibi
1299 3052 1552 3120 quiddam
1585 3054 1856 3112 invenisse
1881 3061 2031 3117 vide-

2142 3049 2270 3103 Θεοῦ
2305 3049 2517 3120 Πατρδς
2553 3050 2749 3118 Λόγος,
2800 3049 3026 3118 γέγονεν
3068 3049 3354 3120 ἄνθρωπος
3379 3047 3504 3102 καθ’
3551 3049 3732 3144 ἡμᾶς,

459 3134 562 3190 tur,
592 3127 776 3198 itaque
797 3133 874 3188 sic
910 3151 1095 3192 rursus
1122 3139 1198 3192 ait
1230 3157 1242 3192 :

526 3394 787 3466 [Νεετοιι.
827 3399 1148 3460 Meministis
1193 3416 1371 3462 autem
1417 3426 1639 3480 prorsus
1685 3429 1869 3470 eorum
1909 3433 2028 3486 quae

453 3502 596 3554 saepe
622 3489 731 3542 dixi
758 3491 928 3556 vobis,
959 3507 1078 3548 cum
1109 3499 1242 3551 duas
1267 3499 1319 3552 in
1348 3499 1565 3556 Christo
1589 3514 1808 3560 naturas
1837 3508 2028 3563 distin-

451 3595 672 3648 guerent
703 3599 716 3635 :
749 3583 866 3636 duae
887 3594 1018 3639 sunt
1043 3587 1210 3652 enim,
1243 3591 1286 3643 si
1314 3601 1559 3646 naturam
1593 3605 1832 3664 spectes;
1867 3599 1911 3654 si
1947 3602 2028 3656 di-

450 3671 730 3735 gnitatem,
759 3673 984 3742 simplex
1013 3692 1028 3730 ι
1063 3688 1378 3734 naturarum
1413 3683 1555 3736 enim
1585 3687 1886 3744 auctoritas
1919 3705 2023 3746 una

448 3771 532 3816 est
579 3775 797 3833 propter
839 3767 1316 3838 conjunctionem,
1371 3774 1475 3845 91
1537 3778 1749 3834 naturis
1805 3783 2021 3851 quidem

447 3871 662 3926 semper
698 3858 748 3914 in
777 3875 874 3915 suo
901 3863 1090 3917 ordine
1131 3869 1593 3934 permanentibus,
1635 3871 1728 3926 sed
1762 3873 2025 3943 dignitate

447 3949 754 4020 conjuncta,
786 3959 844 4006 ut
869 3952 981 4018 jam
1025 3954 1159 4020 dixi,
1190 3955 1242 4009 in
1280 3947 1656 4016 auctoritatem
1683 3963 1966 4036 unicam.]

1094 4091 1246 4148 CAP.
1283 4092 1373 4148 VI.

519 4216 622 4272 Sed
649 4217 802 4273 facile
821 4235 1044 4290 prorsus
1068 4225 1445 4292 intellexisses,
1479 4229 1523 4283 si
1551 4230 1762 4286 divinas
1787 4232 2022 4292 Litteras

444 4308 594 4376 sequi
620 4311 904 4365 statuisses
922 4353 937 4377 ,
963 4330 1084 4383 quae
1114 4331 1277 4372 unum
1303 4318 1489 4372 dicunt
1515 4319 1800 4378 Dominum
1833 4324 2018 4382 Iesum

2133 3144 2227 3196 καὶ
2260 3145 2324 3196 ὲκ
2372 3143 2686 3213 σπέρματος
2737 3141 3015 3213 Ἁϐραάμ.
3071 3141 3231 3196 Ἀλλά
3277 3142 3384 3211 γάρ
3425 3141 3736 3213 ἐξηύρηταῖ

2134 3253 2184 3288 τι
2212 3235 2375 3304 σοφὸν
2405 3233 2577 3304 αὐτῷ,
2613 3233 2868 3306 καθάπερ
2907 3229 3001 3288 οῦν
3047 3233 3221 3289 οἴεται
3265 3232 3358 3287 καί
3391 3248 3553 3302 φησιν
3579 3232 3746 3286 οὔτωη

2133 3324 2296 3378 πάλιν
2327 3339 2342 3354 ⁶

2201 3416 2534 3489 [Μέμνησθε
2565 3417 2622 3472 δέ
2671 3435 2776 3470 που
2810 3417 3028 3481 πάντως
3057 3416 3154 3471 καὶ
3202 3416 3270 3470 τά
3316 3414 3580 3478 πολλάκις
3622 3431 3723 3484 μοι

2129 3509 2270 3579 πρὸς
2299 3509 2443 3579 ὑμᾶς
2469 3509 2758 3580 εἰρημένα,
2789 3507 2890 3570 τὰς
2920 3508 3116 3570 διπλᾶς
3145 3507 3283 3579 πρὸς
3318 3507 3409 3561 τὸν
3436 3505 3728 3576 Δεσπότην

2128 3598 2368 3668 Χριστὸν
2399 3599 2730 3670 διακρίνοντι
2763 3597 2954 3666 φύσεις
2977 3613 2989 3626 ·
3023 3597 3211 3651 διπλαῖ
3241 3597 3340 3667 μὲν
3369 3597 3476 3669 γάρ
3518 3599 3584 3667 τῇ
3619 3596 3727 3665 φύ-

2131 3701 2232 3747 σει,
2259 3686 2325 3754 τῇ
2359 3684 2415 3736 δὲ
2448 3685 2576 3756 ἀξίᾳ
2623 3685 2912 3756 μοναδικαί
2935 3699 2947 3715 ·
2983 3686 3016 3756 ή
3056 3686 3164 3756 γὰρ
3213 3685 3321 3739 τῶν
3352 3687 3566 3756 φύσεων
3615 3687 3723 3740 αύ-

2128 3772 2334 3837 θεντία,
2362 3773 2452 3827 διά
2480 3775 2584 3846 τὴν
2615 3776 2933 3845 συνάφειαν,
2965 3775 3064 3846 μία
3083 3793 3099 3807 ⁸
3134 3776 3242 3830 τῶν
3273 3777 3372 3847 μὲν
3409 3777 3630 3846 φύσεων
3661 3780 3741 3832 ὲν

2128 3869 2194 3937 τῇ
2233 3866 2413 3938 οἰκείᾳ
2435 3867 2588 3934 τάξει
2619 3867 2708 3920 διὰ
2747 3867 2950 3930 παντὸς
2991 3867 3300 3938 μενουσῶν·
3324 3867 3422 3938 τῆς
3462 3867 3520 3920 δὲ
3553 3867 3726 3934 ἀξίας

2128 3958 2500 4030 συνημμένης,
2525 3959 2601 4024 ὡς
2629 3961 2912 4030 προεῖπον,
2947 3960 3029 4022 εἰς
3053 3958 3341 4015 αὑθεντίαν
3372 3957 3722 4032 μοναδικήν.]

2726 4097 2975 4150 ΚΕΦΑΛ.
3020 4100 3111 4165 (τι.

2202 4231 2342 4284 Ἀλλ’
2370 4227 2514 4302 ἦσθά
2547 4249 2650 4285 που
2705 4229 2927 4298 πάντως
2965 4234 3234 4306 εὐμαθὴς,
3263 4239 3329 4307 τῇ
3370 4236 3734 4308 θεοπνεύσλιιψ⁴

2104 4320 2316 4392 ,Γραφῇ
2375 4319 2800 4376 κατακολουθεῖν
2843 4324 3141 4395 ᾑρημένος,
3181 4325 3277 4378 ἕνα
3323 4309 3720 4398 λεγούσῃίιίύο

442 4400 711 4454 Christum
732 4443 747 4468 ,
776 4419 879 4457 non
923 4405 1264 4475 sejungentes
1315 4409 1460 4464 illum
1493 4426 1558 4466 ex
1603 4416 1810 4471 semine
1843 4418 2015 4472 Abra-

2142 4429 2241 4466 >ιον
2287 4411 2497 4483 Ἰησοῦν
2534 4413 2790 4482 Χριστὸν,
2831 4415 2926 4468 καὶ
2975 4417 3076 4468 οὐκ
3126 4417 3231 4470 ἀνά
3285 4417 3453 4489 μέρος
3495 4417 3718 4491 τιθείσῃ

443 4491 588 4554 ham,
607 4501 660 4545 et
679 4493 803 4546 illud
820 4509 882 4548 ex
904 4496 1008 4550 Deo
1026 4496 1184 4552 Patre
1213 4497 1460 4554 Verbum.
1481 4503 1560 4556 Ad
1583 4503 1695 4558 haec
1710 4505 1836 4560 illud
1855 4508 2017 4563 etiam

439 4583 782 4639 considerare
802 4588 1073 4655 oportuit:
1105 4589 1205 4644 alia
1228 4602 1309 4646 est
1336 4593 1476 4647 enim
1509 4610 1592 4649 res
1609 4597 1881 4662 divinitas,
1911 4599 2014 4654 alia

438 4684 636 4730 nostrze
660 4677 853 4732 similis
879 4680 1216 4746 humanitas,
1244 4687 1384 4752 quod
1411 4687 1477 4740 ad
1512 4689 1774 4744 rationem
1817 4692 2015 4747 attinet

436 4783 555 4837 qua:
574 4769 780 4824 naturis
807 4771 943 4826 inest
967 4790 980 4828 :
1003 4789 1292 4843 congressu
1315 4787 1494 4830 autem
1515 4781 1808 4834 secundum
1827 4797 2011 4838 veram

436 4862 708 4926 tmionem,
726 4878 862 4918 unus
889 4875 966 4919 est
995 4881 1058 4919 ex
1080 4868 1321 4937 utrisque
1337 4867 1608 4934 Christus,
1633 4881 1688 4924 ut
1711 4887 1852 4941 smpe
1870 4875 2012 4928 dixi—

439 4969 590 5009 mus:
617 4955 996 5025 hypostasibus
1025 4972 1168 5022 vero,
1201 4969 1260 5013 ut
1287 4969 1340 5011 tu
1375 4959 1474 5026 ais,
1508 4961 1558 5014 in
1587 4961 1692 5016 duo
1726 4963 1932 5027 divisis,
1960 4974 2015 5020 et

437 5046 662 5100 scorsim
696 5062 759 5100 ac
789 5049 1034 5116 privatim
1084 5050 1348 5106 exsistere
1385 5051 1670 5106 intellectis
1693 5094 1706 5118 ,
1736 5057 2009 5123 quomodo

2127 4503 2220 4558 τὸν
2250 4505 2315 4557 ὲκ
2340 4505 2655 4576 σπέρματος
2701 4505 2976 4577 Ἀϐραάμ,
3001 4507 3093 4561 καὶ
3125 4509 3216 4562 τὸν
3245 4511 3310 4564 ἐκ
3339 4509 3474 4564 Θεοῦ
3496 4511 3716 4581 Πατρδς

2126 4595 2322 4662 Λόγον.
2356 4595 2467 4648 Καὶ
2505 4595 2642 4666 πρός
2681 4613 2746 4662 γε
2779 4595 2845 4666 δὴ
2891 4597 3084 4668 τούτῳ,
3119 4599 3342 4652 κάκεῖνο
3378 4599 3716 4654 διανοεῖσθαι

2123 4690 2260 4758 χρή·
2288 4685 2478 4756 ἕτερον
2514 4687 2613 4754 μὲν
2650 4687 2759 4757 γάρ
2792 4704 2845 4740 τι
2869 4687 3062 4759 χρῆμα
3107 4688 3320 4760 θεότης,
3368 4690 3554 4760 ἕτερον
3582 4689 3647 4742 δὲ
3673 4693 3710 4762 ἡ

2123 4777 2246 4830 καθ’
2273 4778 2423 4848 ἡμᾶς
2451 4777 2829 4848 άνθρωπότης,
2853 4779 2998 4833 κατά
3031 4796 3095 4848 γε
3115 4782 3210 4833 τὸν
3236 4781 3424 4835 ἐνόντα
3448 4785 3570 4846 ταῖς
3601 4782 3709 4852 qni-

2124 4884 2240 4920 σεσι
2269 4868 2459 4937 λόγον·
2511 4869 2782 4938 συμϐάσει
2815 4869 2872 4922 δὲ
2897 4872 2964 4941 τῇ
3005 4869 3129 4924 καθ’
3167 4872 3363 4926 ἕνωσιν
3395 4873 3594 4944 ἀληθῆ,
3626 4870 3714 4940 εἷς

2121 4954 2182 5019 ἐξ
2225 4957 2432 5028 ἀμφοῖν
2468 4958 2496 5010 6
2530 4958 2782 5028 Χριστὸς,
2814 4959 2956 5012 καθά
3002 4960 3320 5027 πλειστάκις
3367 4965 3711 5035 εἰρήκαμενο

2120 5048 2228 5100 τῶν
2253 5065 2316 5117 γε
2353 5048 2459 5121 μὴν
2479 5049 2852 5113 ὑποστάσεων,
2881 5051 2957 5116 ὡς
2988 5054 3052 5105 σὺ
3075 5053 3204 5124 φὴς,
3237 5055 3588 5128 διῃρημένων
3625 5059 3713 5122 εἰς

439 5149 756 5203 congressus
777 5140 827 5192 in
849 5155 1008 5194 unam
1031 5156 1317 5210 personam
1347 5142 1459 5209 ﬁet,
1486 5143 1587 5197 nisi
1612 5160 1776 5198 unum
1797 5145 2018 5202 alterius

2149 5140 2230 5202 ύο,
2272 5142 2367 5194 καὶ
2406 5140 2715 5210 νοουμένων
2744 5142 3013 5214 ὑπάρχειν
3043 5145 3150 5198 ἀνά
3188 5145 3356 5216 μέρος
3394 5165 3452 5200 τε
3479 5148 3574 5202 καὶ
3611 5149 3713 5202 ἰδι-

439 5241 559 5279 csse
607 5231 997 5296 quadammodo
1050 5235 1321 5304 proprium
1364 5235 1614 5300 dicatur,
1649 5243 1708 5291 ut
1757 5238 2010 5293 nimirum

442 5314 689 5370 humanae
733 5319 922 5386 anima:
950 5325 1222 5391 proprium
1275 5326 1588 5395 intelligitur
1633 5327 1749 5396 ejus
1795 5344 2013 5400 corpus,

439 5404 688 5472 quamvis
739 5407 964 5465 diversa:
1013 5413 1080 5466 sit
1113 5414 1180 5468 ab
1229 5429 1290 5468 ea
1332 5426 1536 5472 naturzc
1575 5434 1588 5470 :
1630 5414 1802 5487 neque
1871 5421 2013 5473 enim

443 5496 580 5549 idem
602 5505 682 5552 cst
711 5500 885 5552 anima
910 5511 961 5554 ct
983 5517 1195 5569 corpus.
1236 5505 1340 5561 Sed
1364 5509 1503 5564 dicet
1528 5507 1756 5565 fortasse
1785 5510 1976 5580 aliquis
2002 5529 2014 5564 :

2119 5232 2252 5296 κῶς,
2287 5232 2404 5296 πῶς
2438 5233 2504 5286 ἂν
2537 5232 2748 5302 γένοιτο
2787 5233 3060 5304 σύμϐασις
3101 5237 3180 5300 εἰς
3213 5239 3506 5309 πρόσωπον
3535 5241 3618 5304 ἓν,
3656 5243 3710 5294 εἰ

2123 5323 2198 5396 μὴ
2224 5325 2333 5397 ἀρα
2357 5342 2474 5389 πως
2507 5325 2637 5379 [διον
2677 5327 2736 5380 ἓν
2777 5325 2894 5389 ἐνὸς
2922 5325 3165 5394 λέγοιτο·
3210 5328 3464 5401 καθάπερ
3508 5331 3707 5400 ἀμέλει

2118 5417 2218 5486 τῆς
2248 5416 2535 5488 ἀνθρώπου
2565 5417 2744 5487 ψυχῆς
2778 5416 2907 5469 ῖδιον
2937 5417 3004 5470 ἂν
3029 5421 3202 5471 νοοῖτο
3230 5419 3290 5472 τὸ
3317 5421 3474 5491 σῶμα
3508 5421 3703 5492 αὐτῆς,

2124 5509 2301 5562 καίτοι
2335 5507 2470 5577 πρὸς
2509 5506 2672 5577 αὐτὴν
2701 5507 2942 5578 ὑπάρχον
2973 5509 3261 5580 ὲτεροφυές
3286 5527 3299 5540 ·
3337 5511 3395 5564 ού
3441 5511 3548 5582 γάρ
3596 5529 3703 5565 που

516 5677 536 5707 ⁸
572 5675 727 5733 Joan.
776 5693 856 5744 ιιι,
893 5678 976 5734 16.
1054 5682 1072 5712 ⁷
1115 5682 1242 5740 ibid.
1281 5684 1362 5740 18.
1443 5687 1463 5719 ⁸
1503 5686 1725 5778 Joan..t,
1766 5688 1850 5746 18.
1933 5691 1953 5723 ⁵
1996 5689 2034 5745 ll

2149 5690 2321 5758 .I,6.
