4004 6202
206 296 280 348 liii

1254 270 1634 328 ADVERSUS
1677 269 2082 328 NESTORIUM
2120 270 2256 327 ΗΒ.
2290 269 2389 325 lll.

3339 276 3441 331 ιω

203 407 364 466 ταυτὸν
407 404 468 458 ἀν
499 402 580 472 εἴη
609 398 759 468 ψυχή
807 414 869 448 τε
904 395 1000 448 καὶ
1035 394 1226 463 «σῶμα.
1274 391 1417 445 Ἀλλ’
1467 394 1594 455 ἴσως
1639 395 1756 464 ἐρεῖ

1868 394 2137 461 Quomodo
2175 392 2263 446 illa
2300 402 2486 446 sancta
2519 400 2572 444 ct
2623 393 2894 448 adoranda
2945 392 3183 449 Trinitas
3221 394 3276 449 in
3330 405 3442 450 tres

205 518 285 563 τις,
312 495 471 562 [ιὼςή
499 490 622 558 ἀγία
647 488 740 541 καὶ
764 484 1226 556 προσκυνουμένη
1258 482 1427 553 Τριάς
1445 483 1742 554 διορίζεται

212 592 289 662 μὲν
316 588 384 649 εἰς
400 585 532 653 τρεῖς
566 578 928 640 ὑποστάσεις,
962 575 1095 644 μίαν
1120 573 1177 625 δὲ
1205 571 1459 642 θεότητος
1488 573 1746 626 ἀποτελεῖ

212 683 373 751 qam;
402 678 530 737 Ὅτι,
581 671 750 739 φαίην
803 671 898 732 ἂν,
929 669 998 737 τῇ
1047 665 1155 717 τῶν
1185 663 1405 732 φύσεων
1433 662 1543 736 [ῑσ.
1577 681 1748 736 προσ-

213 769 361 830 ώπων,
390 765 442 831 ἢ,
460 755 1107 829 ὑποστάσεωνβιαφορᾷ,
1135 755 1195 807 τὸ
1234 755 1432 808 ταυτὸν
1464 755 1544 818 εις
1560 755 1747 808 οὐσίαν

214 855 475 924 ἀναγκαίως
503 852 787 921 ἑπόμενον,
830 851 912 911 εἰς
944 848 1077 917 μίαν
1120 846 1386 915 Θεότητος
1425 845 1748 917 ἀνακομίζει

218 949 345 1019 φύσιν
368 944 460 998 τῶν
480 940 848 994 πιστευόντων
904 938 1005 1006 τὸν
1027 934 1153 989 νοῦν
1177 952 1190 965 ⁸
1217 936 1310 989 ἐπὶ
1329 936 1388 989 δέ
1422 953 1485 1004 γε
1536 937 1750 1006 Ἐμμα-

221 1041 366 1109 voci},
382 1036 546 1106 ἐπειδὴ
563 1033 751 1100 θεότης
777 1029 976 1099 ἕτερόν
998 1045 1050 1080 τι
1070 1027 1219 1098 παρά
1238 1027 1338 1095 τὴν
1351 1025 1751 1097 ἀνθρωπότητά

226 1137 362 1194 ἔστιν,
395 1130 436 1180 ει
460 1128 523 1198 μή
549 1141 744 1195 φαμεν,
789 1123 926 1174 ἴδιον
952 1119 1208 1188 γενέσθαι
1241 1119 1300 1171 τὸ
1331 1119 1486 1189 σῶμα
1515 1117 1608 1171 τοῦ
1645 1118 1750 1171 Λό-

229 1241 309 1290 γου
332 1220 612 1274 καθ’ἒνωσιν
637 1213 849 1284 ἀληθῆ,
873 1213 993 1276 πῶς
1024 1211 1089 1265 ἂν
1112 1211 1172 1263 ἓν
1204 1210 1548 1264 ἀποτελεῖται
1579 1209 1752 1280 πρόσ-

237 1328 372 1372 ωπον,
411 1308 462 1360 τὸ
513 1307 696 1376 ἀμφοῖν
747 1302 1028 1372 ἑκατέρας
1081 1302 1211 1370 ἡμῖν
1255 1299 1607 1361 ὑποστάσεως
1660 1315 1754 1366 φε-

241 1402 400 1472 ρούσης
434 1387 543 1449 [διον
573 1397 642 1458 ὡς
689 1395 798 1447 ἀνὰ
847 1393 1016 1462 μέρος
1073 1389 1375 1459 κειμένης;
1419 1390 1530 1443 Καὶ
1582 1391 1631 1441 εξ
1679 1389 1754 1458 μὴ

241 1493 422 1560 γέγονεν
461 1490 573 1541 ἴδιον
622 1485 680 1537 τὸ
733 1483 950 1554 ληφθὲν
1005 1481 1099 1534 τοῦ
1147 1480 1594 1551 προσειληφότος,
1655 1481 1755 1532 οὐκ

243 1584 424 1650 ἀρκέσει
455 1579 691 1646 συνάφεια
737 1575 891 1628 κατά
937 1572 1154 1626 σύνοδον
1207 1572 1414 1638 ἁπλῶς,
1461 1572 1561 1641 τὴν
1593 1572 1670 1634 ὡς
1696 1573 1754 1626 ὲν

245 1672 346 1742 ἀξίᾳ
364 1687 412 1721 τε
437 1670 554 1739 μόνῃ
577 1667 664 1719 καὶ
691 1664 976 1733 αὑθεντία,
1025 1663 1116 1716 τὸν
1153 1663 1251 1715 ἕνα
1290 1663 1382 1717 καὶ
1431 1662 1592 1731 μόνον
1624 1664 1755 1732 ἡμῖν

249 1735 786 1830 ἀποτελέσαιδὶριστδν,
835 1755 927 1808 τὸν
976 1755 1137 1807 αὑτὸν
1186 1755 1315 1807 ὄντα
1364 1753 1497 1808 Θεὸν
1532 1753 1669 1824 ὁμοῦ
1699 1772 1758 1808 τε
1789 1735 1830 1790 Β

253 1856 327 1905 καὶ
353 1853 613 1922 ἄνθρωπον.
639 1849 768 1902 Τότε
812 1848 943 1917 γὰρ,
973 1847 1094 1898 τότε
1137 1848 1229 1899 καὶ
1257 1845 1403 1914 μάλα
1436 1843 1652 1918 [λείπει
1678 1863 1756 1910 τι,

255 1945 326 1996 Ia.
368 1945 620 2007 ἀναγκαῖον
647 1939 784 2012 Ῑτῆς
828 1941 907 2002 εἰς
956 1938 1118 1990 αὐτὸν
1172 1937 1622 2012 παρατρέπεσθαι
1673 1938 1760 1991 πί-

263 2029 416 2093 στεως,
441 2032 529 2083 κᾶν
569 2033 611 2083 εἰ
650 2032 709 2083 ἐκ
741 2029 1058 2099 σπέρματος
1105 2028 1354 2098 ’Δὸραάμ
1398 2003 1576 2081 νοοῖτό
1618 2028 1760 2081 κατά

269 2123 352 2190 τὴν
377 2123 539 2192 capita.
561 2122 762 2191 Ἕτερον
789 2122 846 2174 δὲ
895 2121 990 2173 καὶ
1022 2120 1207 2190 ἕτερον
1231 2115 1370 2196 εἶναι
1396 2119 1593 2188 λέγων,
1641 2115 1762 2174 εἶτα

281 2212 382 2273 πῶς
419 2212 510 2280 lic.
536 2209 620 2281 τῷ]
644 2212 702 2263 ἐκ
743 2212 1052 2281 σπέρματος
1093 2210 1340 2280 Ἀϐραὰμ
1389 2209 1761 2281 προσκομίζε-

277 2301 392 2352 σθαι
411 2301 503 2351 δεῖν
530 2300 608 2370 τὴν
647 2304 799 2354 πίστιν
825 2298 1304 2370 διαϐεϐαιούμενος
1323 2341 1338 2365 ,
1367 2300 1478 2353 ῐσθι
1519 2317 1622 2365 τοι,
1667 2301 1762 2354 καὶ

278 2389 406 2459 μάλα
438 2389 622 2456 σαφῶς,
647 2392 724 2458 τῆς
749 2391 928 2443 ἑαυτοῦ
957 2391 1201 2461 κεφαλῆς
1247 2391 1316 2443 τὰ
1345 2391 1443 2462 τῆς
1478 2391 1762 2461 ἀνθρωπο-

261 2479 469 2550 λατρὶας
511 2482 756 2551 καταχέων
787 2483 1118 2552 ἐγκλήματα·
1159 2481 1337 2535 καίτοι
1388 2483 1762 2553 παραιτούμεο

264 2589 355 2634 νος,
385 2573 468 2624 καὶ
497 2571 611 2624 λίαν
626 2573 802 2642 ὀρθῶς,
835 2573 894 2625 τὸ
920 2573 1366 2644 ἀνθρωπολάτρης
1389 2570 1528 2627 εἶναι
1552 2576 1753 2628 δοκεῖν.

273 2662 391 2712 Ἀλλ’
411 2660 550 2727 ὀλίγα
578 2663 755 2734 κομιδῇ
785 2662 880 2715 τοῦ
898 2667 1089 2732 χρῆναι
1118 2665 1332 2734 φρονεῖν
1363 2663 1432 2716 τά
1463 2663 1650 2716 εἰκότα
1669 2681 1765 2716 πε-

257 2751 521 2822 ςρονηκὼς,
550 2755 854 2820 συκοφαντεῖ
901 2756 994 2805 καὶ
1018 2753 1223 2824 ἑτέρως
1261 2753 1322 2805 τὸ
1357 2753 1502 2823 μέγα
1529 2753 1630 2822 τῆς
1670 2754 1764 2805 εὖ.

259 2843 437 2906 σεσείας
460 2846 745 2914 μυστήριον.
764 2846 1048 2916 Ἐπιφέρει
1093 2846 1203 2916 γὰρ
1241 2845 1402 2908 εὐθύς
1419 2861 1432 2874 ·
1461 2845 1631 2908 Αὐτὸς
1655 2843 1764 2916 γὰρ

252 2935 361 3002 ἡμῖν
405 2935 493 3004 τῆς
551 2937 949 3007 ἐπηγγελμένης
1025 2938 1277 3005 εὐλογίας
1334 2938 1399 2989 ἐκ
1451 2937 1764 3006 σπέρματος

261 3025 476 3095 Ἀϐραὰμ
508 3027 786 3098 ἀπεστάλη,
810 3029 886 3092 ὼς
924 3029 1068 3101 ὑπὲρ
1107 3029 1298 3083 ἑαυτοῦ
1326 3030 1419 3081 καὶ
1453 3028 1546 3080 τοῦ
1573 3029 1765 3096 γένους

251 3114 433 3181 τὴντοῦ
460 3116 683 3186 σώματος
707 3119 894 3172 Θυσίαν
929 3119 1393 3189 συνεπαγόμενος.
1429 3119 1550 3187 Ὑφ’
1579 3120 1766 3189 ἀμαρ-

251 3205 348 3261 τίαν
377 3203 460 3259 οὖν
481 3203 580 3277 ἀρε
607 3210 690 3261 καὶ
718 3210 880 3273 αὐτὸς
925 3210 1151 3279 γέγονεν
1179 3213 1207 3264 ό
1245 3211 1501 3282 Χριστὸς,
1533 3213 1597 3265 δι’
1625 3207 1684 3265 οὗ
1709 3213 1770 3265 τὸ

250 3295 350 3351 καθ’
392 3298 640 3369 ἠμᾶίὲὶ)
685 3301 782 3368 τῆς
826 3300 1102 3371 ἁμαρτίας
1149 3302 1520 3372 ὲμφράττεται
1573 3301 1767 3371 στόμα,

249 3390 361 3441 κατὰ
395 3389 479 3460 τὴν
503 3390 587 3442 τοῦ
611 3391 921 3453 1γάλλοντος
958 3392 1174 3461 φωνήνς
1203 3387 1313 3461 ἄρα
1341 3394 1434 3446 καὶ
1478 3393 1642 3445 αὑτοῦ
1675 3392 1769 3445 τοῦ

249 3479 390 3545 φωτὸς
417 3481 498 3533 τοῦ
545 3481 800 3553 ἀληθινοῦ
854 3481 916 3534 τὸ
957 3482 1059 3551 τῆς
1110 3482 1388 3553 ἐπαράτου
1436 3483 1774 3555 φαυλότητος

246 3572 387 3641 ﬂata
415 3574 614 3641 σκότος;
658 3570 772 3645 ἆρα
814 3572 934 3643 μεθ’
973 3571 1130 3642 ἡμῶν
1177 3573 1371 3642 ἐδεήθη
1415 3574 1509 3626 τοῦ
1541 3573 1770 3644 λυτρου-

249 3663 381 3731 μένου
403 3665 490 3717 καὶ
513 3665 779 3730 σώζοντος
812 3666 840 3717 ὁ
867 3663 933 3716 δι’
977 3658 1038 3717 οὗ
1067 3665 1217 3717 πᾶσα
1245 3663 1516 3734 λύτρωσις
1543 3665 1639 3718 καὶ
1668 3683 1774 3719 σω-

245 3755 405 3823 τηρίας
425 3756 590 3823 ἐλπές;
637 3757 846 3827 Πρέποι
875 3756 918 3808 δ’
951 3755 1017 3808 ἂν
1042 3755 1212 3826 αὐτῷ,
1241 3757 1382 3810 κατά
1416 3773 1482 3824 γε
1507 3757 1568 3809 τὸ
1599 3756 1770 3820 εἰκὸς,

247 3845 347 3913 μεθ’
370 3848 506 3917 ἡμῶν
543 3849 837 3918 ἀναφέρειν
868 3848 935 3901 τὰ
967 3850 1320 3917 χαριστήρια,
1355 3847 1490 3900 Θεοῦ
1525 3847 1774 3916 λέγοντος

244 3936 581 4005 ἀμεπλσικάκως
601 3958 616 3971 ·
657 3959 675 3991 ι
710 3939 854 4006 Ἐγώ
873 3941 987 4010 εἰμι
1010 3941 1038 3992 ὁ
1059 3938 1356 4007 ὲξαλείφων
1376 3938 1476 4002 τὰς
1498 3939 1774 4010 ἁμαρτίας

249 4043 351 4090 σου,
377 4031 458 4080 καὶ
477 4031 531 4082 ού
563 4034 633 4101 μὴ
670 4032 1086 4102 μνησθήσομαιο
1122 4049 1142 4081 ι
1181 4030 1577 4102 καταγορεύσει
1598 4032 1654 4084 δὲ
1678 4032 1775 4086 καὶ

244 4118 408 4182 αὑτοῦ,
438 4120 561 4173 καθά
587 4123 682 4176 καὶ
708 4125 742 4193 ἡ
753 4122 891 4192 μῶν,
912 4123 941 4175 ό
973 4123 1071 4193 τῆς
1098 4122 1373 4193 ἁμαρτίας
1402 4124 1605 4194 πατήρ.
1642 4119 1775 4176 Εἶτα

243 4206 342 4268 πῶς
366 4208 421 4260 οὐ
444 4209 818 4282 ψευδοεπὴσει,
844 4211 1039 4279 λέγων’
1080 4229 1100 4262 ι
1134 4211 1394 4282 Ἔρχεται
1423 4213 1452 4264 ὁ
1475 4214 1664 4283 ἄρχων,
1682 4211 1772 4265 τοῦ

239 4296 401 4361 αἰῶνος
423 4299 630 4363 τούτου,
670 4301 764 4352 καὶ
801 4300 860 4351 ὲν
886 4299 1010 4368 ἐμοὶ
1035 4300 1259 4371 εὑρήσει
1303 4301 1489 4368 οὐδέν;
1526 4322 1544 4352 ι
1581 4302 1776 4354 Δεδυσ-

1847 487 2168 555 hypostases
2240 482 2620 549 distinguitur,
2673 493 2726 536 et
2781 500 2940 538 unam
2995 496 3170 540 tamen
3225 486 3444 541 deitatis

1847 575 2076 630 absolvit
2127 583 2376 628 naturam
2413 575 2434 626 τ
2466 573 2632 639 Quia,
2689 590 2804 629 mea
2856 576 3072 643 quidem
3131 579 3442 643 sententia,

1849 684 1969 723 cum
1995 667 2182 722 eadem
2210 665 2444 721 essentia
2479 665 2786 720 necessario
2809 679 3163 732 personarum
3188 664 3445 720 ditl‘ereu-

1851 761 1978 813 tiam
2009 768 2301 827 sequatur,
2328 756 2666 811 credentium
2715 755 3123 825 intelligentiam
3174 757 3239 810 ad
3277 773 3440 810 uuam

1851 849 2158 904 Divinitatis
2178 857 2426 902 naturam
2456 846 2705 917 perducit
2737 863 2751 897 :
2784 848 2836 901 in
2861 847 3211 902 Emmanuele
3241 858 3442 910 autem,

1857 943 1985 1012 quia
2021 943 2194 996 deitas
2222 940 2366 994 aliud
2409 940 2665 1008 quiddam
2714 928 2894 995 est'ab
2933 939 3302 1004 humanitate,
3344 940 3445 993 nisi

1852 1033 2150 1088 dixerimus
2209 1036 2485 1103 proprium
2542 1033 2744 1086 factum
2794 1030 2964 1088 fuisse
3019 1045 3217 1098 corpus
3274 1031 3447 1099 ipsius

1831 1121 2012 1179 ’Verbi
2041 1139 2135 1192 per
2171 1139 2349 1177 veram
2376 1123 2650 1186 unionem,
2677 1122 2945 1190 quomodo
2976 1135 3082 1174 una
3128 1121 3448 1174 absolvetur

1854 1227 1923 1268 ex
1951 1224 2182 1282 utroque
2213 1226 2443 1281 persona
2468 1251 2483 1274 ,
2514 1225 2636 1265 cum
2671 1209 2930 1264 alterutra
2983 1209 3285 1263 substantia
3323 1215 3460 1277 pro-'

1855 1302 2028 1373 priam
2066 1303 2282 1371 utrique
2325 1304 2498 1366 ferat,
2529 1311 2714 1371 utp0te
2775 1299 3002 1360 seorsim
3047 1299 3219 1368 posita
3283 1308 3448 1367 atque

1856 1393 2147 1462 sejuncta?
2197 1395 2312 1448 Etsi
2359 1395 2410 1448 id
2434 1393 2577 1464 quod
2615 1400 2890 1461 sumptum
2931 1401 3038 1456 est,
3078 1406 3183 1444 non
3214 1391 3285 1444 sit
3324 1405 3450 1459 pro-

1859 1488 2035 1556 prium
2078 1486 2407 1541 assumentis
2439 1486 2640 1539 factum
2662 1522 2683 1548 ,
2711 1498 2814 1536 non
2844 1485 2980 1537 satis
3005 1482 3111 1537 erit
3133 1481 3451 1549 coniunctio

1857 1593 1956 1647 per
2015 1577 2315 1646 simplicem
2407 1575 2687 1646 dignitatis
2760 1573 2930 1628 solius
2993 1584 3049 1627 et
3115 1573 3454 1626 auctoritatis

1860 1669 2149 1724 coitionem
2175 1707 2190 1733 ,
2227 1667 2293 1721 ad
2324 1683 2489 1721 unum
2537 1681 2600 1721 ac
2633 1664 2804 1720 solum
2856 1664 3012 1719 nobis
3042 1663 3316 1718 Christum
3358 1664 3453 1716 ab-

1861 1759 2200 1825 solvendum,
2239 1758 2332 1828 qui
2365 1758 2504 1812 idem
2538 1755 2698 1811 simul
2729 1756 2870 1810 Deus
2898 1757 2967 1808 sit
2989 1765 3043 1809 et
3069 1756 3249 1808 homo.
3301 1755 3453 1809 Tunc

1861 1854 2004 1910 enim
2053 1851 2299 1923 profecto
2348 1851 2417 1904 ab
2457 1848 2576 1916 ejus
2627 1849 2730 1902 ﬁde
2757 1847 3020 1901 dimoveri
3074 1861 3295 1901 necesse
3343 1857 3448 1910 est,

1861 1947 2025 2002 etiam
2088 1947 2134 2001 si
2187 1959 2250 1998 ex
2291 1941 2497 1997 semine
2553 1938 2826 1993 Abraham
2885 1937 3179 1992 secundum
3221 1951 3446 1990 carnem

1862 2037 2216 2107 intelligatur.
2276 2034 2412 2088 Cum
2460 2045 2588 2085 vero
2624 2029 2790 2083 alium
2832 2038 2886 2084 et
2917 2029 3079 2082 alium
3108 2043 3229 2084 esse
3279 2029 3449 2092 dicas,

1865 2130 2126 2186 deindein
2159 2128 2308 2182 illum
2343 2127 2431 2197 qui
2456 2134 2540 2180 est
2573 2139 2639 2179 ex
2667 2125 2876 2179 semine
2917 2124 3107 2184 David,
3139 2124 3298 2177 ﬁdem
3327 2137 3451 2178 esse

1865 2220 2198 2275 aliercndam
2227 2217 2494 2282 allirmes,
2529 2227 2581 2272 te
2612 2220 2666 2271 in
2693 2205 2850 2270 tuum.
2876 2215 3043 2284 ipsius
3062 2223 3222 2283 caput
3247 2214 3452 2268 crimen

1864 2311 2099 2366 hominis
2137 2310 2347 2366 colendi
2385 2308 2753 2376 adorandique
2782 2307 3052 2371 conjicere
3083 2313 3232 2358 certo
3283 2305 3448 2368 scias,

1864 2406 2078 2460 tametsi
2109 2413 2253 2460 recte
2274 2405 2559 2458 admodum
2587 2402 2825 2470 refugias
2849 2415 2916 2454 ne
2934 2397 3257 2452 hominicola
3279 2397 3456 2450 videa-

1864 2499 1962 2553 ris.
1991 2497 2096 2551 Sed
2127 2511 2316 2565 parum
2339 2494 2629 2548 admodum
2661 2505 2858 2546 curans
2887 2490 2952 2543 de
2981 2498 3124 2542 recta
3157 2487 3452 2550 sententia,

1867 2585 2024 2639 aliter
2061 2599 2274 2653 quoque
2327 2583 2687 2638 calumniatur
2744 2580 2870 2633 illud
2923 2592 3176 2646 maguum
3234 2576 3460 2644 pietatis

1866 2684 2285 2731 sacramentum.
2342 2673 2571 2740 Subjicit
2630 2673 2772 2725 cnim
2817 2670 2960 2724 illico
3003 2683 3017 2720 :
3056 2667 3173 2736 Ipse
3224 2681 3458 2734 namque

1865 2767 2022 2823 nobis
2051 2768 2330 2840 promissa:
2374 2763 2773 2821 benedictionis
2803 2778 2871 2817 ex
2903 2760 3110 2816 semine
3137 2759 3246 2828 92
3278 2759 3458 2812 Abra-

1867 2859 1992 2914 ham
2015 2870 2096 2914 est
2127 2862 2327 2913 missus
2352 2897 2367 2921 ,
2409 2868 2664 2924 tanquam
2717 2869 2814 2923 pro
2845 2855 3023 2921 seipso
3053 2861 3102 2906 et
3133 2865 3331 2920 genere
3359 2865 3460 2904 suo

1869 2951 2112 3018 corporis
2157 2949 2240 3002 sui
2277 2948 2551 3002 victimam
2588 2948 2746 3000 simul
2799 2945 3051 2999 all‘erens.
3090 2943 3302 3012 Ergone
3344 2942 3460 3009 ipsc

1869 3052 2083 3108 quoque
2111 3037 2356 3092 ChriStns
2389 3035 2564 3088 factus
2589 3044 2671 3089 est
2714 3036 2814 3088 sub
2857 3042 3078 3100 peccato
3101 3070 3114 3093 ,
3149 3045 3245 3098 per
3293 3045 3456 3098 quem

1872 3146 1936 3186 os
1985 3130 2154 3198 ipsum
2211 3126 2415 3196 peccati
2452 3126 2735 3178 adversum
2773 3137 2871 3176 nos
2896 3121 3246 3184 obstruitur,
3277 3129 3335 3172 ut
3379 3126 3462 3173 cst

1875 3223 1928 3274 in
1983 3219 2215 3274 Psalmis
2258 3217 2301 3248 ¹⁹
2337 3217 2359 3270 ?
2395 3231 2597 3285 ergone
2658 3215 2828 3283 ipsam
2878 3226 3092 3281 quoque
3147 3211 3320 3264 lucem
3365 3225 3460 3260 ve-
3521 3253 3524 3258 .

1874 3326 1990 3364 ram
2048 3308 2399 3363 exsecranda:
2449 3307 2749 3374 iniquitatis
2800 3303 3037 3358 tenebrae
3069 3297 3463 3368 contigerunt?

1873 3415 2074 3472 ergone
2122 3401 2403 3456 uobiscum
2435 3399 2761 3468 ,redimente
2827 3405 2991 3463 atque
3051 3392 3293 3447 salvante
3326 3404 3462 3457 opus

1875 3492 2063 3546 habuit
2101 3491 2208 3554 ille,
2245 3506 2339 3559 per
2377 3503 2536 3558 quem
2582 3495 2664 3540 est
2712 3473 2892 3540 omnis
2933 3482 3230 3550 redemptio
3260 3490 3312 3533 et
3339 3494 3463 3548 spes

1875 3583 2063 3639 salutis
2094 3582 2406 3640 ?Convenit
2439 3579 2602 3648 igitur
2629 3577 2805 3632 eidem
2833 3615 2847 3638 ,
2879 3584 2935 3628 ut
2971 3584 3054 3628 est
3101 3586 3464 3640 consequens,

1877 3675 2154 3730 nobiscum
2204 3672 2403 3728 olferre
2461 3671 2758 3740 gratiarum
2815 3668 3098 3730 actiones,
3150 3680 3271 3718 cum
3320 3664 3466 3717 Deus

1875 3767 2019 3822 dicat
2049 3765 2248 3821 oblitus
2284 3763 2493 3832 injuriae
2523 3779 2536 3814 :
2581 3778 2599 3811 ι
2648 3760 2757 3828 Ego
2787 3773 2904 3811 sum
2945 3757 3034 3826 qui
3073 3757 3226 3812 deleo
3261 3756 3464 3823 iniqui-

1879 3866 2017 3911 tates
2087 3868 2238 3919 tuas,
2294 3862 2350 3908 et
2428 3869 2534 3907 non
2620 3849 3066 3914 recordahor“;
3106 3866 3127 3899 ι
3190 3849 3468 3902 accusabit

1877 3948 2040 4002 etiam
2096 3946 2292 4014 ipsum,
2354 3953 2415 3998 ut
2459 3957 2557 3997 nos
2593 3950 2833 4005 accusat,
2881 3939 2969 3993 ille
3028 3949 3179 4006 pater
3233 3937 3462 4005 peccati.

1878 4037 2030 4105 Quod
2054 4035 2099 4091 si
2133 4037 2204 4090 ita
2236 4043 2337 4100 est,
2373 4033 2642 4102 quomodo
2667 4047 2774 4085 non
2816 4029 3106 4084 mentietur
3132 4043 3253 4081 cum
3283 4026 3414 4080 dicit
3445 4044 3462 4080 :

1884 4146 1904 4180 ι
1941 4127 2102 4182 Venit
2138 4125 2388 4195 princeps
2437 4122 2622 4176 mundi
2666 4119 2842 4186 hujus,
2897 4129 2951 4174 et
2993 4119 3046 4170 in
3095 4130 3182 4171 me
3226 4115 3466 4170 inveniet

1877 4217 2014 4273 nihil
2042 4218 2084 4249 ¹²
2118 4217 2141 4271 ?
2181 4235 2200 4269 ι
2252 4215 2392 4269 Olim
2427 4211 2782 4268 contumelias
2834 4208 2886 4262 in
2940 4223 3061 4263 eum
3118 4206 3468 4276 coniecerunt

1879 4311 2041 4364 etiam
2121 4307 2195 4362 illi
2278 4304 2582 4376 Synagogze
2643 4301 2950 4356 Judteorum
3000 4297 3258 4367 praesides
3295 4313 3308 4350 :
3343 4313 3467 4351 nam

240 4387 485 4456 φημήκασε
515 4405 654 4442 ποτε
702 4389 824 4441 κατ’
867 4388 1054 4452 αὑτοῦ,
1089 4391 1183 4442 καὶ
1215 4393 1311 4459 τῆς
1349 4390 1614 4444 Ἰουδαίων
1655 4407 1766 4444 συν-

1882 4416 2002 4456 ειιιιι
2065 4399 2282 4454 invidia:
2338 4395 2540 4452 aculeis
2596 4393 3100 4456 exstimularentur,
3143 4390 3282 4458 quod
3326 4403 3468 4460 pra:-

235 4477 426 4546 αγωγῆς
469 4479 518 4530 οἱ
544 4479 985 4549 προεστηκότες·
1016 4479 1205 4551 ἐπειδὴ
1241 4482 1350 4551 γὰρ
1387 4485 1500 4545 τοῖς
1522 4481 1616 4534 τοῦ
1647 4481 1776 4550 φθό-

239 4582 310 4616 νου
335 4566 495 4634 βέλεσι
519 4568 951 4638 ,κατετρύχοντο,
985 4567 1453 4640 τεθεραπευμένον
1498 4571 1777 4642 ἀδοκήτως

237 4654 431 4722 ὁρῶντες
480 4659 569 4710 τὸν
597 4660 667 4709 ὲκ
700 4657 925 4726 γενετῆς
969 4657 1188 4726 τυφλὸν,
1239 4660 1468 4721 ἀνοσίως
1500 4659 1740 4727 ἔφασκον
1760 4676 1775 4690 ·

244 4765 257 4794 ι
283 4749 362 4811 Δὸς
399 4749 549 4813 δόξαν
589 4748 672 4818 τῷ
699 4747 816 4816 Θεῷ
835 4763 848 4776 ·
889 4749 1052 4816 ἡμεῖς
1099 4748 1339 4816 οἴδαμεν,
1367 4750 1448 4801 ὅτι
1477 4745 1629 4813 οὗτος
1681 4749 1778 4803 ἄν·

238 4835 417 4903 ϐρωπος
463 4840 792 4913 ἁμαρτωλός
820 4843 987 4891 ἐστιν.
1023 4859 1042 4890 ι
1083 4842 1140 4894 '0
1183 4841 1238 4892 δέ
1284 4857 1348 4909 γε
1404 4841 1604 4913 Κύριος
1627 4842 1785 4912 ήμῶν

246 4929 417 4996 iam];
442 4933 704 5003 Χριστὸς,
748 4931 1251 5002 ἀθυροστομοῦντας
1290 4931 1529 5003 ἐλέγχων
1558 4932 1783 5004 διαρρή-

238 5016 316 5086 δην
338 5024 563 5090 ἔφασκε·
596 5045 616 5077 ι
655 5026 753 5088 Τίς
795 5025 856 5090 ἐξ
885 5028 1039 5096 ὑμῶν
1083 5027 1295 5095 ἐλέγχει
1327 5043 1393 5096 με
1439 5025 1568 5095 περὶ
1600 5026 1784 5096 ἀμαρ-

239 5111 359 5177 τί²;;
385 5118 442 5170 Εἰ
473 5117 529 5170 δὲ
556 5118 820 5187 ἀλήθειαν
853 5119 1017 5186 λέγω,
1043 5118 1183 5171 διατι
1219 5120 1376 5189 ὑμεῖς
1401 5119 1462 5171 οὺ
1493 5119 1783 5172 πιστεύετέ

240 5216 338 5269 μοις
369 5225 385 5255 ι
415 5210 623 5264 Ούκοῧν
647 5212 696 5262 εἰ
744 5210 1150 5281 προσκεκόμικε
1177 5210 1273 5282 τὴν
1312 5190 1523 5276 (iusim,
1554 5211 1697 5282 ὑπέρ
1727 5229 1788 5264 τε

293 5358 332 5391 ⁸⁸
365 5362 505 5419 Psal.
539 5381 648 5430 ενι,
684 5365 776 5419 49..
856 5366 898 5397 ¹¹
939 5365 1039 5422 Isa.
1066 5381 1222 5433 mu,
1255 5365 1345 5419 ‘25.

1425 5367 1468 5398 “
1505 5365 1640 5422 Joau
1677 5382 1786 5434 nv,
1816 5367 1928 5423 50..

1883 4501 1968 4546 ter
1998 4491 2304 4560 opinionem
2333 4499 2578 4543 curatum
2630 4484 2883 4538 videbant
2935 4481 3084 4536 illum
3122 4495 3152 4534 a
3190 4481 3471 4536 nativitate

1887 4596 2125 4646 ca'cum,
2179 4580 2341 4648 impie
2391 4577 2689 4634 dicebant:
2735 4593 2754 4625 ι
2796 4574 2871 4626 Da
2924 4573 3148 4642 gloriam
3184 4571 3339 4638 Deo;
3371 4587 3470 4628 nos

1886 4672 2109 4736 scimus,
2157 4673 2282 4739 quia
2335 4671 2436 4723 iste
2484 4668 2646 4723 homo
2687 4675 2940 4736 peccator
2963 4675 3046 4720 est
3075 4663 3118 4695 ³³
3146 4701 3161 4716 .
3191 4681 3210 4713 ι
3247 4663 3315 4716 At
3341 4677 3470 4717 vero

1888 4763 2148 4817 Dominus
2197 4771 2382 4815 noster
2430 4758 2587 4814 Jesus
2625 4758 2873 4814 Christus
2918 4756 3261 4812 oblocutores
3309 4767 3470 4806 coar-

1885 4867 2075 4924 guens,
2107 4860 2291 4922 aperte
2323 4849 2535 4906 dicebat
2565 4864 2582 4902 :
2617 4865 2635 4899 ι
2668 4847 2801 4914 Quis
2851 4860 2919 4901 ex
2959 4845 3112 4899 vobis
3165 4840 3346 4910 arguit
3385 4853 3483 4893 [ηερ

1885 4946 1950 4998 de
1998 4943 2265 5014 peccato?
2310 4942 2366 4996 Si
2423 4940 2708 4996 veritatem
2764 4938 2906 5002 dico,
2941 4949 3110 5005 quare
3145 4946 3251 4986 non
3291 4930 3498 5000 credi—~

1887 5033 1955 5085 tis
1983 5033 2114 5086 mihi
2154 5031 2198 5063 ³³
2228 5032 2252 5085 ’ἰ
2279 5031 2492 5100 i—igilur
2540 5029 2586 5084 si
2619 5028 2816 5084 obtulit
2861 5026 3090 5079 hostiam
3143 5034 3250 5074 non
3297 5016 3470 5070 solum

1888 5136 1988 5191 pro
2021 5122 2208 5185 nobis,
2241 5137 2426 5176 verum
2453 5120 2617 5175 etiam
2652 5134 2751 5189 pro
2780 5133 2838 5172 se
2873 5119 3008 5185 ipso,
3043 5113 3230 5182 utique
3285 5124 3473 5162 neccs-
3507 5187 3516 5195 1

1893 5213 2038 5267 sario
2062 5213 2150 5267 illa
2176 5211 2402 5282 indiguit
2423 5253 2437 5278 ,
2469 5219 2526 5264 ut
2547 5211 2708 5267 etiam
2737 5222 2836 5263 nos
2864 5206 2955 5275 qui
2984 5204 3083 5259 sub
3103 5204 3234 5274 iugo
3261 5205 3478 5274 peccati

2008 5367 2051 5399 ⁸³
2088 5366 2245 5422 Joan.
2273 5384 2350 5437 ix,
2388 5367 2479 5422 2i.
2560 5367 2603 5399 ιδ
2641 5365 2800 5420 Joan.
2838 5379 2956 5430 vut,
2987 5363 3078 5419 46.

1471 5520 1627 5578 ΑΝΤ.
1670 5521 1945 5579 AGELLII
1986 5521 2218 5581 NOTAE.

291 5651 397 5726 (ἥ)
434 5653 655 5712 Videtur
685 5656 987 5728 legendum,
1022 5657 1082 5710 τὸ
1116 5655 1237 5711 καθ’
1267 5657 1440 5728 ἡμῶν.
