4004 6202
503 340 608 399 165

1011 316 1046 349 ⁸
1102 375 1110 385 ,
1491 327 1551 383 s.
1590 325 1866 383 crmLLt
1907 326 2379 383 ALEXANDRINI
2417 324 2736 382 ARClllEP.

3657 330 3757 383 16$

502 465 707 510 sumus.
739 449 916 518 Argue
949 444 1114 516 igitur
1143 443 1293 498 illum
1320 443 1386 498 de
1421 454 1640 513 peccato
1676 462 1690 498 :
1726 444 1772 498 si
1795 445 2076 499 nobiscum

2191 445 2338 516 ἡμῶν
2369 443 2569 509 αὐτῶν,
2610 443 2704 496 καλ⁸
2737 444 2962 513 προσέτι
3002 445 3095 496 καὶ
3123 443 3340 508 ἑαυτοῦ,
3376 444 3624 516 δεδέηταί
3656 467 3796 518 που,

504 538 846 601 sacrificavit,
867 536 1094 591 ostende
1122 533 1278 589 simul
1305 533 1467 589 etiam
1491 535 1770 589 nobiscum
1801 549 2074 604 peccasse.

502 636 693 688 Pastor
710 629 799 683 ille
819 629 989 682 bonus
1013 641 1108 696 pro
1125 639 1355 695 quonam
1383 625 1560 694 posuit
1585 625 1817 678 animam
1841 639 1992 679 suam
2009 624 2074 690 ¹’¹,

401 758 406 763 -
503 737 599 791 pro
629 734 720 785 se,
755 735 819 773 an
851 733 949 787 pro
984 717 1095 771 suis
1123 715 1366 770 ovibus?
1395 713 1574 768 Audio
1611 715 1758 768 lllum
1809 715 2075 768 dicentem

503 816 567 867 de
598 810 752 865 nobis
785 829 798 864 :
837 827 856 860 ι
884 807 985 861 Pro
1017 808 1144 876 ipsis
1181 821 1282 874 ego
1320 805 1598 860 sanctiﬂco
1639 805 1902 880 meipsum
1929 805 1974 836 ¹⁶
2003 821 2019 871 ;
2054 823 2072 855 ο

503 915 588 968 et,
622 913 680 957 ut
705 901 878 970 inquit
910 899 1307 981 beatusftaultts
1338 915 1352 951 :
1383 915 1402 949 ι
1438 896 1624 952 Gratia
1659 896 1750 950 Dei
1780 912 1875 966 pro
1907 895 2081 950 omni-

503 997 604 1050 bus
655 991 891 1061 gustavit
927 1001 1155 1043 mortem
1189 990 1230 1020 "
1266 1004 1280 1053 ;
1319 1006 1339 1039 ι
1387 997 1438 1041 et
1483 987 1677 1041 iterum
1715 1004 1728 1039 :
1772 1006 1792 1037 ‹
1828 985 2081 1039 Traditus

505 1093 589 1139 cst
637 1092 856 1151 propter
900 1079 1095 1134 delicta
1146 1087 1369 1141 nostra,
1401 1085 1458 1130 et
1509 1077 1812 1130 resurrexit
1863 1085 2084 1146 pr0pter

501 1172 941 1243 jttstiﬁcationem
1002 1177 1244 1223 nostram
1285 1168 1328 1199 ⁸³
1363 1183 1378 1233 ;
1425 1185 1444 1219 ι
1481 1176 1536 1221 et
1564 1169 1702 1222 sicut
1731 1166 1861 1220 dicit
1914 1165 2083 1220 Isaias

509 1265 767 1333 propheta
800 1277 819 1314 :
855 1279 874 1311 ι
913 1259 1205 1326 Disciplina
1255 1258 1401 1328 pacis
1431 1266 1634 1312 nostra:
1669 1273 1830 1326 super
1854 1273 1998 1323 eum,
2029 1265 2084 1310 et

508 1354 680 1407 livore
711 1351 831 1419 ejus
863 1350 1038 1405 sanati
1067 1364 1254 1404 sumus
1285 1349 1329 1380 ¹⁹
1363 1366 1376 1414 ;
1421 1366 1440 1400 ι
1478 1363 1584 1402 non
1628 1348 1743 1418 ipse
1776 1362 1887 1402 sua:
1917 1347 2084 1417 ipsius

509 1444 685 1498 carnis
744 1442 994 1512 passione
1054 1441 1229 1495 obiter
1276 1449 1358 1495 est
1401 1450 1644 1494 curatus.
1693 1438 1948 1492 Traditus
2003 1447 2085 1493 est

508 1545 728 1606 propter
776 1533 972 1588 delicta
1017 1541 1234 1595 nostra,
1268 1545 1375 1585 non
1425 1537 1642 1599 prOpter
1686 1544 1779 1583 sua
1819 1545 1833 1596 ;
1867 1529 2086 1582 minime

509 1626 748 1678 onmium
790 1645 802 1679 :
844 1634 1091 1678 naturam
1129 1636 1359 1690 namque
1386 1621 1620 1675 hominis
1640 1633 1828 1673 omnes
1853 1617 2086 1672 fatemur

509 1731 575 1768 ex
606 1713 693 1767 illa
727 1714 780 1767 in
823 1714 993 1766 Adam
1027 1712 1452 1778 transgressione
1474 1712 1525 1764 in
1561 1710 1990 1764 maledictioncm
2021 1723 2086 1762 ac

513 1814 741 1857 mortem
803 1803 968 1857 fuisse
1014 1802 1340 1868 devolutam,
1373 1802 1439 1854 ad
1472 1802 1586 1856 haec
1616 1801 1890 1855 laborasse
1923 1802 2084 1855 etiam

509 1895 774 1948 facilitate
840 1895 1094 1962 peccandi
1156 1894 1210 1948 in
1262 1907 1460 1957 carne,
1493 1901 1552 1947 ut
1597 1892 1915 1962 justiﬁcatio
1959 1893 2090 1962 legis

511 1987 619 2058 93
655 1985 967 2055 impleretur
998 1987 1054 2039 in
1103 1985 1282 2050 nobis,
1329 1986 1420 2053 qui
1475 1999 1581 2039 non
1622 1987 1917 2039 secundum
1963 2000 2088 2040 car-

517 2096 638 2134 nem
676 2078 1037 2143 ambulamus,
1081 2077 1174 2132 sed
1221 2076 1515 2131 secundum
1565 2077 1811 2146 spiritum
1839 2077 1884 2109 ²⁰
1915 2093 1928 2128 :
1965 2091 2088 2130 nam

518 2179 802 2239 propterea
858 2168 1184 2223 novissimus
1232 2167 1402 2221 Adam
1457 2177 1540 2221 est
1597 2167 1926 2237 appellatus,
1982 2182 2089 2221 non

517 2261 662 2330 quod
695 2259 895 2329 prioris
934 2259 1078 2314 illius
1110 2260 1255 2313 vitiis
1301 2257 1582 2326 laborarit,
1612 2261 1704 2313 sed
1734 2243 1966 2328 quod'in
2001 2275 2088 2314 se-

519 2353 654 2419 ipso,
690 2360 744 2404 et
770 2351 983 2419 quidem
1014 2351 1208 2420 primo,
1239 2351 1473 2406 hominis
1495 2360 1742 2404 naturam
1779 2361 2090 2420 transgres-

517 2441 686 2494 sionis
707 2441 851 2495 illius
874 2444 1075 2495 veteris
1099 2443 1326 2496 crimine
1355 2441 1596 2496 liberarit
1627 2458 1640 2494 :
1669 2442 1916 2510 quamvis
1946 2443 2090 2496 enim

518 2532 606 2584 illa
635 2529 796 2584 fuerit
833 2531 884 2583 in
936 2520 1104 2583 Adam
1161 2531 1436 2592 damnata,
1488 2539 1544 2582 at
1587 2539 1734 2584 certe
1783 2530 1835 2582 in
1873 2529 2092 2584 Christo

518 2622 902 2690 probatissima
925 2629 976 2675 et
1012 2619 1282 2690 imprimis
1307 2620 1644 2675 admirabilis
1685 2623 1956 2690 apparuit.
1995 2620 2093 2675 Est

519 2729 650 2783 ergo
671 2713 761 2767 ille
788 2713 1002 2782 quidem
1027 2720 1294 2775 terrenus,
1321 2712 1572 2765 Christus
1597 2725 1724 2764 vero
1748 2712 1987 2766 cmlestis
2006 2713 2050 2742 ²¹
2073 2729 2088 2766 :

519 2815 573 2859 et
597 2805 726 2859 licet
755 2803 900 2874 lapsa
931 2802 1002 2858 sit
1031 2804 1084 2856 in
1126 2802 1216 2856 illo
1245 2802 1449 2872 priore,
1484 2810 1538 2854 et
1572 2803 1638 2856 ad
1671 2803 2089 2856 inobedientiam

518 2895 750 2963 dt-jecta,
775 2895 919 2963 quod
947 2901 1032 2947 est
1071 2901 1372 2962 peccatum,
1407 2900 1584 2945 tamen
1621 2901 1820 2945 statum
1852 2907 1881 2944 a
1914 2900 2092 2947 trans-

519 2987 799 3056 gressione
842 2985 1066 3039 liberum
1103 2987 1154 3039 in
1191 2984 1406 3040 Christo
1438 2985 1713 3048 servavit,
1746 2993 1800 3038 et
1835 2994 2089 3054 tanquam

520 3081 574 3133 in
605 3079 775 3134 altero
807 3078 975 3132 nostri
1004 3078 1219 3149 generis
1259 3077 1418 3132 initio
1447 3091 1475 3130 a
1512 3077 1717 3146 peccati
1753 3077 1974 3132 vulnere
2010 3078 2093 3131 in-

2187 537 2403 598 πάντως
2449 535 2762 602 ἀναγκαίως
2809 535 2998 604 αὑτῆς,
3045 534 3187 588 καθὰ
3239 538 3334 590 καὶ
3365 538 3524 607 ἡμεῖς
3569 541 3617 593 οἱ
3658 543 3757 598 {me

2187 627 2348 696 ζυγὸν
2379 627 2675 697 ἁμαρτίας.
2715 625 2972 692 Ἔλεγξον
3005 625 3182 678 τοίνυν
3222 627 3386 681 αὑτὸν
3429 630 3558 696 περὶ
3584 632 3756 704 ἁμαρ.

2185 719 2304 780 τίας
2327 732 2340 746 ⁸
2375 719 2423 770 εί
2453 717 2647 770 τέθυκε
2669 716 2725 768 δὲ
2759 716 2877 786 μεθ’
2907 715 3083 787 ἡμῶν,
3121 717 3291 784 δεῖξον
3322 720 3453 788 ἡμῖν
3485 737 3766 793 συνημαρ-

2185 808 2411 878 τηκότα.
2443 808 2656 878 Ποιμὴν
2681 807 2939 876 ὑπάρχων
2965 805 3186 874 ἀγαθὸς.
3215 807 3354 877 ὑπὲρ
3380 809 3523 871 τίνος
3551 810 3768 864 τέθεικε

2188 899 2286 970 τὴν
2322 899 2457 951 ίδίαν
2495 899 2705 969 ψυχήν;
2733 899 2874 967 ὑπὲρ
2905 897 3096 949 ἑαυτοῦ
3145 899 3364 966 μᾶλλον,
3396 899 3428 970 ἢ
3463 901 3601 970 ὑπὲρ
3657 902 3769 953 τῶν

2189 989 2513 1058 προῦάτων;
2544 988 2754 1041 ἰὶκοὺω
2779 987 3027 1056 λέγοντος
3055 989 3181 1056 περὶ
3213 987 3396 1057 ἡμῶνο
3429 1007 3447 1040 ι
3478 989 3647 1060 ’Υπὲρ
3669 992 3772 1043 αὖα

2187 1082 2296 1134 τῶν
2327 1080 2438 1149 ἐγὼ
2466 1076 2675 1148 ἁγιάζω
2720 1079 2953 1150 ἐμαυτόν
2976 1095 2990 1112 ο
3034 1098 3052 1130 ι
3089 1079 3183 1132 καὶ
3216 1079 3358 1132 καθά
3409 1098 3572 1151 φησιν
3614 1082 3642 1132 6
3681 1083 3774 1135 θε-

2191 1173 2409 1234 σπέσιος
2462 1172 2692 1233 Παῦλος,
2727 1189 2744 1222 t
2782 1170 2981 1238 Xa'tpm
3019 1169 3153 1222 Θεοῦ
3187 1170 3327 1240 ὑπὲρ
3369 1171 3565 1234 παντὸς
3610 1171 3773 1240 ἐγεύ-

2193 1281 2324 1318 σατο
2372 1263 2642 1316 θανάτουο
2687 1281 2706 1314 ι
2761 1261 2856 1314 καὶ
2910 1260 3107 1326 πάλιν,
3153 1281 3171 1312 ι
3224 1262 3499 1332 Παρεδόθη
3557 1263 3643 1315 διὰ
3698 1264 3772 1317 τὰ

2192 1350 2614 1423 παραπτώματα
2648 1349 2823 1420 ἡμῶν,
2853 1350 2948 1402 καὶ
2988 1349 3196 1420 ἠγέρθη
3233 1350 3320 1402 διὰ
3361 1350 3458 1420 τὴν
3482 1350 3771 1404 δικαίωσιν

2191 1441 2379 1512 ἡμῶν⁸
2421 1460 2438 1492 ι
2471 1441 2566 1492 καὶ
2591 1439 2732 1492 καθά
2751 1439 2962 1511 φησινρ
2989 1442 3272 1509 προφήτης
3307 1439 3553 1505 Ἡσαΐας,
3587 1459 3606 1491 t
3643 1443 3775 1495 Παι-

2191 1532 2307 1585 δεία
2356 1513 2576 1601 είρήνης
2613 1529 2768 1600 ἡμῶν
2823 1529 2911 1581 ἐπ’
2954 1529 3137 1592 αὑτὸν,
3186 1528 3264 1598 τῷ
3317 1527 3544 1598 μώλωπι
3599 1531 3770 1584 αὑτοῦ

2190 1623 2354 1692 ἡμεῖς
2398 1621 2662 1691 ίάθημεν·
2705 1638 2723 1670 ι
2766 1620 2865 1671 οὑκ
2913 1619 3074 1681 αὑτὸς
3103 1619 3163 1672 τὸ
3193 1618 3301 1690 [ίσ.
3344 1620 3444 1690 τῷ]
3500 1621 3598 1690 τῆς
3631 1622 3776 1685 ἰδίας

2196 1713 2395 1783 σαρκὸς
2418 1709 2938 1782 παραθεραπεὺεται
2967 1710 3148 1762 πάθει.
3175 1710 3452 1781 ΙΙαρεδόθη
3474 1711 3561 1764 διά
3581 1711 3649 1764 τά
3672 1731 3778 1765 παι

2120 1842 2161 1895 Β
2197 1799 2539 1873 ραπτώματα
2579 1801 2737 1870 ἡμῶν
2760 1815 2772 1828 ·
2801 1801 2860 1852 οὑ
2890 1799 2978 1852 διὰ
3009 1817 3072 1867 γε
3103 1800 3171 1853 τὰ
3216 1802 3408 1854 ἑαυτοῦ
3429 1817 3442 1829 ·
3477 1802 3674 1854 πολλοῦ
3705 1820 3775 1871 γε

2191 1895 2285 1946 καὶ
2305 1893 2417 1944 δείο
2445 1893 2839 1962 κατενήνεκται
2868 1893 2964 1960 μὲν
2995 1892 3104 1962 γάρ
3132 1892 3580 1961 ὁμολογουμένως
3613 1896 3646 1962 ὴ
3677 1896 3776 1946 ἁν-

2191 1984 2411 2054 θρώπου
2441 1984 2602 2052 φύσις
2625 1986 2690 2036 ἐκ
2713 1986 2810 2054 τῆς
2839 1985 2896 2036 ὲν
2934 1983 3105 2053 Ἀδὰμ
3134 1967 3498 2051 παραϐάσεως
3525 1987 3602 2047 είς
3629 1985 3777 2054 ἀρὰν

2190 2077 2286 2129 καὶ
2315 2075 2544 2128 θάνατον
2565 2091 2578 2104 ο
2612 2073 3041 2146 κατηρρώστησε
3068 2073 3124 2126 δὲ
3161 2073 3300 2144 πρὸς
3329 2074 3538 2137 τούτοις
3586 2077 3679 2128 καὶ
3710 2076 3777 2130 τὸ

2191 2165 2410 2218 εὔκολον
2423 2167 2500 2228 είς
2524 2167 2795 2236 ἁμαρτίαν
2813 2167 2870 2218 ὲν
2891 2167 2956 2234 τῇ
2973 2165 3135 2235 σαρκί
3155 2181 3167 2192 ⁸
3195 2165 3281 2218 ἵνα
3301 2165 3359 2218 τὸ
3378 2165 3651 2236 δικαίωμα
3673 2167 3775 2220 τοῦ

2192 2257 2360 2326 νόμου
2389 2256 2652 2327 πληρωθῇ
2680 2253 2889 2325 ένήμῖν
2916 2259 3026 2318 τοῖς
3054 2255 3128 2326 μὴ
3159 2256 3300 2309 κατὰ
3320 2258 3498 2327 σάρκα
3532 2275 3775 2328 περιπα-

2190 2350 2395 2418 totis-tv,
2411 2347 2546 2399 ἀλλὰ
2567 2347 2706 2400 κατὰ
2732 2346 3366 2418 πνεῦμα.Κεχρημὰτικε
3388 2349 3496 2420 γὰρ
3510 2350 3596 2402 διὰ
3621 2350 3774 2402 τοῦτο

2192 2440 2285 2492 καὶ
2314 2438 2542 2507 ἔσχατος
2582 2437 2752 2506 Ἀδάμ
2773 2453 2785 2466 ο
2810 2439 2869 2488 οὑ
2903 2439 2971 2489 τὰ
3005 2437 3096 2490 τοῦ
3135 2437 3350 2506 πρώτου
3378 2442 3551 2492 νοσεῖν
3579 2440 3777 2510 ἀνεχό-

2195 2546 2374 2598 μενος,
2411 2527 2767 2580 ἀπαλλάττων
2810 2527 2867 2580 δὲ
2917 2527 3114 2596 μᾶλλον
3162 2529 3237 2591 ὡς
3280 2531 3335 2580 ὲν
3363 2529 3536 2597 ἑαυτῷ
3568 2546 3626 2579 τε
3669 2533 3772 2583 καὶ

2194 2618 2394 2690 πρώτῳ
2447 2619 2544 2688 τὴν
2586 2617 2875 2689 ἀνθρώπου
2925 2618 3086 2688 φύσιν
3128 2621 3234 2671 τῶν
3281 2621 3343 2671 ὲκ
3393 2619 3769 2688 παραϐάσεως

2191 2710 2423 2780 ἀρχαίας
2452 2710 2666 2778 ἐκείνης
2699 2709 3068 2778 αίτιαμάτων’
3117 2708 3472 2779 κατεγνώσθη
3520 2711 3620 2779 μὲν
3654 2710 3768 2782 γὰρ

2195 2802 2403 2871 Ἀδάμο
2467 2801 2582 2854 ἀλλ’
2625 2800 2782 2870 ὤφθη
2823 2799 3166 2870 δοκιμωτὰτη
3199 2801 3293 2853 καὶ
3334 2800 3669 2870 ἁξιάγαστος
3708 2805 3772 2856 ὲν

2192 2892 2436 2962 Χριστῷ.
2469 2891 2662 2954 Χοῐκδς
2704 2887 2798 2944 οὖν
2835 2893 3074 2959 ἐκεῖνος,
3121 2893 3445 2962 ἐπουράνιος
3483 2893 3541 2945 δὲ
3571 2895 3600 2946 6
3635 2894 3774 2964 Χρι-

2195 2983 2337 3046 στός.
2374 2983 2481 3034 Καὶ
2523 2983 2794 3054 ὲνετράπη
2848 2983 2946 3053 μὲν
2990 2986 3046 3036 ὲν
3089 2981 3168 3052 τῷ
3201 2983 3424 3053 πρώτῳ,
3467 3000 3776 3055 κατακομι-

2195 3072 2378 3125 σθεῖσα
2411 3073 2547 3144 πρὸς
2576 3073 2883 3144 παρακοὴν,
2929 3075 3066 3144 ὅπερ
3099 3073 3248 3126 ἐστὶν
3297 3075 3583 3145 ἁμαρτία’
3611 3078 3775 3146 τετή-

518 3181 668 3241 tegra
701 3171 984 3241 apparuit,
1018 3179 1073 3225 et
1115 3169 1493 3223 maledictione
1537 3169 1992 3237 damnationeque
2037 3177 2088 3224 et

2198 3179 2332 3232 ρηκε
2361 3162 2416 3215 δὲ
2454 3163 2517 3216 τὸ
2560 3163 2915 3233 ἀπαράϐατον
2946 3164 3004 3217 ὲν
3048 3163 3290 3234 Χριστῷ,
3337 3164 3430 3216 καὶ
3463 3163 3537 3228 ὡς
3579 3166 3636 3219 ὲν
3665 3167 3775 3218 ἀπ-

521 3273 692 3318 morte
717 3272 878 3330 atque
901 3261 1246 3329 corruptione
1275 3259 1558 3314 valentior.
1588 3259 1885 3313 Conﬁrmat
1907 3267 2088 3314 autem

520 3369 622 3410 nos
663 3357 852 3407 beatus
883 3351 1105 3416 Paulus,
1137 3350 1227 3418 qui
1273 3350 1352 3404 sic
1401 3350 1664 3420 scripsit:
1700 3368 1718 3402 ι
1755 3350 1907 3404 Sicut
1947 3352 2092 3405 enim

521 3461 620 3514 per
649 3443 1065 3498 inobedientiam
1095 3442 1254 3496 unius
1287 3441 1521 3496 hominis
1547 3452 1859 3512 peccatores
1889 3443 2093 3496 consti-

522 3535 621 3589 tuti
653 3543 779 3589 sunt
811 3533 997 3588 multi:
1031 3533 1104 3587 ita
1134 3542 1188 3586 et
1224 3549 1317 3602 per
1347 3534 1509 3588 unius
1565 3533 1927 3588 obedientiam
1962 3533 2093 3603 justi

522 3625 925 3682 constituentur
959 3625 1112 3678 multi
1150 3625 1216 3676 ’⁸.
1254 3643 1272 3674 ι
1304 3603 1512 3692 lndiget
1560 3624 1723 3692 igitur
1770 3623 1946 3678 hostia
1996 3639 2095 3694 pro

521 3718 636 3772 suis
695 3717 904 3771 delictis
955 3714 1220 3785 quisquis
1256 3715 1460 3784 peccati
1523 3723 1672 3768 reatu
1727 3723 1979 3769 tenetur:
2037 3723 2094 3770 et

522 3807 715 3862 obtulit
739 3807 972 3873 seipsum
1008 3804 1256 3859 Christus
1289 3817 1388 3871 pro
1419 3817 1616 3872 genere
1641 3803 1936 3857 secundum
1969 3817 2094 3857 car-

522 3915 664 3965 nem,
721 3900 822 3954 hoc
854 3906 957 3962 est,
1007 3911 1104 3966 pro
1151 3898 1325 3961 nobis,
1378 3912 1484 3952 non
1536 3907 1716 3951 autem
1750 3911 1848 3965 pro
1891 3895 2094 3964 seipso,

522 4008 643 4047 cum
684 3998 907 4060 peccato
944 3991 1190 4058 superior
1224 3996 1402 4054 esset,
1439 3996 1624 4058 utpote
1660 3989 1802 4042 Deus
1827 4025 1842 4050 ,
1889 4001 2011 4040 nam
2049 3985 2095 4040 si

521 4089 738 4151 propter
784 4094 843 4134 se
891 4088 976 4133 est
1006 4078 1349 4144 immolatus,
1389 4090 1518 4146 ergo
1557 4089 1663 4129 non
1705 4073 1804 4129 soli
1845 4088 1942 4127 nos
1978 4070 2097 4139 ejus

521 4173 782 4243 sanguine
815 4171 978 4238 empti
1005 4184 1191 4223 sumus
1212 4169 1282 4234 ³³,
1317 4170 1611 4223 secundum
1641 4164 1973 4234 Scripturas,
2001 4163 2098 4217 sed

2195 3253 2338 3322 αρχῇ
2364 3251 2594 3323 δευτέρα
2628 3251 2723 3305 τοῦ
2757 3253 2971 3320 γένους,
3005 3252 3161 3322 ὤφθη
3205 3271 3264 3305 τε
3299 3253 3547 3323 ἄτρωτος
3587 3257 3772 3327 ἁμαρ-

2195 3341 2361 3404 τίαις,
2397 3341 2492 3392 καὶ
2518 3340 2784 3409 κρείττων
2811 3342 2952 3412 ἀρᾶς
2975 3342 3069 3393 καὶ
3105 3341 3261 3410 δίκης
3290 3343 3386 3394 καὶ
3415 3343 3644 3397 θανάτου
3676 3346 3774 3399 καὶ

2197 3433 2425 3503 φθορᾶς.
2459 3434 2836 3504 Προσεμπεδοῖ
2867 3434 2924 3486 δὲ
2953 3435 3099 3505 ἡμᾶς
3125 3437 3153 3488 6
3190 3435 3498 3504 σοφώτατος
3525 3436 3736 3499 Παῦλος
3754 3477 3772 3502 ,

2196 3523 2295 3576 ώδὶ
2321 3523 2615 3592 γεγραφώς
2636 3539 2650 3552 ο
2691 3542 2710 3575 ‹
2745 3524 2957 3596 Ὠσπερ
2986 3525 3093 3595 γάρ
3121 3524 3208 3578 διὰ
3239 3525 3338 3595 τῆς
3367 3528 3653 3597 παρακοῆς
3675 3527 3775 3581 τοῦ

2197 3615 2315 3678 ἑνὸς
2344 3614 2635 3686 ἀνθρώπου
2686 3616 3006 3687 ἀμαρτωλώ⁸
3050 3619 3461 3687 κατεστάθησαν
3489 3619 3537 3670 οί
3564 3618 3774 3687 πολλοὶ,

2194 3705 2340 3760 οὑτω
2367 3709 2464 3762 καὶ
2515 3707 2605 3761 διὰ
2650 3708 2750 3780 τῆς
2783 3709 3029 3778 ὑπακοῆς
3071 3707 3164 3761 τοῦ
3209 3709 3346 3775 ἐνὸς,
3381 3710 3573 3764 δίκαιοι
3605 3728 3777 3764 κατα-

2199 3798 2558 3872 σταθήσονται
2597 3802 2646 3854 οί
2681 3801 2886 3857 πολλοί.
2921 3821 2940 3853 ι
2977 3804 3158 3855 Δεῖται
3197 3802 3260 3874 δὴ
3294 3797 3386 3856 οὗν
3421 3804 3630 3871 θυσίας,
3672 3805 3779 3876 τῆς

2199 3892 2338 3962 ὑπέρ
2367 3909 2430 3961 γε
2455 3892 2562 3945 τῶν
2593 3892 2738 3947 ἰδίων
2761 3893 3279 3965 πλημμελημάτων,
3299 3897 3403 3958 πᾶς
3424 3895 3477 3948 εί
3498 3912 3580 3958 τις
3612 3897 3781 3964 γέγοο

2196 4001 2287 4037 νεν
2317 3983 2597 4055 ἁμαρτίας
2629 3984 2809 4054 ἔνοχος
2834 4001 2846 4015 ·
2879 3987 2971 4038 καὶ
3015 3987 3419 4058 προσκεκόμικε
3453 3989 3552 4056 μὲν
3581 3988 3782 4041 ἑαυτὸν

2195 4077 2224 4129 ὁ
2255 4075 2486 4146 Χριστὸς
2514 4077 2653 4147 ὑπὲρ
2686 4075 2780 4129 τοῦ
2828 4077 2971 4130 κατὰ
3005 4077 3185 4150 σάρκα
3213 4079 3404 4147 γένους
3427 4117 3442 4142 ,
3473 4079 3782 4144 τουτέστιν,

2197 4167 2340 4238 ὑπὲρ
2398 4167 2588 4236 ήμῶνο
2661 4166 2802 4238 ὑπὲρ
2869 4165 3065 4220 ἑαυτοῦ
3128 4167 3204 4231 δὲ,
3252 4168 3457 4231 οὐκέτι,
3511 4167 3781 4238 κρείττων

521 4266 800 4318 nobiscmn
830 4263 935 4315 erit
965 4261 1126 4315 simul
1167 4262 1283 4329 ipse
1335 4260 1678 4328 redemptus;
1725 4269 1900 4324 neque
1940 4253 2096 4322 juxta

522 4353 672 4408 Isaia:
697 4367 909 4417 vocem,
945 4352 1202 4405 Dominus
1239 4350 1463 4404 tradidit
1509 4350 1682 4418 ipsum
1715 4348 1952 4416 peccatis
2000 4360 2099 4399 no-

2199 4258 2475 4330 ἁμαρτίας
2520 4259 2803 4328 ὑπάρχων,
2850 4257 2926 4322 ὡς
2984 4257 3138 4322 Θεός.
3183 4259 3245 4311 Εἰ
3278 4259 3405 4330 ’γὰρ
3444 4258 3663 4312 τέθυται
3710 4257 3780 4309 δι’

2199 4349 2413 4416 ἑαυτὸν,
2466 4349 2566 4419 οὐχ
2616 4351 2777 4420 ἡμεῖς
2827 4349 3215 4420 ὴγοράσθημεν
3268 4351 3418 4422 μόνοι
3461 4350 3538 4420 τῷ
3584 4351 3781 4418 αἵματι

526 4444 658 4497 stris
683 4443 762 4510 “,
795 4443 887 4496 sed
918 4456 1015 4510 pro
1047 4443 1157 4496 suis
1187 4440 1346 4495 etiam
1380 4449 1466 4497 est
1494 4441 1670 4494 datus.
1707 4437 1812 4493 Ubi
1840 4437 1983 4493 enim
2017 4446 2088 4492 est

2202 4443 2389 4504 αὑτοῦ,
2442 4443 2582 4495 κατὰ
2616 4442 2714 4506 τὰς
2762 4443 2985 4513 Γραφὰς
3005 4459 3019 4474 ·
3049 4443 3164 4495 ἀλλ’
3199 4441 3286 4512 εἴη
3314 4443 3358 4496 δ’
3385 4442 3452 4497 ἂν
3481 4443 3574 4497 καὶ
3614 4443 3780 4504 αὐτὸς

526 4535 700 4590 hostia
723 4544 778 4589 et
804 4533 1029 4597 oblatio,
1065 4531 1134 4587 ibi
1178 4547 1401 4601 prorsus
1445 4531 1697 4586 remissio
1725 4539 2088 4599 peccatorum.

2204 4537 2336 4606 ἡμῖν
2367 4505 2872 4604 συνηγορασμένος,
2891 4505 3084 4587 ὀὐκέτι
3118 4534 3258 4587 κατὰ
3273 4505 3390 4604 ’τὴν
3416 4533 3510 4587 τοῦ
3553 4534 3780 4587 Ἡσαΐου

527 4626 748 4696 Decepit
779 4625 946 4695 igitur
984 4634 1151 4679 totum
1193 4625 1379 4679 orbem
1421 4631 1688 4678 terrarum
1728 4621 1920 4675 beatus
1954 4619 2088 4674 Pau-

2205 4630 2410 4696 φωνην,
2463 4644 2480 4677 ι
2511 4625 2716 4696 Κύριος
2769 4624 3082 4695 παρέδωκεν
3129 4625 3292 4679 αὑτὸν
3330 4628 3448 4688 ταῖς
3479 4625 3780 4694 ἁμαρτίαις

524 4717 630 4783 lus,
655 4717 747 4786 qui
781 4719 846 4771 de
879 4715 970 4771 illo
993 4715 1210 4786 scripsit
1239 4731 1254 4768 :
1298 4733 1317 4767 ι
1348 4713 1495 4769 Talis
1523 4713 1667 4767 enim
1695 4713 1850 4768 nobis
1876 4712 2088 4768 decebat

2203 4719 2362 4791 ἡμῶν
2383 4737 2395 4749 ·
2436 4737 2455 4770 ι
2491 4717 2698 4771 δέδοται
2724 4716 2781 4769 δὲ
2811 4713 3012 4786 μᾶλλον
3039 4715 3133 4770 καὶ
3161 4716 3300 4788 ὑπὲρ
3332 4716 3444 4770 τῶν
3481 4717 3654 4770 ίδίων.
3699 4708 3778 4768 Οῧ

523 4821 583 4864 ut
614 4818 758 4864 esset
804 4807 1080 4878 pontifex,
1130 4815 1375 4872 sanctus,
1433 4806 1713 4871 innocens,
1764 4803 2088 4873 impollutus,

2203 4811 2312 4882 γὰρ
2340 4810 2476 4874 ὅλως
2520 4810 2681 4863 θυσία
2725 4811 2822 4862 καὶ
2847 4807 3189 4879 ’προσαγωγὴ
3217 4849 3231 4874 ,
3269 4809 3385 4861 ἐκεῖ
3425 4827 3526 4862 που
3559 4809 3782 4872 πάντως

524 4909 839 4972 segregatus
861 4917 888 4952 a
916 4901 1315 4970 peccatoribus,
1339 4907 1396 4952 et
1421 4897 1689 4952 excelsior
1711 4897 1864 4952 caelis
1888 4897 2088 4960 factus;

2204 4903 2298 4956 καὶ
2325 4903 2520 4971 ἄφεσις
2541 4901 2847 4974 ἁμαρτιῶν.
2873 4901 3244 4971 Πεφενάκικεν
3268 4897 3362 4954 οὖν
3389 4902 3497 4970 ἄρα
3525 4903 3650 4962 τοὺς
3674 4899 3781 4952 ἀνά

529 4995 613 5061 qni
647 5008 753 5047 non
805 4993 970 5048 habet
1010 4992 1250 5062 quotidie
1299 4988 1698 5053 necessitatem,
1745 4989 2088 5058 quemadmo-

2206 4997 2388 5049 πᾶσαν
2431 4995 2532 5065 τὴν
2563 4995 2652 5047 ὑπ’
2694 4992 2922 5064 οὐρανὸν
2964 4994 2992 5045 6
3038 4991 3325 5054 θεσπέσιος
3369 4989 3614 5051 Παῦλος,
3649 4988 3781 5059 περὶ

526 5084 650 5134 dum
697 5084 1029 5145 sacerdotes,
1065 5081 1214 5152 prius
1248 5094 1346 5149 pro
1380 5080 1494 5134 suis
1524 5079 1734 5134 delictis
1769 5081 1971 5134 hostias
2015 5081 2088 5134 of-

2208 5084 2373 5141 αὑτοῦ
2401 5083 2726 5156 γεγραφώς·
2767 5102 2784 5133 ι
2821 5081 3074 5144 Τοιοῦτος
3101 5081 3209 5151 γὰρ
3243 5082 3375 5151 ἡμῖν
3412 5077 3649 5148 ἔπρεπεν
3679 5078 3781 5148 ἀρε

529 5173 690 5239 t'erre,
725 5175 918 5228 deinde
945 5187 1042 5242 pro
1071 5172 1249 5243 populi
1281 5190 1295 5226 :
1333 5172 1436 5226 hoc
1462 5173 1606 5226 enim
1637 5171 1766 5226 fecit
1798 5171 1964 5228 semel
2010 5187 2088 5228 se-

2204 5178 2442 5247 χιερεὺς,
2473 5178 2638 5241 ὅσιος,
2673 5175 2899 5239 ἄκακος,
2931 5173 3216 5244 ἀμίαντος,
3245 5168 3647 5242 κεχωρισμένος
3673 5167 3787 5221 ἀπὺ

530 5263 702 5328 ipsum
730 5265 982 5320 oﬂ'erens.
1016 5265 1128 5320 Lex
1147 5264 1288 5320 enim
1315 5264 1562 5319 homines
1593 5264 1878 5320 constituit
1903 5279 2088 5320 sacer-

2203 5269 2312 5321 τῶν
2354 5267 2714 5339 ἁμαρτωλῶν,
2745 5267 2839 5320 καὶ
2869 5265 3196 5335 ὑψηλότερος
3225 5262 3332 5316 τῶν
3353 5261 3598 5332 οὐρανῶν
3629 5260 3785 5329 γενόο

529 5356 681 5406 tlotes
711 5354 1080 5411 inlirmitatem
1115 5357 1379 5410 habentes
1411 5371 1424 5407 :
1455 5370 1635 5410 sermo
1668 5366 1850 5410 autem
1874 5354 2088 5424 jurisju-

2211 5373 2399 5427 μενοςο
2424 5358 2482 5421 ὃς
2504 5358 2606 5410 οὐκ
2637 5355 2750 5426 ἔχει
2793 5355 2914 5408 καθ’
2955 5353 3166 5424 ἡμέραν
3195 5353 3460 5421 ἀνάγκην,
3502 5349 3695 5418 ὥσπερ
3733 5349 3784 5401 οἱ

529 5444 683 5519 randi
715 5445 856 5512 quod
888 5455 1008 5501 oost
1039 5445 1212 5515 legem
1250 5455 1354 5513 est,
1384 5444 1580 5500 Filium
1609 5446 1663 5500 in
1693 5456 1950 5500 mternum
1981 5461 2088 5516 pert

2206 5447 2483 5518 ἀρχιερεῖς
2503 5485 2517 5512 ,
2549 5445 2814 5516 πρότερον
2848 5428 2986 5514 ὑπὲρ
3015 5442 3123 5495 τῶν
3176 5442 3318 5494 ίδίων
3367 5439 3785 5512 ἁμαρτημάτων

600 5647 642 5680 ⁸⁸
680 5645 835 5700 Joan.
873 5661 925 5709 κ,
961 5645 1046 5699 15.
1126 5645 1169 5676 ¹⁶
1205 5644 1359 5700 Joan.
1393 5647 1642 5711 xvtt,19.
1723 5648 1765 5680 ¹⁷
1808 5646 1970 5702 llebr.
2016 5663 2075 5712 ll,
2109 5647 2160 5700 9.
2243 5646 2286 5676 “‘
2328 5644 2433 5700 lsa.
2466 5663 2583 5702 LIII.
2618 5646 2686 5712 5;
2719 5645 2874 5700 Rom.
2913 5660 2986 5708 Iv,
3024 5643 3113 5698 2'5.
3195 5644 3236 5675 υ
3276 5642 3377 5697 lsa.
3409 5657 3523 5706 Litt,
3548 5637 3604 5694 5.
3719 5639 3763 5669 '°

528 5719 682 5773 Rom.
726 5731 843 5782 rm,
876 5717 925 5768 4.
1004 5715 1048 5746 ¹¹
1089 5714 1107 5766 l
1145 5714 1270 5768 Cor.
1302 5731 1388 5783 xv,
1420 5717 1508 5770 47.
1587 5719 1629 5748 ”
1671 5717 1826 5773 Rom.
1863 5733 1912 5783 ν,
1949 5719 2031 5772 19.

2198 5717 2326 5771 ibid.
2359 5718 2412 5771 9.
2496 5719 2541 5747 “
2575 5717 2680 5772 lsa.
2708 5731 2824 5774 Llll,
2867 5715 2964 5776 15,;
3011 5715 3026 5767 Ι
3075 5716 3200 5766 Cor.
3236 5729 3321 5776 tv,
3354 5713 3404 5764 5.
