4004 6202
303 290 411 348 ηδ’

1359 283 1728 343 ADVERSUS
1764 286 2171 348 NESTORIUM
2209 291 2336 349 LIB.
2379 290 2465 348 Ill.
2948 298 2979 323 ⁸

3432 305 3537 359 1136

300 409 471 470 θυσίας
498 401 819 475 ἀναφέρειν,
850 401 1050 455 ἔπειτα
1087 400 1198 455 τῶν
1240 401 1333 455 τοῦ
1362 402 1492 457 λαοῦ
1513 422 1526 435 ’
1565 406 1721 460 τοῦτο
1757 406 1867 480 γὰρ

1971 409 2168 467 fectum
2196 413 2262 466 ’⁸.
2301 430 2321 464 ι
2367 411 2647 477 Quomodo
2694 412 2858 483 igitur
2899 425 3124 472 sanctus
3169 423 3533 491 est-pontifex

222 510 245 527 ⁸
300 499 531 569 ἐποίησεν
563 494 786 563 ἐφάπαξ
816 492 1020 547 ἐαυτὸν
1045 494 1439 564 προσενέγκας.
1479 495 1537 547 '0
1565 497 1726 566 νόμος
1758 498 1868 568 γὰρ

303 591 598 662 ἀνθρώπους
627 585 971 655 καθίστησιν
998 586 1275 655 ἀρχιερεῖς
1303 584 1522 655 ἔχοντας
1549 587 1829 652 ἀσθενείας
1850 605 1865 620 .

304 685 328 736 δ
351 683 496 749 λόγος
525 680 580 732 δὲ
608 679 711 749 τῆς
740 674 1110 747 ὁρκωμοσίας
1138 676 1239 746 τῆς
1267 676 1404 746 μετά
1428 677 1519 731 τὸν
1547 678 1868 749 νόμον,Υίὸν

305 774 374 837 είς
414 773 496 825 τὸν
542 768 714 824 αἱῶνα
752 767 1210 837 τετελειωμένον.
1248 786 1267 819 ι
1298 767 1422 831 Πῶς
1458 764 1551 822 οὖν
1594 770 1736 833 ὅσιος
1763 773 1866 842 ἀρ-

308 864 498 934 χιερεὺς
522 864 549 913 ὁ
580 859 824 928 Χριστός
862 876 878 924 ;
912 859 945 928 ἢ
977 858 1117 911 κατά
1145 856 1265 910 τίνα
1289 858 1490 929 τρόπον
1519 859 1725 925 ἄκακος
1772 862 1869 915 καὶ

310 955 559 1025 ἀμίαντος,
588 954 636 1003 εἱ
664 951 861 1003 δέεται
896 949 1017 1020 μεθ’
1042 950 1198 1020 ἡμῶν
1220 951 1319 1020 τῆς
1348 949 1537 1015 θυσίας
1570 969 1869 1023 προσκεκο-

319 1046 527 1115 μημένος
572 1041 693 1113 [lca
742 1039 1352 1113 προσκεκομισμένης]
1396 1044 1476 1106 εἰς
1521 1044 1713 1113 ἄφεσιν
1758 1043 1866 1098 τῶν

322 1133 797 1205 πλημμελημάτων,
860 1131 954 1185 καὶ
1003 1130 1083 1193 εἱς
1115 1130 1396 1184 δικαίωσιν
1422 1132 1529 1185 τῶν
1557 1135 1868 1204 ἡμαρτηκό-

328 1242 449 1291 tum;
472 1224 578 1286 Πῶς
604 1222 949 1293 κεχώρισται
967 1221 1074 1273 τῶν
1103 1222 1461 1293 ἁμαρτωλῶν,
1488 1225 1535 1275 εί
1564 1224 1865 1279 δικαιοῦται

334 1320 418 1372 σὺν
447 1317 625 1379 αὐτοῖς,
654 1316 753 1385 οὐχ
785 1317 989 1386 ἑτέρου
1018 1331 1112 1366 του
1172 1315 1332 1386 χάριν
1354 1316 1452 1385 τῆς
1478 1316 1667 1379 θυσίας
1694 1334 1864 1388 προσ-

335 1407 690 1477 κεκομισμένης
716 1447 732 1471 ,
781 1406 823 1475 ἢ
871 1405 1079 1459 τούτων
1112 1406 1321 1473 αὐτῶν;
1355 1408 1627 1478 Θαυμάζω
1667 1409 1746 1475 δὲ,
1782 1411 1865 1462 ὅτι

336 1499 709 1569 διακεκραγότος
749 1497 856 1551 τοῦ
904 1498 1148 1562 Παύλου,
1194 1499 1286 1551 καὶ
1321 1498 1466 1569 μάλα
1516 1490 1722 1567 σαῲῶς,
1765 1501 1867 1554 οὐκ

338 1586 458 1641 εἶναι
494 1588 860 1658 παραπλήσιον
899 1589 1013 1651 τοῖς
1046 1587 1185 1660 ὑπὲρ
1221 1588 1330 1641 τῶν
1371 1589 1517 1642 ἱδίων
1550 1590 1866 1661 πλημμελη-

343 1679 498 1749 μάτων
522 1679 904 1749 προσκομίζειν
927 1678 1397 1750 κεκελευσμένοις,
1423 1680 1612 1735 ἔπειτα
1636 1682 1743 1735 τῶν
1766 1681 1861 1735 τοῦ

1968 501 2252 558 Christus?
2295 503 2377 557 vel
2408 504 2676 571 quomodo
2719 504 2979 561 innocens
3013 516 3067 562 et
3103 508 3450 577 impollutus,
3493 532 3538 569 st

1968 592 2253 646 nobiseum
2282 592 2485 663 indiget
2510 595 2685 649 hostia
2718 611 2812 665 pro
2836 599 3073 665 peccatis
3108 601 3445 659 remittendis
3487 618 3536 655 et

1970 679 2034 734 ad
2079 692 2392 750 peccatores
2424 682 2815 750 justincandos;
2839 684 3088 740 oblatus?
3128 686 3409 753 Quomodo
3453 708 3539 746 se-

1969 779 2219 840 gregatus
2246 786 2273 825 a
2309 774 2701 839 peccatoribus,
2729 774 2775 827 si
2803 788 2907 826 una
2934 789 3055 828 cum
3085 778 3212 844 ipsis
3247 778 3357 850 94
3379 781 3541 848 justl-

1969 861 2241 926 ﬁcabitur,
2280 877 2402 916 cum
2453 863 2629 918 hostia
2655 879 2762 917 non
2806 864 2909 918 alia
2955 868 3020 920 de
3049 881 3208 935 causa
3257 869 3537 934 olleratur,

1966 966 2126 1021 quam
2149 969 2247 1022 pro
2282 953 2397 1008 istis
2433 954 2603 1021 ipsis?
2645 955 2811 1009 Miror
2849 964 3030 1011 autem
3067 960 3232 1026 quod,
3272 961 3539 1017 clamante

1966 1041 2154 1106 Paulo,
2180 1053 2233 1097 et
2257 1045 2473 1111 quidem
2506 1046 2870 1112 apertissime,
2905 1062 3011 1101 non
3042 1064 3163 1102 esse
3191 1050 3335 1104 illum
3368 1054 3537 1119 persi-

1969 1132 2148 1187 milem
2210 1134 2293 1187 his
2334 1135 2529 1203 quibus
2567 1150 2665 1204 pro
2704 1137 2822 1191 suis
2860 1138 3071 1193 delictis
3107 1139 3312 1195 hostias
3347 1142 3539 1197 ollerre

1966 1225 2039 1279 sit
2061 1225 2301 1294 jnssum,
2357 1228 2551 1282 deinde
2582 1242 2679 1296 pro
2707 1229 2922 1284 delictis
2960 1232 3177 1300 populi,
3206 1218 3318 1286 non
3350 1234 3539 1288 timeas

1965 1314 2235 1369 contraria
2259 1316 2553 1382 praedicare
2585 1314 2650 1368 iis
2677 1330 2794 1384 quae
2836 1314 2925 1368 ille
2963 1317 3118 1381 dixit,
3148 1318 3241 1370 sed
3292 1332 3540 1372 asserere

1964 1404 2187 1468 audeas,
2215 1417 2309 1471 pro
2341 1401 2552 1455 illorum
2588 1402 2943 1456 similitudine
2989 1404 3079 1472 qui
3132 1404 3427 1458 secundum
3462 1402 3539 1458 le-

1965 1507 2084 1562 gem
2113 1492 2329 1546 fuerunt
2352 1493 2680 1556 sacerdotes,
2702 1493 2862 1547 etiam
2896 1494 3065 1561 ipsutn
3095 1508 3190 1561 pro
3218 1509 3277 1548 se
3308 1493 3535 1547 hostiam

1965 1583 2178 1638 ollerre.
2223 1583 2291 1637 Et
2342 1584 2388 1635 si
2424 1597 2609 1636 verum
2639 1593 2721 1637 est
2752 1583 2866 1652 lege
2917 1584 3175 1638 constitui
3226 1586 3538 1638 sacerdotes

1968 1672 2227 1726 habentes
2262 1669 2648 1732 inﬁrmitatem,
2691 1686 2940 1727 sermone
2970 1684 3148 1726 autem
3181 1670 3536 1742 jurisjurandi

342 1768 453 1821 λαοῦ
476 1768 798 1837 πρεσὸεύειν,
838 1770 899 1821 οὐ
926 1769 1105 1831 δέδιας
1128 1807 1144 1832 ,
1174 1765 1254 1833 οἷς
1280 1769 1383 1840 ἔφη
1412 1772 1669 1825 τάναντία
1698 1773 1863 1841 φάναι

1971 1763 2105 1830 quod
2136 1773 2255 1830 post
2287 1760 2458 1829 legem
2488 1770 2591 1823 est,
2619 1758 2814 1813 Filium
2839 1761 2891 1814 in
2920 1771 3185 1815 :elernum
3213 1762 3533 1829 perlectum,

336 1874 397 1910 τε
423 1859 602 1928 τολμᾷς
644 1857 774 1929 [τοῦ
805 1858 959 1920 λαοῦ,
1005 1859 1329 1931 πρεσϐεύειν
1354 1862 1413 1913 οὐ
1440 1862 1614 1926 δέδιας
1641 1857 1721 1926 οἷς
1758 1864 1861 1936 ἔφη

340 1949 572 2001 τάναντία
593 1988 608 2012 ,
643 1952 803 2020 φάναι
835 1966 893 2002 τε
927 1950 1134 2022 τολμᾷς
1158 1950 1208 2023 ],
1261 1951 1383 2006 καθ’
1432 1953 1726 2024 ὁμοιότητα
1764 1956 1865 2025 τὴν

352 2038 566 2101 ἐκείνων,
594 2040 641 2091 οἳ
681 2038 813 2092 κατὰ
836 2039 999 2108 νόμον
1042 2040 1328 2107 γεγόνασιν
1360 2042 1544 2112 ἱερεῖς,
1583 2045 1673 2097 καὶ
1702 2044 1864 2100 αὑτὸν

368 2127 485 2197 ὑπὲρ
521 2129 693 2182 ἐειποῦ
736 2130 1029 2199 προσάγειν
1090 2129 1299 2185 θυσίαν.
1357 2132 1467 2185 Καὶ
1514 2132 1673 2202 εἴπερ
1719 2134 1864 2189 ἐστὶν

380 2214 639 2284 ἀληθὲς,ὦ;
660 2221 685 2270 ὁ
701 2219 845 2288 νόμος
875 2221 974 2289 μὲν
1000 2220 1321 2291 καθίστησιν
1341 2224 1617 2296 ἀρχιερεῖς
1642 2226 1864 2297 ἔχοντας

382 2305 652 2367 ἀσθενείαςι
676 2307 856 2375 ὁλόγος
892 2309 946 2362 δὲ
974 2310 1073 2379 τῆς
1108 2313 1451 2381 ὁρκωμοσίας
1480 2316 1577 2385 τῆς
1613 2317 1751 2387 μετά
1774 2318 1865 2372 τὸν

383 2396 551 2464 νόμον,
578 2397 690 2449 Υἱδν
724 2400 789 2460 εἱς
831 2400 918 2451 τὸν
957 2400 1124 2453 αἱῶνα
1167 2402 1612 2474 τετελειωμένονο
1662 2407 1715 2459 τί
1754 2410 1867 2470 τοῖς

372 2483 600 2535 ἀσθενεῖν
624 2484 812 2537 εἰωθόσι
838 2490 996 2539 ποιεῖν
1022 2488 1127 2557 [ίσ.
1166 2490 1361 2559 ποιεῖς]
1390 2492 1740 2563 συναρίθμιον
1775 2494 1865 2548 τὸν

360 2574 450 2643 τῆς
477 2574 691 2628 ἐκείνων
729 2575 951 2646 πληθύος
976 2579 1321 2651 ἐξῃρημένον,
1353 2583 1447 2634 καὶ
1480 2581 1578 2653 τὴν
1611 2583 1751 2656 ὑπὲρ
1783 2586 1868 2640 νό-

356 2681 450 2734 μον
485 2665 663 2733 ἔχοντα
689 2669 967 2733 τελείωσιν,
1012 2672 1224 2725 οἴκοθέν
1265 2690 1323 2726 τε
1373 2675 1467 2728 καὶ
1494 2676 1637 2729 κατά
1681 2677 1864 2746 φύσιν,

344 2754 494 2823 εἴπερ
519 2758 655 2808 ἐστὶν
679 2756 795 2820 Υἱὸς
823 2758 1054 2828 ἀληθῶς,
1088 2761 1182 2813 καὶ
1208 2761 1296 2815 διὰ
1325 2762 1485 2816 τοῦτο
1519 2765 1683 2832 Θεός;
1719 2768 1871 2821 Ἵδω-

352 2859 443 2912 μεν
466 2844 517 2896 δέ
538 2846 623 2897 καὶ
649 2847 708 2899 ἐκ
732 2847 822 2899 τοῦ
853 2849 1082 2918 νομικοῦ
1111 2852 1204 2904 καὶ
1224 2853 1579 2925 ἀρχαιοτέρου
1607 2859 1871 2929 γράμμα-

345 2950 445 2999 τος,
478 2935 679 3006 τίναδὴ
715 2938 913 3008 τρόπον
957 2940 1050 2992 καὶ
1096 2941 1235 3010 ὑπὲρ
1284 2942 1445 2995 τίνων
1489 2945 1869 3016 εἱσκεκόμικεν

345 3026 516 3078 ἑαυτὸν
536 3029 562 3079 ὸ
599 3028 931 3099 Ἐμμανουήλ
952 3032 1032 3092 είς
1057 3030 1232 3101 ὀσμὴν
1260 3032 1484 3097 εὐωδίας
1511 3034 1589 3105 τῷ
1634 3036 1751 3107 Θεῷ
1776 3040 1869 3091 καὶ

342 3115 521 3185 Πατρί.
559 3115 678 3169 Σκιὰ
717 3118 816 3187 μὲν
868 3119 978 3189 γὰρ
1018 3120 1460 3191 ὁμολογουμένως
1505 3127 1534 3178 ὁ
1579 3126 1741 3197 νόμος
1778 3124 1867 3199 ἦν,

342 3202 470 3271 πλὴν
496 3204 819 3260 ὑποτύπωσιν
847 3206 962 3277 ἔχει
990 3209 1292 3281 μυστηρίου
1325 3212 1419 3265 τοῦ
1451 3214 1596 3268 κατά
1613 3217 1869 3288 Χριστὸν,

338 3291 424 3343 καὶ
454 3293 544 3361 τῆς
561 3294 806 3365 ἀληθείας
830 3296 1011 3350 ὼδίνει
1035 3298 1136 3369 τὴν
1167 3300 1466 3370 μόρφωσιν.
1481 3305 1590 3356 Καὶ
1613 3305 1742 3373 γοῦν
1767 3307 1871 3381 ἔφη

340 3398 429 3434 που
470 3384 689 3454 Χριστὸς
736 3389 849 3451 τοῖς
886 3388 1159 3454 Ἰουδαίοις
1209 3392 1530 3462 προσλαλῶν
1552 3411 1566 3428 ⁸
1604 3413 1622 3447 t
1651 3397 1714 3451 Εί
1749 3399 1873 3451 ἐπι-

340 3472 529 3527 στεύετε
554 3476 720 3547 Μωσῇ
747 3517 769 3543 ,
812 3479 1127 3532 ἐπιστεύετε
1166 3480 1231 3534 ἂν
1257 3482 1413 3551 ἐμοί·
1444 3485 1572 3555 περὶ
1599 3485 1708 3557 γάρ
1737 3489 1870 3559 ἐμοῦ

338 3566 518 3629 ἐκεῖνος
555 3568 780 3638 ἔγραψε.
808 3588 826 3620 ›
863 3570 989 3633 Πῶς
1012 3567 1103 3624 οὖν
1128 3570 1236 3641 ἄρα
1271 3572 1531 3628 τεθύκασι
1558 3576 1649 3630 τὸν
1679 3579 1869 3649 ἀμνὸν,

341 3652 589 3723 μέλλοντες
641 3658 743 3728 τῆς
787 3661 1100 3728 Αἰγυπτίων
1144 3662 1401 3733 ἀπαίρειν
1439 3667 1489 3718 οί
1535 3667 1594 3733 ἐξ
1644 3669 1873 3739 αἵματος

350 3744 572 3815 Ἰσραήλς
619 3748 762 3818 ὑπὲρ
790 3750 1001 3802 ἑαυτῶν
1038 3747 1148 3821 ἆρα
1176 3754 1270 3805 καὶ
1301 3754 1500 3823 μόνων,
1550 3756 1582 3827 ἢ
1611 3759 1704 3811 καὶ⁵
1733 3760 1872 3832 ὑπὲρ

340 3836 556 3911 {dabam}
574 3843 666 3896 τοῦ
682 3842 860 3912 ἀμνοῦ
878 3860 893 3909 ;
914 3844 1076 3907 Τίνας
1094 3845 1383 3916 ἐλυτροῦτο
1397 3848 1486 3903 διὰ
1501 3849 1592 3903 τοῦ
1612 3852 1870 3922 αῖματος;

340 3923 435 4014 ᾆρα
455 3929 568 3992 τοὺς
594 3931 698 3983 ὑπὸ
723 3932 889 3999 ζυγὸν
915 3933 1178 3997 δουλείας,
1217 3938 1309 3989 καὶ
1334 3937 1613 3992 δύσοιστον
1637 3942 1873 4014 ἀνατλᾷν

344 4012 445 4084 [ιον.
475 4018 810 4091 ἀνακλᾶντας]
846 4020 942 4090 τὴν
970 4023 1033 4073 ὲκ
1054 4023 1163 4076 τῶν
1190 4024 1504 4093 Αἰγυπτίων
1538 4012 1871 4097 πλεονεξίαν,

341 4102 371 4173 ἢ
399 4106 483 4158 καὶ
510 4108 718 4174 ἐαυτόνς
753 4109 901 4173 τίνος
931 4112 1190 4166 ἀπεσόόει
1214 4114 1304 4167 τὸν
1336 4114 1697 4190 δλοθρευτήν;
1732 4120 1874 4176 τίσιν

335 4191 547 4262 ἔφασκεν
583 4201 611 4252 ὁ
645 4200 751 4253 τῶν
804 4200 944 4253 ὅλων
981 4202 1112 4267 Θεὸς
1134 4243 1150 4268 ,
1185 4223 1205 4256 ι
1241 4207 1352 4285 Καὶ
1388 4208 1588 4281 ὄψομαι
1616 4213 1677 4266 τὸ
1710 4209 1870 4285 αἷμα,

330 4285 411 4379 καὶ
438 4292 689 4343 σκεπάσω
711 4292 893 4361 ὐμᾶς;
924 4311 945 4344 ι
970 4289 1080 4365 ἆρα
1109 4297 1221 4359 τοῖς
1251 4282 1590 4370 δεδεημένοις
1618 4304 1718 4375 τῆς
1744 4282 1872 4379 παρῖ

1965 1866 2062 1905 cur
2090 1852 2143 1905 in
2183 1865 2368 1905 eorum
2413 1867 2637 1907 numero
2684 1851 2777 1920 qui
2826 1851 3026 1905 inlirmi
3078 1866 3197 1906 esse
3238 1867 3533 1907 c0nsueve-

1965 1953 2113 2011 runt,
2144 1959 2395 1999 recenses
2422 1942 2595 2013 illum,
2622 1947 2689 2000 ab
2721 1959 2911 2000 eorum
2948 1945 3102 1998 turba
3127 1955 3409 2014 exceptura
3431 1983 3447 2010 ,
3478 1954 3534 1999 et

1963 2036 2296 2105 pet-lectione
2339 2049 2459 2104 qute
2490 2050 2653 2103 supra
2698 2035 2868 2105 legent
2913 2044 2996 2089 est
3034 2044 3089 2089 et
3140 2036 3428 2092 intrinseca
3481 2047 3538 2089 et

1965 2127 2260 2181 secundum
2299 2137 2545 2182 naturam
2593 2125 2756 2180 insita
2810 2127 3124 2194 prmditnm,
3156 2140 3277 2180 cum
3312 2126 3380 2180 sit
3408 2138 3538 2180 vere

1965 2216 2155 2282 Filius,
2193 2227 2249 2272 et
2297 2219 2366 2273 ob
2418 2232 2537 2272 eam
2584 2231 2803 2271 causam
2856 2216 3035 2271 Deus?
3083 2216 3191 2273 Sed
3253 2218 3533 2273 videamus

1965 2309 2129 2363 etiam
2163 2324 2228 2363 ex
2256 2309 2410 2378 legali
2437 2316 2491 2362 et
2528 2309 2694 2363 veteri
2726 2308 2968 2383 scripto,
3002 2308 3453 2376 quemadmodum
3482 2320 3538 2363 et

1966 2415 2064 2469 pro
2097 2402 2291 2468 quibus
2331 2400 2437 2454 Deo
2465 2409 2518 2453 et
2548 2399 2694 2452 l’atri
2738 2398 2974 2465 seipsum
3020 2397 3279 2452 obtulerit
3321 2397 3538 2449 Emma-

1967 2490 2091 2544 nuel
2144 2491 2198 2544 in
2243 2492 2463 2544 odorem
2503 2489 2785 2542 suavitatis
2805 2489 2872 2542 “.
2921 2486 3122 2542 Umbra
3169 2501 3402 2556 namque
3448 2486 3533 2541 lex

1967 2590 2084 2636 erat
2122 2581 2307 2650 procul
2338 2580 2521 2643 dubio,
2555 2580 2647 2633 sed
2694 2588 2873 2632 tamen
2918 2576 3119 2631 Christi
3168 2577 3408 2646 mysterii
3454 2577 3537 2630 in-

1961 2672 2344 2728 formationem
2397 2668 2560 2723 habet
2602 2668 2683 2733 ",
2740 2682 2804 2722 ac
2856 2667 3099 2722 veritatis
3155 2666 3532 2721 formationem

1969 2765 2219 2834 parturit.
2249 2763 2433 2830 itaque
2458 2759 2732 2821 Christus,
2765 2775 2889 2813 cum
2917 2758 3131 2814 Jndmos
3152 2758 3537 2828 alloqucretur,

1968 2851 2106 2906 dixit
2138 2869 2153 2904 :
2188 2867 2213 2911 ι
2245 2849 2300 2903 Si
2326 2848 2625 2904 crederetis
2653 2847 2807 2910 Mosi,
2837 2847 3131 2902 crederetis
3163 2848 3328 2901 etiam
3361 2848 3493 2902 mihi
3521 2866 3535 2901 :

1971 2944 2036 2996 de
2064 2957 2148 2996 me
2169 2941 2314 2996 enim
2350 2939 2437 2995 ille
2456 2939 2678 3009 scripsit
2704 2938 2773 2991 “.
2805 2956 2824 2989 ι
2858 2937 3335 3006 Quomodo-igitur
3370 2942 3540 2992 Israe-

1972 3033 2079 3087 litze
2107 3033 2173 3087 de
2195 3030 2574 3102 [Egyptiorum
2602 3028 2765 3084 terris
2795 3028 3074 3097 migratnri
3113 3042 3311 3097 agnum
3346 3030 3537 3081 immo-

1975 3123 2260 3179 laverunt?
2302 3138 2427 3177 num
2457 3136 2554 3190 pro
2583 3135 2642 3176 se
2688 3119 2820 3188 ipsis
2857 3128 3084 3185 tantum,
3119 3134 3185 3172 an
3234 3119 3396 3173 etiam
3443 3132 3542 3186 pro

1974 3215 2089 3284 ipso
2117 3214 2298 3285 agno?
2326 3227 2587 3282 quosnam
2635 3210 2935 3266 redimebat
2976 3226 3072 3280 per
3118 3224 3274 3264 suum
3323 3210 3543 3278 sangui-

1974 3303 2135 3359 nem?
2163 3318 2288 3358 num
2316 3317 2409 3357 eos
2432 3303 2525 3372 qui
2556 3303 2657 3356 sub
2679 3300 2810 3371 jugo
2838 3302 3118 3356 servitutis
3140 3310 3315 3366 erant,
3340 3308 3397 3355 et
3420 3316 3545 3371 gra-

1974 3395 2195 3449 vissimo
2221 3393 2609 3464 premebantur
2636 3391 3016 3462 Egyptiurum
3048 3391 3346 3459 dominatu,
3382 3407 3449 3446 an
3483 3407 3543 3448 se

1973 3485 2148 3555 ipsum
2174 3485 2338 3540 etiam
2359 3484 2382 3538 ‘I
2407 3498 2436 3537 a
2458 3496 2694 3552 quonam
2720 3482 2998 3537 avertebat
3020 3483 3545 3553 pxterminatorem?
3576 3528 3581 3534 .

1973 3577 2235 3646 quibusve
2271 3575 2405 3631 dixit
2435 3575 2526 3629 ille
2560 3574 2703 3629 Deus
2742 3574 3119 3629 universorum
3150 3614 3164 3627 .
3206 3591 3225 3625 ι
3255 3573 3320 3628 Et
3348 3574 3544 3628 videbo

1973 3668 2313 3739 sanguinem,
2341 3676 2396 3721 et
2426 3674 2702 3735 protegam
2732 3678 2831 3719 vos
2854 3665 2939 3718 υἱ
2972 3684 2990 3716 ι
3025 3664 3161 3719 Num
3193 3665 3278 3719 his
3302 3665 3391 3732 qui
3421 3679 3546 3733 pro-

1975 3763 2209 3816 tectione
2248 3758 2586 3827 indigebant,
2635 3772 2702 3811 an
2747 3757 2847 3826 ipsi
2894 3756 3059 3810 etiam
3108 3756 3290 3825 agno?
3325 3755 3543 3810 Hostias

1974 3852 2117 3907 enim
2152 3865 2249 3920 pro
2275 3858 2496 3919 peccato
2523 3846 2901 3911 immolandas,
2933 3845 2987 3900 in
3028 3845 3145 3916 lege
3189 3856 3443 3914 tanquam
3486 3847 3540 3900 in

1977 3942 2155 3997 tabula
2182 3937 2498 4009 designabat
2523 3938 2665 3992 Deus
2694 3952 2757 3991 ac
2786 3936 2966 3999 Pater,
3004 3937 3178 3990 adhuc
3212 3936 3541 3999 adumbratis

1975 4031 2178 4089 Christi
2210 4029 2566 4101 mysterium;
2603 4027 2739 4081 dixit
2775 4035 2955 4080 autem
3005 4026 3083 4080 sic
3117 4027 3183 4079 ad
3229 4024 3411 4078 Mosen
3455 4039 3544 4079 sa-

1976 4137 2190 4178 crorum
2219 4121 2565 4190 interpretem
2599 4131 2615 4171 :
2652 4136 2672 4170 ι
2708 4116 2765 4171 Si
2800 4130 2929 4170 vero
2959 4117 3209 4170 universa
3244 4129 3543 4186 congrega.

1978 4214 2054 4269 tio
2082 4212 2310 4268 ﬁliorum
2339 4209 2504 4266 Israel
2540 4208 2868 4279 ignoraverit
2897 4221 2999 4262 non
3027 4215 3217 4276 sponte
3237 4244 3255 4272 ,
3278 4215 3338 4260 et
3369 4204 3544 4261 latue-

1976 4306 2050 4360 rit
2099 4303 2322 4359 verbum
2362 4301 2547 4357 oculos
2580 4299 2895 4371 Synagogm,
2927 4307 2980 4353 et
3012 4297 3238 4352 fecerint
3264 4308 3443 4350 “unum
3477 4310 3547 4351 an

328 4378 472 4432 αὑτοῦ
511 4384 743 4455 σκέπης,
789 4384 959 4454 ἤγουν
982 4386 1076 4439 καὶ
1103 4387 1252 4458 αὐτῷ
1281 4391 1360 4461 τῷ
1387 4394 1580 4464 ἀμνῷ;
1613 4378 1873 4454 Διετύπου

1978 4395 2229 4450 omnibus
2271 4392 2538 4446 mandatis
2584 4388 2799 4444 Domini
2840 4388 2981 4457 quod
3026 4401 3128 4441 non
3159 4386 3281 4450 ﬁet,
3322 4395 3377 4441 et
3415 4386 3547 4440 deii-

327 4470 414 4539 μὲν
438 4473 541 4542 γὰρ
568 4474 669 4538 τὰς
703 4476 845 4547 ὑπὲρ
890 4480 999 4531 τῶν
1037 4479 1324 4551 ἁμαρτιῶν
1367 4485 1636 4540 ποιεῖσθαι
1664 4488 1873 4557 θυσίας,

325 4560 552 4633 καθάπερ
597 4566 659 4616 ἐν
702 4564 893 4618 πίνακι
938 4566 1013 4635 τῷ
1064 4568 1233 4639 νόμῳ,
1282 4573 1637 4643 σκιαγραφῶν
1690 4575 1769 4630 ἐτι
1813 4579 1878 4631 τδ

325 4647 541 4725 ξριστοῦ
578 4654 880 4724 μυστήριον
906 4658 935 4708 ὁ
965 4656 1096 4720 Θεὸς
1124 4659 1217 4710 καὶ
1252 4662 1441 4733 Πατήρ
1461 4679 1475 4693 ·
1515 4663 1618 4734 ἔφη
1652 4665 1708 4719 δὲ
1735 4666 1877 4722 οὕτω

327 4741 443 4807 πρὸς
476 4742 565 4794 τὸν
614 4743 942 4819 ἱεροφάντην
982 4746 1186 4800 Μωσὲα
1207 4764 1220 4777 ο
1258 4767 1278 4800 ι
1329 4750 1456 4804 Ἐὰν
1490 4753 1547 4806 δὲ
1577 4756 1726 4809 πᾶσα
1752 4774 1880 4812 συν-

328 4831 498 4901 σγωγὴ
533 4832 666 4885 υἱῶν
715 4834 933 4905 Ἰσραὴλ
980 4838 1224 4912 ἀγνοήσῃ
1268 4841 1536 4907 ἀκουσίως
1558 4884 1574 4910 ,
1616 4847 1708 4900 καὶ
1737 4847 1874 4921 λάθῃ

328 4924 465 5014 ῥῆμα
498 4925 555 4990 ἐξ
587 4926 886 4998 ὀφθαλμῶν
921 4931 1025 5001 ’τῆς
1070 4933 1397 5007 Συναγωγῆς
1414 4976 1436 5006 ,,
1465 4939 1558 4991 καὶ
1605 4942 1876 5014 ποιήσωσι

332 5012 442 5077 μίαν
470 5015 573 5068 ἀπὸ
604 5017 795 5070 πασῶν
820 5018 928 5072 τῶν
956 5021 1186 5076 ἐντολῶν
1221 5026 1314 5079 τοῦ
1345 5027 1569 5099 Κυρίου,
1603 5030 1636 5101 ἢ
1673 5012 1783 5101 [ἴον.
1813 5032 1877 5105 ἢ]

330 5105 381 5193 οἷν
422 5106 797 5177 ποιηθήσεται,
866 5111 961 5163 καὶ
1011 5112 1462 5188 πλημμελήσωσι,
1518 5119 1612 5172 καὶ
1661 5121 1875 5193 γνωσθῇ

330 5191 494 5253 αὐτοῖς
524 5195 557 5264 ὴ
588 5195 852 5265 ἁμαρτίαν
881 5197 948 5268 ῆν
980 5198 1222 5271 ἥμαρτον
1243 5204 1415 5274 αὐτῇ·
1445 5207 1539 5259 καιὶ
1562 5191 1874 5282 προσάξειῆ

331 5284 604 5355 συναγωγὴ
629 5287 831 5356 μόσχον
859 5288 923 5340 ἐκ
950 5287 1088 5357 βοιῖιν
1118 5292 1346 5363 ἄμωμον
1376 5298 1502 5366 περὶ
1523 5299 1816 5369 ἁμαρτίας.
1854 5319 1874 5352 ι

339 5374 453 5425 [ενα
498 5373 554 5426 δὲ
596 5379 799 5444 τρόπον
844 5377 914 5430 τὰ
955 5379 1055 5449 τῆς
1102 5380 1293 5447 θυσίας
1337 5386 1692 5442 ἐπιτελεῖσθαι
1746 5393 1873 5463 χρὴ,

1977 4485 2214 4557 qucrint,
2244 4492 2298 4537 et
2329 4492 2512 4536 notum
2543 4480 2744 4535 factum
2776 4477 2939 4533 fuerit
2968 4478 3073 4531 illis
3095 4486 3372 4546 peccatum
3403 4481 3546 4546 quod

1976 4582 2363 4644 peccaverunt;
2417 4580 2472 4626 et
2524 4570 2754 4625 adducet
2818 4567 3167 4637 congregatio
3206 4566 3430 4620 vitulum
3480 4580 3546 4620 ex

1978 4665 2151 4721 bobus
2222 4660 2628 4718 immaculatum
2681 4674 2784 4729 pro
2812 4667 3037 4729 peccato
3072 4657 3143 4712 ³⁰.
3180 4675 3199 4708 ι
3240 4657 3346 4713 Sed
3400 4667 3548 4727 post-

1977 4769 2204 4825 eaquam
2254 4755 2503 4825 exposuit
2546 4766 2779 4821 quonam
2830 4750 2989 4805 modo
3036 4750 3211 4803 hostia
3265 4749 3337 4803 sit
3413 4758 3546 4802 cun-

1984 4845 2324 4910 summanda,
2381 4844 2656 4915 subiungit
2714 4848 2768 4896 et
2816 4842 2928 4895 ait:
2994 4857 3015 4891 ι
3052 4838 3119 4893 Ει
3171 4837 3549 4908 propitiabitur

1979 4940 2089 5010 95
2135 4922 2242 5009 pro
2295 4935 2426 5006 ipsis
2469 4935 2749 4997 sacerdos,
2781 4942 2838 4988 et
2888 4931 3195 4987 remittetur
3230 4928 3310 4981 eis
3358 4941 3551 4994 pecca-

1984 5041 2096 5086 tum
2123 5031 2188 5085 ³¹.
2231 5047 2250 5081 ι
2287 5027 2407 5082 iam
2453 5041 2583 5096 ergo
2606 5020 3154 5085 consideres’velim,
3198 5017 3379 5071 afferri
3426 5018 3550 5087 qni-

1986 5125 2105 5179 dem
2149 5110 2373 5176 vitulum
2414 5121 2465 5173 itt
2507 5128 2632 5188 typo
2667 5115 2870 5172 Christi
2908 5113 3049 5168 illius
3090 5108 3462 5171 mundissimi,
3498 5117 3552 5163 et

1985 5215 2248 5270 maculam
2279 5212 2480 5266 nullam
2505 5212 2777 5272 habentis,
2808 5208 2902 5263 sed
2941 5203 3230 5258 aﬂ‘erentes
3258 5216 3287 5255 a
3310 5201 3423 5256 suis
3442 5200 3553 5256 cri-

1987 5303 2222 5358 minibus
2254 5301 2505 5365 liberari,
2549 5314 2655 5355 non
2689 5296 2914 5350 vitulum
2956 5308 3195 5364 prorsus.
3237 5290 3550 5346 ltnmolatus

1988 5409 2220 5464 namque
2246 5403 2330 5450 est
2361 5406 2465 5447 non
2505 5405 2603 5462 pro
2639 5403 2722 5453 se,
2752 5396 2813 5441 ut
2847 5395 2903 5441 tu
2935 5384 3090 5451 dicis,
3126 5385 3220 5442 sed
3267 5399 3363 5452 pro
3402 5382 3552 5438 intir—

392 5568 991 5652 ξιῌειπὸνῃιᾷὸλὲὃ.
1069 5574 1116 5606 ’⁸
1156 5574 1351 5645 Ephes.
1383 5593 1437 5646 γ,
1464 5580 1518 5635 2.
1561 5584 1604 5614 "
1647 5582 1812 5642 llebr.
1842 5601 1892 5652 ι,

1971 5625 1979 5639 .
2055 5587 2101 5620 ’⁸
2141 5584 2296 5642 Juan.
2338 5601 2389 5651 ν,
2438 5582 2527 5639 ιο.
2603 5582 2649 5615 ³⁸
2684 5579 2858 5641 Exod.
2892 5596 2995 5651 ιιι,
3022 5580 3109 5636 l5.
3188 5579 3233 5611 ³⁹
3273 5577 3447 5634 Levit.
3469 5591 3546 5646 tv,

338 5637 418 5703 15,
455 5639 529 5691 Η.
614 5636 659 5671 ⁸⁸
709 5641 841 5695 ibid.
871 5641 964 5693 20.
