  <div class='ocr_page' id='page_1' title='image "/cluster/home/n/w/nwhite01/storage/ocr_20150623/76/hvd.32044073501439/089.png"; bbox 0 0 4004 6202; ppageno 0'>
   <div class='ocr_carea' id='block_1_1' title="bbox 425 269 528 323">
    <p class='ocr_par' dir='ltr' id='par_1_1' title="bbox 425 269 528 323">
     <span class='ocr_line' id='line_1_1' title="bbox 425 269 528 323; baseline 0.01 -1"><span class='ocrx_word' id='word_1_1' title='bbox 425 269 528 323; x_wconf 75' lang='grc'><strong>167</strong></span> 
     </span>
    </p>
   </div>
   <div class='ocr_carea' id='block_1_2' title="bbox 1422 275 2666 340">
    <p class='ocr_par' dir='ltr' id='par_1_2' title="bbox 1422 275 2666 340">
     <span class='ocr_line' id='line_1_2' title="bbox 1422 275 2666 340; baseline 0.008 -12"><span class='ocrx_word' id='word_1_2' title='bbox 1422 275 1478 328; x_wconf 89' lang='lat' dir='ltr'><strong>S.</strong></span> <span class='ocrx_word' id='word_1_3' title='bbox 1523 275 1800 332; x_wconf 68' lang='lat' dir='ltr'><strong>CYRILLI</strong></span> <span class='ocrx_word' id='word_1_4' title='bbox 1841 279 2310 337; x_wconf 66' lang='lat' dir='ltr'><strong>ALEXANDRINI</strong></span> <span class='ocrx_word' id='word_1_5' title='bbox 2350 283 2666 340; x_wconf 76' lang='lat' dir='ltr'><strong>ARClllEP.</strong></span> 
     </span>
    </p>
   </div>
   <div class='ocr_carea' id='block_1_3' title="bbox 3576 296 3670 350">
    <p class='ocr_par' dir='ltr' id='par_1_3' title="bbox 3576 296 3670 350">
     <span class='ocr_line' id='line_1_3' title="bbox 3576 296 3670 350; baseline 0.043 -4"><span class='ocrx_word' id='word_1_6' title='bbox 3576 296 3670 350; x_wconf 80' lang='grc'><strong>168</strong></span> 
     </span>
    </p>
   </div>
   <div class='ocr_carea' id='block_1_4' title="bbox 423 357 1985 474">
    <p class='ocr_par' dir='ltr' id='par_1_4' title="bbox 423 357 1985 465">
     <span class='ocr_line' id='line_1_4' title="bbox 423 357 1985 465; baseline 0.008 -29"><span class='ocrx_word' id='word_1_7' title='bbox 423 382 548 446; x_wconf 86' lang='lat' dir='ltr'><strong>mis,</strong></span> <span class='ocrx_word' id='word_1_8' title='bbox 576 394 676 450; x_wconf 91' lang='lat' dir='ltr'><strong>pro</strong></span> <span class='ocrx_word' id='word_1_9' title='bbox 716 376 915 450; x_wconf 93' lang='lat' dir='ltr'><strong>quibus</strong></span> <span class='ocrx_word' id='word_1_10' title='bbox 954 357 1147 452; x_wconf 82' lang='lat' dir='ltr'><strong>iegalis</strong></span> <span class='ocrx_word' id='word_1_11' title='bbox 1190 385 1306 442; x_wconf 71' lang='lat' dir='ltr'><strong>ille&quot;</strong></span> <span class='ocrx_word' id='word_1_12' title='bbox 1325 390 1565 458; x_wconf 72' lang='lat' dir='ltr'><strong>pontifex</strong></span> <span class='ocrx_word' id='word_1_13' title='bbox 1617 392 1846 446; x_wconf 73' lang='lat' dir='ltr'><strong>faciebat</strong></span> <span class='ocrx_word' id='word_1_14' title='bbox 1886 411 1985 465; x_wconf 87' lang='lat' dir='ltr'><strong>pre</strong></span> 
     </span>
    </p>
   </div>
   <div class='ocr_carea' id='block_1_5' title="bbox 2087 357 3672 474">
    <p class='ocr_par' dir='ltr' id='par_1_5' title="bbox 2105 397 3672 474">
     <span class='ocr_line' id='line_1_5' title="bbox 2105 397 3672 474; baseline 0.01 -25"><span class='ocrx_word' id='word_1_15' title='bbox 2105 399 2330 451; x_wconf 86' lang='grc' dir='ltr'>διειπὼν</span> <span class='ocrx_word' id='word_1_16' title='bbox 2382 397 2443 453; x_wconf 79' lang='grc' dir='ltr'>εὖ</span> <span class='ocrx_word' id='word_1_17' title='bbox 2498 401 2680 471; x_wconf 74' lang='grc' dir='ltr'>μάλα,</span> <span class='ocrx_word' id='word_1_18' title='bbox 2729 404 3104 473; x_wconf 75' lang='grc' dir='ltr'><strong>προσεπάγει,</strong></span> <span class='ocrx_word' id='word_1_19' title='bbox 3152 404 3246 457; x_wconf 86' lang='grc' dir='ltr'><strong>καί</strong></span> <span class='ocrx_word' id='word_1_20' title='bbox 3293 422 3455 474; x_wconf 67' lang='grc' dir='ltr'><strong>φησι⁹</strong></span> <span class='ocrx_word' id='word_1_21' title='bbox 3513 425 3532 458; x_wconf 86' lang='lat' dir='ltr'><strong>t</strong></span> <span class='ocrx_word' id='word_1_22' title='bbox 3569 408 3672 464; x_wconf 68' lang='grc' dir='ltr'><strong>Καὶ</strong></span> 
     </span>
    </p>
   </div>
   <div class='ocr_carea' id='block_1_6' title="bbox 421 475 2000 555">
    <p class='ocr_par' dir='ltr' id='par_1_6' title="bbox 421 475 2000 555">
     <span class='ocr_line' id='line_1_6' title="bbox 421 475 2000 555; baseline 0.008 -28"><span class='ocrx_word' id='word_1_23' title='bbox 421 486 556 527; x_wconf 90' lang='lat' dir='ltr'><strong>ces:</strong></span> <span class='ocrx_word' id='word_1_24' title='bbox 608 480 666 526; x_wconf 90' lang='lat' dir='ltr'><strong>ut</strong></span> <span class='ocrx_word' id='word_1_25' title='bbox 694 486 887 528; x_wconf 91' lang='lat' dir='ltr'><strong>rursus</strong></span> <span class='ocrx_word' id='word_1_26' title='bbox 925 475 1324 532; x_wconf 75' lang='lat' dir='ltr'><strong>animadvertas</strong></span> <span class='ocrx_word' id='word_1_27' title='bbox 1354 480 1673 536; x_wconf 90' lang='lat' dir='ltr'><strong>advocatum</strong></span> <span class='ocrx_word' id='word_1_28' title='bbox 1711 484 1859 538; x_wconf 91' lang='lat' dir='ltr'><strong>illum</strong></span> <span class='ocrx_word' id='word_1_29' title='bbox 1902 502 2000 555; x_wconf 92' lang='lat' dir='ltr'><strong>pro</strong></span> 
     </span>
    </p>
   </div>
   <div class='ocr_carea' id='block_1_7' title="bbox 422 559 2001 644">
    <p class='ocr_par' dir='ltr' id='par_1_7' title="bbox 422 559 2001 644">
     <span class='ocr_line' id='line_1_7' title="bbox 422 559 2001 644; baseline 0.01 -30"><span class='ocrx_word' id='word_1_30' title='bbox 422 567 581 616; x_wconf 84' lang='lat' dir='ltr'><strong>nobis</strong></span> <span class='ocrx_word' id='word_1_31' title='bbox 605 559 807 617; x_wconf 80' lang='lat' dir='ltr'><strong>factum</strong></span> <span class='ocrx_word' id='word_1_32' title='bbox 832 563 898 627; x_wconf 82' lang='grc'><strong>³²,</strong></span> <span class='ocrx_word' id='word_1_33' title='bbox 933 563 1386 638; x_wconf 84' lang='lat' dir='ltr'><strong>innocentemque</strong></span> <span class='ocrx_word' id='word_1_34' title='bbox 1422 581 1483 624; x_wconf 85' lang='lat' dir='ltr'><strong>et</strong></span> <span class='ocrx_word' id='word_1_35' title='bbox 1525 581 1776 626; x_wconf 88' lang='lat' dir='ltr'><strong>sanctum</strong></span> <span class='ocrx_word' id='word_1_36' title='bbox 1823 577 2001 644; x_wconf 87' lang='lat' dir='ltr'><strong>ponti-</strong></span> 
     </span>
    </p>
   </div>
   <div class='ocr_carea' id='block_1_8' title="bbox 419 651 1995 733">
    <p class='ocr_par' dir='ltr' id='par_1_8' title="bbox 419 651 1995 733">
     <span class='ocr_line' id='line_1_8' title="bbox 419 651 1995 733; baseline 0.011 -30"><span class='ocrx_word' id='word_1_37' title='bbox 419 651 615 713; x_wconf 83' lang='lat' dir='ltr'><strong>licem,</strong></span> <span class='ocrx_word' id='word_1_38' title='bbox 654 661 991 720; x_wconf 70' lang='lat' dir='ltr'><strong>segregatum</strong></span> <span class='ocrx_word' id='word_1_39' title='bbox 1041 670 1074 708; x_wconf 69' lang='grc' dir='ltr'>ι</span> <span class='ocrx_word' id='word_1_40' title='bbox 1123 659 1497 724; x_wconf 79' lang='lat' dir='ltr'><strong>peccatoribus</strong></span> <span class='ocrx_word' id='word_1_41' title='bbox 1543 662 1610 718; x_wconf 87' lang='grc'><strong>³³.</strong></span> <span class='ocrx_word' id='word_1_42' title='bbox 1659 662 1826 733; x_wconf 90' lang='lat' dir='ltr'><strong>Igitur</strong></span> <span class='ocrx_word' id='word_1_43' title='bbox 1872 681 1995 720; x_wconf 90' lang='lat' dir='ltr'><strong>cum</strong></span> 
     </span>
    </p>
   </div>
   <div class='ocr_carea' id='block_1_9' title="bbox 417 743 1998 820">
    <p class='ocr_par' dir='ltr' id='par_1_9' title="bbox 417 743 1998 820">
     <span class='ocr_line' id='line_1_9' title="bbox 417 743 1998 820; baseline 0.011 -27"><span class='ocrx_word' id='word_1_44' title='bbox 417 755 603 793; x_wconf 86' lang='lat' dir='ltr'><strong>sermo</strong></span> <span class='ocrx_word' id='word_1_45' title='bbox 631 743 926 796; x_wconf 69' lang='lat' dir='ltr'><strong>adversarii</strong></span> <span class='ocrx_word' id='word_1_46' title='bbox 973 746 1212 815; x_wconf 88' lang='lat' dir='ltr'><strong>undique</strong></span> <span class='ocrx_word' id='word_1_47' title='bbox 1255 747 1594 806; x_wconf 77' lang='lat' dir='ltr'><strong>absurditate</strong></span> <span class='ocrx_word' id='word_1_48' title='bbox 1624 753 1858 820; x_wconf 80' lang='lat' dir='ltr'><strong>laboret,</strong></span> <span class='ocrx_word' id='word_1_49' title='bbox 1902 772 1998 811; x_wconf 91' lang='lat' dir='ltr'><strong>nos</strong></span> 
     </span>
    </p>
   </div>
   <div class='ocr_carea' id='block_1_10' title="bbox 419 831 1995 903">
    <p class='ocr_par' dir='ltr' id='par_1_10' title="bbox 419 831 1995 903">
     <span class='ocr_line' id='line_1_10' title="bbox 419 831 1995 903; baseline 0.011 -19"><span class='ocrx_word' id='word_1_50' title='bbox 419 831 732 896; x_wconf 86' lang='lat' dir='ltr'><strong>pontiﬁcem</strong></span> <span class='ocrx_word' id='word_1_51' title='bbox 754 841 809 886; x_wconf 89' lang='lat' dir='ltr'><strong>et</strong></span> <span class='ocrx_word' id='word_1_52' title='bbox 844 837 1148 903; x_wconf 81' lang='lat' dir='ltr'><strong>apostolum</strong></span> <span class='ocrx_word' id='word_1_53' title='bbox 1175 838 1536 896; x_wconf 80' lang='lat' dir='ltr'><strong>confessionis</strong></span> <span class='ocrx_word' id='word_1_54' title='bbox 1564 855 1762 900; x_wconf 73' lang='lat' dir='ltr'><strong>nostra:</strong></span> <span class='ocrx_word' id='word_1_55' title='bbox 1794 845 1995 901; x_wconf 85' lang='lat' dir='ltr'><strong>factum</strong></span> 
     </span>
    </p>
   </div>
   <div class='ocr_carea' id='block_1_11' title="bbox 417 921 1994 1000">
    <p class='ocr_par' dir='ltr' id='par_1_11' title="bbox 417 921 1994 1000">
     <span class='ocr_line' id='line_1_11' title="bbox 417 921 1994 1000; baseline 0.011 -25"><span class='ocrx_word' id='word_1_56' title='bbox 417 936 540 976; x_wconf 86' lang='lat' dir='ltr'><strong>esse</strong></span> <span class='ocrx_word' id='word_1_57' title='bbox 568 921 798 977; x_wconf 83' lang='lat' dir='ltr'><strong>dicimus</strong></span> <span class='ocrx_word' id='word_1_58' title='bbox 827 923 1005 993; x_wconf 92' lang='lat' dir='ltr'><strong>ipsum</strong></span> <span class='ocrx_word' id='word_1_59' title='bbox 1039 941 1108 980; x_wconf 74' lang='lat' dir='ltr'><strong>ex</strong></span> <span class='ocrx_word' id='word_1_60' title='bbox 1150 928 1262 982; x_wconf 92' lang='lat' dir='ltr'><strong>Deo</strong></span> <span class='ocrx_word' id='word_1_61' title='bbox 1307 929 1469 986; x_wconf 82' lang='lat' dir='ltr'><strong>Patre</strong></span> <span class='ocrx_word' id='word_1_62' title='bbox 1502 931 1738 989; x_wconf 82' lang='lat' dir='ltr'><strong>Verbum</strong></span> <span class='ocrx_word' id='word_1_63' title='bbox 1766 936 1833 1000; x_wconf 73' lang='grc'><strong>³⁸,</strong></span> <span class='ocrx_word' id='word_1_64' title='bbox 1869 955 1994 993; x_wconf 90' lang='lat' dir='ltr'><strong>cum</strong></span> 
     </span>
    </p>
   </div>
   <div class='ocr_carea' id='block_1_12' title="bbox 418 1011 1997 1094">
    <p class='ocr_par' dir='ltr' id='par_1_12' title="bbox 418 1011 1997 1094">
     <span class='ocr_line' id='line_1_12' title="bbox 418 1011 1997 1094; baseline 0.011 -30"><span class='ocrx_word' id='word_1_65' title='bbox 418 1011 593 1066; x_wconf 85' lang='lat' dir='ltr'><strong>factus</strong></span> <span class='ocrx_word' id='word_1_66' title='bbox 631 1013 813 1077; x_wconf 89' lang='lat' dir='ltr'><strong>homo,</strong></span> <span class='ocrx_word' id='word_1_67' title='bbox 852 1029 912 1070; x_wconf 87' lang='lat' dir='ltr'><strong>se</strong></span> <span class='ocrx_word' id='word_1_68' title='bbox 934 1017 1000 1070; x_wconf 91' lang='lat' dir='ltr'><strong>ad</strong></span> <span class='ocrx_word' id='word_1_69' title='bbox 1033 1019 1461 1076; x_wconf 77' lang='lat' dir='ltr'><strong>exiuanitionem</strong></span> <span class='ocrx_word' id='word_1_70' title='bbox 1499 1024 1696 1094; x_wconf 84' lang='lat' dir='ltr'><strong>dejecit</strong></span> <span class='ocrx_word' id='word_1_71' title='bbox 1724 1027 1790 1091; x_wconf 85' lang='grc'><strong>³⁸,</strong></span> <span class='ocrx_word' id='word_1_72' title='bbox 1819 1036 1871 1082; x_wconf 91' lang='lat' dir='ltr'><strong>et</strong></span> <span class='ocrx_word' id='word_1_73' title='bbox 1903 1044 1997 1082; x_wconf 86' lang='lat' dir='ltr'><strong>uo-</strong></span> 
     </span>
    </p>
   </div>
   <div class='ocr_carea' id='block_1_13' title="bbox 416 1106 1998 1184">
    <p class='ocr_par' dir='ltr' id='par_1_13' title="bbox 416 1106 1998 1184">
     <span class='ocr_line' id='line_1_13' title="bbox 416 1106 1998 1184; baseline 0.011 -28"><span class='ocrx_word' id='word_1_74' title='bbox 416 1112 526 1156; x_wconf 89' lang='lat' dir='ltr'><strong>stra</strong></span> <span class='ocrx_word' id='word_1_75' title='bbox 560 1106 875 1173; x_wconf 82' lang='lat' dir='ltr'><strong>assumpsit,</strong></span> <span class='ocrx_word' id='word_1_76' title='bbox 910 1117 968 1161; x_wconf 91' lang='lat' dir='ltr'><strong>ut</strong></span> <span class='ocrx_word' id='word_1_77' title='bbox 995 1111 1232 1180; x_wconf 84' lang='lat' dir='ltr'><strong>seipsum</strong></span> <span class='ocrx_word' id='word_1_78' title='bbox 1265 1115 1429 1168; x_wconf 87' lang='lat' dir='ltr'><strong>etiam</strong></span> <span class='ocrx_word' id='word_1_79' title='bbox 1461 1131 1561 1184; x_wconf 91' lang='lat' dir='ltr'><strong>pro</strong></span> <span class='ocrx_word' id='word_1_80' title='bbox 1590 1119 1842 1174; x_wconf 88' lang='lat' dir='ltr'><strong>omnibus</strong></span> <span class='ocrx_word' id='word_1_81' title='bbox 1873 1120 1998 1174; x_wconf 83' lang='lat' dir='ltr'><strong>olfe-</strong></span> 
     </span>
    </p>
   </div>
   <div class='ocr_carea' id='block_1_14' title="bbox 415 1189 1998 1280">
    <p class='ocr_par' dir='ltr' id='par_1_14' title="bbox 415 1189 1998 1280">
     <span class='ocr_line' id='line_1_14' title="bbox 415 1189 1998 1280; baseline 0.011 -32"><span class='ocrx_word' id='word_1_82' title='bbox 415 1209 540 1250; x_wconf 89' lang='lat' dir='ltr'><strong>rens</strong></span> <span class='ocrx_word' id='word_1_83' title='bbox 567 1194 716 1251; x_wconf 85' lang='lat' dir='ltr'><strong>Patri</strong></span> <span class='ocrx_word' id='word_1_84' title='bbox 753 1189 809 1253; x_wconf 85' lang='lat' dir='ltr'><strong>in</strong></span> <span class='ocrx_word' id='word_1_85' title='bbox 847 1201 1073 1256; x_wconf 88' lang='lat' dir='ltr'><strong>odorem</strong></span> <span class='ocrx_word' id='word_1_86' title='bbox 1123 1207 1410 1262; x_wconf 80' lang='lat' dir='ltr'><strong>suavitatis</strong></span> <span class='ocrx_word' id='word_1_87' title='bbox 1441 1209 1509 1272; x_wconf 82' lang='grc'><strong>³⁸,</strong></span> <span class='ocrx_word' id='word_1_88' title='bbox 1558 1212 1863 1280; x_wconf 82' lang='lat' dir='ltr'><strong>acquireret</strong></span> <span class='ocrx_word' id='word_1_89' title='bbox 1905 1229 1998 1266; x_wconf 61' lang='grc' dir='ltr'>οτι</span> 
     </span>
    </p>
   </div>
   <div class='ocr_carea' id='block_1_15' title="bbox 414 1285 1994 1375">
    <p class='ocr_par' dir='ltr' id='par_1_15' title="bbox 414 1285 1994 1375">
     <span class='ocr_line' id='line_1_15' title="bbox 414 1285 1994 1375; baseline 0.012 -36"><span class='ocrx_word' id='word_1_90' title='bbox 414 1285 535 1340; x_wconf 79' lang='lat' dir='ltr'><strong>bern</strong></span> <span class='ocrx_word' id='word_1_91' title='bbox 589 1298 876 1358; x_wconf 86' lang='lat' dir='ltr'><strong>terrarum,</strong></span> <span class='ocrx_word' id='word_1_92' title='bbox 931 1295 1200 1351; x_wconf 80' lang='lat' dir='ltr'><strong>eximeret</strong></span> <span class='ocrx_word' id='word_1_93' title='bbox 1237 1301 1514 1356; x_wconf 80' lang='lat' dir='ltr'><strong>veteribus</strong></span> <span class='ocrx_word' id='word_1_94' title='bbox 1567 1304 1762 1373; x_wconf 88' lang='lat' dir='ltr'><strong>culpis,</strong></span> <span class='ocrx_word' id='word_1_95' title='bbox 1823 1307 1994 1375; x_wconf 80' lang='lat' dir='ltr'><strong>gratia</strong></span> 
     </span>
    </p>
   </div>
   <div class='ocr_carea' id='block_1_16' title="bbox 410 1376 1995 1466">
    <p class='ocr_par' dir='ltr' id='par_1_16' title="bbox 410 1376 1995 1466">
     <span class='ocr_line' id='line_1_16' title="bbox 410 1376 1995 1466; baseline 0.013 -36"><span class='ocrx_word' id='word_1_96' title='bbox 410 1376 739 1446; x_wconf 79' lang='lat' dir='ltr'><strong>justiﬁearet</strong></span> <span class='ocrx_word' id='word_1_97' title='bbox 769 1398 866 1452; x_wconf 90' lang='lat' dir='ltr'><strong>per</strong></span> <span class='ocrx_word' id='word_1_98' title='bbox 899 1385 1058 1441; x_wconf 88' lang='lat' dir='ltr'><strong>ﬁdem</strong></span> <span class='ocrx_word' id='word_1_99' title='bbox 1092 1389 1160 1451; x_wconf 83' lang='grc'><strong>³⁷,</strong></span> <span class='ocrx_word' id='word_1_100' title='bbox 1204 1392 1394 1446; x_wconf 90' lang='lat' dir='ltr'><strong>mortis</strong></span> <span class='ocrx_word' id='word_1_101' title='bbox 1431 1403 1595 1463; x_wconf 89' lang='lat' dir='ltr'><strong>atque</strong></span> <span class='ocrx_word' id='word_1_102' title='bbox 1631 1397 1995 1466; x_wconf 85' lang='lat' dir='ltr'><strong>corruptionis</strong></span> 
     </span>
    </p>
   </div>
   <div class='ocr_carea' id='block_1_17' title="bbox 414 1470 1992 1556">
    <p class='ocr_par' dir='ltr' id='par_1_17' title="bbox 414 1470 1992 1556">
     <span class='ocr_line' id='line_1_17' title="bbox 414 1470 1992 1556; baseline 0.015 -34"><span class='ocrx_word' id='word_1_103' title='bbox 414 1470 652 1527; x_wconf 74' lang='lat' dir='ltr'><strong>victores</strong></span> <span class='ocrx_word' id='word_1_104' title='bbox 677 1473 938 1540; x_wconf 72' lang='lat' dir='ltr'><strong>efficeret,</strong></span> <span class='ocrx_word' id='word_1_105' title='bbox 979 1493 1168 1536; x_wconf 87' lang='lat' dir='ltr'><strong>sacros</strong></span> <span class='ocrx_word' id='word_1_106' title='bbox 1207 1485 1369 1538; x_wconf 91' lang='lat' dir='ltr'><strong>etiam</strong></span> <span class='ocrx_word' id='word_1_107' title='bbox 1407 1495 1570 1556; x_wconf 83' lang='lat' dir='ltr'><strong>atque</strong></span> <span class='ocrx_word' id='word_1_108' title='bbox 1606 1490 1992 1555; x_wconf 88' lang='lat' dir='ltr'><strong>sanctiﬁcatos,</strong></span> 
     </span>
    </p>
   </div>
   <div class='ocr_carea' id='block_1_18' title="bbox 413 1563 1994 1646">
    <p class='ocr_par' dir='ltr' id='par_1_18' title="bbox 413 1563 1994 1646">
     <span class='ocr_line' id='line_1_18' title="bbox 413 1563 1994 1646; baseline 0.014 -33"><span class='ocrx_word' id='word_1_109' title='bbox 413 1571 467 1614; x_wconf 91' lang='lat' dir='ltr'><strong>et</strong></span> <span class='ocrx_word' id='word_1_110' title='bbox 499 1563 551 1616; x_wconf 91' lang='lat' dir='ltr'><strong>in</strong></span> <span class='ocrx_word' id='word_1_111' title='bbox 582 1565 728 1618; x_wconf 90' lang='lat' dir='ltr'><strong>omni</strong></span> <span class='ocrx_word' id='word_1_112' title='bbox 763 1567 983 1625; x_wconf 90' lang='lat' dir='ltr'><strong>virtutis</strong></span> <span class='ocrx_word' id='word_1_113' title='bbox 1018 1588 1218 1642; x_wconf 78' lang='lat' dir='ltr'><strong>genere</strong></span> <span class='ocrx_word' id='word_1_114' title='bbox 1248 1576 1518 1644; x_wconf 85' lang='lat' dir='ltr'><strong>perfectos</strong></span> <span class='ocrx_word' id='word_1_115' title='bbox 1551 1581 1821 1646; x_wconf 86' lang='lat' dir='ltr'><strong>redderet,</strong></span> <span class='ocrx_word' id='word_1_116' title='bbox 1845 1581 1994 1635; x_wconf 88' lang='lat' dir='ltr'><strong>illum</strong></span> 
     </span>
    </p>
   </div>
   <div class='ocr_carea' id='block_1_19' title="bbox 414 1652 1991 1741">
    <p class='ocr_par' dir='ltr' id='par_1_19' title="bbox 414 1652 1991 1741">
     <span class='ocr_line' id='line_1_19' title="bbox 414 1652 1991 1741; baseline 0.014 -37"><span class='ocrx_word' id='word_1_117' title='bbox 414 1652 753 1709; x_wconf 85' lang='lat' dir='ltr'><strong>Salvatorem</strong></span> <span class='ocrx_word' id='word_1_118' title='bbox 783 1673 848 1712; x_wconf 84' lang='lat' dir='ltr'><strong>ac</strong></span> <span class='ocrx_word' id='word_1_119' title='bbox 878 1659 1301 1732; x_wconf 82' lang='lat' dir='ltr'><strong>Redemptorem</strong></span> <span class='ocrx_word' id='word_1_120' title='bbox 1334 1668 1675 1733; x_wconf 84' lang='lat' dir='ltr'><strong>confitentes,</strong></span> <span class='ocrx_word' id='word_1_121' title='bbox 1703 1686 1800 1741; x_wconf 90' lang='lat' dir='ltr'><strong>per</strong></span> <span class='ocrx_word' id='word_1_122' title='bbox 1830 1687 1991 1741; x_wconf 91' lang='lat' dir='ltr'><strong>quem</strong></span> 
     </span>
    </p>
   </div>
   <div class='ocr_carea' id='block_1_20' title="bbox 2102 490 3672 567">
    <p class='ocr_par' dir='ltr' id='par_1_20' title="bbox 2102 490 3672 567">
     <span class='ocr_line' id='line_1_20' title="bbox 2102 490 3672 567; baseline 0.007 -26"><span class='ocrx_word' id='word_1_123' title='bbox 2102 490 2412 553; x_wconf 77' lang='grc' dir='ltr'>έξιλάσεται</span> <span class='ocrx_word' id='word_1_124' title='bbox 2441 493 2571 563; x_wconf 70' lang='grc' dir='ltr'>περὶ</span> <span class='ocrx_word' id='word_1_125' title='bbox 2606 493 2787 546; x_wconf 78' lang='grc' dir='ltr'>αὐτῶν</span> <span class='ocrx_word' id='word_1_126' title='bbox 2815 497 2843 548; x_wconf 95' lang='lat'><strong>6</strong></span> <span class='ocrx_word' id='word_1_127' title='bbox 2871 497 3067 567; x_wconf 76' lang='grc' dir='ltr'>ἱερεὺς,</span> <span class='ocrx_word' id='word_1_128' title='bbox 3099 498 3194 549; x_wconf 70' lang='grc' dir='ltr'>καὶ</span> <span class='ocrx_word' id='word_1_129' title='bbox 3217 497 3556 567; x_wconf 76' lang='grc' dir='ltr'>ἀφεθήσεται</span> <span class='ocrx_word' id='word_1_130' title='bbox 3586 503 3672 552; x_wconf 77' lang='grc' dir='ltr'><strong>αὑ-</strong></span> 
     </span>
    </p>
   </div>
   <div class='ocr_carea' id='block_1_21' title="bbox 2101 582 3677 657">
    <p class='ocr_par' dir='ltr' id='par_1_21' title="bbox 2101 582 3677 657">
     <span class='ocr_line' id='line_1_21' title="bbox 2101 582 3677 657; baseline 0.006 -25"><span class='ocrx_word' id='word_1_131' title='bbox 2101 583 2212 643; x_wconf 82' lang='grc' dir='ltr'>τοῖς</span> <span class='ocrx_word' id='word_1_132' title='bbox 2249 582 2282 650; x_wconf 82' lang='grc' dir='ltr'><strong>ὴ</strong></span> <span class='ocrx_word' id='word_1_133' title='bbox 2314 582 2578 652; x_wconf 87' lang='grc' dir='ltr'>ἁμαρτία.</span> <span class='ocrx_word' id='word_1_134' title='bbox 2617 603 2636 635; x_wconf 74' lang='grc' dir='ltr'><strong>ι</strong></span> <span class='ocrx_word' id='word_1_135' title='bbox 2672 584 2863 654; x_wconf 80' lang='grc' dir='ltr'>’Δθρει</span> <span class='ocrx_word' id='word_1_136' title='bbox 2980 582 3093 648; x_wconf 80' lang='grc' dir='ltr'>οὖν,</span> <span class='ocrx_word' id='word_1_137' title='bbox 3124 587 3207 638; x_wconf 76' lang='grc' dir='ltr'>ὅτι</span> <span class='ocrx_word' id='word_1_138' title='bbox 3244 588 3677 657; x_wconf 77' lang='grc' dir='ltr'>προσεκομίζετο</span> 
     </span>
    </p>
   </div>
   <div class='ocr_carea' id='block_1_22' title="bbox 2103 671 3677 746">
    <p class='ocr_par' dir='ltr' id='par_1_22' title="bbox 2103 671 3677 746">
     <span class='ocr_line' id='line_1_22' title="bbox 2103 671 3677 746; baseline 0.005 -24"><span class='ocrx_word' id='word_1_139' title='bbox 2103 671 2203 740; x_wconf 81' lang='grc' dir='ltr'>μὲν</span> <span class='ocrx_word' id='word_1_140' title='bbox 2241 674 2269 724; x_wconf 90' lang='lat'><strong>6</strong></span> <span class='ocrx_word' id='word_1_141' title='bbox 2323 673 2526 742; x_wconf 83' lang='grc' dir='ltr'><strong>μόσχος</strong></span> <span class='ocrx_word' id='word_1_142' title='bbox 2559 675 2619 727; x_wconf 81' lang='grc' dir='ltr'>ὲν</span> <span class='ocrx_word' id='word_1_143' title='bbox 2648 675 2807 744; x_wconf 79' lang='grc' dir='ltr'>τύπῳ</span> <span class='ocrx_word' id='word_1_144' title='bbox 2835 676 3070 746; x_wconf 75' lang='grc' dir='ltr'><strong>Χριστοῦ</strong></span> <span class='ocrx_word' id='word_1_145' title='bbox 3115 676 3209 728; x_wconf 81' lang='grc' dir='ltr'><strong>τοῦ</strong></span> <span class='ocrx_word' id='word_1_146' title='bbox 3250 677 3555 746; x_wconf 88' lang='grc' dir='ltr'>πανάγνου,</span> <span class='ocrx_word' id='word_1_147' title='bbox 3587 680 3677 731; x_wconf 74' lang='grc' dir='ltr'><strong>καὶ</strong></span> 
     </span>
    </p>
   </div>
   <div class='ocr_carea' id='block_1_23' title="bbox 2102 763 3678 837">
    <p class='ocr_par' dir='ltr' id='par_1_23' title="bbox 2102 763 3678 837">
     <span class='ocr_line' id='line_1_23' title="bbox 2102 763 3678 837; baseline 0.004 -23"><span class='ocrx_word' id='word_1_148' title='bbox 2102 763 2294 832; x_wconf 81' lang='grc' dir='ltr'>μῶμον</span> <span class='ocrx_word' id='word_1_149' title='bbox 2331 763 2424 816; x_wconf 85' lang='grc' dir='ltr'><strong>τοῦ</strong></span> <span class='ocrx_word' id='word_1_150' title='bbox 2463 765 2575 835; x_wconf 69' lang='grc'><strong>(23)</strong></span> <span class='ocrx_word' id='word_1_151' title='bbox 2597 764 2705 836; x_wconf 73' lang='grc' dir='ltr'>ομὴ</span> <span class='ocrx_word' id='word_1_152' title='bbox 2754 765 3004 835; x_wconf 72' lang='grc' dir='ltr'><strong>ἔχοντος⁸</strong></span> <span class='ocrx_word' id='word_1_153' title='bbox 3038 767 3444 837; x_wconf 77' lang='grc' dir='ltr'><strong>ἀπηλλάττοντο</strong></span> <span class='ocrx_word' id='word_1_154' title='bbox 3476 767 3534 820; x_wconf 82' lang='grc' dir='ltr'>δὲ</span> <span class='ocrx_word' id='word_1_155' title='bbox 3573 769 3678 820; x_wconf 86' lang='grc' dir='ltr'><strong>τῶν</strong></span> 
     </span>
    </p>
   </div>
   <div class='ocr_carea' id='block_1_24' title="bbox 2102 850 3678 925">
    <p class='ocr_par' dir='ltr' id='par_1_24' title="bbox 2102 850 3678 925">
     <span class='ocr_line' id='line_1_24' title="bbox 2102 850 3678 925; baseline 0.006 -24"><span class='ocrx_word' id='word_1_156' title='bbox 2102 850 2250 903; x_wconf 74' lang='grc' dir='ltr'>ἰδίων</span> <span class='ocrx_word' id='word_1_157' title='bbox 2295 853 2634 921; x_wconf 79' lang='grc' dir='ltr'>αἱτιαμάτων</span> <span class='ocrx_word' id='word_1_158' title='bbox 2664 856 2712 906; x_wconf 75' lang='lat' dir='ltr'><strong>ot</strong></span> <span class='ocrx_word' id='word_1_159' title='bbox 2743 855 3240 925; x_wconf 77' lang='grc' dir='ltr'>προσ-κομίζοντες,</span> <span class='ocrx_word' id='word_1_160' title='bbox 3280 857 3375 908; x_wconf 75' lang='grc' dir='ltr'>καὶ</span> <span class='ocrx_word' id='word_1_161' title='bbox 3420 855 3536 910; x_wconf 77' lang='grc' dir='ltr'>οὔτι</span> <span class='ocrx_word' id='word_1_162' title='bbox 3578 875 3678 910; x_wconf 81' lang='grc' dir='ltr'><strong>που</strong></span> 
     </span>
    </p>
   </div>
   <div class='ocr_carea' id='block_1_25' title="bbox 2102 942 3680 1018">
    <p class='ocr_par' dir='ltr' id='par_1_25' title="bbox 2102 942 3680 1018">
     <span class='ocr_line' id='line_1_25' title="bbox 2102 942 3680 1018; baseline 0.006 -25"><span class='ocrx_word' id='word_1_163' title='bbox 2102 942 2247 1011; x_wconf 86' lang='grc' dir='ltr'>μάλα</span> <span class='ocrx_word' id='word_1_164' title='bbox 2291 943 2320 994; x_wconf 92' lang='lat'><strong>6</strong></span> <span class='ocrx_word' id='word_1_165' title='bbox 2365 944 2586 1013; x_wconf 84' lang='grc' dir='ltr'>μόσχος.</span> <span class='ocrx_word' id='word_1_166' title='bbox 2618 945 2852 998; x_wconf 60' lang='lat' dir='ltr'><strong>meum:</strong></span> <span class='ocrx_word' id='word_1_167' title='bbox 2881 946 2990 1016; x_wconf 82' lang='grc' dir='ltr'>γὰρ</span> <span class='ocrx_word' id='word_1_168' title='bbox 3037 947 3138 1013; x_wconf 75' lang='grc' dir='ltr'>οὐχ</span> <span class='ocrx_word' id='word_1_169' title='bbox 3180 948 3321 1017; x_wconf 83' lang='grc' dir='ltr'>ὑπέρ</span> <span class='ocrx_word' id='word_1_170' title='bbox 3365 965 3428 1015; x_wconf 90' lang='grc' dir='ltr'><strong>γε</strong></span> <span class='ocrx_word' id='word_1_171' title='bbox 3478 949 3680 1018; x_wconf 78' lang='grc' dir='ltr'>μᾶλλον</span> 
     </span>
    </p>
   </div>
   <div class='ocr_carea' id='block_1_26' title="bbox 2097 1033 3678 1109">
    <p class='ocr_par' dir='ltr' id='par_1_26' title="bbox 2097 1033 3678 1109">
     <span class='ocr_line' id='line_1_26' title="bbox 2097 1033 3678 1109; baseline 0.005 -23"><span class='ocrx_word' id='word_1_172' title='bbox 2097 1033 2474 1097; x_wconf 83' lang='grc' dir='ltr'>ἑαυτοῦ,καθά</span> <span class='ocrx_word' id='word_1_173' title='bbox 2505 1037 2568 1088; x_wconf 79' lang='grc' dir='ltr'>σὺ</span> <span class='ocrx_word' id='word_1_174' title='bbox 2597 1036 2852 1104; x_wconf 48' lang='lat' dir='ltr'><strong>emam</strong></span> <span class='ocrx_word' id='word_1_175' title='bbox 2878 1039 3016 1108; x_wconf 85' lang='grc' dir='ltr'>ὑπέρ</span> <span class='ocrx_word' id='word_1_176' title='bbox 3044 1055 3107 1106; x_wconf 91' lang='grc' dir='ltr'><strong>γε</strong></span> <span class='ocrx_word' id='word_1_177' title='bbox 3129 1039 3242 1091; x_wconf 86' lang='grc' dir='ltr'><strong>τῶν</strong></span> <span class='ocrx_word' id='word_1_178' title='bbox 3271 1039 3678 1109; x_wconf 73' lang='grc' dir='ltr'>ὴσθενηκότων,</span> 
     </span>
    </p>
   </div>
   <div class='ocr_carea' id='block_1_27' title="bbox 2098 1121 3680 1204">
    <p class='ocr_par' dir='ltr' id='par_1_27' title="bbox 2098 1121 3680 1204">
     <span class='ocr_line' id='line_1_27' title="bbox 2098 1121 3680 1204; baseline 0.004 -25"><span class='ocrx_word' id='word_1_179' title='bbox 2098 1127 2238 1197; x_wconf 84' lang='grc' dir='ltr'>ὑπὲρ</span> <span class='ocrx_word' id='word_1_180' title='bbox 2260 1121 2335 1180; x_wconf 82' lang='grc' dir='ltr'>ὧν</span> <span class='ocrx_word' id='word_1_181' title='bbox 2361 1130 2595 1182; x_wconf 79' lang='grc' dir='ltr'>ἐποιεῖτο</span> <span class='ocrx_word' id='word_1_182' title='bbox 2618 1131 2715 1193; x_wconf 76' lang='grc' dir='ltr'>τὰς</span> <span class='ocrx_word' id='word_1_183' title='bbox 2735 1129 2888 1194; x_wconf 75' lang='grc' dir='ltr'>λιτὰς</span> <span class='ocrx_word' id='word_1_184' title='bbox 2917 1131 2946 1182; x_wconf 97' lang='lat'><strong>6</strong></span> <span class='ocrx_word' id='word_1_185' title='bbox 2975 1131 3116 1183; x_wconf 87' lang='grc' dir='ltr'><strong>κατά</strong></span> <span class='ocrx_word' id='word_1_186' title='bbox 3144 1132 3345 1200; x_wconf 81' lang='grc' dir='ltr'>νόμους</span> <span class='ocrx_word' id='word_1_187' title='bbox 3362 1133 3680 1204; x_wconf 68' lang='grc' dir='ltr'>ἀρχιερεύς,</span> 
     </span>
    </p>
   </div>
   <div class='ocr_carea' id='block_1_28' title="bbox 2098 1220 3686 1305">
    <p class='ocr_par' dir='ltr' id='par_1_28' title="bbox 2098 1220 3686 1305">
     <span class='ocr_line' id='line_1_28' title="bbox 2098 1220 3686 1305; baseline 0.005 -33"><span class='ocrx_word' id='word_1_188' title='bbox 2098 1220 2186 1272; x_wconf 86' lang='grc' dir='ltr'>ἵνα</span> <span class='ocrx_word' id='word_1_189' title='bbox 2241 1220 2403 1273; x_wconf 80' lang='grc' dir='ltr'>πάλιν</span> <span class='ocrx_word' id='word_1_190' title='bbox 2445 1223 2632 1291; x_wconf 81' lang='grc' dir='ltr'>ὲννοῇς</span> <span class='ocrx_word' id='word_1_191' title='bbox 2673 1223 2762 1276; x_wconf 73' lang='grc' dir='ltr'>τὸν</span> <span class='ocrx_word' id='word_1_192' title='bbox 2809 1221 2952 1293; x_wconf 80' lang='grc' dir='ltr'>ὑπὲρ</span> <span class='ocrx_word' id='word_1_193' title='bbox 2984 1223 3145 1293; x_wconf 86' lang='grc' dir='ltr'>ήμῶν</span> <span class='ocrx_word' id='word_1_194' title='bbox 3189 1225 3456 1291; x_wconf 79' lang='grc' dir='ltr'><strong>γεγονότα</strong></span> <span class='ocrx_word' id='word_1_195' title='bbox 3502 1227 3686 1305; x_wconf 74' lang='grc' dir='ltr'>παρά-</span> 
     </span>
    </p>
   </div>
   <div class='ocr_carea' id='block_1_29' title="bbox 2096 1311 3687 1388">
    <p class='ocr_par' dir='ltr' id='par_1_29' title="bbox 2096 1311 3687 1388">
     <span class='ocr_line' id='line_1_29' title="bbox 2096 1311 3687 1388; baseline 0.006 -25"><span class='ocrx_word' id='word_1_196' title='bbox 2096 1311 2316 1380; x_wconf 84' lang='grc' dir='ltr'>κλητον,</span> <span class='ocrx_word' id='word_1_197' title='bbox 2335 1313 2567 1382; x_wconf 84' lang='grc' dir='ltr'>ἀμωμόν</span> <span class='ocrx_word' id='word_1_198' title='bbox 2587 1330 2646 1365; x_wconf 91' lang='grc' dir='ltr'><strong>τε</strong></span> <span class='ocrx_word' id='word_1_199' title='bbox 2669 1314 2766 1366; x_wconf 74' lang='grc' dir='ltr'><strong>καὶ</strong></span> <span class='ocrx_word' id='word_1_200' title='bbox 2789 1315 2937 1366; x_wconf 82' lang='grc' dir='ltr'>ὅσιον</span> <span class='ocrx_word' id='word_1_201' title='bbox 2965 1315 3249 1386; x_wconf 84' lang='grc' dir='ltr'>ἀρχιερέα,</span> <span class='ocrx_word' id='word_1_202' title='bbox 3269 1318 3687 1388; x_wconf 76' lang='grc' dir='ltr'><strong>κεχωρισμένον</strong></span> 
     </span>
    </p>
   </div>
   <div class='ocr_carea' id='block_1_30' title="bbox 2097 1401 3689 1480">
    <p class='ocr_par' dir='ltr' id='par_1_30' title="bbox 2097 1401 3689 1480">
     <span class='ocr_line' id='line_1_30' title="bbox 2097 1401 3689 1480; baseline 0.005 -25"><span class='ocrx_word' id='word_1_203' title='bbox 2097 1403 2204 1456; x_wconf 88' lang='grc' dir='ltr'><strong>τῶν</strong></span> <span class='ocrx_word' id='word_1_204' title='bbox 2234 1401 2600 1474; x_wconf 82' lang='grc' dir='ltr'><strong>ἁμαρτωλῶν.</strong></span> <span class='ocrx_word' id='word_1_205' title='bbox 2631 1407 2976 1474; x_wconf 78' lang='grc' dir='ltr'><strong>Πανταχόθεν</strong></span> <span class='ocrx_word' id='word_1_206' title='bbox 3009 1407 3299 1478; x_wconf 76' lang='grc' dir='ltr'>τοιγαροῦν</span> <span class='ocrx_word' id='word_1_207' title='bbox 3324 1409 3689 1480; x_wconf 77' lang='grc' dir='ltr'>ηρῤωστηκό-</span> 
     </span>
    </p>
   </div>
   <div class='ocr_carea' id='block_1_31' title="bbox 2096 1494 3689 1570">
    <p class='ocr_par' dir='ltr' id='par_1_31' title="bbox 2096 1494 3689 1570">
     <span class='ocr_line' id='line_1_31' title="bbox 2096 1494 3689 1570; baseline 0.004 -24"><span class='ocrx_word' id='word_1_208' title='bbox 2096 1510 2188 1556; x_wconf 88' lang='grc' dir='ltr'><strong>τος</strong></span> <span class='ocrx_word' id='word_1_209' title='bbox 2223 1494 2318 1546; x_wconf 90' lang='grc' dir='ltr'><strong>τοῦ</strong></span> <span class='ocrx_word' id='word_1_210' title='bbox 2343 1495 2502 1562; x_wconf 81' lang='grc' dir='ltr'>λόγου</span> <span class='ocrx_word' id='word_1_211' title='bbox 2545 1495 2606 1547; x_wconf 82' lang='grc' dir='ltr'>τὸ</span> <span class='ocrx_word' id='word_1_212' title='bbox 2643 1496 2880 1559; x_wconf 78' lang='grc' dir='ltr'><strong>ἀκαλλὲς</strong></span> <span class='ocrx_word' id='word_1_213' title='bbox 2911 1496 2989 1566; x_wconf 82' lang='grc' dir='ltr'>τῷ</span> <span class='ocrx_word' id='word_1_214' title='bbox 3019 1496 3085 1549; x_wconf 88' lang='grc' dir='ltr'><strong>δι’</strong></span> <span class='ocrx_word' id='word_1_215' title='bbox 3111 1498 3381 1562; x_wconf 74' lang='grc' dir='ltr'>ἐναντίας,</span> <span class='ocrx_word' id='word_1_216' title='bbox 3413 1501 3689 1570; x_wconf 76' lang='grc' dir='ltr'><strong>ἀρχιερέα</strong></span> 
     </span>
    </p>
   </div>
   <div class='ocr_carea' id='block_1_32' title="bbox 2097 1581 3690 1656">
    <p class='ocr_par' dir='ltr' id='par_1_32' title="bbox 2097 1581 3690 1656">
     <span class='ocr_line' id='line_1_32' title="bbox 2097 1581 3690 1656; baseline 0.005 -23"><span class='ocrx_word' id='word_1_217' title='bbox 2097 1581 2193 1633; x_wconf 76' lang='grc' dir='ltr'>καὶ</span> <span class='ocrx_word' id='word_1_218' title='bbox 2241 1581 2540 1634; x_wconf 78' lang='grc' dir='ltr'>ἀπόστολον</span> <span class='ocrx_word' id='word_1_219' title='bbox 2569 1582 2670 1651; x_wconf 80' lang='grc' dir='ltr'>τῆς</span> <span class='ocrx_word' id='word_1_220' title='bbox 2699 1583 2989 1652; x_wconf 81' lang='grc' dir='ltr'>ὁμολογίας</span> <span class='ocrx_word' id='word_1_221' title='bbox 3015 1583 3172 1653; x_wconf 85' lang='grc' dir='ltr'>ἡμῶν</span> <span class='ocrx_word' id='word_1_222' title='bbox 3213 1585 3466 1652; x_wconf 84' lang='grc' dir='ltr'>γενέσθαι</span> <span class='ocrx_word' id='word_1_223' title='bbox 3497 1588 3690 1656; x_wconf 79' lang='grc' dir='ltr'>φαμὲν</span> 
     </span>
    </p>
   </div>
   <div class='ocr_carea' id='block_1_33' title="bbox 2097 1671 3691 1744">
    <p class='ocr_par' dir='ltr' id='par_1_33' title="bbox 2097 1671 3691 1744">
     <span class='ocr_line' id='line_1_33' title="bbox 2097 1671 3691 1744; baseline 0.004 -20"><span class='ocrx_word' id='word_1_224' title='bbox 2097 1671 2260 1724; x_wconf 71' lang='grc' dir='ltr'>αὑτὸν</span> <span class='ocrx_word' id='word_1_225' title='bbox 2304 1672 2396 1725; x_wconf 81' lang='grc' dir='ltr'>τὸν</span> <span class='ocrx_word' id='word_1_226' title='bbox 2442 1673 2506 1725; x_wconf 80' lang='grc' dir='ltr'>ὲκ</span> <span class='ocrx_word' id='word_1_227' title='bbox 2533 1672 2669 1724; x_wconf 84' lang='grc' dir='ltr'><strong>Θεοῦ</strong></span> <span class='ocrx_word' id='word_1_228' title='bbox 2711 1673 2927 1743; x_wconf 84' lang='grc' dir='ltr'>Πατρὸς</span> <span class='ocrx_word' id='word_1_229' title='bbox 2973 1674 3166 1742; x_wconf 82' lang='grc' dir='ltr'>Λόγον,</span> <span class='ocrx_word' id='word_1_230' title='bbox 3196 1676 3286 1728; x_wconf 82' lang='grc' dir='ltr'>ὅτε</span> <span class='ocrx_word' id='word_1_231' title='bbox 3315 1677 3544 1744; x_wconf 88' lang='grc' dir='ltr'>γέγονεν</span> <span class='ocrx_word' id='word_1_232' title='bbox 3583 1677 3691 1730; x_wconf 78' lang='grc' dir='ltr'><strong>ἄν·</strong></span> 
     </span>
    </p>
   </div>
   <div class='ocr_carea' id='block_1_34' title="bbox 413 1737 1985 1835">
    <p class='ocr_par' dir='ltr' id='par_1_34' title="bbox 413 1737 1985 1835">
     <span class='ocr_line' id='line_1_34' title="bbox 413 1737 1985 1835; baseline 0.015 -38"><span class='ocrx_word' id='word_1_233' title='bbox 413 1755 614 1800; x_wconf 88' lang='lat' dir='ltr'><strong>etcum</strong></span> <span class='ocrx_word' id='word_1_234' title='bbox 641 1763 747 1816; x_wconf 92' lang='lat' dir='ltr'><strong>quo</strong></span> <span class='ocrx_word' id='word_1_235' title='bbox 787 1750 896 1806; x_wconf 92' lang='lat' dir='ltr'><strong>Deo</strong></span> <span class='ocrx_word' id='word_1_236' title='bbox 921 1762 976 1808; x_wconf 90' lang='lat' dir='ltr'><strong>et</strong></span> <span class='ocrx_word' id='word_1_237' title='bbox 1005 1754 1152 1812; x_wconf 85' lang='lat' dir='ltr'><strong>Patri</strong></span> <span class='ocrx_word' id='word_1_238' title='bbox 1193 1758 1362 1829; x_wconf 83' lang='lat' dir='ltr'><strong>gloria</strong></span> <span class='ocrx_word' id='word_1_239' title='bbox 1393 1775 1516 1816; x_wconf 89' lang='lat' dir='ltr'><strong>cum</strong></span> <span class='ocrx_word' id='word_1_240' title='bbox 1553 1737 1742 1819; x_wconf 78' lang='lat' dir='ltr'><strong>sancto</strong></span> <span class='ocrx_word' id='word_1_241' title='bbox 1783 1737 1985 1835; x_wconf 69' lang='lat' dir='ltr'><strong>Spiritu</strong></span> 
     </span>
    </p>
   </div>
   <div class='ocr_carea' id='block_1_35' title="bbox 2087 1737 3688 1835">
    <p class='ocr_par' dir='ltr' id='par_1_35' title="bbox 2096 1737 3688 1834">
     <span class='ocr_line' id='line_1_35' title="bbox 2096 1737 3688 1834; baseline 0.004 -19"><span class='ocrx_word' id='word_1_242' title='bbox 2096 1762 2334 1834; x_wconf 88' lang='grc' dir='ltr'>θρωπος,</span> <span class='ocrx_word' id='word_1_243' title='bbox 2367 1763 2555 1826; x_wconf 70' lang='grc' dir='ltr'>καθεὶς</span> <span class='ocrx_word' id='word_1_244' title='bbox 2585 1763 2776 1816; x_wconf 77' lang='grc' dir='ltr'>ἑαυτὸν</span> <span class='ocrx_word' id='word_1_245' title='bbox 2805 1737 2888 1826; x_wconf 79' lang='grc' dir='ltr'><strong>είς</strong></span> <span class='ocrx_word' id='word_1_246' title='bbox 2917 1737 3172 1828; x_wconf 80' lang='grc' dir='ltr'>κένωσιν,</span> <span class='ocrx_word' id='word_1_247' title='bbox 3196 1767 3290 1818; x_wconf 74' lang='grc' dir='ltr'><strong>καὶ</strong></span> <span class='ocrx_word' id='word_1_248' title='bbox 3322 1737 3380 1818; x_wconf 76' lang='grc' dir='ltr'><strong>έν</strong></span> <span class='ocrx_word' id='word_1_249' title='bbox 3398 1737 3524 1830; x_wconf 38' lang='grc' dir='ltr'>’τοῖς</span> <span class='ocrx_word' id='word_1_250' title='bbox 3553 1769 3688 1822; x_wconf 78' lang='grc' dir='ltr'>καθ’</span> 
     </span>
    </p>
   </div>
   <div class='ocr_carea' id='block_1_36' title="bbox 413 1834 943 1902">
    <p class='ocr_par' dir='ltr' id='par_1_36' title="bbox 413 1834 943 1902">
     <span class='ocr_line' id='line_1_36' title="bbox 413 1834 943 1902; baseline 0.017 -16"><span class='ocrx_word' id='word_1_251' title='bbox 413 1834 466 1888; x_wconf 88' lang='lat' dir='ltr'><strong>iu</strong></span> <span class='ocrx_word' id='word_1_252' title='bbox 489 1837 702 1894; x_wconf 67' lang='lat' dir='ltr'><strong>saecula.</strong></span> <span class='ocrx_word' id='word_1_253' title='bbox 751 1842 943 1902; x_wconf 81' lang='lat' dir='ltr'><strong>Amen.</strong></span> 
     </span>
    </p>
   </div>
   <div class='ocr_carea' id='block_1_37' title="bbox 2095 1855 3687 1927">
    <p class='ocr_par' dir='ltr' id='par_1_37' title="bbox 2095 1855 3687 1927">
     <span class='ocr_line' id='line_1_37' title="bbox 2095 1855 3687 1927; baseline 0.002 -20"><span class='ocrx_word' id='word_1_254' title='bbox 2095 1856 2264 1925; x_wconf 78' lang='grc' dir='ltr'>ἡμᾶς,</span> <span class='ocrx_word' id='word_1_255' title='bbox 2294 1855 2381 1907; x_wconf 83' lang='grc' dir='ltr'><strong>ἴνα</strong></span> <span class='ocrx_word' id='word_1_256' title='bbox 2406 1855 2499 1908; x_wconf 74' lang='grc' dir='ltr'>καὶ</span> <span class='ocrx_word' id='word_1_257' title='bbox 2524 1855 2664 1926; x_wconf 81' lang='grc' dir='ltr'>ὑπὲρ</span> <span class='ocrx_word' id='word_1_258' title='bbox 2690 1855 2908 1909; x_wconf 84' lang='grc' dir='ltr'>πάντων</span> <span class='ocrx_word' id='word_1_259' title='bbox 2931 1857 3006 1919; x_wconf 80' lang='grc' dir='ltr'>εἰς</span> <span class='ocrx_word' id='word_1_260' title='bbox 3033 1855 3209 1927; x_wconf 81' lang='grc' dir='ltr'>ὀσμὴν</span> <span class='ocrx_word' id='word_1_261' title='bbox 3229 1858 3455 1922; x_wconf 76' lang='grc' dir='ltr'>εὐωδίας</span> <span class='ocrx_word' id='word_1_262' title='bbox 3482 1861 3687 1912; x_wconf 81' lang='grc' dir='ltr'>ἑαυτὸν</span> 
     </span>
    </p>
   </div>
   <div class='ocr_carea' id='block_1_38' title="bbox 411 1931 3689 2023">
    <p class='ocr_par' dir='ltr' id='par_1_38' title="bbox 411 1931 3689 2023">
     <span class='ocr_line' id='line_1_38' title="bbox 411 1931 3689 2023; baseline 0.011 -39"><span class='ocrx_word' id='word_1_263' title='bbox 411 1931 632 2000; x_wconf 78' lang='grc' dir='ltr'>ἀναθεὶς</span> <span class='ocrx_word' id='word_1_264' title='bbox 658 1937 735 2008; x_wconf 83' lang='grc' dir='ltr'>τῷ</span> <span class='ocrx_word' id='word_1_265' title='bbox 767 1939 975 2010; x_wconf 74' lang='grc' dir='ltr'>Πατρὶ,</span> <span class='ocrx_word' id='word_1_266' title='bbox 1007 1944 1422 2014; x_wconf 86' lang='grc' dir='ltr'>κατακτήσηται</span> <span class='ocrx_word' id='word_1_267' title='bbox 1471 1947 1570 2017; x_wconf 77' lang='grc' dir='ltr'>τὴν</span> <span class='ocrx_word' id='word_1_268' title='bbox 1617 1949 1708 2000; x_wconf 82' lang='grc' dir='ltr'><strong>ὑπ’</strong></span> <span class='ocrx_word' id='word_1_269' title='bbox 1759 1949 2010 2020; x_wconf 72' lang='grc' dir='ltr'>οὐρανὸν,</span> <span class='ocrx_word' id='word_1_270' title='bbox 2054 1949 2307 2019; x_wconf 79' lang='grc' dir='ltr'><strong>ἐξέληται</strong></span> <span class='ocrx_word' id='word_1_271' title='bbox 2345 1951 2455 2004; x_wconf 82' lang='grc' dir='ltr'><strong>τῶν</strong></span> <span class='ocrx_word' id='word_1_272' title='bbox 2488 1949 2732 2020; x_wconf 87' lang='grc' dir='ltr'>ἀρχαίων</span> <span class='ocrx_word' id='word_1_273' title='bbox 2794 1951 3158 2021; x_wconf 73' lang='grc' dir='ltr'>αίτιαμὰτων,</span> <span class='ocrx_word' id='word_1_274' title='bbox 3187 1951 3452 2022; x_wconf 74' lang='grc' dir='ltr'><strong>δικαιώσῃ</strong></span> <span class='ocrx_word' id='word_1_275' title='bbox 3481 1955 3546 2023; x_wconf 72' lang='grc' dir='ltr'><strong>τῇ</strong></span> <span class='ocrx_word' id='word_1_276' title='bbox 3578 1954 3689 2022; x_wconf 80' lang='grc' dir='ltr'><strong>Χά“</strong></span> 
     </span>
    </p>
   </div>
   <div class='ocr_carea' id='block_1_39' title="bbox 415 2028 3686 2114">
    <p class='ocr_par' dir='ltr' id='par_1_39' title="bbox 415 2028 3686 2114">
     <span class='ocr_line' id='line_1_39' title="bbox 415 2028 3686 2114; baseline 0.006 -36"><span class='ocrx_word' id='word_1_277' title='bbox 415 2039 521 2090; x_wconf 87' lang='grc' dir='ltr'>ριτι</span> <span class='ocrx_word' id='word_1_278' title='bbox 567 2028 658 2082; x_wconf 79' lang='grc' dir='ltr'><strong>διὰ</strong></span> <span class='ocrx_word' id='word_1_279' title='bbox 716 2031 970 2096; x_wconf 81' lang='grc' dir='ltr'>πίστεως,</span> <span class='ocrx_word' id='word_1_280' title='bbox 1029 2033 1262 2089; x_wconf 82' lang='grc' dir='ltr'>Θανάτου</span> <span class='ocrx_word' id='word_1_281' title='bbox 1315 2039 1411 2091; x_wconf 78' lang='grc' dir='ltr'>καὶ</span> <span class='ocrx_word' id='word_1_282' title='bbox 1467 2039 1672 2111; x_wconf 81' lang='grc' dir='ltr'>φθορᾶς</span> <span class='ocrx_word' id='word_1_283' title='bbox 1728 2044 1983 2113; x_wconf 78' lang='grc' dir='ltr'>ἀποφήνῃ</span> <span class='ocrx_word' id='word_1_284' title='bbox 2060 2041 2373 2112; x_wconf 85' lang='grc' dir='ltr'>κρείττονας</span> <span class='ocrx_word' id='word_1_285' title='bbox 2403 2081 2418 2106; x_wconf 94' lang='grc'><strong>,</strong></span> <span class='ocrx_word' id='word_1_286' title='bbox 2469 2041 2647 2113; x_wconf 79' lang='grc' dir='ltr'>ἱερούς</span> <span class='ocrx_word' id='word_1_287' title='bbox 2694 2059 2755 2096; x_wconf 91' lang='grc' dir='ltr'><strong>τε</strong></span> <span class='ocrx_word' id='word_1_288' title='bbox 2807 2044 2904 2096; x_wconf 81' lang='grc' dir='ltr'>καὶ</span> <span class='ocrx_word' id='word_1_289' title='bbox 2949 2043 3337 2114; x_wconf 82' lang='grc' dir='ltr'>ήγιασμένους,</span> <span class='ocrx_word' id='word_1_290' title='bbox 3415 2045 3511 2096; x_wconf 78' lang='grc' dir='ltr'>καὶ</span> <span class='ocrx_word' id='word_1_291' title='bbox 3566 2045 3686 2096; x_wconf 82' lang='grc' dir='ltr'><strong>πᾶν</strong></span> 
     </span>
    </p>
   </div>
   <div class='ocr_carea' id='block_1_40' title="bbox 411 2113 3682 2208">
    <p class='ocr_par' dir='ltr' id='par_1_40' title="bbox 411 2113 3682 2208">
     <span class='ocr_line' id='line_1_40' title="bbox 411 2113 3682 2208; baseline 0.006 -39"><span class='ocrx_word' id='word_1_292' title='bbox 411 2113 550 2181; x_wconf 81' lang='grc' dir='ltr'>εἶδος</span> <span class='ocrx_word' id='word_1_293' title='bbox 592 2121 793 2192; x_wconf 85' lang='grc' dir='ltr'>ἀρετῆς</span> <span class='ocrx_word' id='word_1_294' title='bbox 843 2120 902 2177; x_wconf 78' lang='grc' dir='ltr'>εὖ</span> <span class='ocrx_word' id='word_1_295' title='bbox 938 2127 1083 2194; x_wconf 83' lang='grc' dir='ltr'>μάλα</span> <span class='ocrx_word' id='word_1_296' title='bbox 1119 2129 1576 2199; x_wconf 77' lang='grc' dir='ltr'>κατωρθωκότας,</span> <span class='ocrx_word' id='word_1_297' title='bbox 1630 2134 1858 2203; x_wconf 76' lang='grc' dir='ltr'>Σωτῆρα</span> <span class='ocrx_word' id='word_1_298' title='bbox 1934 2135 2027 2188; x_wconf 74' lang='grc' dir='ltr'>καὶ</span> <span class='ocrx_word' id='word_1_299' title='bbox 2103 2134 2406 2205; x_wconf 82' lang='grc' dir='ltr'>Λυτρωτὴν</span> <span class='ocrx_word' id='word_1_300' title='bbox 2452 2134 2848 2204; x_wconf 86' lang='grc' dir='ltr'>ὁμολογοῦντας</span> <span class='ocrx_word' id='word_1_301' title='bbox 2879 2135 3076 2189; x_wconf 79' lang='grc' dir='ltr'>αὐτόν’</span> <span class='ocrx_word' id='word_1_302' title='bbox 3119 2138 3187 2190; x_wconf 88' lang='grc' dir='ltr'><strong>δι’</strong></span> <span class='ocrx_word' id='word_1_303' title='bbox 3229 2131 3290 2190; x_wconf 69' lang='grc' dir='ltr'>οὗ</span> <span class='ocrx_word' id='word_1_304' title='bbox 3333 2138 3428 2190; x_wconf 72' lang='grc' dir='ltr'>καὶ</span> <span class='ocrx_word' id='word_1_305' title='bbox 3460 2138 3580 2208; x_wconf 81' lang='grc' dir='ltr'>μεθ’</span> <span class='ocrx_word' id='word_1_306' title='bbox 3613 2132 3682 2190; x_wconf 81' lang='grc' dir='ltr'><strong>οὗ</strong></span> 
     </span>
    </p>
   </div>
   <div class='ocr_carea' id='block_1_41' title="bbox 407 2210 2638 2296">
    <p class='ocr_par' dir='ltr' id='par_1_41' title="bbox 407 2210 2638 2296">
     <span class='ocr_line' id='line_1_41' title="bbox 407 2210 2638 2296; baseline 0.007 -34"><span class='ocrx_word' id='word_1_307' title='bbox 407 2210 486 2280; x_wconf 77' lang='grc' dir='ltr'>τῷ</span> <span class='ocrx_word' id='word_1_308' title='bbox 519 2211 641 2282; x_wconf 82' lang='grc' dir='ltr'>Θεῷ</span> <span class='ocrx_word' id='word_1_309' title='bbox 673 2215 766 2266; x_wconf 75' lang='grc' dir='ltr'>καὶ</span> <span class='ocrx_word' id='word_1_310' title='bbox 800 2216 972 2287; x_wconf 80' lang='grc' dir='ltr'>Πατρὶ</span> <span class='ocrx_word' id='word_1_311' title='bbox 1009 2218 1041 2287; x_wconf 87' lang='grc' dir='ltr'><strong>ή</strong></span> <span class='ocrx_word' id='word_1_312' title='bbox 1072 2217 1217 2286; x_wconf 82' lang='grc' dir='ltr'>δόξα,</span> <span class='ocrx_word' id='word_1_313' title='bbox 1270 2223 1366 2275; x_wconf 81' lang='grc' dir='ltr'>σὺν</span> <span class='ocrx_word' id='word_1_314' title='bbox 1403 2223 1544 2293; x_wconf 82' lang='grc' dir='ltr'>ἁγίῳ</span> <span class='ocrx_word' id='word_1_315' title='bbox 1592 2225 1868 2295; x_wconf 81' lang='grc' dir='ltr'>Πνεύματι</span> <span class='ocrx_word' id='word_1_316' title='bbox 1909 2229 1986 2290; x_wconf 76' lang='grc' dir='ltr'><strong>εἰς</strong></span> <span class='ocrx_word' id='word_1_317' title='bbox 2025 2229 2150 2288; x_wconf 69' lang='grc' dir='ltr'>τοὺς</span> <span class='ocrx_word' id='word_1_318' title='bbox 2179 2226 2400 2290; x_wconf 83' lang='grc' dir='ltr'>αἰῶνας.</span> <span class='ocrx_word' id='word_1_319' title='bbox 2447 2227 2638 2296; x_wconf 81' lang='grc' dir='ltr'>Ἀμήν.</span> 
     </span>
    </p>
   </div>
   <div class='ocr_carea' id='block_1_42' title="bbox 654 2363 1724 2472">
    <p class='ocr_par' dir='ltr' id='par_1_42' title="bbox 654 2363 1724 2472">
     <span class='ocr_line' id='line_1_42' title="bbox 654 2363 1724 2472; baseline 0.017 -25"><span class='ocrx_word' id='word_1_320' title='bbox 654 2363 1057 2456; x_wconf 89' lang='lat' dir='ltr'><strong>TOMUS</strong></span> <span class='ocrx_word' id='word_1_321' title='bbox 1140 2369 1724 2472; x_wconf 83' lang='lat' dir='ltr'><strong>QUARTUS.</strong></span> 
     </span>
    </p>
   </div>
   <div class='ocr_carea' id='block_1_43' title="bbox 479 2532 1983 2608">
    <p class='ocr_par' dir='ltr' id='par_1_43' title="bbox 479 2532 1983 2608">
     <span class='ocr_line' id='line_1_43' title="bbox 479 2532 1983 2608; baseline 0.01 -20"><span class='ocrx_word' id='word_1_322' title='bbox 479 2535 673 2589; x_wconf 83' lang='lat' dir='ltr'><strong>Beatus</strong></span> <span class='ocrx_word' id='word_1_323' title='bbox 701 2532 900 2590; x_wconf 80' lang='lat' dir='ltr'><strong>Paulus</strong></span> <span class='ocrx_word' id='word_1_324' title='bbox 942 2551 1065 2591; x_wconf 89' lang='lat' dir='ltr'><strong>cum</strong></span> <span class='ocrx_word' id='word_1_325' title='bbox 1095 2537 1232 2608; x_wconf 87' lang='lat' dir='ltr'><strong>legis</strong></span> <span class='ocrx_word' id='word_1_326' title='bbox 1263 2556 1510 2597; x_wconf 82' lang='lat' dir='ltr'><strong>umbram</strong></span> <span class='ocrx_word' id='word_1_327' title='bbox 1559 2545 1700 2598; x_wconf 84' lang='lat' dir='ltr'><strong>haud</strong></span> <span class='ocrx_word' id='word_1_328' title='bbox 1741 2547 1983 2603; x_wconf 82' lang='lat' dir='ltr'><strong>inutilem</strong></span> 
     </span>
    </p>
   </div>
   <div class='ocr_carea' id='block_1_44' title="bbox 411 2626 1984 2702">
    <p class='ocr_par' dir='ltr' id='par_1_44' title="bbox 411 2626 1984 2702">
     <span class='ocr_line' id='line_1_44' title="bbox 411 2626 1984 2702; baseline 0.01 -24"><span class='ocrx_word' id='word_1_329' title='bbox 411 2626 721 2680; x_wconf 82' lang='lat' dir='ltr'><strong>hominibus</strong></span> <span class='ocrx_word' id='word_1_330' title='bbox 756 2626 841 2692; x_wconf 90' lang='lat' dir='ltr'><strong>pie</strong></span> <span class='ocrx_word' id='word_1_331' title='bbox 867 2627 1051 2683; x_wconf 89' lang='lat' dir='ltr'><strong>vivere</strong></span> <span class='ocrx_word' id='word_1_332' title='bbox 1095 2630 1506 2689; x_wconf 82' lang='lat' dir='ltr'><strong>instituentibus</strong></span> <span class='ocrx_word' id='word_1_333' title='bbox 1552 2639 1896 2702; x_wconf 87' lang='lat' dir='ltr'><strong>ostenderet,</strong></span> <span class='ocrx_word' id='word_1_334' title='bbox 1929 2651 1984 2693; x_wconf 84' lang='lat' dir='ltr'><strong>et</strong></span> 
     </span>
    </p>
   </div>
   <div class='ocr_carea' id='block_1_45' title="bbox 405 2718 1985 2798">
    <p class='ocr_par' dir='ltr' id='par_1_45' title="bbox 405 2718 1985 2798">
     <span class='ocr_line' id='line_1_45' title="bbox 405 2718 1985 2798; baseline 0.008 -27"><span class='ocrx_word' id='word_1_335' title='bbox 405 2734 468 2771; x_wconf 90' lang='lat' dir='ltr'><strong>ea</strong></span> <span class='ocrx_word' id='word_1_336' title='bbox 499 2732 619 2787; x_wconf 81' lang='lat' dir='ltr'><strong>quae</strong></span> <span class='ocrx_word' id='word_1_337' title='bbox 666 2718 793 2772; x_wconf 91' lang='lat' dir='ltr'><strong>olim</strong></span> <span class='ocrx_word' id='word_1_338' title='bbox 843 2719 1035 2788; x_wconf 88' lang='lat' dir='ltr'><strong>priscis</strong></span> <span class='ocrx_word' id='word_1_339' title='bbox 1077 2721 1386 2780; x_wconf 83' lang='lat' dir='ltr'><strong>hominibus</strong></span> <span class='ocrx_word' id='word_1_340' title='bbox 1431 2729 1803 2798; x_wconf 86' lang='lat' dir='ltr'><strong>contigissent,</strong></span> <span class='ocrx_word' id='word_1_341' title='bbox 1840 2731 1985 2785; x_wconf 86' lang='lat' dir='ltr'><strong>velut</strong></span> 
     </span>
    </p>
   </div>
   <div class='ocr_carea' id='block_1_46' title="bbox 409 2807 1985 2890">
    <p class='ocr_par' dir='ltr' id='par_1_46' title="bbox 409 2807 1985 2890">
     <span class='ocr_line' id='line_1_46' title="bbox 409 2807 1985 2890; baseline 0.011 -29"><span class='ocrx_word' id='word_1_342' title='bbox 409 2807 644 2862; x_wconf 82' lang='lat' dir='ltr'><strong>tabulam</strong></span> <span class='ocrx_word' id='word_1_343' title='bbox 686 2809 974 2878; x_wconf 85' lang='lat' dir='ltr'><strong>quamdam</strong></span> <span class='ocrx_word' id='word_1_344' title='bbox 1015 2821 1070 2866; x_wconf 86' lang='lat' dir='ltr'><strong>et</strong></span> <span class='ocrx_word' id='word_1_345' title='bbox 1116 2828 1297 2868; x_wconf 90' lang='lat' dir='ltr'><strong>rerum</strong></span> <span class='ocrx_word' id='word_1_346' title='bbox 1335 2818 1606 2872; x_wconf 88' lang='lat' dir='ltr'><strong>veriorum</strong></span> <span class='ocrx_word' id='word_1_347' title='bbox 1663 2821 1985 2890; x_wconf 87' lang='lat' dir='ltr'><strong>descriptio-</strong></span> 
     </span>
    </p>
   </div>
   <div class='ocr_carea' id='block_1_47' title="bbox 2351 2363 3402 2457">
    <p class='ocr_par' dir='ltr' id='par_1_47' title="bbox 2351 2363 3402 2457">
     <span class='ocr_line' id='line_1_47' title="bbox 2351 2363 3402 2457; baseline 0.006 -6"><span class='ocrx_word' id='word_1_348' title='bbox 2351 2368 2735 2455; x_wconf 73' lang='lat' dir='ltr'><strong>TOMOX</strong></span> <span class='ocrx_word' id='word_1_349' title='bbox 2809 2363 3402 2457; x_wconf 86' lang='grc' dir='ltr'><strong>ΤΕΤΛΡΤΟΣ.</strong></span> 
     </span>
    </p>
   </div>
   <div class='ocr_carea' id='block_1_48' title="bbox 2168 2545 3662 2619">
    <p class='ocr_par' dir='ltr' id='par_1_48' title="bbox 2168 2545 3662 2619">
     <span class='ocr_line' id='line_1_48' title="bbox 2168 2545 3662 2619; baseline 0.001 -18"><span class='ocrx_word' id='word_1_350' title='bbox 2168 2547 2231 2601; x_wconf 82' lang='lat'><strong>&#39;0</strong></span> <span class='ocrx_word' id='word_1_351' title='bbox 2262 2546 2549 2609; x_wconf 80' lang='grc' dir='ltr'>Θεσπέσιος</span> <span class='ocrx_word' id='word_1_352' title='bbox 2593 2545 2827 2610; x_wconf 87' lang='grc' dir='ltr'>Παῦλος,</span> <span class='ocrx_word' id='word_1_353' title='bbox 2879 2548 2980 2602; x_wconf 83' lang='grc' dir='ltr'>οὐκ</span> <span class='ocrx_word' id='word_1_354' title='bbox 3011 2549 3272 2618; x_wconf 84' lang='grc' dir='ltr'>ἀσυντελῆ</span> <span class='ocrx_word' id='word_1_355' title='bbox 3313 2549 3445 2617; x_wconf 79' lang='grc' dir='ltr'>πρὸς</span> <span class='ocrx_word' id='word_1_356' title='bbox 3472 2549 3662 2619; x_wconf 82' lang='grc' dir='ltr'>ὄνησιν</span> 
     </span>
    </p>
   </div>
   <div class='ocr_carea' id='block_1_49' title="bbox 2087 2639 3662 2711">
    <p class='ocr_par' dir='ltr' id='par_1_49' title="bbox 2087 2639 3662 2711">
     <span class='ocr_line' id='line_1_49' title="bbox 2087 2639 3662 2711; baseline 0.001 -18"><span class='ocrx_word' id='word_1_357' title='bbox 2087 2642 2199 2702; x_wconf 90' lang='grc' dir='ltr'>τοῖς</span> <span class='ocrx_word' id='word_1_358' title='bbox 2243 2639 2488 2692; x_wconf 75' lang='grc' dir='ltr'>εὐσεϐεῖν</span> <span class='ocrx_word' id='word_1_359' title='bbox 2516 2639 2830 2710; x_wconf 78' lang='grc' dir='ltr'>ᾑρημένοις,</span> <span class='ocrx_word' id='word_1_360' title='bbox 2874 2640 2973 2711; x_wconf 81' lang='grc' dir='ltr'>τὴν</span> <span class='ocrx_word' id='word_1_361' title='bbox 3007 2640 3065 2693; x_wconf 83' lang='grc' dir='ltr'><strong>έν</strong></span> <span class='ocrx_word' id='word_1_362' title='bbox 3097 2657 3158 2708; x_wconf 90' lang='grc' dir='ltr'><strong>γε</strong></span> <span class='ocrx_word' id='word_1_363' title='bbox 3201 2640 3276 2710; x_wconf 84' lang='grc' dir='ltr'>τῷ</span> <span class='ocrx_word' id='word_1_364' title='bbox 3319 2641 3468 2710; x_wconf 85' lang='grc' dir='ltr'>νόμῳ</span> <span class='ocrx_word' id='word_1_365' title='bbox 3499 2643 3662 2694; x_wconf 87' lang='grc' dir='ltr'>σκιάν</span> 
     </span>
    </p>
   </div>
   <div class='ocr_carea' id='block_1_50' title="bbox 2091 2728 3666 2801">
    <p class='ocr_par' dir='ltr' id='par_1_50' title="bbox 2091 2728 3666 2801">
     <span class='ocr_line' id='line_1_50' title="bbox 2091 2728 3666 2801; baseline 0 -18"><span class='ocrx_word' id='word_1_366' title='bbox 2091 2731 2434 2798; x_wconf 80' lang='grc' dir='ltr'>ἀποφαίνων,</span> <span class='ocrx_word' id='word_1_367' title='bbox 2485 2731 2579 2782; x_wconf 81' lang='grc' dir='ltr'>καὶ</span> <span class='ocrx_word' id='word_1_368' title='bbox 2625 2728 2732 2799; x_wconf 78' lang='grc' dir='ltr'>μὴν</span> <span class='ocrx_word' id='word_1_369' title='bbox 2782 2730 2878 2782; x_wconf 75' lang='grc' dir='ltr'>καὶ</span> <span class='ocrx_word' id='word_1_370' title='bbox 2921 2729 2988 2782; x_wconf 81' lang='grc' dir='ltr'>τὰ</span> <span class='ocrx_word' id='word_1_371' title='bbox 3035 2730 3203 2783; x_wconf 86' lang='grc' dir='ltr'>πάλαι</span> <span class='ocrx_word' id='word_1_372' title='bbox 3249 2732 3360 2792; x_wconf 87' lang='grc' dir='ltr'>τοῖς</span> <span class='ocrx_word' id='word_1_373' title='bbox 3408 2731 3666 2801; x_wconf 87' lang='grc' dir='ltr'>ἀρχαίοις</span> 
     </span>
    </p>
   </div>
   <div class='ocr_carea' id='block_1_51' title="bbox 2092 2819 3667 2890">
    <p class='ocr_par' dir='ltr' id='par_1_51' title="bbox 2092 2819 3667 2890">
     <span class='ocr_line' id='line_1_51' title="bbox 2092 2819 3667 2890; baseline 0.001 -18"><span class='ocrx_word' id='word_1_374' title='bbox 2092 2820 2497 2890; x_wconf 79' lang='grc' dir='ltr'>συμϐεϐηκότα,</span> <span class='ocrx_word' id='word_1_375' title='bbox 2526 2819 2774 2888; x_wconf 78' lang='grc' dir='ltr'>καθάπερ</span> <span class='ocrx_word' id='word_1_376' title='bbox 2799 2821 2918 2872; x_wconf 86' lang='grc' dir='ltr'><strong>τινά</strong></span> <span class='ocrx_word' id='word_1_377' title='bbox 2960 2820 3163 2873; x_wconf 86' lang='grc' dir='ltr'>πίνακα</span> <span class='ocrx_word' id='word_1_378' title='bbox 3186 2821 3278 2872; x_wconf 67' lang='grc' dir='ltr'><strong>καὶ</strong></span> <span class='ocrx_word' id='word_1_379' title='bbox 3303 2819 3521 2890; x_wconf 75' lang='grc' dir='ltr'>γραφὴν</span> <span class='ocrx_word' id='word_1_380' title='bbox 3552 2821 3667 2874; x_wconf 87' lang='grc' dir='ltr'><strong>τῶν</strong></span> 
     </span>
    </p>
   </div>
   <div class='ocr_carea' id='block_1_52' title="bbox 407 2901 1985 2982">
    <p class='ocr_par' dir='ltr' id='par_1_52' title="bbox 407 2901 1980 2981">
     <span class='ocr_line' id='line_1_52' title="bbox 407 2901 1980 2981; baseline 0.008 -29"><span class='ocrx_word' id='word_1_381' title='bbox 407 2914 530 2953; x_wconf 84' lang='lat' dir='ltr'><strong>nem</strong></span> <span class='ocrx_word' id='word_1_382' title='bbox 601 2901 843 2955; x_wconf 88' lang='lat' dir='ltr'><strong>omnium</strong></span> <span class='ocrx_word' id='word_1_383' title='bbox 911 2902 1108 2957; x_wconf 88' lang='lat' dir='ltr'><strong>animis</strong></span> <span class='ocrx_word' id='word_1_384' title='bbox 1170 2908 1523 2974; x_wconf 73' lang='lat' dir='ltr'><strong>apertissime</strong></span> <span class='ocrx_word' id='word_1_385' title='bbox 1595 2923 1980 2981; x_wconf 85' lang='lat' dir='ltr'><strong>proponeret:</strong></span> 
     </span>
    </p>
   </div>
   <div class='ocr_carea' id='block_1_53' title="bbox 2087 2901 3667 2982">
    <p class='ocr_par' dir='ltr' id='par_1_53' title="bbox 2088 2908 3667 2982">
     <span class='ocr_line' id='line_1_53' title="bbox 2088 2908 3667 2982; baseline -0.001 -16"><span class='ocrx_word' id='word_1_386' title='bbox 2088 2913 2466 2982; x_wconf 78' lang='grc' dir='ltr'>ἀληθεστέρων</span> <span class='ocrx_word' id='word_1_387' title='bbox 2495 2913 2615 2974; x_wconf 88' lang='grc' dir='ltr'>ταῖς</span> <span class='ocrx_word' id='word_1_388' title='bbox 2645 2911 2900 2963; x_wconf 82' lang='grc' dir='ltr'>ἀπάντων</span> <span class='ocrx_word' id='word_1_389' title='bbox 2924 2911 3185 2974; x_wconf 86' lang='grc' dir='ltr'>διανοίαις</span> <span class='ocrx_word' id='word_1_390' title='bbox 3224 2908 3282 2964; x_wconf 81' lang='grc' dir='ltr'>εὖ</span> <span class='ocrx_word' id='word_1_391' title='bbox 3311 2912 3456 2982; x_wconf 89' lang='grc' dir='ltr'>μάλα</span> <span class='ocrx_word' id='word_1_392' title='bbox 3483 2929 3667 2982; x_wconf 72' lang='grc' dir='ltr'>παραι-</span> 
     </span>
    </p>
   </div>
   <div class='ocr_carea' id='block_1_54' title="bbox 410 2990 1979 3072">
    <p class='ocr_par' dir='ltr' id='par_1_54' title="bbox 410 2990 1979 3072">
     <span class='ocr_line' id='line_1_54' title="bbox 410 2990 1979 3072; baseline 0.012 -32"><span class='ocrx_word' id='word_1_393' title='bbox 410 3009 429 3040; x_wconf 75' lang='grc' dir='ltr'><strong>ι</strong></span> <span class='ocrx_word' id='word_1_394' title='bbox 470 2990 616 3057; x_wconf 66' lang='lat' dir='ltr'><strong>Hac,</strong></span> <span class='ocrx_word' id='word_1_395' title='bbox 659 2991 854 3060; x_wconf 90' lang='lat' dir='ltr'><strong>inquit,</strong></span> <span class='ocrx_word' id='word_1_396' title='bbox 883 2993 1064 3047; x_wconf 87' lang='lat' dir='ltr'><strong>omnia</strong></span> <span class='ocrx_word' id='word_1_397' title='bbox 1104 2995 1155 3049; x_wconf 91' lang='lat' dir='ltr'><strong>in</strong></span> <span class='ocrx_word' id='word_1_398' title='bbox 1204 2998 1374 3068; x_wconf 84' lang='lat' dir='ltr'><strong>ﬁgura</strong></span> <span class='ocrx_word' id='word_1_399' title='bbox 1421 3003 1811 3072; x_wconf 81' lang='lat' dir='ltr'><strong>contingebant</strong></span> <span class='ocrx_word' id='word_1_400' title='bbox 1854 3006 1979 3072; x_wconf 85' lang='lat' dir='ltr'><strong>illis,</strong></span> 
     </span>
    </p>
   </div>
   <div class='ocr_carea' id='block_1_55' title="bbox 406 3083 1980 3160">
    <p class='ocr_par' dir='ltr' id='par_1_55' title="bbox 406 3083 1980 3160">
     <span class='ocr_line' id='line_1_55' title="bbox 406 3083 1980 3160; baseline 0.008 -25"><span class='ocrx_word' id='word_1_401' title='bbox 406 3083 605 3153; x_wconf 88' lang='lat' dir='ltr'><strong>scripta</strong></span> <span class='ocrx_word' id='word_1_402' title='bbox 654 3091 780 3137; x_wconf 90' lang='lat' dir='ltr'><strong>sunt</strong></span> <span class='ocrx_word' id='word_1_403' title='bbox 819 3092 997 3138; x_wconf 89' lang='lat' dir='ltr'><strong>autem</strong></span> <span class='ocrx_word' id='word_1_404' title='bbox 1053 3086 1120 3140; x_wconf 89' lang='lat' dir='ltr'><strong>ad</strong></span> <span class='ocrx_word' id='word_1_405' title='bbox 1173 3089 1566 3158; x_wconf 91' lang='lat' dir='ltr'><strong>correptionem</strong></span> <span class='ocrx_word' id='word_1_406' title='bbox 1617 3103 1878 3160; x_wconf 86' lang='lat' dir='ltr'><strong>nostram,</strong></span> <span class='ocrx_word' id='word_1_407' title='bbox 1927 3096 1980 3148; x_wconf 92' lang='lat' dir='ltr'><strong>iu</strong></span> 
     </span>
    </p>
   </div>
   <div class='ocr_carea' id='block_1_56' title="bbox 403 3175 1978 3254">
    <p class='ocr_par' dir='ltr' id='par_1_56' title="bbox 403 3175 1978 3254">
     <span class='ocr_line' id='line_1_56' title="bbox 403 3175 1978 3254; baseline 0.008 -28"><span class='ocrx_word' id='word_1_408' title='bbox 403 3191 540 3244; x_wconf 85' lang='lat' dir='ltr'><strong>quos</strong></span> <span class='ocrx_word' id='word_1_409' title='bbox 576 3175 710 3228; x_wconf 91' lang='lat' dir='ltr'><strong>ﬁnes</strong></span> <span class='ocrx_word' id='word_1_410' title='bbox 752 3175 1070 3230; x_wconf 78' lang='lat' dir='ltr'><strong>saeculorum</strong></span> <span class='ocrx_word' id='word_1_411' title='bbox 1114 3179 1450 3233; x_wconf 85' lang='lat' dir='ltr'><strong>devenerunt</strong></span> <span class='ocrx_word' id='word_1_412' title='bbox 1475 3181 1539 3233; x_wconf 82' lang='grc'><strong>³³.</strong></span> <span class='ocrx_word' id='word_1_413' title='bbox 1578 3200 1596 3233; x_wconf 73' lang='grc' dir='ltr'><strong>ι</strong></span> <span class='ocrx_word' id='word_1_414' title='bbox 1638 3183 1751 3250; x_wconf 83' lang='lat' dir='ltr'><strong>A’ge</strong></span> <span class='ocrx_word' id='word_1_415' title='bbox 1795 3186 1978 3254; x_wconf 79' lang='lat' dir='ltr'><strong>igitur,</strong></span> 
     </span>
    </p>
   </div>
   <div class='ocr_carea' id='block_1_57' title="bbox 403 3266 1980 3339">
    <p class='ocr_par' dir='ltr' id='par_1_57' title="bbox 403 3266 1980 3339">
     <span class='ocr_line' id='line_1_57' title="bbox 403 3266 1980 3339; baseline 0.008 -21"><span class='ocrx_word' id='word_1_416' title='bbox 403 3283 468 3320; x_wconf 76' lang='lat' dir='ltr'><strong>ex</strong></span> <span class='ocrx_word' id='word_1_417' title='bbox 503 3266 760 3335; x_wconf 81' lang='lat' dir='ltr'><strong>legalibus</strong></span> <span class='ocrx_word' id='word_1_418' title='bbox 797 3266 1017 3322; x_wconf 87' lang='lat' dir='ltr'><strong>Litteris</strong></span> <span class='ocrx_word' id='word_1_419' title='bbox 1047 3268 1332 3338; x_wconf 89' lang='lat' dir='ltr'><strong>desutupto</strong></span> <span class='ocrx_word' id='word_1_420' title='bbox 1370 3270 1487 3326; x_wconf 84' lang='lat' dir='ltr'><strong>loco</strong></span> <span class='ocrx_word' id='word_1_421' title='bbox 1527 3272 1805 3339; x_wconf 87' lang='lat' dir='ltr'><strong>dicamus,</strong></span> <span class='ocrx_word' id='word_1_422' title='bbox 1840 3276 1980 3331; x_wconf 90' lang='lat' dir='ltr'><strong>lilios</strong></span> 
     </span>
    </p>
   </div>
   <div class='ocr_carea' id='block_1_58' title="bbox 405 3355 1976 3428">
    <p class='ocr_par' dir='ltr' id='par_1_58' title="bbox 405 3355 1976 3428">
     <span class='ocr_line' id='line_1_58' title="bbox 405 3355 1976 3428; baseline 0.006 -19"><span class='ocrx_word' id='word_1_423' title='bbox 405 3357 567 3412; x_wconf 85' lang='lat' dir='ltr'><strong>Israel</strong></span> <span class='ocrx_word' id='word_1_424' title='bbox 589 3356 718 3409; x_wconf 87' lang='lat' dir='ltr'><strong>ulim</strong></span> <span class='ocrx_word' id='word_1_425' title='bbox 748 3373 811 3411; x_wconf 83' lang='lat' dir='ltr'><strong>ex</strong></span> <span class='ocrx_word' id='word_1_426' title='bbox 843 3355 1221 3427; x_wconf 67' lang='lat' dir='ltr'><strong>Egyptiorum</strong></span> <span class='ocrx_word' id='word_1_427' title='bbox 1257 3360 1415 3415; x_wconf 90' lang='lat' dir='ltr'><strong>terris</strong></span> <span class='ocrx_word' id='word_1_428' title='bbox 1461 3363 1785 3418; x_wconf 80' lang='lat' dir='ltr'><strong>excedentes</strong></span> <span class='ocrx_word' id='word_1_429' title='bbox 1807 3404 1822 3428; x_wconf 95' lang='lat'><strong>,</strong></span> <span class='ocrx_word' id='word_1_430' title='bbox 1855 3380 1976 3418; x_wconf 88' lang='lat' dir='ltr'><strong>cum</strong></span> 
     </span>
    </p>
   </div>
   <div class='ocr_carea' id='block_1_59' title="bbox 394 3448 1978 3518">
    <p class='ocr_par' dir='ltr' id='par_1_59' title="bbox 394 3448 1978 3518">
     <span class='ocr_line' id='line_1_59' title="bbox 394 3448 1978 3518; baseline 0.004 -16"><span class='ocrx_word' id='word_1_431' title='bbox 394 3451 456 3503; x_wconf 87' lang='lat' dir='ltr'><strong>.iu</strong></span> <span class='ocrx_word' id='word_1_432' title='bbox 497 3458 694 3502; x_wconf 89' lang='lat' dir='ltr'><strong>terram</strong></span> <span class='ocrx_word' id='word_1_433' title='bbox 730 3448 1106 3516; x_wconf 87' lang='lat' dir='ltr'><strong>promissionis</strong></span> <span class='ocrx_word' id='word_1_434' title='bbox 1149 3461 1534 3518; x_wconf 83' lang='lat' dir='ltr'><strong>properarent,</strong></span> <span class='ocrx_word' id='word_1_435' title='bbox 1576 3451 1628 3506; x_wconf 93' lang='lat' dir='ltr'><strong>in</strong></span> <span class='ocrx_word' id='word_1_436' title='bbox 1665 3467 1848 3509; x_wconf 90' lang='lat' dir='ltr'><strong>eremo</strong></span> <span class='ocrx_word' id='word_1_437' title='bbox 1898 3455 1978 3509; x_wconf 88' lang='lat' dir='ltr'><strong>di-</strong></span> 
     </span>
    </p>
   </div>
   <div class='ocr_carea' id='block_1_60' title="bbox 401 3537 1980 3617">
    <p class='ocr_par' dir='ltr' id='par_1_60' title="bbox 401 3537 1980 3617">
     <span class='ocr_line' id='line_1_60' title="bbox 401 3537 1980 3617; baseline 0.006 -25"><span class='ocrx_word' id='word_1_438' title='bbox 401 3547 647 3595; x_wconf 89' lang='lat' dir='ltr'><strong>versatos</strong></span> <span class='ocrx_word' id='word_1_439' title='bbox 681 3537 848 3594; x_wconf 77' lang='lat' dir='ltr'><strong>fuisse</strong></span> <span class='ocrx_word' id='word_1_440' title='bbox 875 3557 888 3593; x_wconf 91' lang='lat'><strong>:</strong></span> <span class='ocrx_word' id='word_1_441' title='bbox 919 3554 1156 3610; x_wconf 90' lang='lat' dir='ltr'><strong>cumque</strong></span> <span class='ocrx_word' id='word_1_442' title='bbox 1201 3553 1476 3612; x_wconf 84' lang='lat' dir='ltr'><strong>gestorum</strong></span> <span class='ocrx_word' id='word_1_443' title='bbox 1513 3545 1564 3598; x_wconf 91' lang='lat' dir='ltr'><strong>in</strong></span> <span class='ocrx_word' id='word_1_444' title='bbox 1609 3544 1840 3617; x_wconf 66' lang='lat' dir='ltr'><strong>Egypto</strong></span> <span class='ocrx_word' id='word_1_445' title='bbox 1878 3548 1980 3602; x_wconf 89' lang='lat' dir='ltr'><strong>mi-</strong></span> 
     </span>
    </p>
   </div>
   <div class='ocr_carea' id='block_1_61' title="bbox 401 3629 1975 3698">
    <p class='ocr_par' dir='ltr' id='par_1_61' title="bbox 401 3629 1975 3698">
     <span class='ocr_line' id='line_1_61' title="bbox 401 3629 1975 3698; baseline 0.006 -15"><span class='ocrx_word' id='word_1_446' title='bbox 401 3630 707 3684; x_wconf 84' lang='lat' dir='ltr'><strong>raculorum</strong></span> <span class='ocrx_word' id='word_1_447' title='bbox 739 3629 983 3686; x_wconf 80' lang='lat' dir='ltr'><strong>infelices</strong></span> <span class='ocrx_word' id='word_1_448' title='bbox 1006 3631 1182 3698; x_wconf 87' lang='lat' dir='ltr'><strong>obliti,</strong></span> <span class='ocrx_word' id='word_1_449' title='bbox 1213 3643 1269 3687; x_wconf 90' lang='lat' dir='ltr'><strong>et</strong></span> <span class='ocrx_word' id='word_1_450' title='bbox 1305 3637 1567 3689; x_wconf 88' lang='lat' dir='ltr'><strong>memoria</strong></span> <span class='ocrx_word' id='word_1_451' title='bbox 1603 3637 1888 3694; x_wconf 89' lang='lat' dir='ltr'><strong>cbaritatis</strong></span> <span class='ocrx_word' id='word_1_452' title='bbox 1922 3639 1975 3693; x_wconf 92' lang='lat' dir='ltr'><strong>in</strong></span> 
     </span>
    </p>
   </div>
   <div class='ocr_carea' id='block_1_62' title="bbox 403 3721 1973 3798">
    <p class='ocr_par' dir='ltr' id='par_1_62' title="bbox 403 3721 1973 3798">
     <span class='ocr_line' id='line_1_62' title="bbox 403 3721 1973 3798; baseline 0.008 -26"><span class='ocrx_word' id='word_1_453' title='bbox 403 3721 568 3773; x_wconf 90' lang='lat' dir='ltr'><strong>Deum</strong></span> <span class='ocrx_word' id='word_1_454' title='bbox 616 3721 823 3790; x_wconf 90' lang='lat' dir='ltr'><strong>abjecta</strong></span> <span class='ocrx_word' id='word_1_455' title='bbox 864 3721 1028 3792; x_wconf 90' lang='lat' dir='ltr'><strong>impie</strong></span> <span class='ocrx_word' id='word_1_456' title='bbox 1058 3735 1484 3791; x_wconf 87' lang='lat' dir='ltr'><strong>murmurarenl,</strong></span> <span class='ocrx_word' id='word_1_457' title='bbox 1529 3741 1558 3779; x_wconf 91' lang='lat' dir='ltr'><strong>a</strong></span> <span class='ocrx_word' id='word_1_458' title='bbox 1608 3730 1973 3798; x_wconf 88' lang='lat' dir='ltr'><strong>serpentibus,</strong></span> 
     </span>
    </p>
   </div>
   <div class='ocr_carea' id='block_1_63' title="bbox 400 3811 1974 3882">
    <p class='ocr_par' dir='ltr' id='par_1_63' title="bbox 400 3811 1974 3882">
     <span class='ocr_line' id='line_1_63' title="bbox 400 3811 1974 3882; baseline 0.007 -18"><span class='ocrx_word' id='word_1_459' title='bbox 400 3820 459 3864; x_wconf 91' lang='lat' dir='ltr'><strong>ut</strong></span> <span class='ocrx_word' id='word_1_460' title='bbox 492 3811 751 3880; x_wconf 88' lang='lat' dir='ltr'><strong>scriptum</strong></span> <span class='ocrx_word' id='word_1_461' title='bbox 788 3820 894 3877; x_wconf 88' lang='lat' dir='ltr'><strong>est,</strong></span> <span class='ocrx_word' id='word_1_462' title='bbox 932 3815 1211 3882; x_wconf 88' lang='lat' dir='ltr'><strong>perierunt</strong></span> <span class='ocrx_word' id='word_1_463' title='bbox 1235 3815 1302 3868; x_wconf 81' lang='lat'><strong>“.</strong></span> <span class='ocrx_word' id='word_1_464' title='bbox 1342 3815 1448 3871; x_wconf 88' lang='lat' dir='ltr'><strong>Sed</strong></span> <span class='ocrx_word' id='word_1_465' title='bbox 1493 3832 1705 3875; x_wconf 91' lang='lat' dir='ltr'><strong>morsus</strong></span> <span class='ocrx_word' id='word_1_466' title='bbox 1737 3835 1974 3876; x_wconf 85' lang='lat' dir='ltr'><strong>venena-</strong></span> 
     </span>
    </p>
   </div>
   <div class='ocr_carea' id='block_1_64' title="bbox 401 3901 1975 3972">
    <p class='ocr_par' dir='ltr' id='par_1_64' title="bbox 401 3901 1975 3972">
     <span class='ocr_line' id='line_1_64' title="bbox 401 3901 1975 3972; baseline 0.004 -16"><span class='ocrx_word' id='word_1_467' title='bbox 401 3914 573 3958; x_wconf 87' lang='lat' dir='ltr'><strong>tarum</strong></span> <span class='ocrx_word' id='word_1_468' title='bbox 599 3901 834 3957; x_wconf 82' lang='lat' dir='ltr'><strong>ferarum</strong></span> <span class='ocrx_word' id='word_1_469' title='bbox 858 3901 1208 3972; x_wconf 85' lang='lat' dir='ltr'><strong>eﬁ‘ugiebant,</strong></span> <span class='ocrx_word' id='word_1_470' title='bbox 1241 3917 1365 3957; x_wconf 91' lang='lat' dir='ltr'><strong>cum</strong></span> <span class='ocrx_word' id='word_1_471' title='bbox 1400 3905 1492 3959; x_wconf 89' lang='lat' dir='ltr'><strong>Dei</strong></span> <span class='ocrx_word' id='word_1_472' title='bbox 1518 3909 1758 3962; x_wconf 87' lang='lat' dir='ltr'><strong>omnium</strong></span> <span class='ocrx_word' id='word_1_473' title='bbox 1787 3908 1975 3963; x_wconf 79' lang='lat' dir='ltr'><strong>Salva-</strong></span> 
     </span>
    </p>
   </div>
   <div class='ocr_carea' id='block_1_65' title="bbox 398 3992 1975 4065">
    <p class='ocr_par' dir='ltr' id='par_1_65' title="bbox 398 3992 1975 4065">
     <span class='ocr_line' id='line_1_65' title="bbox 398 3992 1975 4065; baseline 0.004 -17"><span class='ocrx_word' id='word_1_474' title='bbox 398 3995 533 4050; x_wconf 90' lang='lat' dir='ltr'><strong>toris</strong></span> <span class='ocrx_word' id='word_1_475' title='bbox 557 3993 779 4050; x_wconf 90' lang='lat' dir='ltr'><strong>oraculo</strong></span> <span class='ocrx_word' id='word_1_476' title='bbox 825 3996 1062 4048; x_wconf 86' lang='lat' dir='ltr'><strong>monitus</strong></span> <span class='ocrx_word' id='word_1_477' title='bbox 1094 3992 1267 4049; x_wconf 80' lang='lat' dir='ltr'><strong>Moses</strong></span> <span class='ocrx_word' id='word_1_478' title='bbox 1292 4004 1598 4065; x_wconf 86' lang='lat' dir='ltr'><strong>serpentem</strong></span> <span class='ocrx_word' id='word_1_479' title='bbox 1631 3997 1735 4053; x_wconf 87' lang='lat' dir='ltr'><strong>illis</strong></span> <span class='ocrx_word' id='word_1_480' title='bbox 1763 4015 1975 4055; x_wconf 66' lang='lat' dir='ltr'><strong>aeneum</strong></span> 
     </span>
    </p>
   </div>
   <div class='ocr_carea' id='block_1_66' title="bbox 395 4082 2038 4168">
    <p class='ocr_par' dir='ltr' id='par_1_66' title="bbox 395 4082 2038 4168">
     <span class='ocr_line' id='line_1_66' title="bbox 395 4082 2038 4168; baseline 0.004 -28"><span class='ocrx_word' id='word_1_481' title='bbox 395 4086 590 4140; x_wconf 84' lang='lat' dir='ltr'><strong>erexit.</strong></span> <span class='ocrx_word' id='word_1_482' title='bbox 614 4084 727 4154; x_wconf 77' lang='lat'><strong><em>96</em></strong></span> <span class='ocrx_word' id='word_1_483' title='bbox 751 4101 769 4134; x_wconf 78' lang='grc' dir='ltr'><strong>ι</strong></span> <span class='ocrx_word' id='word_1_484' title='bbox 800 4082 910 4138; x_wconf 86' lang='lat' dir='ltr'><strong>Fac</strong></span> <span class='ocrx_word' id='word_1_485' title='bbox 938 4085 1054 4150; x_wconf 89' lang='lat' dir='ltr'><strong>tibi,</strong></span> <span class='ocrx_word' id='word_1_486' title='bbox 1112 4084 1308 4154; x_wconf 89' lang='lat' dir='ltr'><strong>inquit,</strong></span> <span class='ocrx_word' id='word_1_487' title='bbox 1371 4097 1703 4156; x_wconf 89' lang='lat' dir='ltr'><strong>serpentem,</strong></span> <span class='ocrx_word' id='word_1_488' title='bbox 1749 4102 1802 4146; x_wconf 90' lang='lat' dir='ltr'><strong>et</strong></span> <span class='ocrx_word' id='word_1_489' title='bbox 1835 4106 1976 4160; x_wconf 88' lang='lat' dir='ltr'><strong>pone</strong></span> <span class='ocrx_word' id='word_1_490' title='bbox 2019 4151 2038 4168; x_wconf 5' lang='grc' dir='ltr'><strong>η,</strong></span> 
     </span>
    </p>
   </div>
   <div class='ocr_carea' id='block_1_67' title="bbox 2089 2996 3670 3069">
    <p class='ocr_par' dir='ltr' id='par_1_67' title="bbox 2089 2996 3670 3069">
     <span class='ocr_line' id='line_1_67' title="bbox 2089 2996 3670 3069; baseline -0.003 -15"><span class='ocrx_word' id='word_1_491' title='bbox 2089 3001 2291 3062; x_wconf 85' lang='grc' dir='ltr'>τιθείς·</span> <span class='ocrx_word' id='word_1_492' title='bbox 2355 2997 2582 3051; x_wconf 74' lang='grc' dir='ltr'>«Ταῦτα</span> <span class='ocrx_word' id='word_1_493' title='bbox 2627 2998 2684 3050; x_wconf 82' lang='grc' dir='ltr'>δὲ</span> <span class='ocrx_word' id='word_1_494' title='bbox 2724 2996 2854 3069; x_wconf 77' lang='grc' dir='ltr'><strong>[Ισ.</strong></span> <span class='ocrx_word' id='word_1_495' title='bbox 2901 2999 3116 3061; x_wconf 70' lang='grc' dir='ltr'>λείπει,</span> <span class='ocrx_word' id='word_1_496' title='bbox 3165 2997 3362 3067; x_wconf 72' lang='grc' dir='ltr'>φησ“ι,]</span> <span class='ocrx_word' id='word_1_497' title='bbox 3417 2998 3670 3059; x_wconf 86' lang='grc' dir='ltr'>τυπικῶς</span> 
     </span>
    </p>
   </div>
   <div class='ocr_carea' id='block_1_68' title="bbox 2092 3087 3668 3158">
    <p class='ocr_par' dir='ltr' id='par_1_68' title="bbox 2092 3087 3668 3158">
     <span class='ocr_line' id='line_1_68' title="bbox 2092 3087 3668 3158; baseline -0.001 -15"><span class='ocrx_word' id='word_1_498' title='bbox 2092 3091 2405 3144; x_wconf 86' lang='grc' dir='ltr'>συνέϐαινεν</span> <span class='ocrx_word' id='word_1_499' title='bbox 2473 3088 2733 3152; x_wconf 58' lang='grc' dir='ltr'>ἐκείνοις</span> <span class='ocrx_word' id='word_1_500' title='bbox 2784 3088 3002 3158; x_wconf 76' lang='grc' dir='ltr'>ἐγράφη</span> <span class='ocrx_word' id='word_1_501' title='bbox 3066 3088 3122 3140; x_wconf 77' lang='grc' dir='ltr'>δὲ</span> <span class='ocrx_word' id='word_1_502' title='bbox 3185 3089 3319 3158; x_wconf 81' lang='grc' dir='ltr'>πρὸς</span> <span class='ocrx_word' id='word_1_503' title='bbox 3383 3087 3668 3141; x_wconf 81' lang='grc' dir='ltr'>νουθεσίαν</span> 
     </span>
    </p>
   </div>
   <div class='ocr_carea' id='block_1_69' title="bbox 2087 3179 3662 3253">
    <p class='ocr_par' dir='ltr' id='par_1_69' title="bbox 2087 3179 3662 3253">
     <span class='ocr_line' id='line_1_69' title="bbox 2087 3179 3662 3253; baseline -0.002 -18"><span class='ocrx_word' id='word_1_504' title='bbox 2087 3183 2265 3253; x_wconf 86' lang='grc' dir='ltr'>ήμῶν,</span> <span class='ocrx_word' id='word_1_505' title='bbox 2305 3183 2385 3246; x_wconf 83' lang='grc' dir='ltr'>εἰς</span> <span class='ocrx_word' id='word_1_506' title='bbox 2431 3179 2524 3244; x_wconf 73' lang='grc' dir='ltr'>οὓς</span> <span class='ocrx_word' id='word_1_507' title='bbox 2565 3180 2635 3233; x_wconf 88' lang='grc' dir='ltr'><strong>τά</strong></span> <span class='ocrx_word' id='word_1_508' title='bbox 2679 3179 2806 3250; x_wconf 82' lang='grc' dir='ltr'>τέλη</span> <span class='ocrx_word' id='word_1_509' title='bbox 2855 3180 2963 3234; x_wconf 82' lang='grc' dir='ltr'><strong>τῶν</strong></span> <span class='ocrx_word' id='word_1_510' title='bbox 2991 3179 3222 3233; x_wconf 77' lang='grc' dir='ltr'>αἰώνων</span> <span class='ocrx_word' id='word_1_511' title='bbox 3273 3182 3605 3250; x_wconf 88' lang='grc' dir='ltr'>κατήντηκε.</span> <span class='ocrx_word' id='word_1_512' title='bbox 3641 3200 3662 3232; x_wconf 72' lang='grc' dir='ltr'><strong>ι</strong></span> 
     </span>
    </p>
   </div>
   <div class='ocr_carea' id='block_1_70' title="bbox 2085 3266 3666 3342">
    <p class='ocr_par' dir='ltr' id='par_1_70' title="bbox 2085 3266 3666 3342">
     <span class='ocr_line' id='line_1_70' title="bbox 2085 3266 3666 3342; baseline -0.001 -18"><span class='ocrx_word' id='word_1_513' title='bbox 2085 3273 2222 3342; x_wconf 81' lang='grc' dir='ltr'>Φέρε</span> <span class='ocrx_word' id='word_1_514' title='bbox 2247 3271 2312 3341; x_wconf 82' lang='grc' dir='ltr'>δὴ</span> <span class='ocrx_word' id='word_1_515' title='bbox 2343 3266 2436 3324; x_wconf 76' lang='grc' dir='ltr'>οὖν</span> <span class='ocrx_word' id='word_1_516' title='bbox 2476 3271 2540 3323; x_wconf 83' lang='grc' dir='ltr'>ὲκ</span> <span class='ocrx_word' id='word_1_517' title='bbox 2579 3268 2822 3340; x_wconf 84' lang='grc' dir='ltr'>νομικῶν</span> <span class='ocrx_word' id='word_1_518' title='bbox 2847 3269 3199 3339; x_wconf 78' lang='grc' dir='ltr'>Γραμμάτων</span> <span class='ocrx_word' id='word_1_519' title='bbox 3226 3268 3458 3332; x_wconf 77' lang='grc' dir='ltr'>ἑλόντες,</span> <span class='ocrx_word' id='word_1_520' title='bbox 3490 3269 3666 3337; x_wconf 81' lang='grc' dir='ltr'>λέγω·</span> 
     </span>
    </p>
   </div>
   <div class='ocr_carea' id='block_1_71' title="bbox 2087 3360 3666 3433">
    <p class='ocr_par' dir='ltr' id='par_1_71' title="bbox 2087 3360 3666 3433">
     <span class='ocr_line' id='line_1_71' title="bbox 2087 3360 3666 3433; baseline -0.001 -18"><span class='ocrx_word' id='word_1_521' title='bbox 2087 3363 2300 3433; x_wconf 85' lang='grc' dir='ltr'>μεν,ὼς</span> <span class='ocrx_word' id='word_1_522' title='bbox 2323 3361 2712 3431; x_wconf 82' lang='grc' dir='ltr'>κατηυλίζοντο</span> <span class='ocrx_word' id='word_1_523' title='bbox 2741 3361 2840 3432; x_wconf 82' lang='grc' dir='ltr'>μὲν</span> <span class='ocrx_word' id='word_1_524' title='bbox 2863 3362 3054 3432; x_wconf 77' lang='grc' dir='ltr'>ἐρήμῳ</span> <span class='ocrx_word' id='word_1_525' title='bbox 3078 3362 3208 3414; x_wconf 83' lang='grc' dir='ltr'>ποτὲ</span> <span class='ocrx_word' id='word_1_526' title='bbox 3229 3360 3329 3430; x_wconf 80' lang='grc' dir='ltr'>τῆς</span> <span class='ocrx_word' id='word_1_527' title='bbox 3347 3361 3666 3428; x_wconf 76' lang='grc' dir='ltr'>Αἰγυπτίων</span> 
     </span>
    </p>
   </div>
   <div class='ocr_carea' id='block_1_72' title="bbox 2086 3452 3668 3524">
    <p class='ocr_par' dir='ltr' id='par_1_72' title="bbox 2086 3452 3668 3524">
     <span class='ocr_line' id='line_1_72' title="bbox 2086 3452 3668 3524; baseline 0.001 -17"><span class='ocrx_word' id='word_1_528' title='bbox 2086 3455 2418 3524; x_wconf 89' lang='grc' dir='ltr'>ἀπαίροντες</span> <span class='ocrx_word' id='word_1_529' title='bbox 2447 3456 2496 3507; x_wconf 83' lang='grc' dir='ltr'><strong>οί</strong></span> <span class='ocrx_word' id='word_1_530' title='bbox 2523 3453 2583 3518; x_wconf 77' lang='grc' dir='ltr'>ἐξ</span> <span class='ocrx_word' id='word_1_531' title='bbox 2619 3453 2860 3524; x_wconf 82' lang='grc' dir='ltr'>Ἰσραὴλ,</span> <span class='ocrx_word' id='word_1_532' title='bbox 2908 3454 3002 3506; x_wconf 74' lang='grc' dir='ltr'>καὶ</span> <span class='ocrx_word' id='word_1_533' title='bbox 3030 3456 3111 3516; x_wconf 80' lang='grc' dir='ltr'><strong>είς</strong></span> <span class='ocrx_word' id='word_1_534' title='bbox 3155 3452 3254 3522; x_wconf 83' lang='grc' dir='ltr'>τὴν</span> <span class='ocrx_word' id='word_1_535' title='bbox 3282 3454 3384 3524; x_wconf 77' lang='grc' dir='ltr'>τῆς</span> <span class='ocrx_word' id='word_1_536' title='bbox 3424 3457 3668 3522; x_wconf 74' lang='grc' dir='ltr'>ἐπαγγε-</span> 
     </span>
    </p>
   </div>
   <div class='ocr_carea' id='block_1_73' title="bbox 2085 3544 3666 3615">
    <p class='ocr_par' dir='ltr' id='par_1_73' title="bbox 2085 3544 3666 3615">
     <span class='ocr_line' id='line_1_73' title="bbox 2085 3544 3666 3615; baseline -0.002 -15"><span class='ocrx_word' id='word_1_537' title='bbox 2085 3547 2204 3610; x_wconf 86' lang='grc' dir='ltr'>λίας</span> <span class='ocrx_word' id='word_1_538' title='bbox 2239 3545 2650 3608; x_wconf 85' lang='grc' dir='ltr'>διασπεύδοντες</span> <span class='ocrx_word' id='word_1_539' title='bbox 2685 3545 2819 3615; x_wconf 74' lang='grc' dir='ltr'>γῆνο</span> <span class='ocrx_word' id='word_1_540' title='bbox 2851 3544 3038 3615; x_wconf 78' lang='grc' dir='ltr'>ἐπειδὴ</span> <span class='ocrx_word' id='word_1_541' title='bbox 3067 3545 3126 3598; x_wconf 82' lang='grc' dir='ltr'>δὲ</span> <span class='ocrx_word' id='word_1_542' title='bbox 3154 3544 3263 3597; x_wconf 84' lang='grc' dir='ltr'><strong>τῶν</strong></span> <span class='ocrx_word' id='word_1_543' title='bbox 3298 3547 3355 3598; x_wconf 84' lang='grc' dir='ltr'>ὲν</span> <span class='ocrx_word' id='word_1_544' title='bbox 3397 3546 3666 3615; x_wconf 77' lang='grc' dir='ltr'>Αἰγύπτῳ</span> 
     </span>
    </p>
   </div>
   <div class='ocr_carea' id='block_1_74' title="bbox 2087 3636 3664 3710">
    <p class='ocr_par' dir='ltr' id='par_1_74' title="bbox 2087 3636 3664 3710">
     <span class='ocr_line' id='line_1_74' title="bbox 2087 3636 3664 3710; baseline -0.003 -16"><span class='ocrx_word' id='word_1_545' title='bbox 2087 3641 2378 3710; x_wconf 84' lang='grc' dir='ltr'>Θαυμᾶτων</span> <span class='ocrx_word' id='word_1_546' title='bbox 2412 3637 2854 3710; x_wconf 81' lang='grc' dir='ltr'>ἀμνημονοῦντες</span> <span class='ocrx_word' id='word_1_547' title='bbox 2900 3637 2950 3689; x_wconf 83' lang='grc' dir='ltr'>οἱ</span> <span class='ocrx_word' id='word_1_548' title='bbox 2994 3636 3258 3700; x_wconf 84' lang='grc' dir='ltr'>τάλανες,</span> <span class='ocrx_word' id='word_1_549' title='bbox 3308 3637 3402 3690; x_wconf 72' lang='grc' dir='ltr'>καὶ</span> <span class='ocrx_word' id='word_1_550' title='bbox 3443 3638 3543 3707; x_wconf 82' lang='grc' dir='ltr'><strong>τῆς</strong></span> <span class='ocrx_word' id='word_1_551' title='bbox 3580 3640 3664 3700; x_wconf 84' lang='grc' dir='ltr'><strong>είς</strong></span> 
     </span>
    </p>
   </div>
   <div class='ocr_carea' id='block_1_75' title="bbox 2084 3726 3660 3800">
    <p class='ocr_par' dir='ltr' id='par_1_75' title="bbox 2084 3726 3660 3800">
     <span class='ocr_line' id='line_1_75' title="bbox 2084 3726 3660 3800; baseline -0.003 -15"><span class='ocrx_word' id='word_1_552' title='bbox 2084 3732 2219 3785; x_wconf 83' lang='grc' dir='ltr'>Θεὸν</span> <span class='ocrx_word' id='word_1_553' title='bbox 2254 3731 2475 3800; x_wconf 86' lang='grc' dir='ltr'>ἀγάπης</span> <span class='ocrx_word' id='word_1_554' title='bbox 2503 3729 3014 3800; x_wconf 85' lang='grc' dir='ltr'>ἀμνημονήσαντες,</span> <span class='ocrx_word' id='word_1_555' title='bbox 3033 3726 3380 3795; x_wconf 78' lang='grc' dir='ltr'>διεγόγγυζον</span> <span class='ocrx_word' id='word_1_556' title='bbox 3405 3728 3660 3790; x_wconf 85' lang='grc' dir='ltr'>ἀνοσίως,</span> 
     </span>
    </p>
   </div>
   <div class='ocr_carea' id='block_1_76' title="bbox 2085 3815 3659 3892">
    <p class='ocr_par' dir='ltr' id='par_1_76' title="bbox 2085 3815 3659 3892">
     <span class='ocr_line' id='line_1_76' title="bbox 2085 3815 3659 3892; baseline -0.003 -15"><span class='ocrx_word' id='word_1_557' title='bbox 2085 3825 2190 3878; x_wconf 83' lang='grc' dir='ltr'><strong>ὑπὸ</strong></span> <span class='ocrx_word' id='word_1_558' title='bbox 2217 3823 2328 3876; x_wconf 85' lang='grc' dir='ltr'><strong>τῶν</strong></span> <span class='ocrx_word' id='word_1_559' title='bbox 2360 3823 2536 3892; x_wconf 72' lang='grc' dir='ltr'>ὄφεων</span> <span class='ocrx_word' id='word_1_560' title='bbox 2570 3819 2886 3873; x_wconf 86' lang='grc' dir='ltr'>ἀπώλλυντο</span> <span class='ocrx_word' id='word_1_561' title='bbox 2912 3861 2926 3885; x_wconf 92' lang='grc'><strong>,</strong></span> <span class='ocrx_word' id='word_1_562' title='bbox 2963 3815 3107 3872; x_wconf 88' lang='grc' dir='ltr'><strong>κατά</strong></span> <span class='ocrx_word' id='word_1_563' title='bbox 3155 3819 3215 3871; x_wconf 87' lang='grc' dir='ltr'>τὸ</span> <span class='ocrx_word' id='word_1_564' title='bbox 3251 3821 3659 3890; x_wconf 85' lang='grc' dir='ltr'>γεγραμμένον.</span> 
     </span>
    </p>
   </div>
   <div class='ocr_carea' id='block_1_77' title="bbox 2085 3910 3662 3983">
    <p class='ocr_par' dir='ltr' id='par_1_77' title="bbox 2085 3910 3662 3983">
     <span class='ocr_line' id='line_1_77' title="bbox 2085 3910 3662 3983; baseline -0.002 -17"><span class='ocrx_word' id='word_1_565' title='bbox 2085 3913 2321 3983; x_wconf 86' lang='grc' dir='ltr'>Διὲδρων</span> <span class='ocrx_word' id='word_1_566' title='bbox 2351 3930 2415 3981; x_wconf 87' lang='grc' dir='ltr'><strong>γε</strong></span> <span class='ocrx_word' id='word_1_567' title='bbox 2446 3913 2552 3983; x_wconf 82' lang='grc' dir='ltr'>μὴν</span> <span class='ocrx_word' id='word_1_568' title='bbox 2585 3911 2654 3965; x_wconf 81' lang='grc' dir='ltr'>τὰ</span> <span class='ocrx_word' id='word_1_569' title='bbox 2695 3913 2803 3964; x_wconf 88' lang='grc' dir='ltr'><strong>τῶν</strong></span> <span class='ocrx_word' id='word_1_570' title='bbox 2839 3911 3058 3964; x_wconf 81' lang='grc' dir='ltr'>ἰοϐόλων</span> <span class='ocrx_word' id='word_1_571' title='bbox 3086 3911 3371 3982; x_wconf 84' lang='grc' dir='ltr'>δήγματα,</span> <span class='ocrx_word' id='word_1_572' title='bbox 3407 3910 3495 3962; x_wconf 77' lang='grc' dir='ltr'>τὸν</span> <span class='ocrx_word' id='word_1_573' title='bbox 3529 3911 3662 3979; x_wconf 72' lang='grc' dir='ltr'>ὅφιν</span> 
     </span>
    </p>
   </div>
   <div class='ocr_carea' id='block_1_78' title="bbox 2084 3999 3660 4072">
    <p class='ocr_par' dir='ltr' id='par_1_78' title="bbox 2084 3999 3660 4072">
     <span class='ocr_line' id='line_1_78' title="bbox 2084 3999 3660 4072; baseline -0.001 -15"><span class='ocrx_word' id='word_1_574' title='bbox 2084 4004 2267 4067; x_wconf 82' lang='grc' dir='ltr'>αὐτοῖς</span> <span class='ocrx_word' id='word_1_575' title='bbox 2311 4003 2403 4056; x_wconf 75' lang='grc' dir='ltr'><strong>τὸν</strong></span> <span class='ocrx_word' id='word_1_576' title='bbox 2454 4001 2689 4072; x_wconf 86' lang='grc' dir='ltr'>χαλκοῦν</span> <span class='ocrx_word' id='word_1_577' title='bbox 2728 3999 3208 4071; x_wconf 85' lang='grc' dir='ltr'>ἀναστηλώσαντος</span> <span class='ocrx_word' id='word_1_578' title='bbox 3255 4001 3348 4054; x_wconf 90' lang='grc' dir='ltr'><strong>τοῦ</strong></span> <span class='ocrx_word' id='word_1_579' title='bbox 3389 4001 3660 4069; x_wconf 80' lang='grc' dir='ltr'>Μωσέως,</span> 
     </span>
    </p>
   </div>
   <div class='ocr_carea' id='block_1_79' title="bbox 2081 4094 3662 4167">
    <p class='ocr_par' dir='ltr' id='par_1_79' title="bbox 2081 4094 3662 4167">
     <span class='ocr_line' id='line_1_79' title="bbox 2081 4094 3662 4167; baseline -0.001 -17"><span class='ocrx_word' id='word_1_580' title='bbox 2081 4096 2177 4150; x_wconf 90' lang='grc' dir='ltr'><strong>τοῦ</strong></span> <span class='ocrx_word' id='word_1_581' title='bbox 2203 4097 2421 4152; x_wconf 85' lang='grc' dir='ltr'>πάντων</span> <span class='ocrx_word' id='word_1_582' title='bbox 2441 4097 2594 4165; x_wconf 86' lang='grc' dir='ltr'><strong>Σωτῆ</strong></span> <span class='ocrx_word' id='word_1_583' title='bbox 2604 4112 2695 4166; x_wconf 85' lang='grc' dir='ltr'><strong>ρος</strong></span> <span class='ocrx_word' id='word_1_584' title='bbox 2715 4094 2851 4147; x_wconf 86' lang='grc' dir='ltr'>Θεοῦ</span> <span class='ocrx_word' id='word_1_585' title='bbox 2873 4094 3423 4166; x_wconf 80' lang='grc' dir='ltr'>κεχρησμῳδηκότος’</span> <span class='ocrx_word' id='word_1_586' title='bbox 3451 4114 3468 4146; x_wconf 80' lang='lat' dir='ltr'><strong>t</strong></span> <span class='ocrx_word' id='word_1_587' title='bbox 3493 4096 3662 4167; x_wconf 86' lang='grc' dir='ltr'>Ποίη-</span> 
     </span>
    </p>
   </div>
   <div class='ocr_carea' id='block_1_80' title="bbox 397 4175 1985 4259">
    <p class='ocr_par' dir='ltr' id='par_1_80' title="bbox 397 4175 1974 4250">
     <span class='ocr_line' id='line_1_80' title="bbox 397 4175 1974 4250; baseline 0.005 -22"><span class='ocrx_word' id='word_1_588' title='bbox 397 4175 543 4230; x_wconf 90' lang='lat' dir='ltr'><strong>illum</strong></span> <span class='ocrx_word' id='word_1_589' title='bbox 591 4176 645 4228; x_wconf 92' lang='lat' dir='ltr'><strong>in</strong></span> <span class='ocrx_word' id='word_1_590' title='bbox 689 4175 948 4241; x_wconf 81' lang='lat' dir='ltr'><strong>signum:</strong></span> <span class='ocrx_word' id='word_1_591' title='bbox 999 4183 1054 4230; x_wconf 86' lang='lat' dir='ltr'><strong>et</strong></span> <span class='ocrx_word' id='word_1_592' title='bbox 1103 4177 1230 4241; x_wconf 91' lang='lat' dir='ltr'><strong>erit,</strong></span> <span class='ocrx_word' id='word_1_593' title='bbox 1269 4177 1314 4230; x_wconf 92' lang='lat' dir='ltr'><strong>si</strong></span> <span class='ocrx_word' id='word_1_594' title='bbox 1370 4180 1722 4234; x_wconf 86' lang='lat' dir='ltr'><strong>momorderit</strong></span> <span class='ocrx_word' id='word_1_595' title='bbox 1749 4193 1974 4250; x_wconf 89' lang='lat' dir='ltr'><strong>serpens</strong></span> 
     </span>
    </p>
   </div>
   <div class='ocr_carea' id='block_1_81' title="bbox 2087 4175 3662 4259">
    <p class='ocr_par' dir='ltr' id='par_1_81' title="bbox 2087 4185 3662 4258">
     <span class='ocr_line' id='line_1_81' title="bbox 2087 4185 3662 4258; baseline -0.002 -16"><span class='ocrx_word' id='word_1_596' title='bbox 2087 4205 2177 4242; x_wconf 89' lang='grc' dir='ltr'><strong>σον</strong></span> <span class='ocrx_word' id='word_1_597' title='bbox 2206 4187 2390 4258; x_wconf 88' lang='grc' dir='ltr'>σαυτῷ</span> <span class='ocrx_word' id='word_1_598' title='bbox 2413 4187 2558 4256; x_wconf 80' lang='grc' dir='ltr'>ὄφιν,</span> <span class='ocrx_word' id='word_1_599' title='bbox 2580 4187 2675 4240; x_wconf 73' lang='grc' dir='ltr'>καὶ</span> <span class='ocrx_word' id='word_1_600' title='bbox 2697 4185 2787 4248; x_wconf 85' lang='grc' dir='ltr'><strong>θὲς</strong></span> <span class='ocrx_word' id='word_1_601' title='bbox 2817 4185 2980 4238; x_wconf 79' lang='grc' dir='ltr'>αὐτὸν</span> <span class='ocrx_word' id='word_1_602' title='bbox 3009 4185 3099 4237; x_wconf 77' lang='grc' dir='ltr'><strong>ἐπὶ</strong></span> <span class='ocrx_word' id='word_1_603' title='bbox 3127 4187 3482 4256; x_wconf 83' lang='grc' dir='ltr'>σημεῖον·κα“ι</span> <span class='ocrx_word' id='word_1_604' title='bbox 3503 4186 3662 4240; x_wconf 80' lang='grc' dir='ltr'>ἔσται</span> 
     </span>
    </p>
   </div>
   <div class='ocr_carea' id='block_1_82' title="bbox 396 4258 1985 4357">
    <p class='ocr_par' dir='ltr' id='par_1_82' title="bbox 396 4263 1972 4331">
     <span class='ocr_line' id='line_1_82' title="bbox 396 4263 1972 4331; baseline 0.005 -13"><span class='ocrx_word' id='word_1_605' title='bbox 396 4264 695 4324; x_wconf 85' lang='lat' dir='ltr'><strong>hominem.</strong></span> <span class='ocrx_word' id='word_1_606' title='bbox 734 4263 983 4331; x_wconf 89' lang='lat' dir='ltr'><strong>quisquis</strong></span> <span class='ocrx_word' id='word_1_607' title='bbox 1009 4279 1223 4322; x_wconf 90' lang='lat' dir='ltr'><strong>morsus</strong></span> <span class='ocrx_word' id='word_1_608' title='bbox 1255 4268 1439 4331; x_wconf 87' lang='lat' dir='ltr'><strong>fuerit,</strong></span> <span class='ocrx_word' id='word_1_609' title='bbox 1477 4268 1666 4325; x_wconf 84' lang='lat' dir='ltr'><strong>videns</strong></span> <span class='ocrx_word' id='word_1_610' title='bbox 1704 4270 1853 4326; x_wconf 91' lang='lat' dir='ltr'><strong>illum</strong></span> <span class='ocrx_word' id='word_1_611' title='bbox 1892 4273 1972 4326; x_wconf 88' lang='lat' dir='ltr'><strong>vi-</strong></span> 
     </span>
    </p>
   </div>
   <div class='ocr_carea' id='block_1_83' title="bbox 2087 4258 3662 4357">
    <p class='ocr_par' dir='ltr' id='par_1_83' title="bbox 2087 4276 3662 4348">
     <span class='ocr_line' id='line_1_83' title="bbox 2087 4276 3662 4348; baseline 0.001 -18"><span class='ocrx_word' id='word_1_612' title='bbox 2087 4278 2172 4332; x_wconf 70' lang='grc' dir='ltr'><strong>ἐὰν</strong></span> <span class='ocrx_word' id='word_1_613' title='bbox 2199 4277 2339 4348; x_wconf 85' lang='grc' dir='ltr'>δάκῃ</span> <span class='ocrx_word' id='word_1_614' title='bbox 2363 4277 2487 4346; x_wconf 75' lang='grc' dir='ltr'>ὄφις</span> <span class='ocrx_word' id='word_1_615' title='bbox 2516 4276 2825 4347; x_wconf 80' lang='grc' dir='ltr'>ἄνθρωπον,</span> <span class='ocrx_word' id='word_1_616' title='bbox 2858 4277 2965 4340; x_wconf 79' lang='grc' dir='ltr'>πᾶς</span> <span class='ocrx_word' id='word_1_617' title='bbox 2999 4278 3026 4329; x_wconf 90' lang='lat'><strong>6</strong></span> <span class='ocrx_word' id='word_1_618' title='bbox 3056 4276 3384 4347; x_wconf 82' lang='grc' dir='ltr'>δεδηγμένος</span> <span class='ocrx_word' id='word_1_619' title='bbox 3415 4277 3539 4330; x_wconf 84' lang='grc' dir='ltr'>ίδὼν</span> <span class='ocrx_word' id='word_1_620' title='bbox 3563 4281 3662 4332; x_wconf 78' lang='grc' dir='ltr'><strong>αὖ·</strong></span> 
     </span>
    </p>
   </div>
   <div class='ocr_carea' id='block_1_84' title="bbox 396 4347 1969 4426">
    <p class='ocr_par' dir='ltr' id='par_1_84' title="bbox 396 4347 1969 4426">
     <span class='ocr_line' id='line_1_84' title="bbox 396 4347 1969 4426; baseline 0.009 -22"><span class='ocrx_word' id='word_1_621' title='bbox 396 4351 572 4406; x_wconf 74' lang='grc' dir='ltr'>νοιδο.</span> <span class='ocrx_word' id='word_1_622' title='bbox 604 4368 626 4403; x_wconf 71' lang='grc' dir='ltr'><strong>ι</strong></span> <span class='ocrx_word' id='word_1_623' title='bbox 658 4347 785 4404; x_wconf 62' lang='lat' dir='ltr'><strong>Haec</strong></span> <span class='ocrx_word' id='word_1_624' title='bbox 833 4365 962 4421; x_wconf 85' lang='lat' dir='ltr'><strong>ergo</strong></span> <span class='ocrx_word' id='word_1_625' title='bbox 1007 4352 1180 4421; x_wconf 80' lang='lat' dir='ltr'><strong>ﬁgura</strong></span> <span class='ocrx_word' id='word_1_626' title='bbox 1228 4358 1546 4426; x_wconf 87' lang='lat' dir='ltr'><strong>mysterium</strong></span> <span class='ocrx_word' id='word_1_627' title='bbox 1593 4360 1794 4416; x_wconf 83' lang='lat' dir='ltr'><strong>Christi</strong></span> <span class='ocrx_word' id='word_1_628' title='bbox 1832 4371 1969 4418; x_wconf 78' lang='lat' dir='ltr'><strong>erat.</strong></span> 
     </span>
    </p>
   </div>
   <div class='ocr_carea' id='block_1_85' title="bbox 391 4440 1973 4518">
    <p class='ocr_par' dir='ltr' id='par_1_85' title="bbox 391 4440 1973 4518">
     <span class='ocr_line' id='line_1_85' title="bbox 391 4440 1973 4518; baseline 0.007 -22"><span class='ocrx_word' id='word_1_629' title='bbox 391 4441 528 4496; x_wconf 77' lang='lat' dir='ltr'><strong>Cum</strong></span> <span class='ocrx_word' id='word_1_630' title='bbox 559 4440 704 4496; x_wconf 90' lang='lat' dir='ltr'><strong>enim</strong></span> <span class='ocrx_word' id='word_1_631' title='bbox 744 4441 884 4495; x_wconf 88' lang='lat' dir='ltr'><strong>Deus</strong></span> <span class='ocrx_word' id='word_1_632' title='bbox 931 4451 1080 4496; x_wconf 88' lang='lat' dir='ltr'><strong>esset</strong></span> <span class='ocrx_word' id='word_1_633' title='bbox 1109 4443 1442 4513; x_wconf 87' lang='lat' dir='ltr'><strong>unigenitqu</strong></span> <span class='ocrx_word' id='word_1_634' title='bbox 1486 4447 1579 4503; x_wconf 90' lang='lat' dir='ltr'><strong>Dei</strong></span> <span class='ocrx_word' id='word_1_635' title='bbox 1619 4449 1885 4518; x_wconf 85' lang='lat' dir='ltr'><strong>Verbum,</strong></span> <span class='ocrx_word' id='word_1_636' title='bbox 1919 4464 1973 4507; x_wconf 92' lang='lat' dir='ltr'><strong>et</strong></span> 
     </span>
    </p>
   </div>
   <div class='ocr_carea' id='block_1_86' title="bbox 391 4530 1974 4611">
    <p class='ocr_par' dir='ltr' id='par_1_86' title="bbox 391 4530 1974 4611">
     <span class='ocr_line' id='line_1_86' title="bbox 391 4530 1974 4611; baseline 0.01 -29"><span class='ocrx_word' id='word_1_637' title='bbox 391 4542 488 4598; x_wconf 89' lang='lat' dir='ltr'><strong>per</strong></span> <span class='ocrx_word' id='word_1_638' title='bbox 526 4539 777 4583; x_wconf 89' lang='lat' dir='ltr'><strong>naturam</strong></span> <span class='ocrx_word' id='word_1_639' title='bbox 809 4530 1010 4585; x_wconf 91' lang='lat' dir='ltr'><strong>bonum</strong></span> <span class='ocrx_word' id='word_1_640' title='bbox 1063 4545 1129 4585; x_wconf 77' lang='lat' dir='ltr'><strong>ex</strong></span> <span class='ocrx_word' id='word_1_641' title='bbox 1164 4532 1306 4588; x_wconf 90' lang='lat' dir='ltr'><strong>bono</strong></span> <span class='ocrx_word' id='word_1_642' title='bbox 1349 4534 1546 4604; x_wconf 87' lang='lat' dir='ltr'><strong>Patre,</strong></span> <span class='ocrx_word' id='word_1_643' title='bbox 1580 4541 1850 4611; x_wconf 83' lang='lat' dir='ltr'><strong>particeps</strong></span> <span class='ocrx_word' id='word_1_644' title='bbox 1893 4543 1974 4597; x_wconf 87' lang='lat' dir='ltr'><strong>fa-</strong></span> 
     </span>
    </p>
   </div>
   <div class='ocr_carea' id='block_1_87' title="bbox 389 4621 1974 4694">
    <p class='ocr_par' dir='ltr' id='par_1_87' title="bbox 389 4621 1974 4694">
     <span class='ocr_line' id='line_1_87' title="bbox 389 4621 1974 4694; baseline 0.011 -20"><span class='ocrx_word' id='word_1_645' title='bbox 389 4631 536 4675; x_wconf 89' lang='lat' dir='ltr'><strong>ctum</strong></span> <span class='ocrx_word' id='word_1_646' title='bbox 585 4629 670 4677; x_wconf 87' lang='lat' dir='ltr'><strong>est</strong></span> <span class='ocrx_word' id='word_1_647' title='bbox 716 4621 999 4690; x_wconf 82' lang='lat' dir='ltr'><strong>sanguinis</strong></span> <span class='ocrx_word' id='word_1_648' title='bbox 1027 4630 1083 4678; x_wconf 89' lang='lat' dir='ltr'><strong>et</strong></span> <span class='ocrx_word' id='word_1_649' title='bbox 1131 4625 1334 4690; x_wconf 88' lang='lat' dir='ltr'><strong>carnis,</strong></span> <span class='ocrx_word' id='word_1_650' title='bbox 1370 4627 1474 4683; x_wconf 90' lang='lat' dir='ltr'><strong>boc</strong></span> <span class='ocrx_word' id='word_1_651' title='bbox 1511 4641 1611 4694; x_wconf 91' lang='lat' dir='ltr'><strong>est,</strong></span> <span class='ocrx_word' id='word_1_652' title='bbox 1653 4632 1856 4688; x_wconf 87' lang='lat' dir='ltr'><strong>factum</strong></span> <span class='ocrx_word' id='word_1_653' title='bbox 1892 4647 1974 4692; x_wconf 89' lang='lat' dir='ltr'><strong>est</strong></span> 
     </span>
    </p>
   </div>
   <div class='ocr_carea' id='block_1_88' title="bbox 391 4715 2000 4796">
    <p class='ocr_par' dir='ltr' id='par_1_88' title="bbox 391 4715 2000 4796">
     <span class='ocr_line' id='line_1_88' title="bbox 391 4715 2000 4796; baseline 0.012 -28"><span class='ocrx_word' id='word_1_654' title='bbox 391 4717 572 4780; x_wconf 85' lang='lat' dir='ltr'><strong>homo,</strong></span> <span class='ocrx_word' id='word_1_655' title='bbox 606 4725 662 4770; x_wconf 89' lang='lat' dir='ltr'><strong>et</strong></span> <span class='ocrx_word' id='word_1_656' title='bbox 693 4715 851 4770; x_wconf 89' lang='lat' dir='ltr'><strong>nobis</strong></span> <span class='ocrx_word' id='word_1_657' title='bbox 879 4717 971 4785; x_wconf 90' lang='lat' dir='ltr'><strong>qui</strong></span> <span class='ocrx_word' id='word_1_658' title='bbox 1003 4717 1129 4771; x_wconf 90' lang='lat' dir='ltr'><strong>mali</strong></span> <span class='ocrx_word' id='word_1_659' title='bbox 1159 4733 1406 4786; x_wconf 87' lang='lat' dir='ltr'><strong>eramus,</strong></span> <span class='ocrx_word' id='word_1_660' title='bbox 1438 4721 1613 4779; x_wconf 73' lang='lat' dir='ltr'><strong>afﬁnis</strong></span> <span class='ocrx_word' id='word_1_661' title='bbox 1639 4767 1654 4792; x_wconf 92' lang='lat'><strong>,</strong></span> <span class='ocrx_word' id='word_1_662' title='bbox 1703 4733 2000 4796; x_wconf 80' lang='lat' dir='ltr'><strong>quatenus&#39;</strong></span> 
     </span>
    </p>
   </div>
   <div class='ocr_carea' id='block_1_89' title="bbox 388 4807 1970 4881">
    <p class='ocr_par' dir='ltr' id='par_1_89' title="bbox 388 4807 1970 4881">
     <span class='ocr_line' id='line_1_89' title="bbox 388 4807 1970 4881; baseline 0.009 -19"><span class='ocrx_word' id='word_1_663' title='bbox 388 4821 536 4863; x_wconf 85' lang='lat' dir='ltr'><strong>certe</strong></span> <span class='ocrx_word' id='word_1_664' title='bbox 572 4810 736 4863; x_wconf 90' lang='lat' dir='ltr'><strong>homo</strong></span> <span class='ocrx_word' id='word_1_665' title='bbox 772 4807 947 4862; x_wconf 89' lang='lat' dir='ltr'><strong>nostri</strong></span> <span class='ocrx_word' id='word_1_666' title='bbox 978 4808 1175 4863; x_wconf 88' lang='lat' dir='ltr'><strong>similis</strong></span> <span class='ocrx_word' id='word_1_667' title='bbox 1211 4809 1313 4864; x_wconf 82' lang='lat' dir='ltr'><strong>fuit</strong></span> <span class='ocrx_word' id='word_1_668' title='bbox 1342 4829 1357 4866; x_wconf 89' lang='lat'><strong>:</strong></span> <span class='ocrx_word' id='word_1_669' title='bbox 1401 4815 1634 4881; x_wconf 91' lang='lat' dir='ltr'><strong>positum</strong></span> <span class='ocrx_word' id='word_1_670' title='bbox 1679 4826 1764 4872; x_wconf 92' lang='lat' dir='ltr'><strong>est</strong></span> <span class='ocrx_word' id='word_1_671' title='bbox 1805 4820 1970 4876; x_wconf 87' lang='lat' dir='ltr'><strong>etiam</strong></span> 
     </span>
    </p>
   </div>
   <div class='ocr_carea' id='block_1_90' title="bbox 388 4899 1973 4980">
    <p class='ocr_par' dir='ltr' id='par_1_90' title="bbox 388 4899 1973 4980">
     <span class='ocr_line' id='line_1_90' title="bbox 388 4899 1973 4980; baseline 0.011 -30"><span class='ocrx_word' id='word_1_672' title='bbox 388 4899 441 4952; x_wconf 90' lang='lat' dir='ltr'><strong>iu</strong></span> <span class='ocrx_word' id='word_1_673' title='bbox 490 4901 742 4966; x_wconf 85' lang='lat' dir='ltr'><strong>sublime,</strong></span> <span class='ocrx_word' id='word_1_674' title='bbox 799 4899 903 4954; x_wconf 89' lang='lat' dir='ltr'><strong>boc</strong></span> <span class='ocrx_word' id='word_1_675' title='bbox 941 4909 1048 4965; x_wconf 87' lang='lat' dir='ltr'><strong>est,</strong></span> <span class='ocrx_word' id='word_1_676' title='bbox 1103 4915 1321 4956; x_wconf 85' lang='lat' dir='ltr'><strong>crucem</strong></span> <span class='ocrx_word' id='word_1_677' title='bbox 1375 4905 1589 4971; x_wconf 90' lang='lat' dir='ltr'><strong>pertulit</strong></span> <span class='ocrx_word' id='word_1_678' title='bbox 1641 4908 1692 4962; x_wconf 90' lang='lat' dir='ltr'><strong>in</strong></span> <span class='ocrx_word' id='word_1_679' title='bbox 1723 4910 1889 4980; x_wconf 81' lang='lat' dir='ltr'><strong>ligno,</strong></span> <span class='ocrx_word' id='word_1_680' title='bbox 1917 4921 1973 4968; x_wconf 87' lang='lat' dir='ltr'><strong>et</strong></span> 
     </span>
    </p>
   </div>
   <div class='ocr_carea' id='block_1_91' title="bbox 389 4993 1968 5070">
    <p class='ocr_par' dir='ltr' id='par_1_91' title="bbox 389 4993 1968 5070">
     <span class='ocr_line' id='line_1_91' title="bbox 389 4993 1968 5070; baseline 0.011 -32"><span class='ocrx_word' id='word_1_681' title='bbox 389 4999 615 5044; x_wconf 88' lang='lat' dir='ltr'><strong>mortem</strong></span> <span class='ocrx_word' id='word_1_682' title='bbox 656 4993 956 5046; x_wconf 85' lang='lat' dir='ltr'><strong>secundum</strong></span> <span class='ocrx_word' id='word_1_683' title='bbox 990 5005 1235 5058; x_wconf 89' lang='lat' dir='ltr'><strong>carnem,</strong></span> <span class='ocrx_word' id='word_1_684' title='bbox 1278 4993 1380 5048; x_wconf 87' lang='lat' dir='ltr'><strong>etsi</strong></span> <span class='ocrx_word' id='word_1_685' title='bbox 1425 4996 1622 5052; x_wconf 74' lang='lat' dir='ltr'><strong>revixit</strong></span> <span class='ocrx_word' id='word_1_686' title='bbox 1659 4997 1748 5053; x_wconf 91' lang='lat' dir='ltr'><strong>die</strong></span> <span class='ocrx_word' id='word_1_687' title='bbox 1786 5001 1968 5070; x_wconf 89' lang='lat' dir='ltr'><strong>tertia,</strong></span> 
     </span>
    </p>
   </div>
   <div class='ocr_carea' id='block_1_92' title="bbox 387 5077 1970 5159">
    <p class='ocr_par' dir='ltr' id='par_1_92' title="bbox 387 5077 1970 5159">
     <span class='ocr_line' id='line_1_92' title="bbox 387 5077 1970 5159; baseline 0.018 -31"><span class='ocrx_word' id='word_1_688' title='bbox 387 5077 596 5135; x_wconf 89' lang='lat' dir='ltr'><strong>calcato</strong></span> <span class='ocrx_word' id='word_1_689' title='bbox 633 5084 821 5139; x_wconf 87' lang='lat' dir='ltr'><strong>mortis</strong></span> <span class='ocrx_word' id='word_1_690' title='bbox 852 5087 1081 5156; x_wconf 87' lang='lat' dir='ltr'><strong>imperio</strong></span> <span class='ocrx_word' id='word_1_691' title='bbox 1109 5086 1175 5140; x_wconf 82' lang='lat'><strong>“.</strong></span> <span class='ocrx_word' id='word_1_692' title='bbox 1217 5083 1353 5140; x_wconf 90' lang='lat' dir='ltr'><strong>Cum</strong></span> <span class='ocrx_word' id='word_1_693' title='bbox 1383 5088 1547 5159; x_wconf 88' lang='lat' dir='ltr'><strong>igitur</strong></span> <span class='ocrx_word' id='word_1_694' title='bbox 1571 5095 1833 5152; x_wconf 88' lang='lat' dir='ltr'><strong>adversus</strong></span> <span class='ocrx_word' id='word_1_695' title='bbox 1861 5099 1970 5155; x_wconf 87' lang='lat' dir='ltr'><strong>dis-</strong></span> 
     </span>
    </p>
   </div>
   <div class='ocr_carea' id='block_1_93' title="bbox 388 5173 1969 5255">
    <p class='ocr_par' dir='ltr' id='par_1_93' title="bbox 388 5173 1969 5255">
     <span class='ocr_line' id='line_1_93' title="bbox 388 5173 1969 5255; baseline 0.019 -39"><span class='ocrx_word' id='word_1_696' title='bbox 388 5173 758 5232; x_wconf 85' lang='lat' dir='ltr'><strong>pensationem</strong></span> <span class='ocrx_word' id='word_1_697' title='bbox 812 5180 996 5234; x_wconf 83' lang='lat' dir='ltr'><strong>caruis</strong></span> <span class='ocrx_word' id='word_1_698' title='bbox 1055 5179 1382 5235; x_wconf 87' lang='lat' dir='ltr'><strong>stultissime</strong></span> <span class='ocrx_word' id='word_1_699' title='bbox 1455 5182 1838 5255; x_wconf 91' lang='lat' dir='ltr'><strong>obloquimur,</strong></span> <span class='ocrx_word' id='word_1_700' title='bbox 1915 5200 1969 5246; x_wconf 86' lang='lat' dir='ltr'><strong>et</strong></span> 
     </span>
    </p>
   </div>
   <div class='ocr_carea' id='block_1_94' title="bbox 457 5303 1988 5394">
    <p class='ocr_par' dir='ltr' id='par_1_94' title="bbox 457 5303 1988 5394">
     <span class='ocr_line' id='line_1_94' title="bbox 457 5303 1988 5394; baseline 0.02 -41"><span class='ocrx_word' id='word_1_701' title='bbox 457 5304 503 5394; x_wconf 56' lang='lat' dir='ltr'><strong>&#39;I&#39;</strong></span> <span class='ocrx_word' id='word_1_702' title='bbox 535 5303 887 5394; x_wconf 31' lang='lat' dir='ltr'><strong>‘J‘uanalh-l;</strong></span> <span class='ocrx_word' id='word_1_703' title='bbox 951 5318 997 5394; x_wconf 60' lang='lat' dir='ltr'>ff</span> <span class='ocrx_word' id='word_1_704' title='bbox 1039 5317 1201 5394; x_wconf 66' lang='lat' dir='ltr'><strong>llebr.</strong></span> <span class='ocrx_word' id='word_1_705' title='bbox 1244 5333 1339 5385; x_wconf 86' lang='lat' dir='ltr'><strong>vn,</strong></span> <span class='ocrx_word' id='word_1_706' title='bbox 1367 5319 1460 5394; x_wconf 72' lang='grc'><strong>26.</strong></span> <span class='ocrx_word' id='word_1_707' title='bbox 1538 5323 1582 5355; x_wconf 64' lang='grc'>³⁸</span> <span class='ocrx_word' id='word_1_708' title='bbox 1623 5324 1789 5379; x_wconf 80' lang='lat' dir='ltr'><strong>Hebr.</strong></span> <span class='ocrx_word' id='word_1_709' title='bbox 1824 5342 1906 5394; x_wconf 83' lang='grc' dir='ltr'>ιιι,</span> <span class='ocrx_word' id='word_1_710' title='bbox 1940 5331 1988 5384; x_wconf 84' lang='lat' dir='ltr'><strong>l.</strong></span> 
     </span>
    </p>
   </div>
   <div class='ocr_carea' id='block_1_95' title="bbox 387 5373 2029 5472">
    <p class='ocr_par' dir='ltr' id='par_1_95' title="bbox 387 5373 2029 5472">
     <span class='ocr_line' id='line_1_95' title="bbox 387 5373 2029 5472; baseline 0.016 -44"><span class='ocrx_word' id='word_1_711' title='bbox 387 5373 433 5404; x_wconf 80' lang='grc'>³⁸</span> <span class='ocrx_word' id='word_1_712' title='bbox 471 5374 492 5429; x_wconf 84' lang='grc' dir='ltr'><strong>ι</strong></span> <span class='ocrx_word' id='word_1_713' title='bbox 534 5375 658 5430; x_wconf 85' lang='lat' dir='ltr'><strong>Cor.</strong></span> <span class='ocrx_word' id='word_1_714' title='bbox 702 5393 755 5442; x_wconf 71' lang='grc' dir='ltr'>χ,</span> <span class='ocrx_word' id='word_1_715' title='bbox 793 5379 878 5435; x_wconf 81' lang='grc' dir='ltr'>Η,</span> <span class='ocrx_word' id='word_1_716' title='bbox 954 5387 998 5418; x_wconf 85' lang='grc'><strong>³⁹</strong></span> <span class='ocrx_word' id='word_1_717' title='bbox 1040 5373 1199 5446; x_wconf 74' lang='lat' dir='ltr'><strong>Nutu.</strong></span> <span class='ocrx_word' id='word_1_718' title='bbox 1235 5373 1348 5456; x_wconf 62' lang='grc' dir='ltr'>κη,</span> <span class='ocrx_word' id='word_1_719' title='bbox 1387 5373 1594 5464; x_wconf 83' lang='lat' dir='ltr'><strong>6seqq.</strong></span> 
     </span>
    </p>
   </div>
   <div class='ocr_carea' id='block_1_96' title="bbox 2077 4367 3720 4440">
    <p class='ocr_par' dir='ltr' id='par_1_96' title="bbox 2077 4367 3720 4440">
     <span class='ocr_line' id='line_1_96' title="bbox 2077 4367 3720 4440; baseline -0.001 -18"><span class='ocrx_word' id='word_1_720' title='bbox 2077 4368 2169 4422; x_wconf 85' lang='grc' dir='ltr'>τὸν</span> <span class='ocrx_word' id='word_1_721' title='bbox 2201 4367 2445 4438; x_wconf 78' lang='grc' dir='ltr'>ζήσεται.</span> <span class='ocrx_word' id='word_1_722' title='bbox 2489 4386 2508 4419; x_wconf 74' lang='grc' dir='ltr'><strong>ι</strong></span> <span class='ocrx_word' id='word_1_723' title='bbox 2541 4368 2856 4439; x_wconf 86' lang='grc' dir='ltr'>Μυστήριον</span> <span class='ocrx_word' id='word_1_724' title='bbox 2881 4367 2937 4420; x_wconf 85' lang='grc' dir='ltr'>δὲ</span> <span class='ocrx_word' id='word_1_725' title='bbox 2964 4368 3074 4438; x_wconf 81' lang='grc' dir='ltr'>ἄρα</span> <span class='ocrx_word' id='word_1_726' title='bbox 3102 4367 3162 4420; x_wconf 84' lang='grc' dir='ltr'>τὸ</span> <span class='ocrx_word' id='word_1_727' title='bbox 3190 4368 3331 4421; x_wconf 87' lang='grc' dir='ltr'><strong>κατά</strong></span> <span class='ocrx_word' id='word_1_728' title='bbox 3359 4369 3595 4440; x_wconf 83' lang='grc' dir='ltr'>Χριστὸν</span> <span class='ocrx_word' id='word_1_729' title='bbox 3630 4371 3664 4434; x_wconf 86' lang='grc' dir='ltr'><strong>ή</strong></span> <span class='ocrx_word' id='word_1_730' title='bbox 3717 4371 3720 4374; x_wconf 76' lang='grc'><strong>’</strong></span> 
     </span>
    </p>
   </div>
   <div class='ocr_carea' id='block_1_97' title="bbox 2075 4455 3668 4540">
    <p class='ocr_par' dir='ltr' id='par_1_97' title="bbox 2075 4455 3668 4540">
     <span class='ocr_line' id='line_1_97' title="bbox 2075 4455 3668 4540; baseline 0.007 -28"><span class='ocrx_word' id='word_1_731' title='bbox 2075 4460 2320 4524; x_wconf 88' lang='grc' dir='ltr'>τύπωσις</span> <span class='ocrx_word' id='word_1_732' title='bbox 2343 4455 2429 4530; x_wconf 79' lang='grc' dir='ltr'><strong>ἦν.</strong></span> <span class='ocrx_word' id='word_1_733' title='bbox 2449 4460 2582 4524; x_wconf 82' lang='grc' dir='ltr'>Θεὸς</span> <span class='ocrx_word' id='word_1_734' title='bbox 2602 4463 2712 4535; x_wconf 84' lang='grc' dir='ltr'><strong>γὰρ</strong></span> <span class='ocrx_word' id='word_1_735' title='bbox 2738 4466 2999 4538; x_wconf 80' lang='grc' dir='ltr'>ὑπάρχων</span> <span class='ocrx_word' id='word_1_736' title='bbox 3026 4470 3055 4521; x_wconf 89' lang='lat'><strong>6</strong></span> <span class='ocrx_word' id='word_1_737' title='bbox 3084 4469 3380 4540; x_wconf 82' lang='grc' dir='ltr'>μονογενὴς</span> <span class='ocrx_word' id='word_1_738' title='bbox 3399 4469 3494 4522; x_wconf 87' lang='grc' dir='ltr'><strong>τοῦ</strong></span> <span class='ocrx_word' id='word_1_739' title='bbox 3517 4469 3621 4523; x_wconf 87' lang='grc' dir='ltr'><strong>Θεο</strong></span> <span class='ocrx_word' id='word_1_740' title='bbox 3638 4474 3668 4525; x_wconf 80' lang='grc' dir='ltr'>ὖ</span> 
     </span>
    </p>
   </div>
   <div class='ocr_carea' id='block_1_98' title="bbox 2077 4552 3666 4631">
    <p class='ocr_par' dir='ltr' id='par_1_98' title="bbox 2077 4552 3666 4631">
     <span class='ocr_line' id='line_1_98' title="bbox 2077 4552 3666 4631; baseline 0.009 -27"><span class='ocrx_word' id='word_1_741' title='bbox 2077 4552 2270 4621; x_wconf 82' lang='grc' dir='ltr'>Λόγος,</span> <span class='ocrx_word' id='word_1_742' title='bbox 2315 4553 2410 4606; x_wconf 75' lang='grc' dir='ltr'>καὶ</span> <span class='ocrx_word' id='word_1_743' title='bbox 2458 4553 2516 4620; x_wconf 75' lang='grc' dir='ltr'><strong>ἐξ</strong></span> <span class='ocrx_word' id='word_1_744' title='bbox 2554 4555 2762 4623; x_wconf 88' lang='grc' dir='ltr'>ἀγαθοῦ</span> <span class='ocrx_word' id='word_1_745' title='bbox 2793 4559 3008 4631; x_wconf 84' lang='grc' dir='ltr'>Πατρὸς</span> <span class='ocrx_word' id='word_1_746' title='bbox 3054 4561 3256 4628; x_wconf 84' lang='grc' dir='ltr'>ἀγαθὸς</span> <span class='ocrx_word' id='word_1_747' title='bbox 3297 4561 3439 4616; x_wconf 87' lang='grc' dir='ltr'><strong>κατά</strong></span> <span class='ocrx_word' id='word_1_748' title='bbox 3469 4561 3666 4630; x_wconf 69' lang='grc' dir='ltr'>φύσιν.</span> 
     </span>
    </p>
   </div>
   <div class='ocr_carea' id='block_1_99' title="bbox 2079 4643 3660 4722">
    <p class='ocr_par' dir='ltr' id='par_1_99' title="bbox 2079 4643 3660 4722">
     <span class='ocr_line' id='line_1_99' title="bbox 2079 4643 3660 4722; baseline 0.008 -28"><span class='ocrx_word' id='word_1_749' title='bbox 2079 4643 2343 4714; x_wconf 88' lang='grc' dir='ltr'>μετέσχεν</span> <span class='ocrx_word' id='word_1_750' title='bbox 2365 4645 2601 4714; x_wconf 76' lang='grc' dir='ltr'>αἵματος</span> <span class='ocrx_word' id='word_1_751' title='bbox 2627 4647 2721 4700; x_wconf 72' lang='grc' dir='ltr'>καὶ</span> <span class='ocrx_word' id='word_1_752' title='bbox 2747 4650 2968 4720; x_wconf 82' lang='grc' dir='ltr'>σαρκὸς,</span> <span class='ocrx_word' id='word_1_753' title='bbox 3015 4651 3282 4716; x_wconf 88' lang='grc' dir='ltr'>τουτέστι,</span> <span class='ocrx_word' id='word_1_754' title='bbox 3316 4653 3538 4722; x_wconf 88' lang='grc' dir='ltr'>γέγονεν</span> <span class='ocrx_word' id='word_1_755' title='bbox 3561 4652 3660 4706; x_wconf 78' lang='grc' dir='ltr'><strong>ἇν-</strong></span> 
     </span>
    </p>
   </div>
   <div class='ocr_carea' id='block_1_100' title="bbox 2077 4735 3657 4816">
    <p class='ocr_par' dir='ltr' id='par_1_100' title="bbox 2077 4735 3657 4816">
     <span class='ocr_line' id='line_1_100' title="bbox 2077 4735 3657 4816; baseline 0.006 -28"><span class='ocrx_word' id='word_1_756' title='bbox 2077 4735 2313 4805; x_wconf 83' lang='grc' dir='ltr'>Θρωπος,</span> <span class='ocrx_word' id='word_1_757' title='bbox 2341 4738 2470 4808; x_wconf 77' lang='grc' dir='ltr'>ἡμῖν</span> <span class='ocrx_word' id='word_1_758' title='bbox 2499 4756 2558 4792; x_wconf 90' lang='grc' dir='ltr'><strong>τε</strong></span> <span class='ocrx_word' id='word_1_759' title='bbox 2589 4743 2703 4803; x_wconf 89' lang='grc' dir='ltr'>τοῖς</span> <span class='ocrx_word' id='word_1_760' title='bbox 2731 4746 2987 4813; x_wconf 85' lang='grc' dir='ltr'>πονηροῖς</span> <span class='ocrx_word' id='word_1_761' title='bbox 3008 4744 3408 4816; x_wconf 83' lang='grc' dir='ltr'>παραπλήσιος,</span> <span class='ocrx_word' id='word_1_762' title='bbox 3428 4747 3570 4800; x_wconf 86' lang='grc' dir='ltr'><strong>κατά</strong></span> <span class='ocrx_word' id='word_1_763' title='bbox 3589 4763 3657 4814; x_wconf 89' lang='grc' dir='ltr'><strong>γε</strong></span> 
     </span>
    </p>
   </div>
   <div class='ocr_carea' id='block_1_101' title="bbox 2073 4823 3658 4905">
    <p class='ocr_par' dir='ltr' id='par_1_101' title="bbox 2073 4823 3658 4905">
     <span class='ocr_line' id='line_1_101' title="bbox 2073 4823 3658 4905; baseline 0.008 -27"><span class='ocrx_word' id='word_1_764' title='bbox 2073 4827 2135 4879; x_wconf 84' lang='grc' dir='ltr'>τὸ</span> <span class='ocrx_word' id='word_1_765' title='bbox 2159 4823 2297 4880; x_wconf 76' lang='grc' dir='ltr'>εἶναι</span> <span class='ocrx_word' id='word_1_766' title='bbox 2324 4829 2448 4882; x_wconf 82' lang='grc' dir='ltr'>καθ’</span> <span class='ocrx_word' id='word_1_767' title='bbox 2479 4831 2627 4901; x_wconf 80' lang='grc' dir='ltr'>ἡμᾶς</span> <span class='ocrx_word' id='word_1_768' title='bbox 2671 4831 2959 4903; x_wconf 77' lang='grc' dir='ltr'>ἄνθρωπος</span> <span class='ocrx_word' id='word_1_769' title='bbox 3001 4835 3263 4905; x_wconf 88' lang='grc' dir='ltr'>δηλονότι.</span> <span class='ocrx_word' id='word_1_770' title='bbox 3307 4836 3556 4890; x_wconf 82' lang='grc' dir='ltr'>Τέθειται</span> <span class='ocrx_word' id='word_1_771' title='bbox 3595 4838 3658 4890; x_wconf 85' lang='grc' dir='ltr'>δὲ</span> 
     </span>
    </p>
   </div>
   <div class='ocr_carea' id='block_1_102' title="bbox 2075 4921 3655 5000">
    <p class='ocr_par' dir='ltr' id='par_1_102' title="bbox 2075 4921 3655 5000">
     <span class='ocr_line' id='line_1_102' title="bbox 2075 4921 3655 5000; baseline 0.008 -28"><span class='ocrx_word' id='word_1_772' title='bbox 2075 4921 2169 4974; x_wconf 77' lang='grc' dir='ltr'>καὶ</span> <span class='ocrx_word' id='word_1_773' title='bbox 2195 4921 2280 4991; x_wconf 76' lang='grc' dir='ltr'><strong>ἐφ’</strong></span> <span class='ocrx_word' id='word_1_774' title='bbox 2311 4922 2517 4994; x_wconf 83' lang='grc' dir='ltr'>ὑψηλοῦ</span> <span class='ocrx_word' id='word_1_775' title='bbox 2538 4942 2552 4954; x_wconf 75' lang='grc' dir='ltr'><strong>ο</strong></span> <span class='ocrx_word' id='word_1_776' title='bbox 2591 4927 2860 4993; x_wconf 86' lang='grc' dir='ltr'>τουτέστι,</span> <span class='ocrx_word' id='word_1_777' title='bbox 2892 4929 3128 5000; x_wconf 77' lang='grc' dir='ltr'>σταυρὸν</span> <span class='ocrx_word' id='word_1_778' title='bbox 3172 4929 3368 5000; x_wconf 84' lang='grc' dir='ltr'>ἀνέτλη</span> <span class='ocrx_word' id='word_1_779' title='bbox 3417 4930 3511 4984; x_wconf 78' lang='grc' dir='ltr'>τὸν</span> <span class='ocrx_word' id='word_1_780' title='bbox 3557 4932 3655 4984; x_wconf 74' lang='grc' dir='ltr'><strong>ἐπὶ</strong></span> 
     </span>
    </p>
   </div>
   <div class='ocr_carea' id='block_1_103' title="bbox 2075 5011 3656 5092">
    <p class='ocr_par' dir='ltr' id='par_1_103' title="bbox 2075 5011 3656 5092">
     <span class='ocr_line' id='line_1_103' title="bbox 2075 5011 3656 5092; baseline 0.008 -27"><span class='ocrx_word' id='word_1_781' title='bbox 2075 5011 2254 5079; x_wconf 83' lang='grc' dir='ltr'>ξῦλου,</span> <span class='ocrx_word' id='word_1_782' title='bbox 2285 5016 2379 5068; x_wconf 74' lang='grc' dir='ltr'>καὶ</span> <span class='ocrx_word' id='word_1_783' title='bbox 2423 5015 2516 5070; x_wconf 84' lang='grc' dir='ltr'>τὸν</span> <span class='ocrx_word' id='word_1_784' title='bbox 2546 5019 2688 5073; x_wconf 88' lang='grc' dir='ltr'><strong>κατά</strong></span> <span class='ocrx_word' id='word_1_785' title='bbox 2739 5020 2918 5092; x_wconf 86' lang='grc' dir='ltr'>σάρκα</span> <span class='ocrx_word' id='word_1_786' title='bbox 2948 5021 3197 5087; x_wconf 87' lang='grc' dir='ltr'>Θάνατον,</span> <span class='ocrx_word' id='word_1_787' title='bbox 3227 5025 3276 5077; x_wconf 83' lang='grc' dir='ltr'><strong>εί</strong></span> <span class='ocrx_word' id='word_1_788' title='bbox 3323 5023 3416 5077; x_wconf 81' lang='grc' dir='ltr'>καὶ</span> <span class='ocrx_word' id='word_1_789' title='bbox 3449 5023 3656 5077; x_wconf 86' lang='grc' dir='ltr'>ἀνεϐίω</span> 
     </span>
    </p>
   </div>
   <div class='ocr_carea' id='block_1_104' title="bbox 2071 5107 3654 5185">
    <p class='ocr_par' dir='ltr' id='par_1_104' title="bbox 2071 5107 3654 5185">
     <span class='ocr_line' id='line_1_104' title="bbox 2071 5107 3654 5185; baseline 0.008 -29"><span class='ocrx_word' id='word_1_790' title='bbox 2071 5107 2371 5178; x_wconf 86' lang='grc' dir='ltr'>τριήμερος</span> <span class='ocrx_word' id='word_1_791' title='bbox 2394 5146 2409 5171; x_wconf 95' lang='grc'><strong>,</strong></span> <span class='ocrx_word' id='word_1_792' title='bbox 2437 5107 2498 5161; x_wconf 80' lang='grc' dir='ltr'>τὸ</span> <span class='ocrx_word' id='word_1_793' title='bbox 2533 5109 2625 5162; x_wconf 84' lang='grc' dir='ltr'><strong>τοῦ</strong></span> <span class='ocrx_word' id='word_1_794' title='bbox 2653 5109 2888 5166; x_wconf 85' lang='grc' dir='ltr'>θανάτου</span> <span class='ocrx_word' id='word_1_795' title='bbox 2924 5115 3175 5184; x_wconf 86' lang='grc' dir='ltr'>πατήσας</span> <span class='ocrx_word' id='word_1_796' title='bbox 3227 5115 3447 5185; x_wconf 78' lang='grc' dir='ltr'>κράτος.</span> <span class='ocrx_word' id='word_1_797' title='bbox 3478 5115 3654 5168; x_wconf 87' lang='grc' dir='ltr'>Ὅταν</span> 
     </span>
    </p>
   </div>
   <div class='ocr_carea' id='block_1_105' title="bbox 2072 5198 3653 5280">
    <p class='ocr_par' dir='ltr' id='par_1_105' title="bbox 2072 5198 3653 5280">
     <span class='ocr_line' id='line_1_105' title="bbox 2072 5198 3653 5280; baseline 0.008 -33"><span class='ocrx_word' id='word_1_798' title='bbox 2072 5198 2253 5253; x_wconf 86' lang='grc' dir='ltr'>τοίνυν</span> <span class='ocrx_word' id='word_1_799' title='bbox 2285 5201 2350 5253; x_wconf 87' lang='grc' dir='ltr'>ὲκ</span> <span class='ocrx_word' id='word_1_800' title='bbox 2379 5201 2580 5273; x_wconf 82' lang='grc' dir='ltr'>πολλῆς</span> <span class='ocrx_word' id='word_1_801' title='bbox 2608 5203 2749 5272; x_wconf 74' lang='grc' dir='ltr'>ἄγαν</span> <span class='ocrx_word' id='word_1_802' title='bbox 2775 5207 3067 5270; x_wconf 87' lang='grc' dir='ltr'>ἀσυνεσίας</span> <span class='ocrx_word' id='word_1_803' title='bbox 3088 5246 3102 5270; x_wconf 89' lang='grc'><strong>,</strong></span> <span class='ocrx_word' id='word_1_804' title='bbox 3145 5211 3243 5277; x_wconf 84' lang='grc' dir='ltr'>τῆς</span> <span class='ocrx_word' id='word_1_805' title='bbox 3280 5208 3418 5280; x_wconf 85' lang='grc' dir='ltr'><strong>μετά</strong></span> <span class='ocrx_word' id='word_1_806' title='bbox 3446 5207 3653 5280; x_wconf 81' lang='grc' dir='ltr'>σαρκὸς</span> 
     </span>
    </p>
   </div>
   <div class='ocr_carea' id='block_1_106' title="bbox 2070 5333 3649 5447">
    <p class='ocr_par' dir='ltr' id='par_1_106' title="bbox 2070 5333 3649 5447">
     <span class='ocr_line' id='line_1_106' title="bbox 2070 5333 3649 5447; baseline 0.006 -57"><span class='ocrx_word' id='word_1_807' title='bbox 2070 5333 2388 5434; x_wconf 43' lang='lat' dir='ltr'><strong>&quot;boniIipp.</strong></span> <span class='ocrx_word' id='word_1_808' title='bbox 2418 5356 2480 5406; x_wconf 84' lang='lat' dir='ltr'><strong>tt,</strong></span> <span class='ocrx_word' id='word_1_809' title='bbox 2507 5341 2562 5398; x_wconf 87' lang='lat'><strong>7.</strong></span> <span class='ocrx_word' id='word_1_810' title='bbox 2637 5342 2684 5375; x_wconf 75' lang='lat'>“</span> <span class='ocrx_word' id='word_1_811' title='bbox 2722 5343 2922 5447; x_wconf 81' lang='lat' dir='ltr'><strong>Ephes.</strong></span> <span class='ocrx_word' id='word_1_812' title='bbox 2957 5361 3010 5410; x_wconf 89' lang='lat' dir='ltr'><strong>v,</strong></span> <span class='ocrx_word' id='word_1_813' title='bbox 3038 5345 3096 5399; x_wconf 73' lang='lat'><strong>2.</strong></span> <span class='ocrx_word' id='word_1_814' title='bbox 3173 5345 3219 5378; x_wconf 88' lang='grc'><strong>³⁷</strong></span> <span class='ocrx_word' id='word_1_815' title='bbox 3260 5346 3441 5417; x_wconf 86' lang='lat' dir='ltr'><strong>Ephes</strong></span> <span class='ocrx_word' id='word_1_816' title='bbox 3500 5359 3562 5415; x_wconf 85' lang='grc' dir='ltr'><strong>ιι,</strong></span> <span class='ocrx_word' id='word_1_817' title='bbox 3593 5343 3649 5400; x_wconf 87' lang='lat'><strong>8.</strong></span> 
     </span>
     <span class='ocr_line' id='line_1_107' title="bbox 2197 5405 3225 5447; baseline 0 0"><span class='ocrx_word' id='word_1_818' title='bbox 2197 5405 2329 5447; x_wconf 83' lang='lat' dir='ltr'><strong>Num</strong></span> <span class='ocrx_word' id='word_1_819' title='bbox 2392 5427 2480 5447; x_wconf 69' lang='grc' dir='ltr'><strong>τη</strong></span> <span class='ocrx_word' id='word_1_820' title='bbox 2541 5412 2573 5447; x_wconf 76' lang='grc' dir='ltr'><strong>Ω</strong></span> <span class='ocrx_word' id='word_1_821' title='bbox 2635 5413 2668 5447; x_wconf 85' lang='lat'><strong>0</strong></span> <span class='ocrx_word' id='word_1_822' title='bbox 2794 5417 2809 5446; x_wconf 86' lang='lat' dir='ltr'><strong>t</strong></span> <span class='ocrx_word' id='word_1_823' title='bbox 2851 5415 2996 5447; x_wconf 69' lang='grc' dir='ltr'>ιιιιιι..</span> <span class='ocrx_word' id='word_1_824' title='bbox 3064 5431 3101 5447; x_wconf 81' lang='grc' dir='ltr'>η</span> <span class='ocrx_word' id='word_1_825' title='bbox 3167 5416 3225 5447; x_wconf 78' lang='grc' dir='ltr'><strong>ιι</strong></span> 
     </span>
    </p>
   </div>
   <div class='ocr_carea' id='block_1_107' title="bbox 2193 5405 3251 5482">
    <p class='ocr_par' dir='ltr' id='par_1_107' title="bbox 2193 5405 3251 5482">
     <span class='ocr_line' id='line_1_108' title="bbox 2193 5405 3251 5482; baseline 0.01 -23"><span class='ocrx_word' id='word_1_826' title='bbox 2193 5405 2351 5463; x_wconf 58' lang='lat' dir='ltr'><strong>Num;</strong></span> <span class='ocrx_word' id='word_1_827' title='bbox 2389 5427 2503 5477; x_wconf 71' lang='grc' dir='ltr'>χιι,</span> <span class='ocrx_word' id='word_1_828' title='bbox 2541 5412 2596 5481; x_wconf 89' lang='grc'>8,</span> <span class='ocrx_word' id='word_1_829' title='bbox 2635 5413 2686 5468; x_wconf 90' lang='lat'><strong>9.</strong></span> <span class='ocrx_word' id='word_1_830' title='bbox 2766 5405 2809 5447; x_wconf 69' lang='lat'>“</span> <span class='ocrx_word' id='word_1_831' title='bbox 2851 5405 3016 5472; x_wconf 39' lang='lat' dir='ltr'><strong>llebr&#39;.</strong></span> <span class='ocrx_word' id='word_1_832' title='bbox 3064 5431 3125 5482; x_wconf 90' lang='lat' dir='ltr'><strong>ll,</strong></span> <span class='ocrx_word' id='word_1_833' title='bbox 3167 5416 3251 5470; x_wconf 73' lang='lat' dir='ltr'><strong>H.</strong></span> 
     </span>
    </p>
   </div>
   <div class='ocr_carea' id='block_1_108' title="bbox 1645 5551 2399 5616">
    <p class='ocr_par' dir='ltr' id='par_1_108' title="bbox 1645 5551 2399 5616">
     <span class='ocr_line' id='line_1_109' title="bbox 1645 5551 2399 5616; baseline 0.012 -9"><span class='ocrx_word' id='word_1_834' title='bbox 1645 5551 1804 5607; x_wconf 80' lang='lat' dir='ltr'><strong>ANT.</strong></span> <span class='ocrx_word' id='word_1_835' title='bbox 1846 5552 2122 5609; x_wconf 85' lang='lat' dir='ltr'><strong>AGELLll</strong></span> <span class='ocrx_word' id='word_1_836' title='bbox 2164 5557 2399 5616; x_wconf 59' lang='lat' dir='ltr'><strong>NOTAE.</strong></span> 
     </span>
    </p>
   </div>
   <div class='ocr_carea' id='block_1_109' title="bbox 453 5663 1123 5739">
    <p class='ocr_par' dir='ltr' id='par_1_109' title="bbox 453 5663 1123 5739">
     <span class='ocr_line' id='line_1_110' title="bbox 453 5663 1123 5739; baseline 0.007 -19"><span class='ocrx_word' id='word_1_837' title='bbox 453 5665 564 5739; x_wconf 76' lang='grc'><strong>(23)</strong></span> <span class='ocrx_word' id='word_1_838' title='bbox 591 5663 752 5722; x_wconf 80' lang='lat' dir='ltr'><strong>Forte</strong></span> <span class='ocrx_word' id='word_1_839' title='bbox 785 5665 974 5738; x_wconf 83' lang='grc' dir='ltr'>μῶμόν</span> <span class='ocrx_word' id='word_1_840' title='bbox 1002 5689 1123 5725; x_wconf 78' lang='grc' dir='ltr'>που.</span> 
     </span>
    </p>
   </div>
  </div>
