4004 6202
276 276 375 336 169

1384 281 1745 337 ADVERSUS
1786 282 2185 342 NESTORIUM
2223 287 2349 341 LIB.
2395 288 2478 343 lV.

3436 295 3537 352 I70

276 397 575 466 οἰκονομίας
609 397 1149 466 καταγογγύζοντες
1175 437 1188 462 ,
1227 400 1319 451 καί⁵
1356 399 1415 451 τὸ
1441 400 1672 464 ἀκαλλὲς
1708 402 1877 472 αὐτῆς

1984 413 2191 473 turpem
2226 406 2369 460 illam
2400 414 2649 475 putantes
2692 405 3059 462 erubescimus
3092 415 3182 461 aut
3214 409 3414 464 sentire
3451 419 3541 465 aut

278 486 672 556 καθορίζοντες.
699 487 1117 557 αἰσχυνώμεθα
1150 490 1366 560 φρονεῖν
1395 490 1426 558 ἢ
1454 489 1877 562 λέγειν,ᾶνθρω-

282 597 374 633 πον
417 577 669 646 γενέσθαι
709 578 850 631 καθ’
902 582 1059 650 ἡμᾶς
1094 580 1186 632 τὸν
1236 580 1327 633 τοῦ
1373 579 1506 632 Θεοῦ
1550 581 1742 649 Λόγον,
1783 584 1879 634 καλ⁵

282 671 529 740 ὲνωθῆναι
576 671 753 739 σαρκὶ
808 673 968 723 κατὰ
1032 671 1318 741 ἀλήθειαν,
1355 670 1477 724 τότε
1524 675 1617 726 καὶ
1663 672 1878 745 δράκων

282 765 417 833 ἡμᾶς
440 764 467 814 6
488 760 813 831 ἀρχέκακος
856 763 1177 823 ἀποκτενεῖ,
1197 762 1294 830 τῆς
1326 763 1521 816 ἑαυτοῦ
1552 763 1879 830 δυστροπίας

286 856 356 906 ibi
386 853 571 923 ὥσπερ
595 851 728 905 τινὰ
756 855 898 915 ταῖς
943 853 1246 923 ἡμετέραις
1275 851 1536 916 διανοίαις
1577 855 1741 917 ἐνιεὶς
1778 855 1877 925 τὴν

289 944 565 1013 πλάνησιν·
608 939 1048 1010 διαφευξὸμεθα
1101 938 1195 1002 δὲ,
1245 938 1337 992 καὶ
1392 939 1463 992 τά
1517 939 1617 1009 τῆς
1669 939 1874 993 ἐκείνου

296 1036 592 1104 σκαιότητος
628 1028 1099 1102 διακρουσόμεθα
1132 1028 1324 1099 βλάϐη,
1370 1031 1480 1093 τοῖς
1526 1030 1623 1100 τῆς
1652 1031 1876 1101 καρδίας

298 1129 521 1198 δμμασιν
562 1123 887 1195 ἐνορῶντες
919 1121 998 1191 τῷ
1025 1121 1182 1189 δφει·
1218 1119 1487 1185 τουτέστι,
1536 1122 1598 1174 τὸ
1639 1121 1875 1191 Χριστοῦ

310 1220 579 1291 μυστήριον
624 1215 867 1289 ἀκριϐεῖ
913 1213 1125 1284 διανοίᾳ
1179 1212 1701 1283 κατασκεπτόμενοι.
1741 1212 1893 1266 Τότε·

308 1315 423 1384 γάρ,
450 1311 560 1364 τότε
587 1308 937 1380 φρονοῦντες
959 1305 1116 1376 ὀρθὰ,
1145 1303 1534 1366 ἀνενδοιάστως
1555 1302 1877 1373 ὁμολογήσο-

315 1421 403 1473 μεν
420 1405 495 1456 ὅτι
522 1402 710 1469 γέγονε
744 1398 899 1470 σὰρξ
926 1400 955 1452 6
985 1395 1078 1450 τοῦ
1106 1394 1242 1450 Θεοῦ
1264 1394 1456 1462 Λόγος,
1479 1394 1575 1447 καὶ
1596 1393 1868 1465 προῆλθεν

313 1496 370 1547 ὲκ
403 1491 646 1561 γυναικὸς
677 1490 829 1561 μετὰ
857 1488 954 1542 τοῦ
992 1490 1172 1558 μεῖναι
1196 1485 1349 1550 Θεὸς,
1378 1487 1470 1539 καὶ
1491 1485 1636 1538 ἔστιν
1659 1487 1687 1539 6
1717 1485 1877 1548 αὐτὸς

313 1586 433 1648 Θεός
456 1602 510 1636 τε
548 1583 682 1653 ὁμοῦ
729 1583 832 1635 καλ⁸
867 1579 1153 1651 ἄνθρωπος
1173 1593 1188 1609 ν
1237 1576 1362 1630 οὔτε
1389 1578 1499 1639 τοῖς
1531 1577 1631 1647 τῆς
1664 1576 1874 1646 ἀνθρω-

321 1675 530 1745 πότητος
566 1673 790 1743 μέτροις
821 1669 1169 1741 ὲπερυθριῶν
1213 1668 1301 1725 διά
1336 1686 1395 1721 τε
1431 1668 1549 1741 [ton
1584 1668 1673 1722 διά
1697 1668 1783 1740 γε]
1819 1668 1879 1721 τὺ

1980 496 2160 550 dicere
2196 497 2365 565 ipsum
2400 498 2489 552 Dei
2521 495 2752 550 Vcrlmm
2795 497 2993 553 factum
3028 512 3148 553 esse
3187 499 3353 553 nostri
3392 500 3542 554 siml-

1980 584 2082 639 lem
2117 587 2409 645 hominem.
2445 594 2498 638 et
2549 587 2697 639 carui
2754 588 3044 639 secundum
3103 587 3386 641 veritatem
3422 589 3543 641 uni-
3572 602 3581 619 ‘

1981 686 2114 736 tum.
2163 688 2273 730 tum
2317 678 2546 745 denique
2589 677 2750 731 draco
2794 676 2881 731 ille
2934 676 3194 731 malorum
3242 679 3394 748 origo
3444 692 3543 731 nos

1978 764 2207 828 occidet,
2244 766 2297 821 in
2350 776 2565 821 nostros
2603 765 2811 820 animos
2858 764 3207 834 malignitatis
3234 781 3344 821 sum
3383 767 3542 821 sedu-

1979 855 2213 910 CIioncm
2244 855 2395 922 quasi
2430 869 2693 909 venenum
2736 853 3062 920 infundens;
3091 854 3409 925 effugiemus
3445 870 3543 908 au-

1981 954 2111 1010 tem,
2169 953 2223 999 et
2272 944 2477 997 illatam
2532 944 2602 999 ab
2658 944 2800 999 illius
2842 946 3199 1014 perversitate
3251 945 3539 1013 perniciem

1978 1034 2316 1099 amoliemur,
2351 1034 2395 1089 si
2428 1035 2605 1089 cordis
2634 1035 2817 1090 oculos
2851 1035 2904 1088 in
2953 1045 3255 1105 serpentem
3296 1034 3545 1103 coniece-

1980 1128 2169 1192 rimus,
2204 1129 2305 1183 hoc
2334 1128 2498 1191 est,si
2521 1128 2721 1182 Christi
2748 1127 3061 1198 mysterium
3095 1127 3337 1198 diligenti
3366 1129 3541 1182 anim-

1978 1221 2293 1276 adversione
2332 1221 2872 1275 consideraverimus.
2920 1218 3056 1273 Tum
3101 1220 3334 1289 denique
3394 1230 3545 1274 recte

1978 1316 2279 1371 sentientes
2337 1313 2483 1369 omni
2539 1314 2877 1369 dubitatione
2930 1322 3135 1367 remota
3171 1309 3546 1367 conﬁtebimur

1978 1405 2153 1474 ipstun
2196 1402 2286 1458 Dei
2323 1403 2555 1457 Verbum
2596 1403 2796 1458 factum
2828 1417 2950 1457 esse
2988 1417 3232 1466 carnem,
3264 1411 3317 1456 et
3358 1402 3430 1456 ita
3474 1417 3540 1456 ex

1978 1494 2201 1549 muliere
2245 1494 2529 1564 prodiisse,
2560 1503 2619 1547 ut
2677 1504 2920 1548 maneret
2979 1493 3140 1557 Dens,
3186 1494 3544 1563 eumdemque

1979 1583 2147 1638 Deum
2178 1584 2337 1638 simul
2362 1593 2417 1639 et
2450 1584 2724 1639 hominem
2755 1599 2896 1650 esse,
2923 1599 3098 1654 neque
3133 1585 3200 1638 de
3230 1583 3543 1640 humanita-

1981 1674 2048 1728 tis
2081 1676 2348 1730 mensuris
2382 1676 2789 1730 erubescentem
2826 1685 3045 1745 propter
3086 1674 3420 1731 excellentite
3464 1678 3543 1732 di-

325 1771 410 1839 τῆς
451 1769 712 1840 ὑπεροχῆς
760 1766 1012 1837 ἀξίωμα·
1064 1765 1188 1817 οὔτε
1236 1765 1341 1835 μὴν
1384 1763 1485 1836 τῆς
1540 1763 1876 1836 θεοπρεποῦς

1979 1766 2258 1835 gnitatem,
2292 1781 2464 1836 neque
2493 1782 2682 1821 rursus
2723 1767 2920 1821 divina:
2965 1768 3109 1821 illius
3160 1768 3445 1837 potestatis
3488 1778 3544 1823 et

330 1860 575 1925 ἐξουσίας,
624 1859 716 1912 καὶ⁵
761 1857 1076 1929 ῦπερτάτης
1106 1855 1353 1919 εὐκλείας
1398 1857 1757 1927 ἐστερημένος
1789 1855 1875 1909 διά

334 1954 391 2005 τὸ
420 1952 757 2019 ἀνθρώπινον.
803 1952 865 2003 Οἱ
913 1949 971 2003 δὲ
1019 1948 1083 2019 δὴ
1128 1948 1196 2001 τὰ
1243 1946 1421 2000 τοιάδε
1471 1946 1768 2018 διακρίνειν
1813 1941 1873 2000 εὖ

348 2043 480 2113 μάλα
514 2042 899 2113 κατηθισμένοι,
928 2039 995 2092 δι’
1019 2040 1225 2109 ἀμφοῖν
1271 2037 1363 2090 τὸν
1405 2036 1524 2100 ἕνα,
1552 2036 1646 2089 καὶ
1690 2035 1749 2088 τὸ
1787 2036 1873 2089 ἐπ’

361 2135 495 2203 αῦτῷ
528 2135 789 2203 μυστήριον
820 2132 1017 2202 ίσχνιῖις
1051 2132 1145 2184 καὶ
1168 2128 1550 2200 ὲξητασμένως
1582 2128 1871 2191 συνιέντες,

368 2225 620 2291 λέγουσιν·
656 2244 673 2273 ι
699 2225 757 2276 Ὢ
782 2224 935 2293 βάθος
978 2221 1212 2274 πλούτου
1247 2220 1339 2273 καὶ
1369 2219 1562 2288 σοφίας
1613 2218 1703 2271 καὶ
1740 2218 1874 2285 γνώ⁴

372 2331 502 2377 σεως
529 2313 670 2379 Θεοῦ,
695 2313 756 2377 ὼς
780 2312 1159 2383 ἀνεξερεύνητα
1188 2310 1256 2364 τά
1280 2310 1523 2381 κρίματα
1557 2308 1740 2370 αὐτοῦ,
1785 2309 1877 2361 καὶ

362 2405 743 2474 ἀνεξιχνίαστοι
762 2407 809 2458 αἱ
830 2405 932 2457 ὁδοὶ
956 2402 1138 2460 αὑτοῦ.
1176 2401 1273 2464 Τίς
1302 2400 1410 2471 γὰρ
1439 2400 1578 2469 ἔγνω
1612 2401 1735 2453 νοῦν
1760 2402 1874 2454 Κυ-

351 2494 500 2564 ρίονς
534 2512 556 2544 ι
608 2495 736 2547 Ἀλλ’
777 2494 874 2547 οὐκ
915 2488 998 2547 οἶδ’
1042 2493 1186 2555 ὅπως
1234 2490 1308 2555 ὡς
1358 2491 1624 2559 ἀνέφικτά
1674 2507 1732 2542 τε
1782 2491 1877 2542 καὶ

345 2585 546 2655 ἀκαλλῆ
583 2586 735 2639 ταυτὶ
779 2585 1113 2655 διωθούμενος
1134 2624 1149 2649 ,
1185 2583 1286 2653 τῆς
1316 2581 1408 2636 τοῦ
1436 2582 1684 2652 Σωτῆρος
1721 2581 1876 2653 ἡμῶν

340 2678 582 2741 εὐκλείας
600 2679 690 2733 καὶ
723 2679 1007 2748 ὑπεροχῆς,
1035 2677 1096 2729 οὐ
1133 2673 1370 2747 μετρίως
1397 2674 1578 2729 οὑτοσὶ
1606 2673 1876 2728 ποιεῖσθαι

338 2771 635 2843 κατατολμᾷ
671 2770 762 2841 την
805 2770 1141 2839 κατάρρυσιν
1174 2768 1300 2839 [Ion
1335 2765 1709 2839 κατάρρησιν]
1733 2783 1744 2795 ’
1784 2765 1877 2819 καὶ

334 2864 519 2935 μέτρον
557 2863 734 2933 ὥσπερ
785 2861 931 2931 αὐτῷ
977 2862 1041 2914 τὸ
1085 2861 1203 2914 καθ’
1252 2860 1399 2931 ἡμᾶς
1442 2859 1747 2929 ἀπονέμων,
1785 2857 1877 2910 καὶ

332 2956 504 3026 ἕτερον
524 2955 685 3016 οὐδὲν,
712 2952 1027 3018 δεδοξάσθαι
1057 2952 1219 3022 φησιν
1240 2950 1401 3003 αὐτὸν
1429 2948 1578 3021 παρά
1608 2949 1698 3001 τοῦ
1724 2949 1874 3018 ἁγίου

332 3045 647 3115 Πνεῦματος,
690 3047 785 3115 οὐχ
822 3046 899 3108 ὠς
952 3044 1061 3115 ἰδία
1112 3042 1334 3113 δυνάμει
1378 3040 1677 3112 χρώμενον,
1709 3042 1777 3112 τῇ
1809 3040 1875 3093 δι’
1902 3084 1948 3144 c

329 3138 507 3200 αὐτοῦ,
539 3139 621 3192 καὶ
650 3136 889 3206 πληροῦν
912 3135 985 3189 τὰ
1010 3136 1109 3206 τῆς
1145 3133 1489 3205 θεοσημείας,
1537 3130 1650 3184 ἀλλ’
1679 3130 1876 3195 ἔξωθεν

330 3228 417 3281 καὶ
446 3229 860 3298 είσκεκριμένως
892 3227 1274 3295 κερδαίνοντα,
1299 3225 1360 3278 τὸ
1384 3224 1684 3293 κατορθοῦν
1717 3223 1877 3277 δύνα-

328 3320 443 3372 σθαί
473 3337 524 3372 τι
560 3320 666 3371 τῶν
713 3317 1212 3388 τεθαυμασμένωνο
1254 3316 1344 3372 ἕνα
1375 3315 1439 3386 δὴ
1474 3315 1715 3385 φαίνοιτο
1756 3315 1880 3370 καθ’

324 3412 458 3480 ἡμᾶς
496 3411 737 3481 ἰαμάτων
770 3428 872 3463 που
905 3411 1043 3478 τάχα
1088 3409 1333 3480 χάρισμα
1379 3407 1578 3469 λαϐὼν,
1621 3407 1786 3476 φάναι
1818 3423 1877 3458 τε

324 3501 551 3569 apathy,
596 3500 741 3553 κατά
791 3499 883 3552 τὸν
938 3498 1204 3570 μακάριον
1244 3497 1483 3553 Παῦλον·
1530 3515 1549 3547 ι
1587 3498 1782 3567 Χάριτι
1820 3495 1879 3547 δὲ

324 3589 444 3643 Θεοῦ
472 3593 585 3662 εἰμι
616 3592 647 3644 ὅ
670 3592 807 3659 εἰμι.
847 3609 865 3642 ι
904 3584 997 3652 Οἷς
1022 3588 1129 3659 γάρ
1158 3586 1395 3641 ἐπακτὸν
1429 3587 1522 3641 καὶ
1558 3586 1789 3658 θύραθεν
1818 3589 1877 3638 τὸ

328 3677 450 3735 εἷναί
487 3701 538 3736 τι
570 3683 667 3736 καὶ
705 3681 966 3736 δύνασθαι
996 3679 1314 3749 κατορθοῦν,
1346 3675 1492 3734 οῦτοι
1524 3682 1681 3749 φαῖεν
1715 3678 1781 3733 ἂν
1811 3680 1880 3731 είο

328 3775 482 3838 κότως
497 3775 588 3828 καὶ
618 3773 719 3847 τὴν
736 3773 946 3828 τοιάνδε
977 3774 1183 3843 φωνήν.
1219 3771 1399 3836 Δεῖξαι
1437 3772 1564 3842 γὰρ,
1592 3771 1666 3834 ὡς
1682 3771 1878 3834 οῐεται,

330 3863 591 3935 βουληθεὶς
633 3865 889 3934 ίσουργδν
920 3866 999 3928 είς
1046 3865 1260 3918 ᾶπαντα
1312 3862 1411 3934 τὴν
1442 3861 1603 3930 ἁγίαν
1647 3860 1874 3932 Τριάδα,

335 3955 482 4008 πάλιν
506 3950 608 4012 ὧδέ
640 3973 824 4026 φησιν·

399 4043 416 4116 [
444 4046 497 4098 ὐ
519 4046 646 4109 Θεὸς
688 4045 863 4114 Λόγος
905 4045 1119 4113 ἐγένετο
1169 4041 1325 4114 σὰρξ,
1364 4041 1459 4095 καὶ
1482 4041 1787 4111 ἐσκήνωσεν
1820 4039 1877 4092 ἐν

325 4138 469 4206 ⁴ἡμῖν.
495 4136 855 4193 Συνεκάθισεν
877 4134 1053 4206 ἐαυτῷ
1074 4134 1170 4206 τὴν
1201 4132 1603 4204 ἀναληφθεῖσαν
1630 4134 1658 4185 6
1686 4132 1878 4202 Πατὴρ

320 4232 723 4302 ἀνθρωπίτητα.
758 4250 776 4282 ι
816 4227 950 4284 Eine
976 4231 1104 4301 γὰρ,
1147 4229 1329 4299 φησὶν,
1361 4230 1390 4281 6
1422 4226 1624 4298 Κύριος
1660 4226 1736 4295 τῷ
1762 4227 1876 4278 Κυ-

320 4321 410 4391 ρίῳ
432 4339 555 4392 μουσ
570 4321 757 4377 Κάθου
781 4322 845 4373 ὲκ
858 4319 1047 4384 δεξιῶν
1066 4336 1187 4390 μου.
1214 4338 1232 4369 ι
1253 4318 1363 4386 Τὴν
1374 4315 1467 4369 τοῦ
1481 4315 1878 4386 ἀναληφθέντος

1978 1869 2199 1910 summa:
2229 1856 2413 1926 gloria:
2441 1868 2714 1927 expertem
2752 1866 2970 1927 propter
2999 1857 3409 1913 humanitatem.
3437 1858 3541 1926 Qui

1979 1946 2140 2015 igitur
2167 1945 2428 2014 eiusmodi
2455 1964 2540 2003 res
2562 1950 2729 2018 probe
2767 1948 3081 2003 discernere
3118 1960 3539 2019 consueverunt,

1977 2044 2037 2089 ut
2061 2051 2155 2106 per
2185 2047 2471 2108 utrmnque
2500 2055 2686 2105 unum,
2719 2051 2771 2094 et
2807 2039 2924 2106 ejus
2970 2040 3282 2110 mysterium
3332 2041 3543 2097 subtili-

1981 2132 2060 2178 ter
2086 2136 2139 2179 et
2170 2136 2422 2182 accurate
2452 2128 2778 2198 intelligant,
2809 2129 2993 2183 dicunt
3024 2147 3037 2182 :
3080 2146 3099 2181 ι
3136 2127 3181 2184 0
3209 2129 3436 2186 altitudo
3460 2130 3543 2185 di-

1977 2214 2224 2270 vitiarum
2252 2227 2304 2271 et
2328 2219 2603 2288 sapientia:
2631 2230 2685 2274 et
2713 2220 2948 2275 scientia:
2975 2219 3067 2275 Dei
3098 2234 3114 2274 :
3144 2235 3308 2291 quam
3338 2221 3544 2276 incom-

1977 2307 2355 2375 prehensibilia
2418 2319 2542 2366 sunt
2583 2310 2786 2381 judicia
2839 2311 2976 2380 ejus,
3031 2321 3084 2367 et
3140 2312 3542 2380 investigabiles

1978 2398 2076 2452 via:
2104 2400 2251 2468 ejus!
2290 2399 2421 2467 Quis
2450 2402 2594 2456 enim
2629 2404 2878 2471 cognovit
2907 2418 3123 2459 sensum
3171 2402 3476 2457 Domini“?
3516 2421 3537 2457 ι

1978 2489 2083 2544 Sed
2111 2492 2289 2545 nescio
2314 2506 2419 2560 qua
2447 2492 2512 2546 de
2538 2506 2698 2546 causa
2724 2494 2826 2547 iste
2854 2494 3013 2547 homo
3045 2494 3126 2548 his
3162 2493 3320 2548 rebus
3339 2533 3355 2559 ,
3387 2494 3542 2563 quasi

1977 2582 2335 2654 impossibiles
2357 2583 2532 2639 sintet
2547 2584 2815 2653 absurdae,
2834 2585 3067 2656 rejectis,
3094 2587 3327 2656 superbe
3347 2588 3545 2646 audeat

1978 2675 2274 2731 Salvatoris
2297 2676 2469 2732 nostri
2505 2676 2691 2747 gloriae
2721 2685 2774 2732 et
2797 2676 3128 2733 excellentiae
3153 2677 3463 2744 detrahere,
3485 2687 3544 2733 et.

1979 2781 2284 2820 mensuram
2321 2767 2395 2821 illi
2430 2777 2674 2823 nostram
2706 2768 2967 2835 tribuens,
3002 2778 3057 2823 et
3084 2776 3347 2840 przeterea
3382 2769 3541 2836 nihil,

1976 2856 2334 2925 gloriticatum
2361 2872 2481 2911 eum
2510 2857 2702 2912 dicata
2734 2856 2937 2929 Spiritu
2961 2869 3171 2925 sancto,
3199 2859 3318 2931 ejus
3344 2860 3544 2918 virtute

1976 2963 2081 3003 non
2115 2956 2171 3000 ut
2201 2948 2415 3017 propria
2439 2956 2698 3013 utentem,
2735 2958 2789 3003 ct
2820 2949 2999 3004 divina
3039 2951 3191 3020 signa
3218 2950 3416 3020 facere,
3447 2954 3543 3009 sed

1978 3040 2043 3094 ad
2100 3039 2358 3095 miracula
2420 3040 2647 3104 edenda,
2699 3040 3001 3096 extrinseca
3041 3052 3097 3096 et
3142 3043 3438 3097 adventitia
3485 3044 3540 3099 vi

1978 3129 2286 3200 praeditum,
2322 3140 2379 3185 ut
2415 3129 2523 3198 jam
2556 3131 2801 3186 videatur
2834 3141 3018 3188 nostro
3046 3130 3154 3206 97
3195 3146 3344 3187 more
3377 3146 3541 3187 cura-

1980 3221 2182 3275 tionum
2211 3221 2438 3290 gratiam
2481 3221 2780 3291 accepisse,
2821 3231 3024 3276 etcum
3058 3222 3215 3277 beato
3258 3221 3427 3277 Paulo
3460 3223 3543 3278 di.

1978 3326 2102 3365 cere
2133 3311 2366 3366 debere:
2390 3330 2407 3363 ι
2429 3310 2612 3367 Gratia
2649 3312 2738 3367 Dei
2765 3328 2882 3367 sum
2918 3314 2968 3367 id
3000 3314 3145 3384 quod
3183 3328 3301 3370 sum
3335 3313 3473 3371 “-“.
3517 3334 3537 3368 ι

1979 3400 2184 3467 Quibus
2227 3400 2372 3455 enim
2407 3402 2759 3457 adventitium
2793 3414 2875 3456 est
2906 3412 2960 3456 et
3009 3404 3160 3474 quasi
3205 3405 3543 3461 extrinsecus

1977 3489 2311 3560 impertitum
2338 3501 2397 3546 ut
2426 3492 2624 3560 aliquid
2664 3494 2793 3560 sint,
2838 3508 2901 3547 ac
2933 3493 3192 3563 perlicere
3231 3496 3467 3565 possint,
3504 3498 3542 3552 ii

1979 3584 2170 3639 merito
2210 3585 2346 3639 hanc
2370 3600 2555 3641 vocem
2587 3588 2837 3640 emittere
2868 3597 3135 3655 poterunt.
3171 3588 3369 3644 Volcns
3392 3590 3537 3644 enim

1978 3676 2284 3740 ostendere,
2314 3684 2371 3729 ut
2398 3685 2571 3744 putat,
2620 3678 2685 3729 ad
2727 3677 2906 3730 omnia
2953 3678 3099 3746 paris
3146 3691 3267 3732 esse
3293 3677 3544 3734 enicacize

1978 3776 2220 3820 sanctam
2273 3764 2590 3819 Trinitatem
2620 3805 2636 3832 ,
2670 3767 2859 3823 rursus
2899 3767 2949 3818 iu
3003 3770 3144 3823 hunc
3198 3771 3415 3824 modum
3464 3771 3546 3826 di-

1978 3856 2086 3910 cit:

2050 4033 2284 4089 Nesron.
2318 4031 2486 4102 [Deus
2515 4032 2744 4085 Verbum
2798 4032 2994 4086 factum
3042 4040 3125 4086 est
3167 4046 3314 4097 caro,
3345 4042 3401 4088 et
3448 4035 3546 4090 ba-

1982 4127 2171 4183 bitavit
2206 4127 2257 4180 in
2289 4123 2444 4181 nobis
2465 4123 2531 4178 “.
2562 4124 2756 4179 Secum
2787 4124 3071 4178 considere
3098 4123 3226 4178 fecit
3266 4124 3426 4181 Pater
3452 4141 3541 4181 as-

1980 4228 2249 4287 sumptam
2281 4215 2669 4270 humanitatem
2704 4231 2716 4265 :
2754 4233 2772 4264 ι
2811 4213 2956 4268 Dixit
2986 4214 3127 4269 enim
3152 4255 3166 4279 ,
3195 4214 3409 4286 inquit,
3438 4215 3544 4271 Do-

1982 4309 2161 4362 minus
2187 4307 2413 4361 Domino
2440 4320 2563 4360 meo
2591 4328 2602 4360 :
2640 4305 2778 4359 Sede
2811 4319 2840 4357 a
2870 4304 3075 4360 dextris
3102 4306 3238 4361 meis
3256 4307 3326 4362 “.
3361 4323 3380 4361 ι
3412 4304 3545 4364 Glo-

315 4413 369 4465 τδ
414 4413 643 4485 Πνεῦμα
690 4411 962 4468 κατελθὼν
1018 4409 1377 4480 συνεκρότησε
1430 4406 1607 4471 δόξαν.
1658 4412 1675 4456 ι
1714 4406 1877 4458 Ὅταν

1987 4400 2119 4454 riam
2170 4398 2429 4467 assumpti
2489 4394 2724 4464 Spiritus
2776 4395 3108 4450 descendens
3170 4398 3543 4464 comparavit:

315 4504 433 4575 γάρ,
470 4507 661 4575 φησὶν,
694 4503 823 4575 ἔλθῃ
863 4502 926 4555 τὸ
961 4501 1182 4575 Πνεῦμα
1222 4501 1321 4571 τῆς
1355 4499 1634 4569 ἀληθείας,
1671 4498 1874 4559 ἐκεῖνος

316 4596 405 4664 ἐμὲ
427 4596 668 4661 δοξάσει.
706 4614 725 4646 ι
764 4593 951 4648 Βούλει
990 4595 1082 4649 καὶ
1119 4591 1284 4662 ἀλλην
1310 4590 1403 4644 ἐπὶ
1450 4590 1661 4651 τούτοις
1693 4589 1874 4651 αὐτοῖς

314 4686 399 4757 τῆς
422 4687 657 4758 Τριάδος
688 4686 1003 4757 ὲνέργειαν;
1030 4685 1332 4755 Ἐνῴκησεν
1363 4685 1391 4736 6
1417 4682 1542 4746 Υἱὸς
1571 4684 1627 4735 ὲν
1662 4680 1741 4750 τῷ
1768 4677 1874 4732 σώ-

316 4793 435 4845 ματι
457 4795 474 4808 ο
511 4778 839 4848 συνέστησεν
863 4779 892 4830 6
921 4776 1107 4847 Πατὴρ
1128 4775 1525 4846 ’βαπτιζόμενον
1544 4790 1555 4802 ·
1591 4772 1876 4826 διέπλασεν

314 4867 366 4918 ἐν
381 4868 645 4939 Παρθένῳ
664 4869 724 4921 τὸ
744 4865 1016 4940 Πνεῦμα.]
1048 4863 1191 4922 Εἶτα
1212 4865 1401 4920 πάλιν
1423 4864 1571 4935 φησι
1597 4862 1727 4931 περὶ
1749 4862 1868 4916 τῶν

316 4960 491 5029 ἁγίων
521 4961 881 5015 ἀποστόλων
902 4977 916 4990 ·
944 4959 1037 5033 [Ὀ
1057 4959 1184 5021 Υἱὸς
1204 4958 1505 5023 ἐξελέξατο.
1530 4977 1547 5008 ι
1571 4955 1710 5024 Ἐγὼ
1739 4955 1867 5026 γάρ,

318 5053 495 5123 φησὶν,
512 5053 657 5124 ὑμᾶς
675 5052 1028 5124 ἐξελεξάμην.
1064 5071 1082 5104 ι
1116 5054 1173 5104 Ὀ
1192 5050 1377 5122 Πατὴρ
1393 5050 1587 5120 ὴγίασε
1608 5068 1621 5079 ο
1647 5068 1664 5099 ι
1691 5050 1872 5120 Πάτερ

319 5143 440 5214 γάρ,
474 5146 655 5214 φησὶν,
695 5144 922 5212 ἁγίασον
956 5144 1153 5207 αὐτοὺς
1179 5145 1236 5196 ὲν
1264 5144 1331 5212 τῇ
1361 5141 1588 5215 ἀληθείᾳ
1608 5158 1721 5192 σου.
1750 5159 1766 5189 ι
1804 5139 1875 5193 Τὸ

320 5231 532 5305 Πνεῦμα
564 5232 936 5288 κατεσκεύασε
971 5229 1252 5303 ῥήτορας]

906 5344 1155 5399 ΚΕΦΛΛ.
1196 5344 1277 5397 Δ¹.

380 5454 499 5509 Ὅτι
531 5457 629 5528 μὲν
650 5452 744 5511 οῦν
765 5456 967 5525 ἄσοφός
988 5472 1047 5508 τε
1076 5456 1172 5507 καὶ
1194 5453 1439 5524 ἀτερπὴς
1466 5453 1496 5505 6
1530 5450 1748 5522 σύμπας
1775 5448 1872 5503 αὐ-

1990 4514 2006 4544 ι
2038 4492 2173 4548 Cum
2203 4491 2431 4555 venerit,
2472 4489 2664 4559 inquit,
2713 4485 2948 4555 Spiritus
2995 4487 3259 4550 veritatis,
3316 4488 3407 4543 ille
3462 4504 3549 4544 me

1983 4581 2305 4654 g’lorilicabit
2327 4581 2390 4633 ".
2431 4599 2449 4632 ι
2487 4580 2652 4635 Visne
2699 4579 2864 4633 etiam
2895 4577 3055 4631 aliam
3091 4578 3157 4632 ad
3181 4579 3293 4634 hare
3327 4580 3547 4648 adjicia-

1985 4692 2105 4730 mus
2126 4673 2408 4728 Trinitatis
2438 4671 2775 4727 eﬁicientiam
2794 4670 2818 4725 ’ἔ
2839 4669 3111 4724 Habitavit
3139 4669 3306 4725 Filius
3339 4671 3391 4725 iu
3421 4685 3546 4725 cor-

1985 4780 2152 4836 pore:
2190 4753 2587 4819 commendavit
2631 4761 2956 4829 baptizatum
3003 4758 3196 4825 Pater;
3244 4757 3549 4813 eﬂ‘ormavit

1984 4864 2103 4911 eum
2134 4857 2184 4910 in
2218 4854 2434 4924 Virgine
2463 4849 2746 4920 Spiritus]
2775 4848 2970 4903 Deinde
3005 4862 3186 4901 rursus
3222 4849 3295 4900 ait
3324 4848 3388 4901 de
3416 4863 3543 4901 san-

1981 4951 2076 5003 ctis
2105 4946 2395 5016 apostolis:
2425 4943 2618 5016 [Filius
2651 4943 2812 5011 elegit
2841 4956 2857 4995 :
2895 4959 2914 4992 ι
2949 4941 3063 5009 Ego
3109 4939 3253 4993 enim
3275 4979 3288 5002 ,
3331 4939 3543 5010 inquit,

1982 5039 2113 5107 elegi
2137 5052 2230 5090 vos
2252 5036 2296 5070 ⁵⁸
2316 5072 2330 5087 .
2358 5054 2376 5086 ι
2401 5032 2563 5088 Pater
2584 5030 2968 5085 sanctiﬁcavit:
2992 5047 3009 5079 ι
3025 5027 3198 5093 Pater,
3214 5027 3406 5096 inquit,
3424 5043 3547 5083 sau—

1983 5131 2159 5184 ctillca
2193 5143 2288 5181 eos
2316 5127 2368 5180 iu
2400 5128 2624 5179 veritate
2653 5135 2738 5181 tua
2772 5123 2838 5178 δ’.
2878 5141 2895 5171 ι
2939 5119 3175 5188 Spiritus
3214 5118 3390 5175 elicuit
3423 5137 3546 5176 ora.

1984 5233 2145 5275 tores.
2168 5218 2187 5289 ]

2647 5316 2799 5375 CAP.
2842 5320 2882 5375 Ι.

2051 5443 2245 5498 Totum
2306 5438 2523 5510 quidem
2586 5448 2890 5491 sermonem
2930 5434 2997 5489 ab
3050 5450 3116 5491 eo
3165 5435 3442 5500 habitum,
3488 5442 3545 5493 et

381 5612 427 5644 ⁸¹
461 5612 617 5669 Rom.
646 5627 721 5676 ιι,
751 5611 842 5667 55.
918 5611 1037 5644 ⁵³·δδ
1074 5610 1092 5664 1
1132 5611 1258 5668 Cor.
1297 5627 1389 5676 xv,
1427 5610 1506 5664 ιο.
1583 5608 1629 5641 ⁴⁵
1664 5606 1818 5664 Joan.
1861 5620 1900 5672 ι,
1932 5601 2019 5658 ﬂ.
2095 5598 2155 5674 “g
2181 5584 2321 5652 Psal.
2357 5609 2465 5660 cut,
2494 5595 2547 5650 1.
2624 5591 2667 5627 ⁸⁷
2705 5591 2860 5649 Joan.
2893 5588 3231 5656 “1,13,”.
3309 5588 3351 5620 “’
3386 5583 3546 5648 Joan.

342 5696 427 5746 xv,
456 5684 537 5737 l6.
610 5686 655 5714 δ’
687 5682 849 5739 Joau.
882 5696 1013 5747 xvu,
1044 5681 1133 5735 17.

542 5777 819 5836 Parum.
864 5775 984 5835 (in.
1024 5772 1298 5835 LXXVI.

3117 5746 3154 5811 6
