4004 6202
386 284 484 340 171

1415 271 1472 326 S.
1514 265 1794 325 CYRILLI
1833 259 2304 318 ALEXANDRIN!
2347 253 2666 311 ARCIIIEP.

3528 245 3632 300 172

386 402 698 473 imperitum
725 414 845 455 esse
898 405 953 453 et
992 395 1322 461 molestum,
1375 392 1688 448 laeillimum
1733 398 1817 443 est
1860 403 1952 443 os-

2069 384 2135 456 τῷ
2164 382 2461 452 πεποίηται
2486 378 2664 446 λόγος,
2696 370 3008 435 καταδεῖξαι
3049 367 3198 438 ῥᾷον·
3240 360 3544 435 παραπαίει
3575 362 3632 418 δὲ

2262 470 2263 473 “
2501 470 2509 473 ‘
2556 470 2576 473 “
2759 466 2773 473 ⁸
2830 462 2856 473 ⁸⁵
2921 456 2998 473 ..ἶ
3127 457 3140 473 1
3270 456 3283 473 1
3318 472 3321 473 ν
3379 449 3632 473 Ἀ-Ι-ῌ-ᾼΔ

388 493 658 547 tendere:
703 491 798 543 sed
827 489 879 541 in
935 501 1002 541 eo
1054 486 1323 556 quomodo
1368 484 1536 539 etiam
1584 482 1817 536 insaniat
1856 495 1951 533 ex-

386 599 607 651 ponam.
648 581 764 636 Una
787 589 871 636 est
900 580 1043 634 enim
1078 577 1376 633 divinitatis
1406 586 1623 640 natura,
1658 573 1752 628 sed
1777 570 1953 626 subsi-

387 674 481 728 stit
512 674 731 742 praprie
766 687 829 726 ac
860 670 1205 739 singulariter
1226 666 1410 731 Pater,
1432 674 1487 721 et
1514 664 1707 728 Filius,
1740 663 1954 717 itidem-

387 782 494 837 que
523 763 765 833 Spiritus
796 782 809 818 :
836 763 1155 818 elﬁciuntur
1170 770 1352 814 autem
1387 759 1571 813 omnia
1600 771 1629 809 a
1679 754 1864 821 Patre,
1901 763 1956 807 et

387 871 486 924 per
510 856 707 911 Filium
756 856 808 908 in
853 853 1094 922 Spiritu;
1144 860 1198 906 et
1238 851 1362 905 dum
1392 848 1550 904 Pater
1601 854 1848 900 movetur
1887 841 1955 898 ad

387 943 723 999 eliioientiam
738 945 1067 1013 aliquorum,
1090 939 1280 1009 procul
1313 938 1474 994 dubio
1506 934 1661 991 eﬂicit
1702 934 1874 989 Filius
1902 932 1956 987 in

392 1035 599 1103 Spiritu
640 1051 652 1087 :
681 1042 737 1087 et
760 1033 806 1088 si
834 1033 961 1102 quid
989 1031 1159 1086 Filius
1184 1030 1456 1099 complere
1476 1027 1675 1082 dicitur
1711 1034 1803 1079 aut
1835 1023 1959 1093 Spi-

391 1126 552 1188 ritus.
587 1126 689 1178 hoc
721 1138 853 1178 sane
882 1138 1104 1191 prorsus
1131 1132 1214 1176 est
1239 1137 1303 1175 ex
1333 1121 1510 1184 Patre,
1559 1133 1624 1172 ac
1664 1133 1759 1186 per
1789 1126 1956 1172 totam

393 1213 572 1284 pergit
608 1223 851 1268 sanctam
886 1223 942 1267 et
989 1210 1504 1266 consubstantialem
1545 1208 1865 1264 Trinitatem
1902 1209 1956 1263 in

390 1320 775 1374 quamcunque
811 1320 924 1360 rem
955 1307 1180 1360 tendens
1210 1303 1452 1373 operatio
1483 1312 1648 1373 atque
1688 1300 1957 1357 voluntas.

391 1395 778 1452 Verumtamen
808 1396 862 1449 in
896 1395 980 1450 his
1017 1394 1145 1449 illud
1177 1395 1465 1450 dicendum
1511 1402 1614 1448 est.
1660 1392 1797 1448 Vide
1842 1408 1963 1446 rur—

391 1502 511 1540 sum
545 1497 606 1541 ut
637 1497 823 1555 aperte
871 1492 925 1540 et
955 1486 1257 1551 evidenter,
1291 1485 1540 1554 quamvis
1585 1484 1715 1539 illud
1739 1498 1804 1538 ex
1852 1482 1961 1538 Deo

391 1577 550 1632 Patre
580 1577 814 1631 Verbum
869 1577 1071 1633 factum
1125 1592 1247 1632 esse
1291 1591 1508 1632 carnem
1554 1578 1733 1641 dicat,
1782 1585 1960 1629 tamen

393 1676 706 1737 corrumpat
752 1667 859 1721 vim
914 1669 1305 1726 sententiarum
1363 1678 1418 1722 et
1454 1683 1500 1749 ’θ
1549 1677 1698 1723 recto
1746 1667 1963 1723 tramite

2054 449 2157 534 κάν
2191 449 2388 544 τούτω,
2429 470 2523 523 καὶ
2552 470 2720 531 ὅπως,
2757 462 2886 535 ἐρῶ.
2921 456 3039 515 Μία
3085 457 3182 529 μὲν
3224 456 3333 525 γὰρ
3379 449 3635 544 θεότητος

2055 567 2237 638 φύσις,
2269 540 2542 632 ύφνέστηκε
2574 554 2637 609 δὲ
2668 552 2850 615 ίδικῶς
2885 551 2913 601 6
2946 548 3157 617 Πατὴρ,
3185 543 3282 638 διαὶ
3331 541 3515 638 μέντοι
3544 540 3638 638 καὶ

2054 630 2082 713 6
2109 630 2255 719 Υἱὸς,
2296 630 2497 723 δμοίως
2524 649 2580 701 δὲ
2610 645 2703 699 καὶ
2731 643 2792 697 τὸ
2823 639 3064 709 Πνεῦμα.
3101 632 3408 708 Πράττεταί
3434 648 3498 701 γε
3528 630 3636 702 μὴν

2007 741 2125 804 ⁸τά
2158 747 2333 800 πάντα
2368 740 2519 813 παρὰ
2564 736 2798 808 Πατρδς,
2826 732 2923 787 καὶ
2955 731 3023 784 δι’
3056 727 3188 782 Υἱοῦ
3235 729 3293 780 ὲν
3324 723 3636 813 Πνεύματυ

2058 839 2152 894 καὶ
2185 832 2297 890 οἷον
2347 812 2710 900 κεκινημένου
2743 825 2838 879 τοῦ
2873 821 3088 891 [ἰατρὸς
3117 820 3197 881 εἰς
3233 816 3514 887 ἐνέργειαν
3538 812 3640 883 τὴν

2059 930 2150 987 ὲπῐ
2189 945 2353 994 τισιν,
2397 924 2610 996 ἐνεργεῖ
2644 921 2700 974 δὲ
2741 919 2957 973 πάντως
2999 916 3027 967 6
3059 910 3182 974 Υίδς
3224 911 3283 963 ὲν
3318 907 3596 978 Πνεύματι
3619 921 3637 939 ο

2057 1026 2163 1081 κᾶν
2207 1022 2264 1076 εῐ
2310 1037 2364 1072 τι
2408 1017 2618 1085 λέγοιτο
2655 1009 2898 1084 πληροῦν
2951 1006 2979 1060 6
3015 1005 3145 1067 Υἱὸς
3191 1004 3225 1074 ἢ
3274 1002 3336 1056 τὸ
3391 999 3638 1069 Πνεῦμα,

2058 1114 2217 1185 τοῦτο
2262 1115 2326 1187 δὴ
2358 1114 2573 1175 πάντως
2618 1109 2767 1163 ἐστὶν
2805 1109 2868 1161 ὲκ
2909 1105 3143 1178 Πατρδς,
3183 1102 3276 1157 καὶ
3323 1100 3409 1154 διὰ
3455 1099 3642 1170 πάσης

2060 1209 2284 1279 ἔρχεται
2338 1205 2435 1274 τῆς
2491 1200 2654 1271 ἁγίας
2701 1198 2798 1253 καὶ
2847 1197 3136 1269 όμοουσίου
3171 1192 3432 1265 Τριάδος,
3477 1191 3511 1260 ἠ
3557 1191 3640 1252 είς

2067 1303 2175 1355 πᾶν
2220 1297 2398 1353 ότιοῦν
2428 1291 2678 1365 ἐνέργειά
2730 1307 2791 1343 τε
2836 1290 2931 1343 καὶ
2979 1288 3251 1360 βούλησις.
3288 1283 3434 1353 Πλὴν
3480 1280 3537 1335 ἐν
3576 1296 3641 1347 γε

2060 1390 2270 1452 τούτοις
2309 1385 2485 1440 ἐκεῖνό
2530 1399 2728 1453 φαμεν.
2769 1380 2958 1451 Ἀθρει
2997 1379 3062 1450 δὴ
3092 1377 3289 1440 πάλιν,
3336 1373 3411 1437 ὼς
3453 1370 3639 1439 σαφῶς

2060 1499 2121 1535 τε
2166 1480 2260 1534 καὶ
2301 1475 2581 1548 ἐναργῶς,
2621 1473 2798 1527 καίτοι
2835 1470 3014 1541 σάρκα
3055 1468 3230 1536 λέγων
3274 1466 3364 1520 τὸν
3409 1465 3473 1517 ὲκ
3502 1459 3641 1516 Θεοῦ

2063 1569 2393 1639 γεγενῆσθαι
2439 1565 2630 1634 Λόγον,
2662 1562 2762 1633 τὴν
2798 1558 2906 1615 τῶν
2959 1558 3176 1613 ἐννοιῶν
3230 1552 3642 1627 παρασημαίνει

2063 1662 2313 1733 δύναμιν,
2341 1659 2435 1713 καὶ
2455 1656 2555 1727 τῆς
2576 1654 2866 1726 ὀρθότητος
2894 1649 3160 1722 ἀποφέρει
3192 1647 3429 1720 μακράν·
3463 1647 3539 1708 ὼς
3555 1644 3643 1697 ὲν-

391 1736 627 1828 Ιοιιείιιεί
655 1759 925 1822 abducat,
973 1757 1099 1813 dum
1146 1758 1317 1829 ipsam
1358 1742 1791 1814 incarnationem
1839 1774 1959 1814 esse

2069 1755 2279 1828 ἑργειαν
2292 1751 2459 1807 αὐτοῦ
2476 1749 2572 1821 τὴν
2592 1749 2866 1818 σάρκωσιν
2882 1742 3217 1813 ἀποφαίνων.
3236 1738 3519 1829 Ἐπιφερει
3532 1736 3601 1829 γά
3609 1754 3643 1808 ρ

393 1859 646 1918 tanquam
674 1849 791 1919 ejus
824 1848 1167 1904 ellieientiam
1197 1849 1537 1917 pronuntiat;
1570 1847 1790 1918 subjicit
1814 1849 1958 1902 enim

390 1942 536 1997 illico
567 1959 583 1994 :
620 1958 640 1992 ι
673 1938 834 1994 Visne
861 1939 1025 1993 etiam
1057 1940 1218 1993 aliam
1244 1942 1310 1994 ad
1352 1942 1467 1996 ιιωο
1496 1940 1666 2011 ipsius
1682 1940 1963 1996 Trinitatis

392 2030 1068 2101 elﬁcientiambquasijam
1084 2033 1319 2101 priorem
1334 2031 1589 2087 DeiVerhi
1605 2031 1769 2087 fuisse
1783 2044 1963 2088 osten-

392 2124 533 2180 derit
567 2121 940 2187 elﬁcientiam,
968 2124 1019 2176 id
1050 2125 1224 2193 ipsum
1269 2124 1410 2193 quod
1465 2137 1596 2178 caro
1628 2122 1828 2179 factum
1856 2132 1960 2189 est,

393 2218 691 2272 secundum
711 2216 1022 2285 Scripturas
1042 2230 1056 2267 :
1078 2225 1132 2270 et
1156 2231 1405 2286 quaenam
1430 2217 1500 2270 sit
1532 2216 1618 2269 illa
1641 2217 1810 2270 altera
1843 2224 1965 2284 post

396 2306 541 2361 illam
580 2307 816 2377 priorem
843 2306 1155 2371 elIicientia,
1187 2308 1544 2376 demonstrat,
1572 2318 1629 2362 ut
1652 2309 1766 2378 ipse
1788 2319 1961 2377 putat,

396 2412 461 2454 ac
493 2399 644 2453 dicit:
666 2414 685 2447 ι
717 2396 995 2452 Habitavit
1019 2396 1190 2453 Filius
1220 2400 1274 2452 in
1305 2413 1549 2468 corpore.
1581 2418 1599 2452 ι
1627 2400 1766 2470 Ergo
1788 2400 1966 2455 Deifer

396 2492 558 2545 homo
597 2488 703 2544 erit
742 2489 1039 2543 Christus:
1073 2491 1267 2545 deinde
1313 2491 1366 2544 id
1421 2491 1595 2547 solum
1641 2493 1695 2547 in
1748 2494 1966 2550 homine

394 2579 639 2637 eﬂecisse
665 2578 760 2635 Dei
789 2578 1071 2649 Patrisque
1105 2579 1342 2636 Verbum
1368 2623 1384 2647 ,
1440 2584 1781 2653 perspicumn
1816 2586 1920 2639 erit
1948 2602 1964 2652 ;

396 2673 578 2742 itaque
600 2672 849 2740 quamvis
877 2672 1020 2726 dicat
1049 2672 1237 2727 beatus
1257 2674 1585 2744 evangelista
1608 2690 1621 2726 :
1644 2674 1759 2746 98
1787 2694 1807 2727 ι
1838 2674 1971 2731 νει-ο

397 2762 524 2815 bum
558 2777 687 2817 caro
723 2762 922 2817 factum
958 2772 1066 2831 est,
1121 2773 1180 2818 et
1228 2765 1491 2819 habitavit
1543 2766 1595 2820 in
1625 2767 1801 2831 nobis,
1835 2786 1854 2819 ι
1892 2767 1967 2822 nil

398 2854 542 2909 aliud
571 2854 778 2909 indicat
800 2854 903 2915 nisi
938 2856 1066 2910 illud
1086 2856 1282 2921 solum,
1316 2857 1572 2912 nimirum
1604 2860 1777 2930 ipsum
1801 2859 1965 2916 Deum

402 2947 638 3002 Verbum
680 2946 735 3001 in
782 2945 1005 3002 homine
1058 2947 1354 3015 habitasse,
1402 2952 1659 3005 utetiam
1712 2953 1765 3006 in
1812 2954 1968 3009 nobis

399 3036 552 3103 ipsis.
610 3034 831 3105 Templa
887 3052 1117 3106 namque
1171 3053 1361 3094 sumus
1416 3038 1506 3094 Dei
1543 3041 1771 3097 viventis
1798 3042 1883 3106 '°;
1914 3051 1962 3097 et

2063 1844 2273 1909 εὐθύςῚ
2288 1841 2475 1897 Βούλει
2489 1840 2583 1893 καὶ
2594 1838 2758 1906 ἄλλην
2774 1835 3088 1897 ὲπλτούτοις
3105 1833 3289 1895 αὐτοῖς
3301 1830 3400 1900 τῆς
3412 1828 3642 1900 Τριάδος

2064 1938 2376 2008 ὲνὲργειαν;
2419 1953 2438 1984 ι
2466 1931 2540 1994 ὡς
2570 1931 2672 2002 ἤδη
2705 1926 2927 2000 πρώτην
2972 1923 3328 1995 ἀποδεδειχὼς
3360 1921 3642 1992 ἐνέργειαν

2062 2027 2157 2081 τοῦ
2177 2025 2313 2079 Θεοῦ
2324 2025 2530 2090 Λόγου,
2554 2021 2612 2075 τὸ
2631 2021 2808 2091 σάρκα
2831 2017 3107 2087 γενέσθαι,
3126 2014 3266 2069 κατά
3280 2014 3379 2077 τὰς
3394 2012 3640 2085 Γραφάς.

2065 2116 2177 2171 Καὶ
2192 2117 2275 2180 τίς
2308 2117 2342 2186 ἡ
2372 2115 2535 2185 ἑτέρα
2570 2110 2709 2182 μετά
2730 2110 2828 2181 τὴν
2853 2107 3076 2180 πρώτην
3093 2106 3374 2177 ἐνέργειαν
3404 2103 3643 2157 διαδείκ-

2064 2226 2219 2262 νυσιν
2243 2207 2355 2280 [ἷσ.
2379 2202 2639 2277 δεικνύς],
2662 2202 2849 2273 ὥσπερ
2871 2201 3062 2264 οἴεται,
3093 2198 3278 2269 φησιν’
3298 2216 3316 2248 ι
3339 2194 3643 2266 Ἐνῴκησεν

2064 2303 2093 2355 6
2113 2302 2237 2365 Υἱὸς
2260 2302 2314 2354 ὲν
2330 2298 2408 2369 τῷ
2431 2298 2662 2368 σώματι.
2696 2314 2715 2346 ι
2741 2294 3007 2365 Θεοφόρος
3032 2289 3126 2345 οὖν
3156 2291 3443 2362 ἄνθρωπος
3460 2291 3488 2342 ό
3509 2290 3645 2359 Χριο

2067 2394 2210 2456 στός.
2237 2387 2367 2444 Εἶτα
2389 2389 2483 2443 καὶ
2507 2388 2666 2458 μόνον
2701 2384 2859 2439 τοῦτο
2892 2384 3196 2454 ἐνεργήσας
3236 2383 3316 2445 είς
3358 2379 3642 2450 ἄνθρωπον

2066 2485 2094 2535 6
2119 2482 2211 2536 τοῦ
2238 2478 2374 2534 Θεοῦ
2405 2477 2499 2532 καὶ
2530 2474 2742 2548 [ἰατρὸς
2761 2472 3101 2542 διαφαίνεται
3131 2471 3322 2540 Λόγος·
3345 2468 3504 2530 ὥστε,
3536 2468 3641 2520 κᾶν

2067 2577 2116 2628 εἰ
2145 2573 2293 2640 λέγοι
2326 2570 2488 2640 τυχδν
2514 2569 2543 2620 6
2586 2565 2854 2638 μακάριος
2887 2561 3293 2633 εὐαγγελιστὴς,
3329 2578 3347 2609 ι
3384 2559 3440 2610 '0
3467 2557 3639 2624 Λόγος

2071 2663 2208 2735 σάρξ
2228 2662 2466 2731 ἐγένετο,
2504 2658 2597 2712 καὶ
2620 2658 2929 2727 ἐσκήνωσεν
2962 2656 3020 2706 ὲν
3066 2655 3218 2723 ἡμῖν,
3251 2670 3269 2701 ι
3303 2647 3640 2718 καταδηλοῦν

2068 2756 2201 2827 ἡμῖν
2238 2753 2427 2824 ἕτερον
2460 2750 2630 2813 οὐδὲν,
2662 2746 2799 2817 πλὴν
2832 2747 3008 2798 ἐκεῖνο
3057 2741 3151 2794 καὶ
3188 2741 3365 2811 μόνον,
3394 2739 3475 2792 ὅτι
3505 2754 3640 2790 κατ-

2069 2845 2285 2917 ῴκησεν
2316 2845 2374 2896 ὲν
2393 2840 2662 2912 ἀνθρώπῳ
2696 2837 2826 2900 Θεὸς
2856 2834 2932 2888 ὢν
2964 2836 2992 2887 6
3030 2834 3222 2901 Λόγος,
3263 2830 3410 2885 καθά
3448 2830 3538 2883 καὶ
3586 2830 3644 2881 ὲν

2070 2940 2202 3010 ἡμῖν
2253 2936 2454 2997 αὐτοῖς.
2495 2931 2632 2985 Ναοὶ
2663 2929 2773 2999 γάρ
2810 2930 2976 2996 ἐσμεν
3008 2922 3144 2978 Θεοῦ
3193 2921 3395 2987 ζῶντος
3418 2961 3432 2985 ,
3466 2920 3562 2974 καὶ
3588 2920 3646 2973 ὲν

2070 3030 2247 3096 τούτῳ
2298 3024 2640 3095 γινώσκομεν
2687 3021 2768 3073 ὅτι
2821 3020 2879 3071 ὲν
2925 3019 3059 3087 ἡμῖν
3095 3016 3263 3079 ἐστιν,
3294 3014 3377 3067 δτι
3428 3012 3494 3067 ὲκ
3550 3010 3647 3064 τοῦ

401 3102 455 3181 in
485 3128 588 3182 hoc
613 3102 998 3196 cognoscimus
1021 3102 1163 3197 quod
1192 3130 1244 3183 in
1269 3129 1425 3184 nobis
1454 3140 1558 3195 est,
1586 3133 1714 3202 quia
1743 3147 1808 3188 ex
1845 3102 1968 3202 spi-

2072 3119 2386 3190 Πνεύματος
2440 3112 2606 3168 αὑτοῦ
2650 3107 3054 3165 ἔδωκεν.⁸Ἀλλ’
3084 3107 3145 3160 ού
3178 3105 3338 3161 τοῦτο
3379 3105 3478 3175 μὲν
3517 3102 3648 3166 ἴσως

402 3217 509 3270 ritu
564 3232 671 3271 suo
701 3220 849 3272 dedit
907 3218 1064 3271 nobis
1119 3219 1186 3274 ".
1226 3217 1330 3272 Sed
1388 3219 1439 3274 id
1479 3219 1710 3278 fortasse
1752 3224 1973 3279 minime

399 3308 591 3374 dices,
653 3310 1048 3378 blasphemiam
1098 3310 1460 3366 relormidans
1511 3329 1527 3366 :
1570 3329 1634 3369 ac
1688 3315 1970 3372 nobiscum

401 3400 752 3453 conﬁteberis
788 3401 959 3468 ipsum
994 3401 1085 3454 Dei
1126 3400 1361 3457 Verbum
1401 3404 1675 3460 hominem
1707 3407 1912 3462 factum
1954 3425 1969 3463 :

403 3489 566 3557 idque
594 3504 715 3545 esse
745 3492 1174 3547 incarnationem
1220 3510 1235 3549 :
1278 3498 1586 3552 consenties
1612 3499 1780 3553 etiam
1823 3515 1975 3555 man-

405 3581 543 3637 sisse
571 3581 764 3649 Deum,
798 3589 853 3636 et
883 3596 996 3636 sua:
1024 3592 1229 3638 naturae
1258 3585 1427 3642 decus
1477 3602 1745 3653 servasse,
1782 3606 1974 3659 quam-

402 3672 489 3726 vis
523 3672 827 3742 appellatus
854 3673 926 3728 sit
953 3671 1126 3728 Filius
1173 3675 1428 3743 hominis,
1475 3677 1633 3749 idque
1679 3684 1973 3736 secundum

402 3764 688 3818 veritatem
718 3761 901 3818 fuerit.
935 3762 1075 3831 Quid
1105 3765 1395 3834 igiturjam
1429 3767 1521 3822 tibi
1560 3770 1778 3836 accidit,
1812 3781 1870 3824 ut
1894 3771 1977 3825 di-

405 3869 561 3909 ceres
589 3853 763 3925 ipsum
790 3851 1010 3911 Patrem
1043 3855 1201 3909 simul
1233 3871 1418 3912 secum
1452 3859 1737 3916 considere
1780 3860 1977 3917 fecisse

404 3946 800 4001 humanitatem
845 3956 1176 4017 assumptam
1206 3987 1221 4012 ,
1260 3963 1323 4002 ac
1376 3964 1485 4005 non
1533 3952 1709 4022 potius
1756 3952 1810 4008 in
1865 3968 1979 4009 suae

402 4036 574 4105 ipsius
603 4036 905 4093 divinitatis
936 4037 1155 4093 sedibus
1203 4040 1512 4098 constitisse
1554 4057 1621 4097 ex
1656 4045 1745 4100 Dei
1776 4044 1977 4100 Patris-

404 4143 510 4196 que
534 4128 890 4197 beneplaeito,
923 4138 1102 4183 ortum
1126 4145 1190 4184 ex
1218 4146 1283 4185 eo
1317 4131 1548 4187 Verbum
1573 4135 1736 4188 etiam
1763 4149 1980 4204 postea-

404 4228 569 4282 quam
605 4212 807 4267 factum
837 4224 922 4268 est
949 4214 1113 4268 homo
1136 4252 1153 4277 ,
1187 4231 1255 4268 ne
1295 4215 1464 4285 ipsius
1502 4220 1812 4274 humanitas
1859 4230 1980 4274 tan-

405 4318 570 4372 quam
600 4305 748 4359 abeo
772 4305 983 4360 diversa
1015 4306 1351 4377 intelligatur
1375 4319 1470 4363 aut
1498 4309 1716 4365 dicatur
1742 4326 1771 4364 a
1799 4313 1975 4379 nobis,

406 4409 529 4448 eum
571 4409 694 4449 vera
727 4395 857 4449 nnio
885 4405 939 4450 et
977 4412 1140 4452 unum
1168 4413 1290 4452 esse
1330 4399 1482 4454 illum
1529 4403 1781 4455 ostendat
1824 4404 1981 4458 nobis

406 4495 461 4538 et
494 4483 611 4552 ejus
648 4500 866 4540 carnem
899 4501 1003 4541 non
1048 4503 1169 4543 esse
1203 4490 1270 4543 ah
1299 4504 1364 4544 eo
1411 4492 1691 4546 alienam?
1738 4495 1976 4549 Convin-

408 4575 550 4631 ceris
578 4590 707 4645 ergo
737 4577 789 4630 in
814 4577 914 4630 hoc
941 4592 1161 4648 quoque
1194 4581 1454 4644 mendax,
1487 4592 1542 4636 et
1569 4599 1597 4635 a
1631 4596 1776 4639 recta
1811 4586 1980 4639 ratio-

409 4666 683 4752 cinatione
731 4682 838 4722 non
877 4683 1068 4738 parum
1114 4671 1399 4725 aberrans.
1439 4672 1520 4725 Ac
1564 4675 1608 4727 si
1658 4675 1791 4728 nihil
1833 4676 1978 4731 aliud

408 4766 491 4811 est
522 4758 706 4813 dicere
734 4755 966 4813 Verbum
1006 4759 1207 4815 factum
1253 4776 1375 4818 esse
1398 4777 1619 4818 carnem
1645 4805 1661 4831 ,
1707 4766 1807 4820 nisi
1839 4769 1980 4835 quod

410 4850 613 4906 factum
641 4860 725 4906 est
773 4851 976 4917 homo,
1028 4864 1241 4908 servata
1296 4856 1618 4911 excellentia
1663 4858 1980 4923 divinitatis,

411 4954 743 5010 manensque
768 4939 910 5010 quod
938 4949 1078 5006 erat,
1113 4957 1346 5011 quanam
1380 4955 1606 4999 externa
1635 4946 1805 5013 gloria
1840 4962 1978 5016 opus

412 5029 617 5093 habuit,
637 5047 760 5086 cum
789 5031 904 5101 ipse
930 5032 1191 5088 Dominus
1219 5043 1361 5089 esset
1383 5035 1608 5102 gloriae?
1628 5034 1981 5091 Gloritlcaba—

416 5128 503 5172 tur
521 5121 665 5175 enim
695 5123 813 5177 sine
837 5122 1022 5190 dubio,
1050 5124 1257 5193 Spiritu
1286 5125 1467 5180 divina
1494 5126 1761 5184 eﬂlciente
1795 5132 1978 5201 signa,

414 5224 522 5264 nou
556 5221 614 5265 ut
649 5212 825 5268 Deiter
858 5215 1040 5280 homo,
1076 5218 1145 5270 ab
1178 5226 1407 5272 externa
1448 5219 1838 5288 superioreque
1885 5235 1980 5273 na-

416 5315 538 5356 tura
566 5317 632 5358 eo
663 5319 888 5360 munere
932 5317 1246 5376 comparato
1274 5350 1289 5376 ,
1326 5318 1385 5363 ut
1432 5309 1587 5363 nobis
1626 5311 1853 5375 accidit,
1890 5314 1984 5366 sed

418 5389 624 5461 Spiritu
655 5402 905 5460 tanquam
938 5398 1156 5465 proprio
1179 5413 1331 5453 usus.
1386 5400 1526 5454 Deos
1575 5400 1719 5454 enim
1757 5412 1877 5455 erat
1917 5418 1984 5457 ex

419 5492 640 5548 natura;
668 5483 894 5552 ideoque
924 5486 1155 5554 Spiritus
1186 5489 1300 5557 ejus
1334 5492 1399 5544 ah
1427 5507 1493 5545 eo
1537 5507 1644 5546 non
1687 5503 1806 5548 erat
1848 5494 1980 5549 alie-

487 5639 536 5674 "
570 5640 591 5695 Ι
628 5641 752 5697 Cor.
779 5643 965 5709 ".16.
1040 5644 1081 5676 ³⁸
1124 5643 1142 5698 1
1175 5643 1329 5700 Joan.
1358 5662 1428 5713 tv,
1463 5648 1550 5704 15.

2072 3213 2235 3281 ἐρεῖς,
2280 3204 2704 3276 καταναρκήσας
2758 3202 2858 3272 τὴν
2899 3199 3252 3269 δυσφημίανο
3289 3194 3648 3267 ὁμολογήσεις

2071 3301 2127 3353 δὲ
2162 3299 2280 3371 μεθ’
2302 3297 2481 3370 ἡμῶν,
2512 3300 2593 3352 ὅτι
2620 3297 2845 3367 γέγονεν
2873 3294 3159 3366 ἄνθρωπος
3184 3292 3213 3343 6
3243 3289 3337 3344 τοῦ
3369 3289 3504 3343 Θεοῦ
3542 3288 3645 3341 Λό-

2072 3406 2166 3457 γος
2190 3405 2202 3416 ·
2236 3392 2329 3442 καὶ
2387 3387 2545 3442 τοῦτό
2587 3389 2735 3440 ἔστιν
2760 3389 2794 3458 ἡ
2833 3387 3131 3457 σάρκωσις.
3175 3381 3425 3453 Συνθήσῃ
3463 3379 3538 3447 δὲ,
3565 3381 3648 3433 ὃτι

2076 3481 2357 3550 μεμένηκε
2387 3478 2544 3543 Θεὸς,
2575 3479 2670 3533 καὶ
2699 3478 2894 3549 τδιτῆς
2939 3476 3075 3538 ιδίας
3114 3474 3329 3545 φύσεως
3354 3470 3650 3526 διεσώσατο

2074 3570 2303 3634 κάλλος·
2340 3570 2447 3623 κᾶν
2487 3572 2535 3622 εί
2587 3569 2994 3640 κεχρημάτικεν
3039 3567 3169 3629 Υἱὸς
3210 3562 3521 3635 ἀνθρώπου,
3554 3562 3648 3628 γέα

2074 3663 2198 3730 γονέ
2227 3679 2284 3715 τε
2308 3660 2466 3715 τοῦτο
2486 3661 2626 3715 κατά
2646 3654 3073 3731 ἀλήθειαν.Εἴτα
3105 3657 3159 3710 τί
3190 3654 3378 3727 μαθὼν
3404 3654 3513 3727 lla.
3540 3670 3647 3705 πα-

2077 3751 2230 3822 θὼν],
2271 3750 2599 3819 συγκαθίσαι
2635 3749 2741 3821 φὴς
2775 3748 2954 3819 ἑαυτῷ
2994 3747 3085 3801 τὸν
3122 3745 3361 3818 Πατέρα.
3390 3745 3489 3815 τὴν
3518 3745 3649 3797 ἀνα-

2076 3839 2375 3909 ληςρθεῖσαν
2418 3839 2831 3910 ἀνθρωπότητα,
2869 3838 2966 3891 καὶ
3014 3837 3133 3908 ούχὶ
3166 3837 3231 3908 δὴ
3264 3835 3479 3906 μᾶλλον.
3532 3837 3648 3898 τοῖς

2076 3932 2173 4000 τῆς
2208 3930 2344 3994 ιδίας
2374 3929 2629 3999 θεότητος
2649 3928 2956 3999 ὲνιδρύσθαι
2987 3927 3205 3990 θώκοις,
3233 3928 3289 3978 ὲν
3312 3924 3528 3995 εὐδοκία
3549 3924 3647 3977 τοῦ

2078 4019 2214 4073 Θεοῦ
2268 4021 2361 4074 καὶ
2396 4020 2608 4091 ιιατρὸς
2634 4059 2648 4083 ,
2685 4020 2779 4072 καὶ
2816 4018 3103 4088 ἄνθρωπον
3144 4015 3400 4084 γεγονότα
3452 4014 3543 4067 τὸν
3591 4013 3651 4078 ἐξ

2080 4106 2247 4166 αύτοῦ
2274 4112 2448 4181 φύντα
2480 4111 2673 4179 Λόγον,
2709 4110 2793 4162 ἵνα
2831 4109 2904 4180 μὴ
2929 4108 3004 4172 ὡς
3030 4108 3191 4178 ἑτέρα
3218 4123 3300 4169 τις
3331 4107 3460 4175 παρ’
3487 4105 3651 4159 αὐτὸν

2080 4203 2115 4272 ἡ
2140 4200 2496 4272 ἀνθρωπότης
2521 4199 2685 4253 αὐτοῦ
2727 4200 2862 4272 πρὸς
2901 4199 3057 4270 ἡμῶν
3091 4200 3259 4251 νοοῖτο
3292 4197 3386 4250 καὶ
3418 4196 3649 4265 λέγοιτο,

2080 4291 2257 4345 καίτοι
2277 4291 2375 4361 τῆς
2398 4291 2538 4344 κατὰ
2571 4290 2831 4363 ἀληθειαν
2866 4290 3128 4353 ἐνώσεως,
3157 4289 3254 4342 ἕνα
3276 4304 3335 4341 τε
3361 4290 3493 4359 ἡμῖν
3518 4289 3655 4341 ἀπο-

2083 4382 2379 4452 φαινούσης
2403 4382 2585 4445 αὑτὸν,
2610 4382 2704 4435 καὶ
2726 4381 2825 4435 οὐκ
2848 4379 3129 4452 ἀλλότριον
3159 4379 3324 4433 αὐτοῦ
3355 4380 3453 4452 τὴν
3475 4380 3654 4450 σάρκα

2010 4459 2058 4517 Ῐ)
2085 4475 2281 4541 αὐτοῦς
2317 4472 2637 4543 Ψευδοεπὴς
2661 4468 2754 4525 οὖν
2799 4472 2929 4542 ἀρα,
2962 4473 3056 4524 καὶ
3095 4469 3358 4540 λογισμοῦ
3396 4468 3491 4523 τοῦ
3521 4470 3655 4522 καθ-

2082 4567 2310 4637 ήκοντος
2331 4565 2392 4618 ού
2427 4564 2662 4636 μετρίως
2688 4560 3050 4633 ἡμαρτηκὼς,
3091 4561 3287 4631 ἁλίσκῃ
3321 4562 3425 4613 κάν
3453 4559 3651 4629 τούτῳ.

2082 4659 2193 4712 Καὶ
2220 4660 2269 4710 ει
2316 4655 2482 4727 μηδὲν
2516 4655 2701 4725 ἕτερόν
2740 4656 2856 4706 ἐστι
2897 4652 2958 4706 τὸ
3004 4650 3249 4722 φάναιδὴ
3286 4652 3463 4722 σάρκα
3491 4665 3657 4720 γεγε-

2083 4749 2277 4820 νῆσθαι
2303 4749 2393 4802 τὸν
2429 4748 2622 4816 Λόγον,
2653 4747 2686 4818 ἢ
2714 4746 2796 4799 ὅτι
2828 4744 3054 4814 γέγονεν
3083 4744 3368 4815 ἄνθρωπος
3395 4747 3452 4797 ὲν
3483 4744 3656 4814 ὑπερ-

2083 4844 2182 4913 οχῇ
2206 4841 2457 4910 θεότητος
2483 4838 2580 4904 ὢν,
2611 4839 2706 4892 καὶ
2748 4834 3073 4909 μεμενηκὼς
3119 4836 3257 4907 ὅπερ
3283 4831 3372 4906 ἦν,
3398 4835 3557 4898 ποίας
3591 4834 3660 4887 ἂν

2087 4930 2282 5000 ἐδεήθη
2318 4930 2417 5000 τῆς
2449 4927 2647 4995 ἔξωθεν
2689 4927 2867 4998 δόξης,
2907 4926 3083 4980 καίτοι
3132 4925 3232 4995 τῆς
3263 4925 3421 4996 δόξης
3454 4924 3660 4995 Κύριος

2088 5016 2164 5071 ὢν
2193 5019 2387 5083 αὐτός;
2416 5015 2725 5083 Ἐδοξάζετο
2749 5017 2847 5086 μὲν
2874 5014 2983 5086 γὰρ
3019 5014 3485 5085 ὁμολογουμένως,
3509 5015 3662 5082 ὲνερο

2089 5107 2312 5179 γοῦντος
2337 5107 2431 5160 τοῦ
2471 5105 2788 5177 Πνεύματος
2813 5104 2912 5168 τάς
2944 5103 3273 5175 θεοσνίμίας⁸
3308 5104 3422 5157 ἀλλ’
3452 5103 3551 5172 οὐχ
3584 5102 3664 5167 ὡς

2091 5198 2373 5269 ἄνθρωπος
2400 5198 2677 5268 θεοφόρος,
2712 5195 2772 5263 ἐξ
2803 5196 3016 5260 ὀθνείας
3040 5213 3099 5249 τε
3128 5196 3222 5248 καὶ
3256 5194 3665 5267 ὑπερκειμένης

2094 5288 2309 5360 φύσεως
2345 5289 2408 5342 τὸ
2448 5287 2639 5360 χρῆμα
2693 5287 3011 5359 κερδαίνων,
3065 5285 3208 5340 καθά
3236 5286 3329 5340 καὶ
3362 5287 3553 5355 ἡμεῖς’
3589 5283 3669 5345 ὼς

2097 5381 2212 5452 ἰδίῳ
2238 5380 2295 5433 δὲ
2335 5380 2535 5452 μᾶλλον
2565 5379 2910 5452 κεχρημένος
2945 5377 3022 5448 τῷ
3060 5377 3364 5447 Πνεύματι.
3393 5376 3529 5440 Θεὸς
3556 5374 3669 5446 γὰρ

2093 5467 2162 5543 ἦν
2209 5471 2408 5541 φύσει,
2473 5474 2567 5527 καὶ
2609 5474 2708 5527 οὐκ
2759 5471 3038 5543 ἀλλότριον
3095 5470 3259 5524 αὐτοῦ
3317 5470 3378 5523 τὸ
3439 5465 3670 5522 Πνεῦμα
