4004 6202
349 228 447 285 1Ἳὸ

1477 205 1845 265 anvensus
1884 202 2288 259 ussromun
2330 201 2459 255 LIB.
2506 203 2592 255 tv.
2638 158 2647 169 ’

3521 204 3622 260 ΓΗ

346 342 528 399 αὑτοῦ.
559 335 780 392 Οὐκοῦν
818 336 933 389 οὐκ
961 332 1189 398 ἔξωθεν,
1217 330 1337 384 οὐδὲ
1364 327 1671 398 εἰσποίητον
1697 322 1845 394 αὐτῷ
1870 322 1958 375 δε-

2077 338 2184 374 ius.
2214 321 2325 373 Non
2350 320 2512 389 igitur
2540 320 2896 386 extrinsecus,
2934 336 3111 389 neque
3152 322 3374 376 ascitam
3406 324 3624 381 aliunde

350 434 526 490 ὂόσθαι
566 429 753 499 φαμὲν
794 425 903 478 τοῦ
942 423 1269 494 Πνεύματος
1314 420 1416 490 τὴν
1463 418 1773 488 ἐνέργειαν,
1814 412 1955 466 καθά

355 528 443 580 καὶ
472 524 603 594 ἡμῖν
657 518 885 580 αὐτοῖς,
920 516 1100 587 ἤγουν
1133 515 1245 574 τοῖς
1280 512 1453 579 άγίοις
1485 507 1822 568 ἀποστόλοις.
1860 507 1955 555 Δε-

355 617 581 687 ὂὼρηται
612 612 728 683 γὰρ
760 610 968 672 αὐτοῖς
994 604 1246 672 ἐξουσίαν
1275 605 1303 656 6
1334 599 1566 673 Χριστὸς
1606 597 1749 652 κατὰ
1789 612 1959 650 πνευ-

363 710 536 779 μάτων
557 701 933 773 ἀκαθάρτων,
953 698 1102 752 ὥστε
1128 693 1410 749 ἐκϐάλλειν
1431 690 1572 745 αὐτά
1586 705 1600 720 ·
1624 687 1958 779 προστέταχε

361 777 414 853 61‘
449 793 804 868 θεραπεύειν,
846 790 959 845 καὶ
1002 790 1186 842 πᾶσαν
1211 784 1401 850 νόσον,
1435 782 1532 835 καὶ
1572 783 1754 835 πᾶσαν
1788 777 1961 848 μαλα-

368 892 483 944 κίαν
511 890 566 940 ἐν
594 885 676 956 τῷ
703 882 853 954 λαῷ.
892 879 1130 935 Οἴκοθεν
1154 872 1251 931 οὖν
1279 875 1389 946 ἄρα
1414 873 1509 927 καὶ
1541 871 1669 942 παρ’
1702 869 1869 923 αὐτοῦ
1896 868 1960 921 τὸ

370 980 583 1050 Πνεῦμα
613 975 813 1031 αὐτοῦ.
847 973 976 1027 Καὶ
1003 970 1195 1024 τούτου
1232 964 1409 1036 σαφὴς
1433 962 1706 1029 ἀπόδειξις
1752 960 1838 1029 είη
1868 960 1957 1021 ἂν,

378 1075 432 1127 τδ
458 1070 546 1124 καὶ
568 1067 784 1137 ἐτέροις
837 1061 1116 1118 δύνασθαι
1148 1058 1406 1129 χορηγεῖν
1440 1053 1592 1116 αὐτὸ,
1629 1052 1725 1105 καὶ
1760 1051 1863 1103 οὐκ
1894 1051 1961 1103 ἐκ

388 1166 589 1236 μέτρου,
616 1158 767 1212 καθά
806 1171 992 1226 φησιν
1025 1154 1055 1205 6
1091 1148 1361 1221 μακάριος
1403 1142 1828 1236 εὐαγγελιστήςσ
1866 1141 1962 1192 ἐπ-

388 1230 636 1326 εμέτρησε
671 1249 775 1319 μὲν
809 1247 931 1316 γάρ
960 1246 1074 1305 τοῖς
1088 1236 1379 1326 ἁγίοιςτὴν
1410 1232 1617 1326 διάτοῦ
1644 1230 1961 1326 ιίνεύματος

392 1320 534 1414 χάριν
608 1337 718 1391 τῶν
741 1337 890 1389 ὅλων
917 1332 1057 1395 Θεός
1079 1349 1093 1362 ’
1124 1329 1219 1383 καὶ
1247 1320 1292 1395 ᾧ
1332 1327 1429 1396 μὲν
1465 1324 1645 1414 ἔδωκεν
1678 1322 1834 1414 λόγον
1873 1337 1962 1374 σου

397 1413 536 1504 φίας
576 1430 718 1500 ἄλλῳ
760 1429 820 1481 δὲ
870 1427 1039 1495 λόγον
1076 1419 1364 1489 γνώσεως·
1402 1416 1576 1485 ἑτέρῳ
1607 1413 1664 1466 δέ
1715 1413 1961 1504 χάρισμα

402 1501 628 1595 ίαμάτων
651 1538 667 1552 ⁸
690 1520 789 1573 καὶ
813 1514 1004 1577 τοῦτο,
1033 1509 1209 1583 οἶμαι,
1233 1510 1348 1562 ἐστι
1373 1506 1533 1571 τὺ,‹ἷ›ς
1565 1507 1629 1557 ἐκ
1656 1504 1854 1574 μέτρου
1871 1501 1962 1595 διὶ-

402 1592 579 1670 νασθαι
596 1614 720 1674 τοὺς
742 1610 976 1680 ἔχοντας
1003 1604 1305 1675 ἐνέργειαν.
1323 1599 1380 1651 ’0
1403 1597 1460 1650 δέ
1486 1613 1549 1665 γε
1573 1595 1775 1665 Κύριος
1804 1592 1960 1665 ἡμῶν

2062 412 2291 465 dicimus
2335 410 2434 478 ipsi
2486 411 2664 463 datam
2707 408 2944 479 Spiritus
2983 410 3323 466 ellicientiam
3373 416 3626 471 similit-w

2062 514 2127 554 ac
2158 499 2313 553 nobis
2364 498 2513 565 ipsis,
2567 507 2660 552 aut
2702 498 2862 552 etiam
2912 501 3116 555 sanctis
3150 502 3429 570 apostolis.
3468 504 3626 561 Dedit

2061 583 2205 636 enim
2235 582 2344 638 illis
2372 583 2623 639 Christus
2648 593 2968 654 potestatem
2989 588 3247 644 adversus
3283 592 3506 659 spiritus
3533 594 3624 647 iw-

2065 675 2293 729 muudos
2341 684 2400 728 ut
2443 689 2538 730 eos
2564 673 2825 743 ejicerent
2855 694 2869 729 :
2898 677 3059 746 jussit
3088 680 3253 735 etiam
3285 692 3344 737 ut
3369 698 3628 742 curarent.

2065 781 2280 822 omnem
2323 766 2688 822 inﬁrmitatem
2720 778 2776 822 et
2796 783 3010 823 omnem
3071 770 3382 842 languorem
3432 777 3485 831 in
3532 794 3628 848 po-

2064 861 2191 932 pqu
2217 861 2285 915 ".
2318 860 2649 917 lntriusecns
2678 863 2843 932 igitur
2888 872 2943 918 et
2994 862 3063 918 ab
3114 865 3231 934 ipso
3268 877 3352 923 est
3392 866 3631 938 Spiritus

2064 952 2180 1022 ejus
2208 972 2221 1007 :
2255 953 2409 1022 cujus
2441 954 2515 1007 rei
2547 954 2900 1024 perspicuum
2944 966 3028 1010 est
3057 969 3456 1027 argumentum,
3483 966 3627 1029 quod

2065 1044 2228 1099 etiam
2258 1044 2379 1099 aliis
2422 1044 2567 1098 illum
2593 1046 2833 1100 tribuere
2865 1055 3061 1115 potest,
3115 1058 3171 1102 et
3212 1064 3317 1104 non
3357 1066 3424 1105 ex
3474 1068 3631 1109 men-

2064 1150 2214 1201 sura,
2253 1145 2312 1190 ut
2355 1136 2432 1190 ait
2477 1137 2667 1191 beatus
2724 1139 3051 1210 evangelista
3077 1141 3163 1206 ”;
3222 1157 3343 1198 nam
3381 1142 3471 1199 ille
3516 1160 3634 1200 om—

2069 1226 2217 1280 nium
2239 1227 2379 1283 Deus
2401 1229 2466 1283 ad
2482 1243 2785 1283 mensuram
2809 1231 3024 1298 quidem
3055 1233 3239 1288 tribuit
3265 1236 3469 1293 sanctis
3494 1238 3630 1295 viris

2071 1311 2507 1387 Spiritus‘sancti
2531 1320 2784 1388 gratiam,
2812 1331 2866 1375 et
2888 1321 2978 1375 alii
3014 1322 3230 1392 quidem
3252 1326 3398 1382 dedit
3417 1342 3629 1384 sermo-

2069 1422 2189 1463 nem
2205 1408 2496 1477 sapientiae,
2519 1408 2608 1461 alii
2626 1423 2927 1464 sermonem
2942 1410 3200 1477 scientiae,
3219 1412 3373 1468 alteri
3394 1416 3627 1484 gratiam

2067 1497 2407 1552 curationum
2435 1498 2483 1530 “
2531 1514 2545 1549 :
2586 1496 2751 1567 idque
2778 1508 2880 1564 est,
2937 1509 2996 1554 ut
3052 1502 3263 1570 opinor,
3316 1506 3460 1572 quod
3513 1514 3634 1560 tan~

2068 1604 2227 1657 quam
2254 1604 2323 1644 ex
2339 1603 2590 1644 mensura
2611 1600 2843 1665 possunt
2866 1591 2900 1645 ii
2927 1592 3020 1660 qui
3047 1592 3246 1647 habent
3265 1593 3632 1653 efﬁcientiam.

420 1705 611 1776 Ἰησοῦς
646 1679 913 1774 χριάτδς,
971 1696 1033 1760 ἐξ
1085 1693 1216 1746 ἰδίου
1252 1686 1620 1760 πληρώματος
1656 1685 1864 1776 προῐεις
1904 1684 1966 1737 τὸ

2077 1679 2178 1751 99
2205 1680 2271 1735 At
2298 1694 2429 1736 vero
2462 1680 2722 1736 Dominus
2752 1691 2935 1737 uoster
2962 1683 3119 1738 .lesus
3148 1684 3402 1742 Christus
3423 1701 3487 1741 ex
3535 1702 3634 1744 sua

416 1773 638 1866 Πνεῦμα,
660 1773 803 1846 καθὰ
835 1789 935 1842 καὶ
957 1784 1122 1847 αὐτὸς
1152 1783 1180 1835 6
1213 1779 1426 1849 Πατὴρ,
1451 1778 1550 1847 οὐχ
1580 1775 1655 1839 ὡς
1676 1777 1741 1828 ἐκ
1769 1773 1967 1866 μέτρου

421 1859 613 1941 δίδωσιν
640 1885 767 1938 αὐτὸ
800 1883 917 1942 τοῖς
966 1876 1141 1942 ἀξίοις
1188 1873 1349 1926 ἐλείν.
1389 1869 1636 1923 Ἀνθότου
1668 1867 1732 1939 δὴ
1768 1864 1884 1928 οὖν,
1924 1859 1969 1920 ὦ

433 1979 671 2050 βὲλτιστε,
696 1976 786 2029 τον
816 1974 917 2027 οὐκ
950 1974 1014 2024 ἐκ
1048 1970 1250 2040 μέτρου
1280 1963 1491 2018 διδόντα
1510 1962 1569 2015 τὸ
1603 1959 1826 2030 Πνεῦμα
1857 1960 1970 2022 τοῖς

452 2072 813 2143 μεμετρημένον
840 2068 1057 2138 ἔχουσιν
1090 2062 1224 2118 αὐτὸ
1258 2062 1429 2121 ποιεῖς
1460 2054 1774 2125 ἐναρίθμιον
1799 2067 1972 2143 ;συγ‹-

460 2141 777 2227 summa
797 2157 968 2223 λέγων
1000 2152 1155 2222 παρὰ
1190 2148 1282 2203 τοῦ
1322 2145 1642 2215 Πνεύματος
1671 2143 1769 2213 τὴν
1812 2141 1973 2208 δόξαν

466 2248 735 2310 αὑτοῦ,καὶ
755 2243 1066 2317 ἐνηργῆσθαι
1091 2240 1313 2313 μᾶλλον,
1327 2238 1401 2301 ὡς
1418 2237 1515 2290 ἐνα
1536 2234 1643 2288 τῶν
1665 2233 1783 2288 καθ’
1804 2233 1969 2303 ἡμᾶς,

461 2342 523 2393 ἐν
549 2339 752 2409 χάριτος
784 2336 928 2400 τάξει
962 2333 1194 2389 λαϐόντα
1232 2331 1333 2400 τὴν
1372 2326 1501 2397 παρ’
1533 2323 1698 2379 αὑτοῦ
1739 2321 1973 2393 συγκρόο

452 2447 628 2501 τησιν,
665 2431 814 2499 ἤγουν
852 2427 1122 2497 ἐνεργῆσαι
1165 2420 1365 2494 μᾶλλον
1392 2418 1467 2481 ὡς
1518 2417 1583 2470 δι’
1620 2415 1753 2468 ἰδίου
1801 2410 1976 2468 Πνεύ-

447 2536 613 2590 ματος
638 2518 736 2582 τάς
759 2515 1065 2587 θεοσημῐας.
1105 2513 1351 2568 Ἰουδαῖοι
1388 2509 1486 2579 μὲν
1527 2506 1637 2576 γάρ
1671 2507 1719 2560 οἱ
1744 2503 1975 2559 πάντολ-

444 2626 547 2682 per,
581 2608 772 2680 πικράν
803 2608 895 2661 ἐπ’
928 2605 1071 2677 αὐτῷ
1114 2604 1515 2676 καταθήγοντες
1546 2600 1813 2667 γλῶτταν,
1854 2598 1979 2651 άνοο

441 2700 562 2764 σίως
591 2699 813 2769 ἔφασκον
832 2715 846 2727 ·
883 2717 901 2749 ι
928 2693 1094 2760 Οὗτος
1124 2696 1226 2749 οὐκ
1252 2692 1505 2748 ἐκϐάλλει
1527 2691 1598 2745 τά
1622 2690 1897 2761 δαιμόνια,
1926 2688 1977 2741 ει

439 2790 509 2858 μὴ
530 2790 585 2841 ἐν
605 2788 679 2859 τῷ
713 2786 1037 2852 Βεελζεόοἰιλ
1064 2786 1286 2858 ἄρχοντι
1319 2783 1426 2836 τῶν
1456 2780 1772 2851 δαιμονίων·
1809 2798 1827 2829 ι
1862 2780 1891 2831 6
1922 2777 1979 2831 δέ

434 2897 495 2948 γε
518 2879 707 2949 Κύριος
725 2878 882 2949 ἡμῶν
914 2876 1124 2950 Ἰησοῦς
1152 2879 1181 2930 6
1204 2874 1461 2946 Χριστὸς,
1493 2869 1889 2943 ἀμαθαίνοντας
1916 2868 1977 2921 οὐ

437 2972 655 3043 μικρῶς,
693 2969 886 3041 μᾶλλον
916 2969 975 3022 δέ
1015 2968 1111 3022 καὶ
1151 2965 1542 3029 δυσπσοῦντας
1582 2963 1838 3033 ἐλέγχων.
1872 2979 1891 3012 ι
1916 2960 1979 3016 El

2070 1773 2400 1842 plenitudine
2418 1771 2751 1842 proluudens
2769 1773 3053 1842 Spiritum,
3070 1784 3128 1829 ut
3154 1775 3319 1830 etiam
3351 1776 3426 1847 (l)
3450 1775 3633 1844 Pater,

2069 1879 2176 1918 non
2206 1863 2351 1919 illum
2386 1867 2478 1919 dat
2525 1873 2776 1935 tanquam
2837 1880 2901 1919 ex
2944 1881 3195 1921 mensura
3244 1866 3311 1923 iis
3347 1870 3437 1938 qui
3487 1871 3635 1940 digni

2069 1963 2195 2007 sunt
2223 1953 2488 2021 accipere.
2516 1953 2757 2021 Quanam
2788 1956 2952 2025 igitur
2977 1959 3043 2012 de
3072 1972 3257 2023 causa,
3280 1958 3366 2013 vir
3394 1963 3635 2033 egregie,

2069 2058 2190 2096 eum
2217 2044 2447 2113 qui-non
2478 2058 2543 2097 ex
2593 2060 2846 2100 mensura
2892 2046 2985 2103 dat
3029 2046 3313 2116 Spiritum,
3366 2049 3636 2105 ineorum

2073 2148 2352 2188 numerum
2388 2134 2560 2190 refers
2589 2135 2679 2205 qui
2715 2135 3019 2192 dimensum
3056 2137 3206 2193 illum
3234 2139 3477 2208 habent,
3508 2140 3635 2196 dum

2073 2235 2439 2296 conparatam
2480 2242 2511 2282 ιι
2549 2227 2757 2298 Spiritu
2789 2229 2905 2299 ejus
2931 2228 3158 2300 gloriam
3194 2231 3352 2299 dicis,
3400 2241 3457 2288 et
3491 2232 3637 2287 illius

2072 2316 2372 2373 eﬂicientize
2423 2318 2723 2390 subjectum
2746 2320 2943 2389 potius,
2978 2331 3036 2375 ut
3062 2337 3228 2376 unum
3275 2336 3306 2377 e
3329 2324 3482 2378 nobis
3510 2339 3641 2393 gra.

2077 2407 2166 2462 tim
2194 2407 2312 2462 loco
2333 2408 2449 2477 ejus
2494 2408 2928 2476 c‘ooperationem
2967 2411 3242 2480 accepisse
3267 2451 3282 2478 ,
3322 2427 3482 2483 quam
3512 2428 3639 2483 pro-

2074 2497 2194 2565 prio
2225 2496 2426 2565 Spiritu
2459 2496 2635 2553 divina
2672 2497 2826 2567 signa
2863 2497 3145 2555 eﬂ'ecisse?
3178 2499 3346 2557 Judai
3377 2517 3635 2574 namque,

2075 2587 2140 2640 al
2168 2587 2350 2643 omnia
2385 2586 2734 2642 audacissimi
2768 2602 2891 2643 cum
2920 2599 3241 2646 venenatam
3269 2590 3506 2664 linguam
3539 2595 3638 2648 ad~

2077 2692 2268 2733 versus
2301 2677 2449 2733 illum
2465 2688 2818 2745 exacuet-ent,
2847 2679 3012 2751 impie
3032 2681 3317 2741 dicebant:
3347 2702 3368 2737 ι
3404 2682 3500 2741 Hic
3535 2700 3639 2741 non

2078 2769 2228 2838 ejicit
2284 2769 2548 2826 daemonia
2590 2770 2691 2825 nisi
2716 2773 2768 2825 in
2804 2770 3127 2840 Beelzebub,
3157 2774 3401 2845 principe
3444 2776 3641 2830 daemo-

2080 2859 2294 2915 niorum
2326 2859 2392 2915 ⁸⁸.
2435 2879 2454 2913 ι
2488 2861 2751 2919 Dominus
2789 2878 2920 2918 vero
2969 2873 3154 2919 uoster
3198 2863 3353 2921 Jesus
3394 2865 3642 2923 Christus

2080 2949 2201 3004 illos
2232 2965 2337 3005 non
2366 2950 2576 3006 modica
2611 2952 2848 3015 inscitia,
2882 2954 2990 3009 imo
3017 2968 3147 3009 vero
3171 2957 3336 3010 etiam
3363 2957 3641 3026 impietate

583 3027 757 3134 φησίν,
789 3064 849 3116 ἐν
898 3059 1230 3124 Βεελςεσουλ
1266 3056 1489 3129 ἄρχοντι
1524 3027 1643 3108 ⁷τῶν
1685 3027 1973 3124 δαιμονίων

2081 3041 2327 3097 laborare
2359 3058 2659 3111 coarguens
2686 3062 2700 3101 :
2736 3062 2754 3095 ι
2795 3043 2852 3099 Si
2880 3059 3001 3116 ego,
3036 3046 3230 3114 inquit,
3262 3045 3314 3101 in
3338 3045 3644 3106 Beelzebub

433 3154 660 3210 ἐκϐάλλω
697 3154 768 3208 τά
810 3152 1089 3224 δαιμόνια,
1132 3152 1181 3205 oi
1213 3150 1318 3203 υἱοὶ
1363 3146 1519 3219 ὑμῶν
1566 3148 1624 3200 ἐν
1663 3145 1769 3198 τίνι
1815 3142 1977 3200 ἐκσα-

428 3245 598 3312 λοῦσι;
626 3265 645 3299 ι
668 3243 1060 3315 Τεθαύμασται
1085 3240 1194 3312 γάρ
1214 3242 1243 3293 6
1264 3237 1515 3310 λαμπρὸς
1544 3238 1638 3291 καὶ
1672 3235 1843 3307 μέγας
1868 3233 1978 3287 τῶν

426 3337 583 3403 ἁγίων
607 3334 924 3390 ἀποστόλων
968 3332 1152 3405 χορὸς,
1183 3332 1241 3384 ἐν
1267 3330 1494 3399 ὀνόματι
1534 3326 1708 3398 Ἰησοῦ
1740 3322 1977 3394 Χριστοῦ

426 3426 509 3479 τοῦ
527 3425 854 3498 Ναζωραίου
882 3423 1102 3493 πληρῶν
1127 3421 1196 3479 τὰ
1246 3417 1523 3491 παράδοξα
1540 3433 1553 3448 ·
1595 3417 1691 3472 καὶ
1722 3414 1851 3483 γοῦν
1879 3414 1980 3467 ὐπ-

427 3517 672 3586 έστρεςρον
695 3515 985 3586 χαίροντές
1010 3509 1069 3566 τε
1100 3514 1193 3566 καὶ
1216 3511 1467 3580 λέγοντες
1486 3527 1500 3540 ο
1525 3526 1544 3559 ι
1567 3506 1762 3578 Κύριε,
1792 3506 1885 3559 καὶ
1910 3505 1978 3560 τὰ

426 3606 665 3676 δαιμόνια
708 3607 843 3676 ἡμῖν
883 3604 1250 3658 ὑποτάσσεται
1288 3601 1381 3655 ἐπὶ
1416 3598 1495 3671 τῷ
1536 3596 1759 3670 ὀνόματί
1805 3614 1920 3651 σου.
1954 3616 1973 3649 ι

438 3696 562 3749 Ἀλλ’
586 3696 750 3767 εἴπερ
776 3695 923 3749 ἐστὶν
950 3695 1171 3763 ἐφικτὸν
1195 3694 1253 3746 ἐν
1279 3690 1504 3762 ὀνόματί
1529 3705 1673 3752 τινος
1695 3688 1804 3743 τῶν
1830 3690 1980 3760 ἐνερ-

428 3790 715 3861 γουμένων,
754 3788 853 3842 καὶ
893 3786 1120 3855 ἐτέρους
1159 3783 1421 3839 δύνασθαι
1464 3781 1532 3836 τά
1582 3782 1674 3835 ἴσα
1713 3780 1976 3852 πληροῦν,

430 3882 626 3951 ἡκέτω·
655 3876 913 3950 φραζέτω
955 3875 1043 3929 διὰ
1070 3873 1226 3927 ποίαν
1256 3870 1434 3924 αἰτίαν
1466 3869 1640 3932 οὐδεὶς
1671 3870 1728 3921 ἐν
1755 3867 1977 3937 ὀνόματι

434 3974 529 4026 τῶν
548 3974 712 4041 ἁγίων
745 3970 909 4032 τινὸς,
940 3968 975 4039 ἢ
1006 3965 1337 4036 ἀκαθάρτοις
1357 3960 1628 4031 πνεύμασι
1649 3959 1978 4029 ἐπιτιμήσας

434 4057 775 4129 θαυμάζεται,
812 4057 984 4128 ἤγουν
1012 4053 1199 4123 ἕτερόν
1228 4070 1282 4105 τι
1307 4050 1415 4104 τῶν
1457 4048 1599 4120 πέρα
1639 4047 1797 4115 λόγου
1826 4061 1978 4100 τετε-

426 4149 601 4213 λεκώς.
638 4150 779 4203 Ἀλλ’
812 4150 861 4201 οἱ
911 4147 1011 4218 μὲν
1047 4146 1373 4216 ἐνήργηνται
1405 4138 1558 4210 παρὰ
1604 4138 1696 4191 τοῦ
1728 4134 1981 4207 Πνεύμα-

421 4257 519 4304 τος,
550 4243 648 4294 καὶ
683 4237 1106 4310 μεμετρημένην
1149 4236 1335 4304 ἔχουσι
1365 4229 1555 4302 χάριν’
1578 4229 1606 4281 6
1629 4226 1706 4289 δὲ,
1732 4226 1807 4290 ὡς
1847 4224 1980 4291 Θεὸς

2079 3132 2239 3205 ejicio
2269 3134 2554 3203 daemonia,
2592 3135 2685 3191 lilii
2733 3136 2897 3191 vestri
2940 3136 2994 3191 in
3051 3150 3157 3205 quo
3209 3136 3433 3206 ejiciuut
3475 3138 3575 3194 ⁸⁸2
3614 3157 3634 3190 ι

2080 3221 2208 3277 Erat
2247 3223 2391 3277 enim
2440 3223 2494 3278 in
2543 3224 2900 3280 admiratione
2946 3224 3125 3281 clarus
3172 3224 3261 3282 ille
3310 3234 3360 3281 et
3413 3243 3641 3299 tnagnus

2079 3323 2387 3369 sanctorum
2436 3314 2803 3383 apostolorum
2856 3316 3077 3384 chorus,
3126 3332 3248 3373 cum
3309 3318 3363 3374 in
3425 3319 3645 3375 nomine

2081 3404 2209 3461 Jesu
2241 3405 2444 3461 Christi
2478 3404 2741 3461 Nazareni
2771 3406 2956 3461 ederet
3003 3408 3262 3463 miracula
3296 3426 3309 3463 :
3345 3410 3526 3483 itaque
3560 3427 3645 3464 re.

2082 3497 2433 3551 vertebantur
2461 3497 2761 3566 gaudentes
2809 3512 2871 3551 ac
2902 3496 3188 3552 dicentes:
3227 3515 3247 3551 ι
3293 3494 3538 3562 Domine,
3593 3499 3645 3552 in

2080 3587 2296 3640 nomine
2327 3596 2416 3640 tuo
2450 3588 2613 3641 etiam
2645 3586 2907 3643 daemonia
2939 3588 3306 3659 subjiciuntur
3339 3590 3495 3645 nobis
3522 3590 3587 3642 ⁸⁷.
3622 3609 3638 3639 ι

2091 3675 2197 3731 Sed
2234 3677 2277 3730 si
2312 3677 2426 3731 lieri
2460 3686 2637 3746 potest
2665 3687 2721 3731 ut
2759 3678 2810 3731 in
2841 3678 3057 3731 nomine
3085 3677 3317 3747 alicujus
3341 3694 3531 3733 eorum
3556 3682 3645 3747 qui

2079 3769 2142 3820 ad
2155 3766 2491 3822 cﬂicieutlum
2510 3768 2577 3821 ab
2595 3766 2699 3822 alio
2714 3777 3015 3833 moventur,
3030 3769 3193 3824 etiam
3210 3769 3298 3824 alii
3319 3770 3515 3825 similia
3533 3785 3649 3840 pos.

2078 3858 2185 3910 sint
2212 3858 2440 3920 etlicere,
2462 3858 2681 3925 prodeat
2708 3872 2774 3912 ac
2799 3858 2963 3923 dicat,
2986 3874 3145 3928 quam
3164 3859 3232 3913 ob
3253 3874 3468 3915 causam
3492 3876 3650 3915 lletltu

2079 3948 2378 4001 celebretur
2401 3947 2541 4015 quod
2562 3948 2612 4001 in
2629 3948 2767 4001 illius
2782 3949 2950 4003 sancti
2971 3949 3069 4003 viri
3091 3949 3305 4003 nomine
3326 3949 3407 4003 vel
3426 3950 3650 4018 Spiritus

2079 4038 2319 4108 impuros
2342 4038 2649 4107 increparit,
2675 4037 2753 4091 vel
2777 4038 2919 4093 aliud
2937 4039 3207 4111 quidpiam
3235 4041 3377 4109 quod
3394 4054 3553 4111 supra
3573 4057 3652 4095 rn-

2081 4133 2277 4186 tionem
2310 4132 2399 4197 sit,
2440 4130 2741 4201 perlecerit.
2785 4132 2888 4188 Sed
2942 4132 3014 4186 illi
3056 4132 3273 4202 quidem
3304 4148 3333 4186 a
3358 4130 3558 4202 Spiritu
3588 4135 3653 4187 ad

2080 4239 2215 4295 opus
2234 4223 2570 4279 eiﬁcieudum
2629 4223 2992 4293 impelluntur,
3037 4225 3091 4278 e't
3116 4223 3415 4280 dimensam
3458 4224 3655 4279 habent

420 4331 643 4401 ἐνεργεῖ,
689 4328 783 4380 καὶ
816 4326 889 4389 ὼς
916 4325 982 4378 δι’
1018 4323 1147 4379 ίδίου
1179 4320 1498 4389 ῐῘνεύμοιτος
1522 4315 1759 4389 ἀμογητῖ¹
1786 4330 1973 4410 κατορ-

2084 4316 2340 4387 gratiam;
2365 4317 2453 4371 hic
2478 4330 2605 4370 vero
2634 4325 2690 4369 ut
2718 4316 2857 4370 Deus
2888 4325 3160 4385 operatur,
3186 4324 3240 4372 et
3277 4325 3527 4387 tauquam
3562 4332 3655 4385 per

420 4419 494 4473 θιί
521 4420 591 4473 τὰ
614 4420 682 4472 δι’
707 4412 783 4472 ὧν
808 4416 1165 4488 θαυμάζεται.
1200 4414 1309 4468 Καὶ
1344 4410 1473 4480 γοῦν
1502 4412 1536 4482 ή
1564 4411 1662 4481 τὴν
1688 4407 1778 4462 τοῦ
1809 4405 1977 4476 αἵμα-

418 4526 498 4573 τος
549 4510 710 4581 ῥύσιν
762 4508 1165 4578 άρῤωστήσασα
1227 4504 1364 4572 γυνὴ
1428 4498 1803 4572 προσελθοῦσά
1851 4510 1982 4550 ποτε

417 4600 715 4673 λεληθότως
741 4599 849 4653 ἀπὸ
867 4597 1089 4650 ὄπισθεν
1109 4596 1296 4661 αὑτοῦ,
1336 4593 1646 4664 γέγραπται
1671 4591 1785 4652 ὡδὶ,
1806 4588 1983 4660 ἥψατο

417 4695 503 4748 τοῦ
547 4693 858 4765 κρασπέδου
906 4689 1000 4743 τοῦ
1056 4689 1270 4760 ἱματίου
1297 4686 1486 4747 αὑτοῦ,
1514 4684 1609 4737 καὶ
1640 4681 1985 4753 παραχρῆμα

415 4788 543 4859 ἐστη
576 4788 610 4857 ἡ
656 4783 815 4857 ῥύσις
853 4782 948 4835 τοῦ
989 4781 1220 4852 αἵματος
1252 4778 1445 4848 αὐτῆς.
1494 4779 1560 4829 Ὃ
1606 4775 1672 4845 δὴ
1722 4775 1815 4826 καὶ
1863 4789 1986 4827 συν-

419 4883 516 4945 ιεὶς
565 4884 596 4935 6
636 4878 874 4952 Χριστὸς
900 4918 915 4937 .
961 4897 979 4929 ι
1017 4875 1113 4939 Τίς
1154 4878 1184 4929 6
1233 4871 1513 4944 ἁψάμενός
1550 4887 1690 4941 μους
1728 4889 1746 4920 ι
1799 4868 1983 4940 φησίν.

429 4970 645 5041 Ἐπειδὴ
670 4969 808 5041 πρὸς
836 4968 993 5022 τοῦτο
1028 4968 1267 5036 ἔφασκον
1314 4965 1360 5017 οί
1397 4962 1680 5016 θεσπέσιοι
1713 4960 1982 5030 μαθηταί’

423 5081 440 5113 ι
473 5061 793 5121 Ἐπιστάτα,
824 5058 1064 5130 βλέπεις,
1092 5057 1141 5110 οἱ
1167 5055 1314 5125 ὄχλοι
1336 5052 1620 5123 συνέχουσί
1643 5069 1702 5104 σε
1734 5051 1828 5104 καὶ
1849 5051 1987 5103 ἀπο-

420 5152 653 5205 θλίὸουσι
671 5167 685 5180 '
712 5171 730 5202 ι
760 5149 923 5203 πάλιν
945 5148 1183 5216 ἔφασκεν
1208 5145 1367 5209 αὐτός
1388 5161 1401 5174 ο
1432 5164 1449 5196 ι
1476 5142 1693 5212 ’Ἥψατό
1718 5140 1819 5212 μού
1871 5155 1953 5200 τις
1972 5153 1983 5165 ·

420 5244 527 5312 ἐγὼ
545 5244 656 5315 γὰρ
687 5243 857 5310 ἔγνων
883 5238 1114 5309 δύναμιν
1147 5236 1466 5303 ἐξελθοῦσαν
1502 5235 1597 5287 ἀπ’
1625 5233 1781 5303 ἐμοῦ.
1815 5250 1832 5283 ι
1867 5232 1989 5284 Συν-

2087 4408 2359 4477 proprium
2376 4407 2635 4479 Spiritum
2660 4408 2775 4463 sine
2796 4408 2978 4463 labore
3008 4406 3264 4463 miracula
3295 4407 3522 4477 perﬁcit.
3551 4410 3655 4462 Dc-

2089 4501 2249 4571 uique
2272 4499 2359 4557 illa
2380 4499 2572 4554 mulier
2597 4515 2714 4570 quat:
2735 4499 3012 4566 sanguinis
3037 4497 3181 4566 ﬂuxu
3207 4499 3506 4568 laborabat,
3534 4514 3656 4554 cum

2091 4592 2406 4647 accessisset
2432 4592 2569 4647 clam
2598 4607 2628 4645 a
2654 4602 2824 4661 tergo,
2851 4581 2991 4646 sicut
3017 4591 3275 4660 scriptum
3296 4591 3455 4654 est",
3483 4592 3658 4663 tetigit

2093 4683 2358 4738 ﬁmbriam
2388 4682 2687 4736 vestimenti
2718 4681 2833 4751 ejus
2866 4697 2879 4733 :
2908 4691 2961 4735 et
2993 4682 3251 4735 continuo
3284 4680 3433 4735 stetit
3480 4679 3659 4735 fluxus

2093 4772 2369 4842 sanguinis
2411 4771 2546 4840 ejus.
2575 4774 2692 4841 Quo
2734 4774 2950 4842 cognito
2990 4772 3239 4827 Christus
3271 4787 3285 4823 :
3337 4789 3355 4822 ι
3383 4768 3513 4839 Quis
3551 4785 3657 4840 tite,

2098 4864 2305 4933 inquit,
2355 4864 2575 4934 tetigit?
2624 4882 2642 4914 ι
2689 4877 2920 4934 eumque
2967 4863 3034 4917 ad
3082 4862 3133 4916 id
3190 4862 3434 4917 dicerent
3483 4864 3659 4917 sancti

2093 4956 2318 5024 apostoli
2349 4972 2360 5007 :
2399 4974 2416 5005 ι
2446 4955 2768 5024 Praeceptor,
2803 4955 2972 5016 vides,
3005 4954 3174 5007 turba:
3208 4963 3260 5007 te
3289 4951 3657 5020 comprimunt

2092 5060 2144 5098 et
2177 5046 2460 5115 alﬂiguut;
2498 5066 2517 5100 ι
2555 5062 2767 5102 rursum
2810 5046 2923 5113 ipse
2949 5043 3127 5098 dixit:
3166 5060 3184 5094 ι
3220 5042 3421 5112 Tetigit
3454 5059 3540 5099 me
3563 5044 3660 5096 ali.

2094 5139 2238 5205 quis,
2264 5153 2365 5205 ego
2394 5138 2536 5192 enim
2571 5136 2691 5192 novi
2724 5136 2977 5189 virtutem
3012 5149 3041 5187 a
3095 5149 3180 5189 me
3222 5134 3374 5191 exire
3412 5135 3476 5187 ".
3529 5152 3549 5186 ι
3587 5134 3661 5186 lu.

2098 5230 2297 5298 telligis
2334 5244 2463 5298 ergo
2510 5227 2965 5298 quemadmodum
3014 5239 3118 5280 non
3161 5227 3267 5281 vim
3317 5228 3655 5287 extrinsecus

488 5404 532 5435 "
572 5402 760 5458 Matth.
795 5417 850 5464 τ,
882 5398 937 5460 8,
973 5398 1037 5464 9;
1063 5396 1193 5451 Luc.
1225 5411 1302 5455 ιι.
1346 5395 1397 5449 1.
1462 5394 1518 5464 ,⁸³
1555 5389 1958 5464 Joan.ttt,_§i._

2100 5387 2117 5440 ί
2157 5386 2279 5439 Cor.
2318 5402 2413 5449 xu,
2444 5386 2595 5439 8-10.
2673 5386 2717 5416 ⁵⁵
2744 5384 2925 5441 Matth.
2954 5400 3049 5453 xtl,
3078 5384 3168 5442 21.
3255 5384 3303 5418 ⁸⁸
3328 5384 3463 5443 ibid.
3484 5383 3582 5447 27.

422 5472 464 5503 ’τ
495 5472 626 5529 Luc.
666 5487 720 5537 χ,
748 5456 848 5525 Πί
908 5456 954 5501 δ’
982 5456 1111 5523 Luc.
1142 5481 1259 5531 vut,
1288 5464 1377 5528 45,
1410 5463 1500 5517 44.
1579 5463 1625 5493 δ’
1661 5461 1788 5513 ibid.
1813 5459 1901 5522 45,
1935 5456 2022 5510 46.

2756 5488 2761 5495 ο

493 5626 566 5695 ll)
601 5627 666 5684 Et
695 5626 783 5684 hic
817 5625 969 5683 locus
995 5630 1179 5695 aperte
1209 5619 1448 5678 declarat
1474 5616 1733 5688 Spiritum
1760 5627 1824 5668 ex
1852 5610 1984 5665 Filio
2025 5608 2186 5663 etiam
2224 5603 2537 5678 procedere.
