4002 6192
405 246 510 305 175

1407 248 1464 305 S.
1505 247 1776 304 CYRILLI
1814 244 2276 301 ALEXANDRINI
2315 245 2630 305 AllClllEl‘.

3543 250 3645 306 1ῗῦ

400 363 653 429 ascitum,
683 365 777 418 sed
810 364 1136 420 intrinsecus
1158 372 1214 421 et
1236 379 1302 420 ex
1324 366 1503 435 seipse
1525 364 1716 420 habeat
1749 374 1806 420 ut
1835 378 1953 435 ope-

2071 362 2171 427 ιεὶς
2212 362 2446 435 [συνίης]
2480 359 2573 418 οὖν
2619 364 2768 427 ὅπως
2817 363 2915 417 οὐκ
2966 363 3379 433 είσκεκριμένον
3421 362 3640 428 ἔξωθεν.

405 455 512 508 rari
545 464 598 509 et
624 454 833 508 edicere
866 454 1060 525 possit,
1094 465 1149 511 et
1177 455 1245 511 ab
1276 456 1679 511 inﬁrmitatibus
1709 455 1965 512 liberare.

404 539 606 597 Scribit
632 543 797 595 etiam
823 543 1019 597 alicubi
1055 545 1246 599 beatus
1274 544 1609 614 evangelista
1636 544 1919 600 Mattltaeus
1950 562 1967 599 :

407 648 425 681 ι
473 631 536 685 Ει
563 632 743 687 omnis
779 634 934 686 turba
969 634 1246 702 qua-rebat
1280 649 1402 688 eum
1432 644 1675 702 tangere.
1700 635 1824 704 quia
1861 636 1970 689 vir-

403 734 490 777 tus
536 724 602 777 de
645 723 738 778 illo
778 724 981 788 exibat,
1039 734 1095 778 et
1143 726 1366 778 sanabat
1410 740 1599 779 omnes
1654 725 1719 779 “.
1755 744 1773 777 ι
1812 726 1971 795 ιοο

402 808 588 866 Virtus
620 824 751 882 ergo
779 811 894 879 ejus
940 820 1026 867 est
1070 812 1187 879 ejus
1233 812 1517 883 Spiritus:
1560 814 1721 882 idque
1770 816 1970 867 contir-

402 911 514 956 mal.
542 902 734 957 beatus
764 902 931 956 David
958 917 1079 957 cum
1119 902 1252 957 dicit
1280 921 1294 956 :
1329 922 1348 955 ι
1391 903 1566 958 Verbo
1603 903 1811 958 Domini
1844 903 1967 959 caeli

404 993 601 1047 [innati
647 1002 794 1059 sunt,
827 1002 882 1047 et
916 993 1125 1063 Spiritu
1155 994 1267 1049 oris
1315 993 1431 1061 ejus
1459 994 1637 1049 omnis
1671 994 1841 1048 virtus
1871 1008 1966 1047 eo-

404 1099 522 1137 rum
554 1084 620 1137 “.
671 1102 691 1136 ι
724 1083 801 1139 Ds
835 1093 1016 1139 autem
1050 1083 1145 1139 Dei
1178 1099 1242 1139 ac
1292 1083 1470 1139 Patris
1502 1125 1518 1150 ,
1570 1086 1744 1153 ipsum
1796 1099 1862 1139 ex
1901 1099 1967 1140 eo

403 1174 637 1229 Verbum
689 1173 963 1243 appellat,
1007 1175 1162 1244 cujus
1208 1174 1412 1245 Spiritu
1438 1215 1454 1241 ,
1498 1191 1618 1246 qua:
1654 1191 1750 1246 per
1790 1176 1965 1245 ipsum

400 1265 539 1319 facta
596 1274 763 1329 sunt,
812 1267 1159 1320 cuntinentur
1217 1275 1277 1319 ut
1325 1266 1647 1321 subsistant.
1695 1266 1967 1323 Hactenus

400 1354 563 1424 igitur
585 1354 695 1408 dixi
722 1354 1177 1424 quemadmodum
1206 1356 1427 1423 pietatis
1460 1357 1795 1427 mysterium,
1822 1357 1963 1426 quod

399 1444 501 1515 ipsi
535 1459 749 1514 quoque
797 1444 1136 1499 admirantur
1163 1446 1362 1517 angeli,
1419 1447 1484 1502 ad
1532 1448 1758 1502 nihilum
1799 1449 1967 1503 dedu-

398 1545 508 1603 cat,
545 1546 601 1591 et
648 1535 921 1607 negligens
952 1536 1199 1606 dogmata
1237 1539 1511 1604 veritatis,
1568 1550 1842 1606 extenuet,
1879 1541 1962 1595 di-

400 1642 565 1683 cens:
601 1644 621 1679 ι
649 1627 812 1681 Visne
834 1637 890 1682 et
916 1628 1074 1683 aliam
1104 1630 1171 1682 ad
1206 1630 1320 1701 hac
1340 1631 1656 1698 adjiciamus
1681 1628 1964 1687 Trinitatis

2072 457 2185 510 ἀλλ’
2218 458 2431 511 οἴκοθεν
2457 456 2686 528 ἔχεικαὶ
2712 456 2773 520 ἐξ
2797 456 2960 511 αὑτοῦ
2994 456 3053 509 τὸ
3084 458 3326 527 ἐνεργεῖν
3357 455 3641 519 δύνασθαι.

2070 550 2164 603 καὶ
2201 549 2565 604 ἀπαλλάττειν
2588 550 3063 621 ἀρρωστημάτων.
3091 548 3297 620 Γράφει
3325 547 3382 601 δέ
3419 566 3521 602 που
3552 551 3646 602 καὶ

2068 640 2098 693 ὁ
2153 639 2423 709 μακάριος
2474 639 2868 709 εὐαγγελιστὴς
2912 639 3224 702 Ματθαίος’
3267 658 3285 689 ι
3317 640 3427 692 Καὶ
3467 643 3575 702 πᾶς
3616 644 3645 695 6

2069 730 2223 801 ὖχλος
2243 731 2426 802 ἐζήτει
2452 731 2718 785 ἅπτεσθαι
2742 729 2932 797 αὐτοῦ,
2953 732 3035 784 ὅτι
3063 731 3292 799 δύναμις
3326 734 3455 805 παρ’
3479 732 3645 787 αὐτοῦ

2069 822 2349 893 ἐξήρχετο,
2381 824 2478 877 καὶ
2512 825 2627 878 ίᾶτο
2666 824 2894 887 πάντας.
2925 842 2943 876 ι
2970 823 3211 893 Δύναμις
3245 820 3337 878 οῦν
3370 824 3557 891 αὑτοῦ,
3587 824 3648 876 τὸ

2069 913 2300 985 Πνεῦμα
2345 913 2541 968 αὐτοῦ’
2593 916 2689 969 καὶ
2722 912 3055 967 πιστώσεται
3092 913 3267 982 λέγων
3292 916 3320 967 6
3359 912 3648 978 θεσπέσιος

2069 1004 2233 1058 Δαὸίδ
2251 1020 2266 1034 ·
2305 1024 2323 1057 ι
2361 1004 2452 1076 Τῷ
2478 1004 2622 1076 λόγῳ
2656 1005 2863 1076 Κυρίου
2885 1006 2934 1058 oi
2962 995 3644 1076 οὖρανοῖὲστερεώθησαν,

2071 1094 2169 1147 καὶ
2221 1094 2301 1164 τῷ
2330 1093 2604 1164 ἰΙνεύματι
2628 1094 2723 1148 τοῦ
2753 1095 3020 1166 πόματος
3047 1093 3212 1147 αὑτοῦ
3244 1095 3395 1147 πᾶσα
3428 1095 3456 1165 ἡ
3485 1092 3646 1147 δύνα-

2072 1201 2167 1254 μις
2195 1184 2396 1238 αὐτῶν.
2431 1205 2449 1238 ι
2485 1185 2667 1256 Στόμα
2694 1185 2750 1238 δὲ
2779 1184 2875 1239 τοῦ
2910 1183 3047 1238 Θεοῦ
3082 1185 3177 1238 καὶ
3202 1184 3435 1255 Πατρὸς,
3467 1183 3557 1237 τὸν
3583 1180 3647 1249 ἐξ

2067 1275 2230 1329 αὐτοῦ
2282 1293 2416 1346 φησι
2466 1275 2671 1345 Λόγον,
2709 1268 2772 1329 οῦ
2822 1276 2903 1346 τῷ
2935 1273 3221 1345 Πνεῦματι
3268 1275 3641 1346 διακρατεῖται

2067 1368 2205 1439 πρὸς
2229 1367 2484 1440 ὓπαρξιν,
2514 1369 2583 1424 τὰ
2620 1369 2688 1423 δι’
2727 1370 2892 1424 αὑτοῦ
2929 1370 3209 1439 γεγονότα.
3246 1368 3383 1439 Ἤδη
3422 1370 3519 1438 μὲν
3546 1365 3643 1423 οὖν

2065 1460 2204 1530 ἔφην
2237 1462 2320 1516 ὅτι
2357 1462 2456 1532 τῆς
2478 1461 2761 1525 εὐσεϐείας
2782 1462 2843 1516 τὸ
2872 1463 3187 1533 μυστήριον,
3222 1461 3250 1514 ὃ
3278 1462 3370 1514 καὶ
3393 1461 3524 1531 παρ’
3546 1462 3643 1515 αὐ-

2064 1554 2176 1615 τοῖς
2202 1551 2579 1623 τεθαύμασται
2612 1557 2728 1618 τοῖς
2758 1555 2933 1624 ἀγίοις
2976 1554 3249 1623 ἀγγέλοις,
3280 1554 3642 1624 κατακομίζει

2066 1642 2203 1713 πρὸς
2238 1644 2301 1698 τὸ
2330 1645 2516 1715 μηδὲν,
2548 1645 2647 1699 καὶ
2685 1646 2795 1701 τῶν
2825 1647 2906 1710 εἰς
2942 1645 3200 1715 ἀλήθειαν
3246 1646 3532 1714 δογμάτων
3576 1645 3639 1699 οὗ

397 1719 806 1789 operationem?
845 1719 1177 1775 lnltabitavit
1206 1723 1375 1778 Filius
1415 1725 1467 1778 in
1496 1738 1723 1795 corpore
1761 1738 1776 1778 :
1809 1736 1953 1779 com-

2065 1733 2467 1804 πεφροντικὼς,
2503 1736 2934 1808 κατασμικρύνει
2958 1775 2975 1801 ,
3004 1737 3213 1805 λέγων·
3253 1757 3272 1790 t
3308 1737 3494 1791 Βούλει
3545 1737 3642 1790 καὶ

397 1811 671 1865 mendavit
704 1812 1037 1879 baptizatum
1096 1812 1297 1866 Pater:
1334 1813 1586 1868 formavit
1630 1815 1684 1868 in
1736 1813 1957 1883 Virgine

396 1902 655 1973 Spiritus.
687 1922 706 1956 ι
751 1903 920 1959 Porro
950 1920 1072 1959 cum
1104 1906 1188 1961 his
1217 1922 1337 1975 quae
1362 1923 1390 1961 a
1440 1908 1597 1962 nobis
1617 1908 1758 1963 dicta
1808 1918 1957 1973 sunt,

396 2009 691 2066 congruere
736 1996 1052 2065 veritatem,
1106 1999 1279 2068 neque
1331 1998 1593 2054 adversus
1626 1999 1743 2067 ejus
1794 2001 1955 2054 verba

395 2087 575 2141 [ictam
610 2102 708 2142 nos
738 2092 1107 2160 composuisse
1136 2091 1613 2155 declamationem,
1654 2092 1747 2145 sed
1799 2106 1959 2160 aper-

2062 1824 2228 1894 ἄλλην
2278 1825 2371 1879 ἐπὶ
2411 1826 2625 1891 τούτοις
2674 1830 2857 1893 αὐτοῖς
2906 1829 3005 1898 τῆς
3051 1829 3284 1901 Τριάδος
3325 1830 3638 1898 ἐνέργειαν,

2074 1911 2380 1983 Ἔνῴκησεν
2402 1917 2430 1968 6
2457 1916 2585 1980 Υἱὸς
2607 1919 2663 1970 ὲν
2683 1917 2761 1986 τῷ
2783 1918 2991 1988 σώματι
3008 1936 3022 1947 ·
3051 1918 3377 1991 συνέστησεν
3397 1918 3426 1972 6
3446 1918 3640 1989 Πατὴρ

2061 2002 2457 2076 βαπτιζόμενον
2480 2023 2496 2039 ο
2524 2008 2811 2062 διέπλασεν
2856 2010 2915 2061 ὲν
2945 2009 3209 2081 Παρθένῳ
3228 2010 3288 2063 τὸ
3331 2008 3575 2080 Πνεῦμα.
3611 2027 3633 2063 ι

2059 2094 2183 2148 Ὅτι
2206 2096 2261 2149 δὲ
2287 2100 2402 2162 τοῖς
2433 2099 2568 2169 πρὸς
2595 2099 2752 2170 ἡμῶν
2775 2100 3086 2171 εἰρημένοις
3117 2101 3307 2171 ἕψεται
3328 2102 3391 2172 δὴ
3417 2101 3637 2167 πάντως

397 2184 504 2229 tam
552 2190 841 2247 veramque
901 2181 1331 2250 redargutionem
1369 2220 1383 2246 ,
1441 2183 1557 2252 ipse
1607 2182 1953 2253 perspicuum

2060 2184 2117 2237 τὸ
2141 2185 2361 2255 ἀληθὲς,
2403 2189 2498 2242 καὶ
2523 2190 2584 2242 οῦ
2616 2190 2778 2261 ψιλὴν
2818 2192 3158 2262 κατάρῤυσιν
3189 2192 3304 2264 [ἵσ.
3342 2192 3640 2265 κατάρρη-

395 2265 579 2329 faciet,
608 2282 731 2321 cum
763 2269 887 2324 alibi
921 2272 1001 2325 sic
1035 2272 1181 2327 dicat
1208 2290 1222 2326 :

457 2531 696 2591 le'ros.
740 2532 943 2604 [Atque
983 2537 1382 2606 cuoperationis
1425 2537 1580 2606 hujus
1613 2540 1836 2595 evidens
1866 2550 1951 2596 est

392 2634 766 2694 argumentum
795 2643 809 2678 :
837 2626 1004 2682 Filius
1023 2639 1105 2684 est
1128 2629 1302 2685 factus
1331 2631 1512 2695 homo,
1547 2630 1705 2684 Pater
1729 2632 1780 2685 in
1806 2633 1950 2685 thro-

392 2729 462 2768 no
476 2713 792 2782 collocavit,
820 2717 1053 2789 Spiritus
1081 2720 1250 2790 signis
1284 2719 1634 2792 honestavit.]

1050 2831 1195 2899 CAP,
1228 2818 1291 2889 it.

458 2954 540 3011 An
571 2965 696 3006 vero
732 2944 958 3020 posthac
1005 2949 1242 3015 ambiget
1291 2945 1615 3017 quisquam,
1656 2948 1953 3005 'sententia-

2058 2272 2163 2344 σιν]
2197 2275 2305 2329 τῶν
2321 2278 2485 2331 αὐτοῦ
2505 2279 2851 2350 πεποιήμεθα
2875 2280 3069 2348 λόγων,
3091 2281 3311 2352 ἔλεγχον
3333 2281 3390 2335 δὲ
3430 2282 3636 2352 μᾶλλον

2067 2366 2211 2436 σοιφῆ
2242 2385 2303 2420 τε
2337 2368 2431 2423 καί
2467 2370 2663 2442 ἀληθῆ,
2698 2371 2947 2437 διαδείξει
2986 2372 3041 2426 δὲ
3073 2371 3186 2444 [Ian
3214 2372 3302 2447 δὴ]
3331 2372 3504 2442 λέγων
3537 2374 3636 2428 αὑ·-

2062 2456 2152 2519 τὺς
2171 2459 2229 2511 ὲν
2259 2459 2467 2530 ἑτέροις
2481 2461 2600 2517 ὡδί.

2126 2549 2271 2622 [Καὶ
2298 2553 2401 2624 τῆς
2429 2555 2801 2627 συνεργείαςὴ
2831 2557 3102 2623 ἀπόδειξις
3133 2558 3391 2630 πρόδηλος
3410 2573 3423 2586 ·
3453 2557 3481 2608 ό
3505 2557 3628 2622 Υἱὸς

2059 2644 2505 2717 ὲνηνθρώπησεν·
2566 2649 2593 2701 6
2645 2650 2835 2719 Πατὴρ
2889 2649 3241 2720 ἐνεορόνησεο
3288 2650 3349 2704 τὸ
3401 2649 3627 2719 Πνεῦμα

2063 2734 2308 2806 σημείοις
2332 2738 2640 2811 ἐσέμνυνε]

2660 2852 2909 2904 ΚΕΦΑΛ.
2951 2850 3025 2903 B'.

2132 2934 2258 3012 Ἆρ’
2302 2936 2396 2995 οῦν
2440 2940 2763 2995 ἐνδοιάσειεν
2810 2940 2876 2994 ἂν
2919 2940 3012 2995 καὶ
3049 2941 3191 3012 μετά
3220 2941 3374 2996 τοῦτό
3409 2958 3514 3009 τις,
3545 2942 3631 2998 ὅτι

391 3060 508 3100 rum
538 3042 655 3112 ejus
687 3041 1038 3095 intentionem
1071 3036 1137 3091 ad
1190 3037 1461 3092 inscitiam
1509 3039 1668 3093 simul
1712 3041 1953 3110 impieta-

2061 3031 2168 3086 τῶν
2198 3033 2415 3086 ἐννοιῶν
2443 3036 2471 3087 6
2505 3033 2705 3097 σκοπὸς
2746 3032 2916 3104 αὐτῷ,
2942 3033 3078 3104 πρὸς
3110 3034 3351 3103 ἀμαθίαν
3381 3050 3441 3086 τε
3491 3034 3631 3105 όμοῦ

390 3147 604 3205 temque
632 3140 896 3203 spectare,
933 3139 984 3183 et
1015 3127 1274 3183 adversus
1304 3128 1522 3196 pietatis
1555 3132 1802 3198 dogmata
1829 3147 1951 3186 eum

2060 3123 2152 3178 καὶ
2191 3124 2512 3194 ἀνοσιότητα
2556 3121 2781 3194 βλέπει,
2822 3125 2917 3178 καὶ
2955 3122 3063 3176 τῶν
3090 3122 3194 3194 τῆς
3232 3124 3513 3188 εὐσεϐείας
3540 3125 3625 3178 δο-

390 3228 647 3281 audacter
672 3219 988 3291 insurgere?
1039 3220 1129 3287 qui
1181 3219 1321 3273 sicut
1366 3219 1538 3287 ipsum
1572 3219 1665 3275 Dei
1720 3222 1953 3276 Verbum

389 3329 508 3369 esse
532 3324 746 3367 carnem
770 3308 967 3362 factum
996 3307 1158 3361 stulte
1180 3307 1452 3374 rejicicns,
1477 3319 1757 3378 operatum
1785 3312 1952 3367 fuisse

389 3408 466 3461 ait
496 3404 637 3459 illam
671 3398 1117 3455 inhabitationem
1142 3400 1193 3452 in
1233 3400 1481 3465 homine;
1528 3401 1599 3455 ita
1635 3418 1823 3458 rursus
1858 3420 1950 3459 ac-

388 3497 519 3566 cipit
551 3492 691 3564 quod
733 3490 891 3567 hoino
915 3489 1088 3543 factus
1115 3497 1195 3543 est
1231 3507 1244 3542 :
1277 3492 1520 3557 quamvis
1560 3492 1825 3549 universa:
1856 3510 1953 3564 per

389 3589 573 3643 orbem
602 3578 869 3649 terrarum
920 3592 1121 3636 sanctre
1166 3581 1445 3648 Ecclesia',
1491 3593 1547 3637 et
1586 3585 1685 3654 ipsi
1734 3601 1952 3640 venera-

389 3664 523 3734 biles
554 3664 742 3732 Patres
772 3674 861 3744 qui
902 3681 1064 3727 recta:
1091 3680 1145 3725 et
1188 3672 1546 3729 immaculata:
1593 3676 1714 3731 lidei
1755 3677 1950 3731 delini-

391 3772 589 3826 tionem
623 3768 774 3822 nobis
820 3765 1126 3829 ediderunt,
1182 3775 1372 3820 sancto
1395 3765 1598 3835 Spiritu
1644 3767 1695 3821 in
1742 3769 1821 3822 eis
1868 3768 1950 3822 lo-

387 3868 621 3931 quente,
677 3856 1013 3911 incarnatunt
1043 3868 1164 3908 esse
1197 3864 1252 3908 et
1302 3854 1572 3908 hominem
1611 3855 1812 3910 factum
1858 3854 1948 3912 Dei

392 3951 645 4016 Verbum,
674 3964 776 4002 non
800 3947 944 4000 aliud
971 3958 1091 3998 esse
1116 3944 1436 4016 intelligant,
1467 3947 1567 4001 nisi
1604 3945 1802 4002 factum
1830 3962 1951 4005 esse

386 4043 551 4097 nostri
582 4039 813 4095 similent
847 4037 1115 4092 hominem
1144 4077 1159 4100 ,
1197 4030 1260 4091 et
1294 4037 1591 4091 secundum
1622 4053 1839 4092 carnem
1881 4054 1949 4093 ex

387 4130 613 4185 muliere
644 4120 848 4191 natum,
881 4127 1003 4195 quia
1038 4128 1314 4182 nobiscum
1351 4126 1526 4180 factus
1558 4138 1644 4181 est
1672 4127 1772 4181 sub
1812 4128 1946 4196 lege,

299 4274 306 4282 ,
384 4222 474 4290 qui
508 4229 759 4286 tanquam
791 4216 930 4269 Deus
954 4226 1035 4270 est
1062 4232 1220 4285 supra
1251 4216 1445 4286 legem.
1482 4217 1746 4283 Quoniam
1796 4234 1944 4283 vero,

386 4320 442 4364 ut
473 4310 666 4377 sazpius
703 4307 836 4371 dixi,
866 4306 917 4358 id
948 4306 1048 4376 ipsi
1082 4307 1413 4377 propositum
1441 4317 1544 4371 est,
1579 4317 1635 4361 ιιι
1664 4309 1942 4363 veritatem

2058 3214 2284 3285 γμάτων
2315 3213 2820 3286 καταθρασύνεταις
2861 3213 3049 3285 ὥσπερ
3079 3213 3140 3266 τὸ
3168 3213 3419 3282 γενέσθαι
3450 3212 3631 3284 σάρκα

2056 3306 2147 3359 τὸν
2175 3304 2268 3359 τοῦ
2315 3303 2452 3359 Θεοῦ
2482 3305 2674 3372 Λόγον,
2706 3303 2981 3367 ἀσυνέτως
3018 3301 3285 3366 ἐκϐαλὼν,
3334 3301 3628 3372 ἐνεργῆσαί

2058 3412 2225 3466 φησιν
2254 3398 2333 3459 είς
2363 3395 2651 3467 ἄνθρωπον
2680 3394 2780 3465 τὴν
2800 3394 3092 3464 ἐνοίκησιν,
3125 3391 3268 3445 οὕτω
3291 3391 3353 3463 δὴ
3380 3392 3540 3444 πάλιν
3567 3390 3628 3445 τι)

2056 3487 2468 3560 ὲνανθρωπῆσαι
2490 3480 2702 3558 δέχεται
2718 3502 2730 3515 ⁸
2748 3487 2926 3540 καίτοι
2955 3485 3065 3561 τῷν
3087 3484 3190 3538 ἀνά
3214 3485 3392 3537 πᾶσαν
3412 3484 3508 3553 τὴν
3535 3481 3625 3536 ὑπ’

2055 3578 2282 3648 οὐρανὸν
2316 3578 2486 3647 ἁγίων
2514 3576 2871 3648 Ἐκκλησιῶν.
2897 3576 2990 3629 καί⁵
3016 3575 3195 3629 αὐτῶν
3218 3574 3273 3628 δὲ
3307 3575 3415 3627 τῶν
3456 3575 3625 3628 ἀοιδί-

2061 3680 2177 3741 μων
2203 3668 2545 3739 Πατέρων,οἳ
2579 3664 2670 3721 τὸν
2697 3668 2797 3738 τῆς
2824 3667 2985 3738 όρθῆς
3012 3682 3070 3718 τε
3091 3666 3186 3719 xui.
3205 3665 3506 3735 ἀμωμήτου
3535 3664 3627 3716 πί·-

2058 3776 2226 3822 στεως
2255 3760 2381 3829 ὅρον
2407 3758 2538 3829 ἡμῖν
2567 3755 2887 3829 ἐξήνεγκαν,
2918 3754 3205 3818 λαλοῦντος
3234 3756 3292 3806 ὲν
3321 3755 3500 3815 αὐτοῖς
3527 3752 3623 3805 τοῦ

2058 3851 2213 3919 ἀγίου
2246 3848 2585 3920 Πνεύματος,
2623 3848 2684 3901 τὸ
2725 3845 3075 3919 σαρκωθῆναί
3110 3862 3170 3898 τε
3219 3845 3314 3899 καὶ
3355 3844 3623 3914 ἐνανθρω-

2056 3942 2227 4012 πῆσαι
2255 3941 2344 3993 τὸν
2372 3938 2465 3992 τοῦ
2496 3937 2631 3992 Θεοῦ
2662 3939 2855 4007 Λόγον,
2884 3937 3033 3989 οὐδὲν
3063 3934 3250 4005 ἓτερον
3286 3930 3425 3987 εἶναι
3449 3931 3627 3987 νοοῦν·

2053 4048 2182 4098 των,
2207 4029 2346 4102 πλὴν
2366 4028 2448 4083 ὅτι
2479 4030 2637 4100 μόνον
2658 4030 2718 4081 τὸ
2740 4027 2995 4097 γενέσθαι
3014 4025 3132 4078 καθ’
3161 4027 3303 4095 ἡμᾶς
3316 4024 3621 4094 ἄνθρωπον,

2054 4120 2422 4190 ἀποτεχθῆναί
2465 4137 2526 4172 τε
2565 4120 2705 4172 κατά
2750 4118 2931 4188 σάρκα
2971 4117 3035 4169 ὲκ
3075 4115 3352 4183 γυναικὸς,
3395 4114 3477 4166 ὅτι
3530 4113 3624 4166 καὶ

2053 4211 2242 4279 γέγονε
2279 4210 2397 4281 μεθ’
2423 4212 2456 4280 ἡ
2466 4208 2583 4280 μῶν
2614 4208 2717 4261 ὑπὸ
2745 4208 2927 4278 νόμον,
2954 4209 2982 4260 6
3020 4208 3159 4277 ὑπὲρ
3181 4207 3342 4276 νόμον
3368 4204 3441 4269 ὡς
3466 4205 3619 4268 Θεός.

2066 4304 2282 4376 Ἐπειδὴ
2321 4303 2378 4357 δὲ
2422 4305 2496 4366 ὡς
2536 4302 2634 4374 ήδη
2672 4301 2991 4364 πλειστάκις
3038 4299 3196 4372 ἔφην,
3234 4297 3434 4361 σκοπὸς
3474 4295 3623 4367 αὶτῷ

389 4400 643 4464 inlirmet,
680 4399 778 4452 hac
802 4398 868 4450 de
896 4411 1057 4450 causa
1086 4406 1138 4449 et
1160 4398 1374 4467 quidem
1407 4400 1662 4453 audacter
1687 4400 1834 4454 solus
1860 4418 1944 4456 re-

2060 4397 2353 4469 παραλύειν
2377 4396 2475 4467 τὴν
2494 4395 2771 4467 ἀλήθειαν,
2794 4394 2966 4466 ταύτῃ
2983 4410 3063 4445 τοι
3078 4392 3175 4445 καὶ
3196 4390 3341 4462 μάλα
3361 4389 3624 4453 νεανικῶς

389 4490 661 4553 luctatur,
710 4496 764 4542 et
809 4502 930 4541 cum
982 4489 1221 4540 omnium
1278 4488 1543 4543 sententia
1591 4501 1842 4560 pugnat,
1894 4501 1948 4547 et

385 4580 650 4637 adversus
670 4575 995 4633 inell'abilcm
1032 4578 1257 4649 gloriam
1287 4593 1435 4632 arma
1465 4590 1679 4647 mmet;
1720 4592 1774 4635 et
1798 4583 1941 4651 quod

389 4672 492 4742 ipsi
546 4670 754 4737 solique
791 4667 969 4736 placet
1025 4667 1169 4722 velut
1213 4668 1536 4739 quisquilias
1590 4673 1860 4739 quasdam
1894 4673 1946 4727 in

381 4762 477 4818 Dei
526 4759 799 4816 Ecclesias
856 4757 1109 4811 invehere
1184 4769 1463 4813 conatur:
1528 4760 1760 4817 allirmat
1802 4764 1944 4817 enim

380 4854 516 4912 nihil
566 4852 709 4907 aliud
734 4865 856 4906 esse
907 4849 1351 4905 humanationem
1432 4853 1532 4907 nisi
1600 4856 1948 4911 inhabitatio—

384 4963 506 5002 nem
546 4988 562 5015 ,
645 4960 748 5001 non
799 4943 944 5013 quod
1000 4942 1181 4996 carnis
1254 4949 1307 4994 et
1364 4945 1639 5009 sanguinis
1702 4947 1951 5002 similiter

380 5050 444 5090 ac
491 5048 591 5089 nos
637 5032 906 5102 particeps
942 5029 1057 5085 ﬁeri
1117 5030 1347 5086 voluerit
1416 5033 1587 5102 ipsum
1649 5035 1738 5090 Dei
1789 5035 1941 5106 101

380 5123 616 5178 Verbum
670 5138 686 5189 ;
746 5121 954 5177 tametsi
1032 5123 1085 5176 in
1142 5123 1393 5179 omnibus
1444 5126 1649 5180 sanctis
1710 5128 1946 5182 homini-

377 5214 480 5269 bus
520 5212 809 5275 habitarit,
848 5219 903 5266 et
939 5212 1115 5268 adhuc
1154 5212 1419 5269 inhabitet
1459 5215 1634 5284 ipsum
1673 5217 1939 5287 Verbum,

378 5302 546 5358 rentel
578 5310 755 5355 autern
791 5301 864 5355 sit
895 5301 1091 5356 factum
1125 5302 1177 5356 in
1212 5303 1435 5370 nostris,
1463 5313 1519 5358 et
1550 5304 1698 5359 carni
1733 5308 1821 5359 nni
1857 5321 1940 5362 se-

376 5396 609 5449 cundum
646 5391 977 5465 bypostasim
1009 5394 1512 5461 communicaverit,
1549 5395 1600 5449 in
1635 5409 1739 5465 qua
1774 5400 1935 5452 etiam

376 5503 474 5559 pro
518 5488 671 5540 nobis
716 5493 958 5541 mortuus
998 5498 1119 5542 esse
1164 5497 1219 5542 et
1264 5490 1649 5561 resurrexisse‘
1674 5492 1937 5559 creditur,

447 5646 493 5679 ⁸⁸
513 5641 626 5703 lmo
644 5642 775 5702 Luc.
806 5658 882 5710 Vl,
915 5643 1003 5700 l9.
1076 5644 1118 5678 ⁶¹
1148 5643 1291 5702 Psal.
1321 5662 1495 5715 χχιιι,
1519 5650 1573 5704 6.

2051 4489 2295 4560 ἀνταίρει
2347 4490 2543 4559 μόνος,
2590 4488 2683 4541 καὶ
2730 4488 2853 4549 ταῖς
2887 4485 3143 4539 ἁπάντων
3188 4481 3421 4554 μάχεται
3476 4481 3622 4548 γνώ-

2055 4599 2203 4653 μαις,
2221 4581 2313 4634 καὶ
2342 4581 2481 4633 κατά
2502 4579 2601 4650 τῆς
2627 4568 2865 4651 ἀρρήτου
2885 4576 3041 4647 δόξης
3066 4575 3133 4628 τὰ
3161 4574 3299 4628 ὅπλα
3322 4575 3495 4627 κινεῖ·
3527 4573 3620 4624 καὶ⁸

2049 4673 2112 4727 τὸ
2162 4672 2310 4743 αὐτῷ
2365 4673 2459 4725 καὶ
2512 4672 2659 4743 μόνῳ
2708 4669 2925 4734 δοκοῦν,
2959 4667 3226 4738 συρφετὸν
3278 4663 3466 4735 ὥσπερ
3498 4664 3620 4715 τινὰ

2050 4765 2170 4826 ταῖς
2204 4761 2556 4830 Ἐκκλησίαις
2587 4760 2682 4814 τοῦ
2712 4758 2849 4813 Θεοῦ
2882 4758 3292 4830 παρεισκρίνειν
3316 4757 3586 4828 ἐπιχειρεῖ
3605 4769 3617 4783 ’

2048 4852 2438 4925 διῖσχυρίζεται
2488 4852 2597 4924 γὰρ
2633 4851 2906 4923 ἐνοίκησιν
2944 4846 3084 4903 εἶναι
3124 4849 3223 4920 τὴν
3273 4847 3624 4918 ὲνανθρὼπη-

2051 4961 2169 4997 σιν·
2216 4945 2310 4998 καὶ
2355 4945 2476 5015 οὐχὶ
2517 4944 2583 5014 δὴ
2620 4944 2820 5016 μᾶλλον
2845 4945 2926 5007 rb,
2975 4937 3205 5013 αἵματος
3250 4941 3346 4994 καὶ
3394 4938 3620 5009 σαρκὸς,

2049 5035 2446 5107 παραπλησίως
2494 5039 2630 5107 ἡμῖν
2682 5037 2977 5107 μετασχεῖν
3017 5033 3232 5087 ἑλέσθαι
3260 5032 3352 5085 τὸν
3393 5031 3456 5083 ὲκ
3482 5028 3619 5083 Θεοῦ

2046 5127 2219 5195 Λόγον
2240 5144 2254 5159 ⁸
2287 5128 2380 5181 καί
2405 5145 2487 5181 τοι
2514 5129 2647 5181 πᾶσι
2701 5128 2799 5200 μὲν
2841 5129 2953 5190 τοῖς
2988 5125 3164 5194 ἁγίοις
3192 5122 3530 5193 ἐνῳκηκότος
3560 5137 3623 5174 τε

2048 5220 2142 5272 καὶ
2172 5219 2504 5284 ἐνοικοῦντος
2530 5221 2609 5272 ἔτι
2633 5219 2726 5272 τοῦ
2758 5219 2962 5289 Λόγουο
3000 5216 3283 5287 γεγονότος
3308 5214 3364 5267 δὲ
3393 5209 3541 5277 ἅπαξ
3563 5214 3623 5266 ὲν

2048 5313 2161 5375 τοῖς
2194 5310 2314 5364 καθ’
2338 5313 2505 5383 ἡμᾶς,
2535 5310 2630 5364 καὶ
2661 5311 2824 5382 σαρκὶ
2852 5310 2951 5382 μιᾷ
2976 5307 3097 5362 καθ’
3120 5308 3415 5361 ὑπόστασιν
3444 5319 3623 5357 κεκοι⁶

2047 5401 2370 5472 νωνηκότος,
2401 5402 2523 5457 καθ’
2552 5403 2618 5473 ἢν
2647 5403 2743 5456 καὶ
2768 5401 2909 5472 ὑπὲρ
2935 5399 3096 5473 ἡμῶν
3120 5396 3412 5453 ἀποθανεῖν
3444 5411 3503 5449 τε
3527 5393 3624 5447 καὶ

2045 5493 2342 5566 ἐγηγέρθαι
2388 5495 2723 5563 πιστεύεται,
2754 5491 2919 5561 σαρκὶ
2950 5489 3217 5546 πέπονθεν
3248 5487 3536 5543 ἐκών.”οτι
3563 5483 3623 5540 δὲ
