4002 6192
288 342 382 398 17⁸1
1374 341 1750 399 ADVERSUS
1791 341 2194 398 NESTORIUM
2236 341 2362 396 LIB.
2411 340 2500 398 IV.

3481 345 3584 404 I78

287 463 376 516 ui.
424 461 550 530 εἰκῆ
601 462 1006 534 παραῤῥίπτει
1037 461 1250 528 λόγους,
1279 463 1372 515 καί
1419 465 1518 534 τῆς
1561 465 1671 516 τῶν
1717 463 1898 533 φωνῶν

2014 472 2204 532 sponte
2239 476 2403 516 carne
2438 473 2628 531 passus
2658 467 2760 516 est.
2795 460 2962 515 Porro
2995 458 3142 514 illum
3179 467 3384 517 temere
3418 465 3580 519 verba

290 554 512 618 ἀτοπίας
555 552 730 623 ὀλίγα
772 553 1188 623 πειρροντικὼς,
1230 553 1476 622 σημείοις
1512 554 1645 622 φησί
1679 557 1791 617 τοῖς
1818 555 1907 608 διά

291 645 382 698 τοῦ
419 645 758 715 Πνεύματος
794 644 1312 714 κατασεμνύνεσθαι
1345 644 1435 697 τὸν
1464 645 1718 716 Χριστὸν,
1753 646 1780 698 ὁ
1810 662 1905 713 γε·-

294 753 457 805 γονως
476 735 924 806 ἡμῖνέναγχος,
952 737 1046 790 καὶ
1072 735 1335 807 διαρκῶς,
1366 735 1441 799 ὥς
1457 753 1521 804 γε
1538 731 1711 806 οἶμαι,
1737 735 1904 801 ἔδειξε

294 829 470 895 λόγος·
512 827 954 898 βασανίζωμεν,
987 830 1034 880 εί
1062 827 1226 892 δοκεῖ,
1254 827 1352 890 τὰς
1380 827 1575 898 ἐτέρας
1602 828 1766 881 αὑτοῦ
1795 845 1906 898 φω-

294 925 405 986 νέις.
433 942 450 973 ι
494 924 554 974 Ὀ
579 922 814 994 Πατὴρ,
851 925 1012 993 φησὶ,
1044 921 1340 990 συνέστησε
1359 937 1372 949 ο
1404 940 1422 971 ι
1450 921 1510 972 τὸ
1535 921 1633 990 μὲν
1650 915 1762 984 οὖν,
1783 936 1907 972 συν-

303 1017 540 1084 ἐστησεν,
570 1016 600 1067 ὅ
634 1015 689 1066 τί
720 1014 868 1067 ποτέ.
919 1016 1067 1066 ἐστιν
1111 1014 1166 1066 ἐν
1207 1011 1416 1076 τούτοις
1457 1013 1558 1065 οὐκ
1607 1010 1674 1064 ἂν
1725 1010 1904 1082 ἔχοιμι

302 1107 459 1155 νοεῖν·
491 1103 588 1156 καὶ
614 1105 734 1174 γάρ
765 1105 925 1156 ἐστιν
949 1101 1399 1173 ὁμολογουμένως
1452 1103 1685 1173 ἀγοραία
1720 1119 1781 1155 τε
1809 1102 1904 1154 καὶ

311 1194 638 1264 ἀγυρτώδης,
692 1195 796 1247 καὶ
842 1193 1136 1265 τερθρείας
1196 1193 1470 1264 ἰδιωτικῆς
1519 1194 1822 1265 ἀνάμεστος
1869 1194 1903 1263 ἡ

316 1287 454 1354 φωνή
470 1301 483 1314 ’
515 1285 657 1354 πλὴν
689 1281 858 1355 οἶμαι
880 1285 1079 1356 δηλοῦν
1117 1283 1326 1337 ἐθέλειν
1347 1285 1499 1350 αὐτὸ,
1517 1285 1597 1350 16,
1617 1285 1899 1356 παρέθετο,

317 1378 438 1444 φέρε
465 1377 659 1437 εἰπεῖν,
692 1376 876 1444 ἤγουν
911 1373 1305 1444 μεμαρτύρηκε
1353 1375 1474 1437 Πῶς
1497 1371 1612 1438 οὖν,
1641 1375 1762 1428 είπέ
1789 1391 1898 1445 μοι,

323 1466 629 1535 συνέστησεν
660 1468 690 1519 6
721 1466 946 1535 Πατὴρ,
978 1466 1300 1533 ἐνοικήσεως
1331 1464 1478 1526 Θείας
1511 1465 1841 1535 ἠξιωμένονς
1868 1465 1899 1535 ἢ

323 1556 467 1609 τοῦτο
499 1557 593 1626 μὲν
617 1557 834 1627 ἥκιστά
868 1574 932 1623 γε
954 1573 968 1587 ο
1003 1555 1276 1619 κατέδειξε
1314 1555 1368 1607 δὲ
1405 1556 1604 1625 μᾶλλον
1640 1556 1902 1627 ἐνανθρω-

328 1650 558 1717 πήσαντα
585 1649 674 1701 τὸν
707 1649 844 1700 ἴδιον
869 1649 1016 1708 Υίον,
1045 1647 1395 1716 μεμενηκὸτα
1423 1647 1478 1699 δὲ
1510 1647 1604 1700 καὶ
1631 1649 1686 1700 ἐν
1715 1649 1899 1713 σαρκὶ,

331 1738 463 1790 τοῦθ’
495 1739 629 1808 ὅπερ
673 1734 746 1808 ἦν
787 1756 872 1799 τε,
910 1739 1004 1790 καὶ
1041 1739 1175 1798 ἐστι,
1215 1738 1306 1790 καί
1344 1738 1517 1799 ἔσται,
1550 1738 1684 1790 Θεὸν
1714 1738 1900 1808 δηλον-

2005 555 2235 624 jactare,
2261 561 2315 608 et
2339 553 2406 608 de
2431 567 2618 607 vocum
2646 552 2980 606 absurditate
3001 566 3192 620 parum
3218 567 3433 616 curare,
3458 569 3580 608 cum

2008 647 2161 710 dicit,
2183 646 2350 715 signis
2378 659 2473 714 per
2496 645 2756 712 Spiritum
2780 644 2939 697 editis
2963 644 3238 698 honestari
3264 644 3578 713 Christum;

2006 737 2253 806 proximo
2287 735 2550 804 superiori
2588 747 2838 789 sermone
2871 734 3026 795 satis,
3062 744 3120 788 ut
3152 735 3364 802 opinor,
3399 746 3581 790 osten-

2007 829 2184 884 dimus
2223 844 2235 880 :
2274 827 2456 895 itaque
2491 826 2724 895 reliquas
2759 825 2875 894 ejus
2909 840 3095 890 voces,
3133 826 3177 880 si
3215 827 3419 895 placet,
3452 842 3583 882 exao

2007 915 2512 983 minetnns.iPater,
2540 918 2733 985 inquit,
2753 918 3181 984 commendavit;
3208 936 3228 970 ι
3259 933 3322 973 ac
3353 921 3576 973 verbum

2007 1013 2439 1076 commendandi,
2470 1012 2723 1080 quidnam
2753 1012 2853 1066 hoc
2881 1013 2998 1067 loco
3025 1013 3115 1075 sit.
3148 1013 3447 1082 intelligere
3473 1031 3578 1068 non

2005 1116 2222 1169 possum
2259 1119 2272 1154 :
2308 1115 2426 1154 nam
2462 1115 2522 1154 ea
2556 1116 2656 1154 vox
2689 1116 2718 1152 e
2753 1101 2942 1155 mediis
2980 1102 3232 1157 numlinis
3263 1112 3374 1166 est,
3407 1114 3461 1158 et
3489 1105 3579 1158 vili

2009 1192 2266 1247 concione
2306 1204 2361 1244 et
2427 1192 2631 1262 plebeia
2692 1194 2980 1262 nugatione
3023 1194 3212 1262 plena;
3260 1197 3352 1250 sed
3398 1205 3579 1252 tamen

2007 1292 2132 1350 puto
2163 1282 2493 1351 siguiiicare,
2527 1283 2794 1352 deposuit,
2825 1283 2974 1337 verbi
3000 1286 3192 1351 gratia,
3223 1286 3326 1350 vel,
3353 1295 3581 1342 testatus

2005 1383 2107 1428 est.
2147 1373 2424 1439 Quomodo
2467 1373 2648 1444 igitur,
2693 1389 2820 1443 rogo
2865 1385 2938 1439 te,
2979 1379 3379 1432 commendavit
3419 1379 3582 1433 Pater

2005 1464 2277 1518 hominem
2309 1465 2696 1520 inhabitatione
2724 1466 2901 1520 divina
2931 1467 3250 1536 dignatum?
3276 1484 3342 1523 an
3371 1483 3497 1525 vero
3525 1471 3577 1524 id

2003 1556 2248 1618 minimc,
2277 1556 2368 1607 sed
2399 1556 2637 1610 ostendit
2668 1557 2846 1625 potius
2877 1560 3152 1628 pr0prium
3182 1558 3372 1613 Filium
3403 1560 3580 1615 homi-

2004 1659 2123 1698 ncm
2170 1644 2399 1707 factum,
2445 1655 2750 1700 manentem
2797 1656 2971 1702 tamen
3017 1649 3178 1703 etiam
3223 1649 3275 1702 in
3323 1663 3485 1703 carne
3527 1651 3577 1704 id

2004 1734 2178 1802 ipsum
2221 1735 2359 1799 quod
2401 1743 2552 1796 erat,
2599 1743 2648 1789 et
2695 1744 2809 1800 est,
2852 1745 2907 1790 et
2953 1737 3088 1798 erit,
3136 1751 3328 1806 nempe
3373 1736 3578 1791 Deum?

337 1832 438 1882 ότι.
466 1830 709 1899 «Ἰησοῦς
759 1831 870 1901 γὰρ
910 1831 1145 1900 Χριστὸς
1185 1833 1213 1884 6
1260 1831 1406 1902 χθὲς,
1447 1831 1542 1884 καὶ
1589 1833 1898 1902 σήμερον,ὁ

2009 1844 2028 1878 ι
2061 1825 2217 1880 Jesus
2245 1827 2494 1881 Christus
2523 1827 2667 1880 enim
2702 1828 2812 1881 heri
2845 1836 2899 1880 et
2932 1826 3112 1891 hodie,
3143 1827 3280 1879 idem
3310 1835 3364 1879 et
3394 1827 3444 1878 in
3475 1841 3578 1881 3:2-

343 1922 488 1984 αῦτὸς
511 1923 602 1975 καὶ
630 1924 708 1985 εἰς
731 1923 856 1984 τοὺς
875 1923 1095 1984 αἰῶνας.
1124 1942 1140 1973 ι
1167 1924 1301 1993 Φέρε
1326 1923 1505 1976 τοίνυν
1531 1923 1628 1986 τὰς
1652 1925 1738 1976 ἐπ’
1754 1924 1903 1996 αὐτῷ

349 2013 868 2084 πολυπραγμονῶμεν
900 2015 1104 2083 φωνάς.
1139 2016 1202 2067 Τί
1237 2033 1402 2087 φησιν
1425 2019 1452 2069 6
1473 2018 1897 2090 εύαγγελιστήςς

365 2122 383 2151 ι
406 2103 506 2156 Καὶ
531 2105 894 2176 ἐμαρτύρησεν
919 2109 946 2158 6
973 2107 1228 2176 Ἰωάννης
1257 2107 1431 2176 λέγων
1448 2124 1461 2138 ⁸
1489 2111 1612 2163 Ὅτι
1635 2109 1900 2181 τεθέαμαι

370 2195 427 2242 16
453 2193 656 2263 Πνεῦμα
684 2197 1001 2249 καταξαίνον
1043 2197 1177 2248 ὠσεί
1212 2197 1538 2270 περιστερὰν
1566 2200 1623 2265 ἐξ
1647 2201 1897 2271 οὐρανοῦ,

382 2284 470 2333 xuii
520 2285 656 2352 μένον
699 2287 769 2338 ἐπ’
799 2289 981 2340 αὐτόν’
1035 2285 1187 2351 οὗτός
1236 2292 1383 2343 ἐστιν
1433 2293 1462 2344 6
1519 2291 1790 2360 βαπτίζων
1844 2297 1900 2346 ἐν

382 2373 644 2442 ιινεύματι
682 2378 829 2448 ἁγίῳ·
875 2379 1028 2447 κάγὼ
1078 2380 1301 2450 ἑώρακα
1349 2383 1442 2435 καὶ
1471 2385 1898 2456 μεμαρτύρηκα,

373 2465 453 2515 ὅτι
489 2461 638 2530 οὗτός
664 2470 788 2522 ἐστιν
811 2473 837 2522 6
864 2473 980 2534 Yi6;
1002 2472 1096 2525 τοῦ
1127 2474 1283 2528 Θεοῦ.
1312 2495 1330 2526 ι
1362 2476 1459 2546 Είη
1495 2478 1592 2548 μὲν
1625 2479 1729 2548 γὰρ
1759 2481 1900 2531 οἰκο-

368 2555 602 2622 νομικῶς
645 2559 867 2624 ἁγιάσων
891 2561 974 2612 τὸν
1003 2562 1272 2633 Ἰορδάνην
1306 2565 1334 2616 6
1362 2565 1564 2634 Κύριος
1594 2567 1751 2634 ἡμῶν
1796 2569 1899 2637 Ἰη-

359 2643 479 2707 σοῦς
505 2646 532 2695 6
559 2647 782 2718 Χριστός
803 2667 816 2680 ·
852 2653 1096 2721 κατηξίου
1125 2655 1180 2707 δὲ
1215 2656 1309 2708 σὺν
1355 2658 1488 2727 ἡμῖν
1520 2657 1896 2726 βαπτίζεσθαι,

353 2736 447 2804 τῆς
487 2738 621 2790 κατά
668 2741 836 2808 σάρκα
868 2745 1184 2814 οἰκονομίας
1227 2746 1288 2798 16
1332 2750 1634 2818 μυστήριον
1673 2749 1760 2802 διά
1792 2750 1897 2802 τῶν

350 2827 474 2896 αᾷτῇ
505 2830 800 2897 πρεπόντων
845 2833 1218 2906 διοικούμενος
1246 2839 1640 2907 τρόπων.Ἔδει
1670 2839 1776 2909 γάρ
1807 2840 1900 2894 ἀν-

351 2915 548 2986 θρωπον
584 2923 830 2989 γεγονότα
863 2925 1228 2992 γινώσκεσθαι
1262 2928 1353 2982 τὸν
1403 2931 1468 2983 ἐκ
1508 2930 1642 2983 Θεοῦ
1687 2931 1898 3002 Πατρὸς

348 3008 505 3075 Λόγον
527 3028 540 3040 ο
567 3011 671 3064 ἀλλ’
698 3014 1021 3077 ἐΰαπτίζετο
1052 3017 1171 3088 μὲν,
1201 3019 1275 3082 ὡς
1303 3019 1605 3091 ἄνθρωπος,
1639 3022 1896 3088 ἐϐάπτιζε

2004 1920 2119 1972 cuia
2143 1920 2208 1972 ".
2246 1938 2262 1970 ι
2293 1921 2402 1989 Age
2431 1920 2613 1986 igitur,
2641 1934 2800 1973 voces
2825 1919 2891 1972 de
2916 1933 2982 1971 eo
3007 1919 3178 1972 dictas
3205 1917 3570 1984 exquiramns.

2003 2010 2139 2076 Quid
2173 2026 2302 2077 ergo
2333 2012 2406 2062 ait
2435 2007 2795 2080 evangelista?
2833 2027 2848 2059 ι
2892 2006 2956 2059 Et
2988 2007 3356 2061 testimonium
3390 2006 3575 2081 perhi-

2004 2103 2116 2157 buit
2146 2105 2395 2166 Joannes,
2447 2103 2667 2166 dicens,
2719 2119 2736 2152 ι
2770 2100 2889 2154 Vidi
2936 2099 3194 2168 Spiritum
3244 2098 3576 2153 descenden-

2005 2205 2108 2248 tem
2158 2195 2298 2250 sicut
2343 2195 2645 2250 columbam
2696 2209 2727 2249 e
2770 2193 2928 2257 coelo,
2975 2201 3032 2246 et
3072 2199 3376 2244 manentem
3410 2202 3575 2258 super

2001 2305 2122 2343 eum
2155 2307 2169 2343 :
2201 2288 2289 2342 hic
2319 2299 2402 2342 est
2430 2288 2521 2357 qui
2554 2287 2793 2355 baptizat
2825 2288 2876 2340 in
2912 2287 3115 2355 Spiritu
3147 2289 3368 2347 sancto;
3398 2292 3450 2334 et
3475 2295 3575 2350 ego

2003 2381 2132 2442 vidi,
2173 2389 2226 2434 et
2266 2381 2633 2434 testimonium
2678 2378 2948 2447 pcrhibui,
2991 2380 3116 2445 quia
3161 2375 3246 2428 hic
3285 2383 3370 2426 est
3409 2371 3575 2424 Filius

2005 2473 2093 2525 Dei
2119 2473 2182 2524 ⁸³.
2234 2491 2251 2522 ι
2297 2472 2414 2525 lbat
2452 2473 2593 2524 enim
2636 2469 3025 2538 dispensatoria
3070 2467 3277 2518 ratione
3316 2463 3575 2517 Dominus

2001 2569 2184 2614 noster
2211 2558 2368 2614 Jesus
2397 2559 2645 2614 Christus
2677 2565 2734 2611 ut
2761 2555 3048 2610 Jordanem
3082 2554 3472 2615 sanctiticaret,
3493 2551 3574 2605 di-

2001 2662 2302 2722 gnatusque
2329 2659 2411 2705 est
2437 2650 2697 2718 baptizari
2733 2648 3033 2712 nobiscum,
3066 2655 3123 2700 ut
3155 2644 3472 2716 mysterium
3505 2642 3572 2696 il-

2001 2745 2104 2800 lius
2129 2745 2424 2800 secumlum
2451 2758 2670 2798 carnem
2698 2741 3118 2810 dispensationis
3145 2737 3316 2795 modis
3343 2737 3416 2791 illi
3445 2751 3573 2791 con-

2001 2838 2343 2891 venientibus
2379 2844 2768 2904 exsequeretur
2807 2852 2820 2888 :
2857 2833 3139 2903 Oportebat
3173 2831 3316 2886 enim
3354 2837 3410 2884 ut
3444 2829 3573 2883 illud

2000 2944 2064 2983 ex
2101 2928 2210 2982 Deo
2245 2928 2404 2981 Patre
2431 2927 2663 2981 Verbum
2703 2926 2975 2979 hominem
3011 2938 3130 2978 esse
3167 2923 3365 2977 factum
3402 2935 3571 2990 agno-

2000 3031 2247 3075 SCcretur
2277 3039 2289 3073 :
2321 3020 2412 3072 sed
2443 3017 2818 3084 baptizabatur
2846 3017 3062 3081 quidem
3095 3023 3151 3066 ut
3182 3015 3363 3076 homo,
3395 3013 3571 3080 bapti-

348 3098 399 3152 δὲ
431 3100 612 3164 θείκῶς
638 3107 690 3157 ὲν
720 3107 857 3176 ἁγίῳ
889 3107 1189 3177 Πνεύματι.
1232 3111 1342 3164 Καὶ
1370 3111 1430 3164 οὐ
1460 3112 1522 3182 δή
1561 3112 1661 3165 πού
1698 3131 1896 3184 φαμεν,

2003 3115 2161 3167 zahat
2190 3122 2366 3166 autem
2401 3121 2460 3164 ut
2496 3110 2632 3162 Dens
2668 3109 2718 3161 in
2755 3105 2958 3174 Spiritu
2993 3117 3203 3160 sancto.
3235 3103 3417 3172 Neque
3447 3120 3574 3158 vero

349 3188 379 3255 ἢ
411 3189 754 3262 ύπουργικῶς,
789 3196 822 3265 ἦ
848 3197 924 3260 ὼς
959 3199 1089 3268 παρ’
1116 3199 1302 3270 ἐτέρου
1332 3201 1475 3264 τινὸς
1508 3205 1620 3266 τοῖς
1649 3204 1900 3272 βαπτιζου

346 3285 512 3348 μένοις
543 3283 631 3354 τὴν
660 3286 752 3337 τοῦ
789 3287 948 3354 ἁγίου
973 3288 1285 3360 Πνεῦματος
1312 3291 1612 3361 διηκονεῖτο
1641 3294 1857 3363 μέθεξιν
1879 3310 1893 3324 ο

341 3369 564 3425 ἀπετέλει
589 3375 645 3428 δὲ
687 3377 887 3444 μᾶλλον
931 3381 1318 3450 ὴγιασμένους,
1348 3381 1423 3445 ὡς
1454 3383 1614 3451 φύσει
1644 3385 1778 3448 Θεὸς
1810 3387 1898 3438 ἐν-

344 3461 431 3526 ιεὶς
457 3466 609 3528 αὐτὸς
635 3467 699 3530 ἐξ
731 3468 864 3521 ἰδίου
898 3471 1282 3542 πληρώματος.
1323 3475 1445 3536 Πῶς
1477 3471 1570 3528 οῦν
1601 3476 1898 3548 ἀφειδήσας

339 3554 433 3604 τῶν
468 3557 540 3620 εἰς
585 3558 863 3630 ὀρθότητα
911 3562 1107 3630 λόγων,
1138 3565 1232 3617 καὶ
1277 3567 1380 3634 μέν
1412 3582 1493 3620 τοι
1527 3568 1621 3620 καὶ
1655 3568 1896 3630 ἐννοιῶν,

340 3645 646 3716 ἐνηργῆσθαι
683 3651 788 3724 φὴς
822 3655 879 3704 ἐν
901 3652 1170 3726 ἀνθρώπῳ
1197 3655 1294 3728 τὴν
1320 3655 1594 3727 ἐνοίκησιν
1626 3658 1778 3729 παρά
1805 3659 1897 3712 τοῦ

341 3731 458 3784 Θεοῦ
485 3735 693 3802 Λόγου;
732 3740 907 3793 καίτοι
951 3741 1219 3797 πλείστων
1254 3762 1313 3798 τε
1354 3745 1494 3807 ὅσων
1523 3747 1712 3814 ἁγίων,
1746 3747 1803 3802 ἐν
1835 3765 1898 3817 γε

342 3821 396 3890 δὴ
441 3825 615 3894 σςρίσιν
658 3829 841 3895 αὐτοῖς
886 3833 1197 3904 ἐσχηκότων
1243 3836 1450 3892 ἐνοικον
1496 3840 1587 3892 τὸν
1621 3841 1730 3893 τῶν
1762 3841 1899 3894 ὅλων

343 3914 482 3966 Θεόνο
525 3918 892 3988 βπετίσαντος
945 3925 1002 3978 δὲ
1058 3926 1268 3991 οὐδενὸς
1319 3929 1377 3982 ἐν
1427 3929 1540 3999 ἰδίῳ
1592 3931 1895 4002 πνεύματι,

347 4005 491 4073 ἤγουν
518 4012 714 4076 θεῐκῶς
741 4016 1020 4086 ἐνοικῆσαί
1048 4037 1187 4073 τισιν
1217 4023 1512 4093 εἰρημένου
1563 4027 1657 4079 καὶ
1686 4029 1896 4099 ἐνῳκη-

350 4097 507 4160 κότοςο
530 4104 621 4155 καὶ
644 4106 808 4168 αὐτὸς
834 4108 861 4158 6
890 4109 1122 4176 Χριστὸς
1151 4113 1209 4164 ἐν
1237 4115 1371 4183 ἡμῖν
1394 4115 1671 4180 αὐλίζεται
1695 4118 1782 4172 διὰ
1803 4097 1898 4173 τοῦ

343 4188 478 4255 ἁγίου
503 4194 647 4246 Πνεύ
658 4213 848 4265 ματος,
871 4199 1008 4270 ὅπερ
1035 4201 1150 4253 ἐστὶ
1174 4203 1268 4256 καὶ
1291 4203 1420 4258 ίδιον
1446 4206 1629 4272 αὑτοῦ,
1651 4208 1900 4282 καθάπερ

341 4285 502 4354 ἀμέλει
558 4290 652 4343 τοῦ
700 4291 835 4345 Θεοῦ
882 4293 974 4346 καὶ
1022 4297 1267 4365 Πατρός;
1310 4299 1420 4353 Καὶ
1458 4302 1592 4371 πρός
1637 4319 1700 4370 γε
1744 4303 1902 4358 τοῦτο

340 4377 471 4467 ἡμᾶς
495 4382 736 4451 ἐμπεδοί
767 4384 943 4453 λέγων
967 4388 1128 4450 αὐτός
1147 4406 1159 4417 ·
1192 4391 1392 4446 «Ὅταν
1418 4392 1473 4446 δὲ
1511 4394 1638 4465 ἔλθῃ
1662 4395 1690 4446 6
1717 4395 1900 4467 Παρά-

2000 3202 2232 3256 dicimus
2265 3201 2347 3254 vel
2388 3215 2536 3253 more
2570 3196 3056 3258 subservieutium,
3098 3193 3175 3246 vel
3215 3201 3468 3261 tanquam
3505 3193 3572 3246 ab

2001 3297 2106 3349 alio
2145 3295 2397 3364 qu0piam
2444 3292 2680 3361 Spiritus
2720 3289 2893 3344 sancti
2935 3287 3403 3358 participationem
3446 3285 3572 3340 sub-

2002 3386 2358 3450 ministras-se,
2403 3384 2496 3438 sed
2539 3384 2719 3452 potius
2764 3393 3014 3450 tanquam
3059 3395 3124 3435 ex
3171 3387 3358 3432 natura
3403 3378 3570 3432 Deum

1999 3492 2063 3530 ex
2095 3476 2422 3545 plenitudine
2452 3489 2548 3529 sua
2581 3473 2971 3536 inlmulentem,
3001 3472 3365 3526 sanctiﬁcatos
3397 3468 3572 3523 reddi-

2001 3568 2163 3621 disse.
2189 3567 2297 3621 Cur
2319 3582 2450 3634 ergo
2480 3569 2640 3619 rectis
2665 3564 2842 3618 verbis
2869 3563 3260 3632 sententiisque
3287 3561 3571 3631 neglectis,

2000 3658 2242 3713 ell'ectam
2278 3672 2397 3711 esse
2433 3657 2633 3711 asseris
2670 3655 3116 3709 inhabitationem
3162 3655 3213 3708 in
3257 3653 3470 3708 homine
3503 3651 3571 3705 ab

2001 3751 2115 3818 ipso
2159 3750 2248 3804 Dei
2292 3747 2499 3813 Verbo;
2547 3746 2794 3816 quamvis
2832 3745 3216 3816 quamplurimi
3260 3745 3432 3799 sancti
3470 3742 3572 3796 viri

2001 3843 2393 3896 inhabitantem
2431 3841 2485 3894 in
2524 3853 2584 3893 se
2624 3840 2753 3908 ipsis
2789 3839 3074 3893 habuerint
3110 3837 3255 3890 illum
3295 3837 3574 3890 universo-

2001 3950 2116 3988 rum
2151 3934 2338 3995 Deum,
2367 3942 2421 3986 et
2446 3947 2512 3984 ex
2544 3930 2610 3984 iis
2640 3945 2801 3984 nemo
2831 3930 2882 3982 in
2915 3945 3014 3983 suo
3041 3927 3232 3994 Spiritu
3264 3927 3574 3996 baptizaveo

2002 4026 2100 4089 rit,
2137 4033 2226 4078 aut
2271 4025 2452 4078 divino
2495 4037 2642 4075 more
2683 4022 2735 4074 in
2777 4020 3047 4090 aliquibus
3087 4019 3438 4083 habitaverit,
3479 4028 3574 4071 aut

2001 4116 2336 4171 inhabitasse
2375 4113 2552 4168 dictus
2594 4113 2686 4177 sit,
2721 4127 2841 4165 cum
2884 4112 2997 4180 ipse
3037 4109 3288 4164 Christus
3324 4109 3480 4179 102
3517 4109 3570 4163 in

2002 4207 2157 4262 nobis
2199 4206 2405 4260 habitet
2443 4219 2540 4275 per
2575 4217 2821 4258 sanctum
2867 4203 3159 4271 Spiritum,
3199 4201 3288 4269 qui
3331 4210 3416 4255 est
3454 4200 3571 4268 ejus

2001 4311 2215 4366 quoque
2245 4297 2518 4366 proprius,
2551 4304 2610 4350 ut
2639 4295 2802 4350 etiam
2837 4293 3021 4364 procul
3051 4293 3213 4347 dubio
3244 4293 3338 4347 Dei
3373 4307 3437 4346 ac
3466 4290 3572 4344 Pa-

2005 4389 2138 4443 tris?
2163 4388 2227 4442 Et
2251 4388 2303 4442 in
2330 4389 2428 4442 hac
2449 4369 2858 4457 sentcntia‘ipse
2886 4400 2982 4440 nos
3008 4385 3316 4449 confirmat,
3343 4385 3527 4438 dicens
3553 4399 3572 4436 :

336 4466 533 4538 κλητος,
562 4472 622 4525 ὃν
671 4472 782 4540 ἐγὼ
832 4475 1034 4546 πέμψω
1071 4480 1199 4549 ὑμῖν
1229 4482 1381 4552 παρὰ
1423 4484 1517 4536 τοῦ
1571 4466 1814 4557 Πατρὸς,
1837 4486 1898 4539 16

2009 4499 2026 4532 ι
2053 4481 2187 4534 Cmn
2212 4479 2422 4534 venerit
2450 4477 2782 4542 Paracletus,
2813 4493 2970 4548 quem
3000 4492 3100 4546 ego
3129 4477 3333 4530 mittam
3363 4475 3514 4530 vobis
3541 4490 3571 4528 a

334 4557 547 4632 Πνεῦμα
569 4565 664 4633 τῆς
700 4565 978 4636 ἀληθείας,
1001 4568 1030 4621 ὃ
1059 4571 1209 4640 παρά
1231 4572 1324 4624 τοῦ
1355 4574 1568 4644 Πατρὸς
1599 4578 1894 4647 ἐκπορεύε-

331 4665 425 4716 ται,
451 4656 665 4718 ἐκεῖνος
711 4660 1053 4728 μαρτυρήσει
1089 4663 1217 4730 περὶ
1256 4663 1414 4730 ἐμοῦ.
1454 4664 1674 4735 ι”Δθρει
1703 4666 1768 4737 δὴ
1798 4662 1891 4720 οὖν

332 4739 458 4806 ὅπως
507 4745 575 4798 τὸ
624 4746 775 4815 παρά
807 4746 902 4799 τοῦ
935 4748 1070 4802 Θεοῦ
1102 4751 1196 4803 καὶ
1225 4751 1437 4822 Πατρὸς
1463 4755 1896 4826 ἐκπορευόμενον

334 4833 568 4904 Πνεῦμα,
603 4837 764 4892 τοῦτο
789 4840 884 4893 καὶ
911 4842 1008 4910 τῆς
1035 4841 1291 4912 ἀληθείας
1326 4845 1454 4898 ἴδιον
1483 4841 1618 4900 εἶναι
1648 4849 1754 4918 φής
1785 4847 1893 4918 [ῑσ.

335 4926 530 4998 φησιν].
567 4929 742 4992 Αὐτὸς
767 4928 825 4983 δέ
864 4948 964 4984 που
1000 4933 1216 4997 πάντως
1243 4936 1388 4988 ἐστὶν
1422 4939 1455 5006 ἠ
1489 4937 1734 5008 ἀλήθεια.
1764 4935 1896 4992 Εἶτα

335 5017 451 5082 πῶς,
481 5019 647 5090 εἴπερ
696 5021 846 5092 ἐστὶν
891 5022 1107 5092 ἀληθῶς
1139 5026 1238 5080 οὐκ
1276 5028 1700 5100 ἐνανθρωπήσας
1740 5031 1894 5096 Θεὸς,

337 5107 606 5178 ἄνθρωπος
647 5110 704 5163 δὲ
740 5112 959 5181 μᾶλλον,
990 5115 1089 5186 τὴν
1129 5115 1276 5171 θείαν
1309 5119 1602 5189 ἐνοίκησιν,
1633 5121 1709 5184 ὡς
1744 5123 1896 5192 ἐνέρ-

335 5213 468 5263 γειαν
499 5201 662 5271 ἔχων,
681 5202 756 5264 ὡς
783 5203 908 5256 ἴδιον
939 5205 1160 5269 Πνεῦμα
1181 5209 1242 5260 16
1267 5209 1361 5261 τοῦ
1391 5209 1522 5263 Θεοῦ
1551 5213 1644 5264 καὶ
1660 5214 1893 5283 Πατρὸς,

335 5293 427 5351 τοῖς
453 5293 805 5348 πιστεύουσιν
843 5296 920 5358 είς
958 5297 1119 5352 αὑτὸν
1154 5300 1532 5370 καταπέμψειν
1570 5303 1898 5371 ἐπαγγέλλε-

334 5393 439 5445 ταις
489 5381 652 5433 Ἀλλά
681 5381 808 5453 γὰρ,
839 5383 914 5448 ὡς
955 5385 1110 5455 ἔφην,
1137 5388 1235 5458 τὴν
1269 5389 1363 5441 τοῦ
1412 5392 1712 5461 μυστηρίου
1741 5392 1896 5458 δόξαν

335 5474 598 5527 κατασείει
634 5475 771 5544 πρὸς
805 5477 864 5528 16
896 5478 1084 5547 μηδὲν,
1116 5479 1352 5550 μερίζων
1381 5481 1570 5553 ῶσπερ
1597 5484 1695 5554 τῆς
1737 5485 1897 5554 ἁγίας

335 5561 548 5632 Τριάδος
573 5567 676 5635 τὴν
715 5568 804 5620 ἐπί
834 5585 939 5621 τισι
967 5570 1076 5625 τῶν
1105 5570 1398 5641 ’ὁρωμένων
1431 5574 1731 5645 ἐνέργειαν,
1769 5577 1896 5630 ἐκά-

396 5739 439 5768 ⁶¹
469 5738 629 5796 llcbr.
664 5757 783 5810 xm,
813 5743 864 5801 8.
945 5746 987 5776 "
1016 5745 1170 5802 Joan.
1199 5763 1234 5811 ι,
1269 5749 1355 5814 55,
1377 5749 1464 5804 54.

1541 5751 1586 5783 ⁸⁵
1615 5750 1772 5808 Joan.
1817 5770 1903 5820 xv,
1938 5752 2027 5807 26.

2000 4571 2188 4636 Patre,
2221 4569 2456 4639 Spiritus
2485 4570 2757 4633 veritatis,
2793 4570 2882 4638 qui
2918 4585 2946 4621 a
2983 4569 3142 4622 Patre
3177 4566 3450 4636 procedit,
3483 4566 3573 4619 ille

2009 4664 2374 4719 testimonium
2407 4661 2715 4732 perhibebit
2743 4660 2812 4715 de
2839 4677 2924 4715 me
2941 4661 3005 4713 “.
3040 4679 3058 4712 ι
3085 4661 3380 4718 Considera
3412 4658 3574 4728 igitur

1997 4757 2450 4828 quemadmodum
2485 4754 2744 4825 Spiritum
2777 4769 2807 4808 a
2844 4753 2956 4808 Deo
2985 4764 3040 4809 et
3075 4753 3235 4806 Patre
3271 4754 3570 4820 proceden-

2000 4857 2141 4912 tem,
2177 4847 2422 4901 eumdem
2455 4847 2619 4900 etiam
2656 4845 2898 4900 veritatis
2934 4845 3206 4914 proprium
3245 4855 3366 4894 esse
3400 4839 3566 4905 dicit;

1997 4939 2111 5009 ipse
2149 4947 2325 4992 autem
2372 4953 2594 5008 prorsus
2632 4948 2716 4992 est
2759 4939 2956 4991 veritas
2979 4935 3045 4988 ".
3088 4933 3248 5002 Atqui
3291 4931 3336 4984 si
3381 4945 3568 4986 revera

1998 5045 2104 5085 non
2139 5029 2276 5084 Dens
2309 5031 2470 5084 homo
2503 5030 2678 5086 factus
2705 5039 2816 5094 est,
2847 5028 2939 5082 sed
2975 5029 3134 5080 homo
3167 5024 3344 5094 potius
3373 5031 3458 5078 est
3486 5025 3566 5078 di-

1996 5122 2175 5176 vinam
2205 5122 2649 5176 inhabitationem
2677 5132 2936 5190 tanquam
2965 5117 3334 5185 operationem
3358 5130 3462 5184 qua
3487 5115 3567 5167 di-
3601 5123 3604 5126 ‘

1997 5224 2153 5267 eatur
2207 5213 2432 5280 habens,
2465 5213 2734 5282 quomodo
2771 5213 2824 5265 in
2862 5225 2922 5263 se
2955 5208 3300 5263 credentibus
3342 5207 3431 5262 Dei
3471 5207 3570 5262 Pa-

1999 5305 2200 5371 trisque
2242 5303 2502 5373 Spiritum
2551 5315 2803 5370 tanqnam
2849 5301 3124 5369 proprium
3170 5315 3229 5355 se
3274 5301 3596 5354 missurum

1997 5394 2316 5464 pollicetur?
2345 5394 2479 5459 Sed,
2512 5404 2568 5448 ut
2590 5393 2703 5460 jam
2731 5392 2871 5459 dixi,
2906 5393 3042 5446 tanti
3075 5393 3316 5464 mysterii
3352 5391 3563 5460 magni-

1998 5486 2237 5541 tudinem
2273 5485 2339 5540 ad
2374 5485 2601 5540 nihilum
2639 5484 2860 5555 dejicit,
2892 5485 3137 5540 dividens
3170 5481 3564 5554 quodammodo

1998 5592 2093 5647 per
2122 5578 2364 5649 quaedam
2397 5592 2558 5648 opera
2595 5578 2740 5634 illam
2779 5588 2984 5635 sanctae
3012 5576 3296 5633 Trinitatis
3327 5573 3566 5632 cilicicn—

2106 5753 2150 5785 "
2175 5751 2329 5808 Joan.
2367 5767 2476 5819 xtv,
2507 5754 2558 5808 6.
