4002 6192
389 326 492 389 179

1424 330 1482 387 S.
1526 328 1802 387 CYRILLI
1841 328 2311 389 ALEXANDRINI
2353 328 2670 386 ARCIIIEP.

3554 329 3645 383 136

389 449 542 513 tiam,
581 453 629 501 el
674 446 868 513 cuique
906 420 1183 515 hypostasi
1227 442 1476 511 privatim
1525 444 1789 508 tribuens,
1825 446 1956 513 quod

2076 460 2176 515 στῃ
2208 462 2267 497 τε
2305 444 2412 498 τῶν
2445 435 2793 498 ὑποστάσεων
2825 438 3112 510 ἀπονέμων
3146 438 3348 502 ἱδικῶς,
3380 438 3409 490 ὃ
3451 440 3524 510 μὴ
3555 442 3647 494 πέ-

390 554 495 591 ηοη
539 536 668 592 fecit
711 536 903 590 altera.
948 536 1153 590 Rursus
1193 536 1265 589 ita
1306 536 1442 589 dixit
1478 553 1492 588 :
1534 532 1725 605 [Filius
1764 534 1957 603 elegit;

393 648 409 674 ι
445 624 556 693 Ego
580 625 747 686 enim.
774 624 970 693 inquit,
998 639 1096 678 vos
1124 624 1282 692 elegi.
1317 643 1336 675 ι
1370 623 1528 679 Pater
1552 624 1912 680 sanetilicavit
1942 641 1954 678 :

391 715 622 779 Spiritus
642 712 819 769 effecit
840 713 1132 785 oratores.]
1156 713 1200 769 Ο
1224 714 1571 769 immodicam
1597 724 1786 770 emota:
1811 732 1960 770 men-

389 803 459 857 tis
494 803 793 857 insaniam!
833 803 890 857 Si
923 803 1102 859 omnia
1142 803 1279 861 facta
1317 816 1447 860 sunt
1480 820 1510 859 a
1546 805 1707 860 Patre
1742 822 1836 875 per
1868 806 1959 861 Fi-

387 892 516 947 lium
550 895 602 948 in
637 894 874 963 Spiritu,
905 909 1083 965 neque
1110 895 1312 964 aliquid
1348 896 1464 951 ﬁeri
1498 898 1762 966 contingit
1793 915 1822 953 a
1852 898 1960 954 Deo

385 994 439 1036 ιιι
466 983 647 1049 Patre,
678 982 778 1038 nisi
810 985 911 1040 hoc
940 984 1059 1054 ipso
1089 987 1267 1053 modo,
1292 986 1383 1053 qui
1414 986 1530 1040 ﬁeri
1561 995 1739 1056 potest
1765 997 1823 1042 ut
1852 1004 1957 1042 non

384 1076 454 1128 sit
485 1074 644 1145 plane
669 1074 944 1143 stupidus,
968 1077 1059 1145 qui
1088 1076 1409 1131 immortalis
1443 1077 1586 1131 illius
1610 1087 1665 1132 et
1694 1080 1851 1133 unius
1878 1079 1958 1133 di-

387 1167 632 1222 vinitatis
657 1167 980 1237 quibusdam
1010 1167 1062 1222 in
1094 1169 1253 1222 rebus
1279 1167 1628 1236 operationes
1655 1169 1959 1239 bypostasi-

384 1253 486 1314 bus
523 1258 774 1328 privatim
811 1274 875 1313 ac
910 1258 1128 1329 proprie
1164 1258 1492 1328 impertitur,
1529 1274 1627 1314 nec
1659 1259 1839 1328 potius
1875 1258 1968 1312 afo-

386 1351 569 1404 iirmat
598 1350 807 1421 singula
839 1365 958 1420 qua:
988 1360 1274 1421 geruntur,
1302 1366 1331 1404 a
1365 1351 1527 1405 Patre
1554 1366 1649 1419 per
1678 1350 1870 1405 Filium
1907 1353 1957 1406 in

387 1440 590 1511 Spiritu
626 1456 745 1496 esse
778 1440 961 1496 facta?
993 1441 1127 1496 Nam
1162 1441 1206 1497 si
1242 1451 1328 1497 est
1359 1442 1528 1497 Filius
1558 1453 1614 1497 et
1647 1443 1954 1507 consilium,

384 1542 437 1583 et
464 1530 750 1598 sapientia,
775 1541 829 1586 et
852 1531 1022 1586 virtus
1049 1530 1227 1587 Patris
1246 1532 1314 1597 “,
1342 1547 1565 1603 prorsus
1588 1534 1770 1587 omnia
1800 1532 1959 1588 Pater

386 1636 483 1688 per
513 1621 707 1677 Filium
744 1632 1000 1693 tanquam
1032 1639 1127 1693 per
1156 1624 1436 1679 consilium
1468 1633 1522 1680 et
1552 1625 1872 1693 sapientiam
1905 1633 1959 1679 et

385 1713 642 1767 virtutem
681 1714 1017 1783 operabitur.
1047 1712 1137 1769 Sic
1170 1716 1495 1784 optimorum
1532 1715 1713 1770 habita
1751 1718 1958 1770 ratione

2068 554 2278 608 πραχεν
2309 540 2343 608 ἡ
2380 538 2562 604 ἑτέρα.
2586 534 2755 587 Πάλιν
2782 526 2883 586 ὧδέ
2911 531 3169 601 φησιν”Ο
3195 530 3323 594 Υἱὸς
3343 530 3646 597 ἐξελέξατο·

2068 628 2253 696 «Ἐγὼ
2306 630 2436 699 γὰρ,
2483 626 2669 697 φησὶν,
2713 625 2857 695 ὑμᾶς
2907 621 3269 693 ἐξελεξάμηνο
3305 641 3322 673 ι
3379 624 3408 674 6
3459 624 3649 693 Πατὴρ

2062 721 2294 793 ήγίασε·
2346 718 2409 771 τὸ
2453 716 2677 787 Πνεῦμα
2724 715 3094 770 κατεσκεύασε
3144 714 3400 786 ῥήτορας,
3431 716 3494 767 Ὢ
3547 715 3647 785 τῆς

2064 814 2306 883 ἀμέτρου
2344 809 2784 881 φρενοϐλαϐείας.
2821 808 2886 860 El
2921 806 3100 860 πάντα
3131 805 3323 873 γέγονε
3361 805 3514 875 παρά
3551 805 3647 858 τοῦ

2066 903 2278 973 Πατρὺς
2314 902 2381 954 δι’
2415 900 2545 954 Υίοῦ
2576 902 2632 953 ἐν
2672 892 2972 967 Πνεύματι,
3007 897 3106 950 καὶ
3133 897 3234 949 οὑκ
3277 896 3342 950 ἄν
3378 914 3429 949 τι
3473 896 3649 968 δρῷτο

2066 994 2223 1066 παρὰ
2263 992 2358 1046 τοῦ
2401 991 2536 1045 Θεοῦ
2581 991 2676 1045 καὶ
2720 989 2955 1060 Πατρὸς,
2994 988 3136 1059 πλὴν
3163 989 3245 1041 ὅτι
3288 986 3430 1040 κατά
3460 989 3649 1040 τοῦτον

2065 1087 2227 1141 αὑτὸν
2255 1085 2347 1138 τὸν
2384 1083 2607 1156 τρόπον,
2635 1082 2753 1146 πῶς
2786 1082 2892 1134 οὑκ
2933 1080 3284 1151 ἀπόπληκτος
3324 1081 3408 1150 εἴη
3453 1079 3518 1133 ἂν
3550 1079 3647 1132 καὶ

2063 1180 2208 1252 μὰλα
2231 1179 2476 1241 εἰκότως,
2498 1179 2526 1230 6
2550 1179 2668 1239 ταῖς
2696 1174 3026 1228 ὑποστάσεσι
3049 1172 3434 1244 καταμερίζων
3459 1172 3646 1235 ίδικῶς

2058 1269 2157 1333 τὰς
2186 1266 2277 1321 ὲπί
2308 1267 2372 1337 γέ
2398 1282 2539 1321 τισιν
2568 1263 2866 1335 ἐνεργείας,
2900 1262 3003 1332 τῆς
3049 1262 3330 1333 ἀκηράτου
3376 1260 3468 1313 καὶ
3512 1262 3645 1330 μιᾶς

2060 1357 2311 1427 θεότητος
2330 1368 2344 1382 ⁸
2382 1355 2471 1409 καὶ
2508 1354 2627 1423 οὑχὶ
2647 1354 2710 1426 δὴ
2748 1352 2947 1423 μᾶλλον
2973 1350 3183 1404 ἕκαστα
3217 1350 3326 1402 τῶν
3347 1349 3643 1420 δρωμένων

2060 1446 2370 1520 πεπρᾶχθαι
2404 1444 2884 1514 διαϐεϐαιούμενος
2922 1442 3070 1514 παρὰ
3092 1442 3309 1512 Πατρὸς
3333 1441 3399 1493 δι’
3433 1440 3561 1493 Υὶοῦ
3586 1443 3645 1493 ἐν

2060 1538 2374 1608 Πνεύματι;
2409 1538 2473 1591 Εἰ
2503 1536 2611 1605 γάρ
2642 1537 2788 1587 ἐστιν
2825 1535 2855 1586 6
2890 1534 3020 1596 Υἱὸς
3046 1533 3140 1585 καὶ
3172 1530 3336 1602 βουλὴ
3362 1531 3454 1584 καὶ
3483 1530 3644 1600 σοφία

2058 1630 2153 1683 καὶ
2186 1628 2413 1699 δύναμις
2443 1627 2533 1680 τοῦ
2573 1626 2803 1702 Πατρὺς,
2840 1624 3021 1678 πάντα
3051 1640 3152 1675 που
3189 1622 3427 1683 πάντως,
3452 1620 3528 1683 ὠς
3555 1620 3646 1673 διὰ

2061 1720 2256 1790 βουλῆς
2282 1719 2376 1773 καὶ
2409 1717 2599 1787 σοφίας
2629 1718 2723 1770 καὶ
2751 1716 3035 1785 δυνάμεως
3067 1715 3095 1766 6
3130 1712 3316 1783 Πατὴρ
3348 1711 3645 1782 ἐργάσεται

388 1801 678 1869 discipulos
704 1802 886 1873 elegit,
915 1803 993 1858 sic
1014 1803 1123 1870 jam
1154 1803 1355 1860 electos
1381 1803 1611 1859 dicimus
1640 1803 1807 1859 fuisse
1832 1820 1956 1858 san-

2059 1816 2123 1869 δι’
2149 1812 2300 1867 Υίοῦ.
2327 1812 2513 1876 Οῦτως
2559 1810 2819 1883 ἀριστίνδ⁹
2865 1808 3199 1870 ἀπολέκτους
3244 1807 3480 1858 ἐποιεῖτο
3516 1807 3647 1869 τοὺς

388 1892 676 1956 ctiiicatos,
702 1892 779 1947 sic
808 1893 977 1948 factos
1000 1903 1266 1958 oratores,
1296 1903 1550 1963 tanquam
1580 1909 1644 1948 es
1673 1908 1778 1948 una
1804 1894 1957 1947 vide-

388 1982 513 2037 licet
538 1983 769 2048 deitate,
795 1998 824 2037 a
853 1982 1015 2039 Patre
1041 1999 1135 2052 per
1156 1983 1349 2038 Filium
1380 1985 1431 2038 in
1462 1984 1687 2054 Spiritu.
1724 2002 1743 2036 ι
1776 1983 1954 2050 Pater,

388 2076 592 2144 inquit,
636 2085 850 2143 sancte,
895 2077 1171 2133 sanctiﬁca
1224 2077 1345 2132 illos
1394 2076 1446 2130 in
1491 2077 1719 2130 veritate
1768 2085 1877 2132 tua.
1930 2094 1949 2128 ι

388 2166 705 2224 Sanctiﬁcat
736 2184 867 2239 ergo
902 2169 1016 2240 ipsa
1048 2168 1281 2235 Veritas,
1320 2169 1422 2224 hoc
1455 2177 1556 2233 est,
1594 2167 1765 2223 Filius
1800 2182 1816 2224 :
1854 2168 1956 2221 im-

388 2256 554 2310 mittit
594 2257 758 2313 etiam
799 2267 1049 2314 sanctum
1090 2258 1351 2326 Spiritum
1398 2258 1668 2323 similiter,
1703 2267 1758 2313 et
1793 2257 1957 2312 cilicii

388 2349 691 2417 sapientes,
724 2364 787 2404 ac
820 2365 922 2420 per
944 2350 1119 2405 sancti
1155 2350 1390 2418 Spiritus
1421 2349 1790 2419 operationem
1827 2348 1956 2403 relic

386 2439 536 2506 giose
563 2439 895 2509 eloquentes.
927 2441 1110 2510 itaque
1141 2440 1193 2494 in
1230 2440 1466 2495 Μαιωιωί
1497 2440 1790 2509 Evangelia
1820 2440 1957 2493 dixit

386 2528 666 2598 discipulis
695 2530 809 2585 suis
838 2547 854 2586 :
890 2547 909 2581 ι
943 2530 1077 2585 Cum
1109 2530 1429 2585 tradiderint
1456 2544 1581 2594 vos,
1614 2530 1778 2585 nolite
1806 2531 1965 2601 cogi-.

388 2629 436 2671 In
446 2632 501 2673 re
520 2621 788 2689 quomodo
810 2631 903 2676 aut
925 2622 1051 2692 quid
1074 2622 1364 2692 loquamini
1382 2640 1398 2690 ;
1418 2622 1634 2678 dabitur
1646 2623 1788 2678 enim
1805 2623 1958 2677 vobis

388 2709 441 2762 in
473 2709 558 2763 illa
594 2711 723 2765 liora
752 2713 882 2782 quid
914 2713 1227 2783 loquamini.
1254 2713 1370 2769 Non
1401 2715 1548 2770 enim
1576 2730 1672 2771 vos
1701 2716 1836 2770 estis
1862 2713 1956 2784 qui

390 2801 710 2871 loquimiui',
738 2805 831 2859 sed
862 2804 1097 2873 Spiritus
1127 2805 1303 2863 Patris
1326 2807 1490 2863 vestri
1521 2809 1611 2877 qui
1643 2806 1876 2878 loquitur
1904 2811 1956 2861 in

391 2892 547 2964 103
574 2895 722 2950 vobis
739 2895 804 2949 ⁸⁷.
836 2915 854 2949 ι
884 2896 938 2951 1η
968 2896 1125 2953 Lucae
1152 2909 1329 2954 autem
1362 2898 1652 2971 Evangelio
1677 2917 1691 2955 :
1720 2919 1738 2953 ι
1770 2899 1959 2955 Ponite

386 3002 516 3055 ergo
551 2988 602 3043 in
639 2988 892 3043 cordibus
930 2992 1121 3047 vestris
1159 3007 1265 3047 non
1305 2994 1663 3063 prmmeditari
1697 2996 1950 3065 quemad-

386 3078 602 3132 modum
633 3082 1026 3149 respondeatis.
1049 3081 1161 3154 Ego
1184 3084 1328 3140 enim
1358 3085 1497 3141 dabo
1519 3086 1673 3140 vobis
1700 3101 1761 3142 os
1787 3094 1842 3139 et
1867 3101 1957 3140 sa-

384 3169 662 3237 pientiam,
689 3171 772 3226 cui
806 3189 910 3228 non
940 3184 1189 3242 poterunt
1217 3177 1592 3232 contradicere
1620 3188 1675 3232 et
1703 3178 1957 3233 resistere

384 3275 571 3316 omnes
612 3264 906 3318 adversarii
951 3266 1114 3319 vestri
1140 3266 1204 3320 ".
1262 3285 1280 3318 ι
1325 3267 1564 3321 Audisne
1604 3269 1956 3336 quemadmo-

386 3354 534 3416 dum,
571 3352 823 3422 loquente
858 3355 909 3407 in
947 3355 1077 3424 ipsis
1110 3367 1300 3412 sancto
1337 3358 1564 3426 Spiritu,
1593 3362 1704 3430 ipse
1736 3362 1828 3415 dat
1859 3362 1959 3415 os?

384 3452 467 3497 est
500 3444 645 3498 enim
678 3446 946 3498 sermonis
980 3446 1135 3500 dator
1168 3458 1353 3517 utpote
1400 3449 1636 3505 Verbum
1683 3460 1741 3505 et
1778 3448 1957 3521 Spiri-

388 3543 475 3587 tus
514 3534 768 3599 trilmtor,
807 3546 865 3587 ut
899 3534 987 3603 qui
1029 3535 1174 3591 illum
1209 3539 1482 3607 proprium
1505 3540 1828 3596 natttraliter
1860 3543 1956 3596 Ita-

387 3625 532 3691 bcat,
566 3624 707 3679 sicut
737 3626 899 3695 etiam
932 3627 1044 3694 ipse
1077 3626 1254 3682 Pater.
1285 3629 1484 3684 Eadem
1517 3632 1677 3699 igitur
1702 3643 1957 3702 operatur

385 3725 572 3769 stricta
606 3715 867 3779 Trinitas,
902 3727 953 3772 et
985 3733 1321 3788 quaecunque
1371 3723 1600 3790 gesserit
1633 3740 1696 3778 ac
1730 3724 1958 3780 voluerit

385 3805 547 3860 Pater
578 3807 819 3872 emcere,
855 3810 1042 3864 eadem
1078 3821 1131 3864 et
1168 3810 1335 3866 Filius
1369 3814 1558 3867 eodem
1599 3816 1755 3870 modo
1789 3815 1955 3881 facit,

386 3897 744 3969 similiterque
786 3899 1020 3970 Spiritus
1059 3914 1303 3960 sanctus.
1344 3907 1580 3977 Singulis
1618 3923 1746 3964 vero
1788 3909 1957 3979 hypo-

385 3990 620 4045 stasibus
663 3993 900 4048 tribuere
940 3997 1169 4050 seorsim
1214 3999 1557 4065 operationcs
1597 4001 1796 4069 cuique
1833 4017 1958 4071 pro-

383 4081 551 4148 prias,
584 4083 719 4138 nibil
752 4093 836 4140 est
867 4085 1012 4141 aliud
1045 4103 1207 4156 quam
1243 4099 1350 4145 tres
1385 4091 1612 4146 scorsim
1646 4101 1702 4147 et
1734 4108 1957 4161 prorsus

385 4172 523 4226 inter
552 4188 612 4228 se
643 4173 935 4242 disiunctus
966 4178 1094 4233 deos
1122 4182 1490 4246 pronuntiare.
1522 4181 1657 4235 Nam
1686 4182 1738 4236 iu
1769 4193 1957 4238 sancta

385 4262 671 4329 Trinitate,
704 4265 791 4318 illa
825 4268 1088 4323 naturalis
1120 4270 1344 4323 unitatis
1374 4270 1512 4324 ratio
1539 4286 1698 4325 unam
1731 4287 1958 4341 prorsus

387 4355 438 4407 in
466 4355 718 4410 omnibus
742 4358 997 4426 operibus
1025 4360 1317 4415 motionem
1344 4364 1599 4417 ostendit.
1624 4364 1776 4430 Quod
1803 4366 1847 4418 si
1876 4366 1960 4419 di-

2062 1904 2308 1976 μαθητάς
2325 1918 2338 1932 °
2368 1901 2541 1967 οὕτως
2569 1900 2829 1971 ἡγιάσθαι
2850 1900 3030 1969 φαμὲν
3051 1899 3176 1960 τοὺς
3198 1896 3638 1966 ἐξειλεγμένους

2056 1997 2201 2051 οῦτω
2226 1993 2554 2066 γεγενῆσθαι
2585 1994 2842 2065 ῥήτορας,
2873 1990 2948 2053 ὡς
2982 1992 3046 2043 ὲκ
3083 1992 3210 2059 μιᾶς
3245 1988 3493 2058 δηλονότι
3523 1988 3646 2041 θεό-

2056 2106 2239 2161 τητος,
2267 2086 2418 2158 παρά
2449 2085 2661 2156 Πατρὸς
2705 2084 2771 2137 δι’
2799 2082 2932 2136 Υίοῦ
2973 2084 3031 2135 ἐν
3073 2081 3372 2152 Πνεύματι.
3413 2100 3430 2132 ι
3464 2081 3648 2152 Πάτερ

2056 2181 2166 2251 γὰρ
2196 2180 2342 2245 ἅγιε,
2368 2178 2556 2249 φησὶν,
2579 2176 2804 2245 ἁγίασον
2830 2174 3028 2237 αὑτοὺς
3059 2173 3118 2225 ὲν
3137 2175 3203 2244 τῇ
3228 2171 3456 2243 ἀληθείᾳ
3481 2189 3593 2224 σου.
3621 2190 3640 2221 ι

2069 2271 2310 2341 Ἀγιάζει
2348 2271 2529 2323 τοίνυν
2555 2272 2588 2340 ή
2630 2267 2879 2338 ἀλήθεια,
2914 2264 3191 2318 τουτέστιν
3222 2267 3250 2318 6
3279 2264 3406 2327 Υἱός
3426 2281 3439 2294 ·
3471 2263 3646 2334 ἐνίησι

2056 2364 2113 2417 δὲ
2144 2365 2238 2417 καὶ
2258 2362 2462 2434 ,ὁμοίως
2492 2361 2587 2415 καὶ
2615 2357 2906 2426 ἀποφαίνει
2941 2356 3162 2424 σοφοὺς,
3196 2356 3289 2409 καὶ
3319 2356 3408 2408 διὰ
3428 2355 3523 2425 τῆς
3550 2353 3645 2406 τοῦ

2056 2455 2213 2524 ἁγίου
2244 2453 2560 2523 Πνεύματος
2605 2449 2717 2522 [ίσ.
2744 2449 2807 2502 τὸ
2850 2448 3004 2516 ἁγιον
3032 2447 3281 2520 Πνεῦμα]
3341 2447 3639 2517 ἐνεργείας,

2056 2544 2319 2615 θεοφιλῶς
2355 2540 2928 2612 κατεγλωττισμένους
2977 2538 3105 2611 [ισ.
3143 2537 3643 2607 κατευγλωττισμέι-

2057 2637 2385 2710 νους].”Εφη
2412 2635 2543 2705 γοῦν
2578 2637 2636 2689 ὲν
2671 2634 2771 2705 μὲν
2800 2636 2866 2705 τῇ
2906 2632 3000 2686 τοῦ
3027 2630 3303 2686 Ματθαίου
3343 2631 3636 2699 συγγραφῇ

2058 2731 2195 2803 πρὸς
2221 2730 2347 2793 τοὺς
2377 2727 2577 2782 ἑαυτοῦ
2609 2725 2878 2798 μαθητὰς,
2923 2744 2941 2777 ι
2966 2724 3136 2777 Ὅταν
3172 2723 3232 2776 δὲ
3272 2720 3642 2792 παραδίδωσιν

2050 2816 2170 2889 [Ian
2207 2818 2602 2892 παραδιδῶσιν]
2654 2819 2830 2888 ὑμᾶς,
2869 2816 2942 2886 μὴ
2989 2814 3365 2886 μεριμνήσητε
3414 2810 3557 2875 πῶς,
3606 2809 3640 2881 ἦ

2058 2914 2110 2967 τι
2138 2913 2441 2984 λαλήσητε·
2476 2911 2758 2983 δοθήσεται
2789 2911 2898 2980 γάρ
2928 2909 3057 2979 ὑμῖν
3094 2909 3153 2960 ὲν
3189 2907 3372 2976 ἐκείνῃ
3402 2907 3468 2975 τῇ
3496 2903 3640 2974 ὥρᾳ,

2058 3007 2113 3061 τί
2142 3006 2402 3076 λαλήσετε
2421 3021 2437 3037 ’
2468 3005 2527 3059 οὐ
2562 3003 2671 3074 γὰρ
2701 3003 2858 3073 ὑμεῖς
2903 3004 3027 3054 ἐστε
3069 3003 3118 3053 oi
3164 2996 3474 3060 λαλοῦντες,
3504 2995 3641 3049 ἀλλά

1985 3133 2026 3189 C
2060 3097 2120 3152 τὸ
2167 3097 2390 3168 Πνεῦμα
2433 3095 2526 3150 τοῦ
2574 3095 2785 3166 Πατρδς
2831 3092 2985 3165 ὑμῶν
3027 3091 3087 3145 τὸ
3129 3087 3323 3189 λαλοῦν
3349 3090 3407 3141 ὲν
3423 3088 3582 3189 ὑμῖν.
3615 3104 3634 3138 ο

2062 3189 2160 3243 Διά
2191 3189 2247 3243 δέ
2284 3205 2349 3256 γε
2390 3189 2486 3258 τῆς
2518 3185 2611 3239 τοῦ
2646 3186 2858 3239 Λουκᾶ·
2892 3203 2911 3235 ι
2940 3183 3111 3237 Θέσθε
3142 3177 3237 3235 οὖν
3268 3182 3325 3234 ὲν
3353 3182 3473 3243 ταῖς
3500 3196 3641 3250 καρο

2059 3280 2199 3344 δίαις
2233 3277 2388 3350 ὑμῶν
2439 3275 2514 3349 μὴ
2545 3277 2883 3347 προμελετᾷν
2921 3273 3323 3345 ἀπολογηθῆναι
3344 3290 3359 3304 ·
3390 3270 3499 3341 ἐγὼ
3533 3271 3641 3338 γὰρ

2059 3371 2216 3425 δώσω
2245 3372 2374 3442 ὑμῖν
2403 3372 2577 3440 στόμα
2618 3369 2714 3423 καὶ
2750 3369 2963 3436 σοφίαν,
3058 3368 3119 3419 οὑ
3162 3366 3480 3438 δυνήσονται
3515 3365 3640 3417 ἀντ-

2060 3466 2255 3527 ειπεῖν,
2287 3464 2320 3535 ἢ
2357 3464 2676 3533 ἀντιστῆναι
2712 3460 2912 3523 πάντες
2955 3460 3005 3513 οἱ
3036 3450 3397 3528 ἀντικείμενοι
3434 3456 3581 3527 ὑμῖν.
3618 3473 3636 3505 ι

2073 3556 2317 3618 Ἀκούεις
2346 3555 2493 3618 ὅπως
2523 3553 2812 3617 λαλοῦντος
2845 3555 2902 3607 ὲν
2928 3552 3111 3615 αὐτοῖς
3144 3549 3237 3603 τοῦ
3281 3550 3436 3619 ἁγίου
3470 3548 3640 3602 Πνεύ-

2064 3664 2252 3717 ματος,
2289 3646 2450 3709 αὑτὸς
2478 3644 2661 3698 δίδωσι
2697 3644 2755 3698 τὸ
2784 3643 2987 3713 στέμα;
3022 3642 3182 3710 λόγου
3208 3641 3317 3711 γάρ
3344 3643 3456 3693 ἐστι
3479 3639 3642 3707 δοτὴρ

2060 3739 2136 3800 ὡς
2173 3737 2365 3806 Λόγος,
2402 3735 2857 3806 καὶ.Πνεύματος
2900 3737 3151 3810 χορηγὸς,
3183 3734 3259 3795 ὡς
3311 3732 3442 3785 ἴδιον
3499 3730 3640 3799 ἔχων

2058 3828 2190 3882 αὑτὸ
2218 3826 2484 3896 φυσικῶς,
2517 3827 2657 3881 καθὰ
2690 3828 2785 3880 καὶ
2819 3826 2978 3887 αὐτὸς
3009 3827 3037 3878 6
3075 3823 3641 3896 Πατήρ.Ταυτοεργεί

2063 3920 2163 3990 μὲν
2198 3916 2290 3972 οὖν
2334 3923 2366 3989 ἡ
2413 3919 2545 3987 ἁγία
2576 3919 2766 3989 Τριάς,
2799 3918 2893 3972 καὶ⁵
2918 3917 3061 3987 ἆπερ
3099 3916 3165 3970 ἂν
3191 3914 3336 3987 δρώῃ
3383 3915 3475 3966 καὶ
3510 3910 3637 3982 βού-

2057 4010 2202 4064 λοιτο
2230 4008 2529 4081 κατορθοῦν
2561 4012 2589 4063 ὁ
2620 4008 2828 4080 Πατὴρ,
2859 4008 3031 4061 ταῦτα
3060 4007 3155 4060 καὶ
3184 4007 3212 4058 6
3234 4005 3359 4067 Υἱὸς
3380 4005 3523 4057 κατὰ
3548 4001 3638 4054 τὸν

2060 4102 2174 4156 ἴσον
2216 4103 2446 4173 τρόπον·
2483 4101 2685 4171 ὁμοίως
2719 4102 2778 4154 δὲ
2805 4101 2897 4153 καὶ
2928 4099 2988 4153 τὸ
3017 4098 3260 4169 Πνεῦμα.
3290 4096 3365 4149 T6
3413 4112 3477 4163 γε
3532 4095 3638 4165 μὴν

2059 4196 2162 4251 ἀνά
2213 4196 2376 4268 μέρος
2406 4193 2605 4248 διδόναι
2637 4194 2737 4256 τὰς
2771 4191 3050 4262 ἐνεργείας
3096 4190 3300 4261 ἑκάστῃ
3350 4188 3458 4241 τῶν
3507 4187 3638 4239 ὑπο-

2060 4290 2305 4343 στάσεων
2338 4287 2539 4350 ἱδικῶς,
2566 4285 2716 4339 οὐδὲν
2748 4283 2936 4354 ἕτερον
2965 4286 3135 4345 ἐστιν,
3161 4282 3194 4353 ἦ
3225 4283 3374 4352 τρεῖς
3402 4277 3506 4333 ἀνά
3541 4277 3639 4348 μέ-

2062 4396 2152 4449 ρος
2177 4378 2271 4431 καὶ
2298 4376 2603 4448 όλοτρόπως
2645 4373 2891 4446 ἀλλήλων
2914 4373 3285 4444 διεστηκότας,
3313 4371 3638 4439 ἀποφαίνειν

384 4459 590 4509 camus,
621 4461 744 4501 cum
782 4464 885 4501 una
923 4449 1225 4518 bypostasis
1262 4463 1504 4509 movetur
1535 4455 1599 4507 ad
1634 4470 1790 4524 opus,
1829 4456 1951 4511 reli~

2059 4469 2232 4531 θεούς.
2265 4470 2322 4521 '0
2359 4468 2456 4538 μὲν
2500 4468 2608 4536 γὰρ
2649 4467 2749 4534 τῆς
2789 4466 3024 4535 φυσικῆς
3067 4464 3315 4535 ἑνότητος
3346 4463 3504 4531 λόγος
3547 4460 3639 4514 ἐπὶ

383 4552 519 4604 quas
548 4538 679 4591 duas
708 4538 840 4593 nihil
867 4554 1046 4609 agere,
1077 4544 1348 4611 quomodo
1380 4545 1564 4612 negari
1598 4549 1794 4613 poterit
1823 4549 1951 4615 quin

382 4642 642 4698 eorporea
660 4629 948 4685 inducatur
962 4634 1151 4699 sectio,
1172 4637 1553 4705 propemodum
1576 4636 1750 4692 locum
1771 4655 1957 4707 quem-

382 4723 504 4773 dam
549 4721 774 4790 singulis
816 4722 1199 4793 ltypostasibus
1244 4727 1509 4793 tribuens,
1550 4743 1616 4781 eo
1660 4730 1774 4797 ipso
1814 4732 1955 4800 quod

380 4824 535 4867 extra
578 4814 814 4884 reliquas
852 4825 908 4870 et
947 4815 1195 4885 abjuncta
1237 4821 1522 4890 cogitatur,
1563 4838 1666 4875 non
1704 4837 1770 4877 eo
1813 4824 1953 4892 quod

383 4904 596 4974 proprie
625 4906 899 4972 subsistit,
933 4908 985 4964 id
1015 4910 1158 4964 enim
1187 4926 1312 4966 vere
1343 4912 1564 4980 dicitur,
1596 4913 1690 4969 sed
1723 4916 1865 4983 quod
1899 4914 1950 4968 in

382 4993 639 5066 cujusque
666 4998 740 5052 rei
769 4998 1100 5067 diversitate,
1130 5002 1393 5081 rationem
1420 5018 1539 5072 quae
1560 5005 1628 5058 ad
1654 5005 1955 5059 naturalem

384 5088 644 5143 unitatem
674 5090 892 5161 colligat
938 5108 1044 5148 non
1076 5095 1315 5163 patitur?
1338 5088 1455 5153 Una
1486 5098 1628 5151 enim
1657 5099 1956 5152 divinitatis

387 5187 579 5233 natura
607 5181 661 5234 iu
693 5192 880 5237 sancta
910 5194 962 5239 et
994 5185 1438 5241 consubstantiali
1465 5186 1731 5242 'l'rinitate
1762 5188 1955 5242 intelli-

383 5269 547 5338 gitur.
575 5269 674 5324 Hie
708 5283 884 5327 autem
926 5277 1098 5331 bonus
1129 5277 1209 5331 vir
1241 5278 1406 5332 Deum
1436 5277 1670 5335 Verbum
1709 5279 1816 5334 Deo
1852 5279 1953 5334 Pa-

384 5362 564 5430 trique
600 5364 1059 5424 consubstantiale
1097 5370 1320 5439 perinde
1352 5388 1415 5427 ac
1450 5371 1492 5425 si
1525 5372 1799 5442 ignoraret
1834 5388 1955 5427 esse

385 5450 584 5505 factum
610 5452 905 5519 hominem,
935 5474 1038 5511 non
1067 5460 1370 5529 abjiciendo
1397 5463 1538 5532 quod
1570 5464 1706 5520 Deus
1733 5472 1835 5530 est,
1862 5465 1953 5519 sed

384 5539 560 5610 pilius
592 5545 915 5598 assumenda
951 5549 1090 5615 quod
1129 5565 1229 5603 non
1269 5563 1407 5617 erat,
1442 5554 1601 5610 audet
1637 5563 1951 5608 extenuare.

457 5716 549 5771 “l
590 5719 712 5776 Cor.
752 5736 786 5781 ι.
830 5720 916 5773 Eii.

2058 4562 2161 4631 τῆς
2185 4560 2349 4627 ἁγίας
2376 4558 2626 4629 Τριὰδος,
2652 4558 2781 4628 μίαν
2815 4556 2877 4628 δή
2916 4574 3017 4609 που
3053 4556 3153 4626 τὴν
3193 4554 3277 4624 ἐφ’
3312 4555 3485 4608 ἅπασι
3527 4561 3639 4622 τοῖς

2060 4651 2358 4723 δρωμένοις
2387 4650 2677 4719 ἀποφαίνει
2705 4649 2935 4720 κίνησιν.
2976 4650 3037 4702 Ei
3066 4648 3125 4702 δὲ
3157 4648 3221 4719 δὴ
3250 4648 3525 4721 λέγοιμεν,
3559 4650 3638 4702 ὅτι

2063 4744 2192 4813 μιᾶς
2226 4742 2595 4804 ὑποστάσεως,
2626 4737 2736 4794 οἷον
2767 4743 2847 4804 εἰς
2873 4739 3011 4810 ἔργα
3045 4740 3430 4811 κεκινημένης,
3460 4740 3644 4810 ἀπρα-

2059 4832 2308 4902 κτήσειεν
2340 4830 2421 4885 ἂν
2444 4832 2497 4883 αί
2527 4830 2641 4893 δύο,
2679 4827 2795 4892 πῶς
2821 4829 2883 4882 οὑ
2913 4832 3112 4899 παχεῖα
3140 4829 3280 4900 τομὴ
3317 4828 3643 4898 παρεισκρί-

2058 4940 2230 4984 νεται,
2264 4921 2430 4974 τόπον
2469 4920 2658 4991 ὦτπερ
2705 4921 2828 4975 τινὰ
2875 4919 2983 4973 τῶν
3029 4920 3382 4974 ὑποστάσεων
3434 4919 3642 4990 ἑκάστῃ

2065 5014 2327 5085 νέμουσα,
2357 5013 2436 5078 τὸ,
2471 5012 2576 5077 ἔξω
2612 5030 2673 5066 τε
2721 5012 2816 5066 καὶ
2855 5009 3355 5082 ἀπεσχοινισμένως
3402 5007 3641 5064 νοεῖσθαι

2065 5106 2172 5159 τῶν
2224 5105 2421 5169 ἄλλων,
2458 5105 2521 5159 οὑ
2573 5106 2715 5159 κατὰ
2761 5122 2822 5173 γε
2872 5103 2932 5158 τὸ
2977 5104 3245 5175 ὑπάρχειν
3303 5101 3637 5165 ἰδιοστάτως,

2061 5193 2219 5248 τοῦτο
2240 5194 2346 5267 γὰρ
2370 5194 2570 5264 ἀληθές
2586 5213 2598 5224 ο
2626 5194 2742 5247 ἀλλ’
2767 5194 2843 5258 ὼς
2872 5195 2929 5246 ὲν
2951 5195 3016 5263 τῇ
3039 5191 3182 5247 κατά
3204 5193 3312 5245 πᾶν
3334 5191 3637 5261 ἑτερότητι,

2064 5285 2138 5357 μὴ
2176 5287 2476 5356 ἀνεχομένη
2520 5286 2676 5354 λόγου
2712 5285 2815 5345 τοῦ
2851 5285 3263 5357 συναγείροντος
3302 5285 3381 5346 είς
3411 5284 3644 5354 ἑνότητα

2061 5377 2297 5447 φυσικήν
2319 5395 2332 5441 ;
2357 5377 2470 5430 Μία
2489 5377 2598 5447 γὰρ
2622 5377 2874 5448 θεότητος
2906 5376 3068 5445 φύσις
3090 5376 3148 5427 ὲν
3175 5375 3307 5444 ἁγίᾳ
3333 5372 3426 5427 καὶ
3454 5374 3645 5441 ὁμοουο

2063 5465 2163 5535 σίῳ
2194 5467 2393 5518 νοεῖται
2427 5465 2714 5534 Τριὰδι.⁹0
2740 5464 2796 5517 δὲ
2825 5462 3059 5533 χρηστὸς
3085 5460 3288 5523 οὑτοσὶ,
3322 5459 3414 5511 τὸν
3441 5455 3641 5526 όμοοὺ-

2063 5569 2175 5605 σιον
2213 5551 2292 5622 τῷ
2317 5552 2436 5625 Θεῷ
2460 5554 2553 5607 καὶ
2582 5554 2755 5624 Πατρὶ
2782 5554 2916 5607 Θεὸν
2945 5553 3133 5620 Λόγον,
3157 5551 3232 5615 ὡς
3260 5549 3361 5603 οὐκ
3381 5545 3534 5611 εἰδὼς
3556 5546 3643 5601 ὃτι

996 5723 1037 5751 ⁶⁷
1074 5721 1259 5778 Μςιιιιι.
1302 5741 1353 5787 x,
1396 5724 1478 5787 l9,
1513 5726 1602 5780 20.
1681 5726 1724 5774 “.
1758 5727 1889 5783 Luc.
1921 5742 2036 5793 ιιι.
2080 5727 2167 5795 l-i,
2196 5728 2280 5783 15.
