4002 6192
337 243 430 299 181
1415 258 1782 315 ADVERSUS
1821 258 2224 321 NESTORlUM
2265 264 2394 320 LIB.
2435 265 2521 319 IV.
3523 279 3630 334 {82

343 356 561 422 γέγονεν
599 356 942 430 ἄνθρωπος,
978 367 1038 420 οὗ
1086 367 1146 422 τὸ
1185 366 1322 423 εἶναι
1361 373 1494 435 Θεὸς
1540 375 1943 446 ἀποϐεϐληκὼς,

2057 379 2189 432 Nam
2224 397 2344 435 cum
2374 391 2562 437 sancto
2593 381 2836 452 Spiritui,
2872 391 2930 440 ut
2958 384 3158 441 dictum
3190 395 3290 452 est,
3322 390 3622 458 patrocine-

348 449 731 518 προσειληφὼς
752 453 1070 526 δὲμᾶλλον
1096 463 1233 532 ὅπερ
1258 464 1358 516 οὐκ
1382 460 1470 534 ἦν,
1495 467 1943 538 κατασμικρύνειι

2064 479 2169 536 tur,
2208 471 2400 526 Filium
2437 472 2596 528 allicit
2630 449 2857 543 injuria,
2890 477 2980 532 ubi
3015 449 3414 536 adversus—Arii
3455 492 3630 538 secta-

342 538 644 609 ἀποτολμᾷ.
703 541 1098 616 Συναγορεύει
1148 550 1248 619 μὲν
1296 551 1437 623 γὰρ,
1489 553 1566 617 ὡς
1623 554 1854 626 εἴρηται,
1884 556 1943 626 τίῖ

2059 569 2206 616 tores
2236 564 2306 616 ita
2342 565 2493 620 dicit.

343 628 478 700 ἁγίῳ
504 629 826 701 Πνεῦματι,
866 655 942 690 πε
952 640 1222 710 ριυϐρίζει
1251 643 1306 695 δὲ
1336 645 1426 696 τὸν
1447 646 1596 710 Υίδν,
1618 647 1759 700 οὕτω
1788 649 1960 716 λέγων

344 719 475 806 πρός
505 737 661 783 τινας
689 722 812 776 τῶν
843 727 924 781 τὰ
959 729 1172 800 Ἀρείου
1203 736 1417 803 φρονεῖν
1447 737 1754 806 ᾑρημένων.

413 805 693 880 [ﬂlaciam
749 817 929 884 φησι,
983 820 1083 890 τὴν
1131 823 1210 884 είς
1253 823 1416 877 αὑτὸν
1458 829 1943 896 κατασκευάζοντε;

2139 825 2398 897 [Νεετοιι.
2437 825 2714 896 Majorem,
2743 828 2936 895 inquit,
2964 829 3016 883 in
3046 830 3218 899 ipsum
3248 805 3520 887 struentes
3550 835 3628 888 in-

348 898 522 992 ὓβριν.
538 902 635 954 καὶ
660 903 725 956 τὸ
744 906 994 979 Πνεῦμα
1015 913 1112 980 τῆς
1133 913 1280 977 Θείας
1302 917 1696 988 ἀποτέμνοντες
1721 923 1943 990 φύσεως1

2053 916 2275 986 juriam,
2303 926 2357 970 et
2386 917 2644 985 Spiritum
2675 934 2702 969 a
2737 920 2914 974 divina
2947 930 3135 974 natura
3166 934 3504 991 separantes,
3529 925 3622 992 qui

350 989 409 1041 τὺ
433 990 529 1060 τὴν
571 994 1000 1070 ἀνθρωπότητα
1027 1004 1190 1056 αὑτοῦ
1230 1005 1531 1062 διαπλάσαν
1557 1027 1570 1041 ο
1610 1029 1628 1061 ι
1659 989 1741 1064 Τὸί
1765 1015 1872 1083 γὰρ
1901 1017 1943 1067 ἐι

2061 1009 2447 1062 humanitatem
2477 1010 2592 1078 ejus
2622 1011 2870 1064 formavit
2902 1030 2915 1065 :
2952 1031 2970 1064 ι
3004 1013 3155 1079 Quod
3181 1015 3323 1066 enim
3353 1015 3406 1068 in
3437 1015 3619 1081 Maria,

354 1085 415 1151 τῇ
433 1083 641 1173 Μαρία,
659 1089 828 1156 φησι,
857 1093 1143 1163 γεννηθὲν,
1158 1097 1223 1149 ὲκ
1239 1097 1554 1168 Πνεῦματός
1577 1103 1721 1154 ἐστιν
1743 1104 1943 1171 ἁγίουοι

2058 1095 2250 1164 inquit,
2285 1108 2464 1150 natum
2500 1109 2602 1159 est,
2639 1100 2704 1152 de
2735 1101 2937 1168 Spiritu
2970 1112 3156 1155 sancto
3185 1111 3266 1156 est
3290 1102 3502 1173 "pqui
3533 1118 3622 1158 se-

359 1175 492 1225 κατὰ
523 1172 632 1243 [ῑσ.
672 1178 740 1230 τὸ
775 1181 958 1251 κατὰ]
995 1183 1336 1256 δικαιοσύνην
1363 1188 1426 1240 τὸ
1451 1189 1684 1243 πλασθὲν
1722 1193 1943 1247 ἀνέπλα-

2056 1186 2287 1238 cundum
2320 1187 2584 1254 justitiam
2616 1191 2756 1254 quod
2791 1187 3076 1242 formatum
3111 1201 3231 1244 erat
3262 1172 3574 1246 reformavit
3603 1206 3620 1247 :

364 1280 449 1316 σεν
490 1264 600 1336 [ισ.
627 1268 1030 1347 άναπλάσαν]ο
1075 1292 1092 1323 ι
1115 1276 1462 1349 Ἑφανερώθη
1507 1282 1634 1351 γὰρ,
1667 1284 1850 1353 φησὶν,
1900 1288 1943 1339 ὲι

2063 1295 2081 1327 ι
2117 1277 2512 1332 Manifestatum
2544 1279 2686 1331 enim
2716 1288 2819 1342 est,
2850 1279 3044 1348 inquit,
3075 1281 3126 1333 iu
3157 1297 3340 1342 carne.
3365 1283 3624 1352 jnstiftca-

367 1355 521 1422 σαρκί
543 1369 557 1382 ·
579 1355 890 1428 ἐδικαιώθη
926 1356 982 1412 ὲν
1009 1361 1312 1432 Πνεύματι·
1359 1384 1378 1416 ›
1411 1366 1472 1419 τὸ
1489 1366 1705 1436 δαίμοσι
1727 1369 1943 1440 φοϐερδε.

2057 1376 2167 1421 tum
2199 1377 2280 1422 est
2312 1369 2363 1422 in
2389 1367 2590 1438 Spiritu
2616 1370 2690 1432 '°;
2719 1371 2808 1438 qui
2845 1379 2901 1422 ιιι
2932 1373 3210 1426 daemoniis
3239 1383 3383 1427 esset
3412 1373 3622 1427 terribi-

369 1444 744 1514 ἐργασάμενον
767 1463 784 1478 ⁸
831 1467 850 1498 ι
876 1449 1021 1516 Ἐγὼ
1047 1453 1174 1522 γὰρ,
1206 1455 1388 1522 φησὶν,
1425 1457 1493 1508 ὲνι
1512 1457 1785 1528 Πνεύματι
1819 1459 1943 1513 Θεοί

2058 1461 2120 1513 lis
2147 1459 2327 1513 effecit
2356 1479 2368 1514 ε
2405 1477 2424 1510 ι
2457 1460 2567 1529 Ego
2597 1462 2764 1522 enim,
2795 1460 2988 1527 inquit,
3021 1463 3074 1515 in
3105 1463 3308 1530 Spiritu
3345 1463 3436 1516 Dei
3466 1462 3624 1530 ejicio

370 1535 608 1590 ἐκϐάλλω
639 1538 712 1591 τὰ
740 1539 1025 1609 δαιμόνια’
1059 1562 1079 1594 ι
1109 1545 1174 1596 τὸ
1199 1545 1297 1615 τὴν
1326 1547 1491 1600 αὑτοῦ
1518 1550 1697 1619 σάρκα
1728 1568 1943 1623 πεποιη-

2055 1551 2315 1605 dannouia
2341 1551 2422 1611 ⁷¹·;
2469 1570 2486 1602 ι
2526 1552 2616 1618 qui
2658 1553 2800 1604 illius
2843 1568 3060 1608 carnem
3097 1553 3274 1609 ell'ecit
3311 1553 3563 1623 templum
3606 1573 3619 1608 :

377 1625 528 1691 μένον
551 1627 706 1680 ναόν·
743 1648 761 1680 ι
793 1631 1076 1700 Τεθέαμαι
1109 1634 1236 1704 γὰρ,
1267 1637 1418 1706 φησι,
1445 1637 1506 1689 τὸ
1535 1639 1762 1708 Πνεῦμα
1785 1658 1943 1694 κατα-

2062 1658 2086 1689 ις
2106 1639 2220 1692 Vidi
2249 1640 2418 1702 enim,
2450 1641 2642 1708 inquit,
2667 1641 3352 1708 Spiritumdescendentem
3383 1646 3622 1698 sicntco-

378 1714 553 1766 ϐαῖνον
585 1715 721 1769 ὡσεὶ
755 1720 1113 1790 πριστεραν,
1145 1724 1238 1775 καὶ
1266 1725 1571 1796 μεμένηκεν
1601 1729 1686 1780 ἐπ’
1719 1729 1903 1782 αὐτόν·
1929 1749 1943 1780 ι

2056 1731 2314 1794 lumbam,
2346 1742 2398 1783 et
2433 1731 2625 1784 tuansit
2657 1746 2818 1800 super
2845 1747 2965 1786 cum
2992 1735 3071 1799 7’;
3112 1755 3130 1785 ι
3165 1735 3256 1805 qui
3292 1737 3618 1803 assumptio-

381 1805 437 1854 τὸ
460 1805 558 1873 τὴν
592 1808 864 1879 ἀνάληψιν
895 1812 1046 1882 αὐτῷ
1075 1816 1437 1884 χαρισάμενον
1459 1833 1480 1845 ’λ
1507 1835 1526 1869 ι
1551 1819 1943 1890 Ἑντειλάμενος

2056 1835 2177 1874 netu
2211 1819 2283 1873 illi
2315 1819 2538 1890 largitus
2567 1829 2647 1873 est
2679 1836 2692 1872 :
2733 1840 2750 1872 ι
2788 1820 3145 1891 Ρταεοίρίθιιε,
3178 1824 3385 1892 inquit,
3417 1825 3621 1879 sanctis

385 1895 704 1987 viqurqoi,
749 1905 864 1965 τοῖς
911 1903 1092 1970 ἁγίοις
1136 1905 1472 1970 ἀποστόλοις,
1504 1907 1598 1972 οὓς
1649 1911 1943 1978 ἐξελέξατο,

2054 1910 2330 1978 apostolis,
2363 1926 2498 1978 quos
2521 1911 2705 1978 elegit,
2744 1927 2838 1978 per
2872 1911 3131 1980 Spiritum
3169 1922 3435 1981 sanctum,
3465 1915 3623 1987 ιοᾶ.

392 1983 478 2034 διὰ
501 1985 807 2055 Πνεὺματος
837 1993 1015 2060 ἁγίου,
1043 1993 1340 2064 ἀνελήφθη,
1364 2014 1382 2044 ι
1419 1997 1588 2050 Τοῦτο
1610 1998 1672 2069 δὴ
1705 2001 1767 2052 τὸ
1804 2003 1943 2071 τηλι-

2054 2011 2358 2070 assnmptus
2391 2012 2473 2055 est
2498 2003 2563 2053 ⁷³.
2605 2020 2623 2051 ι
2664 1999 2814 2056 Hunc
2851 2004 3013 2071 igitur
3044 2005 3135 2074 qui
3172 2014 3371 2058 tantam
3405 1983 3622 2061 Citristu

408 2075 600 2145 mm,»
637 2081 848 2152 Χριστῴ
895 2089 1263 2156 χαρισάμενον
1309 2086 1484 2150 δόξαν,
1524 2090 1758 2160 Χριστοῦ
1785 2111 1943 2147 κατα-

422 2167 708 2196 ρςιε..ι.γ,...-.
743 2173 895 2196 h-.‘~._,
947 2176 964 2196 τ

2053 2093 2276 2157 gloriam
2309 2092 2530 2162 largitus
2560 2103 2663 2158 est,
2694 2093 2893 2150 Christi
2927 2111 3140 2150 servum
3172 2095 3455 2169 efiiriunt.]

422 2169 712 2230 σκευάζουσι
739 2173 964 2248 δοῦ).ον.]

2698 2320 2852 2377 CAP.
2890 2318 2971 2377 lli.

2122 2456 2336 2508 Audere
2367 2456 2580 2522 quidem
2609 2470 2638 2508 a
2670 2457 2850 2509 divina
2882 2456 2969 2508 illa
3005 2456 3400 2523 immortalique
3430 2464 3620 2511 natura

2052 2547 2315 2616 Spiritum
2346 2547 2688 2610 abscindere,
2721 2546 2952 2613 improbi
2981 2561 3103 2601 esse
3133 2557 3185 2601 et
3215 2547 3426 2601 scelesti
3455 2547 3618 2600 animi

2049 2653 2268 2702 censeo,
2291 2648 2346 2692 et
2375 2638 2532 2708 longo
2564 2637 2844 2692 intervallo
2873 2637 2940 2692 ab
2969 2653 3035 2691 eo
3065 2639 3205 2707 quod
3233 2637 3486 2692 convenit
3534 2649 3620 2690 τε·-

2051 2730 2202 2782 moti.
2237 2729 2721 2784 Consubstantialis
2757 2736 2840 2782 est
2872 2729 3018 2782 enim
3061 2732 3165 2784 Deo
3201 2740 3254 2784 et
3288 2728 3456 2792 Patri,
3489 2717 3619 2796 quin

2049 2821 2211 2873 etiam
2240 2820 2337 2884 ipsi
2367 2835 2578 2886 quoque
2604 2821 2760 2883 Filio.
2789 2832 2842 2877 et
2871 2823 3009 2878 Deus
3036 2838 3154 2877 esse
3181 2833 3235 2876 et
3265 2836 3328 2873 ex
3362 2819 3472 2873 Deo
3497 2833 3619 2874 cre-

975 2317 1224 2373 ΚΕΦΑΛ.
1282 2322 1318 2373 Γ
1319 2329 1353 2375 ’.

480 2440 553 2492 Τὸ
577 2442 676 2510 μὲν
689 2438 774 2497 οὖν
799 2444 893 2514 τῆς
918 2445 1052 2510 Θείας
1076 2466 1133 2501 τε
1163 2452 1255 2504 καὶ
1280 2453 1564 2524 ἀκηράτου
1585 2456 1798 2524 φύσεως
1824 2459 1950 2512 ἀπο-

399 2529 615 2599 τέμνειν
636 2534 685 2584 τὸ
707 2535 924 2604 Πνεῦμα
953 2543 1304 2612 κατατολμᾷν,
1327 2543 1611 2617 μοχθηρᾶς
1639 2544 1780 2600 εἷναί
1804 2567 1946 2620 φημι

395 2623 484 2674 καὶ
531 2624 798 2698 ἀλιτηρίου
845 2631 1054 2699 φρενὸς,
1093 2633 1188 2685 καὶ
1221 2634 1356 2688 πολὺ
1393 2637 1485 2689 τοῦ
1518 2639 1725 2702 είκότος
1761 2641 1950 2711 ἐξῳκι-

393 2715 609 2786 σμένης.
628 2719 930 2788 Ὀμοούσιον
957 2722 1065 2792 γάρ
1103 2725 1216 2776 ἐστι
1248 2725 1327 2796 τῷ
1355 2726 1474 2797 Θεῷ
1502 2729 1596 2781 καὶ
1636 2730 1829 2800 Πατρὶ,
1855 2731 1949 2783 καὶ

393 2806 494 2874 μὴν
518 2809 609 2860 καὶ
632 2811 774 2880 αὐτῷ
807 2811 886 2880 τῷ
913 2812 1025 2878 Υἱῷ
1044 2827 1058 2840 ·
1105 2814 1198 2868 καὶ
1245 2816 1376 2880 Θεὸς
1407 2815 1566 2883 εἶναι,
1596 2821 1690 2872 καὶ
1718 2821 1782 2872 ὲκ
1813 2820 1946 2873 Θεοῦ

388 2899 701 2954 πιστεύεται.
741 2903 955 2974 Χρῆναι
1003 2905 1059 2957 δὲ
1106 2901 1259 2976 οἶμαι
1298 2909 1455 2961 ταυτὶ
1489 2909 1750 2980 μεθέντας
1783 2913 1860 2973 είς
1889 2911 1949 2963 τὸ

391 2988 579 3057 παρὸν,
612 2992 694 3044 τὸν
717 2994 773 3044 ἐν
802 2995 990 3063 χερσὶν
1022 2997 1172 3062 ἡμῖν,
1208 2997 1732 3070 πολυπραγμονῆσαι
1767 3001 1944 3068 λόγον,

390 3080 478 3131 καὶ
492 3080 605 3134 ὅποι
626 3084 745 3135 ποτὲ
767 3083 972 3152 βλέπει,
988 3086 1380 3156 νουνεχέστατα
1404 3089 1690 3142 κατιδεῖν.‹
1719 3090 1947 3143 Πλείονα

387 3172 508 3240 γὰρ,
553 3176 701 3243 φησι,
737 3175 835 3246 τὴν
869 3177 949 3238 είς
990 3178 1152 3231 αὐτὸν
1199 3178 1699 3244 κατασκευάζοντες
1748 3180 1904 3251 ὓϐριν
1929 3198 1942 3211 ·

383 3263 562 3329 δῆλον
577 3266 643 3318 δὲ
656 3266 743 3319 ὅτι
763 3268 867 3320 τὸν
881 3268 947 3322 ἐκ
965 3269 1112 3323 Θεοῦ
1128 3270 1355 3339 Πατρός
1371 3273 1582 3339 Λόγον-⁸
1603 3272 1696 3324 καὶ
1711 3272 1770 3324 τὺ
1787 3273 1949 3325 Πνεῦ-

385 3372 454 3422 μα
484 3357 579 3426 τῆς
623 3357 774 3420 θείας
813 3359 1211 3430 ἀποτέμνοντες
1245 3361 1476 3430 φύσεως,
1512 3362 1571 3414 τὸ
1606 3364 1706 3432 τὴν
1735 3362 1946 3434 ἀνορω-

381 3446 577 3516 πὸτητα
607 3447 772 3500 αὐτοῦ
789 3446 1107 3504 διαπλάσαν.
1133 3471 1152 3502 ι
1179 3452 1287 3523 Τὴν
1322 3448 1543 3518 τίνος,ὦ
1563 3454 1824 3523 βέλτιστε,
1843 3456 1948 3526 φὴς

378 3535 768 3590 διαπεπλάσθαι
791 3539 1179 3610 ἀνθρωπότητα
1200 3542 1287 3595 διὰ
1312 3543 1406 3596 τοῦ
1437 3545 1782 3615 Πνεύματοςς
1810 3549 1946 3600 Καί-

380 3642 454 3678 τοι
483 3629 609 3690 τοὺς
643 3628 834 3696 λόγους
859 3632 988 3700 ἡμῖν
1020 3631 1220 3700 ἀρτίως
1251 3634 1336 3685 ἐπ’
1362 3634 1511 3704 αὑτῴ
1541 3637 1838 3705 πεποίησαι
1869 3637 1944 3708 τῷ

381 3720 686 3790 Μονογενεῖ,
718 3725 811 3776 καὶ⁸
838 3726 901 3776 ὲκ
930 3724 1065 3776 Θεοῦ
1100 3725 1312 3797 Πατρός
1341 3727 1668 3800 άπορῤήτως
1691 3746 1947 3801 γεγεννη-

387 3813 554 3883 μένῳ⁸
591 3814 744 3867 θείαν
775 3815 883 3885 γὰρ
920 3816 983 3885 δὴ
1029 3816 1187 3885 φύσιν
1231 3817 1509 3888 ὠνόμαζες
1555 3822 1750 3874 αὐτόν’
1778 3823 1943 3876 αὑτοῦ

385 3900 434 3953 δὲ
457 3899 605 3972 οἶμαι
637 3904 732 3958 καὶ
757 3906 853 3974 οὐχ
883 3906 1067 3976 ἐτέρου
1096 3908 1192 3977 τὴν
1230 3908 1624 3980 ἀνθρωπότητα
1650 3913 1774 3982 φής.
1800 3913 1944 3965 Οὐκ-

383 3992 468 4045 οῦν
491 3995 826 4066 διαμέμνησο
864 3995 974 4048 τῶν
1006 3996 1230 4049 σεαυτοῦ
1262 3999 1454 4066 φωνῶν
1472 4018 1485 4031 ο
1517 4001 1651 4054 ἰδίαν
1672 4003 1780 4074 γὰρ
1806 3998 1942 4056 εἶναι

381 4084 478 4151 φὴς
520 4083 612 4137 τοῦ
652 4084 829 4152 Λόγου
868 4085 963 4156 τὴν
997 4087 1173 4158 σάρκα
1200 4088 1376 4159 ψυχῆς
1409 4091 1636 4162 ἐνούσης
1661 4093 1799 4164 αὐτῇ
1843 4093 1942 4164 τῆς

375 4171 590 4245 λογικῆς
646 4176 887 4245 δηλονότι
915 4194 927 4206 ’
965 4178 1118 4231 ἔσται
1156 4178 1260 4248 γὰρ
1307 4180 1479 4244 οὕτως
1515 4183 1548 4252 ἡ
1589 4183 1942 4254 ἀνθρωπότης

370 4265 550 4319 αὐτοῦ.
579 4262 714 4321 Εἶτα
745 4267 882 4332 πῶς,
913 4268 1068 4339 εἴπερ
1099 4271 1246 4324 ἐστὶν
1273 4271 1330 4323 ἓν
1363 4272 1500 4341 μετὰ
1525 4276 1621 4343 τῆς
1651 4273 1782 4337 ἰδίας
1811 4291 1942 4343 σαρ-

369 4359 458 4421 κὸς
501 4361 532 4411 ὁ
573 4361 638 4412 ὲκ
685 4358 820 4412 Θεοῦ
853 4361 1062 4431 Πατρός
1095 4362 1286 4430 Λόγος,
1320 4364 1500 4432 ἰσχύος
1533 4360 1671 4416 εἶναι
1699 4365 1939 4436 νομίζεις

369 4448 528 4500 αὑτὸν
556 4449 654 4518 τῆς
679 4449 1012 4590 Θεοπρεποῦς
1033 4451 1240 4515 ἐπιδεᾶ,
1274 4453 1366 4505 καὶ
1392 4452 1618 4523 φοϐερὸν
1644 4453 1806 4506 αὐτὸν
1832 4455 1941 4525 είρ⁸

369 4539 563 4590 γάσθαι
596 4543 706 4590 τοῖς
739 4540 804 4590 δα
833 4557 954 4590 uoci.
979 4541 1040 4590 τὸ
1079 4542 1302 4590 Πνεῦμα
1327 4542 1390 4590 τὸ
1427 4543 1598 4590 ἅγιον-
1633 4544 1708 4590 ὡς
1737 4545 1843 4590 ἀπό
1873 4561 1935 4590 γε

365 4539 563 4606 γάσθαι
596 4543 706 4602 τοῖς
739 4539 954 4610 δαίμοσι
979 4541 1040 4593 τὸ
1079 4542 1302 4612 Πνεῦμα
1327 4542 1390 4594 τὸ
1427 4543 1599 4611 ἅγιον,
1633 4544 1708 4608 ὡς
1737 4545 1843 4598 ἀπό
1873 4561 1935 4614 γε

363 4630 463 4699 τῆς
495 4629 631 4692 ἰδίας
660 4631 873 4699 φύσεως
899 4632 1000 4684 οὐκ
1047 4632 1238 4702 ἔχοντα
1281 4634 1438 4687 τοῦτο
1486 4634 1643 4705 δρᾷν⁹
1690 4636 1785 4688 καὶ
1829 4635 1935 4707 μὴν

363 4722 461 4772 καὶ
492 4720 576 4784 τὸ,
607 4720 862 4774 δύνασθαι
911 4723 1212 4792 συντρίϐειν
1243 4723 1335 4776 τὸν
1379 4724 1642 4787 Σατανᾶν,
1673 4724 1751 4788 ὼς
1788 4725 1938 4778 δοτὸν

362 4812 747 4883 παρ’ἐτέρου,
800 4811 896 4865 καὶ
946 4813 1096 4883 μόλις
1145 4814 1560 4884 ὲρανιζόμενον;
1591 4815 1653 4867 Εἰ
1701 4813 1799 4884 μὲν
1842 4811 1938 4870 οὖν

363 4895 518 4953 οἶσθα
546 4901 628 4954 ὃτι
661 4901 723 4954 τὸ
750 4901 1075 4972 ἀποτέμνειν
1106 4903 1168 4956 τὸ
1195 4903 1419 4974 Πνεῦμα
1446 4904 1549 4973 τῆς
1589 4903 1739 4968 θείας
1771 4905 1935 4958 αὐτοῦ

369 4990 600 5058 φύσεως,
637 4993 996 5064 ἐγκλημάτων
1026 4994 1301 5065 αἴσχιστον
1334 4996 1416 5064 εἴη
1445 4995 1530 5062 ἂν,
1558 4996 1653 5048 καὶ
1684 4995 1826 5066 μάλα
1855 4997 1934 5048 εί·

2051 2910 2211 2963 ditur.
2241 2905 2346 2961 Sed
2373 2919 2621 2975 oportere
2647 2911 2902 2974 arbitror,
2931 2912 2998 2966 iis
3024 2914 3088 2964 ad
3118 2922 3355 2976 praisens
3379 2905 3620 2968 omissis,

2051 2998 2212 3052 verba
2251 3014 2370 3068 qua:
2415 3014 2556 3052 nunc
2597 3009 2723 3053 sunt
2764 3001 2816 3053 in
2861 3001 3138 3064 manibus,
3182 2999 3522 3062 examinare,
3567 3004 3618 3050 el

2054 3104 2160 3157 quo
2207 3099 2450 3156 spectent
2485 3098 2735 3142 accurate
2784 3089 3112 3157 pchpicere.
3148 3104 3167 3138 ι
3201 3085 3487 3152 Maiorem,
3539 3086 3617 3139 in-

2053 3182 2190 3250 quit,
2216 3181 2267 3234 iu
2297 3181 2468 3247 ipsum
2498 3189 2800 3234 statuentes
2827 3179 3076 3248 injuriam
3104 3178 3375 3249 (nimirum
3411 3179 3462 3229 in
3486 3176 3620 3229 illud

2053 3289 2117 3326 ex
2149 3272 2252 3326 Deo
2287 3270 2448 3325 I’atre
2477 3270 2744 3341 Verbum),
2774 3281 2829 3325 et
2857 3269 3116 3337 Spiritum
3147 3285 3175 3322 a
3206 3269 3386 3322 divina
3420 3280 3616 3322 natura

2053 3362 2496 3431 separautes,qui
2531 3362 2648 3430 ejus
2681 3363 3064 3415 humanitatem
3085 3360 3357 3414 formavit.
3381 3378 3400 3411 ι
3421 3359 3616 3425 Cujus-

2053 3466 2209 3516 nam,
2253 3453 2338 3502 vir
2379 3451 2618 3519 optime,
2663 3450 2865 3505 asseris
2911 3451 3298 3504 humanitatem
3344 3465 3372 3502 a
3419 3447 3618 3516 Spiritu

2054 3540 2378 3595 formatam?
2416 3541 2576 3609 Atqui
2623 3541 2820 3594 dudum
2864 3542 2929 3595 de
2969 3543 3086 3610 ipso
3129 3540 3430 3609 Unigenito
3457 3549 3511 3592 et
3551 3553 3618 3592 ex

2055 3631 2164 3684 Deo
2205 3631 2365 3685 Patre
2409 3632 2747 3686 ineﬂ'abilitcr
2781 3642 2909 3686 nato
2941 3633 3103 3685 verba
3145 3631 3355 3686 feceras
3393 3631 3616 3700 ripsutn

2051 3723 2194 3775 enim
2231 3723 2468 3776 divinam
2503 3731 2748 3777 naturam
2783 3723 3093 3792 appellabas
3125 3741 3140 3776 :
3175 3722 3344 3791 ipsius
3377 3735 3527 3790 ergo,
3561 3727 3615 3772 ut

2050 3814 2266 3882 opinor,
2303 3828 2409 3866 non
2444 3814 2666 3868 alterius
2702 3814 3089 3868 humanitatem
3124 3814 3282 3868 dicis.
3313 3811 3618 3866 Recordare

2051 3905 2215 3971 igitur
2237 3905 2524 3957 vet-horum
2555 3914 2765 3958 tuorum
2797 3923 2810 3958 :
2841 3905 3114 3973 propriam
3140 3905 3284 3958 enim
3312 3917 3430 3956 esse
3458 3901 3616 3956 Verbi

2051 3993 2198 4047 illam
2232 4008 2451 4048 carnem
2476 3994 2634 4058 dicis,
2657 3995 2832 4047 anima
2871 3993 3120 4046 rationali
3156 3993 3430 4062 praeditam
3464 3989 3614 4045 scili-

2049 4091 2134 4136 cet
2170 4101 2183 4137 :
2219 4083 2298 4136 sic
2336 4097 2568 4150 namque
2600 4083 2704 4137 erit
2735 4083 2853 4146 ejus
2887 4079 3213 4135 humanitas.
3251 4080 3414 4148 Atqui
3448 4079 3492 4132 si
3531 4078 3615 4147 ip-

2048 4189 2164 4227 sum
2190 4187 2253 4227 ex
2286 4173 2390 4227 Deo
2419 4172 2578 4227 Patre
2600 4170 2830 4228 Verbum
2857 4189 3022 4228 unum
3049 4179 3133 4227 est
3159 4187 3280 4227 cum
3307 4186 3403 4224 sua
3429 4184 3614 4234 carne,

2049 4268 2319 4336 quomodo
2345 4267 2540 4320 divinis
2563 4267 2770 4322 viribus
2798 4283 2920 4323 eum
2953 4267 3192 4337 indigere
3221 4275 3395 4335 putas,
3424 4271 3479 4318 et
3507 4272 3616 4318 ter-

2050 4360 2258 4414 ribilem
2291 4360 2568 4415 daemoniis
2598 4375 2624 4412 a
2659 4358 2860 4428 Spiritu
2892 4369 3082 4414 sancto
3115 4359 3337 4421 factum,
3368 4365 3429 4410 ut
3461 4355 3550 4426 qui
3584 4371 3614 4408 a

2046 4464 2143 4504 sua
2173 4461 2362 4504 natura
2391 4450 2441 4504 id
2473 4466 2577 4504 non
2608 4461 2790 4520 posset
2815 4451 3058 4515 eilicere;
3085 4449 3270 4503 adth
3296 4449 3482 4512 etiam,
3515 4447 3615 4500 hoc

2047 4541 2224 4610 ipsum
2261 4556 2420 4610 posse
2451 4553 2736 4598 conterere
2769 4541 3050 4605 Satanam,
3084 4541 3238 4610 quasi
3274 4541 3340 4593 ab
3377 4539 3482 4592 alio
3514 4537 3611 4592 da-

2043 4641 2176 4695 tum,
2209 4633 2405 4702 vixque
2435 4633 2575 4687 dono
2605 4631 2912 4700 acceptum?
2943 4633 3001 4686 Si
3037 4633 3203 4702 igitur
3235 4646 3339 4685 non
3373 4631 3612 4700 ignoras,

2042 4738 2300 4792 separare
2341 4721 2600 4792 Spiritum
2643 4739 2677 4779 a
2714 4725 2895 4778 divina
2939 4724 3056 4793 ejus
3100 4732 3323 4784 natura,
3369 4718 3615 4786 turpissi-

2047 4830 2193 4868 mum
2223 4814 2526 4870 habendum
2554 4830 2675 4870 esse
2701 4816 2928 4881 crimen,
2953 4825 3008 4871 et
3032 4815 3249 4883 quidem
3272 4811 3415 4878 jure,
3445 4809 3614 4878 ipsius

2041 4904 2227 4973 procul
2258 4905 2419 4960 dubio
2450 4905 2687 4976 Spiritus
2714 4915 2817 4971 est,
2846 4915 2906 4960 ut
2935 4907 3025 4976 qui
3057 4920 3151 4975 per
3175 4901 3500 4957 ineffabilem
3529 4899 3610 4971 ip-

2042 4995 2161 5050 sius
2187 5005 2434 5050 naturam
2471 4997 2746 5065 procedat,
2781 5006 2836 5052 et
2869 4997 2968 5066 ipsi
3001 4995 3074 5050 sit
3105 4990 3606 5054 consubstantialis.

436 5174 479 5207 “
510 5174 700 5229 Matth.
734 5189 770 5237 ι,
798 5175 886 5229 20.
965 5176 1011 5206 ’⁷ο
1044 5175 1058 5228 |
1093 5175 1233 5230 Titii.
1273 5192 1353 5241 ιιι,
1381 5176 1467 5228 16.
1543 5176 1584 5206 ⁷¹
1619 5173 1804 5229 Matth.
1846 5189 1938 5238 xu,

2049 5214 2054 5226 .
2133 5176 2178 5206 ⁷³
2211 5174 2365 5230 Joan.
2401 5193 2437 5241 ι,
2463 5175 2552 5232 52.
2630 5175 2677 5208 ⁷³
2703 5175 2822 5230 Act.
2858 5191 2898 5238 ι,
2934 5174 2988 5227 2.

1619 5349 1776 5403 ANT.
1820 5348 2092 5405 AGELLII
2132 5349 2358 5406 NOTIE.

438 5508 551 5579 (24)
590 5506 682 5579 Sic
709 5505 1115 5579 distinguendus
1150 5506 1359 5559 videtur
1389 5505 1554 5579 locus,
1589 5513 1646 5558 ιιι
1689 5512 1809 5579 apte
1839 5519 1930 5579 ca-

2037 5507 2268 5561 ctionem
2299 5505 2566 5578 improbat
2605 5505 2836 5578 Cyrillus
2868 5521 2989 5578 pag.
3030 5507 3154 5572 l05,
3185 5515 3238 5563 et
3264 5504 3606 5562 ecclesiasti-

371 5575 460 5633 dat
507 5575 571 5632 ad
605 5575 835 5631 Nestorii
883 5575 1255 5647 sententiam_:
1291 5577 1536 5647 quamvis
1580 5576 1812 5647 pessima
1850 5575 1932 5647 sit
2036 5592 2153 5631 cam
2186 5589 2248 5630 ac
2275 5576 2550 5646 vulgatam
2588 5575 2850 5647 sequitur.

376 5647 668 5714 distinctio,
699 5656 751 5702 et
786 5655 972 5701 contra
1007 5661 1161 5700 usuin
1206 5644 1491 5709 Ecclesiaa;
1535 5657 1694 5713 quam
1740 5643 1930 5698 distin-
