4002 6192
14 4960 33 5113 ἢ

354 220 453 289 183
1333 216 1390 275 S.
1434 216 1703 275 CYRILLI
1742 209 2212 276 ALEXANDRINI
2252 219 2573 276 ARClllEP.
3495 225 3597 282 {31

351 345 407 392 et
435 335 506 392 ita
541 336 763 394 minime
792 333 1023 406 indiguit
1055 336 1258 391 virtute
1284 334 1354 391 ab
1382 348 1448 391 eo
1478 335 1635 401 data,
1668 344 1917 406 tanquam

2039 338 2215 403 ιότως,
2252 337 2418 392 αὐτοῦ
2447 337 2689 410 δηλονότι
2718 337 2778 391 τὸ
2800 336 3022 408 Πνεῦμά
3043 337 3314 404 ἐστινπῶς
3338 338 3406 392 δι’
3428 341 3596 413 αὐτῆς

348 438 574 484 externa
613 439 668 484 et
709 429 925 484 aliunde
962 428 1134 483 ascita
1171 444 1187 484 :
1226 428 1320 484 sed
1360 435 1544 483 utetur
1578 429 1756 497 potius
1798 439 1918 486 tau-

351 533 510 588 quam
552 518 771 589 pmprio
815 518 1039 588 Spiritu,
1079 527 1134 573 et
1172 533 1269 588 per
1302 519 1476 588 ipsum
1522 520 1816 575 terribilem
1859 536 1919 577 se

354 610 633 666 daemoniis
657 612 924 666 ostendet.
951 610 1046 666 Sin
1076 612 1170 667 tibi
1200 611 1377 680 placet
1399 625 1494 668 eos
1521 612 1612 681 qui
1641 623 1916 682 separant,

353 702 650 771 impietatis
681 702 909 757 crimine
941 702 1205 757 immunes
1235 702 1589 772 pronuntiare
1620 703 1921 772 :quomodo

353 793 510 848 nobis
537 793 736 849 dudum
767 808 861 850 eos
890 792 1117 866 injurios
1143 792 1448 863 appellans,
1477 800 1661 863 postea
1692 794 1919 863 teipsum

355 883 407 937 in
433 898 619 939 eorum
645 898 926 939 numerum
948 882 1148 940 referre
1163 900 1271 940 non
1292 883 1494 939 sentis?
1517 884 1783 953 siquidem
1805 886 1925 941 uni-

357 986 468 1029 tum
492 975 644 1030 carni
669 975 793 1030 illud
814 991 880 1031 ex
906 974 1012 1030 Deo
1035 971 1192 1031 Patre
1210 972 1445 1031 Verbum
1470 975 1616 1030 velut
1639 992 1803 1032 unum
1827 977 1923 1032 ali-

356 1080 513 1134 quem
540 1080 571 1120 e
597 1074 780 1121 nostro
805 1080 1053 1131 numero,
1078 1075 1130 1120 et
1155 1065 1426 1135 vulgarem
1454 1080 1696 1135 prorsus,
1724 1066 1924 1123 auxilio

357 1156 530 1211 sancti
561 1154 794 1224 Spiritus
820 1156 1110 1227 indiguisse
1137 1156 1292 1221 dicis,
1327 1166 1385 1211 ut
1411 1156 1666 1211 terribilis
1692 1157 1925 1212 immun-

359 1248 442 1302 dis
500 1243 655 1321 105
713 1248 994 1318 Spiritibus
1046 1247 1374 1302 videretur:
1440 1263 1561 1301 nam
1613 1248 1829 1304 etiamsi
1871 1249 1923 1303 in

360 1339 561 1408 Spiritu
605 1341 693 1395 Dei
722 1340 852 1394 dicit
880 1355 940 1396 se
972 1339 1173 1410 ejicere
1226 1341 1512 1404 daemonia,
1545 1358 1722 1396 annon
1757 1343 1924 1409 ipsam

359 1428 629 1487 sermonis
656 1432 1105 1501 dispensationem
1146 1432 1278 1489 satis
1315 1434 1685 1490 admirabilem
1746 1436 1927 1490 videre

359 1521 644 1591 oportuit?
675 1519 980 1579 Iudaeorum
1014 1523 1156 1578 enim
1193 1523 1359 1578 duces
1387 1538 1508 1578 cum
1540 1523 1723 1594 gloriae
1758 1526 1926 1582 nostri

364 1613 661 1668 Salvatoris
692 1613 1017 1680 inviderent,
1047 1625 1102 1669 et
1132 1614 1184 1669 in
1220 1628 1340 1668 eum
1367 1629 1429 1669 os
1454 1612 1772 1670 eli‘renatum
1800 1631 1925 1684 ape-

360 1703 555 1764 rirent,
608 1702 987 1758 obtrecmbant
1028 1701 1295 1769 infelices,
1344 1710 1652 1757 asserentes
1698 1717 1822 1758 eum
1873 1703 1923 1757 in

363 1782 662 1845 Beelzebub
703 1790 945 1861 principe
976 1790 1361 1846 daemoniorum
1403 1790 1603 1861 ejicere
1641 1792 1924 1848 daemonia.

366 1874 462 1934 ille
496 1895 648 1946 vero,
685 1880 845 1935 insita
880 1897 1009 1952 erga
1049 1896 1238 1937 omnes
1278 1896 1406 1938 usus
1428 1882 1835 1952 tranquillitate,
1872 1892 1930 1939 ut

363 1980 628 2039 errantes,
653 1981 813 2041 atque
841 1972 941 2042 ipsi
971 1973 1229 2029 dicaciter
1258 1973 1545 2028 detrahere
1568 1971 1826 2037 volentes,
1861 1973 1931 2028 ad

367 2063 644 2119 meliorem
691 2078 909 2119 sensum
965 2079 1028 2118 ac
1071 2064 1357 2121 veritatem
1394 2066 1563 2134 ipsam
1603 2066 1927 2129 traduceret,

286 2158 291 2161 ’
364 2152 592 2222 gloriam
626 2161 835 2223 partam
875 2168 940 2208 ex
983 2154 1035 2206 vi
1083 2155 1394 2210 conterendi
1436 2154 1691 2211 Satanam
1733 2155 1807 2209 illi
1846 2170 1931 2209 se-

2022 426 2207 498 προῖὸν
2239 427 2335 496 τῆς
2382 427 2698 497 ἀπορρήτου
2730 425 2944 495 φύσεως
2973 426 3161 490 αὑτοῦ,
3192 427 3287 483 καὶ
3314 428 3597 497 όμοούσιον

2019 519 2187 590 αὐτῷ,
2219 521 2312 573 καὶ⁵
2341 519 2439 572 οὐκ
2466 517 2533 571 ἂν
2558 518 2753 589 ἐδεήθη
2785 518 3036 589 καθάπερ
3082 518 3226 582 τινὸς
3263 519 3366 588 τῆς
3398 519 3596 586 ἔξωθέν

2018 625 2079 662 τε
2114 610 2201 663 καὶ
2229 609 2473 679 ὲπακτῆς
2505 608 2789 679 δυνάμεως
2815 608 2916 678 τῆς
2940 608 3070 680 παρ’
3100 609 3298 665 αὐτοῦ’
3332 612 3596 681 χρήσεται

2019 700 2076 753 δὲ
2104 700 2304 771 μᾶλλον
2323 701 2398 765 ὡς
2427 700 2542 771 ἰδίῳ
2569 699 2869 770 Πνεύματι,
2899 700 2994 754 καὶ
3020 699 3250 771 φοόερὸν
3274 699 3466 756 ἑαυτὸν
3484 706 3596 767 τοῖς

2022 792 2273 863 δαίμοσιν
2305 793 2575 862 ἀποφανεῖ
2596 790 2662 844 δι’
2689 790 2877 846 αὐτοῦ.
2908 791 2973 845 Ei
3005 789 3063 847 δέ
3094 807 3176 845 σοι
3202 791 3353 846 δοκεῖ
3380 791 3488 846 τῶν
3515 796 3596 857 εἰς

2022 884 2339 939 δυσσέϐειαν
2362 883 2721 955 ἐγκλημάτων
2745 881 3068 951 ἀποφαίνειν
3081 882 3452 954 ἠμοιρηκότας
3467 885 3595 949 τοὺς

2024 976 2447 1047 ἀποτέμνοντας,
2484 975 2600 1039 πῶς
2633 977 2766 1045 ἡμῖν
2796 975 2998 1046 ἀρτίως
3029 974 3291 1045 ὑϐριστάς
3312 975 3595 1046 ὀνομάζεις

2027 1066 2136 1138 lla:
2163 1060 2468 1136 ὠνόμαζες]
2513 1062 2741 1131 αὐτούς;
2777 1061 2909 1117 Εἶτα
2937 1062 3151 1128 τούτοις
3188 1064 3384 1119 σαυτὸν
3410 1066 3593 1138 ἐναρίο

2026 1161 2184 1232 θμιον
2216 1161 2315 1214 οὐκ
2344 1159 2575 1230 αἰσθάνῃ
2609 1158 2799 1223 ποιῶν,
2835 1159 2993 1229 εἰπερ
3021 1158 3286 1213 ὲνωθέντα
3317 1160 3482 1231 σαρκὶ
3503 1159 3596 1213 τὸν

2026 1254 2089 1306 ὲκ
2122 1252 2257 1305 Θεοῦ
2285 1251 2495 1322 Πατρὺς
2525 1250 2716 1318 Λόγον,
2753 1249 3003 1321 καθάπερ
3033 1248 3128 1303 ἕνα
3169 1251 3291 1304 τινὰ
3322 1250 3433 1304 τῶν
3462 1249 3596 1304 καθ’

2028 1343 2194 1413 ἡμᾶς,
2222 1343 2316 1396 καὶ
2341 1340 2517 1395 κοινὸν
2557 1339 2764 1405 ἁπλῶς,
2785 1340 2882 1411 τῆς
2909 1337 3004 1392 τοῦ
3034 1339 3348 1409 Πνεύματος
3376 1341 3597 1393 ἐπικου-

2031 1439 2151 1509 ρίας
2197 1435 2479 1505 δεδεῆσθαι
2525 1434 2653 1504 φὴς,
2687 1434 2773 1487 ἵνα
2831 1432 3060 1503 φοϐερός
3106 1435 3221 1495 τοῖς
3264 1432 3595 1503 ἀκαθάρτοις

2029 1527 2200 1598 ὁρῷτο
2234 1525 2554 1596 πνεύμασιν.
2580 1524 2643 1579 Εἰ
2674 1524 2782 1594 γὰρ
2809 1524 2901 1578 καὶ
2926 1524 2985 1577 ὲν
3013 1521 3288 1593 Πνεύματι
3319 1523 3454 1577 Θεοῦ
3485 1540 3594 1594 φη-

2033 1640 2118 1677 σιν
2153 1622 2346 1676 ἑαυτὸν
2372 1620 2654 1675 ἐκϐάλλειν
2678 1619 2747 1674 τὰ
2781 1619 3055 1689 δαιμόνια,
3093 1617 3209 1680 πῶς
3233 1618 3332 1671 οὐκ
3363 1616 3470 1691 ἔδει
3503 1613 3595 1668 τοῦ

2028 1715 2187 1784 λόγου
2213 1713 2310 1785 τὴν
2335 1711 2647 1782 οἰκονομίαν
2669 1710 2996 1778 άξιάγαστον
3021 1702 3185 1761 οὖσαν
3210 1705 3371 1770 ίδεῐν;
3400 1706 3464 1759 Ol
3497 1706 3593 1775 μὲν

2029 1806 2137 1878 γὰρ
2160 1805 2271 1861 τῶν
2302 1804 2569 1858 Ἰουδαίων
2596 1800 2927 1872 καθηγηταὶ,
2954 1801 3020 1871 τῇ
3047 1799 3141 1852 τοῦ
3163 1798 3413 1868 Σωτῆρος
3442 1794 3596 1866 ἡμῶν

2030 1897 2249 1968 εὐκλείᾳ
2280 1895 2713 1967 διεφθονηκότες,
2743 1892 2838 1945 καί⁸
2869 1890 3148 1946 ἀπύλωτον
3186 1890 3274 1942 ἐπ’
3296 1886 3443 1956 αὐτῷ
3472 1886 3599 1939 διοι-

2030 1990 2253 2059 γνύντες
2282 1986 2475 2058 στόμα,
2503 1984 2911 2054 κατεφλυάρουν
2944 1981 2994 2036 οί
3024 1979 3268 2041 δείλαιοι,
3299 1977 3598 2046 φάσκοντες

2031 2080 2089 2133 ἐν
2120 2075 2450 2141 Βεελζεὸοὺλ
2487 2075 2710 2147 ἄρχοντι
2740 2070 2852 2125 τῶν
2883 2069 3177 2141 δαιμονίων
3221 2065 3502 2121 ἐκϐάλλειν
3532 2064 3600 2117 τὰ

2031 2168 2302 2238 δαιμόνια.
2342 2168 2400 2220 Ὁ
2431 2165 2489 2219 δὲ
2533 2167 2599 2235 τῇ
2646 2163 2871 2235 ὲμφύτῳ
2904 2161 3042 2233 πρὸς
3089 2159 3335 2221 ἅπαντας
3371 2155 3600 2227 γαληνόο

367 2246 602 2299 cundum
636 2255 880 2300 naturam
912 2245 1024 2302 Deo
1071 2247 1251 2315 potius
1281 2246 1577 2311 tribuebat,
1625 2248 1678 2302 in
1724 2247 1928 2318 Spiritu

2039 2274 2154 2330 τητι
2185 2256 2542 2329 κεχρημένος,
2574 2254 2666 2308 καὶ
2698 2252 2957 2323 μεθιστὰς
2982 2255 3105 2314 τοὺς
3133 2246 3598 2317 πεπλανημένους,

369 2336 460 2389 Dei
514 2336 698 2391 dicens
758 2351 817 2392 se
861 2336 1137 2406 improbos
1198 2337 1420 2407 spiritus
1469 2337 1703 2406 ejicere;
1761 2352 1933 2405 neque

2039 2353 2198 2422 ἣγουν
2246 2348 2635 2419 άθυροστομείν
2679 2344 2962 2407 ἐθέλοντας
3004 2342 3089 2394 ἐπ’
3137 2340 3315 2411 αὐτῷ,
3354 2340 3487 2409 πρὸς
3541 2336 3602 2388 τὸ

363 2424 599 2494 seipsum
649 2426 923 2494 abnegans
960 2424 1126 2479 Deum
1167 2439 1289 2479 esse
1320 2426 1617 2480 secundum
1660 2435 1929 2491 naturam,

2039 2440 2254 2513 ἄμεινόν
2287 2456 2350 2492 τε
2378 2437 2472 2492 καὶ
2500 2436 2721 2507 ἀληθὲς,
2747 2434 2867 2504 Θεῷ
2892 2433 2955 2505 δὴ
3000 2431 3199 2503 μᾶλλον
3231 2429 3308 2499 τῷ
3336 2426 3473 2480 κατὰ
3500 2424 3598 2492 φύ-

365 2525 420 2569 et
465 2515 726 2585 Spiritum
772 2525 1019 2571 sanctum
1086 2516 1363 2587 proprium
1412 2515 1611 2570 habere
1659 2529 1929 2570 asserens.

2039 2553 2140 2598 σιν,
2165 2532 2264 2603 τὴν
2302 2530 2396 2585 ὲπί
2425 2546 2489 2599 γε
2518 2528 2596 2598 τῷ
2621 2526 2880 2581 δύνασθαι
2911 2521 3217 2593 συπρίσειν
3239 2518 3327 2572 τὸν
3355 2516 3597 2569 Σατανᾶν

367 2605 474 2662 Sed
520 2606 647 2676 quia
687 2607 1043 2676 congruebat,
1091 2616 1148 2662 et
1204 2606 1386 2661 divino
1430 2604 1663 2660 artiﬁcio
1712 2605 1930 2675 dignum

2039 2622 2270 2680 ἀνετίθει
2293 2620 2483 2687 δόξαν,
2514 2621 2573 2673 ὲν
2601 2616 2879 2686 Πνεύματι
2905 2612 3040 2666 Θεοῦ
3075 2611 3250 2679 λέγων
3277 2607 3344 2661 τὰ
3387 2604 3601 2674 πονηρᾶ

367 2706 486 2750 erat
528 2696 926 2764 parricidarum
974 2697 1070 2752 ira:
1108 2699 1322 2760 cedere,
1354 2705 1410 2753 et
1443 2696 1719 2751 hominum
1753 2695 1842 2766 qui
1880 2696 1932 2750 in

2039 2715 2249 2771 διώκειν
2285 2714 2603 2783 πνεύματαο
2636 2709 2727 2763 καὶ
2768 2708 2867 2760 οὐκ
2914 2704 3018 2769 ἔξω
3065 2702 3235 2765 τιθεὶς
3269 2697 3458 2752 ἑαυτὸν
3507 2692 3601 2747 τοῦ

368 2802 436 2843 eo
483 2785 933 2856 ollendebantur,
985 2790 1300 2845 occasiones
1348 2788 1677 2859 prwcidere;
1726 2788 1935 2842 adorie-

2039 2807 2181 2862 κατὰ
2209 2804 2369 2876 φύσιν
2396 2800 2533 2861 εἶναι
2560 2801 2709 2864 Θεὸν,
2739 2797 2834 2851 καί⁸
2864 2796 2993 2850 ίδιον
3020 2794 3165 2864 ἔχειν
3190 2792 3251 2845 τὸ
3285 2788 3514 2858 Πνεῦμα
3542 2784 3607 2838 τὸ

367 2881 565 2936 bantur
605 2881 772 2948 enim,
806 2882 1048 2937 dicentes
1081 2899 1096 2935 :
1128 2899 1147 2933 ι
1179 2882 1255 2937 De
1289 2882 1429 2937 bono
1458 2896 1619 2951 opere
1664 2898 1767 2937 non
1803 2882 1936 2951 lapi—

2040 2898 2214 2967 ἆγιον.
2248 2894 2465 2965 Ἐπειδὴ
2492 2893 2549 2947 δὲ
2573 2888 2642 2962 ἦν
2674 2888 2986 2952 ἀκόλουθον,
3018 2886 3115 2940 καὶ
3151 2878 3491 2954 θεοπρεποῦς
3519 2877 3607 2928 εύ-

368 2976 558 3031 damus
593 2984 662 3040 te,
696 2976 792 3031 sed
845 2978 908 3031 de
951 2974 1310 3045 blasphemia,
1346 2975 1473 3044 quia
1521 2983 1576 3028 lu
1620 2975 1779 3029 homo
1809 2990 1929 3029 cum

2039 2990 2247 3059 τεχνίας
2276 2986 2445 3051 ἄξιον,
2472 2984 2570 3046 τὰς
2601 2982 2708 3036 τῶν
2745 2978 3030 3051 φονώντων
3053 2973 3376 3042 ὑποτρέχειν
3409 2967 3604 3059 ὀργὰς,

369 3065 466 3130 sis,
498 3064 633 3120 facis
676 3066 904 3136 leipsum
947 3064 1220 3132 Deum";
1261 3084 1279 3117 ι
1317 3065 1457 3120 hanc
1485 3066 1553 3119 ob
1592 3080 1812 3120 causam
1845 3066 1936 3118 be-

2042 3058 2135 3134 καί
2171 3080 2264 3142 τὰς
2296 3079 2404 3131 τῶν
2435 3077 2517 3129 ἐπ’
2540 3072 2688 3143 αύτῷ
2720 3067 3219 3137 σκανδαλιξομένων
3262 3058 3608 3131 περικόπτειν

371 3156 532 3227 nigne
583 3157 872 3213 admodum
924 3160 990 3214 ad
1048 3160 1324 3212 hominum
1373 3157 1550 3211 adhuc
1602 3157 1936 3210 inﬁrmorum

2039 3170 2326 3241 ἀφορμάς·
2364 3164 2661 3235 ἐπεφύοντο
2712 3162 2823 3233 γὰρ
2878 3159 3161 3226 λέγοντεςο
3209 3173 3227 3204 ι
3258 3152 3392 3222 Περὶ
3440 3145 3606 3203 καλοῦ
3710 3210 3726 3225 ο

370 3263 589 3304 sensum
633 3265 693 3306 se
743 3265 1091 3319 componens,
1129 3249 1222 3305 Dei
1255 3247 1514 3318 Spiritum
1550 3248 1744 3317 inquit,
1793 3250 1938 3303 novit

2042 3240 2204 3335 ἔργου
2231 3263 2291 3316 οὐ
2326 3257 2615 3328 λιθάζομέν
2650 3272 2731 3318 σε,
2773 3251 2910 3307 ἀλλὰ
2955 3249 3080 3320 περὶ
3117 3241 3496 3317 βλασφημίας·
3527 3240 3607 3335 ὅτι

372 3340 515 3394 enim
551 3343 740 3409 probe,
791 3349 849 3395 ut
874 3339 984 3408 jam
1016 3341 1147 3405 dixi,
1196 3341 1432 3411 seipsum
1479 3355 1602 3397 esse
1637 3356 1701 3396 ex
1747 3349 1938 3396 natura

2044 3332 2128 3420 ei),
2153 3355 2249 3410 ἄνθ
2259 3369 2435 3424 ρωπος
2455 3350 2552 3413 ὢν,
2576 3347 2745 3410 ποιεῖς
2772 3342 2995 3399 σεαυτὸν
3016 3340 3167 3393 Θεόν·
3183 3358 3201 3389 ι
3220 3335 3388 3404 ταύτῃ
3412 3350 3495 3386 τοι
3518 3332 3608 3384 καὶ

373 3427 540 3484 Deum
578 3429 738 3485 simul
784 3444 906 3485 cum
934 3428 1115 3494 Patre,
1148 3439 1203 3486 et
1247 3430 1429 3486 omnia
1461 3445 1582 3501 quae
1613 3430 1754 3485 illius
1793 3438 1935 3493 ειιιιι,

2044 3446 2181 3515 ἄγαν
2206 3444 2458 3506 ἀστείως,
2487 3444 2598 3504 τοῖς
2627 3434 2946 3493 ἀσθενοῦσιν
2968 3433 3047 3486 ἔτι
3082 3427 3604 3500 συγκαθιστάμενος,

374 3535 434 3576 se
474 3520 694 3585 habere,
734 3532 1092 3592 prmterquam
1145 3523 1196 3577 id
1250 3522 1422 3577 solum
1456 3522 1598 3590 quod
1632 3531 1714 3577 est
1756 3521 1937 3577 Pater.

374 3612 565 3685 Itaque
600 3615 762 3671 etiam
800 3616 1014 3671 dicebat
1051 3616 1116 3670 ad
1156 3617 1303 3671 illum
1338 3635 1351 3671 :
1386 3636 1404 3669 ι
1435 3615 1625 3671 Omnia
1670 3629 1809 3678 mea,
1854 3626 1940 3668 tua

376 3715 521 3772 sunt,
554 3716 608 3761 et
644 3716 731 3761 tua
770 3721 910 3774 mea,
949 3716 1004 3761 et
1033 3706 1362 3776 glorilicatus
1395 3722 1513 3761 sum
1550 3707 1600 3760 in
1644 3702 1884 3775 ipsis";
1920 3724 1937 3756 ι

376 3808 432 3855 ει
465 3800 531 3854 ad
570 3814 668 3855 nos
700 3800 844 3869 ipsos
887 3812 1006 3853 eum
1035 3800 1101 3854 de
1135 3798 1338 3869 Spiritu
1378 3806 1566 3853 saneto
1595 3799 1757 3852 verba
1795 3798 1941 3853 face-

378 3902 462 3946 ret
490 3909 505 3945 :
545 3909 564 3943 ι
594 3890 808 3956 Omnia,
843 3892 1041 3961 inquit,
1067 3906 1184 3961 quae
1214 3892 1375 3946 habet
1404 3891 1589 3955 Pater,
1626 3906 1741 3945 mea
1768 3900 1895 3944 sunt
1926 3907 1937 3943 :

376 3990 661 4052 propterea
694 3982 805 4039 dixi
843 3983 993 4037 vobis
1025 3983 1151 4052 quia
1196 3981 1264 4037 de
1308 3997 1431 4037 meo
1456 3981 1704 4050 accipiet,
1757 3992 1812 4037 et
1857 3997 1945 4035 an-

375 4075 646 4129 nuntiabit
674 4073 824 4130 vobis
843 4074 911 4129 ".
946 4093 964 4126 ι
998 4071 1068 4129 Ut
1095 4074 1238 4129 enim
1272 4073 1511 4142 procedit
1542 4086 1604 4127 ex
1637 4070 1798 4126 Patre
1823 4070 1946 4140 Spi-

379 4168 512 4221 ritus
559 4177 800 4231 sanctus,
844 4182 964 4221 cum
1014 4167 1084 4221 sit
1122 4166 1292 4235 ipsius
1321 4165 1616 4221 secundum
1671 4172 1942 4226 naturam,

377 4260 567 4314 eodem
599 4273 819 4327 quoque
838 4257 994 4312 modo
1020 4272 1115 4326 per
1140 4259 1311 4326 ipsum
1340 4257 1557 4322 Filium,
1589 4271 1708 4309 cum
1735 4256 1806 4309 sit
1826 4255 1945 4323 eius

2042 3535 2177 3588 θεοῦ
2200 3535 2261 3587 τὸ
2284 3531 2503 3601 πνεῦμά
2525 3545 2687 3598 φησιν
2706 3544 2719 3557 ⁸
2747 3523 2857 3579 οἶδε
2888 3523 2997 3594 γὰρ
3020 3518 3178 3584 οἶδεν,
3200 3521 3274 3583 ὡς
3303 3518 3457 3587 ἔφην,
3485 3517 3607 3568 ἑαυ-

2042 3628 2137 3682 τὸν
2190 3626 2321 3680 ὅντα
2368 3623 2527 3693 φύσει
2584 3620 2715 3674 Θεὸν
2762 3616 2899 3688 ὁμοῦ
2948 3615 3026 3684 τῷ
3081 3611 3473 3682 γεγεννηκότι,
3517 3607 3609 3659 καὶ

2044 3720 2224 3775 πάντα
2261 3717 2454 3787 ἔχοντα
2485 3712 2670 3777 αὑτοῦ,
2714 3710 2836 3780 δίχα
2883 3708 3044 3779 μόνου
3080 3705 3175 3758 τοῦ
3219 3699 3354 3755 εἶναι
3397 3698 3603 3768 Πατήρ.

2045 3812 2336 3882 Τοιγάρτοι
2377 3808 2472 3862 καλ¹
2503 3807 2709 3874 ἔφασκε
2767 3802 2901 3874 πρὸς
2936 3799 3127 3860 αὑτὸν,
3168 3816 3187 3854 ι
3218 3796 3300 3850 ὅτι
3334 3793 3513 3847 Πάντα
3539 3790 3610 3842 τὰ

2046 3881 2175 3976 ipa,
2201 3881 2271 3956 σά
2298 3904 2438 3961 ἐστι,
2472 3899 2563 3951 καὶ⁸
2589 3896 2660 3949 τὰ
2684 3894 2773 3957 σὰ,
2800 3891 2937 3963 ἐμά·
2963 3890 3056 3945 καὶ
3079 3886 3403 3976 δεδόξασμαι
3430 3884 3487 3976 ὲν
3516 3881 3612 3976 αὑ·
3658 3904 3663 3911 ·

2044 3970 2176 4059 τοῖς.
2208 4013 2226 4047 ι
2272 3994 2379 4048 Καὶ
2419 3989 2554 4062 πρός
2600 4000 2665 4056 γε
2709 3985 2855 4056 ἡμᾶς
2895 3980 3088 4042 αὐτοὺς
3138 3976 3265 4047 περὶ
3309 3973 3404 4028 τοῦ
3459 3970 3612 4062 ἁγίου

2048 4084 2186 4139 Πνεύ
2196 4100 2364 4155 ματος
2393 4082 2519 4141 τοὺς
2545 4077 2735 4145 λόγους
2765 4072 3101 4142 ποιούμενος,
3142 4086 3160 4118 ι
3192 4067 3396 4155 Πάντα,
3427 4061 3611 4155 φησιν,

2046 4178 2148 4229 ὅσα
2176 4150 2286 4243 ἐνχει
2321 4173 2350 4224 ὁ
2396 4169 2602 4239 Πατὴρ,
2638 4165 2748 4234 ἐμά
2776 4168 2922 4216 ἐστι·
2954 4161 3041 4213 διὰ
3074 4157 3230 4211 τοῦτο
3263 4150 3417 4208 εἶπον
3463 4154 3612 4221 ὑμῖν,

2047 4267 2129 4320 ὅτι
2156 4267 2222 4317 ὲκ
2251 4262 2344 4315 τοῦ
2374 4259 2507 4331 ἐμοῦ
2549 4257 2778 4328 λήψεται
2805 4255 2898 4308 καὶ
2942 4250 3229 4318 ἀναγγελεῖ
3259 4249 3404 4317 ύμῖν.
3436 4264 3452 4295 ι
3487 4244 3618 4294 Ὠσε-

381 4347 724 4412 naturaliter,
758 4347 969 4416 ipsique
999 4339 1494 4402 eon'snbstantialis.
1531 4347 1671 4413 Ergo
1696 4348 1938 4414 quamvis

2051 4374 2156 4428 περ
2182 4356 2293 4426 γάρ
2321 4325 2566 4424 πρόεισιν
2689 4348 2779 4401 τοῦ
2802 4345 3017 4417 Πατρὸς
3044 4344 3105 4396 τὸ
3135 4341 3358 4409 Πνεῦμα
3380 4339 3441 4390 τὺ
3463 4336 3618 4428 άγιον

379 4454 478 4508 per
508 4436 769 4506 Spiritum
793 4435 1151 4506 glorilicetur,
1185 4439 1300 4506 ipse
1349 4448 1527 4491 tamen
1557 4437 1792 4507 seipsqu
1823 4445 1947 4492 tan~

379 4544 540 4598 quam
579 4543 676 4598 per
713 4530 986 4599 proprium
1043 4527 1301 4598 Spiritum
1340 4528 1646 4596 glorilicare
1695 4526 1950 4597 intelligi-

384 4632 507 4685 tur;
541 4635 717 4690 neque
758 4636 821 4674 ea
877 4635 965 4675 res
1000 4620 1072 4673 illi
1116 4620 1454 4674 extrinsecus
1505 4618 1745 4684 advenit,
1786 4620 1947 4672 etiam

381 4711 426 4765 si
460 4710 635 4765 laetus
674 4710 834 4765 homo
866 4708 1036 4763 nostri
1066 4708 1260 4764 similis
1285 4709 1552 4763 videatur.
1582 4707 1949 4763 Periculosum

383 4812 467 4857 est
493 4809 672 4858 autem
700 4802 766 4855 ad
802 4803 903 4856 hoe
928 4800 1089 4854 etiam
1130 4799 1258 4854 illud
1294 4801 1475 4855 dicere
1503 4800 1568 4854 de
1603 4810 1795 4854 sancto
1827 4799 1948 4869 Spi~

387 4894 513 4959 ritu,
543 4900 634 4963 qui
664 4908 882 4949 carnem
920 4892 1089 4961 ipsius
1118 4890 1295 4947 elfecit
1328 4892 1585 4959 templum
1616 4909 1630 4946 :
1666 4900 1786 4947 erat
1807 4895 1950 4951 enim

386 4999 513 5039 caro
543 4986 758 5054 propria
788 4984 970 5047 Verbi,
1025 4984 1185 5053 idque
1216 4983 1375 5052 paulo
1405 4994 1531 5037 ante
1580 4983 1697 5053 ipse
1741 4983 1956 5038 confes-

389 5088 480 5127 sus
518 5090 611 5140 es;
650 5078 818 5145 ipsius
862 5076 1004 5130 enim
1052 5091 1175 5130 esse
1224 5075 1611 5129 humanitatem
1655 5074 1861 5138 dixisti,
1900 5084 1955 5127 et

392 5166 646 5233 templum
679 5168 845 5235 ipsius
872 5167 970 5222 fuit
1004 5178 1251 5223 sanctum
1284 5166 1408 5220 illud
1444 5181 1642 5234 corpus
1667 5182 1730 5221 ex
1764 5177 1955 5222 sancta

394 5252 613 5327 Virgine
657 5268 948 5327 sumptum.
985 5260 1144 5330 106
1170 5259 1424 5329 Proprius
1465 5259 1592 5314 item
1645 5259 1818 5326 ipsius
1869 5258 1956 5311 ille

391 5351 509 5419 rjus
537 5348 791 5418 Spiritus,
824 5367 995 5420 neque
1023 5369 1258 5420 unquam
1294 5351 1421 5406 illud
1453 5353 1544 5406 Dei
1582 5350 1813 5404 Verbum
1842 5350 1956 5403 sine

394 5461 491 5501 suo
523 5444 727 5514 Spiritu
765 5445 1097 5515 intelligitur.
1134 5445 1357 5499 [’rtestat
1387 5446 1546 5515 igitur
1570 5461 1633 5498 ac
1662 5443 1956 5510 sapientius

2050 4427 2214 4503 αὑτοῦ
2240 4446 2381 4500 κατὰ
2412 4442 2572 4512 φύσιν
2601 4440 2871 4510 ὑπάρχονν
2900 4436 2995 4489 καὶ
3025 4434 3168 4523 κατά
3189 4432 3281 4485 τὸν
3306 4433 3420 4483 ἴσον
3444 4427 3618 4494 τούτῳ

2048 4539 2248 4612 τρόπον
2286 4538 2380 4590 καὶ
2408 4537 2474 4589 δι’
2515 4531 2680 4588 αὐτοῦ
2717 4530 2809 4584 τοῦ
2845 4527 2999 4591 Υἱοῦ,
3046 4518 3287 4594 φυσικῶς
3332 4522 3390 4575 ὃν
3427 4518 3617 4582 αὑτοῦ,

2052 4609 2144 4685 καὶ
2171 4627 2454 4699 όμοούσιον
2503 4622 2670 4693 αὐτῷ.
2697 4619 2906 4674 Οὐκοῦν
2934 4616 3036 4671 κᾶν
3074 4614 3361 4683 δοξάζηται
3399 4612 3485 4664 διὰ
3526 4609 3621 4663 τοῦ

2054 4719 2400 4789 Πνεύματος,
2440 4714 2602 4775 αὐτὸς
2652 4709 2860 4773 ἑαυτὸν,
2896 4707 2972 4770 ὡς
3019 4707 3086 4760 δι’
3131 4705 3258 4759 ἰδίου
3308 4701 3623 4772 Πνεύματος

2054 4812 2250 4865 νοεῖται
2272 4806 2530 4872 δοξάζων,
2557 4804 2650 4856 καὶ
2675 4803 2772 4871 οὐχ
2798 4800 2872 4863 ὡς
2897 4797 3128 4870 θύραθεν
3150 4796 3209 4849 τὸ
3235 4797 3425 4866 χρῆμα
3454 4790 3621 4861 αὐτῷ,

2058 4899 2162 4953 κᾶν
2194 4900 2243 4951 εί
2274 4896 2447 4968 ὁρῷτο
2495 4891 2739 4962 γεγονὼς
2771 4889 3056 4960 ἄνθρωπος
3102 4887 3226 4939 καθ’
3256 4886 3421 4956 ἡμᾶς.
3466 4882 3619 4934 Ἀνα-

2061 4988 2282 5058 σφαλεὶς
2317 4987 2428 5059 [ιον.
2468 4981 2819 5053 Ἀνασφαλὲς]
2856 4981 2910 5033 δὲ
2937 4980 3072 5051 πρὸς
3099 4977 3272 5047 τούτῳ
3302 4978 3523 5031 κάκεῖνο
3551 4976 3621 5027 εί-

2059 5082 2177 5133 πείν
2207 5076 2335 5148 περὶ
2367 5077 2455 5129 τοῦ
2490 5074 2835 5144 Πνεύμστος,
2877 5071 2957 5134 τὸ,
2989 5069 3087 5139 τὴν
3117 5068 3295 5140 σάρκα
3322 5068 3419 5137 τὴν
3464 5063 3626 5118 αὑτοῦ

2058 5167 2421 5238 πεποιημένον
2461 5165 2618 5219 ναόν’
2664 5160 2732 5233 ἦν
2780 5162 2876 5233 μὲν
2907 5161 3011 5232 γὰρ
3037 5162 3068 5229 ἡ
3098 5157 3234 5229 σάρξ
3263 5158 3366 5211 ἰδία
3404 5154 3498 5211 τοῦ
3526 5156 3625 5209 Λό-

2061 5276 2177 5327 γου,
2214 5257 2309 5309 καὶ
2354 5255 2511 5309 τοῦτο
2554 5256 2684 5325 ἡμῖν
2733 5252 2933 5323 ἀρτίως
2971 5250 3383 5321 διωμολόγηκας
3433 5247 3629 5310 αὐτός’

2061 5347 2223 5401 αὑτοῦ
2267 5348 2374 5417 γάρ
2420 5346 2552 5416 ἔφης
2586 5342 2854 5414 εἶναιτὴν
2906 5340 3331 5411 ἀνθρωπότητα,
3366 5342 3459 5393 καὶ
3509 5338 3630 5402 ναὸς

2061 5438 2220 5492 αὐτοῦ
2258 5439 2658 5511 κεχρημάτικεν
2705 5436 2763 5489 τὸ
2798 5437 2862 5489 ὲκ
2897 5434 2992 5505 τῆς
3023 5432 3179 5501 ἁγίας
3234 5432 3509 5502 Παρθένου
3541 5429 3634 5503 λη-

463 5618 510 5652 "
544 5619 697 5675 Joau.
734 5596 790 5699 Ii,
836 5620 920 5672 35.
956 5621 998 5650 ⁷⁸
1036 5618 1187 5673 Jnan.
1230 5634 1360 5683 xm,
1404 5618 1481 5670 l0.
1561 5618 1605 5648 7"
1638 5616 1792 5673 δοιαὶ.
1835 5632 1940 5682 xu,
1974 5615 2056 5669 15.
