4002 6192
433 255 536 311 ⁴18⁵1

1425 250 1483 303 s.
1526 224 1799 303 cmeu
1853 219 2325 303 unaunam
2362 216 2679 303 menter.

3575 254 3683 310 188

434 378 554 424 erat
577 376 937 439 gustaturnm,
969 375 1022 421 et
1053 366 1309 436 templum
1357 379 1511 421 suum
1551 376 1610 421 ut
1639 366 1780 422 Deus
1815 367 1995 421 vivifi-

2123 366 2376 437 ὶνθρωπος
2413 369 2442 421 ὁ
2475 365 2770 438 μονογενὴς
2818 366 2912 420 τοῦ
2960 367 3099 422 Θεοῦ
3149 369 3325 437 Λόγος
3347 409 3363 435 ,
3395 369 3589 442 ἔμελλὲ
3619 390 3683 426 τε

438 460 632 518 cando,
676 458 865 512 mortis
899 457 1314 529 inexpugnabile
1346 460 1511 512 robur
1535 472 1868 522 eversurum,
1908 456 2006 511 ob-

440 549 612 603 tendit
635 549 853 617 quidem
889 562 1103 616 precum
1141 556 1199 601 ut
1241 547 1421 613 homo,
1461 556 1516 600 et
1562 546 1870 602 consentire
1902 545 2003 600 sibi

442 637 655 692 Patrem
683 645 856 707 optat,
883 652 1033 692 suam
1071 638 1239 707 ipsius
1276 647 1522 692 naturam
1566 639 1621 691 in
1652 652 1774 690 eum
1805 643 2003 690 statum

440 728 844 784 transformanti
872 745 980 800 quo
1016 731 1166 799 prius
1192 740 1329 792 erat,
1363 738 1417 783 et
1450 729 1515 782 ad
1544 727 2006 794 incorruptionem

444 820 744 880 renovanti.
784 832 839 876 et
867 824 1056 876 mortis
1096 821 1306 890 laqueis
1336 821 1696 890 potentiorem
1740 818 2004 884 reddenti,

442 912 617 966 soluta
649 913 857 967 scilicet
891 914 1059 969 veteri
1098 913 1500 977 maledictione,
1531 912 1878 981 vindictaque
1918 909 2006 964 illa

443 1016 563 1069 qua!
596 1002 825 1070 primum
871 1002 1102 1058 formato
1143 1004 1348 1058 homini
1392 1002 1569 1056 fuerat
1609 1003 1867 1071 irrogata.
1901 1001 2009 1071 Igi-

447 1101 534 1144 tur
563 1093 688 1161 quia
724 1094 887 1148 etiam
917 1095 1041 1148 dum
1078 1095 1366 1149 videtnrin
1403 1109 1585 1159 carne,
1630 1103 1824 1147 natura
1857 1106 2010 1147 vere-

444 1198 549 1252 que
579 1181 749 1239 Filius
778 1185 868 1239 Dei
900 1200 1021 1240 esse
1056 1187 1379 1255 praedicatur
1406 1204 1420 1240 :
1453 1203 1472 1236 ι
1502 1184 1778 1250 Glorilica,
1813 1184 2007 1255 inquit;

447 1285 615 1339 tuum,
647 1290 680 1331 o
708 1276 886 1342 Pater,
930 1277 1143 1341 Filium,
1170 1296 1189 1329 ι
1228 1287 1479 1346 tanquam
1515 1278 1807 1343 hominem,
1838 1284 2011 1331 morte

445 1368 898 1437 corruptioneque
944 1368 1300 1439 potentiorem
1341 1369 1591 1434 reddens,
1627 1378 1684 1423 ut
1725 1379 1845 1424 tuus
1890 1382 2010 1422 esse

444 1459 722 1524 credatur,
756 1474 877 1513 cum
922 1462 994 1515 sit
1030 1460 1136 1513 vita
1169 1474 1268 1529 per
1300 1470 1546 1515 naturam
1578 1471 1637 1515 nt
1677 1461 1834 1525 Deus,
1865 1460 2009 1530 quod

446 1545 510 1599 ad
558 1546 788 1616 propriae
839 1559 1047 1603 natura:
1094 1550 1358 1603 rationem
1412 1551 1605 1603 attinet
1651 1567 1665 1605 :
1712 1560 1821 1603 tmn
1865 1550 2008 1604 enim

448 1635 561 1704 ipse
586 1651 800 1708 quoque
829 1638 995 1695 Filius
1032 1649 1083 1695 le
1117 1641 1459 1710 gloriﬁcabit.
1492 1640 1687 1696 Glorim
1719 1656 1905 1696 revera
1929 1649 2011 1696 est

449 1727 557 1781 Deo
602 1743 667 1783 ac
717 1729 885 1798 Patri,
930 1733 1054 1786 dum
1105 1749 1135 1788 a
1184 1733 1340 1789 nobis
1398 1734 1638 1789 creditur
1687 1734 1829 1803 quod
1884 1748 2006 1787 cum
2043 1715 2086 1772 Β

447 1817 588 1900 Dens
623 1819 697 1874 sit
733 1835 914 1884 verus,
955 1833 1005 1879 et
1036 1824 1144 1879 vita
1184 1834 1240 1878 et
1267 1825 1563 1887 viviﬁcans,
1599 1839 1784 1894 parem
1812 1822 1911 1877 sibi
1944 1837 2009 1878 ac

448 1922 547 1976 per
574 1911 753 1964 omnia
783 1912 1042 1979 similem,
1067 1914 1511 1984 inell‘abiliterque
1530 1923 1586 1971 et
1606 1929 1767 1984 supra
1794 1929 2008 1968 onmem

452 1998 862 2070 intelligentiam
908 2007 1092 2076 genuit
1139 2006 1358 2072 Filium,
1404 2007 1495 2077 qui
1543 2020 1647 2059 non
1689 2005 1790 2060 fuit
1837 2005 2013 2058 minor

451 2091 613 2146 etiam
653 2108 774 2150 cum
818 2096 870 2150 in
909 2111 1076 2152 carne
1107 2108 1262 2154 natus
1296 2107 1401 2163 est,
1432 2097 1528 2154 sed
1562 2103 1903 2167 praestantem
1945 2093 2012 2148 il-

453 2182 557 2235 lam
599 2186 975 2258 egregiamque
1027 2189 1287 2244 naturalis
1334 2187 1630 2243 nobilitatis
1687 2187 1789 2241 sibi
1840 2184 2017 2259 insitae

454 2274 909 2343 pulchritudinem
956 2280 1220 2351 integram
1273 2281 1492 2335 omnino
1529 2279 1788 2342 servavit,
1834 2277 1909 2330 ita
1961 2285 2021 2331 ut

455 2367 570 2435 ipse
604 2382 819 2437 quoque
850 2371 921 2426 sit
956 2371 1090 2435 vita,
1124 2380 1308 2440 utpote
1335 2385 1399 2425 ex
1430 2370 1561 2436 vita,
1590 2378 1645 2424 et
1674 2369 1855 2422 omnia
1894 2382 2019 2439 pos-

455 2458 548 2521 sit,
592 2467 646 2512 et
688 2459 806 2513 sine
851 2460 1033 2515 labore
1062 2462 1324 2531 perﬁciat,
1373 2469 1425 2515 et
1457 2461 1540 2515 his
1570 2461 1660 2531 qui
1701 2468 1825 2514 sunt
1859 2460 2018 2513 morti

457 2547 899 2619 corruptioniqne
934 2552 1176 2614 obnoxii,
1220 2552 1678 2621 incorruptionem
1710 2551 1894 2605 donet.
1919 2548 2022 2617 lgi—

460 2648 547 2692 tnr
575 2622 735 2693 etiam
782 2641 825 2695 si
856 2643 1148 2709 gloriﬁcari
1188 2643 1403 2697 dicatur
1446 2658 1474 2696 a
1508 2642 1667 2698 Patre
1701 2640 1891 2705 Filius,
1926 2639 2024 2694 hu-

463 2729 738 2783 manitatis
789 2745 1092 2786 mensuram
1139 2742 1371 2801 reputa:
1406 2746 1475 2786 ne
1517 2740 1639 2801 post
1674 2730 1925 2784 unionem
1971 2727 2024 2782 in

2104 458 2287 529 χάριτι
2322 457 2456 511 Θεοῦ
2490 458 2577 511 διὰ
2602 459 2700 528 τῆς
2736 458 2869 523 ἰδίας
2909 462 3110 533 σαρκὸς
3139 463 3281 535 ὑπὲρ
3314 466 3517 528 παντὸς
3548 466 3681 532 γεύ-

2105 548 2301 602 σασθαι
2341 547 2590 613 θανάτου,
2634 549 2728 601 καὶ
2778 550 3108 622 δυσάντητον
3156 552 3318 607 αὐτοῦ
3384 554 3685 627 παραλύειν

2106 640 2325 710 κράτος,
2357 639 2698 711 ζωοποιήσας
2726 641 2800 704 ὡς
2827 640 2957 705 Θεὸς
2987 641 3076 695 τὸν
3107 643 3236 697 ἴδιον
3265 643 3410 708 ναὸν,
3441 647 3685 717 σκήπτε-

2103 748 2193 784 ται
2229 731 2327 802 τὴν
2370 729 2532 801 εὐχὴν
2581 731 2655 795 ὡς
2694 730 3013 804 ἅνθρωπος,
3062 735 3156 787 καὶ
3197 736 3585 808 συνευδοκῆσαι
3631 737 3680 790 οἱ

2109 821 2357 893 βούλεται
2387 821 2476 874 τὸν
2524 822 2763 893 Πατέρα.
2804 823 2903 895 τὴν
2936 824 3100 878 αὐτοῦ
3138 824 3297 894 φύσιν
3344 829 3679 899 μετασκευά-

2107 913 2251 979 ζοντι
2278 913 2412 982 πρὸς
2434 915 2494 967 τὸ
2519 915 2612 968 ἀπ’
2633 915 2833 985 ἀρχῆς,
2853 916 2950 969 καὶ
2976 916 3294 971 ἀνανεοῦντι
3322 910 3456 990 πρὸς
3472 919 3684 989 ἀφ’θαρ-

2108 1006 2250 1070 σίαν,
2273 1007 2365 1059 καὶ
2391 1006 2498 1059 τῶν
2517 1006 2610 1059 τοῦ
2634 1006 2865 1060 θανάτου
2893 1006 3107 1078 βρόχων
3130 1008 3480 1078 ἀποφαίνοντι
3507 1011 3684 1081 κρείτ-

2106 1114 2234 1153 τονα
2253 1113 2266 1127 ·
2297 1096 2594 1168 λελυμένης
2618 1096 2860 1165 δηλονότι
2892 1099 2989 1169 τῆς
3017 1099 3251 1170 ἀρχαίας
3277 1101 3493 1170 ἐκείνης
3521 1101 3684 1171 ἀρᾶς,

2109 1187 2204 1241 καὶ
2232 1187 2334 1256 τῆς
2361 1186 2453 1239 ἐπὶ
2476 1187 2555 1257 τῷ
2588 1185 3003 1258 πρωτοπλάστῳ
3028 1187 3205 1259 δίκης.
3235 1188 3441 1242 Οὐκοῦν
3475 1188 3685 1259 ἐπειδή-

2110 1293 2217 1347 περ
2258 1277 2352 1330 καὶ
2399 1279 2457 1330 ἐν
2498 1276 2663 1349 σαρκὶ
2715 1275 3139 1348 καθορώμενος,
3188 1278 3314 1341 Υἱὸς
3358 1273 3494 1332 εἶναι
3545 1278 3682 1332 Θεοῦ

2111 1366 2439 1437 κηρύττεται
2488 1366 2647 1435 φύσει
2694 1383 2754 1419 τε
2812 1367 2903 1419 καὶ
2936 1366 3198 1438 ἀληθείᾳ,
3246 1386 3265 1418 ι
3297 1368 3526 1434 Δόξασόν
3564 1385 3683 1429 σου.

2111 1460 2296 1529 φησὶν,
2333 1454 2378 1512 ὦ
2408 1458 2609 1529 Πάτερ,
2658 1456 2748 1511 τὸν
2782 1457 2929 1522 Υίὸν,
2949 1476 2966 1508 ι
3008 1458 3085 1522 ώς
3115 1459 3418 1531 ἄνθρωπον,
3455 1458 3551 1512 καὶ
3583 1457 3686 1511 θα-

2110 1550 2268 1604 νάτου
2301 1550 2604 1621 κρείττονα,
2635 1551 2729 1605 καὶ
2758 1549 2960 1621 φθορᾶς
2981 1550 3290 1621 ἀποφήνας,
3318 1551 3405 1605 ἵνα
3432 1551 3520 1613 σὸς
3543 1545 3685 1603 εἶναι

2113 1641 2455 1713 πιστεύηται,
2481 1640 2595 1712 ζωὴ
2625 1642 2765 1697 κατὰ
2791 1640 2951 1711 φύσιν
2979 1641 3238 1713 ὑπάρχων
3261 1641 3337 1707 ώς
3361 1641 3514 1708 Θεὸς,
3541 1643 3686 1695 κατὰ

2113 1749 2177 1803 γε
2204 1733 2296 1786 τὸν
2339 1734 2440 1803 τῆς
2472 1733 2611 1798 ἰδίας
2648 1733 2872 1802 ’φύσεως
2902 1733 3095 1801 λόγον·
3130 1732 3253 1786 τότε
3290 1733 3398 1804 γάρ
3434 1750 3493 1786 σε
3528 1733 3625 1785 καὶ⁸
3658 1734 3687 1786 ὁ

2114 1825 2244 1889 Υἱὸς
2282 1823 2514 1891 δοξάσει.
2546 1824 2682 1890 Δόξα
2723 1825 2936 1897 ἀληθῶς
2972 1824 3051 1896 τῷ
3088 1824 3207 1895 Θεῷ
3237 1824 3332 1879 καὶ⁸
3368 1824 3566 1896 Πατρὶ,
3603 1824 3686 1890 τὸ,

2117 1916 2469 1971 πιστεύεσθαι
2496 1915 2632 1986 πρὸς
2655 1918 2689 1986 ἡ
2699 1916 2834 1988 μῶν,
2860 1917 2943 1969 ὅτι
2968 1915 3101 1980 Θεὸς
3128 1916 3389 1988 ὑπάρχων
3416 1914 3689 1986 ἀληθινὸς,

2118 2009 2213 2063 καὶ
2247 2007 2392 2076 ζωὴ,
2435 2007 2531 2060 καὶ
2571 2006 2852 2072 ζωοποιὸς,
2899 2005 3011 2061 ἴσον
3054 2024 3113 2060 τε
3154 2007 3247 2060 καὶ
3289 2008 3472 2077 ὅμοιον
3514 2006 3694 2076 ἐαυτῷ

2121 2096 2262 2151 κατὰ
2295 2097 2402 2150 πᾶν
2434 2095 2633 2162 ὁτιοῦν,
2678 2097 3002 2167 saepem;
3030 2113 3092 2150 τε
3126 2097 3220 2149 καὶ
3250 2096 3388 2167 ὑπὲρ
3417 2094 3563 2160 νοῦν,
3596 2096 3692 2148 ὲκ-

2121 2189 2310 2243 τέτοκε
2349 2186 2440 2242 τὸν
2472 2188 2620 2251 Υἱὸν,
2650 2188 2711 2252 ὃς
2737 2184 2805 2259 ἦν
2833 2191 2933 2242 οὐκ
2964 2190 3021 2241 ὲν
3058 2188 3234 2259 μείοσι
3254 2226 3270 2251 ,
3321 2187 3415 2241 καὶ
3445 2188 3503 2240 ὲν
3532 2188 3701 2259 σαρκὶ

2123 2278 2234 2351 [ἵσ.
2260 2277 2355 2331 καὶ
2388 2278 2470 2331 ὃτι
2516 2279 2575 2331 ὲν
2626 2276 2814 2349 σαρκὶ]
2866 2276 3092 2347 γέγονεν
3115 2292 3130 2308 ο
3164 2275 3300 2329 ἀλλὰ
3329 2275 3428 2346 τῆς
3468 2274 3699 2344 ἐνούσης

2125 2369 2274 2442 αύτῷ
2303 2370 2534 2441 φυσικῆς
2563 2370 2838 2439 εὐγενείας
2858 2411 2874 2436 ,
2923 2367 3294 2439 ἁδιαλώὸητον
3328 2366 3606 2427 παντελῶς
3634 2366 3700 2417 τὸ

2124 2462 2402 2535 ’ὑπερφυὲς
2430 2462 2527 2515 καὶ
2558 2460 2833 2533 ἐξαίρετον
2862 2458 3162 2514 διεσώσατο
3202 2458 3417 2522 κάλλος,
3448 2455 3558 2523 ζωὴ
3599 2458 3696 2508 καὶ

2129 2552 2288 2617 αὐτὸς
2319 2553 2580 2623 ὑπάρχων
2617 2550 2693 2615 ώς
2734 2552 2800 2604 ὲκ
2833 2549 2997 2620 ζωῆς,
3041 2548 3218 2602 πάντα
3252 2563 3309 2599 τε
3357 2543 3554 2615 ἰσχύων
3599 2545 3700 2597 καὶ

2129 2644 2364 2715 ἀμογητὶ
2396 2640 2695 2714 κατορθῶν,
2719 2639 2810 2694 καὶ
2835 2641 2947 2703 τοῖς
2971 2637 3074 2692 ὑπὸ
3104 2637 3331 2691 θάνατον
3363 2635 3457 2687 καὶ
3484 2633 3697 2704 φθορὰν

2129 2738 2229 2808 τὴν
2245 2734 2547 2805 ἀφθαρσίαν
2562 2732 2919 2806 δωρούμενος.
2945 2728 3155 2784 Οὐκοῦν
3174 2729 3279 2782 κᾶν
3302 2729 3353 2782 εί
3373 2723 3705 2793 δοξάζεσθαι

463 2822 568 2875 duo
594 2819 805 2876 dividas
845 2838 1009 2876 unum
1054 2821 1353 2885 Christum.
1399 2831 1453 2878 et
1486 2822 1704 2884 Filium.
1739 2831 1795 2878 et
1838 2822 2023 2877 Domi-

2132 2828 2342 2898 λέγοιτο
2370 2825 2522 2897 παρὰ
2558 2823 2653 2881 τοῦ
2684 2824 2895 2895 Πατρὸς
2933 2824 2962 2876 ὁ
2989 2821 3149 2886 Υἱὸς,
3182 2820 3244 2873 τὸ
3275 2820 3373 2885 τῆς
3420 2816 3706 2888 ἅνθρωπό-

466 2926 627 2976 nttm;
678 2913 774 2967 sed
826 2928 990 2966 unum
1039 2913 1395 2982 eumdemque
1450 2913 1703 2969 similiter
1743 2924 1798 2970 et
1844 2914 2023 2985 gloria!

2132 2936 2295 2990 τητος
2323 2913 2636 2985 ἀναλογίζου
2672 2912 2897 2985 μέτρονο
2933 2911 3007 2982 μὴ
3034 2908 3294 2980 διατέμης
3329 2910 3405 2970 εἰς
3434 2906 3528 2961 δύο
3570 2906 3717 2975 μετὰ.
3762 2920 3773 2927 ·

468 2999 751 3056 hominum
780 3012 836 3057 et
867 3001 1033 3057 Deum
1084 3003 1342 3073 intellige,
1375 3012 1427 3060 et
1458 3005 1683 3074 gloriam
1720 3007 2023 3061 humanitus

2134 3011 2233 3082 τὴν
2268 3009 2484 3073 ἕνωσιν,
2526 3007 2616 3060 τὸν
2648 3005 2745 3058 ἕνα
2784 3003 3019 3073 Χριστὸν
3045 3002 3139 3054 καὶ
3180 3001 3306 3054 Υἱὸν
3347 2999 3441 3052 καὶ
3468 2997 3708 3068 Κύριον*

469 3094 844 3164 accipientem.
875 3095 1061 3165 Cogita
1093 3096 1236 3150 enim
1270 3095 1417 3149 illum
1447 3097 1547 3150 etsi
1582 3105 1771 3151 natura
1799 3112 2023 3167 vereque

2276 3062 2371 3154 ἕνα
2406 3062 2500 3154 καλ.
2530 3098 2622 3152 τὸν
2654 3094 2817 3151 αὐτὸν
2840 3062 3046 3164 ’ὁμοίως
3096 3091 3207 3162 (26)
3228 3131 3243 3156 ,
3291 3091 3385 3144 καὶ
3421 3089 3517 3160 τῆς
3550 3062 3717 3164 δόξης,

474 3188 612 3243 Dens
657 3189 747 3249 sit,
797 3198 853 3243 et
895 3204 992 3242 rex
1039 3189 1412 3243 universorum
1445 3204 1508 3244 ac
1535 3188 1813 3257 Dominus,
1857 3201 2023 3246 tamen

2135 3192 2338 3263 Κύριον
2380 3190 2475 3244 καὶ
2517 3188 2671 3249 Θεὸν,
2701 3187 2795 3239 καὶ
2820 3185 2977 3250 δόξαν
3008 3182 3298 3252 δεχόμενον
3331 3178 3707 3250 ἀνθρωπίνως.

473 3280 825 3333 constitutum
886 3294 1008 3342 esse
1061 3295 1238 3350 regem
1291 3281 1434 3344 dici,
1485 3297 1606 3336 rum
1657 3282 1831 3339 factus
1878 3285 2023 3339 homc

2150 3284 2352 3338 Ἐννόει
2381 3285 2490 3355 γάρ
2534 3281 2637 3345 ὅτι,
2685 3277 2864 3332 καίτοι
2904 3276 3063 3344 φύσει
3116 3292 3175 3327 τε
3210 3272 3457 3344 ἀληθείᾳ,
3491 3269 3623 3332 Θεός
3651 3285 3715 3321 τε

474 3372 643 3425 nostri
701 3371 893 3427 similis
942 3373 1240 3426 lmmiliavit
1286 3374 1557 3444 seipsum,
1589 3375 1750 3446 108
1769 3385 1821 3429 et
1866 3375 2023 3430 factus

2141 3375 2235 3430 καὶ
2267 3374 2515 3445 βασιλεὺς
2539 3370 2647 3423 τῶν
2677 3369 2812 3423 ὅλων
2844 3366 3111 3436 ὑπάρχων
3152 3364 3248 3417 καὶ⁵
3275 3363 3501 3433 Κύριος,
3534 3376 3714 3429 κεχει-

476 3471 559 3515 est
585 3464 842 3518 obediens
875 3463 983 3518 Deo
1012 3474 1065 3518 et
1094 3463 1235 3518 Patri
1259 3463 1329 3531 ⁸³,
1365 3475 1419 3520 et
1456 3467 1733 3521 nobiscum
1775 3468 1875 3521 sub
1903 3468 2039 3537 lege.

479 3555 635 3611 Nullo
671 3556 836 3627 igitur
867 3557 1026 3612 modo
1059 3572 1178 3626 quae
1204 3558 1589 3613 exinanitionis
1617 3572 1884 3613 tnensurre
1910 3574 2043 3613 con-

480 3648 719 3714 veniunt,
780 3648 1050 3717 sapientes
1103 3649 1349 3705 homines
1395 3658 1448 3704 et
1498 3651 1701 3720 peritos
1750 3658 1804 3706 et
1845 3651 1896 3704 in
1941 3651 2045 3706 llde

480 3739 831 3797 conﬁrmatos
855 3742 1279 3806 conturbabunt,
1318 3743 1411 3797 sed
1443 3758 1509 3797 ex
1542 3743 1607 3797 iis
1641 3744 1771 3813 ipsis
1804 3754 1857 3799 et
1883 3742 2044 3798 simul

482 3847 544 3886 ev
588 3833 672 3887 his
702 3848 821 3904 quae
855 3834 1050 3888 divinae
1098 3843 1303 3890 natura:
1343 3835 1697 3900 conveniunt,
1748 3838 1918 3905 ipsum
1962 3833 2051 3889 Fi-

483 3925 610 3978 lium
645 3924 806 3981 Deum
853 3939 974 3981 esse
1023 3926 1269 3981 eumdem
1311 3935 1365 3980 et
1413 3926 1685 3983 hominem
1730 3937 2049 3997 agnoscent.

486 4016 593 4072 Sed
645 4016 791 4072 sanis
835 4016 1019 4072 verbis
1062 4033 1166 4071 non
1210 4017 1599 4086 acquiescit”,
1629 4028 1683 4072 et
1727 4019 1793 4071 ad
1820 4017 2054 4072 eﬂ'rena-

489 4118 599 4161 tum
631 4108 888 4180 impetum
932 4110 1218 4164 admodum
1259 4124 1479 4178 pronus,
1518 4110 1683 4165 stulte
1717 4109 1817 4164 sibi
1852 4110 2051 4178 placet,

2147 3465 2476 3541 ροτονεῖσθαι
2513 3462 2732 3531 λέγεται
2766 3459 3040 3531 βασιλεὺς,
3087 3456 3174 3509 ὅτε
3211 3452 3332 3507 καθ’
3376 3452 3525 3522 ἡμᾶς
3548 3447 3715 3541 γενό-

2148 3539 2306 3630 μενος
2349 3557 2635 3628 ἅνθρωπος
2682 3550 3080 3606 τεταπείνωκεν
3114 3543 3325 3608 ἑαυτὸν,
3373 3543 3464 3595 καὶ
3498 3539 3720 3609 γέγονεν

2147 3628 2387 3721 ύπήκοος
2418 3647 2495 3719 τῷ
2529 3643 2649 3715 Θεῷ
2679 3643 2775 3696 καὶ
2807 3641 3001 3711 Πατρὶ,
3032 3638 3127 3692 καὶ
3179 3634 3294 3706 μεθ’
3319 3632 3474 3705 ἡμῶν
3501 3629 3605 3683 ὑπὸ
3634 3628 3722 3703 νό-

2152 3762 2270 3814 μον.
2300 3739 2599 3810 Θορυϐήσει
2629 3736 2694 3807 δὴ
2720 3729 2813 3789 οῦν
2856 3733 2978 3786 κατ’
3003 3729 3195 3783 οὐδένα
3228 3725 3443 3814 τρόπον
3464 3721 3590 3814 τοὺς
3632 3736 3725 3773 σο-

2150 3808 2282 3904 eod;
2310 3808 2507 3884 τεκαὶ
2529 3825 2919 3895 ἐπιστήμονας,
2953 3819 3047 3874 καὶ
3079 3815 3400 3888 ἱδρυμένους
3430 3812 3486 3863 ὲν
3513 3808 3721 3904 πίστει,

2149 3897 2219 3979 τά
2254 3927 2366 3987 τοῖς
2409 3922 2508 3992 τῆς
2553 3916 2837 3979 κενώσεως
2877 3912 3156 3985 πρέποντα
3209 3907 3461 3980 μέτροις’
3507 3899 3621 3992 ἀλλ’
3665 3897 3739 3963 ἐξ

2152 4013 2329 4070 αὐτῶν
2370 4030 2431 4066 τε
2458 3991 2616 4082 όμοῦ,
2645 4008 2741 4062 καὶ
2783 4005 2891 4060 τῶν
2927 4005 2994 4075 τῇ
3025 4001 3146 4070 θείᾳ
3181 3996 3497 4070 πρεπόντων
3542 3991 3729 4062 φύσει,

2153 4104 2286 4159 Θεὸν
2330 4103 2459 4156 ὄντα
2491 4100 2583 4154 τὸν
2632 4096 2793 4151 αὑτὸν
2831 4095 2926 4149 καὶ
2963 4091 3248 4162 ἄνθρωπον
3299 4083 3727 4154 ὲπιγινώσκουσι

488 4209 541 4251 et
569 4215 688 4269 quas
709 4175 832 4269 ipse
862 4209 914 4254 et
941 4200 1155 4268 quidem
1183 4175 1327 4255 sol—us
1346 4201 1558 4269 probat,
1577 4201 1671 4254 sed
1696 4208 1838 4254 recte
1853 4175 2021 4255 haher

2153 4197 2245 4251 τὸν
2276 4195 2423 4249 Υἱόν.
2461 4190 2620 4245 Ἀλλὰ
2654 4188 2763 4259 γὰρ
2811 4184 3108 4255 ὑγιαίνουσι
3146 4180 3248 4269 μὲν
3277 4179 3339 4232 ού
3367 4175 3737 4269 προσέρχεται

489 4289 782 4354 existimat,
815 4305 876 4343 ea
914 4291 1189 4345 sentienda
1228 4302 1412 4346 censet
1446 4309 1458 4343 :
1493 4291 1670 4360 perdit
1703 4292 1865 4344 etiam
1896 4292 2054 4358 alios,

2156 4286 2334 4353 λόγοις
2349 4300 2363 4314 ·
2385 4276 2764 4340 ἁπονενευκὼς
2783 4275 2840 4328 δὲ
2864 4272 2981 4326 λίαν
3006 4271 3086 4333 είς
3112 4269 3171 4322 τὸ
3198 4268 3434 4338 ὲξήνιον,
3458 4264 3733 4324 ἀσυνέτως

492 4395 613 4433 eum
659 4391 858 4448 praeter
900 4380 987 4433 illa
1032 4397 1150 4449 qua:
1201 4382 1360 4447 dixit,
1414 4397 1576 4434 unum
1633 4382 1915 4436 Dominum
1967 4398 2023 4437 nr

2123 4381 2134 4427 ι
2164 4372 2601 4448 περιαυτίζεται,
2645 4368 2740 4422 καὶ
2768 4366 2837 4420 τὰ
2869 4363 3015 4435 αύτῷ
3049 4360 3145 4415 καὶ
3192 4360 3338 4430 μόνῳ
3370 4354 3629 4449 δοκοῦντά

492 4483 662 4525 strtnn
689 4470 876 4526 Jcsum
907 4471 1179 4525 Christum
1224 4473 1276 4525 in
1308 4473 1411 4526 duo
1456 4471 1722 4537 dividens,
1769 4474 1930 4527 etiam
1964 4489 2023 4527 no

2161 4443 2254 4523 καί
2283 4461 2341 4519 εὖ
2369 4463 2512 4535 ἔχειν
2538 4456 2927 4530 ύπειλημμένα
2961 4454 3178 4525 φρονεῖν
3207 4448 3371 4514 ἀξιοῖ,
3405 4443 3738 4550 Διόλλυσινδὲ

474 4569 662 4627 strum
692 4563 865 4632 ipsum
893 4561 1133 4616 divinum
1162 4562 1476 4632 mysterium
1501 4562 1884 4631 calunmiatur,
1916 4564 1969 4617 in
1995 4578 2023 4619 e

2161 4561 2257 4613 καὶ
2286 4538 2509 4628 ἐτέρους
2534 4551 2668 4623 πρὸς
2691 4545 2773 4613 οἷς
2800 4548 2906 4618 ἔφη
2932 4545 3139 4607 διῖστὰς
3165 4544 3245 4605 εἰς
3267 4540 3362 4593 δύο
3387 4539 3478 4639 τὸν
3504 4537 3604 4639 ’έναι
3626 4537 3742 4639 Κύ-

492 4653 635 4724 quod
666 4630 877 4708 recusat
903 4654 1181 4710 nobiscum
1212 4630 1485 4729 conﬁteri,
1519 4653 1794 4710 Christum
1837 4630 1942 4710 non
1982 4656 2023 4710 si

2165 4667 2278 4722 ριον
2311 4645 2519 4718 Ἰησοῦν
2541 4644 2630 4698 τὸν
2657 4640 2913 4715 Χριστὸν,
2959 4637 3055 4691 καὶ
3102 4634 3234 4689 αὐτὸ
3248 4633 3341 4731 ⁵τὸ
3379 4630 3544 4731 ,θεῖον
3580 4630 3743 4731 ὴμλῶν

495 4747 699 4803 militer
752 4754 914 4815 atque
957 4763 1121 4801 unum
1157 4763 1187 4803 e
1229 4748 1437 4803 sanctis
1478 4724 1757 4817 pmphetis
1805 4758 1896 4803 aut
1928 4763 2023 4819 apo

2165 4713 2517 4806 συκοφαντῶν
2559 4713 2879 4804 μυστήριον,
2926 4725 3035 4781 ἀπό
3069 4741 3159 4825 γε.
3184 4720 3315 4825 τοῦ.
3333 4713 3746 4825 μὴ’,ἀνέχεσθαιξ

493 4836 648 4890 stolis
674 4844 728 4891 et
755 4836 1102 4906 evangelia-tis
1132 4835 1405 4892 Deiferum
1437 4835 1710 4890 hominem
1742 4836 1932 4901 fuisse,
1969 4852 2023 4891 se

2173 4831 2291 4903 μεθ’
2317 4805 2474 4900 ημῶν
2518 4825 2822 4896 ὁμολογεῖν,
2869 4820 2952 4874 δτι
2986 4817 3115 4871 καθ’
3138 4813 3235 4867 ἕνα
3268 4811 3378 4906 [lca
3405 4808 3584 4906 ὃτι-ού
3620 4805 3723 4904 καθ

499 4925 662 4980 Deum
707 4927 977 4982 hominem
1020 4926 1244 4994 factum,
1276 4942 1339 4982 ac
1369 4941 1496 4982 vere
1542 4928 1897 4996 participasse
1942 4943 2023 4980 car

2168 4894 2289 4994 ἕνα]
2336 4894 2445 4973 τῶν
2485 4894 2657 4985 ἁγίων
2709 4908 3028 4985 προφητῶν,
3078 4908 3245 4978 ἤγουν
3282 4894 3748 4996 ,ἀποστόλωνηκαὶ

500 5030 620 5070 nem
671 5025 727 5072 et
759 5018 1100 5087 sanguinem.
1138 5017 1229 5072 Sic
1272 5026 1452 5073 autem
1500 5033 1714 5072 rursum
1747 5017 1906 5082 dixit,
1940 5031 2023 5069 ctu

2169 4985 2569 5082 εὐαγγελιστῶν
2595 5006 2852 5078 θεοφόρος
2872 5000 2939 5074 ἦν
2965 4999 3060 5057 ἄνθ
3071 5013 3249 5070 ρωπος
3317 4989 3558 5087 Χριστός
3576 5005 3591 5020 ·
3612 4985 3748 5087 Θεὸς

502 5114 752 5177 tanquam
784 5122 849 5161 ex
880 5121 1108 5178 persona
1149 5106 1350 5163 Christi
1380 5110 1540 5163 verba
1573 5114 1917 5178 proponeret.-

2169 5103 2225 5156 δὲ
2263 5077 2463 5173 μάλλον
2497 5077 2789 5169 γενόμενος
2835 5092 3141 5165 ἄνθρωπος,
3177 5082 3481 5178 μετέσχηκε
3509 5097 3571 5134 τε
3602 5077 3751 5133 κατὰ

502 5173 761 5274 ἀλήθειαν
786 5173 1017 5273 αἵμ-ατος
1060 5204 1155 5258 καλ⁸
1195 5203 1416 5276 σαρκός.
1444 5173 1590 5273 ’Ἔφη
1615 5173 1686 5257 δὲ-
1704 5201 1844 5256 οὕτω
1873 5201 2057 5267 πάλιν,
2095 5198 2171 5263 ώς
2200 5199 2264 5251 ὲκ
2292 5196 2585 5269 προσώπου
2614 5188 2850 5264 Χριστοῦ
2878 5182 3197 5258 παρατιθεὶς
3226 5178 3286 5233 τὸ
3313 5173 3494 5251 ῥητόν

598 5357 622 5391 ⁸
649 5356 881 5429 Philipp.
920 5373 978 5424 It,
1002 5358 1054 5414 8.
1133 5359 1178 5392 "’
1205 5357 1223 5412 1
1255 5358 1397 5413 Tim.
1416 5372 1491 5420 γι,
1518 5357 1569 5410 5.

1765 5488 1923 5544 ΛΝΤ.
1965 5480 2239 5542 AGELLII
2279 5476 2533 5535 NOTA'I.‘

587 5652 697 5721 (‘26)
736 5651 895 5710 Deest
934 5654 1179 5715 vcrbnm,
1212 5659 1334 5720 puta
1384 5650 1513 5713 νόει,
1541 5648 1623 5702 vel
1676 5644 1953 5729 ὁμολόγει,
1984 5656 2023 5691 ψ

2123 5636 2305 5707 tliquitl
2354 5632 2548 5689 simile.
