4002 6192
427 257 521 315 191

1415 247 1470 302 S.
1513 245 1788 302 CYRILLI
1830 244 2298 303 ALEXANDRINI
2336 244 2653 300 ARClllEP.

3577 252 3684 305 19?.

427 376 478 427 in
535 365 790 421 materias
836 361 1075 418 immittit
1126 361 1191 417 ad
1225 375 1357 431 quas
1396 361 1719 424 accesserit,
1770 361 1904 415 adeo
1943 370 2003 414 ut

2112 359 2328 432 δύναμιν
2358 362 2478 422 ταῖς
2512 359 2663 423 ὕλαις
2691 359 2897 430 ἐνίησιν
2922 355 3009 423 αἷς
3034 361 3098 415 ἄν
3125 361 3369 429 φαίνοιτο
3413 379 3679 432 προσομιη

423 474 615 530 aquam
651 459 822 525 ipsam
875 454 1086 510 tametsi
1137 469 1200 508 ex
1235 462 1425 506 natura
1477 466 1575 506 sua
1622 452 1870 521 frigidam
1895 495 1909 518 ,
1935 451 2002 505 ad

423 548 738 620 qualitatem
770 561 890 615 qua:
934 556 1124 615 praeter
1152 556 1396 599 naturam
1427 544 1592 614 ipsius
1617 550 1698 597 est
1719 581 1733 606 ,
1773 540 2004 597 transfe-

424 647 528 703 rat,
559 648 614 693 et
656 638 887 692 calidam
931 637 1144 701 faciat;
1179 636 1306 703 quid
1345 634 1571 697 tnirum,
1615 648 1788 702 quove
1845 632 2002 686 modo

425 729 738 786 incredibile
771 728 1048 789 videatur,
1074 727 1116 781 si
1141 729 1312 790 ipsum
1343 739 1410 778 ex
1441 724 1550 779 Deo
1578 723 1737 777 Patre
1767 722 2001 776 Verbum

427 837 550 876 cum
588 822 659 876 sit
683 821 798 889 ipsa
849 820 957 874 vita
987 819 1281 872 secundum
1331 825 1597 880 naturam,
1634 829 1853 868 carnem
1902 813 2002 868 sibi

428 913 630 965 unitam
653 911 920 964 viviﬁcam
953 909 1185 964 reddidit
1213 908 1237 961 ’ἒ
1265 907 1478 976 propria
1505 921 1735 974 namque
1761 906 1876 975 ejus
1898 915 2000 970 est,

426 1009 482 1056 et
515 1015 618 1054 non
643 999 868 1054 alterius
894 997 1191 1067 cujuspiam
1221 998 1287 1051 ab
1306 1012 1372 1052 eo
1395 996 1613 1061 diversi,
1653 997 1743 1064 qui
1771 997 1998 1050 seorsim

428 1091 756 1160 intelligatur
777 1129 792 1154 ,
823 1099 878 1146 et
906 1090 1064 1145 unius
1081 1098 1306 1144 enostro
1335 1103 1558 1143 numero
1581 1088 1834 1142 hominis.
1868 1087 2001 1142 Cum

427 1191 605 1235 autem
645 1182 711 1234 ab
750 1179 834 1233 illa
867 1195 987 1234 cum
1020 1193 1243 1249 corpore
1278 1180 1502 1249 mystica
1540 1193 1774 1248 veraque
1806 1179 2006 1233 unione

428 1274 696 1327 viviticum
724 1271 814 1333 Dei
834 1269 1064 1334 Verbum
1087 1271 1405 1341 segregaris,
1430 1277 1483 1322 et
1503 1270 1722 1324 omnino
1737 1269 2005 1340 disjunxc-

430 1364 526 1428 ris,
547 1365 814 1434 quomodo
839 1365 1011 1433 ipsum
1036 1376 1230 1428 corpus
1247 1359 1421 1413 adhuc
1440 1359 1709 1413 viviﬁcum
1735 1359 2008 1413 ostendes?

430 1454 563 1521 Quis
594 1470 753 1524 porro
785 1455 870 1508 ille
897 1462 980 1508 est
1010 1453 1100 1522 qui
1135 1451 1265 1506 dicit
1294 1465 1308 1502 :
1346 1468 1365 1502 ι
1400 1449 1499 1516 Qui
1527 1449 1812 1505 manducat
1832 1465 2004 1505 meam

430 1561 680 1612 carnem,
714 1557 767 1600 et
793 1546 927 1599 bibit
962 1558 1137 1598 meum
1188 1543 1502 1610 sanguinem
1531 1583 1545 1608 ,
1585 1542 1638 1595 in
1671 1556 1756 1596 me
1802 1550 2004 1605 manet,

431 1645 486 1690 et
525 1652 624 1705 ego
675 1638 725 1690 iu
773 1637 875 1690 eo?
909 1655 926 1686 ›
969 1635 1099 1688 Nam
1144 1635 1189 1688 si
1235 1634 1396 1688 homo
1450 1633 1714 1702 quispiam
1755 1633 2002 1697 seorsim,

432 1736 485 1780 et
511 1743 612 1780 non
651 1728 830 1796 pntius
865 1728 1037 1796 ipsum
1070 1726 1160 1779 Dei
1196 1725 1424 1779 Verbum
1471 1725 1671 1778 factum
1711 1733 1793 1778 est
1833 1724 2007 1778 simile

432 1820 606 1882 nobis,
645 1835 732 1873 res
765 1820 878 1887 ipsa
912 1835 1029 1888 qua:
1053 1819 1274 1887 geritur,
1312 1817 1775 1886 antbrOpopbagia
1799 1817 1922 1881 erit,
1955 1803 2006 1870 et

433 1892 636 1961 inutilis
668 1910 889 1962 omnino
927 1909 1014 1960 illa
1053 1906 1410 1974 participatio.
1461 1905 1636 1975 Ipsum
1667 1907 1809 1962 enim
1850 1905 2008 1961 Chri-

434 2007 575 2052 stum
600 2000 861 2055 dicentem
881 1999 1041 2051 audio
1069 2017 1081 2052 :
1111 2016 1128 2048 ι
1155 1997 1294 2051 Caro
1321 2012 1423 2050 non
1451 1997 1668 2065 prodest
1689 1997 2005 2066 quidquam,

437 2091 658 2158 spiritus
677 2100 756 2145 est
796 2091 884 2159 qui
912 2090 1144 2143 vivificat
1171 2089 1215 2121 '9
1244 2091 1310 2142 9°.
1353 2108 1370 2139 ι
1413 2088 1567 2154 Quod
1615 2089 1756 2142 enim
1789 2091 1855 2144 ad
1893 2091 2010 2158 ejus

434 2192 680 2236 naturam
728 2185 952 2242 attinet.
979 2182 1344 2250 corruptibilis
1391 2181 1606 2251 quidem
1652 2190 1732 2236 est
1763 2196 1888 2236 Caro
1913 2222 1929 2246 ,
1958 2191 2011 2235 et

436 2272 583 2326 nullo
616 2274 772 2325 modo
802 2273 1092 2326 virilicabit
1127 2273 1287 2336 alios,
1325 2289 1444 2326 cum
1503 2273 1824 2327 intrinsecus
1860 2273 2008 2344 (9.8)

435 2366 798 2432 corruptionis
849 2367 1034 2419 morbo
1095 2367 1324 2420 laboret.
1383 2365 1608 2431 Quodsi
1640 2383 1834 2437 corpus
1885 2383 2010 2437 pro-

441 2455 617 2520 prium
659 2470 778 2508 esse
833 2457 1000 2522 ipsius
1058 2455 1212 2510 Verbi
1253 2455 1422 2520 dicis,
1447 2456 1571 2523 quid
1604 2465 1909 2524 portentose
1951 2474 2012 2513 ac

439 2552 643 2600 temere
676 2547 912 2616 loqueris
936 2589 950 2613 ,
993 2558 1153 2617 atque
1182 2547 1462 2602 contendis
1491 2564 1596 2602 non
1624 2564 1742 2603 esse
1790 2552 2009 2603 missum

439 2637 610 2705 ipsum
663 2654 726 2691 ex
774 2639 881 2693 Deo
934 2639 1092 2694 Patre
1125 2638 1358 2696 Verbum
1384 2679 1399 2705 ,
1433 2643 1525 2695 sed
1563 2642 1709 2695 illum
1747 2643 2009 2698 visibilem

439 2739 497 2794 ut
524 2729 592 2783 ab
622 2744 686 2784 eo
708 2731 999 2796 diversum,
1029 2747 1119 2785 seu
1156 2747 1373 2785 carnem
1406 2731 1549 2787 illius
1581 2734 1739 2802 110
1767 2735 2014 2802 quamvis

441 2837 605 2875 unum
643 2822 911 2876 Christum
950 2825 1124 2877 divina
1181 2824 1454 2893 Seriptura
1492 2825 1685 2893 ubique
1737 2827 2011 2894 pnedicet,

440 2924 494 2968 et
548 2916 816 2968 hominem
865 2917 1031 2978 nostri
1085 2918 1312 2970 similem
1377 2917 1732 2972 factumesse
1779 2917 2012 2973 Verbum

2103 449 2268 503 λοῦν·
2317 452 2413 503 καὶ
2459 450 2591 504 αὐτὸ
2639 450 2696 503 δὲ
2740 450 2801 503 τὸ
2849 449 3018 521 ὕδωρ,
3071 453 3248 507 καίτοι
3294 452 3498 522 ψυχρὸν
3540 456 3680 507 κατά

2105 540 2264 608 φύσιν
2300 541 2560 610 ὑπάρχον,
2609 539 2894 610 μεθίστησι
2929 539 3066 610 πρὸς
3107 541 3165 594 τὸ
3193 541 3345 612 παρὰ
3379 542 3557 610 φύσιν,
3586 545 3680 597 καὶ

2105 630 2305 700 θερμὸν
2332 629 2586 682 ἀποτελεῖ
2605 646 2619 660 ο
2645 630 2699 682 τί
2728 629 2788 682 τὸ
2825 629 3125 698 παράδοξον
3150 670 3166 694 ,
3209 631 3512 684 ἀπιστείτω
3546 633 3675 704 [ῑσ.

2113 720 2429 794 ἀπιστοῖτο]
2455 722 2497 774 δ’
2530 721 2595 774 ἂν
2628 720 2771 774 κατὰ
2801 722 2924 775 τίνα
2977 721 3234 792 τρόπονή
3272 720 3396 793 [τσ,
3439 722 3524 794 εἰ]
3565 722 3681 795 ζωὴ

2105 813 2246 866 κατά
2275 812 2436 881 φύσιν
2463 813 2721 882 ὑπάρχων
2763 814 2791 865 ό
2836 814 2901 866 ἐκ
2949 813 3084 866 Θεοῦ
3130 815 3342 885 Πατρδς
3371 817 3540 884 Λόγος
3579 817 3680 886 τὴν

2105 903 2400 956 ὲνωθεῖσαν
2441 901 2589 972 αὑτῷ
2636 902 2837 971 σάρκα,
2895 900 3154 964 ζωοποιὸν
3189 903 3500 972 ἀπέφηνεν;
3573 901 3682 955 ἰδία

2103 994 2211 1064 γάρ
2239 995 2384 1045 ἐστιν
2417 992 2581 1046 αὑτοῦ
2630 993 2724 1045 καὶ
2776 994 2875 1060 οὐχ
2913 992 3100 1062 ἑτέρου
3146 991 3290 1056 τινὸς
3342 991 3470 1062 παρ’
3516 991 3680 1046 αὐτὸν

2106 1086 2209 1138 ἀνὰ
2239 1084 2400 1155 μέρος
2429 1101 2488 1135 τε
2517 1084 2834 1152 νοουμένου,
2886 1085 2980 1136 καὶ
3021 1083 3129 1136 τῶν
3169 1085 3292 1136 καθ’
3341 1086 3486 1154 ἡμᾶς
3534 1085 3674 1148 ἑνός.

2118 1177 2458 1246 ’Λποστήσας
2484 1175 2538 1227 δὲ
2572 1173 2672 1243 τῆς
2708 1174 2845 1245 πρὸς
2871 1175 2932 1228 τὸ
2965 1175 3123 1244 σῶμα
3157 1179 3425 1246 μυστικῆς
3474 1194 3532 1230 τε
3583 1176 3681 1230 καὶ

2106 1267 2338 1337 ἀληθοῦς
2369 1266 2614 1329 ἐνώσεως
2652 1266 2742 1319 τὸν
2768 1266 3032 1332 ζωοποιὸν
3063 1267 3157 1319 τοῦ
3197 1267 3332 1320 Θεοῦ
3364 1269 3556 1335 Λόγον,
3586 1267 3682 1320 καὶ

2105 1359 2313 1422 διιστὰς
2348 1359 2678 1428 ὀλοτρόπως,
2731 1357 2848 1420 πῶς
2891 1359 2957 1411 ἂν
3003 1357 3134 1410 αὐτὸ
3185 1357 3553 1424 καταδείξειας
3598 1360 3680 1412 ἔτι

2108 1451 2369 1516 ζωοπυιόν
2395 1469 2408 1517 ;
2437 1451 2533 1512 Τίς
2557 1449 2612 1502 δὲ
2640 1445 2708 1521 ἦν
2737 1452 2764 1502 ό
2794 1449 2988 1518 λέγων,
3033 1469 3049 1500 ι
3083 1450 3139 1503 ὐ
3169 1449 3396 1521 τρώγων
3438 1468 3540 1521 μου
3579 1451 3683 1522 τὴν

2109 1544 2305 1614 σάρκα,
2339 1544 2431 1595 καὶ
2465 1541 2631 1597 πίνων
2660 1558 2761 1612 μου
2795 1541 2856 1594 τὸ
2884 1537 3043 1611 αἷμα,
3083 1543 3140 1593 ὲν
3168 1542 3290 1611 ἐμοὶ
3319 1541 3490 1610 μένει,
3523 1541 3684 1608 κάγὼ

2108 1638 2165 1686 ὲν
2194 1635 2340 1703 αὐτῷ
2365 1651 2378 1698 ;
2411 1655 2427 1685 ι
2465 1637 2513 1687 εἰ
2540 1635 2636 1703 μὲν
2663 1630 2755 1687 οῦν
2782 1633 3067 1704 ἄνθρωπός
3089 1651 3174 1696 τις
3205 1633 3406 1697 ἰδικῶς,
3438 1633 3532 1685 καὶ
3555 1632 3680 1702 οὐχὶ

2061 1700 2171 1797 ςδὴ
2228 1700 2426 1797 μᾶλλον
2477 1700 2669 1794 γέγονε
2738 1725 2860 1779 καθ’
2887 1700 3052 1795 ⁷ἡμᾶς
3102 1725 3130 1776 ὁ
3171 1725 3265 1776 τοῦ
3303 1723 3436 1776 Θεοῦ
3482 1700 3676 1792 Λόγος,

2108 1820 2541 1891 ἀνθρωποφαγία
2575 1818 2636 1872 τὸ
2658 1819 2955 1889 δρώμενον,
2993 1819 3089 1871 καὶ
3117 1818 3372 1886 ἀνόνητος
3402 1815 3683 1878 παντελῶς

2109 1915 2142 1981 ἡ
2172 1911 2405 1981 μέθεξις.
2439 1910 2614 1964 Αὑτοῦ
2639 1910 2746 1982 γὰρ
2774 1911 2959 1977 ἀκούω
2992 1910 3242 1979 λέγοντος
3279 1908 3374 1962 τοῦ
3401 1907 3641 1979 Χριστοῦ
3662 1924 3676 1937 ·

2117 2024 2133 2054 t
2158 2004 2220 2056 Ἡ
2251 2003 2385 2075 σὰρξ
2410 2003 2509 2055 οὐκ
2540 2001 2741 2070 ὠφελεῖ
2774 2002 2928 2056 οὐδέν
2950 2019 2963 2033 °
2991 2001 3053 2056 τὸ
3076 2000 3294 2071 πνεῦμά
3327 2002 3442 2053 ἐστι
3465 1999 3527 2052 τὸ
3547 1999 3683 2063 ζωο-

2111 2095 2317 2148 ποιοῦν·
2348 2113 2366 2146 ι
2392 2097 2514 2148 ὅσον
2540 2095 2648 2166 γὰρ
2669 2090 2802 2166 ἦκεν
2829 2099 2908 2158 εἰς
2942 2094 3078 2148 ἰδίαν
3110 2095 3294 2162 φύσιν,
3331 2092 3549 2162 φθαρτὴ
3580 2088 3684 2160 μὲν

2112 2189 2144 2258 ἡ
2174 2187 2337 2257 σάρξο
2386 2187 2713 2257 ζωοποιήσει
2751 2187 2807 2240 δὲ
2836 2188 2956 2240 κατ’
2986 2187 3178 2240 οὐδένα
3208 2185 3406 2254 τρόπον
3438 2185 3680 2254 ἑτέρους,

2110 2275 2321 2328 οἴκοθεν
2360 2277 2499 2345 αὑτὴ
2536 2276 2765 2330 νοσοῦσα
2802 2276 2900 2348 τὴν
2935 2275 3163 2346 φθοράν.
3196 2277 3260 2328 Εἰ
3299 2275 3355 2328 δὲ
3395 2274 3562 2328 αὑτοῦ
3589 2273 3684 2327 τοῦ

2111 2368 2285 2434 Λόγου
2317 2368 2378 2420 τὸ
2426 2367 2585 2437 σῶμα
2637 2368 2767 2421 ἴδιον
2817 2363 2958 2420 εἶναι
3007 2366 3135 2438 φὴς.
3181 2367 3234 2420 τί
3282 2365 3542 2437 τερατεύῃ
3588 2367 3684 2418 καὶ

2113 2459 2502 2528 εἱκαιομυθεῖς,
2557 2459 2658 2512 οὐκ
2711 2457 2876 2512 αὐτὸν
2927 2457 3266 2513 ἀπεστάλθαι
3307 2457 3396 2510 τὸν
3437 2459 3501 2510 ἐκ
3543 2456 3682 2508 Θεοῦ

2114 2550 2323 2619 Πατρὸς
2365 2550 2535 2617 Λόγον
2586 2550 3008 2619 διατεινόμενον,
3059 2548 3174 2602 ἀλλ’
3220 2549 3293 2612 ὡς
3339 2546 3524 2616 ἕτερόν
3556 2564 3680 2598 τινα

2114 2641 2240 2710 παρ’
2268 2639 2452 2704 αὑτὸν,
2489 2639 2580 2692 τὸν
2609 2639 2902 2710 ὁρώμενον,
2933 2641 3064 2710 ,ἦτοι
3108 2639 3208 2708 τὴν
3251 2638 3433 2706 σάρκα
3470 2637 3638 2690 αὑτοῦ
3665 2651 3679 2664 ⁸

2113 2733 2290 2786 καίτοι
2329 2732 2565 2803 Χριστὸν
2611 2731 2706 2786 ἕνα
2757 2735 2855 2803 τῆς
2891 2731 3248 2793 θεοπνεύστου
3299 2731 3526 2802 Γραφῆς
3568 2729 3686 2782 δια-

2114 2824 2326 2894 6οώσης
2354 2824 2654 2894 πανταχοῦ,
2688 2824 2782 2880 καὶ
2805 2825 3088 2895 ἄνθρωπον
3108 2824 3230 2880 καθ’
3254 2825 3400 2894 ἡμᾶς
3429 2823 3688 2890 γενέσθαι

2113 2915 2205 2968 τὸν
2235 2915 2427 2983 Λόγον,
2455 2911 2516 2968 εὖ
2557 2914 2705 2984 μάλα
2733 2903 3240 2985 διαϐεϐαιουμένης,
3279 2914 3373 2970 καὶ
3394 2917 3492 2984 τῆς
3520 2911 3687 2983 ὀρθῆς

443 3020 660 3072 prorsus
685 3006 914 3060 aﬂirmet
937 3046 952 3070 ,
983 3021 1046 3061 ac
1093 3019 1250 3062 recta:
1291 3007 1410 3062 ﬁdei
1455 3009 1672 3064 traditio
1698 3009 1780 3064 his
1806 3009 2005 3064 ﬁnibus

2115 3007 2354 3070 πίστεως
2377 3007 2474 3076 τὴν
2504 3008 2802 3076 παράδοσιν
2825 3007 3155 3079 ὁριζομένης
3179 3007 3238 3060 ἐν
3267 3006 3510 3070 τούτοις;
3547 3004 3689 3056 Ἀλλ’

439 3097 832 3152 contineatur?
868 3099 969 3151 Sed
1005 3099 1166 3152 nimia
1190 3100 1475 3152 admodum
1512 3099 1772 3168 religione
1803 3115 2016 3168 permo-

443 3198 526 3243 tus
580 3188 878 3254 erubescit,
927 3201 982 3242 ut
1033 3189 1324 3243 verisimile
1375 3200 1481 3253 est,
1511 3191 1574 3245 de
1628 3193 2014 3248 exinanitionis

441 3294 723 3345 mensura,
760 3291 812 3334 et
844 3281 950 3334 Deo
999 3291 1052 3334 et
1104 3279 1248 3334 Patri
1301 3291 1624 3336 coaeteruutu
1692 3281 1920 3347 Filium,
1960 3285 2013 3339 in

441 3370 627 3422 eadem
652 3385 772 3423 cum
797 3370 1051 3425 Genitore
1073 3371 1239 3426 forma
1266 3383 1321 3427 et
1352 3375 1590 3428 omnium
1625 3391 1802 3430 rerum
1834 3393 2014 3446 aequa-

441 3460 620 3526 litate,
651 3462 940 3516 demissum
981 3465 1045 3516 ad
1078 3462 1430 3518 humilitatem
1474 3465 1653 3520 videre
1697 3485 1799 3521 non
1854 3472 2015 3524 susti-

443 3561 567 3615 net;
605 3561 822 3604 accusat
868 3561 1046 3605 autem
1100 3554 1591 3622 dispensationem,
1666 3567 1720 3613 et
1774 3559 2012 3613 divinum

442 3640 671 3702 fortasse
734 3641 1049 3703 consilium,
1081 3652 1242 3712 atque
1294 3645 1674 3712 cogitationem
1724 3650 2015 3718 reprehen-

441 3729 592 3782 sione
624 3745 813 3784 vacare
849 3746 951 3786 non
985 3732 1206 3800 patitur.
1255 3733 1484 3794 Simulat
1521 3738 1662 3792 enim
1692 3740 1796 3794 vim
1827 3744 2015 3797 verbo-

441 3837 557 3874 rqu
625 3822 822 3878 Christi
885 3838 942 3878 se
1001 3826 1323 3894 exquirere,
1379 3844 1443 3882 ac
1498 3830 1657 3885 veluti
1732 3835 2010 3887 ruminans

440 3911 857 3980 profunditatem
910 3919 1299 3973 sententiarum
1324 3958 1340 3984 ,
1380 3921 1574 3974 deinde
1619 3925 1760 3990 quod
1803 3942 1830 3976 ιι
1861 3927 2014 3982 nobis

439 4005 635 4060 dicitur
674 4023 739 4062 eo
767 4010 1068 4076 perducens
1092 4049 1106 4075 ,
1141 4011 1282 4066 sicut
1321 4012 1434 4080 ipse
1487 4023 1670 4082 putat,
1707 4027 1761 4069 ut
1785 4019 2014 4076 absurde

439 4103 493 4148 et
551 4097 796 4166 imperite
833 4102 1035 4154 dictum
1069 4103 1334 4158 videatur.
1372 4123 1392 4158 ι
1433 4103 1758 4171 Videamus,
1807 4109 2007 4175 inquit,

440 4186 685 4254 quisnam
721 4201 916 4256 praeter
967 4195 1290 4248 sententiam
1332 4194 1759 4265 interpretetur:
1804 4217 1821 4249 ι
1862 4199 2012 4254 Sicut

448 4296 466 4327 ι
497 4279 640 4330 misit
667 4295 750 4332 me
785 4281 966 4335 vivens
1003 4283 1192 4346 Pater;
1229 4305 1248 4336 ι
1286 4301 1409 4338 nam
1436 4287 1684 4342 similiter
1713 4299 1874 4356 atque
1902 4291 2010 4355 ille,

2116 3103 2180 3153 ὲκ
2215 3101 2415 3172 πολλῆς
2439 3101 2580 3170 ἄγαν
2611 3101 2898 3164 εὐλαϐείας
2925 3099 3248 3171 ὲπερυθριᾷ,
3269 3099 3410 3152 κατά
3435 3099 3496 3152 τὸ
3520 3097 3690 3161 εἰκὸς,

2115 3195 2228 3254 τοῖς
2254 3193 2356 3263 τῆς
2382 3195 2667 3254 κενώσεως
2699 3194 2941 3263 μέτροις,
2973 3193 3066 3246 καὶ
3091 3192 3190 3245 οὐκ
3223 3193 3476 3262 ἀνέχεται
3497 3191 3587 3244 τὸν
3611 3190 3690 3262 τῷ

2116 3285 2235 3355 Θεῷ
2269 3287 2363 3339 καὶ
2403 3287 2576 3356 Πατρὶ
2627 3285 2898 3339 συναῖδιον
2935 3286 3086 3351 Υίδν,
3133 3285 3224 3338 τὸν
3271 3287 3328 3338 ὲν
3370 3289 3551 3356 μορφῇ
3594 3285 3691 3338 καὶ

2119 3377 2322 3447 ἰσότητι
2361 3380 2426 3448 τῇ
2470 3377 2613 3432 κατά
2651 3379 2760 3432 πᾶν
2806 3378 2986 3431 ὁτιοῦν
3019 3376 3098 3446 τῷ
3149 3380 3526 3451 γεγεννηκότι,
3556 3379 3691 3432 καθ-

2118 3470 2340 3538 ιγμένον
2367 3469 2495 3523 ἰδεῖν
2526 3472 2607 3532 εἰς
2634 3471 2963 3523 ταπείνωσιν
2987 3484 3000 3496 ”
3041 3470 3314 3540 γράφεται
3333 3471 3392 3526 δὲ
3417 3472 3515 3544 τὴν
3547 3474 3693 3526 οἰκος-

2115 3559 2330 3629 νομίαν,
2377 3560 2470 3613 καὶ
2515 3559 2615 3630 τὴν
2663 3556 2814 3614 θείαν
2875 3560 3017 3630 τάχα
3066 3576 3167 3612 που
3228 3559 3425 3631 βουλήν
3475 3577 3534 3613 τε
3595 3563 3689 3614 καὶ

2118 3651 2318 3720 σκῆψιν
2347 3651 2456 3722 (9.9)
2486 3652 2874 3706 ἀκαταιτίατον
2892 3652 2992 3706 οὐκ
3017 3653 3103 3724 ὲᾷ.
3123 3653 3430 3726 Σκήπτεται
3455 3651 3554 3722 μὲν
3577 3652 3692 3723 γὰρ

2117 3743 2589 3814 πολυπραγμονεῖν
2620 3743 2732 3796 τῶν
2777 3744 3085 3815 εἰρημένων
3127 3743 3277 3815 παρὰ
3315 3743 3549 3813 Χριστοῦ
3587 3743 3693 3814 τὴν

2113 3833 2360 3904 δύναμιν,
2410 3835 2503 3888 καὶ
2548 3829 2658 3888 οἷον
2698 3835 3170 3905 ἀναμασσὼμενος
3211 3834 3274 3888 τὸ
3317 3835 3424 3888 τῶν
3467 3835 3693 3888 ἐννοιῶν

2117 3925 2312 3994 βάθος·
2351 3921 2473 3979 εἶτα
2516 3926 2825 3996 περιιστὰς,
2864 3926 2941 3990 ὡς
2978 3927 3170 3991 οἴεται,
3218 3926 3310 3980 τὸν
3363 3927 3492 3996 παρ’
3533 3925 3693 3996 ἡμῶν

2114 4017 2291 4086 λόγον,
2325 4019 2419 4081 -εἰς
2463 4018 2524 4072 τδ
2569 4019 2815 4082 ἐκτόπως
2858 4035 2918 4071 τε
2944 4019 3040 4073 καὶ
3086 4017 3315 4090 ἀμαθῶς
3363 4018 3692 4088 πεποιῆσθαι

2114 4109 2612 4181 δοκεῖν.‹ἰδωμεν,
2642 4111 2795 4182 φησί,
2826 4111 2906 4173 τίς
2938 4112 2967 4163 ὁ
2991 4110 3473 4182 παρερμηνεύωψς
3493 4107 3692 4172 Καθὼς

2120 4221 2138 4253 ι
2175 4201 2462 4256 ἀπέστειλέ
2494 4218 2560 4272 με
2592 4203 2620 4255 ό
2651 4202 2760 4266 ζῶν
2791 4201 2980 4273 Πατήρ
3003 4217 3052 4255 ⁸)
3090 4203 3212 4254 κατ’
3245 4203 3504 4266 ὲκεῖνον,‹
3537 4197 3692 4268 κάγὼ

2121 4311 2138 4342 ι
2175 4292 2271 4358 ζῶ,
2302 4312 2320 4344 ι
2343 4292 2371 4344 ὁ
2397 4292 2527 4356 Θεδς
2559 4291 2781 4360 Λόγος,‹
2806 4290 2892 4344 διὰ
2910 4290 3002 4344 τὸν
3025 4290 3266 4362 Πατέρα·
3285 4291 3379 4344 καὶ
3412 4291 3441 4342 ὁ
3462 4288 3691 4360 τρώγων

447 4384 466 4416 ε
496 4381 594 4433 ego
625 4369 747 4422 vivo
785 4388 803 4420 ι
859 4371 998 4424 Deus
1046 4371 1275 4426 Verbum
1321 4393 1340 4426 ι
1381 4384 1601 4446 propter
1642 4378 1853 4434 Patrem
1887 4397 1900 4432 :
1960 4393 2009 4437 et

2127 4401 2144 4432 ι
2175 4399 2262 4453 με,
2289 4382 2543 4445 κάκεῖνος
2565 4381 2844 4451 ζήσεται.»
2873 4379 3007 4435 Τίνα
3033 4379 3305 4451 ἐσθίομεν.
3321 4379 3421 4452 τὴν
3437 4377 3689 4450 θεότητα,

448 4475 466 4508 ι
495 4459 584 4526 qui
609 4460 894 4515 manducat
934 4477 1038 4524 me,
1071 4474 1125 4518 et
1150 4465 1238 4519 ille
1263 4467 1435 4534 vivet;
1480 4487 1497 4520 ι
1531 4484 1688 4538 quem
1717 4475 2009 4528 manduca-

443 4563 584 4610 mus,
607 4549 961 4616 divinitatem,
985 4568 1052 4606 an
1079 4557 1338 4611 carnem?
1362 4577 1378 4609 ι
1416 4557 1548 4612 Num
1583 4562 1793 4615 tandem
1821 4566 2008 4630 sentis,

441 4655 550 4707 quo
578 4656 729 4695 mens
757 4651 844 4695 tua
872 4643 943 4696 sit
984 4646 1100 4700 loco
1137 4647 1160 4700 ?
1187 4663 1309 4701 nam
1341 4666 1398 4704 se
1423 4652 1642 4706 missum
1677 4669 1795 4708 esse
1829 4657 2012 4712 dicens

445 4731 618 4798 ipsum
652 4731 740 4787 Dei
781 4735 1034 4801 Verbum,
1071 4757 1089 4790 ι
1124 4738 1185 4792 Et
1223 4742 1312 4808 qui
1343 4743 1627 4798 mamlucat
1680 4763 1783 4809 me,
1815 4747 2007 4817 inquit,

442 4832 496 4874 et
537 4821 626 4877 ille
658 4825 817 4880 vivet.
872 4843 892 4876 ι
923 4825 1309 4886 Manducamus
1348 4842 1527 4889 autem
1574 4851 1704 4902 nos,
1733 4851 1837 4892 non
1874 4839 2014 4906 quod

516 4977 564 5010 "
603 4977 649 5010 '°
688 4979 843 5044 Jonn.
876 4996 952 5048 Vl,
987 4981 1074 5038 64.

2118 4471 2270 4544 ἢτὴν
2300 4472 2509 4545 σάρκα;
2543 4491 2562 4525 ι
2601 4467 2728 4545 Ἆρ’
2760 4467 2853 4526 οῦν
2877 4470 3108 4544 αἰσθάνῃ
3131 4471 3319 4526 λοιπὸν
3335 4472 3459 4525 ὅποι
3489 4459 3616 4524 ποτὲ
3641 4464 3698 4524 εἴ

2119 4563 2372 4633 φρενῶν;
2420 4563 2758 4618 ἀπεστάλθαι
2797 4563 2908 4634 γὰρ
2951 4563 3125 4633 λέγων
3165 4561 3356 4630 ἑαυτὸν
3379 4561 3408 4616 ὀ
3434 4560 3528 4615 τοῦ
3553 4559 3690 4614 Θεοῦ

2117 4655 2316 4722 Λόγος,
2351 4673 2370 4706 t
2393 4655 2503 4708 Καὶ
2529 4658 2557 4708 ό
2579 4654 2810 4726 τρώγων
2837 4671 2924 4725 με,
2945 4655 3100 4724 φησὶ,
3129 4650 3381 4716 κάκεῖνος
3405 4651 3687 4723 (ﬂes-rat.»

2129 4747 2417 4819 Ἐσθίομεν
2463 4747 2521 4801 δὲ
2559 4749 2740 4819 ἡμεῖς,
2791 4747 2854 4799 οὺ
2904 4745 3004 4816 τὴν
3041 4733 3276 4816 θεότητά
3319 4741 3692 4804 δαπανῶντες,

2127 4840 2306 4910 ἄπαγε
2356 4840 2456 4912 τῆς
2487 4838 2846 4904 δυσϐουλίας,
2879 4835 3014 4891 ἀλλὰ
3044 4836 3146 4907 τὴν
3190 4835 3324 4889 ἰδίαν
3373 4831 3470 4888 τοῦ
3515 4829 3693 4900 Λόγου

1700 5117 1857 5174 ΛΝΤ,
1900 5119 2170 5175 AGELLll
2211 5122 2436 5178 ΝΟΤᾸΞ.

523 5274 636 5344 (-28)
692 5275 1017 5334 Intrinsecus
1088 5282 1268 5350 putavi
1330 5285 1611 5336 commode
1671 5283 1804 5335 verti
1880 5281 2020 5349 quod

450 5343 638 5397 (ἔγευσε
691 5358 794 5409 est,
835 5343 1212 5418 οἴκοθεν,’‹ιιι‹›
1253 5352 1507 5404 adverbio
1563 5352 1732 5404 utitur
1774 5343 2024 5404 nonnun-

453 5426 836 5489 tlttatllﬂalltttor
863 5419 914 5489 i_n
964 5420 1061 5489 bac
1108 5421 1519 5487 signiﬁcatione,
1551 5433 1607 5473 nt
1645 5421 1737 5473 lib.
1779 5436 1850 5483 Iv,
1901 5435 2021 5489 pag.

455 5487 564 5560 il8_:
588 5483 797 5560 οἴκοθεν
828 5482 919 5538 οὖν
957 5488 1064 5557 ἄρα
1097 5482 1190 5542 καί
1235 5491 1361 5560 παρ’
1396 5491 1559 5560 αῦτοῦ
1599 5491 1657 5542 τὸ
1691 5482 2024 5559 πνεῦμαἀὖ-

458 5554 575 5628 τοῦ,
601 5555 915 5628 intrinserns
943 5554 1090 5628 διαί)
1136 5561 1246 5624 ipso
1282 5554 1354 5611 est
1409 5559 1634 5628 Spiritus
1670 5554 1886 5627 ι’]ιιεέύι
1918 5561 2019 5613 ειυς

459 5625 557 5676 οὐκ
601 5624 1008 5693 εἰσκεκριμένον
1058 5627 1273 5692 ἔξωθεν,
1310 5629 1422 5680 ἀλλ’
1450 5624 1662 5683 οἴκοθεν
1695 5624 1807 5698 ἔχει
1848 5629 1936 5681 καὶ
1968 5630 2024 5694 ἐξ

2123 5282 2286 5356 αὐτοῦ
2313 5285 2374 5337 τὸ
2403 5286 2642 5356 ἐνεργεῖν
2667 5283 2923 5356 δύνασθαι
2941 5323 2956 5344 ,
2986 5285 3297 5356 intrinsecus
3319 5292 3368 5337 et
3393 5299 3458 5336 ea:
3495 5299 3551 5337 se
3577 5282 3697 5352 ipso

2125 5352 2276 5405 habet
2319 5365 2373 5406 ut
2411 5352 2617 5420 onerari
2649 5367 2696 5407 et
2727 5354 2936 5422 efﬁcere
2959 5355 3140 5420 possit.

2197 5423 2308 5490 (29)
2339 5424 2495 5477 Forte
2527 5423 2736 5492 σκέψιν,
2793 5423 3157 5490 cogitationem
3197 5433 3350 5489 atque
3395 5424 3695 5476 considerao

2125 5494 2335 5556 tionem,
2369 5504 2424 5546 ut
2457 5495 2591 5546 libro
2618 5495 2863 5563 sequenti
2895 5509 3014 5563 pag.
3034 5493 3164 5563 1'20,
3195 5492 3379 5562 ἐπειδὴ
3403 5493 3459 5544 δὲ
3483 5493 3696 5563 χρηστὰ

2129 5563 2254 5630 περὶ
2279 5563 2434 5631 ἡμῶν
2466 5564 2493 5614 ὁ
2522 5561 2858 5632 Δημιουργὸς
2889 5561 3172 5629 ἐσκέψατο,
3198 5561 3693 5630 νυδιίμιιιιηῒίοηο-

2128 5633 2202 5684 bis
2238 5634 2320 5684 ille
2348 5634 2599 5685 Conditor
2629 5634 2842 5685 meliora
2871 5632 3140 5700 cogitavit.
