4002 6192
207 259 302 315 193

1274 251 1643 310 ADVERSUS
1682 249 2086 309 NESTOlilUM
2132 250 2259 306 LIB.
2294 253 2384 307 IV.

3404 254 3507 309 196

206 380 378 451 σάρκα
419 374 712 441 ζωοποιὸν
764 378 1186 451 γεγενημένην,
1244 377 1328 430 ὅτι
1386 377 1611 448 γέγονεν
1661 376 1826 431 αὐτοῦ

1934 376 2103 446 ipsam
2140 376 2474 431 divinitatem
2505 390 2888 432 consumamus
2916 377 2934 447 (
2967 390 3137 447 apage
3167 378 3235 431 ab
3264 378 3365 432 ista
3400 378 3502 431 im-

207 473 400 539 ζῶντος
431 471 524 523 διὰ
543 471 645 523 τὸν
680 473 925 542 Πατέρα
951 489 966 504 ο
996 471 1093 525 καὶ⁵
1118 472 1217 541 οὐχ
1248 472 1330 525 ὅτι
1360 469 1486 542 [τον.
1513 472 1607 523 καὶ
1640 468 1825 542 οὗτοι]

208 562 305 615 πού
335 577 521 631 φαμεν
544 560 710 614 κατὰ
744 561 977 632 μέθεξιν
1016 561 1118 632 τὴν
1156 561 1375 628 ἔξωθεν,
1416 561 1509 614 καὶ
1552 562 1829 632 είσκεκρι-

213 653 383 723 μένως
426 651 862 714 ζωοποιεῖσθαι
911 652 1004 705 τὸν
1045 653 1219 720 Λόγον
1263 653 1415 723 παρὰ
1450 652 1545 706 τοῦ
1590 653 1825 723 Πατρός,

211 742 350 814 ζωὴν
378 742 436 796 δὲ
484 740 716 807 μᾶλλον
759 742 910 797 κατὰ
952 742 1114 813 φύσιν
1157 737 1296 796 εἶναι
1332 742 1823 815 διαϐεϐαιούμεθα·

211 836 533 904 γεγέννηται
551 834 675 905 γὰρ
714 834 802 900 ὡς
838 837 903 888 ἐκ
931 834 1078 904 ζωῆς
1097 833 1188 888 τοῦ
1214 836 1442 905 Πατρός.
1473 837 1681 907 Ὀνπερ
1718 835 1826 908 γὰρ

211 925 407 997 τρόπον
434 924 498 977 τδ
535 923 642 977 τοῦ
689 924 863 995 ἡλίου
919 925 1272 995 πεμπόμενον
1315 926 1494 990 σέλας,
1536 927 1585 979 εί
1618 927 1828 996 λέγοιτο

217 1018 371 1087 τυχὸν
397 1018 668 1089 λαμπρὸν
698 1013 854 1071 εῖναι
880 1017 971 1071 διὰ
1002 1017 1096 1070 τὸν
1136 1017 1482 1087 πεπομφότα,
1514 1019 1700 1090 ἤγουν,
1736 1019 1826 1074 τὸν

219 1109 278 1174 ἐξ
310 1103 371 1163 οῦ
398 1109 715 1179 πάρεστιν,
745 1111 813 1162 οὐ
851 1111 995 1163 κατὰ
1029 1109 1247 1179 μέθεξιν
1280 1110 1395 1179 ἔχει
1426 1109 1487 1163 τό
1512 1107 1651 1165 εἶναι
1683 1110 1825 1183 λαμ-

224 1200 374 1272 πρὸν,
407 1200 523 1253 ἀλλ’
559 1196 683 1253 οἷον
724 1203 792 1254 ὲκ
821 1201 1060 1270 φυσικῆς
1084 1201 1385 1269 εὐγενείας,
1412 1202 1471 1255 τὺ
1492 1202 1586 1256 τοῦ
1619 1206 1827 1275 πεπομ-

227 1292 400 1363 φὸτος,
458 1290 633 1363 ἤγουν
692 1292 1160 1364 ἀπαπράψαντος
1202 1292 1580 1365 πλεονέκτημα
1632 1299 1821 1367 φορεῖ·

231 1385 365 1437 κατὰ
384 1384 476 1437 τόν
505 1385 651 1447 ἴσον,
686 1378 871 1454 οἶμαι,
901 1383 1078 1454 τούτῳ
1103 1383 1304 1455 τρόπον
1329 1401 1388 1436 τε
1413 1386 1508 1438 καὶ
1522 1386 1700 1455 λόγον,
1721 1386 1825 1440 κᾶν

234 1479 279 1529 εί
302 1477 445 1545 λέγοι
473 1477 577 1547 ζῇν
610 1476 820 1530 ἑαυτὸν
842 1477 870 1528 6
899 1476 1026 1540 Υἱὸς
1050 1476 1136 1529 διὰ
1160 1477 1249 1530 τόν
1274 1478 1513 1551 Πατέρα,
1544 1482 1826 1553 μαρτυρή-

238 1586 371 1624 σειεν
400 1570 464 1624 ἂν
488 1570 681 1641 ἑαυτῷ
708 1570 808 1643 τὴν
838 1571 903 1622 ὲκ
933 1568 1146 1638 Πατρός
1172 1569 1475 1638 εὐγένειαν,
1510 1570 1601 1625 καὶ
1629 1573 1689 1625 οὐ
1712 1574 1824 1636 τοῖς

239 1661 410 1726 ἀλλοις
460 1663 769 1734 κτίσμασιν
826 1661 1054 1733 ἀναμὶξ,
1108 1663 1353 1732 ὲπακτήν
1391 1680 1453 1716 τε
1498 1664 1592 1718 καὶ
1625 1664 1822 1731 ἔξωθεν

242 1755 379 1826 ἔχειν
409 1754 737 1826 ὁμολογήσει
764 1754 868 1824 τὴν
903 1752 1073 1825 ζωήν.
1109 1753 1319 1825 Ὥσπερ
1348 1753 1405 1808 δὲ
1447 1755 1507 1809 τὸ
1534 1756 1697 1810 αὑτοῦ
1724 1756 1819 1811 τοῦ

244 1846 416 1914 Λόγου
467 1847 630 1917 σῶμα
671 1846 936 1912 ζωοποιόν
989 1847 1155 1911 ἐστιν,
1204 1845 1334 1899 ἴδιον
1379 1848 1543 1901 αὑτοῦ
1590 1866 1822 1921 ποιησα-

254 1937 412 2007 μένου
441 1939 563 1992 καθ’
586 1940 773 1991 ἕνωσιν
803 1936 985 2008 ἁληθῆ
1009 1938 1109 2008 τὴν
1137 1936 1277 2010 ὑπὲρ
1300 1937 1423 1992 νοῦν
1446 1957 1507 1993 τε
1532 1941 1624 1995 καὶ
1646 1941 1819 2012 λόγον·

258 2029 401 2082 οὕτω
444 2032 541 2083 καὶ
580 2033 730 2102 ἡμεῖς
763 2032 811 2084 οἱ
855 2031 914 2083 ἐν
960 2028 1179 2100 μεθέξει
1207 2032 1503 2103 γενοίμεθα
1536 2034 1634 2104 τῆς
1662 2036 1825 2104 ἁγίας

275 2121 499 2189 σαοκδς,
534 2123 620 2174 καὶ
646 2124 875 2192 αἵματος
907 2121 1102 2186 αὑτοῦ,
1152 2123 1328 2196 πάντῃ
1372 2142 1431 2177 τε
1467 2126 1562 2178 καὶ
1609 2126 1827 2191 πάντως

288 2210 689 2297 ζωοποιοῦμεθα,
718 2215 963 2285 μένοντος
1002 2216 1061 2267 ὲν
1104 2216 1239 2286 ἡμῖν
1286 2215 1378 2269 τοῦ
1419 2217 1592 2286 Λόγου
1630 2217 1826 2283 θεϊκῶς

290 2302 417 2373 μὲν,
457 2304 545 2359 διὰ
568 2306 647 2360 τοῦ
672 2307 815 2375 ἁγίου
851 2307 1187 2378 Πνεύματος,
1235 2308 1593 2379 ἀνθρωπίνως
1631 2310 1687 2364 δὲ
1734 2306 1823 2377 αὖ,

280 2392 376 2447 διὰ
400 2394 507 2464 τῆς
530 2396 676 2465 ἁγίας
698 2397 889 2468 σαρκὸς
912 2400 1002 2451 καὶ
1035 2399 1126 2451 τοῦ
1158 2400 1338 2469 τιμίου
1382 2401 1634 2471 αἵματος,
1678 2403 1824 2457 Ἑπι-

273 2485 561 2555 ψηφιεῖται
585 2488 641 2542 δὲ
678 2483 759 2553 οἷς
782 2490 913 2561 ἔφην
937 2491 993 2543 τὸ
1017 2489 1209 2561 ἀληθὲς
1228 2490 1256 2542 6
1281 2490 1570 2559 ἱερώτατος
1595 2492 1825 2560 Παῦλος,

267 2576 367 2630 ὡδὶ
414 2578 708 2649 γεγραφὼς
756 2584 868 2645 τοῖς
903 2582 959 2633 έν
1002 2581 1250 2654 Κορίνθῳ
1298 2584 1717 2639 πεπιστευκόσιν
1750 2588 1830 2650 είς

263 2668 355 2721 τὸν
386 2670 586 2741 Κύριον
619 2671 779 2741 ἡμῶν
836 2672 1037 2742 Ἰησοῦν
1074 2673 1167 2726 τὸν
1196 2674 1431 2745 Χριστόν
1455 2690 1468 2703 ⁶
1503 2695 1522 2728 t
1562 2676 1649 2741 Ὠς
1695 2696 1829 2749 φρο-

261 2760 436 2831 νίμοις
465 2762 622 2831 λέγω,
654 2763 875 2834 κρίνατε
905 2752 1065 2835 ὑμεῖς
1089 2766 1117 2819 ὃ
1144 2783 1320 2837 φημι·
1347 2767 1407 2820 τὸ
1443 2769 1700 2839 ποτήριον
1732 2771 1831 2843 τῆς

260 2852 506 2921 εὐλογίας
530 2854 558 2906 ὅ
582 2855 936 2926 εὐλογοῦμεν,
970 2856 1094 2927 οὐχὶ
1125 2857 1381 2910 κοινωνία
1408 2860 1522 2912 ἐστὶ
1544 2860 1636 2913 τοῦ
1667 2862 1832 2933 αἵμα-

1930 468 2214 539 pietate),
2246 469 2341 524 sed
2389 468 2533 522 illam
2586 468 2858 538 propriam
2909 468 3068 523 Verbi
3112 483 3332 523 carnem
3390 469 3505 539 jam

1929 560 2195 613 vivificam
2234 558 2478 614 effectam
2506 601 2521 625 ,
2551 560 2675 628 quia
2707 559 2823 628 ejus
2850 560 2988 614 facta
3018 568 3119 625 est,
3153 560 3243 629 qui
3286 571 3509 628 propter

1929 649 2142 705 Patrem
2201 651 2331 704 vivit
2376 670 2387 705 :
2426 660 2480 706 et
2534 659 2684 706 certe
2736 666 2838 704 non
2910 651 3138 706 dicimus
3196 652 3502 706 extrinseca

1928 741 2337 809 participatione
2368 752 2425 797 et
2458 741 2749 796 adventitia
2787 741 3048 796 viviﬂcari
3076 741 3309 797 Verbum
3344 757 3372 796 a
3398 741 3504 795 Pa-

1928 839 2033 893 tre,
2056 832 2149 884 sed
2187 830 2348 885 vitam
2389 831 2567 901 potius
2597 844 2692 900 per
2717 839 2964 885 naturam
2992 844 3113 887 esse
3135 830 3462 886 aﬂirmamus
3490 850 3505 897 ;

1927 922 2140 991 genitus
2181 931 2263 976 est.
2317 922 2459 977 enim
2506 922 2572 977 de
2620 922 2778 979 Patre
2836 930 3095 992 tanquam
3135 921 3204 976 de
3250 922 3378 991 vita.
3436 920 3509 977 Ut

1927 1013 2070 1067 cnim
2106 1011 2281 1084 fulgor
2310 1028 2338 1066 a
2374 1013 2485 1069 sole
2520 1013 2751 1078 missus,
2792 1012 3005 1068 si'forte
3034 1011 3348 1080 splemlidus
3388 1025 3511 1065 esse

1928 1105 2139 1159 dicatur
2166 1115 2388 1175 propter
2420 1104 2743 1168 mittentem,
2773 1104 2853 1159 vel
2893 1113 3118 1172 prnpter
3147 1117 3270 1157 eum
3303 1115 3368 1157 ex
3399 1115 3509 1171 quo

1928 1196 2171 1265 provenit
2191 1237 2205 1260 ,
2239 1209 2342 1249 non
2376 1209 2439 1249 ex
2467 1194 2877 1263 participatione
2929 1193 3089 1247 habet
3116 1201 3169 1246 ut
3197 1190 3504 1260 splendeat,

1926 1289 2020 1343 sed
2045 1288 2439 1359 quodammodo
2470 1301 2535 1340 cx
2564 1286 2792 1340 naturali
2835 1285 3117 1340 nobilitate
3168 1284 3315 1338 illam
3344 1284 3509 1338 cmit-

1928 1381 2089 1436 tentis
2134 1395 2227 1436 seu
2265 1379 2585 1449 fulgurantis
2627 1378 2999 1434 excellentiam
3034 1376 3242 1443 defert;
3282 1376 3510 1441 eodem,

1925 1474 2140 1544 opinor,
2172 1472 2354 1538 modo,
2386 1470 2688 1541 eademque
2732 1470 2941 1525 ratione
2980 1468 3195 1525 etiamsi
3238 1468 3423 1524 vivere
3451 1480 3513 1523 se

1927 1568 2073 1622 dicat
2122 1564 2293 1621 Filius
2333 1574 2555 1635 propter
2607 1562 2860 1627 Patrem,
2897 1561 2997 1617 sibi
3033 1561 3179 1616 illam
3227 1574 3293 1616 ex
3343 1559 3510 1615 Patre

1926 1655 2260 1711 nobilitatem
2292 1670 2390 1710 suo
2418 1655 2726 1710 testimonio
2750 1653 2988 1708 vindicat
3012 1694 3026 1719 ,
3049 1646 3168 1707 non'
3185 1652 3347 1723 vulgo
3373 1651 3509 1706 alia-

1927 1764 2044 1804 rum
2080 1758 2451 1803 creaturarum
2494 1747 2757 1802 admistus
2797 1745 3060 1800 invectam
3089 1755 3144 1801 et
3166 1733 3509 1800 extrinsecus

1924 1850 2131 1913 partam
2154 1839 2354 1894 habere
2374 1853 2432 1893 se
2455 1838 2616 1892 vitam
2641 1839 2858 1891 fatetur.
2886 1836 3349 1904 Quemadmodum
3371 1849 3501 1889 vero

1923 1931 2193 1987 viviﬁcum
2222 1940 2301 1986 est
2322 1930 2449 1984 illud
2480 1929 2646 1999 ipsius
2669 1928 2825 1982 Verbi
2845 1941 3059 1996 corpus,
3085 1927 3228 1996 quod
3247 1925 3347 1980 sibi
3371 1939 3505 1996 pro—

1924 2025 2101 2095 prium
2132 2022 2261 2079 fecit
2296 2038 2392 2092 per
2431 2036 2612 2075 veram
2651 2021 3077 2087 unionem,qu:e
3097 2026 3150 2072 et
3193 2016 3500 2086 intelligen-

1925 2116 2054 2170 tiam
2072 2125 2126 2170 et
2151 2129 2454 2171 sermonem
2480 2120 2733 2182 superat,
2766 2110 2846 2165 sic
2862 2124 2961 2165 nos
2985 2123 3199 2181 quoque
3235 2109 3326 2178 qui
3354 2108 3499 2162 illius

1926 2217 2125 2262 sancta:
2164 2206 2348 2263 carnis
2384 2215 2437 2261 et
2474 2203 2751 2274 sanguinis
2780 2202 2896 2273 ejus
2930 2202 3339 2272 participatione
3373 2199 3510 2254 frui--

1928 2316 2070 2362 mur,
2103 2301 2323 2355 omnino
2347 2299 2708 2361 vivificamur,
2730 2310 2852 2351 cum
2877 2295 2929 2349 in
2957 2294 3111 2350 nobis
3133 2292 3351 2348 maneat
3375 2291 3507 2349 \ler-

1926 2393 2054 2448 bum
2078 2400 2180 2446 non
2205 2392 2378 2447 solum
2408 2389 2590 2445 divino
2618 2387 2779 2442 modo
2811 2402 2907 2456 per
2928 2397 3177 2440 sanctum
3223 2384 3507 2453 Spiritum,

1933 2482 2087 2555 111
2114 2496 2297 2537 verum
2335 2482 2497 2535 etiam
2532 2480 2785 2543 humano,
2819 2493 2916 2546 per
2932 2487 3173 2530 sanctam
3205 2473 3351 2527 illam
3384 2487 3504 2526 car-

1932 2591 2055 2631 nem
2113 2573 2522 2645 pretiosumque
2545 2571 2663 2640 ejus
2688 2571 3028 2640 sanguinem.
3056 2566 3180 2621 [haec
3217 2580 3336 2635 qua:
3373 2564 3507 2627 dixi,

1929 2681 2057 2722 vera
2085 2679 2206 2721 esse
2243 2665 2432 2731 beatus
2464 2657 2656 2718 Paulus
2694 2677 2793 2716 suo
2814 2658 3070 2730 sum'agio
3098 2661 3407 2720 conﬁrmat,
3431 2655 3513 2711 sic

1932 2762 2176 2818 scribens
2206 2761 2271 2815 ad
2290 2774 2382 2814 eos
2416 2760 2505 2829 qui
2546 2754 2791 2813 Corlnthi
2839 2754 2891 2807 in
2938 2751 3230 2831 Dominum
3266 2754 3508 2803 nostrum

1932 2850 2116 2908 Iesum
2139 2851 2413 2905 Christum
2442 2848 2792 2903 conﬁdebant
2829 2857 2843 2900 :
2881 2864 2898 2898 ι
2936 2844 3215 2914 Tanquam
3276 2832 3513 2910 prudens

259 2958 346 3004 τος
365 2942 461 2995 τοῦ
488 2944 756 3015 Χριστοῦ;
790 2947 882 2999 τὸν
912 2948 1077 3018 ἄρτον
1104 2944 1161 3000 ὃν
1188 2946 1424 3019 κλῶμεν,
1445 2949 1564 3021 οὐχὶ
1581 2930 1826 3008 κοινωνία

1938 2943 2080 2997 tibus
2105 2942 2246 3007 dico,
2281 2939 2519 3008 judicatc
2544 2951 2643 2991 vos
2685 2937 2827 3006 quod
2860 2935 3023 2988 dico?
3072 2933 3223 2988 Calix
3287 2930 3512 2986 benedi-

254 3031 343 3083 τοῦ
377 3031 629 3104 σώματος
651 3034 743 3087 τοῦ
769 3032 1012 3107 Χριστοῦ
1057 3037 1235 3104 tactv;
1271 3038 1353 3091 ὅτι
1387 3035 1468 3103 εἷς
1505 3040 1688 3110 ἄρτος,
1735 3044 1826 3097 καὶ

1936 3034 2134 3090 ctionis
2156 3032 2239 3085 cui
2270 3030 2662 3091 benedicimns,
2700 3034 2877 3081 nonne
2931 3022 3349 3079 communiendo
3378 3036 3506 3075 san-

250 3122 307 3176 ἒν
347 3126 513 3197 σῶμα
554 3122 611 3179 οἵ
652 3127 834 3181 πολ).οέ
874 3131 1073 3198 ἐσμεψ
1117 3131 1166 3184 οί
1213 3131 1321 3203 γὰρ
1366 3133 1566 3197 πάντες
1616 3136 1678 3187 ὲκ
1734 3137 1827 3190 τοῦ

250 3215 366 3279 ἑνός
412 3217 585 3288 ἄρτου
627 3220 949 3290 μετέχομεν.
983 3241 1003 3272 ι
1059 3220 1375 3293 Πεΐεύματος
1428 3223 1528 3293 μὲν
1583 3225 1692 3297 γὰρ
1734 3226 1827 3281 τοῦ

249 3310 398 3376 ἁγίου
453 3312 875 3381 μετεσχηκότες,
936 3313 1087 3384 αὐτῷ
1123 3332 1182 3368 τε
1229 3314 1307 3386 τῷ
1354 3316 1570 3370 πάντων
1614 3319 1829 3392 Σωτῆρι

246 3400 487 3472 Χριστῷ,
518 3404 615 3457 καὶ
655 3403 911 3475 ἀλλήλοις
937 3406 1204 3478 ὲνούμεθα
1229 3426 1243 3440 ·
1282 3408 1558 3480 σύσσωμοι
1588 3410 1644 3465 δὲ
1692 3414 1830 3468 κατὰ

247 3492 433 3549 τοῦτόν
473 3496 641 3565 ἐσμεν
664 3494 758 3549 τὸν
791 3498 1015 3568 τρόπον,
1067 3515 1086 3549 t
1113 3498 1195 3552 ὅτι
1240 3494 1321 3564 εἷς
1353 3501 1536 3572 ἄρτος,
1571 3503 1630 3555 ἒν
1669 3504 1830 3575 σῶμα

248 3586 290 3637 ei
321 3585 517 3639 πολλοί
553 3588 753 3656 ἐσμενο
797 3589 849 3640 oi
891 3591 1001 3660 γὰρ
1040 3590 1240 3655 πάντες
1272 3592 1337 3645 ἐκ
1382 3591 1476 3645 τοῦ
1519 3594 1635 3657 ἐνὸς
1663 3595 1828 3665 ἄρτου

250 3679 609 3748 μετέχομεν.)
650 3679 837 3733 Συνδεῖ
865 3680 975 3751 γὰρ
1004 3681 1151 3751 ἡμᾶς
1177 3684 1254 3744 είς
1273 3682 1499 3754 ἑνότητα
1527 3684 1587 3737 τὸ
1609 3685 1665 3738 ὲν
1698 3686 1828 3756 ἡμῖν

250 3768 405 3838 σῶμα
436 3769 702 3841 Χριστοῦ,
743 3771 1073 3843 μεμέρισται
1118 3772 1175 3826 δὲ
1213 3775 1333 3828 κατ’
1377 3775 1565 3829 οὐδένα
1606 3776 1825 3847 τρόπον.

250 3863 372 3915 Ὀτι
398 3863 462 3916 δὲ
493 3863 582 3917 διὰ
611 3863 708 3917 τοῦ
751 3865 1003 3935 σώματος
1027 3866 1120 3919 τοῦ
1148 3867 1387 3940 Χριστοῦ
1425 3867 1561 3938 πρὸς
1604 3868 1829 3940 ἑνότητα

246 3952 349 4022 τὴν
388 3952 526 4023 ’πρὸς
557 3954 737 4016 αὐτὸν,
770 3955 865 4007 καὶ
892 3954 1027 4024 πρός
1062 3972 1123 4024 γε
1151 3958 1252 4027 τὴν
1280 3957 1358 4019 είς
1388 3956 1648 4028 ἀλλήλους
1698 3974 1822 4009 συν-

248 4041 552 4111 ενὴγμεθα,
578 4043 908 4096 πιστώσεται
945 4046 1172 4114 γράφων
1196 4046 1224 4098 6
1264 4045 1533 4117 μακάριος
1574 4047 1785 4113 Παῦλος
1810 4063 1825 4078 ·

248 4153 267 4185 ι
288 4134 499 4188 Τούτου
526 4135 688 4207 χάριν
716 4134 829 4205 ἐγὼ
845 4126 1058 4201 Παῦλος
1078 4138 1106 4190 6
1131 4136 1352 4209 δέσμιος
1391 4140 1565 4211 Ἰησοῦ
1587 4141 1827 4213 Χριστοῦ

242 4225 390 4299 ὑπὲρ
420 4226 576 4297 ὑμῶν
612 4226 724 4281 τῶν
751 4226 941 4290 ἐθνῶν,
988 4227 1127 4297 εἴγε
1157 4219 1439 4298 ἡκούσατέ
1478 4231 1578 4303 τὴν
1618 4233 1829 4287 οἰκονο-

239 4318 377 4387 μίαν
419 4318 521 4387 τῆς
580 4319 803 4391 χάριτος
841 4318 936 4373 τοῦ
980 4320 1115 4374 Θεοῦ
1163 4320 1264 4391 τῆς
1305 4321 1555 4394 δοθείσης
1606 4340 1697 4394 μοι
1748 4325 1829 4388 εἰς

235 4409 411 4479 ὑμᾶς,
442 4410 526 4461 ὅτι
568 4411 688 4463 κατ’
725 4410 1066 4481 ἀποκάλυψιν
1092 4412 1395 4485 ἐγνωρίσθη
1425 4431 1517 4483 μοι
1537 4415 1597 4467 τὸ
1622 4417 1829 4488 μυστή-
1858 4399 1907 4457 ι)

240 4518 380 4572 ριον,
430 4500 621 4564 καθὼς
676 4502 999 4574 προέγραψα
1040 4505 1096 4557 ἑν
1136 4504 1322 4576 ὀλίγῳ,
1366 4505 1504 4577 πρός
1544 4506 1572 4560 ὃ
1596 4507 1827 4561 δύνασθε

241 4591 713 4662 ἀναγινώσκοντες
736 4593 927 4665 νοῆσαι
959 4594 1057 4667 τὴν
1093 4595 1306 4648 σύνεσίν
1332 4604 1433 4667 μου
1451 4598 1509 4649 ὲν
1527 4596 1602 4669 τῷ
1626 4615 1828 4671 μυστηο

243 4683 343 4757 ρίιρ
370 4684 468 4737 τοῦ
496 4684 769 4756 Χριστοῦ·
817 4687 845 4739 ὃ
880 4687 1095 4758 ἑτέραις
1120 4689 1337 4757 γενεαῖς
1385 4689 1485 4742 οὐκ
1519 4690 1824 4763 ἐγνωρίσθη

240 4776 352 4839 τοῖς
380 4777 519 4839 υἱοῖς
561 4777 672 4828 τῶν
709 4776 1031 4847 ἀνθρώπων,
1071 4779 1149 4842 ὡς
1184 4778 1279 4832 νῦν
1324 4779 1682 4853 ἀπεκαλύφθη
1713 4784 1827 4845 τοῖς

245 4865 421 4935 ἁγίοις
442 4866 762 4930 ἀποστόλοις
790 4867 954 4922 αὑτοῦ
986 4869 1082 4922 καὶ
1112 4871 1421 4942 προφήταις
1440 4873 1498 4926 ὲν
1520 4872 1823 4944 Πνεύματι,

246 4952 388 5010 εἶναι
422 4958 490 5011 τὰ
522 4957 652 5030 ἔθνη
680 4958 1101 5031 συγκληρονόμα
1127 4961 1222 5013 καὶ
1254 4962 1653 5033 σύσσωμα,καὶ
1685 4980 1825 5034 συμ-

250 5048 457 5120 μῖτοχα
483 5049 583 5121 τῆς
611 5051 946 5120 ἐπαγγελίας
971 5054 1026 5105 ἐν
1062 5053 1302 5125 Χριστῷ.
1332 5072 1350 5106 ι
1403 5054 1617 5126 Ἐπειδὴ
1652 5055 1709 5109 δὲ
1729 5055 1827 5128 τὴν

249 5140 340 5194 τοῦ
378 5143 681 5213 μυστηρίου
722 5143 1023 5215 παράδοσιν
1046 5161 1105 5197 τε
1134 5145 1228 5198 καὶ
1250 5144 1477 5216 δύναμιν
1497 5147 1826 5218 ἠγνοηκότες

247 5231 305 5285 ἐν
333 5232 476 5303 ἀρχῇ
506 5233 618 5286 τῶν
646 5234 1049 5287 πιστευσάντων
1079 5235 1242 5299 τινὲς,
1274 5236 1380 5301 ἔξω
1401 5236 1699 5307 τρέπεσθαι
1731 5237 1827 5291 τοῦ

247 5324 456 5388 εἰκότος
489 5322 703 5397 ἤθελον,
732 5325 1052 5390 πανδαισίας
1074 5344 1133 5381 τε
1166 5328 1261 5381 καὶ
1301 5327 1650 5399 δημοθοινίας
1686 5328 1827 5402 πλη-

248 5417 469 5486 ροῦντες
513 5420 572 5471 ὲν
629 5418 968 5489 ἐκκλησίαις,
1017 5421 1131 5482 τοῖς
1174 5418 1331 5472 τοῦτο
1376 5419 1510 5492 δρᾷν
1554 5420 1825 5489 εἰωθόσιν,

244 5507 484 5578 ἐπετίμα
528 5507 759 5579 γράφων
805 5510 835 5561 6
888 5509 1156 5580 μακάριος
1204 5509 1458 5572 Παῦλοςο
1506 5530 1524 5562 t
1556 5510 1648 5584 Μὴ
1714 5513 1825 5585 γὰρ

312 5684 359 5717 ’⁸
393 5682 571 5741 lCor.
609 5700 686 5752 ιι,
719 5682 917 5748 16,17.
994 5684 1039 5716 "
1080 5683 1275 5753 Ephes.
1326 5699 1407 5741 ιιι.
1453 5683 1570 5742 5-6.

1932 3127 2107 3198 guinis
2156 3123 2353 3179 Christi
2407 3122 2529 3177 est?
2580 3119 2732 3189 panis
2756 3118 2913 3187 qnc’m
2964 3114 3284 3183 frangimus,
3336 3127 3514 3167 nonne

1932 3216 2361 3274 communicatio
2390 3213 2635 3284 corporis
2678 3208 2881 3268 Christi
2914 3208 3035 3262 est?
3058 3205 3322 3273 Quoniam
3375 3217 3512 3258 unus

1933 3310 2088 3380 panis
2117 3319 2166 3364 et
2198 3324 2360 3363 unum
2385 3318 2582 3375 corpus
2617 3302 2767 3357 multi
2801 3312 3012 3360 sumus.
3050 3311 3239 3353 omnes
3266 3296 3408 3351 enim
3446 3295 3511 3348 de

1932 3418 2038 3459 uno
2066 3416 2201 3474 pane
2222 3400 2605 3472 participamus
2633 3397 2701 3449 ".
2738 3412 2757 3448 ι
2802 3390 3100 3461 Participes
3124 3403 3355 3457 namque
3385 3403 3511 3443 san-

1933 3493 2273 3563 ctiSpiritus
2296 3490 2496 3554 el'fccti,
2538 3499 2593 3544 et
2633 3488 2734 3558 ipsi
2778 3485 3017 3541 omnium
3052 3480 3321 3537 Salvatori
3353 3476 3514 3534 Chri-

1933 3599 2036 3655 Sto,
2075 3600 2128 3645 et
2151 3589 2291 3641 inter
2320 3598 2419 3640 nos
2448 3585 2699 3638 uuimur:
2737 3575 3159 3648 concorporaies
3210 3574 3373 3628 etiam
3402 3572 3506 3626 hoc

1931 3682 2092 3736 modo
2119 3693 2340 3741 sumus,
2374 3694 2393 3728 ‹
2435 3676 2689 3746 quoniam
2716 3687 2853 3726 unus
2906 3671 3060 3741 panis
3122 3682 3284 3721 unum
3317 3670 3512 3732 corpus

1932 3771 2085 3825 multi
2146 3784 2389 3824 sumus:
2450 3780 2638 3821 omnes
2704 3764 2847 3818 enim
2890 3763 2955 3816 de
3023 3773 3131 3813 uno
3208 3770 3350 3825 pane
3390 3767 3514 3824 par—

1934 3864 2234 3931 ticipamus.
2282 3879 2301 3912 ι
2336 3859 2589 3926 Conligal
2619 3863 2851 3924 namque
2883 3867 2979 3906 nos
3006 3850 3072 3904 ad
3105 3849 3365 3901 unitatem
3389 3860 3511 3900 coro

1932 3956 2032 4026 pus
2064 3952 2262 4008 Christi
2286 3952 2426 4019 quod
2457 3959 2541 4003 est
2572 3949 2623 4002 in
2655 3949 2828 4010 nobis,
2860 3955 3036 4011 neque
3070 3948 3148 3994 est
3200 3938 3307 3990 ullo
3350 3936 3511 3989 modo

1932 4046 2185 4102 divisum.
2219 4042 2390 4097 Porro
2424 4056 2518 4110 per
2549 4039 2750 4095 Christi
2776 4049 2973 4103 corpus
3001 4032 3067 4086 ad
3121 4030 3380 4085 unitatem
3411 4042 3508 4096 per
3562 4104 3571 4110 η

1930 4155 2093 4210 quam
2118 4146 2172 4191 et
2205 4153 2326 4190 cum
2364 4134 2482 4203 ipso
2530 4143 2582 4186 et
2604 4131 2745 4185 inter
2774 4142 2871 4183 nos
2904 4124 3202 4194 jungimu'r,
3251 4118 3511 4175 collectos

1931 4245 2050 4286 esse
2079 4228 2364 4284 confirmat
2392 4227 2582 4281 beatus
2606 4221 2829 4284 Paulus,
2857 4233 2979 4272 cum
3009 4214 3197 4271 scribit
3225 4232 3238 4268 :
3275 4232 3293 4264 «
3334 4211 3510 4281 llujus

1933 4324 2007 4377 rei
2036 4323 2210 4391 gratia
2236 4336 2334 4390 ego
2350 4317 2548 4373 Paulus
2577 4317 2787 4369 vinctus
2813 4309 3012 4367 Christi
3047 4307 3172 4363 Jesu
3200 4321 3297 4376 pro
3356 4304 3510 4358 vobis

1934 4415 2208 4484 gentibus,
2244 4412 2288 4468 si
2322 4421 2500 4466 tamen
2539 4408 2771 4462 audistis
2821 4400 3281 4473 dispensationem
3322 4397 3510 4466 gratiae

1932 4505 2051 4570 Dei,
2083 4500 2204 4576 qua:
2223 4505 2345 4558 data
2377 4511 2458 4557 est
2502 4500 2633 4555 mihi
2667 4500 2719 4552 in
2757 4512 2876 4559 vos,
2912 4493 3169 4564 quoniam
3211 4488 3509 4545 secundmn

1934 4598 2322 4653 revelationem
2354 4603 2536 4648 notum
2570 4590 2700 4645 mihi
2739 4588 2938 4643 factum
2965 4592 3048 4638 est
3084 4587 3507 4639 sacramentum,

1932 4686 2074 4747 sicut
2100 4704 2261 4758 supra
2297 4686 2488 4754 scripsi
2520 4685 2571 4738 in
2595 4682 2767 4746 brevi,
2801 4689 2960 4750 prout
3006 4675 3233 4747 potestis
3272 4670 3510 4758 legentes

1934 4755 2239 4847 intelligere
2287 4775 2630 4846 prudentiam
2676 4786 2850 4826 meam
2898 4769 2951 4822 in
2999 4763 3256 4836 mysterio
3274 4755 3507 4847 Christi,

1935 4870 2077 4942 quod
2100 4846 2221 4925 aliis
2250 4866 2689 4939 generationibus
2725 4879 2828 4916 non
2846 4870 2929 4915 est
2975 4856 3213 4928 agnitum
3258 4846 3381 4903 filiis
3409 4846 3508 4942 ho-

1937 4965 2164 5029 minum,
2196 4960 2354 5017 sicuti
2390 4973 2535 5013 nunc
2563 4954 2859 5011 revelatum
2884 4958 2969 5005 est
3012 4944 3214 5003 sanctis
3247 4935 3508 5007 apostolis

1934 5057 2052 5127 ejus
2084 5053 2442 5126 etprophetis
2469 5051 2520 5105 in
2554 5048 2783 5120 Spiritu,
2812 5052 2999 5115 gentes
3022 5028 3507 5127 essecoltaeredes,

1934 5120 2369 5216 concorporales,
2397 5153 2450 5198 et
2480 5134 2893 5205 comparticipes
2911 5124 3289 5201 promissionis
3313 5120 3429 5216 ejus
3455 5120 3509 5174 in

1931 5212 2151 5296 Christo
2177 5237 2243 5292 ".
2278 5255 2299 5289 ι
2340 5234 2606 5303 Quoniam
2657 5243 2787 5283 vero
2815 5242 2845 5280 a
2885 5222 3155 5296 principio
3185 5212 3426 5274 nonnulli
3442 5228 3513 5268 ex

1929 5333 1998 5391 iis
2026 5331 2117 5402 qui
2138 5329 2507 5393 crediderant,
2533 5324 2695 5395 hujus
2729 5316 2977 5392 mysterii
3035 5312 3379 5393 traditionem
3444 5321 3510 5361 ac

1930 5422 2037 5478 vim
2068 5423 2401 5492 ignorantes,
2436 5418 2504 5472 ab
2535 5430 2600 5472 eo
2636 5412 2780 5484 quod
2819 5405 3180 5467 conveniebat
3238 5402 3513 5459 divertere

1928 5513 2199 5580 volebant,
2225 5524 2279 5568 et
2311 5509 2561 5568 omnibus
2584 5506 2828 5579 exposita
2884 5492 3219 5562 convivia'et
3263 5492 3510 5567 publicas

3458 5634 3485 5652 ’ἡ
