4002 6192
495 219 596 275 195

1479 217 1536 270 S.
1578 218 1847 273 CYRILLI
1883 214 2350 272 ALEXANDRINI
2391 213 2708 268 ARCIIIEP.

3638 211 3740 264 196

491 337 680 403 epulas
715 336 766 388 in
804 333 1046 388 ecclesiis
1077 332 1435 399 instruebant,
1469 337 1714 392 homines
1737 337 1849 404 ~qui
1885 337 1934 389 id
1977 337 2041 388 fa-

2155 334 2326 394 οἰκίας
2380 331 2478 382 οὐκ
2517 330 2666 398 ἔχετε
2714 328 2792 390 εἰς
2834 327 2890 380 τὸ
2935 326 3135 379 ἐσθίειν
3179 326 3272 380 καὶ
3322 326 3530 394 πίνειν;
3574 328 3606 398 ἢ
3641 329 3742 398 τὴν

492 441 616 480 cere
643 435 1058 484 consueverant.
1113 425 1358 496 objurgat
1414 428 1602 482 beatus
1647 427 1862 490 Paulus,
1915 428 2051 480 scri-

490 517 627 570 bens
659 532 675 570 :
720 535 739 566 ι
771 514 1028 582 Nunquid
1085 518 1271 570 domos
1323 533 1427 572 non
1490 518 1702 572 habetis
1730 518 1794 571 ad
1829 519 2054 571 mandu-

488 608 720 660 candum
738 614 792 659 et
824 604 1149 660 bibendum?
1175 615 1270 660 aut
1301 607 1586 662 ecclesiam
1624 607 1714 661 Dei
1748 606 2053 662 contemni-

490 697 581 762 tis,
611 706 662 748 et
689 697 1018 750 confunditis
1046 713 1138 751 eos
1163 698 1252 767 qui
1279 715 1382 754 non
1413 699 1652 752 habent?
1681 698 1819 764 Quid
1870 698 2048 752 dicam

488 787 673 842 vobis?
693 785 930 840 Laudem
957 787 1118 841 vosin
1145 788 1282 841 hoc?
1308 803 1410 840 non
1436 787 1611 842 laudo.
1647 787 1758 856 Ego
1786 788 1928 840 enim
1956 801 2051 841 ac-

487 879 602 945 cepi
633 894 663 930 a
693 877 935 944 Domino,
959 879 1102 946 quod
1134 889 1188 932 et
1213 879 1404 934 tradidi
1436 879 1588 933 vobis
1626 896 1640 932 :
1669 879 1922 948 quoniam
1946 878 2051 932 Do-

488 968 664 1021 minus
693 966 847 1022 Jesns
880 968 1128 1022 (Zbristus
1159 968 1212 1022 in
1245 984 1346 1036 qua
1379 979 1535 1023 nocte
1565 968 1789 1022 traditus
1821 976 1926 1031 est,
1953 981 2050 1020 ac-

484 1059 625 1125 cepit
653 1074 866 1126 panem,
897 1070 951 1113 et
976 1063 1175 1127 gratias
1213 1075 1375 1129 agens
1406 1059 1588 1128 fregit,
1634 1067 1687 1114 et
1715 1059 1851 1112 dixit
1881 1074 1895 1110 :
1927 1059 2046 1112 Hoc

480 1156 563 1199 est
595 1160 788 1215 corpus
810 1161 1011 1210 meum,
1049 1147 1189 1216 quod
1221 1163 1318 1216 pro
1371 1148 1521 1202 vobis
1569 1165 1582 1200 :
1629 1152 1728 1202 hoc
1791 1147 1950 1200 facite
1991 1147 2048 1201 in

483 1252 653 1292 meam
683 1239 1544 1292 commemorationem.Similiter
1569 1248 1623 1291 et
1653 1239 1872 1291 calicem
1903 1248 2049 1308 post-

481 1346 638 1398 quam
672 1331 828 1399 112
862 1331 1122 1394 cmnavit,
1146 1332 1330 1384 dicens
1360 1347 1374 1383 :
1414 1330 1508 1384 llic
1543 1331 1679 1384 calix
1719 1347 1910 1386 novum
1946 1332 2047 1386 Te-

479 1432 802 1475 stamentum
841 1433 924 1477 est
979 1421 1032 1476 in
1063 1437 1181 1477 meo
1210 1423 1469 1492 sanguine
1506 1441 1519 1476 :
1555 1423 1657 1477 hoc
1701 1421 1883 1488 facite,
1914 1439 2047 1490 quo-

480 1515 796 1582 tiescunque
847 1515 1055 1578 facitis,
1101 1513 1156 1568 in
1222 1529 1396 1569 meam
1455 1515 2043 1571 commemorationem.

478 1604 913 1674 Quotiescunque
943 1604 1336 1659 manducabitis
1376 1620 1564 1673 panem
1604 1605 1769 1668 hunc,
1824 1618 1878 1659 et
1917 1605 2047 1658 cali-

2155 421 2449 491 ἐκκλησίαν
2477 418 2570 470 τοῦ
2597 416 2728 470 Θεοῦ
2767 419 3177 486 καταφρονεῖτε,
3220 417 3313 468 καὶ
3347 419 3740 488 καταισχύνετε

2156 515 2280 575 τοὺς
2313 513 2389 581 μὴ
2421 511 2671 579 ἔχοντας;
2717 509 2768 561 τί
2809 509 2945 561 εἴπω
2981 509 3138 578 ύμίν;
3176 510 3452 562 ἐπαινέσω
3503 511 3648 579 ὑμᾶς
3679 511 3739 562 ἐν

2153 601 2355 669 τούτῳ;
2403 601 2500 652 οὐκ
2542 599 2767 652 ἐπαινῶ.
2825 597 2966 666 Ἐγὼ
3011 599 3122 669 γὰρ
3159 599 3464 670 παρέλαϐον
3505 601 3611 654 ἀπὸ
3643 602 3738 656 τοῦ

2155 693 2381 762 Κυρίου,
2417 691 2444 744 ὃ
2469 691 2561 744 καὶ
2593 691 2885 760 παρέδωκα
2915 691 3042 759 ὑμῖν
3062 707 3074 721 ·
3125 693 3206 744 ὅτι
3237 694 3264 745 ὁ
3290 692 3494 762 Κύριος
3532 691 3739 762 Ἰησοῦς

2154 783 2384 854 Χριστὸς
2409 781 2471 835 ὲν
2508 785 2571 854 τῇ
2600 782 2756 834 νυκτὶ
2858 781 3149 852 παρεδόθη,
3193 783 3384 836 ἐλαϐεν
3412 784 3594 853 ἄρτον,
3642 785 3741 839 καὶ

2153 874 2552 944 εὐχαριστήσας
2593 872 2811 938 ἔκλασε,
2844 875 2938 926 καὶ
2971 868 3093 925 εἷπε
3116 889 3134 907 ο
3170 873 3341 926 Τοῦτὸ
3375 875 3476 944 μού
3520 877 3638 928 ἐστι
3677 877 3740 930 τὸ

2155 966 2314 1035 σῶμα
2346 965 2408 1017 τὸ
2437 965 2577 1035 ὑπὲρ
2623 963 2814 1033 ἡμῶν·
2865 963 3024 1017 τοῦτο
3074 967 3279 1018 ποιεῖτε
3329 968 3409 1029 εἰς
3449 967 3548 1037 τὴν
3593 969 3737 1039 ἐμὴν

2153 1057 2478 1127 ἀνάμνησιν.
2537 1055 2810 1119 Ὡσαύτως
2845 1057 2940 1108 καὶ
2976 1056 3036 1108 τὸ
3079 1059 3336 1128 ποτήριον
3371 1060 3504 1128 μετὰ
3538 1060 3599 1112 τὸ
3625 1061 3734 1113 δει-

2155 1149 2377 1218 πνῆσαι,
2419 1148 2595 1215 λέγων
2617 1165 2630 1178 ο
2662 1148 2831 1201 Τοῦτο
2855 1149 2914 1201 τὸ
2945 1149 3201 1219 ποτήριον
3230 1151 3262 1218 ἡ
3298 1151 3460 1220 καινὴ
3487 1152 3730 1221 Διαθήκη

2151 1240 2317 1300 ἐστὶν,
2346 1240 2405 1292 ὲν
2430 1239 2506 1309 τῷ
2528 1240 2718 1309 αἵματι
2743 1240 2818 1309 τῷ
2846 1241 2964 1310 ἐμῷ
2981 1255 2994 1268 ⁸
3025 1240 3180 1294 τοῦτο
3203 1243 3426 1303 ποιεῖτε,
3455 1243 3644 1302 ὁσάκις
3667 1243 3733 1295 ἂν

2151 1333 2371 1390 ποιεῖτε,
2407 1332 2482 1394 εἰς
2509 1331 2608 1401 τὴν
2637 1331 2779 1402 ἐμὴν
2814 1331 3139 1400 ἀνάμνησιν.
3171 1329 3392 1393 Ὁσάκις
3421 1330 3486 1383 ἂν
3513 1329 3731 1400 ἐσθίητε

2149 1424 2240 1477 τὸν
2274 1425 2436 1494 ἄρτον
2465 1424 2674 1489 τοῦτον,
2710 1425 2804 1477 καὶ
2841 1423 2899 1476 τὸ
2929 1423 3187 1492 ποτήριον
3209 1423 3419 1491 πίνητε,
3445 1423 3536 1475 τὸν
3567 1423 3726 1476 θάνα-

2148 1535 2239 1570 τον
2273 1517 2365 1570 τοῦ
2393 1517 2598 1586 Κυρίου
2637 1515 3056 1584 καταγγέλλετε,
3097 1515 3256 1585 ἄχρις
3287 1511 3346 1569 οὗ
3389 1515 3576 1588 ἔλθῃ.»
3617 1517 3731 1570 Καὶ

2150 1608 2294 1662 θεῖον
2327 1609 2427 1687 μὲν
2461 1608 2622 1661 ὅτιτὸ
2655 1609 2973 1678 μυστήριον,
3012 1607 3106 1660 καὶ
3135 1607 3395 1672 ζωοποιὸς
3420 1609 3454 1677 ή
3491 1607 3730 1676 μέθεξις,

477 1710 593 1749 cem
641 1696 855 1759 bibetis,
887 1706 1115 1750 mortem
1168 1696 1376 1749 Domini
1435 1695 1822 1752 annuntiabitis
1876 1697 2041 1751 donec

2148 1701 2241 1753 καὶ
2272 1699 2370 1770 τὴς
2397 1698 2734 1768 ἁναιμάκτου
2767 1698 2996 1768 ταυτησὶ
3039 1697 3226 1760 θυσίας
3254 1699 3285 1768 ἡ
3310 1697 3539 1766 δύναμις
3575 1698 3730 1766 παρὰ

474 1785 739 1838 veniat”.
778 1804 797 1838 ι
831 1786 906 1840 Ac
927 1786 1165 1840 divinum
1197 1786 1414 1856 quidem
1447 1786 1546 1840 hoc
1579 1801 1699 1840 esse
1730 1786 2039 1856 mysterium

474 1875 1052 1946 participationemque
1075 1877 1190 1944 ejus
1221 1879 1514 1952 vivificam,
1553 1888 1600 1933 et
1634 1881 1928 1934 incruenta:
1952 1878 2043 1932 hu-

469 1967 558 2035 jus
585 1969 772 2024 hostiae
796 1972 900 2022 vim
923 1970 1078 2037 longe
1101 1969 1189 2024 illo
1217 1970 1372 2038 legali
1405 1971 1552 2024 cultu
1585 1973 2037 2039 prmstantiorem,

476 2059 737 2128 perfacile
781 2070 861 2114 cst
886 2062 1068 2114 videre
1094 2060 1175 2114 vel
1206 2061 1272 2114 ab
1297 2075 1362 2114 eo
1388 2061 1524 2130 ipso,
1563 2062 1705 2132 quod
1733 2063 1820 2115 illa
1851 2062 2042 2131 priscis

477 2151 787 2206 hominibus
835 2154 1039 2207 sancita
1085 2169 1181 2224 per
1233 2153 1437 2218 Mosen,
1499 2155 1690 2208 umbra
1769 2154 2039 2222 dicuntur,

475 2241 726 2297 Christus
772 2258 898 2298 vero
926 2243 1147 2312 ejusque
1177 2245 1382 2308 omnia,
1434 2245 1639 2300 veritas
1671 2245 2038 2314 appellantur;

475 2333 541 2384 ad
567 2347 794 2400 eamque
819 2349 933 2388 rem
961 2337 1383 2388 continuandam
1415 2337 1568 2390 nobis
1594 2337 1698 2391 erit
1737 2337 2042 2405 adiumento

474 2419 666 2474 beatus
688 2421 906 2488 Paulus,
939 2424 1029 2492 qui
1063 2425 1143 2477 sic
1183 2425 1437 2493 scripsit:
1487 2445 1505 2475 ι
1544 2425 1755 2480 lrritam
1806 2428 1927 2495 quis
1963 2426 2040 2479 fa-

472 2511 626 2564 ciens
646 2510 815 2580 legem
845 2511 995 2578 Mosi,
1021 2513 1140 2566 sine
1171 2513 1274 2567 ulla
1311 2515 1664 2570 miseratione
1716 2516 1926 2571 duobus
1955 2517 2039 2572 vel

474 2602 645 2658 tribus
676 2603 898 2659 testibus
926 2606 1153 2659 moritur
1179 2624 1191 2660 :
1217 2615 1416 2674 quanto
1435 2609 1605 2677 magis
1659 2610 1862 2678 putatis
1899 2611 2043 2664 deleo

476 2694 618 2748 riora
654 2695 848 2750 mereri
877 2696 1160 2766 supplicia,
1190 2697 1280 2768 qui
1309 2696 1501 2752 Filium
1550 2699 1644 2754 Dei
1694 2701 2040 2756 conculcave-

474 2785 562 2848 rit,
601 2795 656 2839 et
679 2785 992 2854 sanguinem
1024 2786 1354 2844 Testamenti
1405 2789 1666 2859 pollutum
1713 2791 1941 2856 duxerit,
1990 2793 2042 2848 in

471 2891 580 2944 quo
605 2876 971 2932 sanctificatus
995 2888 1096 2945 est,
1115 2889 1168 2934 et
1197 2880 1421 2951 Spiritui
1445 2884 1629 2951 gratiae
1657 2883 2040 2938 contumeliam

474 2967 659 3022 fecerit
686 2968 775 3022 “?
825 2986 844 3020 ι
910 2969 1152 3027 Edebant
1202 2975 1346 3030 enim
1416 2975 1490 3030 illi
1529 2985 1740 3030 veteres
1797 2975 2043 3030 homines

2147 1792 2281 1843 πολὺ
2319 1791 2420 1858 τῆς
2451 1790 2507 1842 ὲν
2537 1789 2687 1859 νόμῳ
2734 1788 2987 1858 λατρείας
3031 1788 3292 1858 ἀμείνων,
3345 1787 3730 1858 ἀταλαίπωρον

2151 1881 2295 1945 ίδεῖν,
2337 1881 2430 1933 καὶ
2459 1880 2533 1942 ὡς
2565 1880 2672 1932 ἀπό
2710 1897 2772 1947 γε
2802 1880 2894 1931 τοῦ
2935 1878 3186 1947 λέγεσθαι
3217 1880 3376 1931 σκιὰν
3409 1879 3507 1949 μὲν
3544 1881 3728 1932 ἐκεῖνα

2146 1973 2213 2026 τὰ
2266 1973 2353 2025 διὰ
2412 1973 2654 2036 Μωσέως
2709 1976 2818 2037 τοῖς
2871 1973 3246 2044 ἀρχαιοτέροις
3302 1973 3726 2042 τεθεσπισμένα,

2148 2064 2382 2135 Χριστόν
2415 2080 2478 2132 γε
2524 2047 2629 2134 μὴν
2667 2059 2807 2117 εἶναι
2844 2065 2935 2117 καὶ
2977 2063 3045 2117 τὰ
3088 2064 3252 2116 αὑτοῦ
3292 2063 3391 2133 τὴν
3425 2063 3684 2133 ἀλήθειαν
3708 2080 3724 2092 ·

2150 2154 2474 2226 συλλήψεται
2525 2154 2581 2206 δὲ
2628 2155 2764 2224 πρὸς
2807 2153 2964 2207 τοῦτο
3017 2156 3147 2224 ἡμῖν
3196 2155 3290 2206 καὶ
3342 2156 3370 2207 ὁ
3419 2153 3726 2221 σοφώτατος

2147 2243 2376 2308 Παῦλος,
2408 2243 2503 2295 ὡδὶ
2530 2243 2820 2313 γεγραφώς
2841 2260 2853 2272 ’
2885 2264 2901 2294 ι
2944 2245 3243 2312 Ἀθετήσας
3271 2261 3354 2307 τις
3391 2244 3552 2314 νόμον
3595 2246 3726 2296 Μω-

2150 2335 2308 2398 σέως,
2349 2336 2519 2407 χωρὶς
2558 2335 2860 2404 οἰκτιρμῶν
2897 2336 2987 2388 ἐπὶ
3017 2335 3169 2388 δυσὶν
3202 2336 3234 2406 ἢ
3276 2338 3420 2408 τρισὶ
3463 2337 3727 2405 μάρτυσιν

2149 2424 2516 2494 ἀποθνήσκει·
2579 2425 2731 2492 πόσῳ
2790 2425 2995 2477 δοκεῖτε
3063 2425 3306 2496 χείρονος
3358 2424 3723 2495 ἀξιωθήσεται

2147 2514 2439 2586 τιμωρίας,
2471 2514 2498 2566 6
2532 2513 2620 2568 τὸν
2659 2513 2786 2568 Υίδν
2814 2513 2904 2570 τοῦ
2936 2513 3070 2566 Θεοῦ
3107 2515 3512 2584 καταπατήσας,
3534 2514 3628 2566 καὶ
3657 2515 3721 2566 τδ

2148 2602 2288 2679 αἷμα
2307 2607 2406 2676 τῆς
2431 2605 2701 2677 Διαθήκης
2726 2604 2902 2658 κοινὸν
2926 2607 3286 2676 ἡγησάμενος,
3306 2607 3363 2659 ἐν
3392 2599 3434 2673 ᾧ
3459 2605 3719 2675 ἡγιάσθη,

2153 2697 2246 2750 καὶ
2274 2696 2334 2747 τδ
2366 2695 2588 2764 Πνεῦμα
2617 2695 2717 2763 τῆς
2747 2693 2966 2764 χάριτος
2993 2694 3310 2765 ὲνυὸρίσας;
3333 2713 3350 2746 ι
3376 2694 3602 2747 Ἤσθιον
3625 2695 3724 2764 μὲν

2148 2789 2254 2860 γάρ
2281 2790 2331 2842 οἱ
2356 2787 2523 2841 πάλαι
2552 2785 2911 2849 καταθύοντες
2953 2785 3044 2838 τὸν
3087 2786 3286 2855 ἀμνόν·
3337 2789 3370 2855 ἡ
3416 2787 3472 2839 δέ
3521 2803 3584 2853 γε
3626 2787 3725 2855 τῆς

2150 2878 2403 2951 βρώσεως
2456 2877 2722 2948 δύναμις,
2783 2876 2883 2930 οὒκ
2939 2879 3016 2940 εἰς
3071 2878 3232 2948 κόρον
3287 2877 3474 2940 ἁπλῶς
3527 2875 3724 2947 ἐχώρει

2149 2971 2402 3041 γαστρὸς,
2445 2969 2559 3023 ἀλλ’
2598 2970 2719 3024 οὐδὲ
2756 2970 2956 3040 ταύτης
2989 2970 3148 3023 ἕνεκα
3173 2971 3270 3040 τῆς
3302 2969 3479 3032 αἰτίας
3514 2971 3580 3022 τὰ
3622 2969 3722 3038 τῆς

470 3075 666 3127 agnum
704 3061 1039 3120 immolatum
1072 3082 1085 3120 :
1113 3067 1317 3121 sedilia
1349 3069 1430 3122 vis
1484 3067 1599 3134 ejus
1628 3081 1764 3122 esca:
1818 3082 1922 3120 non
1973 3067 2039 3122 ad

2144 3063 2334 3126 θυσίας
2377 3061 2735 3132 ἐπετηδεύετο
2782 3063 2922 3119 κατά
2965 3063 3162 3133 νόμονο
3203 3061 3320 3116 ἀλλ’
3369 3054 3454 3116 ἵνα
3489 3061 3719 3114 θανάτου

470 3153 774 3209 satietatem
805 3157 1009 3212 ventris
1037 3160 1410 3214 tantummodo
1459 3159 1702 3224 cedebat,
1765 3173 1938 3228 neque
1977 3175 2039 3214 ea

471 3241 538 3298 de
563 3258 724 3298 causa
755 3248 1093 3302 sacrificandi
1124 3249 1262 3304 ritus
1321 3251 1622 3305 secumlum
1657 3252 1827 3322 legem
1857 3267 2041 3306 servae

472 3333 658 3398 batur;
683 3335 776 3388 sed
812 3345 866 3390 ut
896 3346 1124 3392 mortem
1154 3340 1206 3392 in
1234 3340 1371 3395 alios
1395 3341 1738 3397 invadentem
1799 3343 1900 3412 ipsi
1947 3358 2039 3397 su-

471 3434 744 3493 perarent,
803 3435 856 3480 et
910 3430 1382 3484 exterminatorem
1455 3431 1797 3500 effugerent:
1858 3434 2040 3503 itaque

471 3521 628 3566 nocte
651 3529 755 3566 una
789 3515 1069 3570 interfecta
1104 3517 1616 3590 sunt/Egyptiorum
1646 3522 2034 3591 primogenita:

470 3601 546 3655 illi
568 3617 693 3657 vero
719 3606 855 3658 nuda
890 3605 1056 3676 ﬁgura
1084 3605 1295 3672 muniti,
1325 3609 1512 3664 soliab
1548 3626 1612 3665 ea
1656 3613 2031 3679 servabantur,

461 3691 524 3750 et
549 3695 792 3750 umbram
821 3697 1020 3752 auxilio
1051 3698 1330 3766 habentes,
1356 3702 1514 3756 etiam
1559 3703 1672 3772 ipsa
1711 3714 1881 3758 morte
1945 3720 2035 3759 su-

469 3786 707 3854 periores
739 3797 1047 3843 evaserunt.
1072 3789 1213 3859 Ergo
1242 3795 1634 3847 conservabant
1683 3795 1810 3863 ipsa:
1853 3796 2036 3866 figura:

467 3891 560 3932 eos
583 3878 672 3947 qui
701 3889 826 3934 ante
856 3895 954 3935 nos
980 3878 1217 3937 fuerunt.
1248 3882 1458 3949 Quanto
1494 3884 1661 3955 igitur
1726 3901 1814 3940 res
1840 3897 2036 3942 nostras

466 3977 594 4022 sunt
615 3971 1046 4038 excellentiores,
1072 3974 1264 4042 quibus
1291 3975 1404 4044 ipsa
1435 3978 1652 4040 veritas,
1686 3977 1736 4031 id
1758 3987 1840 4032 est
1874 3979 2034 4033 Chri-

465 4068 604 4124 stus,
639 4061 840 4129 illuxit,
869 4074 1223 4136 sanctamque
1249 4081 1402 4120 suam
1443 4082 1662 4122 carnem
1712 4069 1778 4123 ad
1813 4071 2034 4139 partici-

467 4152 698 4220 pandum
732 4156 1013 4223 apposnit?
1058 4159 1329 4226 quomodo
1391 4160 1440 4212 id
1492 4175 1595 4214 non
1660 4161 1732 4214 sit
1783 4165 2034 4218 omnibus

465 4240 852 4308 perspicuum?
887 4243 1052 4300 Multo
1081 4263 1311 4316 namque
1343 4259 1465 4302 sunt
1496 4249 1681 4318 procul
1704 4252 1866 4306 dubio
1897 4268 2034 4321 prae-

466 4329 830 4385 stantioresac
860 4335 1188 4400 superiores.
1217 4337 1393 4400 Atque
1418 4337 1576 4406 hujus
1632 4342 1872 4412 mysterii
1924 4345 2028 4398 vim
2062 4377 2109 4436 υ

466 4419 836 4474 utdeelararet
864 4421 1121 4480 Dominus
1175 4439 1360 4480 noster
1405 4426 1561 4482 Jesus
1610 4431 1871 4496 Christus,
1909 4433 2029 4486 ait:

473 4528 491 4561 ι
523 4512 692 4566 Amen
734 4513 857 4568 dico
887 4516 1063 4581 vobis,
1095 4519 1183 4585 qui
1205 4520 1378 4573 credit
1408 4521 1458 4574 in
1495 4537 1600 4588 me,
1656 4524 1820 4581 habet
1870 4527 2032 4580 vitam

466 4613 745 4657 aeternam.
773 4604 880 4674 Ego
909 4621 1027 4661 sum
1053 4609 1209 4678 panis
1233 4611 1372 4665 vitae.
1411 4611 1601 4669 Patres
1656 4617 1821 4670 vestri
1877 4633 2034 4671 man-

468 4691 1015 4748 ducaveruntmanna
1047 4697 1100 4750 in
1121 4697 1359 4763 deserto,
1393 4709 1446 4754 et
1497 4703 1690 4758 mortui
1745 4714 1870 4758 sunt
1899 4723 1913 4759 :
1947 4706 2035 4761 hic

467 4787 549 4834 est
573 4781 724 4848 panis
757 4781 823 4835 de
850 4782 986 4836 caelo
1032 4785 1385 4850 descendens,
1433 4799 1491 4843 ut
1529 4790 1574 4844 si
1628 4792 1751 4860 quis
1801 4806 1864 4847 ex
1921 4793 2035 4862 ipso

469 4870 771 4937 manducet,
805 4887 909 4926 non
947 4875 1226 4930 moriatur.
1266 4878 1373 4947 Ego
1399 4894 1516 4933 sum
1572 4883 1726 4952 panis
1757 4883 1908 4937 vivus
1941 4884 2032 4952 qui

467 4960 532 5012 de
566 4961 1002 5023 cmlodescendi.
1063 4967 1118 5020 Si
1172 4969 1293 5037 quis
1350 4972 1753 5028 manducaverit
1805 4989 1870 5030 ex
1935 4976 2036 5031 hoc

470 5064 625 5116 pane,
658 5053 801 5107 vivet
839 5056 890 5108 in
925 5067 1183 5112 aeternum
1212 5077 1225 5114 :
1265 5069 1319 5114 et
1340 5063 1494 5130 panis
1545 5079 1701 5132 quem
1733 5080 1831 5136 ego
1873 5065 2031 5131 dabo,

469 5152 596 5192 caro
629 5155 742 5194 mea
776 5153 856 5197 est
890 5142 984 5214 pro
1012 5151 1193 5204 mundi
1222 5151 1330 5205 vita
1359 5152 1427 5206 ".
1467 5171 1486 5204 ι
1516 5153 1648 5207 Nam
1681 5158 1804 5228 quia
1827 5171 1893 5209 ex
1945 5172 2037 5226 ge-

472 5242 598 5281 nere
626 5230 788 5285 Israel
826 5237 931 5288 nati
956 5238 1020 5292 de
1052 5255 1247 5294 manna
1275 5244 1704 5312 suppeditatione
1732 5244 1913 5300 Mosen
1941 5247 2036 5300 ad-

470 5315 826 5384 mirabantur,
863 5323 1017 5398 113
1047 5332 1192 5396 quod
1261 5347 1383 5386 cum
1431 5348 1524 5402 per
1575 5335 1849 5389 desertum
1917 5335 2036 5406 ejus

471 5411 725 5476 temporis
748 5413 1050 5475 hominibus
1085 5421 1374 5478 demissum
1401 5424 1614 5492 fuisset,
1649 5435 1829 5498 typum
1867 5429 2034 5498 gessit

501 5543 505 5546 ί
543 5582 634 5639 ’³1
663 5585 786 5642 Cor.
821 5603 894 5648 vi,
923 5589 1110 5648 22-26.

2142 3155 2254 3217 τοῖς
2311 3152 2490 3217 ἄλλοις
2537 3152 2978 3215 ὲκπεπτωκότος,
3035 3151 3315 3220 κρείττους
3357 3167 3416 3205 τε
3467 3145 3576 3204 εἷεν
3622 3149 3718 3202 τοῦ

2143 3242 2334 3294 παθεῖν
2363 3243 2535 3306 αὐτοὶ,
2568 3242 2662 3296 καὶ
2682 3242 3110 3313 διαδιδράσκοιεν
3129 3241 3217 3294 τὸν
3233 3241 3578 3311 ὁλοθρευτήν.
3610 3239 3720 3292 Καὶ

2141 3330 2272 3399 γοῦν
2321 3332 2588 3402 ἀνῄρηται
2649 3331 2747 3402 μὲν
2805 3333 2863 3384 ὲν
2921 3333 3021 3404 μιᾷ
3075 3332 3230 3385 νυκτὶ
3277 3331 3345 3384 τά
3402 3331 3718 3402 πρωτότοκα

2140 3423 2484 3491 Αίγυπτίων·
2535 3425 2583 3475 οἱ
2635 3424 2690 3476 δὲ
2735 3423 2829 3478 καὶ
2861 3424 3002 3494 ψιλῷ
3045 3423 3122 3493 τῷ
3157 3424 3304 3493 τόπῳ
3349 3421 3479 3494 [Ion
3521 3421 3713 3492 τύπῳ]

2138 3515 2551 3585 τετειχισμένοι,
2615 3515 2763 3584 μόνοι
2813 3517 2941 3586 παρ’
2992 3515 3199 3568 ἐκείνου
3258 3514 3558 3579 ἐσώζοντο,
3622 3515 3716 3567 καὶ

2140 3604 2398 3659 σύνοπλον
2442 3605 2656 3675 ἔχοντες
2710 3607 2808 3675 τὴν
2878 3606 3059 3670 σκιὰν,
3121 3606 3215 3658 καὶ
3271 3605 3436 3658 αὐτοῦ
3486 3605 3714 3659 θανάτου

2137 3696 2666 3766 κατευμεγεθοῦντες
2711 3698 3010 3767 ἐφαίνοντο.
3050 3696 3263 3752 Οὐκοῦν
3292 3697 3490 3760 ἔσωζον
3531 3697 3628 3768 μὲν
3667 3699 3716 3748 oi

2135 3789 2296 3841 τύποι
2327 3790 2450 3852 τοὺς
2476 3789 2580 3858 πρὸ
2606 3789 2781 3859 ἡμῶν.
2827 3790 2912 3842 Ἐν
2939 3789 3048 3842 τίσι
3089 3789 3144 3842 δὲ
3167 3789 3274 3859 ἄρα
3299 3788 3363 3842 τὰ
3390 3787 3509 3840 καθ’
3542 3789 3712 3857 ἡμᾶς,

2135 3876 2217 3944 οἷς
2264 3880 2399 3952 αὐτὴ
2439 3879 2631 3934 λοιπὸν
2681 3880 2997 3950 ἐπέλαμψεν
3047 3881 3080 3950 ἡ
3135 3880 3402 3946 ἀλήθεια,
3465 3879 3717 3932 τουτέστι

2136 3971 2388 4043 Χριστὸς,
2429 3973 2528 4042 τὴν
2557 3971 2817 4036 ζωοποιδν
2847 3971 3042 4026 ἑαυτοῦ
3074 3971 3252 4043 σάρκα
3285 3969 3603 4042 παρατιθεὶς
3632 3970 3714 4030 είς

2139 4063 2386 4136 μέθεξινς
2420 4064 2537 4128 πῶς
2563 4066 2661 4136 οὐχ
2685 4065 2890 4120 ἅπασιν
2919 4064 3179 4134 ὲναργές;
3209 4063 3351 4117 Πολὺ
3377 4063 3486 4134 γὰρ
3507 4061 3572 4132 δὴ
3599 4061 3717 4113 λίαν

2135 4159 2192 4209 ὲν
2217 4156 2486 4226 ἀμείνοσι,
2510 4155 2606 4209 καὶ
2637 4157 2694 4210 ὲν
2722 4159 2835 4220 τοῖς
2854 4156 2992 4224 ἄγαν
3019 4155 3457 4226 ὑπερκειμένοις.
3483 4153 3591 4207 Καὶ
3617 4153 3716 4221 τήν

2133 4265 2197 4316 γε
2229 4247 2324 4300 τοῦ
2353 4247 2653 4319 μυστηρίου
2678 4247 2909 4318 δύναμιν
2943 4245 3147 4318 ἐναργῆ
3178 4245 3442 4308 καθιστὰς
3466 4245 3494 4299 6
3514 4243 3716 4312 Κύριος

2134 4337 2290 4408 ἡμῶν
2337 4336 2544 4407 Ἰησοῦς
2574 4337 2602 4389 6
2632 4337 2866 4408 Χριστός
2885 4353 2897 4366 ·
2930 4356 2948 4388 ι
2973 4337 3164 4408 Ἀμὴν,
3210 4337 3363 4407 φησι.
3394 4336 3536 4404 λέγω
3564 4335 3713 4404 ὑμῖν,

2143 4433 2170 4484 6
2192 4430 2464 4484 πιστεύων
2491 4432 2570 4494 είς
2596 4431 2716 4502 ἐμὲ,
2760 4431 2874 4502 ἔχει
2914 4429 3060 4502 ζωὴν
3096 4428 3333 4484 αἰώνιον.
3377 4428 3518 4498 Ἐγώ
3543 4431 3659 4498 είμι
3687 4430 3718 4484 6

2139 4521 2303 4590 ἄρτος
2341 4523 2438 4592 τῆς
2465 4521 2630 4591 ζωῆς.
2664 4524 2726 4575 Oi
2758 4521 2998 4592 πατέρες
3039 4521 3194 4591 ὑμῶν
3225 4519 3426 4590 ἔφαγον
3453 4521 3514 4574 τὸ
3542 4521 3718 4591 μάννα

2135 4615 2192 4668 ἐν
2220 4617 2287 4685 τῇ
2319 4616 2511 4686 ἐρήμῳ
2539 4615 2632 4669 καὶ
2658 4613 2927 4667 ἀπέθανον
2949 4631 2961 4644 ·
3008 4608 3160 4676 οὗτός
3191 4616 3336 4668 ἐστιν
3364 4615 3392 4666 6
3421 4612 3583 4684 ἄρτος
3604 4615 3630 4664 6
3655 4615 3720 4664 ὲκ

2133 4705 2229 4760 τοῦ
2259 4707 2487 4778 οὐρανοῦ
2512 4706 2875 4771 καταϐαίνων,
2903 4705 2991 4760 ῖνα
3032 4723 3116 4769 τις
3145 4705 3203 4772 ἐξ
3233 4704 3397 4761 αὐτοῦ
3429 4704 3602 4778 φάγῃ,
3625 4705 3720 4756 καὶ

2139 4798 2214 4867 μὴ
2264 4797 2534 4872 ἀποθάνῃ.
2590 4797 2732 4867 Ἐγώ
2772 4799 2890 4868 είμι
2929 4799 2957 4851 6
3013 4798 3176 4872 ἄρτος
3219 4799 3248 4850 6
3299 4796 3407 4860 ζῶν
3441 4798 3469 4850 6
3507 4797 3571 4850 ἐκ
3621 4793 3719 4848 τοῦ

2135 4889 2364 4959 ούρανοῦ
2419 4890 2684 4954 καταϐάς.
2759 4891 2887 4945 Ἐάν
2933 4908 3017 4953 τις
3059 4892 3123 4943 ὲκ
3174 4890 3364 4945 τούτου
3407 4890 3500 4942 τοῦ
3552 4889 3720 4958 ἄρτου

2138 4979 2308 5051 φάγῃ,
2350 4978 2576 5048 ζήσεται
2609 4983 2687 5043 είς
2709 4980 2799 5033 τὸν
2829 4979 3002 5033 αἰῶνα
3025 4996 3037 5008 ”
3063 4981 3156 5035 καὶ
3186 4983 3214 5034 6
3238 4983 3402 5051 ἄρτος
3431 4981 3487 5035 δὲ
3517 4981 3577 5033 ὃν
3607 4981 3722 5048 ἐγὼ

2136 5068 2313 5134 δώσω,
2364 5071 2396 5140 ἠ
2447 5070 2582 5139 σάρξ
2627 5069 2728 5140 μού
2783 5072 2997 5142 ἐστινὴ
3048 5071 3187 5143 ὑπὲρ
3233 5073 3329 5141 τῆς
3365 5072 3460 5126 τοῦ
3510 5072 3720 5141 κόσμον

2144 5159 2310 5232 ζωῆς.
2336 5181 2354 5213 ι
2411 5164 2627 5234 Ἐπειδὴ
2674 5163 2783 5234 γὰρ
2813 5166 2860 5217 oi
2889 5163 2949 5229 ἐξ
2981 5164 3210 5234 αἵματος
3261 5165 3476 5236 Ἰσραὴλ
3514 5165 3721 5220 Μωσέα

2142 5253 2521 5324 κατεθήπεσαν
2562 5256 2652 5308 ἐπὶ
2681 5257 2748 5325 τῇ
2779 5253 2872 5308 τοῦ
2908 5255 3083 5323 μάννα
3117 5256 3370 5326 χορηγίᾳ,
3393 5253 3720 5325 καθιεμένου

2146 5343 2244 5412 μὲν
2282 5345 2394 5408 τοῖς
2420 5345 2678 5415 τηνικάδε
2733 5343 2875 5398 κατά
2919 5343 3018 5414 τὴν
3063 5344 3296 5416 ἔρημονο
3333 5343 3719 5414 ἀποπληροῦν-

2141 5448 2232 5494 τες
2269 5430 2388 5505 [ίσ.
2417 5429 2896 5505 ἀποπληροῦντος]
2955 5431 3010 5485 δὲ
3073 5430 3243 5484 τύπον
3294 5431 3392 5502 τῆς
3448 5428 3716 5501 μυστικῆς

1185 5601 1229 5634 ⁸⁸
1261 5597 1421 5655 llcbr.
1466 5601 1629 5668 x,28,
1653 5601 1740 5657 29.
1817 5603 1863 5636 "
1895 5603 2049 5659 Joan.
2080 5619 2151 5666 vl.
2195 5604 2385 5662 67-52.
