3966 6194
256 180 348 236 U7

1311 175 1683 232 novensus
1717 173 2118 232 NESTOBIUM
2158 158 2286 231 Lttz.
2326 175 2413 231 tv.

3354 175 3511 235 ’1⁵98

258 295 492 363 εὐλογίας
517 309 532 323 ·
595 292 735 346 σκιὰ
789 292 899 364 γάρ
941 296 970 347 6
1025 293 1187 366 νόμος
1217 311 1230 324 ·
1284 298 1543 371 ταῦτῃτοι
1584 299 1681 352 καὶ
1722 297 1826 351 λίαπ

1948 298 2187 369 mysticm
2218 297 2642 353 benedictionis:
2697 297 2885 351 umbra
2938 312 3171 369 namque
3232 307 3351 354 erat
3384 289 3541 367 lex,

260 385 511 455 εὒτὲχνως
549 384 581 435 6
612 382 829 454 Κύριος
857 385 1014 456 ἡμῶν
1061 387 1269 457 Ἰησοῦς
1300 387 1536 460 Χριστὸς
1565 406 1836 460 κατασμι-

260 476 428 547 κρύνει
466 476 558 527 τὸν
590 474 793 539 τύπον,
838 476 1156 546 μετασοὸὦν
1194 480 1274 542 είς
1309 479 1587 551 ἀλήθειαν.
1622 480 1698 533 Οῦ
1729 481 1838 552 γάρ

264 568 332 621 τοί
356 584 513 636 φησιν
553 565 777 630 ἐκεῖνος
809 562 950 619 εἶναι
980 562 1103 640 [τοί.
1134 563 1237 640 ἦν]
1270 569 1300 622 6
1326 571 1426 640 τῆς
1467 568 1614 639 ζωῆς
1651 569 1835 639 ἄρτοςν

265 660 364 714 ἀλλ’
404 657 512 727 ἐγὼ
559 657 776 728 μᾶλλον
826 660 855 712 6
898 658 958 724 ἐξ
1008 659 1259 731 οὐρανοῦ,
1302 662 1395 715 καὶ
1448 659 1727 725 ζωοποιῶν
1770 661 1837 714 τὰ
1878 676 1883 679 '

267 753 445 815 πάντα,
482 750 578 805 καὶ
632 752 758 815 τοῖς
788 751 1061 805 ἐσθίουσιν
1102 752 1343 823 ἐμαυτὸν
1381 752 1565 819 ἐνιεὶς,
1609 753 1704 807 κα)⁸
1748 754 1839 807 διὰ

268 844 351 913 τῆς
391 841 686 913 ἑνωθείσης
737 843 863 912 ἐμοὶ
904 843 1136 914 σαρκός·
1187 843 1216 897 ὃ
1255 843 1320 915 δὴ
1363 845 1457 898 καὶ
1502 845 1837 917 σαφέστερον

272 933 418 987 ἐποίει
452 933 660 1002 λέγων’
733 951 752 985 ι
786 932 959 1004 Ἀμὴν
1006 934 1150 1003 λέγω
1198 937 1347 1007 ὑμῖν,
1395 937 1489 990 ἐὰν
1521 936 1594 1008 μὴ
1624 936 1837 1006 φάγητε

273 1025 356 1092 τὴν
386 1025 551 1096 σάρκα
574 1023 673 1078 τοῦ
720 1023 850 1077 Υἱοῦ
883 1023 979 1077 τοῦ
1004 1024 1318 1098 ἀνθρώπου,
1354 1028 1448 1081 καὶ
1481 1027 1639 1099 πίητε
1668 1026 1835 1082 αὐτοῦ

278 1115 327 1168 τὸ
350 1109 490 1184 αἷμα,
515 1116 617 1169 οὐκ
649 1114 817 1185 ἔχετε
847 1114 995 1188 ζωὴν
1031 1118 1091 1169 ὲν
1128 1118 1340 1181 ἑαυτοῖς
1364 1135 1378 1150 ’
1423 1121 1451 1173 6
1477 1118 1704 1190 τρώγων
1732 1137 1833 1191 μου

279 1204 360 1275 τὴν
380 1206 559 1276 σάρκα,
581 1206 685 1258 καὶ
703 1205 877 1259 πίνων
899 1222 1004 1277 μου
1026 1206 1088 1260 τὸ
1108 1200 1266 1276 αἷμα,
1292 1207 1403 1278 ἔχει
1424 1205 1570 1279 ζωὴν
1596 1210 1831 1274 αἰώνιον,

281 1292 408 1363 κάγὼ
429 1296 724 1364 ἀναστήσω
763 1295 929 1349 αὐτὸν
970 1298 1028 1349 ὲν
1066 1300 1132 1368 τῇ
1162 1298 1367 1373 ἐσχάτῃ
1394 1300 1598 1371 ἡμέρᾳ.
1634 1301 1699 1353 Ἠ
1728 1302 1834 1373 γὰρ

286 1384 395 1455 σάρξ
437 1403 530 1454 μου
578 1386 803 1458 ἀληθής
844 1388 965 1441 ἐστι
1008 1386 1243 1457 βρῶσις·
1292 1391 1387 1444 καὶ
1426 1390 1488 1443 τὺ
1526 1386 1668 1462 αἷμά
1709 1409 1830 1462 μου,

283 1476 453 1547 ἀληθής
486 1478 597 1531 ἐστι
629 1479 821 1543 πόσις.
866 1480 925 1532 ’0
957 1479 1188 1551 τρώγων
1221 1499 1323 1552 μου
1356 1483 1456 1555 τὴν
1496 1484 1705 1553 σάρκα,
1739 1485 1834 1538 καὶ

286 1568 423 1620 πίνων
454 1584 543 1639 μου
567 1568 632 1623 τὸ
665 1563 833 1640 αἷμα,
878 1570 939 1622 ὲν
979 1571 1102 1642 ἐμοὶ
1153 1572 1323 1642 μένει,
1366 1572 1521 1642 κάγὼ
1555 1575 1612 1628 ὲν
1657 1574 1827 1646 αὐτῷ.

1944 387 2064 442 ideo
2090 387 2381 457 prudenter
2437 386 2727 441 admodum
2782 386 3043 441 Dominus
3107 396 3294 443 noster
3350 384 3513 445 Iesus

1939 475 2187 533 Christus
2212 487 2394 549 typum
2416 485 2758 555 extenuat,ut
2782 477 2849 531 ad
2873 479 3154 533 veritatem
3187 479 3510 535 transferat.

1939 567 2125 638 Neque
2153 569 2320 634 enim,
2347 568 2544 639 inquit,
2574 566 2665 622 ille
2688 567 2787 622 fuit
2840 571 2995 639 panis
3053 570 3198 637 vitae,
3256 570 3351 625 sed
3410 586 3514 642 ego

1941 660 2117 729 potius
2147 661 2238 727 qui
2270 659 2337 716 de
2360 658 2499 715 calo
2527 674 2668 725 sum,
2697 670 2751 713 et
2784 660 2964 714 omnia
2999 660 3231 727 vivillco,
3265 669 3320 716 ct
3350 677 3434 716 me
3461 665 3511 716 in

1940 753 2329 809 manducantes
2348 753 2510 807 etiam
2543 767 2640 822 per
2670 753 2874 806 unitam
2898 752 3027 806 mihi
3048 748 3269 808 carnem
3298 754 3510 809 insero:

1939 844 2086 913 quod
2124 844 2286 899 etiam
2317 843 2518 899 clarius
2557 842 2809 910 reddidit,
2843 842 3029 897 dicens
3069 859 3083 896 :
3126 859 3144 893 ι
3176 842 3348 897 Amen
3388 844 3511 897 dico

1939 935 2115 1003 vobis,
2151 935 2252 991 nisi
2273 934 2725 990 manducaveritis
2755 949 2972 989 carnem
3028 931 3149 987 Filii
3179 932 3435 997 hominis,
3460 942 3516 988 et

1937 1024 2186 1082 biberitis
2226 1024 2343 1095 ejus
2395 1025 2733 1095 sanguinem,
2768 1039 2872 1079 non
2931 1022 3200 1078 habebitis
3246 1023 3412 1078 vitam
3458 1027 3513 1077 in

1939 1117 2112 1173 vobis.
2132 1116 2233 1183 Qui
2260 1118 2546 1172 manducat
2564 1132 2737 1172 meam
2769 1131 3011 1183 carnem,
3054 1125 3112 1171 et
3155 1116 3291 1171 bibit
3334 1128 3513 1169 meum

1936 1206 2273 1279 sanguinem,
2303 1208 2466 1264 habet
2494 1209 2658 1263 vitam
2706 1219 2988 1271 aeternam,
3021 1216 3076 1263 et
3134 1222 3235 1280 ego
3282 1208 3515 1263 resusci-

1937 1300 2063 1355 tabo
2085 1315 2205 1355 eum
2236 1301 2290 1354 in
2320 1301 2610 1357 novissimo
2632 1300 2737 1356 die.
2777 1299 2909 1354 Nam
2939 1316 3067 1355 caro
3102 1316 3222 1355 mea
3243 1315 3368 1355 vere
3427 1308 3514 1357 est

1934 1395 2109 1459 cibus,
2136 1403 2188 1448 el
2216 1394 2437 1462 sanguis
2467 1409 2618 1449 meus
2640 1408 2767 1449 vero
2795 1402 2881 1448 est
2907 1405 3085 1462 potus.
3127 1393 3229 1461 Qui
3281 1394 3510 1450 mandu-

1935 1495 2022 1541 cat
2051 1500 2223 1540 meam
2249 1499 2490 1551 carnem,
2523 1494 2574 1539 et
2596 1485 2731 1540 bibit
2761 1499 2937 1539 meum
2969 1485 3309 1554 sanguinem,
3343 1484 3394 1538 iu
3426 1498 3512 1539 me

1935 1584 2140 1645 manet,
2168 1586 2222 1631 et
2255 1591 2352 1648 ego
2377 1578 2429 1631 in
2454 1591 2540 1631 eo.
2579 1576 2733 1631 Sicut
2760 1576 2908 1631 misit
2933 1591 3018 1632 me
3041 1578 3226 1631 vivens
3259 1576 3438 1641 Pater,
3456 1584 3511 1631 et

290 1657 450 1723 Καθὼς
480 1660 768 1714 ἀπέστειλέ
799 1677 867 1731 με
899 1664 927 1714 6
952 1660 1060 1726 ζῶν
1086 1662 1294 1735 Πατὴρ,
1323 1663 1478 1733 κάγὼ
1510 1663 1588 1730 ζῶ
1611 1666 1699 1720 διὰ
1737 1666 1826 1720 τὸν

1929 1681 2028 1736 ego
2051 1666 2174 1722 vivo
2206 1674 2427 1736 propter
2452 1665 2697 1734 Patrem;
2735 1675 2792 1721 et
2838 1668 2928 1736 qui
2963 1668 3252 1722 manducat
3299 1682 3404 1731 me,
3455 1676 3511 1721 et

292 1750 489 1821 Πατέρα,
512 1753 601 1806 καὶ
629 1753 662 1804 6
678 1752 915 1824 τρώγων
937 1770 1024 1823 με,
1055 1755 1306 1818 κάκεῖνος
1329 1755 1572 1826 ζήσεται.
1588 1774 1605 1807 ι
1642 1756 1742 1809 Ἀθ
1753 1774 1831 1827 ρει

292 1840 346 1910 δὴ
381 1837 459 1894 οὖν
494 1843 637 1907 ὅπως
671 1845 729 1896 ἐν
762 1846 900 1913 ἡμῖν
942 1845 1113 1915 μένει,
1148 1847 1242 1899 καὶ
1291 1844 1497 1917 φθορᾶς
1539 1848 1832 1916 ἀποφαίνει

298 1932 578 2001 κρείττονας,
606 1936 722 1997 τοῖς
745 1935 1040 2007 ἡμετέροις
1060 1934 1306 2007 σώμασιν
1322 1936 1593 2006 ὲγκαθιεὶς
1615 1938 1828 2005 ἑαυτὸν,

306 2021 521 2094 ﬁdem,
556 2027 650 2079 καὶ
695 2025 785 2079 διὰ
826 2026 929 2096 τῆς
971 2026 1103 2091 ίδίας
1140 2028 1363 2099 σαρκὸς,
1412 2031 1446 2100 ἢ
1493 2029 1585 2083 καὶ
1627 2029 1832 2102 ἀληθής

317 2112 415 2164 ἔστι
437 2113 623 2182 βριῖηις,
650 2118 748 2188 τῆς
775 2118 835 2169 ὲν
871 2118 1022 2189 νόμῳ
1055 2120 1232 2184 σκιᾶς,
1275 2120 1493 2188 καὶτῆς
1517 2122 1636 2173 κατ’
1660 2121 1833 2193 αὐτὴν

322 2202 534 2272 λατρείας
556 2209 642 2260 οὐκ
668 2208 894 2279 ἐχούσης
928 2209 1028 2281 τὴν
1058 2209 1339 2280 ἀλήθειαν.
1385 2212 1495 2266 Καὶ
1541 2214 1570 2266 6
1611 2213 1708 2284 μὲν
1733 2213 1831 2268 τοῦ

313 2297 581 2367 μυστηρίου
598 2299 758 2367 λόγος,
784 2301 986 2365 ἁπλοῦς
1021 2319 1081 2356 τε
1107 2302 1205 2356 καὶ
1232 2302 1461 2374 ἀληθὴς,
1488 2305 1549 2357 οὐ
1570 2306 1833 2371 ποικίλοις

305 2386 498 2440 ἐννοιῶν
531 2391 812 2461 εὑρήμασιν
834 2394 911 2457 είς
947 2393 1274 2467 ἀνοσιότητα
1318 2399 1829 2469 περιειργασμένος,

293 2476 481 2543 ἁπλοῦς
501 2481 573 2543 δὲ,
603 2484 677 2546 ὡς
705 2483 850 2555 ἔφην.
889 2485 1230 2556 Πιστεύομεν
1246 2487 1355 2559 γὰρ
1379 2489 1456 2553 ὡς
1482 2489 1560 2561 τῷ
1588 2490 1832 2562 τεχθέντι

289 2568 363 2622 διὰ
386 2571 473 2640 τῆς
494 2572 648 2641 ἁγίας
678 2575 958 2646 Παρθένου
1005 2576 1239 2648 σώματι,
1276 2579 1457 2652 ψυχὴν
1482 2580 1658 2651 ἔχοντι
1689 2586 1835 2653 λογι-

285 2660 386 2732 κὴν.
416 2664 607 2730 ένώαας
644 2668 835 2721 ἑαυτὸν
861 2670 891 2721 6
921 2671 985 2722 ὲκ
1006 2668 1143 2722 Θεοῦ
1178 2671 1390 2743 Πατρὸς
1412 2672 1584 2741 Λόγος
1603 2690 1618 2705 ο
1652 2676 1830 2749 ἀπόρο

282 2757 420 2824 ρητος
451 2757 503 2810 δέ
534 2774 659 2822 που,
707 2760 805 2814 καὶ
842 2761 1079 2834 μυστικὴ
1125 2762 1344 2827 πάντως
1377 2765 1410 2834 ή
1449 2764 1643 2829 ἓνωσις
1695 2768 1831 2830 ζωο-

281 2844 409 2896 ποιὸν
430 2846 706 2918 ἀπέφηνεν
736 2849 889 2916 αὐτὸ,
921 2851 1036 2922 ζωὴ
1070 2852 1214 2905 κατὰ
1246 2852 1409 2921 φύσιν
1456 2854 1718 2926 ὑπάρχων
1756 2856 1831 2923 ὡς

1932 1756 2049 1826 ipse
2078 1759 2220 1812 vivet
2250 1759 2317 1811 ".
2357 1777 2376 1811 ι
2413 1756 2550 1814 Vide
2566 1758 2728 1829 igitur
2753 1758 3205 1828 quemadmodum
3264 1759 3315 1812 in
3353 1759 3508 1812 nobis

1932 1858 2113 1904 manet
2148 1858 2202 1903 et
2223 1851 2583 1919 corruptionis
2613 1851 2844 1905 victores
2866 1850 3048 1914 edicit,
3083 1851 3207 1904 dum
3234 1864 3293 1905 se
3327 1851 3379 1903 in
3410 1865 3508 1904 no-

1931 1943 2045 1988 stra
2066 1933 2303 1989 demittit
2320 1950 2571 2005 corpora,
2600 1947 2662 1992 ut
2695 1938 2826 2001 dixi,
2854 1939 3016 1992 etiam
3042 1951 3139 2006 per
3184 1952 3337 1992 suam
3381 1953 3505 1992 car-

1931 2040 2076 2091 nem,
2103 2042 2222 2097 qua:
2247 2041 2408 2083 verus
2426 2038 2510 2084 est
2540 2029 2720 2095 cibus,
2746 2045 2869 2085 eum
2895 2029 2980 2083 illa
3008 2029 3193 2099 legalis
3224 2030 3433 2094 umbra,
3452 2039 3507 2083 et

1931 2119 2110 2175 cultus
2139 2135 2234 2191 per
2254 2122 2424 2191 ipsam
2453 2122 2756 2187 institutus,
2794 2139 2899 2179 non
2952 2122 3151 2177 habeat
3193 2124 3502 2177 veritatem.

1931 2211 1996 2267 Et
2025 2213 2276 2285 mysterii
2301 2214 2515 2284 quidem
2536 2216 2673 2270 ratio
2708 2215 2935 2286 simplex
2963 2225 3045 2270 est
3093 2231 3157 2270 ac
3215 2230 3366 2279 vera,
3397 2231 3501 2269 non

1930 2303 2096 2358 variis
2120 2305 2505 2377 cogitationum
2521 2308 2842 2362 commentis
2860 2309 2924 2362 ad
2957 2308 3288 2377 impietatem
3308 2309 3467 2377 exqui
3484 2336 3502 2348 -

1929 2396 2033 2450 site
2055 2397 2372 2466 composita,
2389 2398 2504 2460 sed,
2536 2407 2593 2450 ut
2622 2398 3018 2467 dixi,simplex.
3045 2397 3327 2452 Credimus
3349 2412 3501 2451 nam-

1930 2501 2036 2555 que
2066 2485 2191 2540 illud
2221 2501 2288 2541 ex
2326 2486 2435 2540 Deo
2466 2486 2625 2542 Patre
2652 2486 3046 2551 Verbum,cum
3078 2501 3137 2541 se
3165 2487 3377 2557 corpori
3404 2503 3502 2557 pcl‘

1929 2586 2172 2632 sanctam
2199 2576 2474 2647 Virginem
2504 2578 2669 2645 edito,
2691 2578 3019 2647 habentiqne
3038 2578 3350 2633 rationalem
3382 2580 3466 2632 ani
3485 2607 3500 2619 α

1930 2683 2076 2723 mam
2110 2669 2356 2736 uniisset,
2387 2684 2508 2739 quae
2528 2669 2656 2725 uuio
2693 2669 2978 2725 ineﬂabilts
3027 2686 3247 2740 prorsus
3287 2685 3349 2726 ac
3387 2686 3503 2742 my-

1928 2759 2061 2814 stica
2080 2759 2201 2827 fuit,
2231 2761 2404 2830 ipsum
2436 2776 2631 2831 corpus
2655 2759 2956 2816 reddidisse
2982 2761 3278 2828 vivilicum,
3304 2763 3503 2832 quippe

1929 2864 2050 2904 cum
2078 2852 2340 2914 Verbum,
2363 2862 2548 2923 utpote
2570 2851 2736 2917 Deus,
2779 2853 2887 2907 vita
2908 2854 2979 2907 sit
2998 2856 3297 2925 secundum
3327 2865 3499 2910 natu-

276 2931 404 3037 Θεὸς,
429 2936 509 2990 ἵνα
538 2939 693 3007 ἡμᾶς
723 2939 917 2993 ἑαυτοῦ
946 2940 1207 3011 μετόχους
1236 2943 1539 3010 ἀποτελῶν,
1586 2964 1826 3019 πνευμα-

1933 2957 2071 3007 ram,
2096 2952 2154 2997 ut
2186 2958 2288 2998 nos
2320 2959 2424 2998 non
2452 2942 2679 3013 spiritali
2705 2951 2937 3009 tantum,
2971 2958 3155 2998 verum
3189 2946 3350 2999 etiam
3377 2959 3498 3000 cor-

275 3024 417 3088 τικῶς
452 3044 509 3079 τε
539 3027 663 3099 ἅμα
690 3030 788 3083 καὶ
819 3033 1168 3101 σωματικῶς,
1209 3034 1304 3087 καὶ
1334 3034 1542 3108 φθορᾶς
1572 3038 1824 3113 ἀποφήνῃ

273 3117 575 3185 κρείττονας,
613 3120 710 3173 καὶ
736 3121 837 3191 τῆς
870 3122 1143 3193 ἁμαρτίας
1177 3124 1269 3178 τὸν
1310 3126 1475 3198 νόμον
1504 3129 1597 3183 τὸν
1628 3132 1687 3184 ὲν
1713 3135 1827 3197 τοῖς

275 3206 431 3273 μέλεσι
451 3211 556 3280 τῆς
593 3212 798 3282 σαρκὸς
820 3216 1143 3286 καταργήσῃ
1185 3216 1254 3269 δι’
1288 3219 1506 3285 ἑαυτοῦ,
1538 3225 1825 3295 κατέκρινε

270 3298 351 3366 τὴν
374 3300 649 3371 ἁμαρτίαν
689 3306 748 3356 ὲν
796 3305 979 3376 σαρκὶ,
1033 3307 1177 3360 καθά
1204 3309 1530 3380 γέγραπται.
1585 3314 1825 3369 Ἀνδάνει

270 3387 332 3456 6!,
356 3388 526 3462 οἶμαι,
552 3396 714 3449 ταυτὶ
745 3397 865 3451 κατ’
885 3398 1076 3451 οὐδένα
1103 3398 1305 3468 τρόπον
1325 3401 1403 3471 τῷ
1418 3404 1526 3456 τῶν
1543 3405 1678 3458 νέων
1695 3408 1825 3477 ἡμῖν

269 3478 570 3552 εὐρημάτων
595 3484 955 3558 δογματιστῇ,
972 3487 1030 3550 6;
1052 3481 1142 3541 οἶά
1160 3505 1245 3552 τις
1268 3490 1467 3562 μόσχος
1489 3493 1825 3563 ἀτιμαγέλας

268 3571 344 3624 ἐπὶ
369 3576 526 3643 μόνον
555 3578 694 3631 ίεται
724 3578 783 3632 τὸ
813 3578 954 3632 κατὰ
998 3579 1227 3651 γνώμην
1260 3582 1429 3653 αὐτῷ,
1481 3585 1572 3638 καὶ
1594 3586 1693 3658 τὴν
1726 3588 1822 3642 τοῦ

268 3667 551 3737 μυστηρίου
573 3668 806 3740 δύναμιν
833 3672 1286 3745 κατασμικρύνει,
1326 3673 1500 3743 λέγων
1526 3695 1541 3710 ο

322 3838 607 3912 [Ἄκουσον
653 3850 749 3903 καὶ
785 3849 867 3913 τὸ,
898 3850 1122 3923 Κύριος,
1157 3853 1290 3906 ποτὲ
1327 3853 1447 3923 μὲν,
1479 3855 1573 3909 ἐπὶ
1600 3857 1698 3928 τῆς
1724 3858 1819 3911 ἀν-

265 3938 592 4010 σρωπότητος
624 3941 718 3992 τοῦ
744 3942 985 4011 Χριστοῦ
1004 3955 1019 3971 ⁸
1053 3945 1182 3997 ποτὲ
1207 3945 1288 4012 δὲ,
1323 3947 1417 3999 ἐπὶ
1438 3947 1538 4018 τῆς
1567 3947 1821 4019 θεότητος

264 4027 407 4082 αὑτοῦ
429 4047 446 4059 ·
487 4031 617 4085 ποτὲ
646 4032 725 4093 δὲ,
750 4033 839 4084 ἐπ’
871 4034 1199 4106 ἀμφοτέρων
1232 4037 1503 4107 κείμενον
1543 4056 1562 4090 ι
1598 4039 1820 4106 Ὁσάκις

261 4117 317 4171 ἀν
340 4120 555 4190 ἐσθίητε
584 4122 679 4176 τὸν
707 4125 872 4194 ἄρτον
898 4125 1111 4191 τοῦτον,
1143 4129 1237 4181 καὶ
1265 4128 1329 4182 τὸ
1373 4132 1635 4202 ποτήριον
1660 4132 1819 4188 τοῦτο

261 4212 458 4285 πίνητε,
508 4215 598 4269 τὸν
644 4215 875 4271 θάνατον
925 4218 1021 4272 τοῦ
1070 4221 1277 4293 Κυρίου
1308 4225 1752 4293 καταγγέλλετε.
1793 4246 1813 4279 ι

1928 3033 2099 3102 porali
2131 3034 2292 3088 modo
2321 3034 2403 3088 sui
2424 3034 2713 3103 participes
2729 3031 2973 3096 eﬂectos,
2995 3034 3342 3103 corruptione
3367 3048 3502 3103 pra:-

1928 3122 2219 3177 stantiores
2306 3124 2578 3187 redderet,
2650 3131 2705 3177 et
2778 3130 3036 3177 evacuata
3093 3137 3189 3193 per
3261 3122 3499 3192 seipsum

1927 3214 2131 3283 peccati
2163 3213 2346 3283 legein
2366 3213 2624 3269 membris
2653 3213 2835 3268 carnis
2853 3214 3048 3283 posita,
3071 3215 3352 3268 damnaret
3373 3228 3499 3284 pec-
3548 3278 3553 3285 ρ

1926 3314 2106 3359 catum
2137 3305 2190 3358 in
2215 3319 2401 3366 carne.
2433 3306 2574 3360 sicut
2602 3306 2865 3375 scriptum
2896 3315 2980 3359 est
3004 3305 3072 3359 ’⁷.
3093 3304 3197 3360 Sed
3226 3305 3360 3368 hme,
3394 3305 3500 3361 nisi

1926 3392 2102 3460 fallor,
2141 3404 2328 3449 nostro
2387 3410 2646 3449 novorum
2677 3407 3108 3451 commentorum
3163 3396 3498 3467 dogmatistae

1927 3484 2072 3539 nullo
2091 3487 2249 3540 modo
2277 3485 2607 3556 placent,qui
2640 3496 2895 3559 tanquam
2928 3488 3128 3543 vitulus
3156 3496 3500 3557 contemptor

1923 3578 2274 3648 desertorque
2329 3580 2529 3648 gregis,
2605 3581 2657 3635 in
2708 3580 2763 3635 id
2837 3580 3010 3637 solum
3093 3580 3270 3649 pergit
3354 3579 3498 3649 quod

1925 3667 2026 3722 sibi
2083 3668 2282 3738 placet,
2330 3680 2384 3724 et
2423 3669 2584 3739 hujus
2632 3671 2870 3742 mysterii
2931 3671 3036 3724 vim
3089 3670 3381 3737 imminuit,
3412 3670 3496 3726 di-

1923 3773 2053 3814 cens
2084 3776 2100 3814 ε

1996 3846 2264 3919 [Νεετοιι.
2301 3849 2439 3905 Audi
2466 3852 2627 3905 etiam
2657 3852 2757 3906 hoc
2811 3865 3028 3913 nomen,
3090 3850 3335 3915 Domine,
3391 3852 3495 3906 ali-

1921 3942 2140 4010 quando
2170 3940 2238 3995 de
2269 3942 2601 3996 humanitate
2631 3941 2855 4008 Christi,
2888 3942 3180 4010 aliquando
3209 3942 3277 3996 de
3299 3943 3496 3998 divini-

1920 4045 2031 4092 tate
2046 4036 2185 4105 ejus,
2216 4038 2505 4108 aliquando
2535 4038 2602 4093 de
2631 4048 2867 4106 utroque
2896 4035 3155 4106 positum.
3194 4055 3213 4088 ι
3242 4035 3496 4103 Quoties-

1920 4143 2163 4201 cunque,
2191 4128 2586 4184 manducabitis
2609 4143 2800 4198 panem
2829 4128 2991 4191 hunc,
3049 4135 3104 4181 et
3157 4127 3381 4182 calicem
3414 4130 3496 4185 hi-

1924 4222 2080 4288 betis,
2108 4232 2335 4278 mortem
2370 4220 2577 4276 Domini
2615 4218 3088 4274 aununtiabitis“.
3125 4237 3143 4269 ι
3172 4218 3333 4292 114
3357 4220 3492 4275 Audi

261 4304 514 4359 Ἄκουσον
552 4308 619 4360 ὲκ
662 4308 772 4362 τῶν
823 4313 1253 4382 προηγουμένων
1291 4314 1391 4385 τὴν
1435 4315 1676 4384 ἀμαθίαν
1705 4317 1817 4373 τῶν

1929 4325 1989 4368 ex
2037 4311 2465 4381 praecedentibus
2514 4310 2840 4381 imperitiam
2894 4310 3292 4379 objicientittm,
3350 4313 3493 4379 quod

256 4394 641 4464 ἀντιτιθέντων,
691 4398 769 4461 ὡς
802 4399 1033 4471 ἰσχυρὰν
1082 4401 1517 4469 ἀναγινώσκουσι
1564 4403 1659 4458 τοῦ
1713 4423 1817 4477 μυ-

258 4485 468 4555 στηρίου
518 4486 617 4557 τὴν
669 4487 958 4556 ὠφέλειαν,
1013 4490 1110 4543 καὶ
1152 4490 1296 4554 τίνος
1348 4494 1463 4556 τοῖς
1507 4494 1816 4566 ἀνθρώποις

257 4578 540 4647 παρέχεται
585 4582 687 4648 τὴν
728 4581 1036 4655 ἀνάμνησιν
1055 4599 1069 4615 ο
1126 4584 1219 4637 καὶ
1277 4586 1509 4640 ἄκουσον
1556 4588 1631 4660 μὴ
1681 4588 1815 4658 ἐμοῦ

254 4667 413 4723 ταῦτα
437 4670 707 4739 λέγοντος,
739 4673 877 4728 ἀλλά
907 4675 1005 4728 τοῦ
1040 4677 1318 4748 μακαρίου
1348 4677 1596 4732 Παύλου·
1625 4699 1643 4732 ι
1668 4680 1820 4735 Ὀσάο

255 4774 335 4822 κις
364 4760 569 4833 ὲσθίητε
606 4764 699 4816 τὸν
732 4765 900 4835 ἄρτον
923 4766 1133 4822 τοῦτον.
1169 4786 1189 4818 ι
1229 4768 1343 4821 Οὐκ
1373 4763 1548 4834 εἶπεν,
1582 4771 1814 4837 Ὀσάκις

254 4847 313 4901 ἂν
347 4852 548 4925 ἐσθίητε
577 4855 677 4926 τὴν
717 4856 951 4927 θεότητα
979 4857 1218 4929 ταύτηνο
1248 4859 1439 4923 ὁσάκις
1482 4860 1548 4914 ἂν
1595 4861 1812 4933 ἐσθίητε

254 4939 345 4991 τὸν
372 4942 519 5012 ἄρτον
546 4945 759 5000 τοῦτον.
782 4947 960 5001 Βλέπε
984 4948 1116 5018 περὶ
1145 4948 1240 5003 τοῦ
1278 4950 1527 5022 σώματος
1546 4951 1697 5023 αὐτῷ
1717 4952 1810 5006 τοῦ

254 5032 551 5091 δετιοτικοῦ
594 5039 661 5091 τὸ
706 5041 1091 5111 προκείμενον.
1143 5058 1163 5094 ι
1211 5044 1435 5107 Ὁσάκις
1485 5043 1552 5098 ἂν
1593 5044 1811 5116 ἐσθίητε

255 5123 344 5174 τὲν
378 5123 529 5195 ἄρτον
574 5127 798 5194 τοῦτον,
839 5148 858 5179 ι
898 5123 960 5182 οὗ
1008 5133 1126 5184 ἐστι
1175 5131 1237 5185 τὸ
1284 5131 1446 5202 σῶμα
1491 5134 1806 5189 ἀντίτυπον.

258 5212 466 5285 Ἰδωμεν
491 5216 586 5272 οὖν
615 5220 761 5283 τίνος
788 5222 819 5274 ό
845 5220 1104 5279 θάνατος·
1140 5242 1158 5274 ι
1208 5223 1428 5289 Ὁσάκις
1478 5223 1545 5278 ἂν
1590 5224 1808 5296 ἐσθίητε

258 5302 339 5354 τὸν
359 5306 511 5377 ἄρτον
537 5310 754 5374 τοῦτον,
785 5314 882 5365 καὶ
905 5313 965 5366 τὸ
995 5312 1254 5384 ποτήριον
1286 5313 1450 5367 τοῦτο
1473 5314 1688 5385 πίνητε,
1713 5315 1807 5369 τὸν

255 5392 465 5452 θάνατον
503 5401 598 5454 τοῦ
645 5402 853 5474 Κυρίου
902 5403 1327 5473 καταγγέλλετε.
1358 5423 1376 5456 ι
1413 5405 1678 5460 ΙἌκουσον
1711 5407 1806 5460 καὶ

1927 4401 2357 4457 maximamesse
2385 4400 2565 4472 legant
2585 4402 2743 4470 hujus
2775 4401 3019 4471 mysterii
3071 4401 3386 4467 utilitatem,
3437 4415 3494 4458 et

1925 4492 2080 4563 cujus
2098 4495 2669 4549 commemorationem
2702 4493 3008 4548 hominibus
3064 4492 3295 4548 afferat:
3330 4500 3495 4564 atque

1923 4584 2048 4637 audi
2077 4598 2184 4637 non
2214 4599 2298 4639 me
2331 4586 2445 4640 haec
2474 4585 2766 4649 dicentem,
2808 4585 2902 4638 sed
2948 4582 3167 4637 beatum
3221 4582 3445 4637 Paulum
3469 4602 3489 4641 .-

1927 4690 1949 4725 ι
1984 4673 2420 4743 Quotiescunque
2449 4672 2841 4728 manducabitis
2867 4685 3059 4741 panem
3082 4672 3245 4726 hunc.
3300 4689 3321 4723 ›
3369 4670 3489 4727 Non

1896 4764 2059 4836 .dixit
2096 4764 2356 4831 :Quotics
2377 4764 2770 4819 manducabitis
2785 4762 3116 4818 divinitatem
3145 4762 3313 4825 hanc;
3349 4776 3487 4830 quo-

1921 4857 2021 4912 ties
2048 4856 2443 4912 manducabitis
2468 4871 2657 4924 panem
2688 4856 2852 4912 hunc.
2875 4851 3010 4909 Vide
3029 4855 3096 4909 de
3132 4867 3358 4922 corpore
3382 4851 3487 4909 Do-

1917 4948 2118 5004 minico
2141 4948 2215 5003 illi
2245 4962 2366 5005 esse
2395 4950 2729 5018 propositum
2758 4965 2777 5003 :
2807 4964 2827 4998 ι
2864 4940 3309 5014 Quotiescunque
3330 4960 3486 4999 man~

1914 5041 2182 5097 ducabitis
2213 5056 2404 5110 panem
2462 5041 2625 5104 hunc,
2676 5059 2695 5092 ι
2734 5039 2889 5109 cujus
2930 5045 3014 5094 est
3064 5037 3238 5106 ipsum
3286 5049 3485 5105 corpus

1911 5134 2233 5205 antitypum.
2274 5133 2562 5188 Videamus
2590 5146 2720 5200 ergo
2749 5129 2910 5198 cujus
2955 5141 3137 5182 mors:
3165 5144 3183 5179 ι
3229 5126 3485 5195 Quoties-

1912 5239 2124 5296 cunque
2141 5223 2542 5280 manducabitis
2569 5236 2761 5292 panem
2788 5221 2957 5284 hunc,
2983 5226 3040 5273 et
3061 5217 3288 5274 calicem
3341 5219 3486 5274 hunc

1911 5318 2131 5385 bibetis,
2152 5327 2378 5373 mortem
2410 5314 2618 5371 Domini
2652 5312 3063 5368 annuntiabitis.
3095 5330 3114 5364 ι
3149 5312 3286 5366 Audi
3311 5312 3366 5366 in
3391 5327 3483 5368 se-

1909 5410 2200 5479 quentibus
2233 5409 2504 5479 apertius:
2542 5424 2564 5459 ι
2591 5405 2772 5464 Donec
2800 5405 2980 5464 veniat
3006 5405 3108 5461 ηδ
3141 5403 3273 5473 Quis
3303 5413 3484 5461 autem

318 5572 360 5605 "
381 5576 529 5633 Joan.
560 5595 633 5643 τι,
674 5578 870 5635 54-58.
947 5580 991 5614 ³⁷
1017 5578 1173 5636 Rom.
1207 5595 1323 5648 vnt,
1355 5580 1410 5639 3.
1486 5580 1534 5615 "
1565 5581 1583 5636 Ι
1614 5580 1741 5640 Cor.
1769 5597 1847 5652 ιι,
1878 5582 1968 5640 26.
2044 5582 2089 5616 ”
2112 5583 2243 5643 ibid.
