4002 6192
505 304 596 360 τ99
1491 294 1551 348 S.
1586 290 1860 347 CYlilLlJ
1903 287 2366 343 ALEXANURIM
2408 289 2725 344 ARCIHEI‘.

3632 303 3741 354 εἶυο

493 411 1184 471 venit?\‘idclmutFilium
1214 411 1445 465 hominis
1497 410 1798 464 venientem
1867 408 1919 462 in
1965 421 2060 460 nu-

2170 407 2225 457 ὲν
2251 407 2364 470 τοῖς
2394 407 2591 476 ἐφεξῆς
2620 408 2988 480 φανερώτερον
3010 426 3052 460 ἰ
3091 405 3362 481 Ἀχριςοῦ
3401 411 3550 483 ἔλθῃ.
3591 433 3608 464 ι
3639 416 3738 478 Τίς

494 511 649 564 bibus
679 508 798 561 ru‘li
833 524 951 558 rum
988 505 1155 574 gloria
1189 503 1351 556 multa
1383 503 1438 554 ':
1475 507 1528 553 et
1559 501 1698 568 quod
1743 499 1918 568 majus
1959 507 2062 560 est,

491 612 617 654 ante
687 599 956 668 apostolos
1013 596 1272 665 propheta
1350 593 1688 646 manifestius
1756 591 2063 645 venientem

492 692 748 752 usti-tulit,
778 702 827 744 et
859 691 1075 751 clamat,
1111 691 1175 740 de
1201 684 1399 739 Iudicis
1464 684 1647 736 dicens
1680 696 1694 733 :
1727 699 1745 731 ι
1799 679 2067 734 Videbunt

495 784 547 834 in
578 797 738 850 quem
777 784 1205 847 compunxerunt
1243 775 1284 828 ¹.
1332 791 1350 824 ι
1413 771 1549 839 Quid
1593 769 1893 841 igiturillud
1923 783 2066 822 com-

496 881 748 942 punctum
777 867 897 922 est?
929 866 1122 929 Latus;
1157 864 1295 919 latus
1333 878 1459 918 vero
1519 860 1763 929 corporis
1821 867 1924 925 eSt,
1959 872 2062 911 non

493 959 788 1016 ditinitatis
819 956 838 1028 ]

1169 1219 1320 1276 CAP.
1353 1217 1438 1275 Vl.

569 1367 770 1424 Rursus
799 1382 928 1436 ergo
964 1379 1060 1419 nos
1101 1372 1315 1432 oportet
1365 1358 1610 1414 veritatis
1658 1355 1927 1424 dogmatis
1970 1368 2067 1424 pa-

497 1459 1006 1523 trocinari,ettuis,
1043 1449 1124 1509 vir
1155 1453 1394 1526 egregie,
1429 1453 1607 1508 verbis
1659 1450 1944 1514 obsistere,
2011 1457 2065 1502 et

495 1565 620 1607 ante
649 1563 840 1606 extera
862 1550 1115 1604 studiosis
1141 1548 1268 1601 illud
1295 1544 1530 1616 pra-fari,
1584 1542 1676 1596 tibi
1733 1539 2064 1610 propositum

494 1658 636 1706 esse,
666 1644 717 1696 in
743 1642 903 1709 idque
938 1650 988 1693 te
1017 1639 1300 1692 admodum
1327 1636 1446 1701 niti,
1486 1645 1543 1689 ut
1569 1634 1704 1687 duos
1758 1647 1946 1686 rursus
1978 1645 2065 1684 as-

2167 495 2224 548 δὲ
2249 498 2277 547 6
2308 499 2632 568 ἐρχόμενος;
2671 519 2688 548 ι
2723 499 2979 567 Ὄψονται
3016 500 3106 553 τὸν
3139 501 3266 553 Υίδν
3302 501 3394 554 τοῦ
3449 504 3740 575 ἀνθρώπου

2169 589 2460 660 ἐρχόμενον
2493 592 2583 643 ἐπὶ
2613 591 2721 643 τῶν
2753 591 2994 658 νεφελῶν
3031 591 3126 645 τοῦ
3157 594 3389 664 οὐρανοῦ
3418 597 3556 663 μετὰ
3582 596 3743 666 δόξης

2169 679 2391 749 πολλῆςο
2409 682 2529 734 »καὶ
2555 681 2614 734 τδ
2637 683 2701 751 δὴ
2729 682 2933 750 μεῖζον,
2953 684 3057 752 πρὸ
3084 685 3191 737 τῶν
3219 685 3527 739 ἀποστόλων
3553 688 3580 738 6
3611 705 3742 758 προ-

2170 772 2346 841 φήτης
2375 772 2706 844 σαφέστερον
2746 776 2835 828 τον
2880 777 3171 845 ἐρχόμενον
3203 777 3463 840 δείκνυσι,
3516 780 3609 832 καὶ
3648 780 3714 831 κέ

2168 875 2342 929 κραγε
2388 861 2516 931 περὶ
2556 863 2823 916 Ἰουδαίων
2871 863 3042 933 βοῶν’
3078 887 3094 915 ι
3130 866 3389 933 Ὄψονται
3436 869 3514 929 εἰς
3546 867 3605 918 ὃν
3648 867 3714 931 ἐξ

2169 952 2486 1023 εκέντησαν.
2526 973 2543 1006 ι
2581 955 2676 1019 Τίς
2719 951 2810 1008 οῦν
2843 957 2992 1008 ἔστιν
3022 958 3050 1008 6
3077 957 3388 1025 κεντηθείς⁴
3429 961 3461 1029 ὴ
3498 959 3742 1031 πλευρά·

2169 1043 2379 1116 πλευρά
2411 1044 2488 1112 δὲ,
2528 1044 2797 1116 σώματος,
2828 1047 2887 1099 οὐ
2921 1047 3175 1117 θεότητος
3204 1051 3343 1102 ἐστι.
3369 1047 3390 1121 Ἰ

2754 1227 3007 1281 rimas.
3052 1229 3141 1294 ς’.

2239 1361 2329 1412 Δεῖ
2350 1359 2414 1430 δὴ
2439 1359 2600 1414 πάλιν
2628 1361 2775 1430 ἡμᾶς
2803 1363 2915 1422 τοῖς
2942 1360 3043 1430 τῆς
3071 1361 3328 1430 ἀληθείας
3350 1363 3582 1433 δόγμασι
3614 1384 3744 1419 συν·

2167 1456 2362 1519 ειπείν,
2392 1454 2487 1506 καὶ
2514 1456 2626 1515 τοῖς
2653 1455 2785 1517 σοῖς,
2835 1447 2880 1506 ὦ
2907 1447 3079 1516 οὗτος,
3106 1455 3488 1525 ἀντιφέρεσθαι
3522 1458 3704 1524 λόγοις
3726 1475 3738 1487 ·

2169 1547 2262 1598 καὶ
2304 1545 2409 1616 πρό
2457 1561 2522 1612 γε
2565 1544 2672 1597 τῶν
2719 1545 2895 1598 ἄλλων
2925 1548 3035 1608 τοῖς
3081 1547 3531 1619 φιλακροάμοσιν,
3560 1551 3744 1602 ἐκεῖνο

2168 1639 2378 1703 εἰπεῖν,
2425 1638 2506 1691 ὃτι
2558 1654 2635 1689 σοι
2687 1637 2926 1700 σκοπὸς,
2976 1637 3071 1690 καὶ
3102 1638 3188 1690 διὰ
3220 1639 3455 1707 σπουδῆς
3501 1640 3744 1693 τέθειται

495 1751 643 1788 seras
659 1733 928 1793 Christus,
953 1730 1148 1798 quibus
1179 1729 1404 1784 seorsim
1430 1725 1716 1782 conveniat
1743 1721 2063 1777 dominatio.

2178 1729 2375 1800 πολλῆς
2395 1769 2409 1794 ,
2454 1728 2546 1780 δύο
2577 1728 2640 1798 δὴ
2668 1727 2829 1780 πάλιν
2878 1728 3154 1798 ἀποφῆναι
3197 1731 3463 1798 Χριστοίις
3484 1771 3500 1794 ,
3535 1725 3614 1794 οἷς
3645 1733 3747 1784 καὶ

496 1827 580 1879 nis
631 1824 942 1892 appellatio.
993 1822 1145 1887 Quod
1220 1827 1400 1874 autem
1452 1815 1856 1887 imperitissime
1917 1813 1971 1866 in
2012 1812 2060 1865 id

495 1917 810 1981 contemlas,
849 1931 955 1970 non
989 1913 1369 1968 multolahore
1419 1927 1450 1966 a
1507 1910 1662 1964 nobis
1726 1906 2058 1962 ostendetur.

497 2009 628 2061 Nam
677 2009 926 2078 agedum,
957 2021 1188 2075 expone,
1237 2019 1438 2073 qurcso,
1503 2015 1790 2072 quemnam
1840 1998 2065 2053 definias

495 2101 792 2162 Christum,
827 2101 978 2168 cujus
996 2108 1049 2153 et
1108 2097 1495 2151 humanitatem
1565 2104 1621 2148 et
1656 2093 1912 2147 deitatem
1943 2103 2064 2144 esse

496 2195 630 2247 dii-is
657 2211 670 2246 :
703 2192 970 2260 siquidem
1011 2191 1137 2245 illud
1161 2205 1224 2243 ex
1251 2189 1357 2242 Deo
1389 2187 1544 2240 Patre
1597 2183 1851 2248 Verbum,
1880 2191 2064 2251 aperte

497 2285 753 2340 fateberis
783 2285 1031 2338 eumdem
1053 2297 1173 2336 esse
1195 2283 1358 2336 etiam
1389 2279 1659 2334 hominem
1689 2275 1890 2345 :ipsius
1918 2273 2060 2327 enim

495 2391 613 2429 esse
644 2375 1030 2428 humanitatem
1058 2372 1241 2426 dixisti
1285 2388 1298 2423 :
1339 2372 1423 2424 sin
1449 2371 1596 2424 illum
1643 2382 1709 2423 ex
1747 2365 2066 2433 Virgine,ut

498 2467 610 2535 ipse
640 2466 862 2528 asseris,
891 2465 1138 2518 Cllllldelll
1165 2462 1512 2516 nihilominus
1557 2475 1678 2513 esse
1701 2458 1861 2511 etiam
1901 2455 2062 2508 Deum

497 2559 874 2628 pronuntiasse
903 2554 1242 2609 convinceris
1273 2567 1290 2604 :
1325 2551 1491 2619 ipsius
1543 2549 1687 2603 enim
1722 2563 1846 2601 esse
1882 2545 2062 2598 dixisti

494 2647 657 2708 etiam
683 2646 960 2700 deitatem.
1020 2641 1266 2710 Undique
1327 2641 1490 2710 igitur
1539 2637 1848 2707 compulsus
1900 2637 2064 2690 etiam

496 2737 694 2790 invitus
755 2737 822 2790 ad
871 2736 1179 2797 veritatem,
1237 2747 1401 2785 unum
1464 2731 1744 2784 nobiscum
1807 2727 2067 2782 conﬁtere

496 2825 767 2879 Christum
801 2834 856 2877 et
885 2825 1202 2888 Dominum;
1241 2822 1568 2890 sicnatnqne
1597 2819 1778 2874 dicere
1809 2818 2063 2873 desines:

502 2935 521 2966 ι
543 2917 677 2968 Audi
704 2916 864 2969 etiam
885 2917 986 2968 hoc
1011 2930 1224 2976 nomen,
1250 2915 1525 2977 Dominus,
1554 2913 1841 2981 aliquando
1870 2913 1936 2967 de
1969 2913 2058 2966 hu~

498 3011 759 3062 manitate
785 2989 1012 3071 Christi,
1070 3005 1360 3075 aliquando
1419 3007 1485 3058 de
1541 3005 1823 3058 divinitate
1875 3003 2064 3072 ipsius,

2168 1821 2274 1874 ἀνὰ
2320 1821 2486 1890 μέρος
2517 1819 2809 1890 ἁρμόσειεν
2858 1818 2925 1872 ἂν
2960 1821 2991 1889 ἡ
3024 1819 3122 1889 τῆς
3173 1821 3491 1890 κυριότητος
3523 1821 3743 1891 κλῆσις.

2181 1909 2557 1980 Ἀμαθέστατα
2604 1907 2660 1960 δὲ
2701 1908 2797 1960 καὶ
2862 1908 3000 1978 πρός
3049 1925 3111 1975 γε
3157 1909 3314 1962 τοῦτο
3365 1908 3480 1972 ίὼν,
3530 1911 3592 1965 οὐ
3643 1911 3746 1961 σῦν

2169 2001 2354 2072 ίδρῶτι
2399 1998 2596 2072 μακρῷ
2636 1999 2771 2070 πρὸς
2820 1999 2974 2070 ἡμῶν
3024 1997 3382 2069 δειχθήσεται.
3427 2001 3562 2070 Φέρε
3609 2000 3745 2070 γὰρ,

2166 2093 2430 2164 ἐρωμένῳ
2456 2093 2681 2163 φράσον,
2716 2093 2867 2144 ποῖον
2896 2091 3007 2161 ἄρα
3032 2091 3240 2163 διορίζῃ
3269 2093 3520 2163 Χριστὸν,
3557 2089 3618 2147 οῦ
3645 2094 3747 2146 καὶ

2169 2187 2268 2254 τὴν
2298 2183 2698 2255 ἀνθρωπότητα
2725 2184 2819 2235 καὶ
2851 2182 2952 2251 μέν
2981 2199 3061 2234 τοι
3093 2183 3189 2234 καὶ
3215 2182 3312 2254 τὴν
3344 2182 3571 2252 θεότητα
3601 2179 3747 2236 εἶναι

2167 2277 2304 2345 φής’
2335 2276 2383 2327 εί
2417 2275 2514 2344 μὲν
2567 2273 2654 2325 τὸν
2685 2274 2748 2326 ἐκ
2776 2272 2907 2325 Θεοῦ
2937 2272 3150 2344 Πατρδς
3181 2273 3375 2340 Λόγον.
3411 2273 3747 2344 διωμολόγηο

2168 2383 2269 2430 κας
2311 2365 2555 2437 ἐναργῶς
2587 2366 2677 2418 τὸν
2712 2364 2874 2417 αὑτὸν
2905 2359 3045 2417 εἶναι
3089 2366 3182 2417 καὶ
3224 2365 3539 2435 ἄνθρωπον’
3573 2365 3742 2418 αὑτοῦ

2168 2459 2277 2528 γὰρ
2307 2459 2441 2528 ἔφης
2467 2457 2564 2529 τὴν
2600 2457 3030 2528 ἁνθρωπότητα⁶
3068 2459 3118 2510 εἰ
3163 2458 3219 2511 δὲ
3247 2457 3336 2512 τὸν
3369 2460 3432 2513 ἐκ
3459 2459 3557 2526 τῆς
3594 2459 3744 2527 Παρο

2169 2550 2322 2604 θὲνου
2376 2549 2518 2602 κατὰ
2568 2549 2626 2601 σὲ
2651 2589 2664 2615 ,
2704 2548 2795 2601 τὸν
2838 2549 3000 2604 αὑτὸν
3046 2551 3198 2604 οὐδὲν
3233 2546 3390 2620 ἦττον
3423 2549 3600 2617 ἀλώσῃ
3641 2551 3739 2602 καὶ

2168 2641 2298 2694 Θεὸν
2332 2641 2615 2711 ἀποφήνας
2637 2658 2650 2672 ο
2699 2641 2862 2693 αὐτοῦ
2893 2642 3000 2713 γὰρ
3029 2642 3163 2711 ἔφης
3192 2637 3326 2695 εἶναι
3361 2641 3450 2693 καὶ
3483 2639 3582 2709 τὴν
3614 2639 3740 2690 (:56-

2167 2749 2324 2802 τητα.
2351 2730 2690 2800 Πανταχόθεν
2717 2731 2783 2801 δὴ
2807 2728 2902 2784 οῦν
2931 2731 3346 2799 συνωθούμενος,
3376 2729 3471 2782 καὶ
3500 2729 3742 2799 ἀϐουλὴ-

2168 2840 2277 2888 τως
2308 2825 2387 2887 είς
2413 2822 2694 2894 ἀλήθειαν,
2726 2823 2821 2876 ἕνα
2849 2821 2967 2893 μεθ’
3007 2822 3159 2893 ἡμῶν
3203 2823 3452 2892 ὁμολόγει
3501 2822 3740 2891 Χριστὸν

2171 2917 2269 2971 καὶ
2302 2917 2526 2987 Κύριον.
2567 2914 2833 2986 Πεπαύσῃ
2859 2914 2967 2986 γὰρ
2991 2913 3131 2968 οὕτω
3159 2914 3353 2981 λέγων·
3374 2913 3664 2967 «Ἄκουσον
3683 2913 3741 2967 δὲ

2171 3011 2264 3063 καὶ
2288 3011 2370 3076 τὸ,
2400 3009 2626 3078 Κύριος,
2655 3008 2786 3060 ποτὲ
2812 3009 2933 3077 μὲν,
2965 3007 3056 3060 ἐπὶ
3075 3007 3171 3077 τῆς
3200 3005 3618 3078 ἁνθρωπότητος
3645 3005 3740 3059 τοῦ

496 3103 784 3172 aliquando
817 3102 882 3156 de
909 3111 1137 3167 utroque
1167 3101 1400 3164 positum
1432 3117 1488 3151 ε»
1541 3113 1664 3154 nam
1701 3099 1787 3152 ubi
1817 3113 1958 3152 unus
1981 3107 2063 3152 est

2174 3103 2412 3172 Χριστοῦ
2430 3119 2443 3134 ·
2479 3103 2608 3156 ποτὲ
2635 3101 2714 3166 δὲ,
2744 3103 2836 3154 ὲπὶ
2861 3101 2960 3170 τῆς
2993 3099 3244 3169 θεότητος
3276 3099 3438 3151 αὑτοῦ
3458 3116 3472 3130 ο
3507 3099 3633 3151 ποτὲ
3658 3098 3736 3164 δὲ,

499 3195 685 3258 Filius,
721 3194 990 3262 quomodo
1020 3193 1197 3246 locum
1225 3193 1450 3256 haheat,
1480 3194 1544 3245 de
1576 3201 1804 3259 utroque
1843 3188 2064 3243 dicere?

497 3287 633 3351 Quid
665 3296 841 3338 autem
870 3283 1120 3351 estquod
1149 3282 1292 3336 rides
1355 3296 1448 3335 eos
1491 3282 1580 3349 qui
1633 3281 1872 3335 divinum
1932 3279 2060 3334 illud

499 3375 812 3444 mysterium
845 3382 1086 3427 nostrum
1113 3373 1470 3434 admirantur,
1491 3372 1808 3440 impiissime
1827 3371 2019 3424 dicens
2043 3384 2060 3426 :

505 3486 521 3516 ι
563 3468 1000 3534 Quotiescunque
1036 3465 1428 3520 mauducabitis
1451 3479 1640 3533 panem
1672 3465 1834 3527 hunc,
1857 3462 2061 3516 ctcali-

506 3575 523 3606 ι
563 3571 676 3610 rem
698 3557 836 3609 hunc
879 3556 1092 3620 bibetis,
1115 3569 1342 3609 mortem
1367 3555 1572 3609 Domini
1603 3553 2012 3607 annuntiabitis.
2035 3571 2056 3605 ι

503 3645 659 3716 115
691 3648 912 3700 Audies
948 3646 1374 3716 praecedentibus
1426 3646 1750 3714 imperitiam
1801 3645 2062 3713 objicien-

502 3737 801 3805 timn,quod
817 3737 1103 3790 maximam
1117 3752 1235 3791 esse
1248 3736 1423 3806 legant
1438 3737 1675 3808 mysterii
1694 3737 1851 3807 hujus
1866 3735 2065 3790 utilita-

500 3840 691 3890 tem,et
709 3830 860 3896 cujus
883 3829 1190 3883 hominibus
1207 3829 1776 3884 commemorationem
1797 3827 2010 3884 afferat.
2036 3846 2056 3879 ι

497 3921 636 3974 Nihil
671 3935 798 3990 ergo
827 3920 1028 3988 egregii
1071 3918 1233 3972 habet
1279 3919 1557 3973 incruenta
1611 3918 1697 3972 illa
1734 3919 1973 3984 victima,
2009 3929 2063 3973 et

495 4015 741 4081 exiguam
773 4011 1061 4064 admodum
1085 4010 1369 4064 utilitatem
1393 4009 1570 4077 affert,
1601 4019 1655 4064 et
1685 4011 1928 4064 utilitatis
1953 4010 2060 4063 vim

494 4105 792 4160 continebit
824 4119 992 4172 usque
1021 4118 1085 4158 eo
1115 4103 1395 4167 duntaxat,
1425 4113 1484 4157 ut
1511 4104 1890 4157 annuntiemus
1919 4117 2064 4156 mor-

497 4207 599 4252 tem
630 4197 886 4261 hominis,
920 4205 976 4249 et
1005 4196 1162 4250 unius
1194 4210 1226 4250 e
1255 4205 1440 4250 nostro
1471 4207 1694 4248 numero
1729 4207 2060 4247 commemo-

498 4288 758 4340 rationem
789 4286 1072 4340 faciamus.
1102 4285 1360 4340 Mentitur
1390 4299 1518 4355 ergo
1551 4285 1679 4337 dum
1719 4285 1844 4337 illud
1884 4283 2059 4336 viviti-

495 4391 615 4430 cum
647 4375 776 4428 dicit
805 4376 895 4443 qui
931 4375 1145 4428 mentiri
1180 4390 1284 4429 non
1321 4374 1490 4437 novit,
1526 4374 1626 4427 hoc
1663 4384 1746 4427 est
1768 4373 2011 4428 Christus
2043 4391 2055 4426 :

2170 3195 2257 3248 ἐπ’
2291 3195 2615 3264 ἀμφοτέρων
2652 3193 2931 3262 κείμενονο
2966 3210 2984 3243 ι
3013 3191 3141 3245 ἔνθα
3167 3196 3273 3261 γὰρ
3296 3191 3420 3253 Υἱὸς
3456 3186 3556 3253 εἷς,
3592 3193 3739 3243 ποῖον

2170 3284 2236 3338 ἂν
2282 3285 2395 3355 ἔχοι
2435 3285 2598 3336 τόπον
2647 3285 2728 3350 τὸ,
2761 3283 2846 3336 ἐπ’
2884 3285 3086 3353 ἀμφοῖν
3131 3285 3334 3348 είπεῖν;
3368 3283 3738 3352 Καταμειδιᾷς

2169 3376 2226 3430 δὲ
2281 3375 2506 3430 ἀνθότου
2553 3375 2664 3428 τῶν
2705 3375 2767 3428 τὸ
2802 3374 2943 3428 θεῖον
2987 3374 3144 3445 ἡμῶν
3174 3373 3595 3442 τεθαυμακότων
3641 3390 3740 3442 μυ·

2172 3469 2416 3540 στήριον,
2456 3465 2800 3520 ἀνοσιώτατα
2845 3465 3048 3532 λέγων’
3087 3483 3106 3516 ι
3147 3465 3371 3527 Ὀσάκις
3413 3465 3477 3518 ἂν
3526 3463 3740 3534 ἐσθίητε

2173 3578 2193 3610 ι
2221 3559 2310 3612 τὸν
2327 3559 2489 3628 ἄρτον
2507 3558 2716 3622 τοῦτον,
2745 3558 2838 3610 καὶ
2867 3557 2928 3609 τὸ
2953 3557 3208 3626 ποτήριον
3238 3556 3397 3609 τοῦτο
3415 3557 3622 3626 πίνητε,
3648 3555 3741 3609 τὸν

2176 3669 2193 3701 ι
2209 3651 2437 3704 θάνατον
2456 3649 2549 3704 τοῦ
2569 3649 2775 3720 Κυρίου
2795 3650 3188 3718 καταγγέλλετε
3209 3667 3256 3714 ;›
3270 3650 3435 3701 Ἀκου
3445 3666 3532 3701 σον
3548 3651 3610 3703 ὲκ
3632 3648 3741 3701 τῶν

2171 3743 2598 3814 προηγουμένων
2640 3743 2742 3813 τὴν
2799 3743 3038 3812 ἀμαθίαν
3090 3741 3197 3797 τῶν
3260 3740 3599 3805 ἀντιθέντων,
3661 3739 3740 3801 ὡς

2173 3834 2399 3905 ἰσχυρὰν
2461 3833 2893 3902 ἀναγινώσκουσι
2939 3832 3030 3885 τοῦ
3092 3831 3388 3901 μυστηρίου
3445 3830 3543 3901 τὴν
3591 3829 3740 3896 ὠφέ-

2168 3927 2337 3991 λειαν,
2393 3925 2487 3979 καὶ
2554 3925 2699 3987 τίνος
2751 3927 2891 3997 τοῖς⁸
2925 3923 3234 3994 ἀνθρώποις
3293 3921 3588 3991 παρέχεται
3636 3920 3739 3990 τὴν

2169 4020 2497 4089 ἀνάμνησιν.
2534 4035 2553 4068 ι
2591 4017 2760 4070 Οὐδὲν
2790 4013 2883 4069 οὖν
2908 4017 3015 4088 ἄρα
3044 4016 3104 4068 τὸ
3135 4013 3410 4084 ἐξαίρετον
3439 4014 3538 4082 τῆς
3580 4014 3740 4065 ἀναι-

2171 4112 2380 4182 μάκτου
2429 4110 2653 4176 θυσίας,
2685 4110 2871 4180 ὄνησις
2902 4109 2956 4161 δὲ
3005 4107 3198 4178 κομιδῆ
3249 4105 3477 4179 σμικρὰ,
3508 4104 3600 4158 καὶ
3637 4105 3741 4175 τῆς

2168 4203 2436 4271 ὠφελείας
2465 4202 2562 4274 τὴν
2606 4203 2837 4272 δύναμιν
2891 4202 3236 4273 περιποιήσει
3263 4201 3402 4270 τάχα
3437 4215 3539 4251 που
3576 4197 3740 4268 μέχρι

2167 4294 2232 4365 δὴ
2281 4295 2443 4364 μόνου
2489 4295 2581 4347 τοῦ
2627 4293 2981 4361 καταγγεῖλαι
3028 4293 3119 4346 τὸν
3165 4289 3453 4361 ἀνθρώπου
3490 4290 3737 4353 θάνατον,

2171 4386 2266 4437 καὶ
2297 4385 2404 4438 τῶν
2431 4385 2555 4438 καθ’
2581 4387 2730 4456 ἡμᾶς
2773 4385 2890 4448 ἑνὸς
2921 4382 3246 4456 ποιήσασθαι
3287 4383 3386 4453 τὴν
3413 4382 3734 4451 ἀνάμνησιν.

493 4467 700 4536 decepti
725 4481 822 4520 nos
853 4467 1015 4520 etiam
1045 4482 1254 4530 sumus,
1288 4481 1476 4520 vanam
1521 4467 1585 4520 de
1631 4466 1721 4519 illo
1751 4466 2058 4534 opinionem

2175 4477 2384 4532 Οὐκοῦν
2419 4453 2760 4545 διαψεῦδεται
2795 4453 3057 4541 ζωοποιὸν
3100 4475 3228 4528 αὐτὸ
3272 4474 3464 4541 λέγων,
3494 4474 3522 4524 6
3549 4471 3740 4540 ψεύδεο

493 4560 783 4625 habentes;
816 4572 958 4614 nunc
996 4559 1158 4612 etiam
1189 4573 1318 4613 sero
1353 4559 1438 4612 vix
1477 4559 1688 4613 tandem
1729 4562 1795 4613 ad
1823 4561 2066 4617 veritatis

495 4653 856 4708 inventionem
888 4653 1356 4722 perductisumus,
1381 4652 1466 4706 ubi
1501 4653 1552 4706 in
1584 4661 1707 4708 tuos
1738 4655 1832 4708 hos
1856 4669 2068 4708 sermo-

493 4760 590 4800 nes
637 4743 948 4798 incidimus.
997 4741 1104 4796 Sed
1157 4743 1255 4797 tibi
1299 4745 1438 4798 hanc
1484 4746 1810 4799 sententiam
1849 4742 2069 4814 eligenti

491 4836 866 4909 propheticum
913 4835 1040 4890 illiti]
1075 4849 1105 4887 a
1153 4834 1309 4890 nobis
1347 4836 1614 4892 referetur
1661 4857 1674 4892 :
1713 4857 1730 4890 ι
1772 4838 1910 4896 Ecce
1960 4855 2065 4895 non

490 4941 614 4986 sunt
639 4933 781 4988 oeuli
809 4932 886 4986 tui
918 4947 1095 5002 neque
1127 4947 1222 4987 cor
1250 4941 1397 4984 tuum
1423 4931 1619 4985 bonum
1643 4929 1684 4985 ³.
1720 4948 1738 4983 ι
1767 4930 1881 4985 Non
1917 4931 2060 4985 enim

493 5019 762 5090 intelligit,
795 5021 921 5074 dum
959 5020 1345 5074 anmmtiamus
1374 5019 1572 5073 Christi
1615 5031 1863 5086 mortem,
1895 5030 1952 5074 et
1981 5020 2064 5074 in-

492 5124 653 5177 super
691 5112 809 5180 ejus
843 5113 1295 5166 resurrectionem
1340 5111 1682 5177 contitemur,
1711 5121 1765 5166 et
1801 5127 1867 5167 ex
1897 5127 1960 5167 ea
2001 5125 2061 5168 re

494 5199 876 5268 perfectionem
910 5203 1030 5258 Iidei
1054 5204 1460 5273 conseqninmr,
1485 5203 1680 5258 deinde
1700 5203 1894 5261 divina:
1921 5205 2069 5260 illius

492 5301 696 5346 naturae
724 5295 1015 5364 participes
1049 5295 1225 5352 et’l‘ecti
1250 5297 1296 5362 δ,
1324 5297 1656 5352 consortium
1691 5298 1918 5354 unitatis
1949 5299 2067 5368 ejus

461 5383 864 5450 adipiscimur,
913 5388 1229 5455 spiritaliter
1272 5388 1434 5445 simul
1463 5399 1518 5443 et
1553 5389 1913 5461 corporaliter
1939 5405 2069 5445 san-

490 5473 714 5527 ctiﬁcari
783 5488 848 5530 ac.
881 5477 1162 5534 viviﬁcari.
1206 5499 1224 5532 ι
1267 5479 1495 5551 Oportet
1516 5481 1671 5551 enim
1713 5480 2068 5553 corruptibile

572 5694 584 5723 ³
616 5697 802 5752 Matth.
838 5715 982 5768 xxiv,
1005 5701 1094 5754 50.
1169 5705 1187 5733 '
1219 5703 1447 5759 Zachar.
1487 5720 1580 5769 xu,
1616 5706 1699 5763 l0.

1781 5708 2017 5766 'Jerem.
2051 5713 2298 5782 “11,47.

2171 4571 2295 4624 σθαι
2328 4570 2402 4641 μὴ
2437 4569 2614 4634 εἰδὼς,
2647 4568 2893 4622 τουτέστι
2918 4567 3150 4639 Χριστός
3169 4584 3182 4598 ·
3210 4563 3653 4634 πεφενακίσμεθα
3676 4564 3738 4616 δὲ

2168 4664 2263 4716 καὶ
2288 4664 2470 4736 ἡμεῖς.
2501 4661 2715 4716 είκαίαν
2762 4660 2974 4730 ἔχοντες
3000 4659 3087 4713 ἐπ’
3113 4657 3260 4727 αὐτῷ
3290 4656 3388 4726 τὴν
3413 4655 3598 4719 δόξανο
3635 4671 3740 4706 πε-

2168 4755 2524 4826 ποδηγήμεθα
2548 4754 2604 4806 δὲ
2636 4755 2731 4806 νῦν
2763 4752 2864 4821 ὀψέ
2890 4768 3018 4805 ποτε
3045 4751 3139 4804 καὶ
3165 4749 3319 4819 μόλις
3344 4748 3428 4810 είς
3480 4744 3741 4817 ἀληθείας

2169 4845 2418 4916 εὕρεσιν,
2474 4845 2713 4898 τουτοισὶ
2766 4847 2880 4906 τοῖς
2931 4845 3044 4904 σοῖς
3101 4839 3484 4912 περιτυχόντες
3536 4837 3736 4904 λόγοις.

2184 4937 2347 4991 Ἀλλά
2375 4955 2458 4990 σοι
2491 4939 2645 4991 ταυτὶ
2675 4937 2896 5006 φρονεῖν
2923 4934 3202 5006 ᾑρημένῳ,
3237 4933 3375 5002 πρὸς
3398 4933 3431 5002 ή
3441 4929 3556 5000 μῶν
3586 4929 3738 4997 εἴρηο
3787 4942 3799 4950 ’

2169 5047 2258 5084 ται
2284 5029 2346 5082 τὸ
2368 5030 2456 5082 διὰ
2487 5029 2586 5100 τῆς
2616 5030 2894 5100 προφήτου
2923 5026 3108 5096 φωνῆς
3129 5042 3142 5056 ο
3186 5043 3204 5075 ι
3228 5024 3356 5077 Ἰδοὺ
3391 5024 3490 5076 οὐκ
3519 5021 3656 5074 εἰσὶν
3685 5017 3738 5072 οἱ

2168 5121 2436 5192 ὀφθαλμοί
2483 5137 2599 5185 σου,
2650 5118 2770 5173 οὐδὲ
2810 5117 3072 5189 ήκαρδία
3117 5132 3210 5171 σου
3249 5114 3407 5184 καλή.
3445 5132 3466 5166 ι
3511 5112 3738 5182 Συνίησι

2162 5215 2272 5287 γὰρ
2298 5214 2569 5285 οὐδαμῶς,
2621 5215 2702 5267 ὅτι
2753 5212 2846 5266 τὸν
2880 5212 3110 5268 θάνατον
3145 5208 3603 5277 καταγγέλλοντες
3639 5204 3736 5258 τοῦ

2163 5307 2422 5378 Χριστοῦ,
2473 5305 3004 5378 προσομολογοῦντες
3048 5303 3106 5357 δὲ
3150 5303 3248 5373 τὴν
3285 5301 3601 5364 ἀνάστασιν,
3644 5299 3738 5350 καὶ

2162 5397 2262 5470 τὴν
2312 5400 2371 5452 ὲν
2418 5399 2601 5451 πίστει
2649 5397 2928 5450 τελείωσιν
2969 5395 3056 5449 διὰ
3104 5394 3293 5448 τούτου
3341 5389 3735 5461 κερδαίνοντες.

2165 5483 2286 5542 εἶτα
2312 5489 2409 5559 τῆς
2439 5487 2590 5549 θείας
2619 5487 2787 5541 αὐτοῦ
2809 5485 3024 5556 φύσεως
3048 5482 3292 5538 κοινωνοὶ
3318 5479 3622 5550 γεγονότες,
3643 5473 3739 5528 καὶ

2378 5711 2396 5742 ⁸
2430 5710 2467 5765 Il
2499 5709 2612 5765 Pet.
2646 5725 2684 5774 ι,
2722 5709 2776 5762 4.
