3966 6194
310 247 393 320 tot
1280 244 1674 318 ‘ADVERSUS
1713 242 1876 320 NEs'i

1951 244 2118 322 inim
2159 261 2288 324 LIB.
2336 267 2399 323 ιτ.
3406 265 3517 339 εον

307 379 382 430 διὰ
405 372 488 427 τοῦ
532 370 855 442 μεταλαχεῖν
889 372 987 441 τῆς
1017 372 1152 450 πρός
1187 373 1350 428 αὐτὸν
1378 377 1645 448 ἑνότητος,
1680 395 1852 431 mea,

1957 383 2058 439 hoc
2089 384 2312 441 induere
2334 387 2812 456 incorruptionem,
2844 399 2896 444 et
2917 377 3141 447 mortale
3168 393 3273 447 hoc
3291 395 3516 451 induere

309 466 525 538 ματικῶς
557 479 613 515 τε
651 464 767 532 ἅμα
801 463 895 515 καὶ
944 465 1273 534 σωματικῶς
1324 465 1698 538 ἀγιαζόμεθα,
1751 471 1846 523 καὶ

1952 474 2406 530 immortalitatem
2427 478 2470 528 '.
2513 496 2532 530 ι
2581 475 2954 533 Indumentum
2989 492 3167 536 autem
3196 481 3261 538 de
3287 484 3428 539 coelo
3461 492 3516 541 et

308 552 709 624 ζωοποιούμεθα.
759 573 778 604 ι
811 556 904 606 Δεῖ
936 555 1042 624 γάρ
1070 555 1131 607 τὸ
1163 556 1400 627 φθαρτὸν
1429 559 1586 612 τοῦτο
1620 559 1847 614 ἐνδύσα-

1951 564 2356 636 incorruptibile
2385 573 2440 624 et
2470 569 2926 626 immortalitatem
2961 572 3199 629 eﬂicicns
3225 575 3399 632 factus
3431 588 3517 632 est

311 652 414 704 σθαι
449 648 775 718 ἀφθαρσίαν,
827 649 922 701 καὶ
968 649 1028 701 τὸ
1076 647 1269 719 θνητὸν
1317 650 1474 705 τοῦτο
1526 652 1846 707 ἐνδύσασθαι

1950 657 2103 713 nobis
2127 659 2406 726 Christus;
2439 661 2580 729 quod
2610 662 2957 718 beatissimus
2988 663 3187 719 Paulus
3209 666 3509 731 'conlirmat,

308 741 592 794 ἀθανασίαν.
625 739 904 809 »Ἄμφιον
922 739 979 792 δέ
1010 739 1071 792 τὸ
1104 738 1164 804 ἐξ
1186 741 1245 793 οὐ
1257 742 1418 812 ρανοῦ
1447 745 1540 796 καλ⁸
1569 742 1847 812 ἄφθαρτον

1948 763 2091 804 nunc
2112 751 2325 819 quidem
2349 753 2596 840 scribeps
2626 767 2641 804 :
2676 770 2695 804 ι
2724 754 2931 808 lnduite
2958 753 3242 809 Dominum
3272 767 3512 812 nostrmn

308 836 384 885 καὶ
407 830 694 892 ἀθανασίας
723 831 1082 900 ἐμποιητικὸν
1109 832 1337 900 γέγονεν
1365 835 1497 904 ἡμῖν
1521 836 1550 886 ὁ
1569 835 1807 906 Χριστός
1829 850 1840 862 ’

1945 837 2127 893 'Jesum
2169 839 2444 896 Christum
2480 830 2548 907 οξ
2585 861 2602 894 ι
2651 859 2793 898 nunc
2827 857 2958 898 vero
3001 863 3017 900 :
3058 863 3079 897 ι
3109 846 3424 916 Quicunque
3460 849 3511 902 in

309 927 383 977 καὶ
414 923 735 976 πιστώσεται
768 922 996 992 γράφων
1035 924 1065 975 ό
1100 923 1390 994 ἱερώτατος
1432 926 1641 990 Παῦλος
1663 943 1676 954 '
1715 926 1843 980 ποτὲ

1949 928 2219 984 Christum
2248 931 2498 1001 baptizati
2529 933 2686 998 estis,
2710 933 2987 990 Christum
3028 935 3278 993 indniSIis
3303 938 3364 1003 7;
3395 956 3415 989 ι
3448 938 3515 992 il'-‘

312 1016 421 1087 μὲν,
461 1016 536 1067 ὅτι
591 1033 608 1064 ι
650 1013 980 1068 Ἐνδύσασθε
1030 1015 1120 1068 τὸν
1168 1015 1372 1086 Κύριον
1424 1018 1579 1087 ἡμῶν
1639 1017 1844 1088 Ἰησοῦν

1949 1020 2051 1074 lum
2087 1023 2178 1092 qui
2221 1025 2474 1080 divinitus
2501 1038 2735 1096 vereque
2771 1027 2944 1082 dicit:
2981 1047 2999 1078 ι
3035 1027 3145 1096 Ego
3176 1043 3293 1083 sum
3335 1043 3515 1084 resur-

311 1107 504 1178 Χριστόν
524 1122 536 1135 ·
569 1123 588 1157 ι
623 1106 722 1159 ὁτὲ
753 1106 810 1158 δὲ
839 1101 928 1169 αὖ,
965 1124 984 1157 ι
1023 1106 1178 1159 Ὅσοι
1208 1106 1316 1177 γὰρ
1346 1108 1425 1170 είς
1452 1107 1688 1178 Χριστὸν
1721 1108 1846 1161 ἐσα-

1950 1113 2112 1168 rectio
2141 1123 2196 1169 et
2218 1115 2325 1170 vita
2349 1115 2392 1170 ⁸.
2431 1117 2546 1171 »Διὶ
2571 1117 2685 1172 haec
2713 1117 2846 1172 nihil
2870 1118 3097 1184 veritus,
3133 1119 3516 1176 essecrabilioa

313 1199 551 1267 πτίσθητε,
583 1197 828 1267 Χριστὸν
858 1195 1202 1262 ἐνεδύσασθε,
1240 1217 1257 1247 ι
1285 1197 1376 1250 τὸν
1409 1198 1731 1270 θεοπρεπῶς
1756 1199 1843 1252 λέι-

1946 1218 2056 1258 rem
2087 1206 2248 1259 etiam
2279 1206 2663 1276 blasphemiam
2693 1210 2959 1274 enuntiat,
3003 1211 3262 1280 adjiciens
3292 1231 3305 1266 :
3338 1210 3512 1284 [Audi

314 1307 443 1357 γοντα
470 1290 554 1342 καὶ
581 1287 826 1358 ἀληθῶς·
863 1306 882 1340 ι
921 1288 1211 1358 Ἐγὼκείμι
1259 1290 1292 1360 η
1325 1290 1620 1354 ἀνάστασις
1663 1290 1758 1344 καὶ
1807 1291 1840 1362 ὴ

1946 1309 2048 1348 non
2081 1312 2164 1350 me
2187 1297 2297 1352 haec
2331 1299 2622 1363 dicentem,
2655 1300 2748 1354 Sed
2776 1301 2989 1355 beatum
3022 1300 3241 1355 Paulum
3277 1320 3292 1359 :
3324 1319 3343 1352 ι
3368 1299 3512 1368 Quo-

315 1381 421 1450 ζωή.
448 1399 466 1432 ι
510 1379 647 1448 Πρὸς
684 1379 749 1448 δὴ
779 1378 847 1432 τὰ
880 1377 1059 1432 τοιάδε
1091 1377 1418 1442 καταδείσας
1449 1379 1619 1443 οὐδὲν,
1653 1378 1840 1449 βδελυ-

1945 1388 2255 1455 tiescunquc
2310 1390 2699 1446 manducabitis
2741 1403 2933 1460 panem
2977 1391 3143 1456 hunc,
3181 1409 3200 1442 ι
3246 1391 3399 1460 cujus
3428 1395 3511 1447 est

318 1473 519 1542 ρωτέραν
547 1472 626 1524 ἔτι.
663 1471 764 1540 τὴν
794 1470 1109 1539 δυσφημίαν
1151 1469 1462 1538 ἀποφαίνει,
1489 1469 1800 1541 προστιθείς
1823 1485 1836 1499 ·

1943 1476 2114 1544 ipsum
2143 1487 2335 1545 corpus
2360 1480 2679 1551 antitypum.
2705 1481 2822 1538 Jam
2860 1483 3020 1552 igitur
3043 1483 3324 1538 videamus
3354 1485 3509 1551 cujus

317 1565 557 1634 ΓΑκουσον
589 1562 670 1632 μὴ
700 1560 836 1630 ἐμοῦ
863 1559 1035 1613 ταῦτα
1061 1560 1330 1628 λέγοντος,
1366 1561 1503 1615 ἀλλά
1539 1560 1631 1614 τοῦ
1665 1578 1838 1632 μακα-

1957 1576 2021 1619 :st
2041 1582 2205 1623 mors.
2217 1587 2235 1618 ι
2263 1569 2700 1641 Quotiescunque
2725 1572 3123 1630 manducabitis
3137 1587 3328 1645 panem
3343 1574 3523 1642 hunc;

322 1655 414 1724 ρίου
451 1654 674 1706 Παύλου·
731 1672 750 1704 ι
794 1653 1014 1715 Ὁσάκις
1060 1652 1105 1704 δ’
1151 1653 1216 1716 ᾂν
1269 1651 1486 1722 ἐσθίητε
1534 1653 1624 1706 τὸν
1672 1653 1836 1724 ἄρτον
1870 1716 1888 1727 _

1940 1667 1993 1710 et
2027 1657 2250 1711 calicem
2284 1659 2426 1713 hunc
2454 1659 2675 1727 bibetis,
2701 1672 2928 1718 mortem
2973 1663 3183 1719 Domini
3213 1664 3506 1719 annuntiaé

322 1745 486 1808 τοῦτον,
513 1765 530 1796 ι
570 1739 631 1798 οὗ
683 1746 802 1798 ἐστι
847 1744 908 1795 τὸ
939 1743 1098 1813 σῶμα
1129 1743 1435 1802 ἀντίτυπον.
1473 1743 1699 1814 Ἰδωμεν
1744 1742 1837 1798 οὖν
1870 1716 1888 1769 1

1945 1745 2070 1798 hitis
2101 1765 2114 1800 :
2149 1763 2167 1798 ι
2193 1749 2316 1802 audi
2343 1751 2504 1804 etiam
2536 1751 2588 1806 in
2619 1754 2973 1822 sequentibus
2993 1757 3251 1824 apertius,
3285 1773 3304 1807 ι
3331 1757 3507 1810 Donec

326 1837 411 1889 ἀπὸ
440 1837 602 1889 τούτου
651 1837 798 1896 τίνος
825 1835 855 1886 ὁ
899 1832 1146 1896 θάνατος.
1195 1853 1215 1884 ι
1256 1834 1476 1896 Ὁσάκις
1509 1834 1575 1887 ἂν
1619 1833 1836 1905 ἐσθίητε

1942 1836 2141 1890 veniat.
2173 1855 2194 1888 ι
2226 1837 2358 1905 Quis
2389 1851 2570 1896 autem
2611 1843 2796 1898 venit?
2829 1862 2848 1895 ι
2879 1844 3144 1900 Videbunt
3174 1845 3368 1900 Filium
3407 1847 3507 1902 ho:-

329 1929 400 1981 τὸν
421 1931 554 1999 ἀρτον
571 1928 778 1990 τοῦτον,
810 1925 988 1978 καὶτὸ
1021 1927 1279 1994 ποτήριον
1311 1924 1468 1978 τοῦτο
1500 1924 1710 1997 πίνητε,
1745 1928 1838 1979 τὸν

1945 1926 2105 1982 minis
2157 1930 2462 1985 venientem
2524 1933 2577 1986 in
2629 1935 2865 1990 nubibus
2915 1936 3034 1990 cccli
3095 1952 3216 1992 cum
3260 1937 3506 1992 claritate

339 2020 516 2072 θάνατον
539 2020 620 2072 τοῦ
649 2018 856 2090 Κυρίου
886 2016 1284 2085 καταγγέλλετε
1305 2033 1320 2048 ο
1356 2035 1375 2068 ι
1409 2015 1639 2071 ἄκουσον
1663 2018 1757 2071 καὶ
1780 2020 1836 2070 ἐν

1944 2031 2135 2087 magna
2169 2036 2183 2073 :
2221 2038 2238 2070 ι
2271 2029 2348 2084 et,
2394 2024 2539 2091 quod
2574 2024 2749 2094 majus
2776 2035 2878 2088 est.
2911 2035 3036 2082 ante
3069 2029 3337 2098 apostolos
3382 2041 3507 2098 pro-

346 2112 436 2171 τοῖς
465 2111 619 2181 ἐφεξῆς
662 2109 1074 2180 φανερώτερον,
1126 2126 1145 2159 ι
1178 2110 1369 2179 Ἀχρις
1401 2101 1462 2161 οῦ
1497 2109 1644 2180 ἔλθῃ.
1683 2129 1701 2160 ι
1743 2111 1837 2172 Τίς

1943 2107 2102 2172 pheta
2137 2109 2472 2165 manifestius
2501 2113 2803 2169 venientem
2827 2117 3086 2182 ostendit,
3117 2127 3171 2172 et
3200 2118 3416 2183 clamat,
3441 2119 3508 2174 de

353 2194 430 2251 οὖν
453 2202 738 2271 ὸὶριόμενος
759 2218 775 2265 ;
814 2218 832 2250 ι
871 2201 1131 2269 Ὄψονται
1157 2199 1248 2251 τὸν
1278 2199 1403 2252 Υἰὸν
1428 2199 1521 2252 τοῦ
1547 2199 1834 2270 ἀνθρώπου

1941 2194 2140 2252 Iudaeis
2161 2199 2346 2256 dicens
2372 2218 2386 2255 :
2422 2219 2443 2254 ι
2475 2201 2744 2260 Videbunt
2767 2206 2820 2261 in
2844 2221 3003 2277 quem
3023 2219 3502 2278 compunxerunt.~o

345 2291 595 2360 ἐρχόμενον
622 2295 702 2346 ἐπὶ.
721 2294 822 2345 τῶν
853 2291 1094 2362 νεφελῶν
1116 2289 1210 2343 τοῦ
1239 2290 1469 2361 ούρανοῦ
1515 2292 1653 2360 μετὰ
1680 2289 1837 2360 δόξης

1942 2283 2221 2350 Quodnam
2254 2289 2420 2360 igitur
2451 2291 2578 2346 illud
2613 2305 2992 2365 compunctum
3029 2297 3155 2353 est?
3185 2297 3388 2354 Latus:
3426 2298 3506 2352 la-

339 2381 546 2451 πολλῆς·
582 2402 600 2433 ι
631 2384 716 2435 καὶ
749 2384 803 2435 τδ
835 2384 897 2453 δὴ
933 2381 1142 2453 μεῖζον,
1195 2383 1224 2433 ὁ
1266 2383 1547 2452 προφήτης
1588 2381 1692 2451 πρὸ
1727 2380 1836 2432 τῶν

1944 2385 2029 2432 tus
2049 2393 2177 2433 vero
2201 2383 2446 2451 corporis
2459 2393 2563 2448 est,
2583 2399 2686 2439 non
2721 2387 3066 2459 divinitatis.]
3089 2389 3292 2460 Exigua
3317 2398 3396 2444 est
3410 2389 3506 2459 igil-

327 2471 601 2525 ἀποστόλων
629 2475 942 2542 σαφέστερον
967 2473 1058 2526 τὸν
1086 2473 1379 2544 ἐρχόμενον
1424 2472 1665 2526 δείκνυσι
1693 2511 1707 2535 ,
1740 2469 1837 2523 καὶ

1944 2477 2050 2533 tur,
2086 2470 2246 2542 116
2267 2481 2324 2525 ut
2349 2473 2478 2538 dixi,
2498 2474 2796 2531 incruentae
2812 2479 3242 2549 hostiaeutilitas,
3261 2483 3386 2552 quia
3421 2483 3510 2538 ni-

321 2563 524 2634 κέκραγε
548 2567 665 2636 περὶ
701 2566 970 2620 Ἰουδαίων
1006 2565 1142 2635 βοῶν
1163 2582 1175 2594 ·
1210 2584 1229 2617 ι
1264 2565 1523 2636 Ὄψονται
1552 2566 1632 2628 εις
1657 2564 1715 2617 ὃν
1743 2562 1832 2628 ἐξ·

1942 2559 2139 2614 mirum
2164 2562 2246 2616 l‘ns
2277 2577 2381 2617 non
2403 2575 2486 2618 est
2513 2572 2572 2618 ut
2594 2565 2756 2620 simul
2785 2581 2906 2623 cum
2934 2584 3096 2625 carne
3121 2573 3283 2627 etiam
3311 2575 3508 2630 divini-

315 2655 590 2727 εκέντησαν.
622 2677 640 2708 ι
678 2658 776 2721 Τίς
819 2656 912 2712 οὖν
943 2659 1088 2713 ἐστιν
1115 2661 1144 2713 ὁ
1178 2659 1491 2734 κεντηθείς;
1527 2659 1560 2729 ή
1590 2658 1798 2729 πλευρά
1817 2674 1830 2687 ·

1942 2648 2071 2704 tatis
2117 2660 2312 2706 natura
2347 2662 2922 2724 consumaturzneque
2956 2672 3020 2714 ea
3057 2659 3362 2718 obtinemus
3389 2677 3506 2734 qua

313 2747 488 2819 πλευρά
515 2749 566 2802 δὲ
595 2749 866 2820 σώματος,
895 2751 956 2804 οὐ
982 2751 1233 2824 θεότητός
1263 2750 1442 2823 ἐστι.]
1473 2751 1691 2822 Σμικρά
1717 2767 1834 2804 ποι-

1940 2747 2068 2794 sunt
2110 2741 2486 2811 impossibilia,
2521 2754 2580 2799 ut
2610 2746 2723 2815 ipsa
2767 2749 3083 2818 incorporea
3126 2763 3319 2807 natura
3364 2755 3506 2809 nuda

310 2839 498 2908 γαροῦν,
529 2841 602 2904 ὡς
651 2841 808 2912 ἔφην,
839 2843 937 2912 τῆς
965 2843 1302 2913 ἀναιμάκτου
1348 2842 1536 2906 θυσίας
1562 2845 1594 2914 η
1625 2843 1830 2912 ὄνησις,

1939 2844 2241 2886 vescamur.
2289 2833 2394 2916 Sed
2436 2834 2633 2890 oblitus
2683 2836 2814 2891 mihi
2847 2839 3040 2894 videris
3080 2841 3220 2896 haud
3258 2853 3503 2898 naturam

306 2933 373 2984 ὅτι
397 2934 518 3002 τάχα
542 2951 646 2986 που
677 2935 754 3005 μὴ
787 2935 1011 3002 γέγονεν
1041 2935 1263 3003 ἐφικτὸν
1281 2933 1416 3005 ὁμοῦ
1447 2937 1513 3005 τῇ
1547 2934 1713 3004 σαρκὶ
1741 2935 1835 2988 καὶ

1941 2923 2241 2979 divinitatis
2301 2925 2352 2978 id
2397 2940 2518 2981 esse
2573 2926 2721 2996 quod
2782 2928 2834 2982 in
2881 2931 3085 2985 sanctis
3139 2931 3501 2990 Ecclesiarum

305 3029 386 3098 τὴν
423 3031 505 3093 τῆς
538 3031 794 3100 θεότητος
843 3028 1184 3083 δαπανᾶσθαι
1237 3029 1428 3098 φύσιν·
1480 3029 1562 3081 ὅτι.
1607 3027 1683 3098 μὴ
1725 3027 1871 3116 τῶν4

1940 3015 2138 3070 mensis
2170 3016 2504 3086 proponitur,
2541 3018 2633 3072 sed
2687 3019 2961 3088 proprium
3003 3036 3200 3092 corpus
3234 3025 3394 3080 Verbi
3433 3041 3503 3081 ex

300 3121 559 3191 ἀμηχάνων
584 3121 1032 3192 κεκρατήκαμεν,
1058 3120 1274 3175 ἐδεστὸν
1299 3119 1513 3190 ἔχοντες
1545 3119 1750 3191 γυμνὸν
1772 3118 1835 3174 τὸ
1864 3105 1866 3108 ’

1938 3105 2099 3162 Patre
2127 3109 2315 3178 geniti,
2348 3109 2491 3178 quod
2523 3107 2756 3163 Verbum
2777 3125 2846 3164 ex
2875 3121 3066 3166 natura
3111 3123 3166 3167 et
3201 3129 3329 3170 vere
3357 3117 3497 3172 Deus

298 3212 571 3283 ἀσώματον.
618 3213 1004 3283 Ἐπιλελῆσθαι
1050 3213 1106 3266 δέ
1160 3230 1250 3284 μοι
1278 3213 1474 3276 δοκεῖς,
1510 3213 1586 3276 ὡς
1631 3213 1835 3283 ἥκιστα

1938 3209 2039 3256 est.
2093 3199 2203 3254 Cur
2246 3201 2412 3273 igitur
2456 3201 2634 3256 omnia
2670 3202 2976 3270 confundis,
3028 3204 3504 3281 imprudenterque

299 3305 378 3372 μὲν
417 3304 664 3376 θεότητος
699 3305 861 3373 φύσις
888 3305 1007 3357 ἐστὶ
1035 3303 1096 3356 τὸ
1129 3303 1490 3374 προκείμενον
1539 3303 1598 3354 ἐν
1647 3301 1836 3370 ἁγίαις

2049 3291 2246 3358 nisces,
2275 3305 2468 3360 panem
2515 3290 2668 3346 illum
2701 3293 2767 3347 de
2809 3293 2969 3360 caelo,
2999 3305 3056 3349 et
3088 3296 3255 3352 vitam
3303 3302 3504 3357 mundo
3603 3374 3615 3380 ἰ

296 3395 556 3461 τραπέζαις
590 3393 951 3464 Ἐκκλησιῶν,
969 3391 1108 3463 πλὴν
1139 3392 1268 3446 ἴδιον
1293 3391 1452 3462 σῶμα
1479 3390 1574 3444 τοῦ
1596 3392 1662 3444 ἐκ
1695 3388 1832 3444 Θεοῦ

1936 3383 2149 3438 dantem
2185 3384 2570 3454 propemodum
2604 3384 2769 3438 etiam
2809 3385 3079 3453 deridens,
3118 3391 3260 3458 quod
3295 3393 3502 3449 theolo-

294 3483 474 3552 [ἰατρὸς
521 3485 729 3554 φύντος
767 3484 964 3552 Λόγου,
994 3481 1125 3544 Θεὸς
1148 3481 1205 3534 δέ
1231 3482 1392 3550 φύσει.
1439 3481 1533 3534 καὶ
1562 3481 1777 3551 ἀληθῶς
1805 3483 1834 3534 ό

1940 3490 2119 3545 gorum
2150 3491 2283 3531 voce
2313 3491 2419 3530 non
2453 3476 2524 3532 sit
2552 3476 2804 3532 divinitas
2830 3490 3225 3549 nuncupatum,
3261 3487 3355 3538 sed
3383 3501 3506 3540 cora

293 3573 455 3638 Λόγος.
480 3575 544 3626 Τί
574 3574 761 3626 τοίνυν
793 3573 1040 3636 ἅπαντας
1071 3571 1181 3645 [ῑσ.
1213 3569 1454 3644 ἅπαντα]
1475 3575 1715 3642 συγχεῖς,
1739 3573 1834 3624 κα)⁵

1934 3580 2033 3633 pus
2059 3567 2242 3636 potius
2280 3567 2426 3622 illius
2454 3569 2545 3638 qui
2585 3577 2804 3638 propter
2850 3585 2948 3626 nos
2983 3581 3068 3627 est
3110 3574 3270 3629 homo
3304 3573 3500 3646 factus,

291 3662 530 3729 ἀσυνέτως
557 3665 853 3735 διακυκᾷς,
879 3665 972 3717 τὸν
1003 3664 1166 3735 ἄρτον
1199 3663 1330 3734 ἡμῖν
1357 3662 1448 3715 τὸν
1486 3663 1546 3727 ἐξ
1579 3661 1830 3733 ούρανοῦ,

1936 3653 2038 3709 hoc
2064 3664 2168 3720 est,
2196 3657 2339 3710 illius
2360 3671 2425 3710 ex
2452 3657 2611 3713 Patre
2638 3658 2838 3714 Verbi?
2861 3659 2978 3714 Jam
3012 3677 3144 3719 vero
3173 3664 3322 3720 dicas
3342 3667 3502 3722 velim

293 3755 369 3806 καὶ
392 3755 525 3829 ζωὴν
553 3756 767 3810 διδόντα
796 3755 874 3826 τῷ
902 3755 1094 3825 κόσμῳ
1119 3754 1402 3825 μονονουχὶ
1429 3753 1521 3807 καὶ
1541 3753 1829 3822 διαγελῶν,

1933 3759 2094 3814 quam
2127 3746 2196 3800 ob
2223 3739 2440 3800 causam
2469 3747 2689 3802 omnino
2720 3762 2922 3818 corpus
2959 3750 3293 3808 Dominicum
3312 3770 3499 3822 vocas,

286 3845 353 3898 ὃτι
380 3850 445 3917 μὴ
477 3849 678 3917 θεότης
699 3847 1015 3917 ὠνόμασται
1042 3847 1130 3899 διὰ
1155 3845 1254 3915 τῆς
1285 3845 1392 3898 τῶν
1419 3844 1695 3917 θεηγόρων
1721 3861 1834 3912 φω-

1935 3836 1978 3891 si
2014 3850 2118 3890 non
2147 3836 2385 3890 divinum
2415 3851 2534 3892 esse
2564 3838 2724 3903 nosti,
2762 3853 2826 3893 ac
2855 3840 3023 3909 ipsius
3057 3842 3184 3910 Dei;
3221 3860 3345 3899 nam
3384 3862 3501 3902 θοι-ο

287 3936 384 4004 γῆς,
406 3940 562 4009 σῶμα
587 3939 648 3990 δὲ
683 3939 884 4007 μᾶλλον
914 3937 1007 3990 τοῦ
1039 3937 1106 3990 δι’
1142 3939 1292 4007 ἡμᾶς
1325 3936 1828 4007 ἐνηνθρωπηκότος,

1937 3927 2085 3982 viunt
2109 3926 2324 3996 quidem
2346 3928 2524 3980 omnia
2551 3927 2890 3984 Conditori’.
2918 3929 3022 3986 Sed
3048 3933 3192 3986 enim
3223 3947 3326 3988 non
3357 3945 3503 3991 recte

284 4031 550 4094 τουτέστιν,
595 4028 692 4081 τοῦ
742 4032 807 4081 ἐκ
856 4028 992 4081 Θεοῦ
1046 4028 1259 4097 Πατρὸς
1308 4028 1519 4096 Δόγου;
1573 4027 1738 4098 Σῶμα
1774 4027 1832 4081 δὲ

1935 4019 2134 4077 habent
2169 4033 2291 4090 quae
2338 4019 2394 4072 in
2431 4019 2612 4073 animo
2643 4034 2848 4087 versas,
2878 4033 2932 4078 et
2971 4022 3146 4093 ipsum
3189 4024 3501 4083 Emmanuel

281 4121 586 4173 Δεσποτικὸν
617 4119 839 4172 ἀνθότου
872 4120 957 4189 δὴ,
988 4119 1219 4190 φράσον,
1247 4117 1537 4188 ὀνομάζεις
1578 4117 1746 4182 ὅλως,
1783 4119 1832 4170 εί

1937 4108 2205 4165 hominem
2236 4123 2360 4162 esse
2380 4107 2650 4162 Deiferum
2674 4125 2897 4178 prorsus
2923 4113 3121 4168 credis.
3152 4113 3352 4171 Deinde
3379 4131 3503 4173 sen-

279 4209 344 4278 μὴ
375 4211 508 4264 θεῖον
541 4207 703 4264 οἶσθα
749 4210 842 4262 καὶ
885 4209 1040 4263 Θεοῦ.
1109 4209 1282 4262 Δοῦλα
1324 4209 1431 4279 γάρ
1470 4207 1686 4262 ἅπαντα
1733 4205 1830 4260 τοῦ

1934 4199 2119 4256 tentiis
2146 4214 2212 4253 ac
2249 4197 2452 4262 verbis,
2491 4213 2611 4268 quae
2650 4215 2771 4254 cum
2817 4202 3016 4270 pietate
3043 4203 3328 4273 conjuncta
3351 4218 3498 4276 sunt,

277 4304 642 4373 πεποιηκότος.
684 4300 842 4352 Ἀλλά
870 4300 978 4370 γὰρ
997 4299 1098 4353 οὐκ
1127 4299 1302 4370 ὀρθῶς
1325 4299 1438 4370 ἔχει
1469 4315 1554 4351 σοι
1574 4297 1661 4359 sd:
1688 4296 1830 4350 κατά

1934 4290 2156 4345 omnino
2194 4290 2474 4360 neglectis,
2528 4290 2676 4344 illum
2725 4292 2966 4349 veritatis
3009 4310 3223 4352 sacrum
3267 4299 3500 4356 admini-

274 4392 351 4443 τὸν
379 4393 523 4456 νοῦν,
570 4391 857 4462 ἄνθρωπον
890 4390 947 4442 δὲ
984 4385 1120 4442 εἶναι
1153 4390 1526 4451 πεπίστευκας
1571 4387 1830 4459 θεοφόρον

1935 4392 2106 4438 strum
2125 4383 2258 4452 (50),
2278 4384 2425 4438 illum
2450 4383 2747 4453 sapientem
2772 4387 3123 4443 architectum
3146 4399 3202 4445 et
3225 4392 3501 4449 doctorem

273 4483 438 4547 ἁπλῶς
464 4486 560 4537 τὸν
602 4481 972 4553 Ἐμμανουήλ.
1001 4476 1134 4534 Εἶτα
1163 4480 1273 4534 τῶν
1300 4481 1380 4543 είς
1422 4465 1704 4532 εὐσέϐειαν
1743 4479 1830 4530 ἐν·

1935 4475 2197 4543 gentium,
2223 4489 2437 4529 sacrum
2469 4489 2658 4530 revera
2691 4485 2748 4530 et
2781 4478 3237 4546 sapientissimum
3275 4482 3501 4539 Paulum

275 4575 412 4626 νοιῶν
455 4593 518 4628 τε
552 4575 651 4627 καὶ
698 4573 872 4641 λόγων
907 4573 1203 4644 ἀφειδήσας
1260 4571 1557 4639 παντελῶς,
1601 4573 1696 4625 τὸν
1731 4571 1831 4641 τῆς

1935 4563 2028 4618 tibi
2073 4563 2426 4618 calumnianti
2455 4563 2593 4628 l‘ore]
2619 4566 2993 4622 auxiliatorem
3028 4580 3205 4638 putas,
3239 4573 3363 4626 dum
3390 4573 3500 4627 vim

269 4665 509 4732 ἀληθείας
542 4664 848 4735 ἱερουργὸν,
884 4663 974 4717 τὸν
1025 4663 1186 4731 σοφὸν
1231 4663 1586 4734 ἀρχιτέκτονα
1623 4662 1718 4715 κα)⁸
1753 4661 1831 4714 δι-

1934 4669 2118 4709 eorum
2142 4669 2262 4724 qua
2283 4664 2408 4710 sunt
2425 4656 2494 4710 ab
2515 4670 2582 4710 eo
2608 4665 2753 4712 recte
2773 4659 3092 4729 sincereque
3107 4661 3275 4726 dicta,
3291 4677 3320 4716 a
3351 4673 3500 4719 recta

269 4755 524 4811 δάσκαλον
554 4757 666 4809 τῶν
697 4755 888 4820 ἐθνῶν,
904 4755 996 4808 τὸν
1030 4755 1173 4826 ἱερὸν
1193 4754 1409 4825 ἀληθῶς
1432 4755 1528 4808 καὶ
1553 4753 1828 4822 πάνσοφον

1933 4754 2265 4821 probataque
2285 4752 2368 4806 via
2387 4752 2694 4822 detorques.
2717 4755 3004 4811 Videamus
3022 4758 3190 4822 enim,
3218 4759 3412 4828 inquit,
3434 4775 3497 4814 ex

266 4847 469 4902 Παῦλον
541 4849 763 4903 ἔσεσθαί
825 4866 908 4901 σοι
983 4848 1333 4918 συλλήπτορα
1401 4845 1828 4916 συκοφαντοῦντι

1935 4845 2060 4908 hoc,
2095 4843 2250 4912 cujus
2279 4843 2350 4897 sit
2392 4858 2538 4897 mors
2567 4861 2580 4896 :
2613 4862 2632 4894 ι
2670 4843 2852 4900 Donec
2881 4845 3098 4915 veniat;
3141 4865 3160 4898 ι
3185 4849 3310 4917 quis
3337 4862 3498 4916 porro

268 4944 585 5014 προσδοκᾷς,
612 4943 712 5011 τῆς
740 4945 821 5005 είς
851 4941 979 4993 εὐθὺ
1009 4945 1106 4994 καὶ
1127 4940 1508 5010 δοκιμωτάτης
1538 4941 1829 5010 ἀποφέρων

1936 4945 2018 4990 est
2040 4937 2132 5004 qui
2161 4935 2347 4988 venit!
2375 4933 2675 4989 «Videbunt
2707 4936 2756 4990 in
2791 4952 2952 5006 quem
2983 4947 3431 5008 compunxerunt.
3472 4956 3490 4990 ι

264 5033 398 5094 ὁδοῦ,
432 5035 540 5087 τῶν
570 5034 746 5104 ὀρθῶς
779 5049 840 5085 τε
885 5033 976 5086 καὶ
1011 5031 1317 5102 ἀκιδδήλως
1358 5033 1662 5102 εἰρημένων
1697 5033 1826 5100 παρ’

1937 5027 2127 5084 Veniet
2152 5027 2313 5094 igitur
2339 5025 2384 5080 is
2407 5027 2496 5096 qui
2527 5041 2593 5081 ex
2621 5027 2851 5082 humana
2895 5027 3202 5082 conditione
3242 5028 3499 5082 sustinuit

267 5126 423 5178 αὑτοῦ
450 5130 546 5196 τὴν
573 5127 825 5195 δύναμιν.
858 5124 1082 5194 Ἱᾷωμεν
1122 5123 1264 5196 γάρ,
1292 5124 1476 5193 φησὶν,
1506 5123 1612 5176 ἀπὸ
1637 5123 1824 5174 τούτου

1939 5128 2187 5181 mortem,
2206 5127 2260 5168 et
2278 5116 2534 5170 divinitus
2560 5117 2875 5180 resurrexit,
2899 5117 2991 5185 qui
3014 5117 3066 5170 in
3096 5117 3292 5174 caelum
3314 5119 3496 5185 rediit,

329 5282 353 5314 ³
386 5282 560 5337 lCur.
588 5299 676 5348 xv,
704 5282 794 5337 5'5.
873 5282 892 5314 ‘
921 5281 1078 5335 Rom.
1120 5294 1240 5344 xm,
1272 5280 1356 5332 M.
1435 5281 1453 5310 ⁷
1512 5280 1685 5333 Calui.
1722 5296 1804 5340 ιιι,
1835 5278 1895 5332 ἳῗ

1512 5280 1685 5333 Calui.
1722 5296 1804 5340 ιιι,
1835 5278 1927 5332 27.
2002 5277 2195 5332 8.luan.
2239 5293 2311 5331 χι.
2351 5277 2440 5329 25.
2517 5279 2535 5308 ³
2570 5275 2709 5330 Psal.
2735 5290 2920 5338 cxvnt,
2949 5275 3039 5330 9i.

1507 5431 1664 5486 ANT.
1704 5429 1972 5486 AG'ELLII
2013 5426 2240 5484 NOTAE.

323 5571 446 5639 (30)
483 5570 722 5626 Veritatis
747 5586 953 5624 sacrum
977 5568 1364 5622 administrnm.
1396 5567 1530 5623 Nam
1562 5570 1614 5624 in
1638 5579 1818 5624 extre—
1929 5570 2178 5639 “cantem
2212 5568 2557 5639 Evangelinm
2573 5583 2650 5639 _se
2688 5569 2861 5638 ipsum
2896 5569 3032 5624 dixit
3061 5568 3372 5639 Apostolus,
3396 5568 3500 5624 hoc

253 5636 344 5696 ma.
374 5643 608 5711 Epistola
631 5644 695 5695 ad
729 5641 1024 5702 Romanos,
1052 5639 1479 5694 sanciiliCanlem
1525 5655 1618 5694 seu
1649 5640 1816 5696 sacri-

1355 5649 1479 5694 nem
1525 5655 1618 5694 seu
1649 5640 1816 5696 sacri-
1922 5649 2024 5705 est,
2058 5637 2442 5708 ἱερουργοῦντα
2477 5638 2534 5690 τδ
2573 5636 2921 5706 Εὐαγγέλιον.

585 5735 858 5794 Ρλπιοι..
904 5729 1022 5792 Gn.
1075 5731 1347 5792 LXXVI.
1500 5747 1502 5749 ’
3110 5728 3140 5786 7
