  <div class='ocr_page' id='page_1' title='image "/cluster/home/n/w/nwhite01/storage/ocr_20150623/76/hvd.32044073501439/109.png"; bbox 0 0 4002 6192; ppageno 0'>
   <div class='ocr_carea' id='block_1_1' title="bbox 409 265 513 322">
    <p class='ocr_par' dir='ltr' id='par_1_1' title="bbox 409 265 513 322">
     <span class='ocr_line' id='line_1_1' title="bbox 409 265 513 322; baseline 0.029 -3"><span class='ocrx_word' id='word_1_1' title='bbox 409 265 513 322; x_wconf 73' lang='lat'><strong>205</strong></span> 
     </span>
    </p>
   </div>
   <div class='ocr_carea' id='block_1_2' title="bbox 1435 263 2660 322">
    <p class='ocr_par' dir='ltr' id='par_1_2' title="bbox 1435 263 2660 322">
     <span class='ocr_line' id='line_1_2' title="bbox 1435 263 2660 322; baseline 0.002 -4"><span class='ocrx_word' id='word_1_2' title='bbox 1435 266 1488 318; x_wconf 89' lang='lat' dir='ltr'><strong>S.</strong></span> <span class='ocrx_word' id='word_1_3' title='bbox 1534 264 1796 320; x_wconf 70' lang='lat' dir='ltr'><strong>unum</strong></span> <span class='ocrx_word' id='word_1_4' title='bbox 1837 263 2304 320; x_wconf 71' lang='lat' dir='ltr'><strong>ALEXANDRINI</strong></span> <span class='ocrx_word' id='word_1_5' title='bbox 2344 264 2660 322; x_wconf 76' lang='lat' dir='ltr'><strong>ARCIIIEP.</strong></span> 
     </span>
    </p>
   </div>
   <div class='ocr_carea' id='block_1_3' title="bbox 3548 272 3654 327">
    <p class='ocr_par' dir='ltr' id='par_1_3' title="bbox 3548 272 3654 327">
     <span class='ocr_line' id='line_1_3' title="bbox 3548 272 3654 327; baseline -0.009 0"><span class='ocrx_word' id='word_1_6' title='bbox 3548 272 3654 327; x_wconf 63' lang='grc'><strong>204</strong></span> 
     </span>
    </p>
   </div>
   <div class='ocr_carea' id='block_1_4' title="bbox 409 374 1971 456">
    <p class='ocr_par' dir='ltr' id='par_1_4' title="bbox 409 374 1971 448">
     <span class='ocr_line' id='line_1_4' title="bbox 409 374 1971 448; baseline 0.001 -16"><span class='ocrx_word' id='word_1_7' title='bbox 409 382 499 447; x_wconf 85' lang='lat' dir='ltr'><strong>qui</strong></span> <span class='ocrx_word' id='word_1_8' title='bbox 522 380 681 433; x_wconf 83' lang='lat' dir='ltr'><strong>etiam</strong></span> <span class='ocrx_word' id='word_1_9' title='bbox 707 374 995 431; x_wconf 77' lang='lat' dir='ltr'><strong>iuctl‘ahilis</strong></span> <span class='ocrx_word' id='word_1_10' title='bbox 1018 377 1237 433; x_wconf 87' lang='lat' dir='ltr'><strong>deitatis</strong></span> <span class='ocrx_word' id='word_1_11' title='bbox 1256 388 1481 448; x_wconf 86' lang='lat' dir='ltr'><strong>augusta</strong></span> <span class='ocrx_word' id='word_1_12' title='bbox 1512 378 1807 433; x_wconf 76' lang='lat' dir='ltr'><strong>decoratur</strong></span> <span class='ocrx_word' id='word_1_13' title='bbox 1828 380 1971 442; x_wconf 71' lang='lat' dir='ltr'><strong>sede,</strong></span> 
     </span>
    </p>
   </div>
   <div class='ocr_carea' id='block_1_5' title="bbox 2075 374 3656 456">
    <p class='ocr_par' dir='ltr' id='par_1_5' title="bbox 2082 375 3656 456">
     <span class='ocr_line' id='line_1_5' title="bbox 2082 375 3656 456; baseline 0.006 -25"><span class='ocrx_word' id='word_1_14' title='bbox 2082 380 2229 442; x_wconf 85' lang='grc' dir='ltr'>τίνος</span> <span class='ocrx_word' id='word_1_15' title='bbox 2263 382 2291 432; x_wconf 91' lang='lat'><strong>6</strong></span> <span class='ocrx_word' id='word_1_16' title='bbox 2323 380 2574 442; x_wconf 89' lang='grc' dir='ltr'>θάνατος.</span> <span class='ocrx_word' id='word_1_17' title='bbox 2624 399 2641 430; x_wconf 76' lang='grc' dir='ltr'>ι</span> <span class='ocrx_word' id='word_1_18' title='bbox 2675 382 2867 451; x_wconf 79' lang='grc' dir='ltr'>Ἀχρις</span> <span class='ocrx_word' id='word_1_19' title='bbox 2897 375 2959 435; x_wconf 80' lang='grc' dir='ltr'><strong>οῦ</strong></span> <span class='ocrx_word' id='word_1_20' title='bbox 3001 382 3150 456; x_wconf 77' lang='grc' dir='ltr'>ἔλθῃ.</span> <span class='ocrx_word' id='word_1_21' title='bbox 3190 402 3210 436; x_wconf 69' lang='grc' dir='ltr'><strong>ι</strong></span> <span class='ocrx_word' id='word_1_22' title='bbox 3241 385 3336 449; x_wconf 82' lang='grc' dir='ltr'><strong>Τίς</strong></span> <span class='ocrx_word' id='word_1_23' title='bbox 3358 386 3414 439; x_wconf 84' lang='grc' dir='ltr'>δέ</span> <span class='ocrx_word' id='word_1_24' title='bbox 3442 388 3589 441; x_wconf 88' lang='grc' dir='ltr'>ἐστιν</span> <span class='ocrx_word' id='word_1_25' title='bbox 3626 390 3656 440; x_wconf 99' lang='lat'><strong>6</strong></span> 
     </span>
    </p>
   </div>
   <div class='ocr_carea' id='block_1_6' title="bbox 405 468 1975 535">
    <p class='ocr_par' dir='ltr' id='par_1_6' title="bbox 405 468 1975 535">
     <span class='ocr_line' id='line_1_6' title="bbox 405 468 1975 535; baseline -0.001 -11"><span class='ocrx_word' id='word_1_26' title='bbox 405 482 459 525; x_wconf 90' lang='lat' dir='ltr'><strong>ct</strong></span> <span class='ocrx_word' id='word_1_27' title='bbox 507 486 627 525; x_wconf 92' lang='lat' dir='ltr'><strong>cum</strong></span> <span class='ocrx_word' id='word_1_28' title='bbox 675 468 838 523; x_wconf 83' lang='lat' dir='ltr'><strong>Patre</strong></span> <span class='ocrx_word' id='word_1_29' title='bbox 878 468 1148 535; x_wconf 87' lang='lat' dir='ltr'><strong>considet,</strong></span> <span class='ocrx_word' id='word_1_30' title='bbox 1192 469 1675 526; x_wconf 75' lang='lat' dir='ltr'><strong>circumstantibus</strong></span> <span class='ocrx_word' id='word_1_31' title='bbox 1719 470 1975 525; x_wconf 83' lang='lat' dir='ltr'><strong>nimirum</strong></span> 
     </span>
    </p>
   </div>
   <div class='ocr_carea' id='block_1_7' title="bbox 404 559 1975 629">
    <p class='ocr_par' dir='ltr' id='par_1_7' title="bbox 404 559 1975 629">
     <span class='ocr_line' id='line_1_7' title="bbox 404 559 1975 629; baseline -0.002 -13"><span class='ocrx_word' id='word_1_32' title='bbox 404 561 787 629; x_wconf 88' lang='lat' dir='ltr'><strong>Seraphim,et</strong></span> <span class='ocrx_word' id='word_1_33' title='bbox 813 561 1082 629; x_wconf 88' lang='lat' dir='ltr'><strong>supremis</strong></span> <span class='ocrx_word' id='word_1_34' title='bbox 1136 560 1244 616; x_wconf 87' lang='lat' dir='ltr'><strong>illis</strong></span> <span class='ocrx_word' id='word_1_35' title='bbox 1290 559 1613 627; x_wconf 76' lang='lat' dir='ltr'><strong>Virtutibus,</strong></span> <span class='ocrx_word' id='word_1_36' title='bbox 1668 574 1975 617; x_wconf 87' lang='lat' dir='ltr'><strong>mensuram</strong></span> 
     </span>
    </p>
   </div>
   <div class='ocr_carea' id='block_1_8' title="bbox 402 650 1978 722">
    <p class='ocr_par' dir='ltr' id='par_1_8' title="bbox 402 650 1978 722">
     <span class='ocr_line' id='line_1_8' title="bbox 402 650 1978 722; baseline -0.004 -12"><span class='ocrx_word' id='word_1_37' title='bbox 402 669 514 711; x_wconf 73' lang='lat' dir='ltr'><strong>sua:</strong></span> <span class='ocrx_word' id='word_1_38' title='bbox 543 652 843 717; x_wconf 82' lang='lat' dir='ltr'><strong>servitutis,</strong></span> <span class='ocrx_word' id='word_1_39' title='bbox 875 667 979 721; x_wconf 90' lang='lat' dir='ltr'><strong>qua</strong></span> <span class='ocrx_word' id='word_1_40' title='bbox 1012 652 1083 706; x_wconf 88' lang='lat' dir='ltr'><strong>illi</strong></span> <span class='ocrx_word' id='word_1_41' title='bbox 1118 651 1348 721; x_wconf 88' lang='lat' dir='ltr'><strong>subjecti</strong></span> <span class='ocrx_word' id='word_1_42' title='bbox 1366 661 1508 714; x_wconf 88' lang='lat' dir='ltr'><strong>sunt,</strong></span> <span class='ocrx_word' id='word_1_43' title='bbox 1542 667 1647 705; x_wconf 89' lang='lat' dir='ltr'><strong>non</strong></span> <span class='ocrx_word' id='word_1_44' title='bbox 1682 650 1978 722; x_wconf 86' lang='lat' dir='ltr'><strong>ignoranti-</strong></span> 
     </span>
    </p>
   </div>
   <div class='ocr_carea' id='block_1_9' title="bbox 403 741 1973 812">
    <p class='ocr_par' dir='ltr' id='par_1_9' title="bbox 403 741 1973 812">
     <span class='ocr_line' id='line_1_9' title="bbox 403 741 1973 812; baseline -0.003 -12"><span class='ocrx_word' id='word_1_45' title='bbox 403 748 523 812; x_wconf 86' lang='lat' dir='ltr'><strong>bus,</strong></span> <span class='ocrx_word' id='word_1_46' title='bbox 557 746 808 798; x_wconf 83' lang='lat' dir='ltr'><strong>omnibus</strong></span> <span class='ocrx_word' id='word_1_47' title='bbox 832 744 995 797; x_wconf 90' lang='lat' dir='ltr'><strong>etiam</strong></span> <span class='ocrx_word' id='word_1_48' title='bbox 1032 742 1397 797; x_wconf 89' lang='lat' dir='ltr'><strong>Potestatibus</strong></span> <span class='ocrx_word' id='word_1_49' title='bbox 1424 742 1573 796; x_wconf 91' lang='lat' dir='ltr'><strong>illum</strong></span> <span class='ocrx_word' id='word_1_50' title='bbox 1604 741 1973 806; x_wconf 87' lang='lat' dir='ltr'><strong>adorantlbus,</strong></span> 
     </span>
    </p>
   </div>
   <div class='ocr_carea' id='block_1_10' title="bbox 409 814 1975 901">
    <p class='ocr_par' dir='ltr' id='par_1_10' title="bbox 409 814 1975 901">
     <span class='ocr_line' id='line_1_10' title="bbox 409 814 1975 901; baseline 0.001 -15"><span class='ocrx_word' id='word_1_51' title='bbox 409 836 707 891; x_wconf 83' lang='lat' dir='ltr'><strong>Virtutibus</strong></span> <span class='ocrx_word' id='word_1_52' title='bbox 753 834 916 888; x_wconf 88' lang='lat' dir='ltr'><strong>etiam</strong></span> <span class='ocrx_word' id='word_1_53' title='bbox 965 849 1029 888; x_wconf 84' lang='lat' dir='ltr'><strong>ac</strong></span> <span class='ocrx_word' id='word_1_54' title='bbox 1072 814 1538 888; x_wconf 63' lang='lat' dir='ltr'><strong>Domiuatidnibus</strong></span> <span class='ocrx_word' id='word_1_55' title='bbox 1578 851 1594 888; x_wconf 74' lang='grc' dir='ltr'><strong>ε</strong></span> <span class='ocrx_word' id='word_1_56' title='bbox 1645 851 1664 886; x_wconf 85' lang='grc' dir='ltr'>ι</span> <span class='ocrx_word' id='word_1_57' title='bbox 1700 834 1798 901; x_wconf 88' lang='lat' dir='ltr'><strong>ipsi</strong></span> <span class='ocrx_word' id='word_1_58' title='bbox 1830 834 1975 888; x_wconf 84' lang='lat' dir='ltr'><strong>enim</strong></span> 
     </span>
    </p>
   </div>
   <div class='ocr_carea' id='block_1_11' title="bbox 400 924 1976 999">
    <p class='ocr_par' dir='ltr' id='par_1_11' title="bbox 400 924 1976 999">
     <span class='ocr_line' id='line_1_11' title="bbox 400 924 1976 999; baseline -0.002 -18"><span class='ocrx_word' id='word_1_59' title='bbox 400 942 561 981; x_wconf 84' lang='lat' dir='ltr'><strong>omne</strong></span> <span class='ocrx_word' id='word_1_60' title='bbox 579 941 715 994; x_wconf 83' lang='lat' dir='ltr'><strong>genu</strong></span> <span class='ocrx_word' id='word_1_61' title='bbox 735 925 1002 989; x_wconf 85' lang='lat' dir='ltr'><strong>ﬂectetur,</strong></span> <span class='ocrx_word' id='word_1_62' title='bbox 1018 926 1259 999; x_wconf 84' lang='lat' dir='ltr'><strong>etomnis</strong></span> <span class='ocrx_word' id='word_1_63' title='bbox 1274 924 1451 993; x_wconf 89' lang='lat' dir='ltr'><strong>lingua</strong></span> <span class='ocrx_word' id='word_1_64' title='bbox 1470 924 1829 989; x_wconf 84' lang='lat' dir='ltr'><strong>conﬁtebitur,</strong></span> <span class='ocrx_word' id='word_1_65' title='bbox 1848 926 1976 994; x_wconf 87' lang='lat' dir='ltr'><strong>quia</strong></span> 
     </span>
    </p>
   </div>
   <div class='ocr_carea' id='block_1_12' title="bbox 405 1015 1973 1085">
    <p class='ocr_par' dir='ltr' id='par_1_12' title="bbox 405 1015 1973 1085">
     <span class='ocr_line' id='line_1_12' title="bbox 405 1015 1973 1085; baseline -0.002 -13"><span class='ocrx_word' id='word_1_66' title='bbox 405 1018 661 1072; x_wconf 89' lang='lat' dir='ltr'><strong>Dominus</strong></span> <span class='ocrx_word' id='word_1_67' title='bbox 692 1015 870 1081; x_wconf 80' lang='lat' dir='ltr'><strong>Jesus,</strong></span> <span class='ocrx_word' id='word_1_68' title='bbox 900 1015 951 1069; x_wconf 92' lang='lat' dir='ltr'><strong>in</strong></span> <span class='ocrx_word' id='word_1_69' title='bbox 975 1015 1197 1085; x_wconf 79' lang='lat' dir='ltr'><strong>gloriam</strong></span> <span class='ocrx_word' id='word_1_70' title='bbox 1222 1015 1315 1069; x_wconf 90' lang='lat' dir='ltr'><strong>Dei</strong></span> <span class='ocrx_word' id='word_1_71' title='bbox 1336 1015 1514 1069; x_wconf 82' lang='lat' dir='ltr'><strong>Patris</strong></span> <span class='ocrx_word' id='word_1_72' title='bbox 1544 1015 1616 1081; x_wconf 70' lang='lat'><strong>‘°;</strong></span> <span class='ocrx_word' id='word_1_73' title='bbox 1644 1033 1662 1067; x_wconf 69' lang='grc' dir='ltr'><strong>ι</strong></span> <span class='ocrx_word' id='word_1_74' title='bbox 1696 1024 1752 1070; x_wconf 91' lang='lat' dir='ltr'><strong>et</strong></span> <span class='ocrx_word' id='word_1_75' title='bbox 1776 1015 1973 1082; x_wconf 85' lang='lat' dir='ltr'><strong>veniet,</strong></span> 
     </span>
    </p>
   </div>
   <div class='ocr_carea' id='block_1_13' title="bbox 402 1103 1975 1175">
    <p class='ocr_par' dir='ltr' id='par_1_13' title="bbox 402 1103 1975 1175">
     <span class='ocr_line' id='line_1_13' title="bbox 402 1103 1975 1175; baseline -0.002 -15"><span class='ocrx_word' id='word_1_76' title='bbox 402 1117 459 1160; x_wconf 91' lang='lat' dir='ltr'><strong>ut</strong></span> <span class='ocrx_word' id='word_1_77' title='bbox 492 1107 628 1171; x_wconf 84' lang='lat' dir='ltr'><strong>dixi,</strong></span> <span class='ocrx_word' id='word_1_78' title='bbox 659 1120 764 1159; x_wconf 93' lang='lat' dir='ltr'><strong>non</strong></span> <span class='ocrx_word' id='word_1_79' title='bbox 794 1107 845 1158; x_wconf 92' lang='lat' dir='ltr'><strong>in</strong></span> <span class='ocrx_word' id='word_1_80' title='bbox 878 1114 1062 1159; x_wconf 88' lang='lat' dir='ltr'><strong>nostra</strong></span> <span class='ocrx_word' id='word_1_81' title='bbox 1089 1104 1393 1160; x_wconf 84' lang='lat' dir='ltr'><strong>humilitate</strong></span> <span class='ocrx_word' id='word_1_82' title='bbox 1420 1114 1768 1175; x_wconf 90' lang='lat' dir='ltr'><strong>conspectus,</strong></span> <span class='ocrx_word' id='word_1_83' title='bbox 1799 1104 1893 1159; x_wconf 91' lang='lat' dir='ltr'><strong>sed</strong></span> <span class='ocrx_word' id='word_1_84' title='bbox 1923 1103 1975 1158; x_wconf 92' lang='lat' dir='ltr'><strong>in</strong></span> 
     </span>
    </p>
   </div>
   <div class='ocr_carea' id='block_1_14' title="bbox 400 1194 1975 1269">
    <p class='ocr_par' dir='ltr' id='par_1_14' title="bbox 400 1194 1975 1269">
     <span class='ocr_line' id='line_1_14' title="bbox 400 1194 1975 1269; baseline -0.001 -19"><span class='ocrx_word' id='word_1_85' title='bbox 400 1199 569 1269; x_wconf 77' lang='lat' dir='ltr'><strong>gloria</strong></span> <span class='ocrx_word' id='word_1_86' title='bbox 595 1195 916 1261; x_wconf 84' lang='lat' dir='ltr'><strong>divinitatis,</strong></span> <span class='ocrx_word' id='word_1_87' title='bbox 950 1194 1088 1251; x_wconf 68' lang='lat' dir='ltr'><strong>caelo</strong></span> <span class='ocrx_word' id='word_1_88' title='bbox 1147 1195 1467 1263; x_wconf 88' lang='lat' dir='ltr'><strong>superisque</strong></span> <span class='ocrx_word' id='word_1_89' title='bbox 1521 1194 1806 1264; x_wconf 86' lang='lat' dir='ltr'><strong>spiritibus</strong></span> <span class='ocrx_word' id='word_1_90' title='bbox 1852 1208 1975 1249; x_wconf 88' lang='lat' dir='ltr'><strong>eum</strong></span> 
     </span>
    </p>
   </div>
   <div class='ocr_carea' id='block_1_15' title="bbox 399 1282 1976 1357">
    <p class='ocr_par' dir='ltr' id='par_1_15' title="bbox 399 1282 1976 1357">
     <span class='ocr_line' id='line_1_15' title="bbox 399 1282 1976 1357; baseline -0.003 -16"><span class='ocrx_word' id='word_1_91' title='bbox 399 1287 744 1357; x_wconf 86' lang='lat' dir='ltr'><strong>stipantibus,</strong></span> <span class='ocrx_word' id='word_1_92' title='bbox 774 1293 828 1338; x_wconf 90' lang='lat' dir='ltr'><strong>et</strong></span> <span class='ocrx_word' id='word_1_93' title='bbox 851 1284 948 1354; x_wconf 88' lang='lat' dir='ltr'><strong>ipsi</strong></span> <span class='ocrx_word' id='word_1_94' title='bbox 976 1293 1033 1336; x_wconf 93' lang='lat' dir='ltr'><strong>ut</strong></span> <span class='ocrx_word' id='word_1_95' title='bbox 1061 1284 1190 1347; x_wconf 92' lang='lat' dir='ltr'><strong>Deo,</strong></span> <span class='ocrx_word' id='word_1_96' title='bbox 1235 1297 1298 1336; x_wconf 89' lang='lat' dir='ltr'><strong>ac</strong></span> <span class='ocrx_word' id='word_1_97' title='bbox 1328 1282 1484 1352; x_wconf 81' lang='lat' dir='ltr'><strong>Regi,</strong></span> <span class='ocrx_word' id='word_1_98' title='bbox 1522 1292 1576 1337; x_wconf 93' lang='lat' dir='ltr'><strong>et</strong></span> <span class='ocrx_word' id='word_1_99' title='bbox 1599 1284 1976 1339; x_wconf 89' lang='lat' dir='ltr'><strong>universorum</strong></span> 
     </span>
    </p>
   </div>
   <div class='ocr_carea' id='block_1_16' title="bbox 400 1374 1973 1446">
    <p class='ocr_par' dir='ltr' id='par_1_16' title="bbox 400 1374 1973 1446">
     <span class='ocr_line' id='line_1_16' title="bbox 400 1374 1973 1446; baseline -0.001 -14"><span class='ocrx_word' id='word_1_100' title='bbox 400 1379 629 1434; x_wconf 89' lang='lat' dir='ltr'><strong>Domino</strong></span> <span class='ocrx_word' id='word_1_101' title='bbox 675 1376 1070 1432; x_wconf 88' lang='lat' dir='ltr'><strong>assistentibus.</strong></span> <span class='ocrx_word' id='word_1_102' title='bbox 1122 1375 1179 1430; x_wconf 88' lang='lat' dir='ltr'><strong>Si</strong></span> <span class='ocrx_word' id='word_1_103' title='bbox 1235 1374 1401 1446; x_wconf 87' lang='lat' dir='ltr'><strong>igitur</strong></span> <span class='ocrx_word' id='word_1_104' title='bbox 1433 1390 1537 1430; x_wconf 92' lang='lat' dir='ltr'><strong>non</strong></span> <span class='ocrx_word' id='word_1_105' title='bbox 1583 1385 1665 1430; x_wconf 87' lang='lat' dir='ltr'><strong>est</strong></span> <span class='ocrx_word' id='word_1_106' title='bbox 1696 1375 1748 1430; x_wconf 94' lang='lat' dir='ltr'><strong>in</strong></span> <span class='ocrx_word' id='word_1_107' title='bbox 1791 1390 1973 1442; x_wconf 91' lang='lat' dir='ltr'><strong>carne,</strong></span> 
     </span>
    </p>
   </div>
   <div class='ocr_carea' id='block_1_17' title="bbox 400 1466 1977 1535">
    <p class='ocr_par' dir='ltr' id='par_1_17' title="bbox 400 1466 1977 1535">
     <span class='ocr_line' id='line_1_17' title="bbox 400 1466 1977 1535; baseline -0.001 -10"><span class='ocrx_word' id='word_1_108' title='bbox 400 1474 505 1526; x_wconf 90' lang='lat' dir='ltr'><strong>hoc</strong></span> <span class='ocrx_word' id='word_1_109' title='bbox 536 1479 638 1535; x_wconf 89' lang='lat' dir='ltr'><strong>est,</strong></span> <span class='ocrx_word' id='word_1_110' title='bbox 669 1485 774 1525; x_wconf 88' lang='lat' dir='ltr'><strong>non</strong></span> <span class='ocrx_word' id='word_1_111' title='bbox 809 1469 969 1523; x_wconf 90' lang='lat' dir='ltr'><strong>homo</strong></span> <span class='ocrx_word' id='word_1_112' title='bbox 1001 1467 1203 1523; x_wconf 82' lang='lat' dir='ltr'><strong>factum</strong></span> <span class='ocrx_word' id='word_1_113' title='bbox 1243 1477 1327 1523; x_wconf 87' lang='lat' dir='ltr'><strong>est</strong></span> <span class='ocrx_word' id='word_1_114' title='bbox 1373 1467 1465 1523; x_wconf 86' lang='lat' dir='ltr'><strong>Dei</strong></span> <span class='ocrx_word' id='word_1_115' title='bbox 1499 1466 1681 1523; x_wconf 85' lang='lat' dir='ltr'><strong>Patris</strong></span> <span class='ocrx_word' id='word_1_116' title='bbox 1716 1468 1977 1533; x_wconf 81' lang='lat' dir='ltr'><strong>Verbum,</strong></span> 
     </span>
    </p>
   </div>
   <div class='ocr_carea' id='block_1_18' title="bbox 400 1558 1979 1628">
    <p class='ocr_par' dir='ltr' id='par_1_18' title="bbox 400 1558 1979 1628">
     <span class='ocr_line' id='line_1_18' title="bbox 400 1558 1979 1628; baseline -0.001 -11"><span class='ocrx_word' id='word_1_117' title='bbox 400 1563 493 1617; x_wconf 87' lang='lat' dir='ltr'><strong>sed</strong></span> <span class='ocrx_word' id='word_1_118' title='bbox 558 1563 717 1616; x_wconf 92' lang='lat' dir='ltr'><strong>homo</strong></span> <span class='ocrx_word' id='word_1_119' title='bbox 771 1558 986 1624; x_wconf 81' lang='lat' dir='ltr'><strong>Deifer,</strong></span> <span class='ocrx_word' id='word_1_120' title='bbox 1054 1558 1195 1614; x_wconf 86' lang='lat' dir='ltr'><strong>latus</strong></span> <span class='ocrx_word' id='word_1_121' title='bbox 1247 1573 1567 1628; x_wconf 90' lang='lat' dir='ltr'><strong>corporeum</strong></span> <span class='ocrx_word' id='word_1_122' title='bbox 1626 1560 1868 1626; x_wconf 83' lang='lat' dir='ltr'><strong>habens,</strong></span> <span class='ocrx_word' id='word_1_123' title='bbox 1923 1570 1979 1615; x_wconf 87' lang='lat' dir='ltr'><strong>et</strong></span> 
     </span>
    </p>
   </div>
   <div class='ocr_carea' id='block_1_19' title="bbox 406 1650 1976 1722">
    <p class='ocr_par' dir='ltr' id='par_1_19' title="bbox 406 1650 1976 1722">
     <span class='ocr_line' id='line_1_19' title="bbox 406 1650 1976 1722; baseline 0.001 -16"><span class='ocrx_word' id='word_1_124' title='bbox 406 1653 562 1722; x_wconf 77' lang='lat'><strong>117</strong></span> <span class='ocrx_word' id='word_1_125' title='bbox 618 1650 1091 1720; x_wconf 86' lang='lat' dir='ltr'><strong>compunctiouem</strong></span> <span class='ocrx_word' id='word_1_126' title='bbox 1137 1650 1323 1705; x_wconf 88' lang='lat' dir='ltr'><strong>lateris</strong></span> <span class='ocrx_word' id='word_1_127' title='bbox 1356 1665 1568 1721; x_wconf 89' lang='lat' dir='ltr'><strong>passus,</strong></span> <span class='ocrx_word' id='word_1_128' title='bbox 1611 1656 1881 1722; x_wconf 90' lang='lat' dir='ltr'><strong>quomodo</strong></span> <span class='ocrx_word' id='word_1_129' title='bbox 1924 1655 1976 1707; x_wconf 92' lang='lat' dir='ltr'><strong>in</strong></span> 
     </span>
    </p>
   </div>
   <div class='ocr_carea' id='block_1_20' title="bbox 2081 460 3656 547">
    <p class='ocr_par' dir='ltr' id='par_1_20' title="bbox 2081 460 3656 547">
     <span class='ocr_line' id='line_1_20' title="bbox 2081 460 3656 547; baseline 0.006 -25"><span class='ocrx_word' id='word_1_130' title='bbox 2081 460 2406 541; x_wconf 81' lang='grc' dir='ltr'>ἐρχόμενος;</span> <span class='ocrx_word' id='word_1_131' title='bbox 2446 490 2464 523; x_wconf 80' lang='grc' dir='ltr'>ι</span> <span class='ocrx_word' id='word_1_132' title='bbox 2505 474 2763 541; x_wconf 73' lang='grc' dir='ltr'>Ὄψονται</span> <span class='ocrx_word' id='word_1_133' title='bbox 2793 474 2873 536; x_wconf 86' lang='grc' dir='ltr'>εἰς</span> <span class='ocrx_word' id='word_1_134' title='bbox 2918 473 2976 527; x_wconf 86' lang='grc' dir='ltr'><strong>ὃν</strong></span> <span class='ocrx_word' id='word_1_135' title='bbox 3025 473 3403 547; x_wconf 87' lang='grc' dir='ltr'>ἐξεκέντησαν.</span> <span class='ocrx_word' id='word_1_136' title='bbox 3442 496 3461 529; x_wconf 74' lang='grc' dir='ltr'><strong>ι</strong></span> <span class='ocrx_word' id='word_1_137' title='bbox 3498 479 3656 543; x_wconf 78' lang='grc' dir='ltr'>Ἥξει</span> 
     </span>
    </p>
   </div>
   <div class='ocr_carea' id='block_1_21' title="bbox 2079 562 3653 639">
    <p class='ocr_par' dir='ltr' id='par_1_21' title="bbox 2079 562 3653 639">
     <span class='ocr_line' id='line_1_21' title="bbox 2079 562 3653 639; baseline 0.004 -23"><span class='ocrx_word' id='word_1_138' title='bbox 2079 564 2281 628; x_wconf 87' lang='grc' dir='ltr'>τοίνυν,</span> <span class='ocrx_word' id='word_1_139' title='bbox 2328 566 2357 617; x_wconf 89' lang='grc' dir='ltr'>ὁ</span> <span class='ocrx_word' id='word_1_140' title='bbox 2404 562 2688 627; x_wconf 85' lang='grc' dir='ltr'>πεπονθὼς</span> <span class='ocrx_word' id='word_1_141' title='bbox 2727 564 2825 634; x_wconf 86' lang='grc' dir='ltr'><strong>μὲν</strong></span> <span class='ocrx_word' id='word_1_142' title='bbox 2864 565 2955 617; x_wconf 89' lang='grc' dir='ltr'><strong>τὸν</strong></span> <span class='ocrx_word' id='word_1_143' title='bbox 3004 565 3232 619; x_wconf 89' lang='grc' dir='ltr'>θάνατον</span> <span class='ocrx_word' id='word_1_144' title='bbox 3275 568 3653 639; x_wconf 76' lang='grc' dir='ltr'><strong>ἀνθρωπίνως,</strong></span> 
     </span>
    </p>
   </div>
   <div class='ocr_carea' id='block_1_22' title="bbox 2080 654 3657 726">
    <p class='ocr_par' dir='ltr' id='par_1_22' title="bbox 2080 654 3657 726">
     <span class='ocr_line' id='line_1_22' title="bbox 2080 654 3657 726; baseline 0.004 -20"><span class='ocrx_word' id='word_1_145' title='bbox 2080 655 2449 725; x_wconf 74' lang='grc' dir='ltr'><strong>ἐγηγερμένος</strong></span> <span class='ocrx_word' id='word_1_146' title='bbox 2482 654 2539 707; x_wconf 84' lang='grc' dir='ltr'>δὲ</span> <span class='ocrx_word' id='word_1_147' title='bbox 2571 654 2764 717; x_wconf 86' lang='grc' dir='ltr'>θεῖκῶς</span> <span class='ocrx_word' id='word_1_148' title='bbox 2784 672 2797 685; x_wconf 91' lang='grc'><strong>·</strong></span> <span class='ocrx_word' id='word_1_149' title='bbox 2840 656 3207 726; x_wconf 87' lang='grc' dir='ltr'>ἀναφοιτήσας</span> <span class='ocrx_word' id='word_1_150' title='bbox 3236 657 3294 710; x_wconf 87' lang='grc' dir='ltr'><strong>δέ</strong></span> <span class='ocrx_word' id='word_1_151' title='bbox 3327 660 3421 711; x_wconf 75' lang='grc' dir='ltr'>καὶ</span> <span class='ocrx_word' id='word_1_152' title='bbox 3455 662 3535 723; x_wconf 83' lang='grc' dir='ltr'>εἰς</span> <span class='ocrx_word' id='word_1_153' title='bbox 3560 662 3657 713; x_wconf 78' lang='grc' dir='ltr'><strong>οὑ-</strong></span> 
     </span>
    </p>
   </div>
   <div class='ocr_carea' id='block_1_23' title="bbox 2082 744 3659 820">
    <p class='ocr_par' dir='ltr' id='par_1_23' title="bbox 2082 744 3659 820">
     <span class='ocr_line' id='line_1_23' title="bbox 2082 744 3659 820; baseline 0.004 -23"><span class='ocrx_word' id='word_1_154' title='bbox 2082 745 2283 814; x_wconf 82' lang='grc' dir='ltr'>ρανοὺς</span> <span class='ocrx_word' id='word_1_155' title='bbox 2303 786 2317 807; x_wconf 96' lang='grc'>,</span> <span class='ocrx_word' id='word_1_156' title='bbox 2341 744 2399 808; x_wconf 83' lang='grc' dir='ltr'><strong>ὃς</strong></span> <span class='ocrx_word' id='word_1_157' title='bbox 2435 748 2528 797; x_wconf 74' lang='grc' dir='ltr'><strong>καὶ</strong></span> <span class='ocrx_word' id='word_1_158' title='bbox 2556 748 2668 807; x_wconf 90' lang='grc' dir='ltr'>τοῖς</span> <span class='ocrx_word' id='word_1_159' title='bbox 2691 744 2792 814; x_wconf 84' lang='grc' dir='ltr'><strong>τῆς</strong></span> <span class='ocrx_word' id='word_1_160' title='bbox 2819 746 3060 815; x_wconf 70' lang='grc' dir='ltr'>ἀρρήτου</span> <span class='ocrx_word' id='word_1_161' title='bbox 3088 745 3342 818; x_wconf 82' lang='grc' dir='ltr'><strong>θεότητος</strong></span> <span class='ocrx_word' id='word_1_162' title='bbox 3369 747 3659 820; x_wconf 79' lang='grc' dir='ltr'>ἐναϐρύνε-</span> 
     </span>
    </p>
   </div>
   <div class='ocr_carea' id='block_1_24' title="bbox 2079 832 3657 905">
    <p class='ocr_par' dir='ltr' id='par_1_24' title="bbox 2079 832 3657 905">
     <span class='ocr_line' id='line_1_24' title="bbox 2079 832 3657 905; baseline 0.001 -18"><span class='ocrx_word' id='word_1_163' title='bbox 2079 852 2168 887; x_wconf 88' lang='grc' dir='ltr'>ται</span> <span class='ocrx_word' id='word_1_164' title='bbox 2197 832 2414 899; x_wconf 84' lang='grc' dir='ltr'><strong>θώκοις,</strong></span> <span class='ocrx_word' id='word_1_165' title='bbox 2450 835 2543 888; x_wconf 73' lang='grc' dir='ltr'><strong>καὶ</strong></span> <span class='ocrx_word' id='word_1_166' title='bbox 2576 833 2883 904; x_wconf 84' lang='grc' dir='ltr'>συνεδρεὺει</span> <span class='ocrx_word' id='word_1_167' title='bbox 2919 833 2997 904; x_wconf 82' lang='grc' dir='ltr'>τῷ</span> <span class='ocrx_word' id='word_1_168' title='bbox 3031 834 3231 905; x_wconf 62' lang='lat' dir='ltr'><strong>“arpi,</strong></span> <span class='ocrx_word' id='word_1_169' title='bbox 3270 836 3657 905; x_wconf 84' lang='grc' dir='ltr'><strong>περιεστώτων</strong></span> 
     </span>
    </p>
   </div>
   <div class='ocr_carea' id='block_1_25' title="bbox 2079 926 3658 998">
    <p class='ocr_par' dir='ltr' id='par_1_25' title="bbox 2079 926 3658 998">
     <span class='ocr_line' id='line_1_25' title="bbox 2079 926 3658 998; baseline 0.001 -19"><span class='ocrx_word' id='word_1_170' title='bbox 2079 927 2138 980; x_wconf 85' lang='grc' dir='ltr'><strong>ἐν</strong></span> <span class='ocrx_word' id='word_1_171' title='bbox 2169 926 2355 997; x_wconf 83' lang='grc' dir='ltr'><strong>κύκλῳ</strong></span> <span class='ocrx_word' id='word_1_172' title='bbox 2384 927 2625 997; x_wconf 86' lang='grc' dir='ltr'>δηλονότι</span> <span class='ocrx_word' id='word_1_173' title='bbox 2654 928 2762 981; x_wconf 86' lang='grc' dir='ltr'>τῶν</span> <span class='ocrx_word' id='word_1_174' title='bbox 2790 928 3041 998; x_wconf 70' lang='grc' dir='ltr'>Σεραφὶμ</span> <span class='ocrx_word' id='word_1_175' title='bbox 3065 968 3079 993; x_wconf 90' lang='grc'>,</span> <span class='ocrx_word' id='word_1_176' title='bbox 3113 929 3207 980; x_wconf 78' lang='grc' dir='ltr'>καὶ</span> <span class='ocrx_word' id='word_1_177' title='bbox 3253 927 3362 980; x_wconf 87' lang='grc' dir='ltr'>τῶν</span> <span class='ocrx_word' id='word_1_178' title='bbox 3392 929 3658 983; x_wconf 82' lang='grc' dir='ltr'><strong>ἀνωτάτω</strong></span> 
     </span>
    </p>
   </div>
   <div class='ocr_carea' id='block_1_26' title="bbox 2078 1012 3659 1085">
    <p class='ocr_par' dir='ltr' id='par_1_26' title="bbox 2078 1012 3659 1085">
     <span class='ocr_line' id='line_1_26' title="bbox 2078 1012 3659 1085; baseline -0.001 -18"><span class='ocrx_word' id='word_1_179' title='bbox 2078 1017 2393 1085; x_wconf 88' lang='grc' dir='ltr'>Δυνάμεων,</span> <span class='ocrx_word' id='word_1_180' title='bbox 2421 1016 2520 1068; x_wconf 87' lang='grc' dir='ltr'><strong>οὐκ</strong></span> <span class='ocrx_word' id='word_1_181' title='bbox 2540 1014 2847 1083; x_wconf 75' lang='grc' dir='ltr'><strong>ἀγνωυσῶν</strong></span> <span class='ocrx_word' id='word_1_182' title='bbox 2869 1016 2970 1083; x_wconf 81' lang='grc' dir='ltr'><strong>τῆς</strong></span> <span class='ocrx_word' id='word_1_183' title='bbox 3001 1013 3092 1067; x_wconf 83' lang='grc' dir='ltr'>ὑπ’</span> <span class='ocrx_word' id='word_1_184' title='bbox 3125 1013 3304 1066; x_wconf 81' lang='grc' dir='ltr'>αὑτῶν</span> <span class='ocrx_word' id='word_1_185' title='bbox 3327 1012 3568 1077; x_wconf 80' lang='grc' dir='ltr'><strong>δουλείας</strong></span> <span class='ocrx_word' id='word_1_186' title='bbox 3594 1015 3659 1065; x_wconf 87' lang='grc' dir='ltr'>τὸ</span> 
     </span>
    </p>
   </div>
   <div class='ocr_carea' id='block_1_27' title="bbox 2082 1104 3659 1177">
    <p class='ocr_par' dir='ltr' id='par_1_27' title="bbox 2082 1104 3659 1177">
     <span class='ocr_line' id='line_1_27' title="bbox 2082 1104 3659 1177; baseline -0.003 -17"><span class='ocrx_word' id='word_1_187' title='bbox 2082 1106 2304 1177; x_wconf 76' lang='grc' dir='ltr'>μέτρονο</span> <span class='ocrx_word' id='word_1_188' title='bbox 2329 1105 2739 1177; x_wconf 79' lang='grc' dir='ltr'>προσκυνοῦσης</span> <span class='ocrx_word' id='word_1_189' title='bbox 2762 1123 2819 1158; x_wconf 89' lang='grc' dir='ltr'>τε</span> <span class='ocrx_word' id='word_1_190' title='bbox 2847 1105 2996 1175; x_wconf 83' lang='grc' dir='ltr'>αὐτῷ</span> <span class='ocrx_word' id='word_1_191' title='bbox 3023 1107 3117 1159; x_wconf 74' lang='grc' dir='ltr'><strong>καὶ</strong></span> <span class='ocrx_word' id='word_1_192' title='bbox 3133 1104 3408 1169; x_wconf 83' lang='grc' dir='ltr'>Ἐξουσίας</span> <span class='ocrx_word' id='word_1_193' title='bbox 3434 1106 3659 1172; x_wconf 81' lang='grc' dir='ltr'>ἁπάσης</span> 
     </span>
    </p>
   </div>
   <div class='ocr_carea' id='block_1_28' title="bbox 2079 1196 3657 1267">
    <p class='ocr_par' dir='ltr' id='par_1_28' title="bbox 2079 1196 3657 1267">
     <span class='ocr_line' id='line_1_28' title="bbox 2079 1196 3657 1267; baseline -0.002 -17"><span class='ocrx_word' id='word_1_194' title='bbox 2079 1196 2372 1267; x_wconf 87' lang='grc' dir='ltr'>Δυνάμεώς</span> <span class='ocrx_word' id='word_1_195' title='bbox 2410 1214 2469 1250; x_wconf 88' lang='grc' dir='ltr'><strong>τε</strong></span> <span class='ocrx_word' id='word_1_196' title='bbox 2505 1197 2599 1250; x_wconf 76' lang='grc' dir='ltr'>καὶ</span> <span class='ocrx_word' id='word_1_197' title='bbox 2648 1196 3018 1267; x_wconf 47' lang='grc' dir='ltr'>κυριότητος</span> <span class='ocrx_word' id='word_1_198' title='bbox 3061 1214 3080 1247; x_wconf 82' lang='grc' dir='ltr'>ι</span> <span class='ocrx_word' id='word_1_199' title='bbox 3119 1196 3328 1266; x_wconf 76' lang='grc' dir='ltr'>κάμψει</span> <span class='ocrx_word' id='word_1_200' title='bbox 3362 1196 3471 1266; x_wconf 81' lang='grc' dir='ltr'>γὰρ</span> <span class='ocrx_word' id='word_1_201' title='bbox 3502 1196 3657 1266; x_wconf 80' lang='grc' dir='ltr'>αὐτῷ</span> 
     </span>
    </p>
   </div>
   <div class='ocr_carea' id='block_1_29' title="bbox 2080 1286 3656 1357">
    <p class='ocr_par' dir='ltr' id='par_1_29' title="bbox 2080 1286 3656 1357">
     <span class='ocr_line' id='line_1_29' title="bbox 2080 1286 3656 1357; baseline -0.002 -15"><span class='ocrx_word' id='word_1_202' title='bbox 2080 1290 2188 1342; x_wconf 80' lang='grc' dir='ltr'><strong>πᾶν</strong></span> <span class='ocrx_word' id='word_1_203' title='bbox 2227 1288 2377 1357; x_wconf 86' lang='grc' dir='ltr'><strong>γόνυ,</strong></span> <span class='ocrx_word' id='word_1_204' title='bbox 2435 1288 2531 1341; x_wconf 73' lang='grc' dir='ltr'>καὶ</span> <span class='ocrx_word' id='word_1_205' title='bbox 2577 1288 2726 1341; x_wconf 82' lang='grc' dir='ltr'>πᾶσα</span> <span class='ocrx_word' id='word_1_206' title='bbox 2766 1286 2988 1355; x_wconf 81' lang='grc' dir='ltr'>γλῶσσα</span> <span class='ocrx_word' id='word_1_207' title='bbox 3038 1286 3529 1357; x_wconf 80' lang='grc' dir='ltr'>ἐξομολογήσεται,</span> <span class='ocrx_word' id='word_1_208' title='bbox 3568 1288 3656 1339; x_wconf 83' lang='grc' dir='ltr'>ὅτι</span> 
     </span>
    </p>
   </div>
   <div class='ocr_carea' id='block_1_30' title="bbox 2081 1377 3656 1453">
    <p class='ocr_par' dir='ltr' id='par_1_30' title="bbox 2081 1377 3656 1453">
     <span class='ocr_line' id='line_1_30' title="bbox 2081 1377 3656 1453; baseline -0.003 -19"><span class='ocrx_word' id='word_1_209' title='bbox 2081 1383 2286 1453; x_wconf 79' lang='grc' dir='ltr'>Κύριος</span> <span class='ocrx_word' id='word_1_210' title='bbox 2301 1379 2526 1452; x_wconf 85' lang='grc' dir='ltr'>Ἰησοῦς,</span> <span class='ocrx_word' id='word_1_211' title='bbox 2552 1382 2631 1443; x_wconf 87' lang='grc' dir='ltr'><strong>είς</strong></span> <span class='ocrx_word' id='word_1_212' title='bbox 2659 1378 2815 1445; x_wconf 79' lang='grc' dir='ltr'>δόξαν</span> <span class='ocrx_word' id='word_1_213' title='bbox 2844 1377 2978 1432; x_wconf 91' lang='grc' dir='ltr'>Θεοῦ</span> <span class='ocrx_word' id='word_1_214' title='bbox 3000 1381 3235 1450; x_wconf 87' lang='grc' dir='ltr'>Πατρός.</span> <span class='ocrx_word' id='word_1_215' title='bbox 3252 1378 3442 1445; x_wconf 72' lang='grc' dir='ltr'>ι”Ηξει</span> <span class='ocrx_word' id='word_1_216' title='bbox 3464 1378 3542 1443; x_wconf 79' lang='grc' dir='ltr'><strong>δὲ,</strong></span> <span class='ocrx_word' id='word_1_217' title='bbox 3575 1380 3656 1441; x_wconf 86' lang='grc' dir='ltr'>ὡς</span> 
     </span>
    </p>
   </div>
   <div class='ocr_carea' id='block_1_31' title="bbox 2079 1469 3658 1544">
    <p class='ocr_par' dir='ltr' id='par_1_31' title="bbox 2079 1469 3658 1544">
     <span class='ocr_line' id='line_1_31' title="bbox 2079 1469 3658 1544; baseline -0.002 -19"><span class='ocrx_word' id='word_1_218' title='bbox 2079 1472 2238 1544; x_wconf 77' lang='grc' dir='ltr'>ἔφην,</span> <span class='ocrx_word' id='word_1_219' title='bbox 2264 1474 2364 1526; x_wconf 90' lang='grc' dir='ltr'><strong>οὑκ</strong></span> <span class='ocrx_word' id='word_1_220' title='bbox 2391 1472 2447 1526; x_wconf 79' lang='grc' dir='ltr'>ἐν</span> <span class='ocrx_word' id='word_1_221' title='bbox 2473 1489 2537 1540; x_wconf 90' lang='grc' dir='ltr'>γε</span> <span class='ocrx_word' id='word_1_222' title='bbox 2560 1474 2627 1542; x_wconf 82' lang='grc' dir='ltr'><strong>τῇ</strong></span> <span class='ocrx_word' id='word_1_223' title='bbox 2661 1469 2782 1524; x_wconf 88' lang='grc' dir='ltr'>καθ’</span> <span class='ocrx_word' id='word_1_224' title='bbox 2818 1472 2967 1540; x_wconf 81' lang='grc' dir='ltr'><strong>ἡμᾶς</strong></span> <span class='ocrx_word' id='word_1_225' title='bbox 3002 1471 3446 1541; x_wconf 79' lang='grc' dir='ltr'>σμικροπρεπείᾳ</span> <span class='ocrx_word' id='word_1_226' title='bbox 3473 1470 3658 1540; x_wconf 83' lang='grc' dir='ltr'>φαινό-</span> 
     </span>
    </p>
   </div>
   <div class='ocr_carea' id='block_1_32' title="bbox 2085 1561 3655 1636">
    <p class='ocr_par' dir='ltr' id='par_1_32' title="bbox 2085 1561 3655 1636">
     <span class='ocr_line' id='line_1_32' title="bbox 2085 1561 3655 1636; baseline -0.003 -19"><span class='ocrx_word' id='word_1_227' title='bbox 2085 1582 2263 1636; x_wconf 88' lang='grc' dir='ltr'>μενος,</span> <span class='ocrx_word' id='word_1_228' title='bbox 2295 1565 2355 1616; x_wconf 84' lang='grc' dir='ltr'><strong>ἐν</strong></span> <span class='ocrx_word' id='word_1_229' title='bbox 2394 1562 2699 1633; x_wconf 82' lang='grc' dir='ltr'>εὐκλείᾳ.δέ</span> <span class='ocrx_word' id='word_1_230' title='bbox 2741 1562 2941 1632; x_wconf 81' lang='grc' dir='ltr'>μᾶλλον</span> <span class='ocrx_word' id='word_1_231' title='bbox 2970 1565 3036 1633; x_wconf 85' lang='grc' dir='ltr'>τῇ</span> <span class='ocrx_word' id='word_1_232' title='bbox 3068 1561 3539 1633; x_wconf 82' lang='grc' dir='ltr'>θεοπρεπεστάτῃ,</span> <span class='ocrx_word' id='word_1_233' title='bbox 3565 1562 3655 1613; x_wconf 76' lang='lat' dir='ltr'><strong>6o-</strong></span> 
     </span>
    </p>
   </div>
   <div class='ocr_carea' id='block_1_33' title="bbox 2084 1653 3655 1727">
    <p class='ocr_par' dir='ltr' id='par_1_33' title="bbox 2084 1653 3655 1727">
     <span class='ocr_line' id='line_1_33' title="bbox 2084 1653 3655 1727; baseline -0.003 -18"><span class='ocrx_word' id='word_1_234' title='bbox 2084 1656 2447 1727; x_wconf 86' lang='grc' dir='ltr'>ρυφοροῦντος</span> <span class='ocrx_word' id='word_1_235' title='bbox 2478 1653 2712 1724; x_wconf 82' lang='grc' dir='ltr'>οὐρανοῦ</span> <span class='ocrx_word' id='word_1_236' title='bbox 2747 1654 2840 1706; x_wconf 72' lang='grc' dir='ltr'>καὶ</span> <span class='ocrx_word' id='word_1_237' title='bbox 2885 1653 2994 1705; x_wconf 84' lang='grc' dir='ltr'>τῶν</span> <span class='ocrx_word' id='word_1_238' title='bbox 3043 1655 3155 1708; x_wconf 84' lang='grc' dir='ltr'><strong>ἄνω</strong></span> <span class='ocrx_word' id='word_1_239' title='bbox 3207 1654 3529 1724; x_wconf 81' lang='grc' dir='ltr'><strong>πνευμάτων</strong></span> <span class='ocrx_word' id='word_1_240' title='bbox 3574 1654 3655 1716; x_wconf 85' lang='grc' dir='ltr'>ὡς</span> 
     </span>
    </p>
   </div>
   <div class='ocr_carea' id='block_1_34' title="bbox 401 1738 1971 1817">
    <p class='ocr_par' dir='ltr' id='par_1_34' title="bbox 401 1741 1971 1813">
     <span class='ocr_line' id='line_1_34' title="bbox 401 1741 1971 1813; baseline -0.003 -12"><span class='ocrx_word' id='word_1_241' title='bbox 401 1748 529 1801; x_wconf 89' lang='lat' dir='ltr'><strong>sede</strong></span> <span class='ocrx_word' id='word_1_242' title='bbox 571 1757 837 1813; x_wconf 72' lang='lat' dir='ltr'><strong>suprema:</strong></span> <span class='ocrx_word' id='word_1_243' title='bbox 889 1741 1190 1797; x_wconf 80' lang='lat' dir='ltr'><strong>divinitatis</strong></span> <span class='ocrx_word' id='word_1_244' title='bbox 1234 1742 1590 1812; x_wconf 88' lang='lat' dir='ltr'><strong>conspicitur,</strong></span> <span class='ocrx_word' id='word_1_245' title='bbox 1620 1743 1768 1797; x_wconf 88' lang='lat' dir='ltr'><strong>velut</strong></span> <span class='ocrx_word' id='word_1_246' title='bbox 1814 1759 1971 1812; x_wconf 88' lang='lat' dir='ltr'><strong>quar-</strong></span> 
     </span>
    </p>
   </div>
   <div class='ocr_carea' id='block_1_35' title="bbox 2075 1738 3651 1817">
    <p class='ocr_par' dir='ltr' id='par_1_35' title="bbox 2078 1740 3651 1817">
     <span class='ocr_line' id='line_1_35' title="bbox 2078 1740 3651 1817; baseline -0.003 -18"><span class='ocrx_word' id='word_1_247' title='bbox 2078 1746 2198 1817; x_wconf 81' lang='grc' dir='ltr'><strong>Θεῷ</strong></span> <span class='ocrx_word' id='word_1_248' title='bbox 2228 1762 2285 1799; x_wconf 88' lang='grc' dir='ltr'><strong>τε</strong></span> <span class='ocrx_word' id='word_1_249' title='bbox 2313 1746 2407 1799; x_wconf 69' lang='grc' dir='ltr'>καὶ</span> <span class='ocrx_word' id='word_1_250' title='bbox 2434 1743 2672 1807; x_wconf 78' lang='grc' dir='ltr'><strong>Βασιλεῖ,</strong></span> <span class='ocrx_word' id='word_1_251' title='bbox 2701 1743 2794 1796; x_wconf 57' lang='grc' dir='ltr'><strong>καὶ⁸</strong></span> <span class='ocrx_word' id='word_1_252' title='bbox 2821 1741 2899 1812; x_wconf 85' lang='grc' dir='ltr'>τῷ</span> <span class='ocrx_word' id='word_1_253' title='bbox 2928 1742 3035 1795; x_wconf 86' lang='grc' dir='ltr'><strong>τῶν</strong></span> <span class='ocrx_word' id='word_1_254' title='bbox 3063 1740 3202 1796; x_wconf 79' lang='grc' dir='ltr'>ὅλων</span> <span class='ocrx_word' id='word_1_255' title='bbox 3225 1744 3472 1815; x_wconf 82' lang='grc' dir='ltr'>Δεσπότῃ</span> <span class='ocrx_word' id='word_1_256' title='bbox 3502 1760 3651 1813; x_wconf 82' lang='grc' dir='ltr'>παρ-</span> 
     </span>
    </p>
   </div>
   <div class='ocr_carea' id='block_1_36' title="bbox 404 1834 1976 1903">
    <p class='ocr_par' dir='ltr' id='par_1_36' title="bbox 404 1834 1976 1903">
     <span class='ocr_line' id='line_1_36' title="bbox 404 1834 1976 1903; baseline -0.003 -11"><span class='ocrx_word' id='word_1_257' title='bbox 404 1849 489 1894; x_wconf 92' lang='lat' dir='ltr'><strong>tus</strong></span> <span class='ocrx_word' id='word_1_258' title='bbox 538 1837 692 1891; x_wconf 89' lang='lat' dir='ltr'><strong>nobis</strong></span> <span class='ocrx_word' id='word_1_259' title='bbox 748 1834 891 1888; x_wconf 92' lang='lat' dir='ltr'><strong>Deus</strong></span> <span class='ocrx_word' id='word_1_260' title='bbox 928 1834 1149 1901; x_wconf 89' lang='lat' dir='ltr'><strong>quidam</strong></span> <span class='ocrx_word' id='word_1_261' title='bbox 1204 1848 1395 1887; x_wconf 88' lang='lat' dir='ltr'><strong>recens</strong></span> <span class='ocrx_word' id='word_1_262' title='bbox 1435 1843 1555 1903; x_wconf 91' lang='lat' dir='ltr'><strong>post</strong></span> <span class='ocrx_word' id='word_1_263' title='bbox 1579 1844 1823 1889; x_wconf 88' lang='lat' dir='ltr'><strong>sanctam</strong></span> <span class='ocrx_word' id='word_1_264' title='bbox 1854 1835 1976 1889; x_wconf 83' lang='lat' dir='ltr'><strong>Tri-</strong></span> 
     </span>
    </p>
   </div>
   <div class='ocr_carea' id='block_1_37' title="bbox 402 1924 1972 1995">
    <p class='ocr_par' dir='ltr' id='par_1_37' title="bbox 402 1924 1972 1995">
     <span class='ocr_line' id='line_1_37' title="bbox 402 1924 1972 1995; baseline -0.005 -10"><span class='ocrx_word' id='word_1_265' title='bbox 402 1931 623 1985; x_wconf 84' lang='lat' dir='ltr'><strong>nitatem</strong></span> <span class='ocrx_word' id='word_1_266' title='bbox 687 1924 1103 1982; x_wconf 74' lang='lat' dir='ltr'><strong>eﬂ&#39;ectus7Non</strong></span> <span class='ocrx_word' id='word_1_267' title='bbox 1172 1924 1363 1979; x_wconf 86' lang='lat' dir='ltr'><strong>horres</strong></span> <span class='ocrx_word' id='word_1_268' title='bbox 1436 1924 1618 1979; x_wconf 90' lang='lat' dir='ltr'><strong>dicere</strong></span> <span class='ocrx_word' id='word_1_269' title='bbox 1700 1925 1972 1995; x_wconf 82' lang='lat' dir='ltr'><strong>vulgarem</strong></span> 
     </span>
    </p>
   </div>
   <div class='ocr_carea' id='block_1_38' title="bbox 403 2013 1976 2086">
    <p class='ocr_par' dir='ltr' id='par_1_38' title="bbox 403 2013 1976 2086">
     <span class='ocr_line' id='line_1_38' title="bbox 403 2013 1976 2086; baseline -0.006 -9"><span class='ocrx_word' id='word_1_270' title='bbox 403 2022 696 2086; x_wconf 81' lang='lat' dir='ltr'><strong>hominem,</strong></span> <span class='ocrx_word' id='word_1_271' title='bbox 724 2028 987 2074; x_wconf 74' lang='lat' dir='ltr'><strong>creaturae</strong></span> <span class='ocrx_word' id='word_1_272' title='bbox 1014 2016 1215 2071; x_wconf 91' lang='lat' dir='ltr'><strong>cultum</strong></span> <span class='ocrx_word' id='word_1_273' title='bbox 1243 2013 1976 2086; x_wconf 62' lang='lat' dir='ltr'><strong>exhibendum&#39;excogitans?</strong></span> 
     </span>
    </p>
   </div>
   <div class='ocr_carea' id='block_1_39' title="bbox 402 2108 1975 2183">
    <p class='ocr_par' dir='ltr' id='par_1_39' title="bbox 402 2108 1975 2183">
     <span class='ocr_line' id='line_1_39' title="bbox 402 2108 1975 2183; baseline -0.005 -14"><span class='ocrx_word' id='word_1_274' title='bbox 402 2114 621 2183; x_wconf 79' lang='lat' dir='ltr'><strong>Ergone</strong></span> <span class='ocrx_word' id='word_1_275' title='bbox 670 2109 945 2164; x_wconf 88' lang='lat' dir='ltr'><strong>veteribus</strong></span> <span class='ocrx_word' id='word_1_276' title='bbox 990 2108 1199 2178; x_wconf 83' lang='lat' dir='ltr'><strong>laqueis</strong></span> <span class='ocrx_word' id='word_1_277' title='bbox 1233 2108 1534 2162; x_wconf 87' lang='lat' dir='ltr'><strong>detinemur</strong></span> <span class='ocrx_word' id='word_1_278' title='bbox 1563 2108 1586 2160; x_wconf 90' lang='lat'><strong>?</strong></span> <span class='ocrx_word' id='word_1_279' title='bbox 1619 2122 1819 2177; x_wconf 90' lang='lat' dir='ltr'><strong>ergone</strong></span> <span class='ocrx_word' id='word_1_280' title='bbox 1865 2108 1975 2161; x_wconf 92' lang='lat' dir='ltr'><strong>Deo</strong></span> 
     </span>
    </p>
   </div>
   <div class='ocr_carea' id='block_1_40' title="bbox 401 2199 1975 2276">
    <p class='ocr_par' dir='ltr' id='par_1_40' title="bbox 401 2199 1975 2276">
     <span class='ocr_line' id='line_1_40' title="bbox 401 2199 1975 2276; baseline -0.004 -17"><span class='ocrx_word' id='word_1_281' title='bbox 401 2205 653 2276; x_wconf 70' lang='lat' dir='ltr'><strong>iniuriam</strong></span> <span class='ocrx_word' id='word_1_282' title='bbox 702 2201 886 2256; x_wconf 88' lang='lat' dir='ltr'><strong>intulit</strong></span> <span class='ocrx_word' id='word_1_283' title='bbox 934 2208 990 2255; x_wconf 86' lang='lat' dir='ltr'><strong>et</strong></span> <span class='ocrx_word' id='word_1_284' title='bbox 1037 2200 1319 2254; x_wconf 90' lang='lat' dir='ltr'><strong>nobiscum</strong></span> <span class='ocrx_word' id='word_1_285' title='bbox 1368 2213 1555 2253; x_wconf 87' lang='lat' dir='ltr'><strong>errore</strong></span> <span class='ocrx_word' id='word_1_286' title='bbox 1609 2199 1833 2254; x_wconf 87' lang='lat' dir='ltr'><strong>seducta</strong></span> <span class='ocrx_word' id='word_1_287' title='bbox 1888 2207 1975 2254; x_wconf 88' lang='lat' dir='ltr'><strong>est</strong></span> 
     </span>
    </p>
   </div>
   <div class='ocr_carea' id='block_1_41' title="bbox 399 2289 1972 2359">
    <p class='ocr_par' dir='ltr' id='par_1_41' title="bbox 399 2289 1972 2359">
     <span class='ocr_line' id='line_1_41' title="bbox 399 2289 1972 2359; baseline -0.004 -9"><span class='ocrx_word' id='word_1_288' title='bbox 399 2304 582 2350; x_wconf 83' lang='lat' dir='ltr'><strong>sancta</strong></span> <span class='ocrx_word' id='word_1_289' title='bbox 629 2292 718 2347; x_wconf 86' lang='lat' dir='ltr'><strong>illa</strong></span> <span class='ocrx_word' id='word_1_290' title='bbox 780 2289 1069 2351; x_wconf 82' lang='lat' dir='ltr'><strong>multitudo</strong></span> <span class='ocrx_word' id='word_1_291' title='bbox 1119 2303 1472 2358; x_wconf 84' lang='lat' dir='ltr'><strong>supernorum</strong></span> <span class='ocrx_word' id='word_1_292' title='bbox 1533 2289 1875 2359; x_wconf 82' lang='lat' dir='ltr'><strong>spirituum?</strong></span> <span class='ocrx_word' id='word_1_293' title='bbox 1914 2289 1972 2344; x_wconf 78' lang='lat' dir='ltr'><strong>Si</strong></span> 
     </span>
    </p>
   </div>
   <div class='ocr_carea' id='block_1_42' title="bbox 402 2381 1975 2455">
    <p class='ocr_par' dir='ltr' id='par_1_42' title="bbox 402 2381 1975 2455">
     <span class='ocr_line' id='line_1_42' title="bbox 402 2381 1975 2455; baseline -0.001 -16"><span class='ocrx_word' id='word_1_294' title='bbox 402 2387 569 2442; x_wconf 84' lang='lat' dir='ltr'><strong>veleri</strong></span> <span class='ocrx_word' id='word_1_295' title='bbox 621 2398 807 2440; x_wconf 89' lang='lat' dir='ltr'><strong>errore</strong></span> <span class='ocrx_word' id='word_1_296' title='bbox 859 2382 1072 2436; x_wconf 87' lang='lat' dir='ltr'><strong>liberati</strong></span> <span class='ocrx_word' id='word_1_297' title='bbox 1127 2396 1315 2455; x_wconf 81' lang='lat' dir='ltr'><strong>sumus</strong></span> <span class='ocrx_word' id='word_1_298' title='bbox 1361 2381 1418 2434; x_wconf 90' lang='lat' dir='ltr'><strong>in</strong></span> <span class='ocrx_word' id='word_1_299' title='bbox 1473 2395 1540 2435; x_wconf 88' lang='lat' dir='ltr'><strong>eo</strong></span> <span class='ocrx_word' id='word_1_300' title='bbox 1587 2382 1729 2450; x_wconf 90' lang='lat' dir='ltr'><strong>quod</strong></span> <span class='ocrx_word' id='word_1_301' title='bbox 1765 2383 1975 2438; x_wconf 86' lang='lat' dir='ltr'><strong>servire</strong></span> 
     </span>
    </p>
   </div>
   <div class='ocr_carea' id='block_1_43' title="bbox 400 2470 1976 2542">
    <p class='ocr_par' dir='ltr' id='par_1_43' title="bbox 400 2470 1976 2542">
     <span class='ocr_line' id='line_1_43' title="bbox 400 2470 1976 2542; baseline -0.003 -11"><span class='ocrx_word' id='word_1_302' title='bbox 400 2482 665 2532; x_wconf 64' lang='lat' dir='ltr'><strong>creaturae</strong></span> <span class='ocrx_word' id='word_1_303' title='bbox 696 2482 950 2542; x_wconf 85' lang='lat' dir='ltr'><strong>tauquam</strong></span> <span class='ocrx_word' id='word_1_304' title='bbox 1012 2484 1124 2525; x_wconf 86' lang='lat' dir='ltr'><strong>rem</strong></span> <span class='ocrx_word' id='word_1_305' title='bbox 1181 2470 1401 2540; x_wconf 81' lang='lat' dir='ltr'><strong>impiam</strong></span> <span class='ocrx_word' id='word_1_306' title='bbox 1438 2471 1826 2537; x_wconf 84' lang='lat' dir='ltr'><strong>recusavimus,</strong></span> <span class='ocrx_word' id='word_1_307' title='bbox 1877 2487 1976 2527; x_wconf 91' lang='lat' dir='ltr'><strong>cur</strong></span> 
     </span>
    </p>
   </div>
   <div class='ocr_carea' id='block_1_44' title="bbox 402 2559 1971 2628">
    <p class='ocr_par' dir='ltr' id='par_1_44' title="bbox 402 2559 1971 2628">
     <span class='ocr_line' id='line_1_44' title="bbox 402 2559 1971 2628; baseline -0.002 -8"><span class='ocrx_word' id='word_1_308' title='bbox 402 2581 499 2620; x_wconf 89' lang='lat' dir='ltr'><strong>nos</strong></span> <span class='ocrx_word' id='word_1_309' title='bbox 543 2566 595 2618; x_wconf 91' lang='lat' dir='ltr'><strong>in</strong></span> <span class='ocrx_word' id='word_1_310' title='bbox 632 2573 811 2618; x_wconf 82' lang='lat' dir='ltr'><strong>vetera</strong></span> <span class='ocrx_word' id='word_1_311' title='bbox 856 2561 1083 2621; x_wconf 86' lang='lat' dir='ltr'><strong>crimina</strong></span> <span class='ocrx_word' id='word_1_312' title='bbox 1128 2559 1371 2628; x_wconf 83' lang='lat' dir='ltr'><strong>coujicis,</strong></span> <span class='ocrx_word' id='word_1_313' title='bbox 1402 2570 1459 2615; x_wconf 93' lang='lat' dir='ltr'><strong>et</strong></span> <span class='ocrx_word' id='word_1_314' title='bbox 1483 2561 1652 2617; x_wconf 86' lang='lat' dir='ltr'><strong>elIicis</strong></span> <span class='ocrx_word' id='word_1_315' title='bbox 1670 2562 1971 2618; x_wconf 84' lang='lat' dir='ltr'><strong>hominico-</strong></span> 
     </span>
    </p>
   </div>
   <div class='ocr_carea' id='block_1_45' title="bbox 402 2651 1974 2714">
    <p class='ocr_par' dir='ltr' id='par_1_45' title="bbox 402 2651 1974 2714">
     <span class='ocr_line' id='line_1_45' title="bbox 402 2651 1974 2714; baseline -0.003 -1"><span class='ocrx_word' id='word_1_316' title='bbox 402 2658 516 2714; x_wconf 82' lang='lat' dir='ltr'><strong>las?</strong></span> <span class='ocrx_word' id='word_1_317' title='bbox 536 2656 645 2713; x_wconf 85' lang='lat' dir='ltr'><strong>Nos</strong></span> <span class='ocrx_word' id='word_1_318' title='bbox 669 2656 813 2711; x_wconf 90' lang='lat' dir='ltr'><strong>cnim</strong></span> <span class='ocrx_word' id='word_1_319' title='bbox 839 2655 1039 2709; x_wconf 85' lang='lat' dir='ltr'><strong>scimus</strong></span> <span class='ocrx_word' id='word_1_320' title='bbox 1065 2653 1409 2708; x_wconf 81' lang='lat' dir='ltr'><strong>etcredimus</strong></span> <span class='ocrx_word' id='word_1_321' title='bbox 1428 2652 1559 2708; x_wconf 92' lang='lat' dir='ltr'><strong>illud</strong></span> <span class='ocrx_word' id='word_1_322' title='bbox 1587 2668 1654 2707; x_wconf 81' lang='lat' dir='ltr'><strong>ex</strong></span> <span class='ocrx_word' id='word_1_323' title='bbox 1679 2654 1788 2708; x_wconf 90' lang='lat' dir='ltr'><strong>Deo</strong></span> <span class='ocrx_word' id='word_1_324' title='bbox 1812 2651 1974 2709; x_wconf 86' lang='lat' dir='ltr'><strong>Patre</strong></span> 
     </span>
    </p>
   </div>
   <div class='ocr_carea' id='block_1_46' title="bbox 404 2743 1972 2814">
    <p class='ocr_par' dir='ltr' id='par_1_46' title="bbox 404 2743 1972 2814">
     <span class='ocr_line' id='line_1_46' title="bbox 404 2743 1972 2814; baseline -0.003 -11"><span class='ocrx_word' id='word_1_325' title='bbox 404 2749 634 2803; x_wconf 81' lang='lat' dir='ltr'><strong>Verbum</strong></span> <span class='ocrx_word' id='word_1_326' title='bbox 691 2760 907 2800; x_wconf 88' lang='lat' dir='ltr'><strong>carnem</strong></span> <span class='ocrx_word' id='word_1_327' title='bbox 964 2754 1022 2799; x_wconf 85' lang='lat' dir='ltr'><strong>et</strong></span> <span class='ocrx_word' id='word_1_328' title='bbox 1067 2743 1386 2814; x_wconf 88' lang='lat' dir='ltr'><strong>sanguinem</strong></span> <span class='ocrx_word' id='word_1_329' title='bbox 1420 2743 1789 2813; x_wconf 82' lang='lat' dir='ltr'><strong>assumpsisse</strong></span> <span class='ocrx_word' id='word_1_330' title='bbox 1824 2760 1838 2798; x_wconf 88' lang='lat'><strong>:</strong></span> <span class='ocrx_word' id='word_1_331' title='bbox 1877 2746 1972 2799; x_wconf 89' lang='lat' dir='ltr'><strong>sed</strong></span> 
     </span>
    </p>
   </div>
   <div class='ocr_carea' id='block_1_47' title="bbox 400 2834 1972 2909">
    <p class='ocr_par' dir='ltr' id='par_1_47' title="bbox 400 2834 1972 2909">
     <span class='ocr_line' id='line_1_47' title="bbox 400 2834 1972 2909; baseline -0.003 -16"><span class='ocrx_word' id='word_1_332' title='bbox 400 2841 527 2909; x_wconf 87' lang='lat' dir='ltr'><strong>quia</strong></span> <span class='ocrx_word' id='word_1_333' title='bbox 582 2838 881 2909; x_wconf 83' lang='lat' dir='ltr'><strong>permansit</strong></span> <span class='ocrx_word' id='word_1_334' title='bbox 933 2834 1096 2898; x_wconf 87' lang='lat' dir='ltr'><strong>idem,</strong></span> <span class='ocrx_word' id='word_1_335' title='bbox 1148 2849 1340 2904; x_wconf 87' lang='lat' dir='ltr'><strong>nempe</strong></span> <span class='ocrx_word' id='word_1_336' title='bbox 1390 2834 1554 2899; x_wconf 84' lang='lat' dir='ltr'><strong>Deus,</strong></span> <span class='ocrx_word' id='word_1_337' title='bbox 1604 2848 1756 2888; x_wconf 87' lang='lat' dir='ltr'><strong>suam</strong></span> <span class='ocrx_word' id='word_1_338' title='bbox 1809 2850 1972 2905; x_wconf 85' lang='lat' dir='ltr'><strong>supra</strong></span> 
     </span>
    </p>
   </div>
   <div class='ocr_carea' id='block_1_48' title="bbox 399 2926 1972 2997">
    <p class='ocr_par' dir='ltr' id='par_1_48' title="bbox 399 2926 1972 2997">
     <span class='ocr_line' id='line_1_48' title="bbox 399 2926 1972 2997; baseline -0.004 -8"><span class='ocrx_word' id='word_1_339' title='bbox 399 2933 578 2989; x_wconf 89' lang='lat' dir='ltr'><strong>omnia</strong></span> <span class='ocrx_word' id='word_1_340' title='bbox 609 2927 1122 2985; x_wconf 83' lang='lat' dir='ltr'><strong>excellentissimam</strong></span> <span class='ocrx_word' id='word_1_341' title='bbox 1173 2926 1489 2997; x_wconf 87' lang='lat' dir='ltr'><strong>dignitatem</strong></span> <span class='ocrx_word' id='word_1_342' title='bbox 1534 2928 1771 2981; x_wconf 80' lang='lat' dir='ltr'><strong>servavit</strong></span> <span class='ocrx_word' id='word_1_343' title='bbox 1806 2928 1972 2982; x_wconf 89' lang='lat' dir='ltr'><strong>etiam</strong></span> 
     </span>
    </p>
   </div>
   <div class='ocr_carea' id='block_1_49' title="bbox 400 3016 1971 3097">
    <p class='ocr_par' dir='ltr' id='par_1_49' title="bbox 400 3016 1971 3097">
     <span class='ocr_line' id='line_1_49' title="bbox 400 3016 1971 3097; baseline -0.003 -19"><span class='ocrx_word' id='word_1_344' title='bbox 400 3040 520 3078; x_wconf 84' lang='lat' dir='ltr'><strong>cum</strong></span> <span class='ocrx_word' id='word_1_345' title='bbox 540 3020 763 3092; x_wconf 89' lang='lat' dir='ltr'><strong>perinde</strong></span> <span class='ocrx_word' id='word_1_346' title='bbox 782 3034 845 3073; x_wconf 90' lang='lat' dir='ltr'><strong>ac</strong></span> <span class='ocrx_word' id='word_1_347' title='bbox 878 3032 976 3074; x_wconf 89' lang='lat' dir='ltr'><strong>nos</strong></span> <span class='ocrx_word' id='word_1_348' title='bbox 1023 3016 1269 3097; x_wconf 85' lang='lat' dir='ltr'><strong>esset_in</strong></span> <span class='ocrx_word' id='word_1_349' title='bbox 1316 3032 1503 3074; x_wconf 87' lang='lat' dir='ltr'><strong>carne.</strong></span> <span class='ocrx_word' id='word_1_350' title='bbox 1552 3016 1723 3073; x_wconf 91' lang='lat' dir='ltr'><strong>Porro</strong></span> <span class='ocrx_word' id='word_1_351' title='bbox 1746 3033 1868 3073; x_wconf 92' lang='lat' dir='ltr'><strong>cum</strong></span> <span class='ocrx_word' id='word_1_352' title='bbox 1902 3019 1971 3073; x_wconf 90' lang='lat' dir='ltr'><strong>sit</strong></span> 
     </span>
    </p>
   </div>
   <div class='ocr_carea' id='block_1_50' title="bbox 400 3108 1968 3178">
    <p class='ocr_par' dir='ltr' id='par_1_50' title="bbox 400 3108 1968 3178">
     <span class='ocr_line' id='line_1_50' title="bbox 400 3108 1968 3178; baseline -0.006 -7"><span class='ocrx_word' id='word_1_353' title='bbox 400 3117 540 3171; x_wconf 88' lang='lat' dir='ltr'><strong>Deus</strong></span> <span class='ocrx_word' id='word_1_354' title='bbox 597 3111 950 3167; x_wconf 87' lang='lat' dir='ltr'><strong>nihilominus</strong></span> <span class='ocrx_word' id='word_1_355' title='bbox 979 3111 1078 3164; x_wconf 91' lang='lat' dir='ltr'><strong>hoc</strong></span> <span class='ocrx_word' id='word_1_356' title='bbox 1110 3119 1350 3175; x_wconf 86' lang='lat' dir='ltr'><strong>tempore</strong></span> <span class='ocrx_word' id='word_1_357' title='bbox 1408 3123 1570 3178; x_wconf 86' lang='lat' dir='ltr'><strong>quam</strong></span> <span class='ocrx_word' id='word_1_358' title='bbox 1604 3108 1771 3164; x_wconf 86' lang='lat' dir='ltr'><strong>fuerit</strong></span> <span class='ocrx_word' id='word_1_359' title='bbox 1816 3109 1968 3178; x_wconf 84' lang='lat' dir='ltr'><strong>olim,</strong></span> 
     </span>
    </p>
   </div>
   <div class='ocr_carea' id='block_1_51' title="bbox 398 3200 1969 3278">
    <p class='ocr_par' dir='ltr' id='par_1_51' title="bbox 398 3200 1969 3278">
     <span class='ocr_line' id='line_1_51' title="bbox 398 3200 1969 3278; baseline -0.003 -18"><span class='ocrx_word' id='word_1_360' title='bbox 398 3208 647 3278; x_wconf 88' lang='lat' dir='ltr'><strong>quamvis</strong></span> <span class='ocrx_word' id='word_1_361' title='bbox 694 3205 855 3258; x_wconf 89' lang='lat' dir='ltr'><strong>homo</strong></span> <span class='ocrx_word' id='word_1_362' title='bbox 908 3202 1106 3264; x_wconf 84' lang='lat' dir='ltr'><strong>factus,</strong></span> <span class='ocrx_word' id='word_1_363' title='bbox 1142 3207 1320 3253; x_wconf 88' lang='lat' dir='ltr'><strong>tamen</strong></span> <span class='ocrx_word' id='word_1_364' title='bbox 1355 3200 1599 3255; x_wconf 86' lang='lat' dir='ltr'><strong>serviens</strong></span> <span class='ocrx_word' id='word_1_365' title='bbox 1627 3201 1731 3255; x_wconf 88' lang='lat' dir='ltr'><strong>sibi</strong></span> <span class='ocrx_word' id='word_1_366' title='bbox 1771 3201 1969 3268; x_wconf 75' lang='lat' dir='ltr'><strong>coelum</strong></span> 
     </span>
    </p>
   </div>
   <div class='ocr_carea' id='block_1_52' title="bbox 401 3292 1969 3363">
    <p class='ocr_par' dir='ltr' id='par_1_52' title="bbox 401 3292 1969 3363">
     <span class='ocr_line' id='line_1_52' title="bbox 401 3292 1969 3363; baseline -0.003 -11"><span class='ocrx_word' id='word_1_367' title='bbox 401 3298 585 3363; x_wconf 85' lang='lat' dir='ltr'><strong>habet,</strong></span> <span class='ocrx_word' id='word_1_368' title='bbox 623 3296 1055 3361; x_wconf 89' lang='lat' dir='ltr'><strong>adorantemque</strong></span> <span class='ocrx_word' id='word_1_369' title='bbox 1084 3301 1328 3358; x_wconf 83' lang='lat' dir='ltr'><strong>terram;</strong></span> <span class='ocrx_word' id='word_1_370' title='bbox 1367 3292 1631 3361; x_wconf 90' lang='lat' dir='ltr'><strong>scriptum</strong></span> <span class='ocrx_word' id='word_1_371' title='bbox 1662 3303 1747 3347; x_wconf 89' lang='lat' dir='ltr'><strong>est</strong></span> <span class='ocrx_word' id='word_1_372' title='bbox 1774 3294 1917 3348; x_wconf 90' lang='lat' dir='ltr'><strong>enim</strong></span> <span class='ocrx_word' id='word_1_373' title='bbox 1954 3311 1969 3347; x_wconf 92' lang='lat'><strong>:</strong></span> 
     </span>
    </p>
   </div>
   <div class='ocr_carea' id='block_1_53' title="bbox 407 3380 1973 3451">
    <p class='ocr_par' dir='ltr' id='par_1_53' title="bbox 407 3380 1973 3451">
     <span class='ocr_line' id='line_1_53' title="bbox 407 3380 1973 3451; baseline 0.001 -13"><span class='ocrx_word' id='word_1_374' title='bbox 407 3404 425 3438; x_wconf 76' lang='grc' dir='ltr'>ι</span> <span class='ocrx_word' id='word_1_375' title='bbox 460 3384 642 3441; x_wconf 85' lang='lat' dir='ltr'><strong>Laude</strong></span> <span class='ocrx_word' id='word_1_376' title='bbox 698 3381 915 3436; x_wconf 89' lang='lat' dir='ltr'><strong>Domini</strong></span> <span class='ocrx_word' id='word_1_377' title='bbox 947 3380 1107 3450; x_wconf 87' lang='lat' dir='ltr'><strong>plena</strong></span> <span class='ocrx_word' id='word_1_378' title='bbox 1164 3390 1248 3436; x_wconf 85' lang='lat' dir='ltr'><strong>est</strong></span> <span class='ocrx_word' id='word_1_379' title='bbox 1300 3389 1495 3446; x_wconf 88' lang='lat' dir='ltr'><strong>terra;</strong></span> <span class='ocrx_word' id='word_1_380' title='bbox 1532 3382 1750 3451; x_wconf 88' lang='lat' dir='ltr'><strong>operuit</strong></span> <span class='ocrx_word' id='word_1_381' title='bbox 1802 3382 1973 3439; x_wconf 80' lang='lat' dir='ltr'><strong>caelos</strong></span> 
     </span>
    </p>
   </div>
   <div class='ocr_carea' id='block_1_54' title="bbox 401 3470 1972 3548">
    <p class='ocr_par' dir='ltr' id='par_1_54' title="bbox 401 3470 1972 3548">
     <span class='ocr_line' id='line_1_54' title="bbox 401 3470 1972 3548; baseline -0.001 -18"><span class='ocrx_word' id='word_1_382' title='bbox 401 3478 569 3548; x_wconf 84' lang='lat' dir='ltr'><strong>gloria</strong></span> <span class='ocrx_word' id='word_1_383' title='bbox 611 3486 719 3541; x_wconf 88' lang='lat' dir='ltr'><strong>tua,</strong></span> <span class='ocrx_word' id='word_1_384' title='bbox 758 3473 984 3529; x_wconf 90' lang='lat' dir='ltr'><strong>Domine</strong></span> <span class='ocrx_word' id='word_1_385' title='bbox 1017 3474 1081 3525; x_wconf 83' lang='lat'><strong>“.</strong></span> <span class='ocrx_word' id='word_1_386' title='bbox 1120 3491 1139 3524; x_wconf 76' lang='grc' dir='ltr'><strong>ι</strong></span> <span class='ocrx_word' id='word_1_387' title='bbox 1181 3470 1263 3527; x_wconf 91' lang='lat' dir='ltr'><strong>Tu</strong></span> <span class='ocrx_word' id='word_1_388' title='bbox 1292 3486 1422 3527; x_wconf 89' lang='lat' dir='ltr'><strong>vero</strong></span> <span class='ocrx_word' id='word_1_389' title='bbox 1454 3488 1485 3528; x_wconf 93' lang='lat' dir='ltr'><strong>e</strong></span> <span class='ocrx_word' id='word_1_390' title='bbox 1541 3474 1813 3530; x_wconf 89' lang='lat' dir='ltr'><strong>contrario</strong></span> <span class='ocrx_word' id='word_1_391' title='bbox 1845 3490 1972 3531; x_wconf 88' lang='lat' dir='ltr'><strong>eum</strong></span> 
     </span>
    </p>
   </div>
   <div class='ocr_carea' id='block_1_55' title="bbox 402 3562 1972 3637">
    <p class='ocr_par' dir='ltr' id='par_1_55' title="bbox 402 3562 1972 3637">
     <span class='ocr_line' id='line_1_55' title="bbox 402 3562 1972 3637; baseline -0.002 -15"><span class='ocrx_word' id='word_1_392' title='bbox 402 3569 493 3637; x_wconf 89' lang='lat' dir='ltr'><strong>qui</strong></span> <span class='ocrx_word' id='word_1_393' title='bbox 547 3574 694 3621; x_wconf 85' lang='lat' dir='ltr'><strong>tanta</strong></span> <span class='ocrx_word' id='word_1_394' title='bbox 724 3574 808 3619; x_wconf 91' lang='lat' dir='ltr'><strong>est</strong></span> <span class='ocrx_word' id='word_1_395' title='bbox 857 3572 910 3620; x_wconf 91' lang='lat' dir='ltr'><strong>et</strong></span> <span class='ocrx_word' id='word_1_396' title='bbox 942 3570 1155 3617; x_wconf 85' lang='lat' dir='ltr'><strong>naturae</strong></span> <span class='ocrx_word' id='word_1_397' title='bbox 1185 3571 1241 3617; x_wconf 90' lang='lat' dir='ltr'><strong>et</strong></span> <span class='ocrx_word' id='word_1_398' title='bbox 1274 3562 1461 3631; x_wconf 61' lang='lat' dir='ltr'><strong>gloria</strong></span> <span class='ocrx_word' id='word_1_399' title='bbox 1500 3562 1871 3633; x_wconf 87' lang='lat' dir='ltr'><strong>amplitudine,</strong></span> <span class='ocrx_word' id='word_1_400' title='bbox 1904 3578 1972 3619; x_wconf 82' lang='lat' dir='ltr'><strong>ex</strong></span> 
     </span>
    </p>
   </div>
   <div class='ocr_carea' id='block_1_56' title="bbox 399 3654 1972 3721">
    <p class='ocr_par' dir='ltr' id='par_1_56' title="bbox 399 3654 1972 3721">
     <span class='ocr_line' id='line_1_56' title="bbox 399 3654 1972 3721; baseline -0.002 -8"><span class='ocrx_word' id='word_1_401' title='bbox 399 3658 568 3713; x_wconf 87' lang='lat' dir='ltr'><strong>nimia</strong></span> <span class='ocrx_word' id='word_1_402' title='bbox 618 3656 832 3711; x_wconf 74' lang='lat' dir='ltr'><strong>inscitia</strong></span> <span class='ocrx_word' id='word_1_403' title='bbox 889 3669 999 3709; x_wconf 89' lang='lat' dir='ltr'><strong>non</strong></span> <span class='ocrx_word' id='word_1_404' title='bbox 1057 3654 1244 3719; x_wconf 86' lang='lat' dir='ltr'><strong>vides;</strong></span> <span class='ocrx_word' id='word_1_405' title='bbox 1273 3654 1460 3710; x_wconf 74' lang='lat' dir='ltr'><strong>dixisti</strong></span> <span class='ocrx_word' id='word_1_406' title='bbox 1498 3656 1689 3710; x_wconf 83' lang='lat' dir='ltr'><strong>enim:</strong></span> <span class='ocrx_word' id='word_1_407' title='bbox 1719 3654 1850 3721; x_wconf 85' lang='lat' dir='ltr'><strong>Quis</strong></span> <span class='ocrx_word' id='word_1_408' title='bbox 1888 3666 1972 3712; x_wconf 91' lang='lat' dir='ltr'><strong>est</strong></span> 
     </span>
    </p>
   </div>
   <div class='ocr_carea' id='block_1_57' title="bbox 320 3745 1971 3819">
    <p class='ocr_par' dir='ltr' id='par_1_57' title="bbox 320 3745 1971 3819">
     <span class='ocr_line' id='line_1_57' title="bbox 320 3745 1971 3819; baseline -0.001 -17"><span class='ocrx_word' id='word_1_409' title='bbox 320 3810 321 3813; x_wconf 26' lang='grc' dir='ltr'><strong>η</strong></span> <span class='ocrx_word' id='word_1_410' title='bbox 400 3750 491 3819; x_wconf 88' lang='lat' dir='ltr'><strong>qui</strong></span> <span class='ocrx_word' id='word_1_411' title='bbox 531 3750 679 3804; x_wconf 86' lang='lat' dir='ltr'><strong>venit</strong></span> <span class='ocrx_word' id='word_1_412' title='bbox 706 3748 730 3801; x_wconf 82' lang='lat'><strong>?</strong></span> <span class='ocrx_word' id='word_1_413' title='bbox 762 3765 779 3799; x_wconf 81' lang='grc' dir='ltr'>ι</span> <span class='ocrx_word' id='word_1_414' title='bbox 806 3746 1075 3802; x_wconf 81' lang='lat' dir='ltr'><strong>Videbunt</strong></span> <span class='ocrx_word' id='word_1_415' title='bbox 1102 3745 1295 3801; x_wconf 84' lang='lat' dir='ltr'><strong>Filium</strong></span> <span class='ocrx_word' id='word_1_416' title='bbox 1322 3746 1556 3801; x_wconf 89' lang='lat' dir='ltr'><strong>hominis</strong></span> <span class='ocrx_word' id='word_1_417' title='bbox 1582 3748 1884 3801; x_wconf 81' lang='lat' dir='ltr'><strong>venientem</strong></span> <span class='ocrx_word' id='word_1_418' title='bbox 1918 3748 1971 3801; x_wconf 91' lang='lat' dir='ltr'><strong>in</strong></span> 
     </span>
    </p>
   </div>
   <div class='ocr_carea' id='block_1_58' title="bbox 402 3841 1971 3908">
    <p class='ocr_par' dir='ltr' id='par_1_58' title="bbox 402 3841 1971 3908">
     <span class='ocr_line' id='line_1_58' title="bbox 402 3841 1971 3908; baseline -0.001 -12"><span class='ocrx_word' id='word_1_419' title='bbox 402 3843 634 3898; x_wconf 91' lang='lat' dir='ltr'><strong>nubibus</strong></span> <span class='ocrx_word' id='word_1_420' title='bbox 656 3841 901 3905; x_wconf 71' lang='lat' dir='ltr'><strong>cudi&quot;;</strong></span> <span class='ocrx_word' id='word_1_421' title='bbox 949 3859 968 3893; x_wconf 72' lang='grc' dir='ltr'><strong>ι</strong></span> <span class='ocrx_word' id='word_1_422' title='bbox 1032 3849 1287 3908; x_wconf 85' lang='lat' dir='ltr'><strong>tanquam</strong></span> <span class='ocrx_word' id='word_1_423' title='bbox 1338 3841 1547 3896; x_wconf 88' lang='lat' dir='ltr'><strong>scilicet</strong></span> <span class='ocrx_word' id='word_1_424' title='bbox 1610 3852 1857 3897; x_wconf 88' lang='lat' dir='ltr'><strong>metuens</strong></span> <span class='ocrx_word' id='word_1_425' title='bbox 1905 3855 1971 3895; x_wconf 92' lang='lat' dir='ltr'><strong>ne</strong></span> 
     </span>
    </p>
   </div>
   <div class='ocr_carea' id='block_1_59' title="bbox 399 3930 1971 4004">
    <p class='ocr_par' dir='ltr' id='par_1_59' title="bbox 399 3930 1971 4004">
     <span class='ocr_line' id='line_1_59' title="bbox 399 3930 1971 4004; baseline 0.001 -18"><span class='ocrx_word' id='word_1_426' title='bbox 399 3934 520 4004; x_wconf 92' lang='lat' dir='ltr'><strong>quis</strong></span> <span class='ocrx_word' id='word_1_427' title='bbox 568 3933 836 3988; x_wconf 87' lang='lat' dir='ltr'><strong>dillideret</strong></span> <span class='ocrx_word' id='word_1_428' title='bbox 900 3931 1100 3987; x_wconf 92' lang='lat' dir='ltr'><strong>dicenti</strong></span> <span class='ocrx_word' id='word_1_429' title='bbox 1140 3930 1337 3986; x_wconf 87' lang='lat' dir='ltr'><strong>Filium</strong></span> <span class='ocrx_word' id='word_1_430' title='bbox 1390 3932 1627 3987; x_wconf 89' lang='lat' dir='ltr'><strong>hominis</strong></span> <span class='ocrx_word' id='word_1_431' title='bbox 1680 3948 1804 3987; x_wconf 90' lang='lat' dir='ltr'><strong>eum</strong></span> <span class='ocrx_word' id='word_1_432' title='bbox 1851 3932 1971 3988; x_wconf 75' lang='lat' dir='ltr'><strong>esse</strong></span> 
     </span>
    </p>
   </div>
   <div class='ocr_carea' id='block_1_60' title="bbox 398 4025 1975 4096">
    <p class='ocr_par' dir='ltr' id='par_1_60' title="bbox 398 4025 1975 4096">
     <span class='ocr_line' id='line_1_60' title="bbox 398 4025 1975 4096; baseline -0.001 -16"><span class='ocrx_word' id='word_1_433' title='bbox 398 4025 491 4096; x_wconf 88' lang='lat' dir='ltr'><strong>qui</strong></span> <span class='ocrx_word' id='word_1_434' title='bbox 520 4026 699 4091; x_wconf 87' lang='lat' dir='ltr'><strong>venit,</strong></span> <span class='ocrx_word' id='word_1_435' title='bbox 729 4035 783 4080; x_wconf 91' lang='lat' dir='ltr'><strong>et</strong></span> <span class='ocrx_word' id='word_1_436' title='bbox 804 4025 1119 4096; x_wconf 89' lang='lat' dir='ltr'><strong>prophetico</strong></span> <span class='ocrx_word' id='word_1_437' title='bbox 1148 4025 1459 4081; x_wconf 89' lang='lat' dir='ltr'><strong>testimonio</strong></span> <span class='ocrx_word' id='word_1_438' title='bbox 1485 4027 1782 4081; x_wconf 81' lang='lat' dir='ltr'><strong>conﬁrmas</strong></span> <span class='ocrx_word' id='word_1_439' title='bbox 1813 4039 1975 4095; x_wconf 83' lang='lat' dir='ltr'><strong>argu-</strong></span> 
     </span>
    </p>
   </div>
   <div class='ocr_carea' id='block_1_61' title="bbox 400 4114 1972 4184">
    <p class='ocr_par' dir='ltr' id='par_1_61' title="bbox 400 4114 1972 4184">
     <span class='ocr_line' id='line_1_61' title="bbox 400 4114 1972 4184; baseline -0.001 -14"><span class='ocrx_word' id='word_1_440' title='bbox 400 4125 662 4171; x_wconf 91' lang='lat' dir='ltr'><strong>mentum.</strong></span> <span class='ocrx_word' id='word_1_441' title='bbox 699 4114 970 4184; x_wconf 89' lang='lat' dir='ltr'><strong>Scriptum</strong></span> <span class='ocrx_word' id='word_1_442' title='bbox 1024 4129 1147 4169; x_wconf 84' lang='lat' dir='ltr'><strong>esse</strong></span> <span class='ocrx_word' id='word_1_443' title='bbox 1198 4130 1432 4184; x_wconf 87' lang='lat' dir='ltr'><strong>namque</strong></span> <span class='ocrx_word' id='word_1_444' title='bbox 1479 4115 1603 4170; x_wconf 91' lang='lat' dir='ltr'><strong>ais:</strong></span> <span class='ocrx_word' id='word_1_445' title='bbox 1636 4133 1655 4167; x_wconf 83' lang='grc' dir='ltr'>ι</span> <span class='ocrx_word' id='word_1_446' title='bbox 1701 4114 1972 4171; x_wconf 81' lang='lat' dir='ltr'><strong>Videbunt</strong></span> 
     </span>
    </p>
   </div>
   <div class='ocr_carea' id='block_1_62' title="bbox 400 4204 1971 4275">
    <p class='ocr_par' dir='ltr' id='par_1_62' title="bbox 400 4204 1971 4275">
     <span class='ocr_line' id='line_1_62' title="bbox 400 4204 1971 4275; baseline 0 -16"><span class='ocrx_word' id='word_1_447' title='bbox 400 4210 453 4260; x_wconf 90' lang='lat' dir='ltr'><strong>in</strong></span> <span class='ocrx_word' id='word_1_448' title='bbox 484 4218 643 4275; x_wconf 88' lang='lat' dir='ltr'><strong>quem</strong></span> <span class='ocrx_word' id='word_1_449' title='bbox 665 4216 1104 4274; x_wconf 83' lang='lat' dir='ltr'><strong>compunxerunt</strong></span> <span class='ocrx_word' id='word_1_450' title='bbox 1133 4204 1178 4235; x_wconf 83' lang='grc'><strong>¹³</strong></span> <span class='ocrx_word' id='word_1_451' title='bbox 1207 4221 1223 4271; x_wconf 88' lang='lat'><strong>;</strong></span> <span class='ocrx_word' id='word_1_452' title='bbox 1270 4222 1290 4256; x_wconf 75' lang='grc' dir='ltr'><strong>ι</strong></span> <span class='ocrx_word' id='word_1_453' title='bbox 1318 4214 1373 4258; x_wconf 90' lang='lat' dir='ltr'><strong>et</strong></span> <span class='ocrx_word' id='word_1_454' title='bbox 1400 4205 1542 4271; x_wconf 89' lang='lat' dir='ltr'><strong>quod</strong></span> <span class='ocrx_word' id='word_1_455' title='bbox 1576 4215 1833 4273; x_wconf 68' lang='lat' dir='ltr'><strong>praeterea</strong></span> <span class='ocrx_word' id='word_1_456' title='bbox 1856 4204 1971 4274; x_wconf 87' lang='lat' dir='ltr'><strong>ipse</strong></span> 
     </span>
    </p>
   </div>
   <div class='ocr_carea' id='block_1_63' title="bbox 400 4292 1968 4362">
    <p class='ocr_par' dir='ltr' id='par_1_63' title="bbox 400 4292 1968 4362">
     <span class='ocr_line' id='line_1_63' title="bbox 400 4292 1968 4362; baseline 0 -14"><span class='ocrx_word' id='word_1_457' title='bbox 400 4296 599 4362; x_wconf 87' lang='lat' dir='ltr'><strong>putasti</strong></span> <span class='ocrx_word' id='word_1_458' title='bbox 648 4310 769 4351; x_wconf 89' lang='lat' dir='ltr'><strong>esse</strong></span> <span class='ocrx_word' id='word_1_459' title='bbox 819 4295 886 4348; x_wconf 85' lang='lat' dir='ltr'><strong>ad</strong></span> <span class='ocrx_word' id='word_1_460' title='bbox 933 4295 1334 4361; x_wconf 80' lang='lat' dir='ltr'><strong>coarguendum</strong></span> <span class='ocrx_word' id='word_1_461' title='bbox 1395 4292 1621 4359; x_wconf 85' lang='lat' dir='ltr'><strong>ﬁrmius,</strong></span> <span class='ocrx_word' id='word_1_462' title='bbox 1656 4294 1968 4362; x_wconf 88' lang='lat' dir='ltr'><strong>impruden-</strong></span> 
     </span>
    </p>
   </div>
   <div class='ocr_carea' id='block_1_64' title="bbox 2077 1828 3650 1906">
    <p class='ocr_par' dir='ltr' id='par_1_64' title="bbox 2077 1828 3650 1906">
     <span class='ocr_line' id='line_1_64' title="bbox 2077 1828 3650 1906; baseline -0.002 -18"><span class='ocrx_word' id='word_1_463' title='bbox 2077 1835 2409 1906; x_wconf 88' lang='grc' dir='ltr'>εστηκότων.</span> <span class='ocrx_word' id='word_1_464' title='bbox 2448 1834 2618 1902; x_wconf 84' lang='grc' dir='ltr'>Εἴπερ</span> <span class='ocrx_word' id='word_1_465' title='bbox 2664 1828 2756 1885; x_wconf 85' lang='grc' dir='ltr'>οὖν</span> <span class='ocrx_word' id='word_1_466' title='bbox 2806 1833 2954 1884; x_wconf 88' lang='grc' dir='ltr'>ἐστιν</span> <span class='ocrx_word' id='word_1_467' title='bbox 3001 1831 3100 1884; x_wconf 77' lang='grc' dir='ltr'><strong>οὐκ</strong></span> <span class='ocrx_word' id='word_1_468' title='bbox 3132 1834 3190 1885; x_wconf 86' lang='grc' dir='ltr'><strong>ἐν</strong></span> <span class='ocrx_word' id='word_1_469' title='bbox 3226 1834 3390 1902; x_wconf 73' lang='grc' dir='ltr'>σαρκὶ</span> <span class='ocrx_word' id='word_1_470' title='bbox 3423 1832 3650 1902; x_wconf 84' lang='grc' dir='ltr'>μᾶλλον,</span> 
     </span>
    </p>
   </div>
   <div class='ocr_carea' id='block_1_65' title="bbox 2075 1922 3650 1997">
    <p class='ocr_par' dir='ltr' id='par_1_65' title="bbox 2075 1922 3650 1997">
     <span class='ocr_line' id='line_1_65' title="bbox 2075 1922 3650 1997; baseline -0.001 -19"><span class='ocrx_word' id='word_1_471' title='bbox 2075 1928 2244 1997; x_wconf 78' lang='grc' dir='ltr'>ήγουν</span> <span class='ocrx_word' id='word_1_472' title='bbox 2274 1925 2561 1996; x_wconf 86' lang='grc' dir='ltr'>ἄνθρωπος</span> <span class='ocrx_word' id='word_1_473' title='bbox 2589 1922 2827 1993; x_wconf 82' lang='grc' dir='ltr'>γεγονὼς</span> <span class='ocrx_word' id='word_1_474' title='bbox 2851 1926 2878 1976; x_wconf 86' lang='lat'><strong>6</strong></span> <span class='ocrx_word' id='word_1_475' title='bbox 2908 1923 3001 1976; x_wconf 86' lang='grc' dir='ltr'><strong>τοῦ</strong></span> <span class='ocrx_word' id='word_1_476' title='bbox 3039 1923 3176 1976; x_wconf 84' lang='grc' dir='ltr'>Θεοῦ</span> <span class='ocrx_word' id='word_1_477' title='bbox 3209 1924 3427 1995; x_wconf 86' lang='grc' dir='ltr'>Πατρὸς</span> <span class='ocrx_word' id='word_1_478' title='bbox 3453 1924 3650 1991; x_wconf 83' lang='grc' dir='ltr'>Λόγος,</span> 
     </span>
    </p>
   </div>
   <div class='ocr_carea' id='block_1_66' title="bbox 2074 2017 3652 2091">
    <p class='ocr_par' dir='ltr' id='par_1_66' title="bbox 2074 2017 3652 2091">
     <span class='ocr_line' id='line_1_66' title="bbox 2074 2017 3652 2091; baseline -0.001 -17"><span class='ocrx_word' id='word_1_479' title='bbox 2074 2021 2360 2091; x_wconf 81' lang='grc' dir='ltr'>ἄνθρωπος</span> <span class='ocrx_word' id='word_1_480' title='bbox 2403 2019 2459 2071; x_wconf 85' lang='grc' dir='ltr'><strong>δὲ</strong></span> <span class='ocrx_word' id='word_1_481' title='bbox 2486 2018 2754 2089; x_wconf 87' lang='grc' dir='ltr'>Θεοφόρος</span> <span class='ocrx_word' id='word_1_482' title='bbox 2788 2017 3030 2089; x_wconf 85' lang='grc' dir='ltr'>πλευρὰν</span> <span class='ocrx_word' id='word_1_483' title='bbox 3073 2017 3212 2087; x_wconf 77' lang='grc' dir='ltr'>ἔχων</span> <span class='ocrx_word' id='word_1_484' title='bbox 3239 2018 3491 2088; x_wconf 88' lang='grc' dir='ltr'>σώματος</span> <span class='ocrx_word' id='word_1_485' title='bbox 3511 2063 3526 2085; x_wconf 94' lang='grc'>,</span> <span class='ocrx_word' id='word_1_486' title='bbox 3555 2020 3652 2074; x_wconf 78' lang='grc' dir='ltr'>καὶ</span> 
     </span>
    </p>
   </div>
   <div class='ocr_carea' id='block_1_67' title="bbox 2076 2108 3648 2181">
    <p class='ocr_par' dir='ltr' id='par_1_67' title="bbox 2076 2108 3648 2181">
     <span class='ocr_line' id='line_1_67' title="bbox 2076 2108 3648 2181; baseline -0.001 -16"><span class='ocrx_word' id='word_1_487' title='bbox 2076 2112 2375 2180; x_wconf 84' lang='grc' dir='ltr'>ὑπομείνας</span> <span class='ocrx_word' id='word_1_488' title='bbox 2407 2110 2505 2181; x_wconf 84' lang='grc' dir='ltr'><strong>τὴν</strong></span> <span class='ocrx_word' id='word_1_489' title='bbox 2538 2108 2898 2177; x_wconf 88' lang='grc' dir='ltr'>διακέντησιν,</span> <span class='ocrx_word' id='word_1_490' title='bbox 2949 2108 3065 2171; x_wconf 84' lang='grc' dir='ltr'>πῶς</span> <span class='ocrx_word' id='word_1_491' title='bbox 3095 2109 3153 2161; x_wconf 90' lang='grc' dir='ltr'>ἐν</span> <span class='ocrx_word' id='word_1_492' title='bbox 3186 2109 3399 2179; x_wconf 84' lang='grc' dir='ltr'><strong>θρόνοις</strong></span> <span class='ocrx_word' id='word_1_493' title='bbox 3426 2111 3648 2180; x_wconf 81' lang='grc' dir='ltr'>ὁρᾶται,</span> 
     </span>
    </p>
   </div>
   <div class='ocr_carea' id='block_1_68' title="bbox 2074 2198 3652 2274">
    <p class='ocr_par' dir='ltr' id='par_1_68' title="bbox 2074 2198 3652 2274">
     <span class='ocr_line' id='line_1_68' title="bbox 2074 2198 3652 2274; baseline -0.002 -17"><span class='ocrx_word' id='word_1_494' title='bbox 2074 2205 2173 2274; x_wconf 84' lang='grc' dir='ltr'>τῆς</span> <span class='ocrx_word' id='word_1_495' title='bbox 2191 2202 2453 2256; x_wconf 82' lang='grc' dir='ltr'>ἀνωτάτω</span> <span class='ocrx_word' id='word_1_496' title='bbox 2479 2200 2729 2267; x_wconf 80' lang='grc' dir='ltr'><strong>θεότητος</strong></span> <span class='ocrx_word' id='word_1_497' title='bbox 2753 2199 3010 2269; x_wconf 79' lang='grc' dir='ltr'>τέταρτος</span> <span class='ocrx_word' id='word_1_498' title='bbox 3028 2198 3218 2270; x_wconf 82' lang='grc' dir='ltr'>ὥσπερ</span> <span class='ocrx_word' id='word_1_499' title='bbox 3245 2215 3325 2264; x_wconf 90' lang='grc' dir='ltr'><strong>τις</strong></span> <span class='ocrx_word' id='word_1_500' title='bbox 3351 2202 3484 2271; x_wconf 85' lang='grc' dir='ltr'>ἡμῖν</span> <span class='ocrx_word' id='word_1_501' title='bbox 3509 2203 3652 2271; x_wconf 79' lang='grc' dir='ltr'>μετὰ</span> 
     </span>
    </p>
   </div>
   <div class='ocr_carea' id='block_1_69' title="bbox 2074 2291 3642 2366">
    <p class='ocr_par' dir='ltr' id='par_1_69' title="bbox 2074 2291 3642 2366">
     <span class='ocr_line' id='line_1_69' title="bbox 2074 2291 3642 2366; baseline -0.001 -17"><span class='ocrx_word' id='word_1_502' title='bbox 2074 2298 2175 2366; x_wconf 86' lang='grc' dir='ltr'><strong>τὴν</strong></span> <span class='ocrx_word' id='word_1_503' title='bbox 2221 2295 2380 2363; x_wconf 84' lang='grc' dir='ltr'>ἁγίαν</span> <span class='ocrx_word' id='word_1_504' title='bbox 2414 2292 2620 2363; x_wconf 85' lang='grc' dir='ltr'>Τριάδα</span> <span class='ocrx_word' id='word_1_505' title='bbox 2666 2291 2977 2362; x_wconf 84' lang='grc' dir='ltr'>πρόσφατος</span> <span class='ocrx_word' id='word_1_506' title='bbox 3006 2292 3137 2355; x_wconf 87' lang='grc' dir='ltr'>Θεὸς</span> <span class='ocrx_word' id='word_1_507' title='bbox 3166 2293 3642 2363; x_wconf 86' lang='grc' dir='ltr'>ἀναδεδειγμένος;</span> 
     </span>
    </p>
   </div>
   <div class='ocr_carea' id='block_1_70' title="bbox 2075 2380 3645 2453">
    <p class='ocr_par' dir='ltr' id='par_1_70' title="bbox 2075 2380 3645 2453">
     <span class='ocr_line' id='line_1_70' title="bbox 2075 2380 3645 2453; baseline -0.002 -15"><span class='ocrx_word' id='word_1_508' title='bbox 2075 2385 2149 2439; x_wconf 88' lang='grc' dir='ltr'>Οὑ</span> <span class='ocrx_word' id='word_1_509' title='bbox 2203 2384 2627 2450; x_wconf 79' lang='grc' dir='ltr'>καταπέφρικας</span> <span class='ocrx_word' id='word_1_510' title='bbox 2682 2380 2858 2434; x_wconf 89' lang='grc' dir='ltr'>κοινὸν</span> <span class='ocrx_word' id='word_1_511' title='bbox 2907 2380 3218 2452; x_wconf 81' lang='grc' dir='ltr'>ἄνθρωπον,</span> <span class='ocrx_word' id='word_1_512' title='bbox 3250 2385 3315 2453; x_wconf 76' lang='grc' dir='ltr'>τῇ</span> <span class='ocrx_word' id='word_1_513' title='bbox 3360 2384 3533 2436; x_wconf 86' lang='grc' dir='ltr'>κτίσει</span> <span class='ocrx_word' id='word_1_514' title='bbox 3581 2384 3645 2435; x_wconf 87' lang='grc' dir='ltr'><strong>τὸ</strong></span> 
     </span>
    </p>
   </div>
   <div class='ocr_carea' id='block_1_71' title="bbox 2075 2469 3638 2544">
    <p class='ocr_par' dir='ltr' id='par_1_71' title="bbox 2075 2469 3638 2544">
     <span class='ocr_line' id='line_1_71' title="bbox 2075 2469 3638 2544; baseline -0.003 -15"><span class='ocrx_word' id='word_1_515' title='bbox 2075 2476 2241 2539; x_wconf 77' lang='grc' dir='ltr'>σέϐας</span> <span class='ocrx_word' id='word_1_516' title='bbox 2265 2473 2526 2539; x_wconf 82' lang='grc' dir='ltr'>ἐπινοῶν;</span> <span class='ocrx_word' id='word_1_517' title='bbox 2559 2469 2671 2543; x_wconf 84' lang='grc' dir='ltr'>ἆρα</span> <span class='ocrx_word' id='word_1_518' title='bbox 2697 2476 2809 2535; x_wconf 85' lang='grc' dir='ltr'>τοῖς</span> <span class='ocrx_word' id='word_1_519' title='bbox 2855 2473 3106 2544; x_wconf 86' lang='grc' dir='ltr'>ἀρχαίοις</span> <span class='ocrx_word' id='word_1_520' title='bbox 3155 2473 3481 2544; x_wconf 84' lang='grc' dir='ltr'>ἐνισχήμεθα</span> <span class='ocrx_word' id='word_1_521' title='bbox 3515 2473 3638 2544; x_wconf 82' lang='grc' dir='ltr'>βρό-</span> 
     </span>
    </p>
   </div>
   <div class='ocr_carea' id='block_1_72' title="bbox 2073 2561 3638 2638">
    <p class='ocr_par' dir='ltr' id='par_1_72' title="bbox 2073 2561 3638 2638">
     <span class='ocr_line' id='line_1_72' title="bbox 2073 2561 3638 2638; baseline -0.004 -18"><span class='ocrx_word' id='word_1_522' title='bbox 2073 2584 2219 2638; x_wconf 84' lang='grc' dir='ltr'>χοις;</span> <span class='ocrx_word' id='word_1_523' title='bbox 2255 2561 2366 2636; x_wconf 83' lang='grc' dir='ltr'><strong>ἆρα</strong></span> <span class='ocrx_word' id='word_1_524' title='bbox 2395 2564 2794 2634; x_wconf 80' lang='grc' dir='ltr'>πεπαρῴνηκεν</span> <span class='ocrx_word' id='word_1_525' title='bbox 2840 2566 2918 2626; x_wconf 90' lang='grc' dir='ltr'><strong>είς</strong></span> <span class='ocrx_word' id='word_1_526' title='bbox 2966 2564 3120 2628; x_wconf 85' lang='grc' dir='ltr'>Θεὸν,</span> <span class='ocrx_word' id='word_1_527' title='bbox 3157 2564 3250 2618; x_wconf 76' lang='grc' dir='ltr'><strong>καὶ</strong></span> <span class='ocrx_word' id='word_1_528' title='bbox 3296 2562 3638 2633; x_wconf 81' lang='grc' dir='ltr'>πεπλάνηται</span> 
     </span>
    </p>
   </div>
   <div class='ocr_carea' id='block_1_73' title="bbox 2077 2652 3645 2727">
    <p class='ocr_par' dir='ltr' id='par_1_73' title="bbox 2077 2652 3645 2727">
     <span class='ocr_line' id='line_1_73' title="bbox 2077 2652 3645 2727; baseline -0.001 -18"><span class='ocrx_word' id='word_1_529' title='bbox 2077 2656 2197 2727; x_wconf 82' lang='grc' dir='ltr'>μεθ’</span> <span class='ocrx_word' id='word_1_530' title='bbox 2226 2653 2407 2725; x_wconf 79' lang='grc' dir='ltr'>ἡμῶν,</span> <span class='ocrx_word' id='word_1_531' title='bbox 2439 2655 2473 2724; x_wconf 89' lang='grc' dir='ltr'><strong>ή</strong></span> <span class='ocrx_word' id='word_1_532' title='bbox 2504 2654 2635 2721; x_wconf 86' lang='grc' dir='ltr'>ἁγία</span> <span class='ocrx_word' id='word_1_533' title='bbox 2664 2652 2772 2705; x_wconf 81' lang='grc' dir='ltr'>τῶν</span> <span class='ocrx_word' id='word_1_534' title='bbox 2802 2653 2915 2705; x_wconf 86' lang='grc' dir='ltr'>ἀνω</span> <span class='ocrx_word' id='word_1_535' title='bbox 2942 2653 3265 2724; x_wconf 74' lang='grc' dir='ltr'>πνευμάτων</span> <span class='ocrx_word' id='word_1_536' title='bbox 3291 2653 3542 2723; x_wconf 83' lang='grc' dir='ltr'>πληθὺς;</span> <span class='ocrx_word' id='word_1_537' title='bbox 3579 2654 3645 2707; x_wconf 76' lang='grc' dir='ltr'><strong>Εἰ</strong></span> 
     </span>
    </p>
   </div>
   <div class='ocr_carea' id='block_1_74' title="bbox 2072 2744 3645 2818">
    <p class='ocr_par' dir='ltr' id='par_1_74' title="bbox 2072 2744 3645 2818">
     <span class='ocr_line' id='line_1_74' title="bbox 2072 2744 3645 2818; baseline -0.003 -18"><span class='ocrx_word' id='word_1_538' title='bbox 2072 2747 2172 2817; x_wconf 83' lang='grc' dir='ltr'>τῆς</span> <span class='ocrx_word' id='word_1_539' title='bbox 2205 2746 2437 2818; x_wconf 84' lang='grc' dir='ltr'>ἀρχαίας</span> <span class='ocrx_word' id='word_1_540' title='bbox 2481 2745 2696 2815; x_wconf 82' lang='grc' dir='ltr'>ἀπάτης</span> <span class='ocrx_word' id='word_1_541' title='bbox 2729 2744 3177 2816; x_wconf 81' lang='grc' dir='ltr'>ἐκλελυτρώμεθα</span> <span class='ocrx_word' id='word_1_542' title='bbox 3202 2785 3218 2811; x_wconf 94' lang='grc'>,</span> <span class='ocrx_word' id='word_1_543' title='bbox 3252 2744 3314 2798; x_wconf 84' lang='grc' dir='ltr'><strong>τὸ</strong></span> <span class='ocrx_word' id='word_1_544' title='bbox 3346 2747 3414 2814; x_wconf 81' lang='grc' dir='ltr'>τῇ</span> <span class='ocrx_word' id='word_1_545' title='bbox 3463 2746 3645 2797; x_wconf 85' lang='grc' dir='ltr'>κτίσει</span> 
     </span>
    </p>
   </div>
   <div class='ocr_carea' id='block_1_75' title="bbox 2073 2835 3647 2908">
    <p class='ocr_par' dir='ltr' id='par_1_75' title="bbox 2073 2835 3647 2908">
     <span class='ocr_line' id='line_1_75' title="bbox 2073 2835 3647 2908; baseline -0.001 -19"><span class='ocrx_word' id='word_1_546' title='bbox 2073 2837 2356 2908; x_wconf 83' lang='grc' dir='ltr'>λατρεύειν</span> <span class='ocrx_word' id='word_1_547' title='bbox 2381 2836 2456 2900; x_wconf 87' lang='grc' dir='ltr'>ὼς</span> <span class='ocrx_word' id='word_1_548' title='bbox 2476 2835 2735 2897; x_wconf 74' lang='grc' dir='ltr'>δυσσεϐὲς</span> <span class='ocrx_word' id='word_1_549' title='bbox 2762 2835 3209 2906; x_wconf 82' lang='grc' dir='ltr'>παραιτούμενοι,</span> <span class='ocrx_word' id='word_1_550' title='bbox 3239 2836 3291 2889; x_wconf 86' lang='grc' dir='ltr'>τί</span> <span class='ocrx_word' id='word_1_551' title='bbox 3314 2835 3476 2889; x_wconf 88' lang='grc' dir='ltr'>πάλιν</span> <span class='ocrx_word' id='word_1_552' title='bbox 3497 2835 3647 2905; x_wconf 77' lang='grc' dir='ltr'>ἡμᾶς</span> 
     </span>
    </p>
   </div>
   <div class='ocr_carea' id='block_1_76' title="bbox 2071 2927 3649 2998">
    <p class='ocr_par' dir='ltr' id='par_1_76' title="bbox 2071 2927 3649 2998">
     <span class='ocr_line' id='line_1_76' title="bbox 2071 2927 3649 2998; baseline -0.001 -17"><span class='ocrx_word' id='word_1_553' title='bbox 2071 2931 2184 2991; x_wconf 88' lang='grc' dir='ltr'>τοῖς</span> <span class='ocrx_word' id='word_1_554' title='bbox 2226 2928 2475 2998; x_wconf 83' lang='grc' dir='ltr'>ἀρχαίοις</span> <span class='ocrx_word' id='word_1_555' title='bbox 2520 2927 2861 2997; x_wconf 82' lang='grc' dir='ltr'>ἐγκλήμασιν</span> <span class='ocrx_word' id='word_1_556' title='bbox 2895 2927 3058 2990; x_wconf 79' lang='grc' dir='ltr'>ἐνιεὶς</span> <span class='ocrx_word' id='word_1_557' title='bbox 3089 2928 3409 2997; x_wconf 82' lang='grc' dir='ltr'>ἀποφαίνεις</span> <span class='ocrx_word' id='word_1_558' title='bbox 3442 2927 3649 2997; x_wconf 84' lang='grc' dir='ltr'>ἀνθρω-</span> 
     </span>
    </p>
   </div>
   <div class='ocr_carea' id='block_1_77' title="bbox 2076 3017 3647 3089">
    <p class='ocr_par' dir='ltr' id='par_1_77' title="bbox 2076 3017 3647 3089">
     <span class='ocr_line' id='line_1_77' title="bbox 2076 3017 3647 3089; baseline -0.001 -17"><span class='ocrx_word' id='word_1_559' title='bbox 2076 3019 2387 3089; x_wconf 82' lang='grc' dir='ltr'>πολάτρας;</span> <span class='ocrx_word' id='word_1_560' title='bbox 2435 3019 2629 3089; x_wconf 82' lang='grc' dir='ltr'>Ἡμεῖς</span> <span class='ocrx_word' id='word_1_561' title='bbox 2661 3019 2761 3088; x_wconf 85' lang='grc' dir='ltr'><strong>μὲν</strong></span> <span class='ocrx_word' id='word_1_562' title='bbox 2796 3018 2905 3089; x_wconf 85' lang='grc' dir='ltr'>γὰρ</span> <span class='ocrx_word' id='word_1_563' title='bbox 2940 3020 3098 3088; x_wconf 84' lang='grc' dir='ltr'>ίσμεν</span> <span class='ocrx_word' id='word_1_564' title='bbox 3150 3019 3244 3072; x_wconf 73' lang='grc' dir='ltr'>καὶ</span> <span class='ocrx_word' id='word_1_565' title='bbox 3274 3017 3647 3071; x_wconf 80' lang='grc' dir='ltr'>πεπιστεύκα-</span> 
     </span>
    </p>
   </div>
   <div class='ocr_carea' id='block_1_78' title="bbox 2077 3109 3644 3181">
    <p class='ocr_par' dir='ltr' id='par_1_78' title="bbox 2077 3109 3644 3181">
     <span class='ocr_line' id='line_1_78' title="bbox 2077 3109 3644 3181; baseline 0 -19"><span class='ocrx_word' id='word_1_566' title='bbox 2077 3127 2196 3180; x_wconf 88' lang='grc' dir='ltr'>μεν,</span> <span class='ocrx_word' id='word_1_567' title='bbox 2224 3110 2306 3162; x_wconf 85' lang='grc' dir='ltr'><strong>ὃτι</strong></span> <span class='ocrx_word' id='word_1_568' title='bbox 2339 3109 2561 3177; x_wconf 88' lang='grc' dir='ltr'>γέγονεν</span> <span class='ocrx_word' id='word_1_569' title='bbox 2586 3111 2645 3162; x_wconf 88' lang='grc' dir='ltr'><strong>ὲν</strong></span> <span class='ocrx_word' id='word_1_570' title='bbox 2674 3110 2977 3181; x_wconf 77' lang='grc' dir='ltr'>προσλήψει</span> <span class='ocrx_word' id='word_1_571' title='bbox 3014 3111 3218 3180; x_wconf 84' lang='grc' dir='ltr'>σαρκός</span> <span class='ocrx_word' id='word_1_572' title='bbox 3259 3127 3320 3163; x_wconf 87' lang='grc' dir='ltr'><strong>τε</strong></span> <span class='ocrx_word' id='word_1_573' title='bbox 3350 3110 3445 3164; x_wconf 74' lang='grc' dir='ltr'>καὶ</span> <span class='ocrx_word' id='word_1_574' title='bbox 3475 3110 3644 3179; x_wconf 76' lang='grc' dir='ltr'>αἷμα-</span> 
     </span>
    </p>
   </div>
   <div class='ocr_carea' id='block_1_79' title="bbox 2073 3200 3645 3273">
    <p class='ocr_par' dir='ltr' id='par_1_79' title="bbox 2073 3200 3645 3273">
     <span class='ocr_line' id='line_1_79' title="bbox 2073 3200 3645 3273; baseline -0.002 -18"><span class='ocrx_word' id='word_1_575' title='bbox 2073 3218 2163 3264; x_wconf 87' lang='grc' dir='ltr'><strong>τος</strong></span> <span class='ocrx_word' id='word_1_576' title='bbox 2188 3202 2217 3254; x_wconf 91' lang='lat'><strong>6</strong></span> <span class='ocrx_word' id='word_1_577' title='bbox 2246 3202 2311 3254; x_wconf 78' lang='grc' dir='ltr'><strong>ἐκ</strong></span> <span class='ocrx_word' id='word_1_578' title='bbox 2342 3200 2477 3254; x_wconf 85' lang='grc' dir='ltr'>Θεοῦ</span> <span class='ocrx_word' id='word_1_579' title='bbox 2509 3200 2722 3272; x_wconf 83' lang='grc' dir='ltr'>Πατρός</span> <span class='ocrx_word' id='word_1_580' title='bbox 2752 3202 2924 3269; x_wconf 90' lang='grc' dir='ltr'>Λόγος</span> <span class='ocrx_word' id='word_1_581' title='bbox 2944 3218 2957 3230; x_wconf 88' lang='grc'><strong>·</strong></span> <span class='ocrx_word' id='word_1_582' title='bbox 3003 3202 3193 3273; x_wconf 79' lang='grc' dir='ltr'>ἐπειδὴ</span> <span class='ocrx_word' id='word_1_583' title='bbox 3243 3202 3301 3256; x_wconf 82' lang='grc' dir='ltr'><strong>δὲ</strong></span> <span class='ocrx_word' id='word_1_584' title='bbox 3336 3200 3645 3271; x_wconf 79' lang='grc' dir='ltr'>μεμένηκεν</span> 
     </span>
    </p>
   </div>
   <div class='ocr_carea' id='block_1_80' title="bbox 2073 3280 3648 3364">
    <p class='ocr_par' dir='ltr' id='par_1_80' title="bbox 2073 3280 3648 3364">
     <span class='ocr_line' id='line_1_80' title="bbox 2073 3280 3648 3364; baseline 0.002 -19"><span class='ocrx_word' id='word_1_585' title='bbox 2073 3294 2101 3345; x_wconf 95' lang='lat'><strong>6</strong></span> <span class='ocrx_word' id='word_1_586' title='bbox 2131 3294 2296 3356; x_wconf 87' lang='grc' dir='ltr'>αὑτὸς</span> <span class='ocrx_word' id='word_1_587' title='bbox 2358 3280 2603 3362; x_wconf 88' lang='grc' dir='ltr'>δηλονότι</span> <span class='ocrx_word' id='word_1_588' title='bbox 2643 3293 2794 3357; x_wconf 84' lang='grc' dir='ltr'>Θεὸς,</span> <span class='ocrx_word' id='word_1_589' title='bbox 2841 3294 2941 3363; x_wconf 77' lang='grc' dir='ltr'>τῆς</span> <span class='ocrx_word' id='word_1_590' title='bbox 2987 3292 3213 3364; x_wconf 78' lang='grc' dir='ltr'>ἐνούσης</span> <span class='ocrx_word' id='word_1_591' title='bbox 3254 3293 3397 3348; x_wconf 88' lang='grc' dir='ltr'>κατὰ</span> <span class='ocrx_word' id='word_1_592' title='bbox 3426 3294 3648 3349; x_wconf 85' lang='grc' dir='ltr'>πάντων</span> 
     </span>
    </p>
   </div>
   <div class='ocr_carea' id='block_1_81' title="bbox 2073 3380 3647 3454">
    <p class='ocr_par' dir='ltr' id='par_1_81' title="bbox 2073 3380 3647 3454">
     <span class='ocr_line' id='line_1_81' title="bbox 2073 3380 3647 3454; baseline 0.003 -21"><span class='ocrx_word' id='word_1_593' title='bbox 2073 3381 2349 3453; x_wconf 83' lang='grc' dir='ltr'>ὑπεροχῆς</span> <span class='ocrx_word' id='word_1_594' title='bbox 2376 3381 2437 3435; x_wconf 87' lang='grc' dir='ltr'>τὸ</span> <span class='ocrx_word' id='word_1_595' title='bbox 2465 3381 2683 3451; x_wconf 78' lang='grc' dir='ltr'>ἀξίωμα</span> <span class='ocrx_word' id='word_1_596' title='bbox 2710 3381 3034 3435; x_wconf 77' lang='grc' dir='ltr'>διεσώσατο’</span> <span class='ocrx_word' id='word_1_597' title='bbox 3089 3382 3293 3454; x_wconf 75' lang='grc' dir='ltr'>καίπερ</span> <span class='ocrx_word' id='word_1_598' title='bbox 3342 3380 3417 3436; x_wconf 84' lang='grc' dir='ltr'>ὢν</span> <span class='ocrx_word' id='word_1_599' title='bbox 3465 3381 3647 3453; x_wconf 83' lang='grc' dir='ltr'>σάρκα</span> 
     </span>
    </p>
   </div>
   <div class='ocr_carea' id='block_1_82' title="bbox 2074 3464 3643 3547">
    <p class='ocr_par' dir='ltr' id='par_1_82' title="bbox 2074 3464 3643 3547">
     <span class='ocr_line' id='line_1_82' title="bbox 2074 3464 3643 3547; baseline 0.001 -21"><span class='ocrx_word' id='word_1_600' title='bbox 2074 3472 2155 3545; x_wconf 84' lang='grc' dir='ltr'><strong>[ἐν</strong></span> <span class='ocrx_word' id='word_1_601' title='bbox 2182 3464 2368 3546; x_wconf 79' lang='grc' dir='ltr'>σαρκὶ]</span> <span class='ocrx_word' id='word_1_602' title='bbox 2399 3473 2520 3526; x_wconf 87' lang='grc' dir='ltr'>καθ’</span> <span class='ocrx_word' id='word_1_603' title='bbox 2547 3475 2720 3543; x_wconf 77' lang='grc' dir='ltr'>ἡμᾶς.</span> <span class='ocrx_word' id='word_1_604' title='bbox 2752 3473 2882 3537; x_wconf 83' lang='grc' dir='ltr'>Θεὸς</span> <span class='ocrx_word' id='word_1_605' title='bbox 2904 3474 2961 3527; x_wconf 80' lang='grc' dir='ltr'><strong>δὲ</strong></span> <span class='ocrx_word' id='word_1_606' title='bbox 2983 3474 3264 3544; x_wconf 84' lang='grc' dir='ltr'>ὑπάρχων,</span> <span class='ocrx_word' id='word_1_607' title='bbox 3281 3474 3434 3527; x_wconf 78' lang='grc' dir='ltr'>οὐδὲν</span> <span class='ocrx_word' id='word_1_608' title='bbox 3455 3470 3643 3547; x_wconf 82' lang='grc' dir='ltr'>ἦττον,</span> 
     </span>
    </p>
   </div>
   <div class='ocr_carea' id='block_1_83' title="bbox 2073 3565 3645 3639">
    <p class='ocr_par' dir='ltr' id='par_1_83' title="bbox 2073 3565 3645 3639">
     <span class='ocr_line' id='line_1_83' title="bbox 2073 3565 3645 3639; baseline -0.001 -20"><span class='ocrx_word' id='word_1_609' title='bbox 2073 3565 2106 3635; x_wconf 85' lang='grc' dir='ltr'>ἢ</span> <span class='ocrx_word' id='word_1_610' title='bbox 2138 3566 2305 3620; x_wconf 84' lang='grc' dir='ltr'>πάλαι</span> <span class='ocrx_word' id='word_1_611' title='bbox 2352 3567 2445 3619; x_wconf 77' lang='grc' dir='ltr'>καὶ</span> <span class='ocrx_word' id='word_1_612' title='bbox 2476 3565 2590 3630; x_wconf 88' lang='grc' dir='ltr'>νῦν,</span> <span class='ocrx_word' id='word_1_613' title='bbox 2639 3566 2742 3620; x_wconf 86' lang='grc' dir='ltr'><strong>κάν</strong></span> <span class='ocrx_word' id='word_1_614' title='bbox 2772 3568 2821 3620; x_wconf 88' lang='grc' dir='ltr'><strong>εί</strong></span> <span class='ocrx_word' id='word_1_615' title='bbox 2854 3567 3075 3636; x_wconf 87' lang='grc' dir='ltr'>γέγονεν</span> <span class='ocrx_word' id='word_1_616' title='bbox 3102 3566 3409 3637; x_wconf 71' lang='grc' dir='ltr'>ἄνθρωπος,</span> <span class='ocrx_word' id='word_1_617' title='bbox 3439 3566 3645 3639; x_wconf 87' lang='grc' dir='ltr'>λάτρην</span> 
     </span>
    </p>
   </div>
   <div class='ocr_carea' id='block_1_84' title="bbox 2072 3658 3647 3729">
    <p class='ocr_par' dir='ltr' id='par_1_84' title="bbox 2072 3658 3647 3729">
     <span class='ocr_line' id='line_1_84' title="bbox 2072 3658 3647 3729; baseline 0.001 -20"><span class='ocrx_word' id='word_1_618' title='bbox 2072 3658 2185 3728; x_wconf 76' lang='grc' dir='ltr'>ἔχει</span> <span class='ocrx_word' id='word_1_619' title='bbox 2215 3660 2306 3710; x_wconf 87' lang='grc' dir='ltr'>τὸν</span> <span class='ocrx_word' id='word_1_620' title='bbox 2329 3658 2555 3728; x_wconf 82' lang='grc' dir='ltr'>οὐρανὸν</span> <span class='ocrx_word' id='word_1_621' title='bbox 2586 3658 2678 3711; x_wconf 74' lang='grc' dir='ltr'>καὶ</span> <span class='ocrx_word' id='word_1_622' title='bbox 2712 3658 3125 3729; x_wconf 87' lang='grc' dir='ltr'>προσκυνοῦσαν</span> <span class='ocrx_word' id='word_1_623' title='bbox 3147 3658 3244 3729; x_wconf 79' lang='grc' dir='ltr'>τὴν</span> <span class='ocrx_word' id='word_1_624' title='bbox 3273 3658 3379 3729; x_wconf 86' lang='grc' dir='ltr'><strong>γῆν</strong></span> <span class='ocrx_word' id='word_1_625' title='bbox 3400 3673 3413 3689; x_wconf 87' lang='grc'><strong>·</strong></span> <span class='ocrx_word' id='word_1_626' title='bbox 3441 3660 3647 3729; x_wconf 86' lang='grc' dir='ltr'>γέγρα-</span> 
     </span>
    </p>
   </div>
   <div class='ocr_carea' id='block_1_85' title="bbox 2075 3748 3638 3824">
    <p class='ocr_par' dir='ltr' id='par_1_85' title="bbox 2075 3748 3638 3824">
     <span class='ocr_line' id='line_1_85' title="bbox 2075 3748 3638 3824; baseline 0.006 -21"><span class='ocrx_word' id='word_1_627' title='bbox 2075 3765 2206 3803; x_wconf 88' lang='grc' dir='ltr'>πται</span> <span class='ocrx_word' id='word_1_628' title='bbox 2231 3748 2359 3820; x_wconf 86' lang='grc' dir='ltr'>γὰρ,</span> <span class='ocrx_word' id='word_1_629' title='bbox 2393 3751 2476 3804; x_wconf 83' lang='grc' dir='ltr'><strong>ὅτι</strong></span> <span class='ocrx_word' id='word_1_630' title='bbox 2511 3771 2529 3803; x_wconf 83' lang='grc' dir='ltr'>ι</span> <span class='ocrx_word' id='word_1_631' title='bbox 2569 3752 2680 3823; x_wconf 86' lang='grc' dir='ltr'><strong>Τῆς</strong></span> <span class='ocrx_word' id='word_1_632' title='bbox 2713 3753 2972 3816; x_wconf 83' lang='grc' dir='ltr'>αἰνέσεως</span> <span class='ocrx_word' id='word_1_633' title='bbox 2999 3753 3205 3824; x_wconf 79' lang='grc' dir='ltr'>Κυρίου</span> <span class='ocrx_word' id='word_1_634' title='bbox 3236 3753 3448 3823; x_wconf 84' lang='grc' dir='ltr'>πλήρης</span> <span class='ocrx_word' id='word_1_635' title='bbox 3475 3755 3507 3823; x_wconf 78' lang='grc' dir='ltr'>ἡ</span> <span class='ocrx_word' id='word_1_636' title='bbox 3539 3752 3638 3822; x_wconf 76' lang='grc' dir='ltr'><strong>γῆ·</strong></span> 
     </span>
    </p>
   </div>
   <div class='ocr_carea' id='block_1_86' title="bbox 2074 3841 3645 3915">
    <p class='ocr_par' dir='ltr' id='par_1_86' title="bbox 2074 3841 3645 3915">
     <span class='ocr_line' id='line_1_86' title="bbox 2074 3841 3645 3915; baseline 0.002 -23"><span class='ocrx_word' id='word_1_637' title='bbox 2074 3841 2343 3910; x_wconf 78' lang='grc' dir='ltr'>ἐκάλυψεν</span> <span class='ocrx_word' id='word_1_638' title='bbox 2391 3842 2654 3911; x_wconf 80' lang='grc' dir='ltr'>οὐρανοὺς</span> <span class='ocrx_word' id='word_1_639' title='bbox 2679 3845 2713 3913; x_wconf 85' lang='grc' dir='ltr'><strong>ή</strong></span> <span class='ocrx_word' id='word_1_640' title='bbox 2745 3844 2913 3915; x_wconf 85' lang='grc' dir='ltr'>ἀρετή</span> <span class='ocrx_word' id='word_1_641' title='bbox 2946 3860 3060 3908; x_wconf 88' lang='grc' dir='ltr'>σου,</span> <span class='ocrx_word' id='word_1_642' title='bbox 3101 3843 3296 3915; x_wconf 82' lang='grc' dir='ltr'>Κύριε.</span> <span class='ocrx_word' id='word_1_643' title='bbox 3333 3862 3351 3895; x_wconf 72' lang='grc' dir='ltr'><strong>ι</strong></span> <span class='ocrx_word' id='word_1_644' title='bbox 3385 3843 3457 3896; x_wconf 67' lang='grc' dir='ltr'><strong>Σὺ</strong></span> <span class='ocrx_word' id='word_1_645' title='bbox 3487 3842 3546 3895; x_wconf 80' lang='grc' dir='ltr'><strong>δὲ</strong></span> <span class='ocrx_word' id='word_1_646' title='bbox 3574 3843 3645 3913; x_wconf 81' lang='grc' dir='ltr'><strong>δὴ</strong></span> 
     </span>
    </p>
   </div>
   <div class='ocr_carea' id='block_1_87' title="bbox 2074 3932 3645 4005">
    <p class='ocr_par' dir='ltr' id='par_1_87' title="bbox 2074 3932 3645 4005">
     <span class='ocr_line' id='line_1_87' title="bbox 2074 3932 3645 4005; baseline -0.003 -17"><span class='ocrx_word' id='word_1_647' title='bbox 2074 3932 2235 3988; x_wconf 82' lang='grc' dir='ltr'>πάλιν</span> <span class='ocrx_word' id='word_1_648' title='bbox 2269 3933 2359 3987; x_wconf 87' lang='grc' dir='ltr'><strong>τὸν</strong></span> <span class='ocrx_word' id='word_1_649' title='bbox 2388 3933 2562 3996; x_wconf 79' lang='grc' dir='ltr'>οὕτως</span> <span class='ocrx_word' id='word_1_650' title='bbox 2611 3934 2803 4005; x_wconf 79' lang='grc' dir='ltr'>ἔχοντα</span> <span class='ocrx_word' id='word_1_651' title='bbox 2852 3934 3065 4004; x_wconf 78' lang='grc' dir='ltr'>φύσεώς</span> <span class='ocrx_word' id='word_1_652' title='bbox 3107 3952 3167 3988; x_wconf 88' lang='grc' dir='ltr'>τε</span> <span class='ocrx_word' id='word_1_653' title='bbox 3209 3936 3303 3989; x_wconf 73' lang='grc' dir='ltr'><strong>καὶ</strong></span> <span class='ocrx_word' id='word_1_654' title='bbox 3346 3932 3536 4004; x_wconf 74' lang='grc' dir='ltr'>δόξης,</span> <span class='ocrx_word' id='word_1_655' title='bbox 3579 3937 3645 3986; x_wconf 84' lang='grc' dir='ltr'><strong>ἐκ</strong></span> 
     </span>
    </p>
   </div>
   <div class='ocr_carea' id='block_1_88' title="bbox 2074 4023 3644 4097">
    <p class='ocr_par' dir='ltr' id='par_1_88' title="bbox 2074 4023 3644 4097">
     <span class='ocr_line' id='line_1_88' title="bbox 2074 4023 3644 4097; baseline 0.001 -22"><span class='ocrx_word' id='word_1_656' title='bbox 2074 4023 2275 4095; x_wconf 84' lang='grc' dir='ltr'>πολλῆς</span> <span class='ocrx_word' id='word_1_657' title='bbox 2305 4024 2445 4092; x_wconf 81' lang='grc' dir='ltr'>ἄγαν</span> <span class='ocrx_word' id='word_1_658' title='bbox 2466 4023 2818 4097; x_wconf 75' lang='grc' dir='ltr'>ἀδελτηρίας,</span> <span class='ocrx_word' id='word_1_659' title='bbox 2849 4026 2948 4095; x_wconf 87' lang='grc' dir='ltr'><strong>οὑχ</strong></span> <span class='ocrx_word' id='word_1_660' title='bbox 2979 4026 3131 4096; x_wconf 56' lang='grc' dir='ltr'><strong>ὁρᾷς</strong></span> <span class='ocrx_word' id='word_1_661' title='bbox 3165 4026 3345 4096; x_wconf 87' lang='grc' dir='ltr'>Ἔφης</span> <span class='ocrx_word' id='word_1_662' title='bbox 3371 4027 3481 4095; x_wconf 85' lang='grc' dir='ltr'><strong>γὰρ</strong></span> <span class='ocrx_word' id='word_1_663' title='bbox 3508 4024 3588 4084; x_wconf 84' lang='grc' dir='ltr'><strong>τίς</strong></span> <span class='ocrx_word' id='word_1_664' title='bbox 3613 4026 3644 4076; x_wconf 88' lang='lat'><strong>6</strong></span> 
     </span>
    </p>
   </div>
   <div class='ocr_carea' id='block_1_89' title="bbox 2073 4115 3644 4187">
    <p class='ocr_par' dir='ltr' id='par_1_89' title="bbox 2073 4115 3644 4187">
     <span class='ocr_line' id='line_1_89' title="bbox 2073 4115 3644 4187; baseline 0 -20"><span class='ocrx_word' id='word_1_665' title='bbox 2073 4115 2391 4185; x_wconf 83' lang='grc' dir='ltr'>ἐρχόμενος;</span> <span class='ocrx_word' id='word_1_666' title='bbox 2444 4133 2461 4165; x_wconf 79' lang='grc' dir='ltr'>ι</span> <span class='ocrx_word' id='word_1_667' title='bbox 2496 4116 2754 4185; x_wconf 84' lang='grc' dir='ltr'>Ὄψονται</span> <span class='ocrx_word' id='word_1_668' title='bbox 2803 4117 2893 4169; x_wconf 88' lang='grc' dir='ltr'>τὸν</span> <span class='ocrx_word' id='word_1_669' title='bbox 2928 4117 3056 4170; x_wconf 85' lang='grc' dir='ltr'>Υίὸν</span> <span class='ocrx_word' id='word_1_670' title='bbox 3086 4116 3177 4169; x_wconf 91' lang='grc' dir='ltr'>τοῦ</span> <span class='ocrx_word' id='word_1_671' title='bbox 3219 4115 3512 4187; x_wconf 81' lang='grc' dir='ltr'>ἀνθρώπου</span> <span class='ocrx_word' id='word_1_672' title='bbox 3552 4117 3644 4186; x_wconf 78' lang='grc' dir='ltr'>ἐρ-</span> 
     </span>
    </p>
   </div>
   <div class='ocr_carea' id='block_1_90' title="bbox 2072 4205 3644 4277">
    <p class='ocr_par' dir='ltr' id='par_1_90' title="bbox 2072 4205 3644 4277">
     <span class='ocr_line' id='line_1_90' title="bbox 2072 4205 3644 4277; baseline -0.001 -18"><span class='ocrx_word' id='word_1_673' title='bbox 2072 4207 2298 4276; x_wconf 84' lang='grc' dir='ltr'>χόμενον</span> <span class='ocrx_word' id='word_1_674' title='bbox 2329 4208 2417 4259; x_wconf 71' lang='grc' dir='ltr'>ἐπὶ</span> <span class='ocrx_word' id='word_1_675' title='bbox 2445 4207 2555 4260; x_wconf 83' lang='grc' dir='ltr'><strong>τῶν</strong></span> <span class='ocrx_word' id='word_1_676' title='bbox 2582 4207 2821 4277; x_wconf 82' lang='grc' dir='ltr'>νεφελῶν</span> <span class='ocrx_word' id='word_1_677' title='bbox 2849 4207 2943 4260; x_wconf 86' lang='grc' dir='ltr'><strong>τοῦ</strong></span> <span class='ocrx_word' id='word_1_678' title='bbox 2977 4207 3207 4277; x_wconf 84' lang='grc' dir='ltr'>οὐρανοῦ</span> <span class='ocrx_word' id='word_1_679' title='bbox 3230 4223 3243 4237; x_wconf 89' lang='grc'><strong>·</strong></span> <span class='ocrx_word' id='word_1_680' title='bbox 3280 4226 3298 4259; x_wconf 73' lang='grc' dir='ltr'><strong>ι</strong></span> <span class='ocrx_word' id='word_1_681' title='bbox 3333 4207 3523 4275; x_wconf 83' lang='grc' dir='ltr'>ὥσπερ</span> <span class='ocrx_word' id='word_1_682' title='bbox 3557 4205 3644 4257; x_wconf 85' lang='grc' dir='ltr'><strong>δε-</strong></span> 
     </span>
    </p>
   </div>
   <div class='ocr_carea' id='block_1_91' title="bbox 2071 4296 3645 4370">
    <p class='ocr_par' dir='ltr' id='par_1_91' title="bbox 2071 4296 3645 4370">
     <span class='ocr_line' id='line_1_91' title="bbox 2071 4296 3645 4370; baseline 0.001 -22"><span class='ocrx_word' id='word_1_683' title='bbox 2071 4296 2200 4360; x_wconf 86' lang='grc' dir='ltr'>διὼς</span> <span class='ocrx_word' id='word_1_684' title='bbox 2229 4298 2304 4368; x_wconf 87' lang='grc' dir='ltr'><strong>μὴ</strong></span> <span class='ocrx_word' id='word_1_685' title='bbox 2335 4298 2444 4369; x_wconf 84' lang='grc' dir='ltr'>ἄρα</span> <span class='ocrx_word' id='word_1_686' title='bbox 2463 4317 2547 4362; x_wconf 86' lang='grc' dir='ltr'>τις</span> <span class='ocrx_word' id='word_1_687' title='bbox 2575 4300 2930 4370; x_wconf 83' lang='grc' dir='ltr'>ἀπιστήσειεν</span> <span class='ocrx_word' id='word_1_688' title='bbox 2959 4299 3086 4352; x_wconf 87' lang='grc' dir='ltr'>Υἱὸν</span> <span class='ocrx_word' id='word_1_689' title='bbox 3117 4297 3404 4369; x_wconf 82' lang='grc' dir='ltr'>ἀνθρώπου</span> <span class='ocrx_word' id='word_1_690' title='bbox 3434 4298 3645 4365; x_wconf 83' lang='grc' dir='ltr'>λέγοντι</span> 
     </span>
    </p>
   </div>
   <div class='ocr_carea' id='block_1_92' title="bbox 337 4384 1971 4462">
    <p class='ocr_par' dir='ltr' id='par_1_92' title="bbox 337 4384 1967 4455">
     <span class='ocr_line' id='line_1_92' title="bbox 337 4384 1967 4455; baseline -0.001 -14"><span class='ocrx_word' id='word_1_691' title='bbox 337 4417 346 4425; x_wconf 71' lang='grc' dir='ltr'><strong><em>ο</em></strong></span> <span class='ocrx_word' id='word_1_692' title='bbox 399 4387 611 4451; x_wconf 85' lang='lat' dir='ltr'><strong>tissime</strong></span> <span class='ocrx_word' id='word_1_693' title='bbox 640 4385 902 4455; x_wconf 88' lang='lat' dir='ltr'><strong>adjiciens</strong></span> <span class='ocrx_word' id='word_1_694' title='bbox 930 4402 945 4439; x_wconf 91' lang='lat'><strong>:</strong></span> <span class='ocrx_word' id='word_1_695' title='bbox 971 4385 1236 4451; x_wconf 85' lang='lat' dir='ltr'><strong>Quidnam</strong></span> <span class='ocrx_word' id='word_1_696' title='bbox 1275 4394 1380 4451; x_wconf 87' lang='lat' dir='ltr'><strong>est,</strong></span> <span class='ocrx_word' id='word_1_697' title='bbox 1438 4384 1640 4453; x_wconf 90' lang='lat' dir='ltr'><strong>inquis,</strong></span> <span class='ocrx_word' id='word_1_698' title='bbox 1669 4385 1798 4439; x_wconf 88' lang='lat' dir='ltr'><strong>illud</strong></span> <span class='ocrx_word' id='word_1_699' title='bbox 1822 4401 1967 4440; x_wconf 86' lang='lat' dir='ltr'><strong>com-</strong></span> 
     </span>
    </p>
   </div>
   <div class='ocr_carea' id='block_1_93' title="bbox 2075 4384 3643 4462">
    <p class='ocr_par' dir='ltr' id='par_1_93' title="bbox 2075 4387 3643 4462">
     <span class='ocr_line' id='line_1_93' title="bbox 2075 4387 3643 4462; baseline 0.001 -23"><span class='ocrx_word' id='word_1_700' title='bbox 2075 4387 2163 4439; x_wconf 89' lang='grc' dir='ltr'>τὸν</span> <span class='ocrx_word' id='word_1_701' title='bbox 2198 4390 2511 4459; x_wconf 83' lang='grc' dir='ltr'>ἐρχόμενον.</span> <span class='ocrx_word' id='word_1_702' title='bbox 2553 4391 2661 4443; x_wconf 75' lang='grc' dir='ltr'><strong>Καὶ</strong></span> <span class='ocrx_word' id='word_1_703' title='bbox 2716 4395 3029 4462; x_wconf 83' lang='grc' dir='ltr'>προφητικῇ</span> <span class='ocrx_word' id='word_1_704' title='bbox 3085 4392 3360 4461; x_wconf 76' lang='grc' dir='ltr'>μαρτυρίᾳ</span> <span class='ocrx_word' id='word_1_705' title='bbox 3403 4390 3643 4459; x_wconf 79' lang='grc' dir='ltr'>βεϐαιοῖς</span> 
     </span>
    </p>
   </div>
   <div class='ocr_carea' id='block_1_94' title="bbox 400 4473 1968 4547">
    <p class='ocr_par' dir='ltr' id='par_1_94' title="bbox 400 4473 1968 4547">
     <span class='ocr_line' id='line_1_94' title="bbox 400 4473 1968 4547; baseline 0 -17"><span class='ocrx_word' id='word_1_706' title='bbox 400 4485 659 4547; x_wconf 86' lang='lat' dir='ltr'><strong>punctum</strong></span> <span class='ocrx_word' id='word_1_707' title='bbox 690 4474 714 4528; x_wconf 81' lang='lat'><strong>?</strong></span> <span class='ocrx_word' id='word_1_708' title='bbox 741 4474 905 4529; x_wconf 85' lang='lat' dir='ltr'><strong>Latus</strong></span> <span class='ocrx_word' id='word_1_709' title='bbox 932 4474 1111 4537; x_wconf 84' lang='lat' dir='ltr'><strong>;latus</strong></span> <span class='ocrx_word' id='word_1_710' title='bbox 1154 4488 1282 4528; x_wconf 87' lang='lat' dir='ltr'><strong>vero</strong></span> <span class='ocrx_word' id='word_1_711' title='bbox 1332 4473 1578 4541; x_wconf 87' lang='lat' dir='ltr'><strong>corporis</strong></span> <span class='ocrx_word' id='word_1_712' title='bbox 1603 4482 1705 4537; x_wconf 82' lang='lat' dir='ltr'><strong>est,</strong></span> <span class='ocrx_word' id='word_1_713' title='bbox 1742 4488 1809 4527; x_wconf 90' lang='lat' dir='ltr'><strong>an</strong></span> <span class='ocrx_word' id='word_1_714' title='bbox 1830 4475 1968 4530; x_wconf 84' lang='lat' dir='ltr'><strong>divi-</strong></span> 
     </span>
    </p>
   </div>
   <div class='ocr_carea' id='block_1_95' title="bbox 399 4562 1964 4633">
    <p class='ocr_par' dir='ltr' id='par_1_95' title="bbox 399 4562 1964 4633">
     <span class='ocr_line' id='line_1_95' title="bbox 399 4562 1964 4633; baseline -0.003 -11"><span class='ocrx_word' id='word_1_715' title='bbox 399 4567 626 4624; x_wconf 80' lang='lat' dir='ltr'><strong>uitatis?</strong></span> <span class='ocrx_word' id='word_1_716' title='bbox 653 4565 756 4621; x_wconf 86' lang='lat' dir='ltr'><strong>Sed</strong></span> <span class='ocrx_word' id='word_1_717' title='bbox 785 4564 830 4620; x_wconf 89' lang='lat' dir='ltr'><strong>si</strong></span> <span class='ocrx_word' id='word_1_718' title='bbox 856 4565 1150 4633; x_wconf 81' lang='lat' dir='ltr'><strong>quiessent</strong></span> <span class='ocrx_word' id='word_1_719' title='bbox 1198 4564 1289 4633; x_wconf 91' lang='lat' dir='ltr'><strong>qui</strong></span> <span class='ocrx_word' id='word_1_720' title='bbox 1315 4563 1578 4629; x_wconf 83' lang='lat' dir='ltr'><strong>dicereut,</strong></span> <span class='ocrx_word' id='word_1_721' title='bbox 1603 4564 1699 4618; x_wconf 92' lang='lat' dir='ltr'><strong>Dei</strong></span> <span class='ocrx_word' id='word_1_722' title='bbox 1727 4562 1964 4619; x_wconf 80' lang='lat' dir='ltr'><strong>Verbum</strong></span> 
     </span>
    </p>
   </div>
   <div class='ocr_carea' id='block_1_96' title="bbox 400 4654 1964 4719">
    <p class='ocr_par' dir='ltr' id='par_1_96' title="bbox 400 4654 1964 4719">
     <span class='ocr_line' id='line_1_96' title="bbox 400 4654 1964 4719; baseline -0.002 -6"><span class='ocrx_word' id='word_1_723' title='bbox 400 4674 504 4713; x_wconf 87' lang='lat' dir='ltr'><strong>non</strong></span> <span class='ocrx_word' id='word_1_724' title='bbox 565 4656 769 4711; x_wconf 75' lang='lat' dir='ltr'><strong>factum</strong></span> <span class='ocrx_word' id='word_1_725' title='bbox 825 4654 994 4709; x_wconf 81' lang='lat' dir='ltr'><strong>fuisse</strong></span> <span class='ocrx_word' id='word_1_726' title='bbox 1047 4654 1318 4709; x_wconf 89' lang='lat' dir='ltr'><strong>hominem</strong></span> <span class='ocrx_word' id='word_1_727' title='bbox 1378 4654 1551 4709; x_wconf 80' lang='lat' dir='ltr'><strong>nostri</strong></span> <span class='ocrx_word' id='word_1_728' title='bbox 1583 4654 1836 4719; x_wconf 84' lang='lat' dir='ltr'><strong>similem,</strong></span> <span class='ocrx_word' id='word_1_729' title='bbox 1871 4657 1964 4710; x_wconf 87' lang='lat' dir='ltr'><strong>sed</strong></span> 
     </span>
    </p>
   </div>
   <div class='ocr_carea' id='block_1_97' title="bbox 397 4746 1963 4816">
    <p class='ocr_par' dir='ltr' id='par_1_97' title="bbox 397 4746 1963 4816">
     <span class='ocr_line' id='line_1_97' title="bbox 397 4746 1963 4816; baseline -0.003 -11"><span class='ocrx_word' id='word_1_730' title='bbox 397 4750 463 4805; x_wconf 83' lang='lat' dir='ltr'><strong>ad</strong></span> <span class='ocrx_word' id='word_1_731' title='bbox 488 4748 734 4805; x_wconf 88' lang='lat' dir='ltr'><strong>homines</strong></span> <span class='ocrx_word' id='word_1_732' title='bbox 750 4748 840 4816; x_wconf 92' lang='lat' dir='ltr'><strong>qui</strong></span> <span class='ocrx_word' id='word_1_733' title='bbox 872 4755 997 4803; x_wconf 88' lang='lat' dir='ltr'><strong>sunt</strong></span> <span class='ocrx_word' id='word_1_734' title='bbox 1031 4748 1084 4800; x_wconf 88' lang='lat' dir='ltr'><strong>in</strong></span> <span class='ocrx_word' id='word_1_735' title='bbox 1109 4747 1270 4801; x_wconf 89' lang='lat' dir='ltr'><strong>terris</strong></span> <span class='ocrx_word' id='word_1_736' title='bbox 1329 4746 1613 4803; x_wconf 86' lang='lat' dir='ltr'><strong>advenisse</strong></span> <span class='ocrx_word' id='word_1_737' title='bbox 1638 4747 1776 4800; x_wconf 90' lang='lat' dir='ltr'><strong>nuda</strong></span> <span class='ocrx_word' id='word_1_738' title='bbox 1809 4762 1963 4801; x_wconf 90' lang='lat' dir='ltr'><strong>usum</strong></span> 
     </span>
    </p>
   </div>
   <div class='ocr_carea' id='block_1_98' title="bbox 398 4839 1961 4910">
    <p class='ocr_par' dir='ltr' id='par_1_98' title="bbox 398 4839 1961 4910">
     <span class='ocr_line' id='line_1_98' title="bbox 398 4839 1961 4910; baseline -0.001 -14"><span class='ocrx_word' id='word_1_739' title='bbox 398 4843 698 4907; x_wconf 86' lang='lat' dir='ltr'><strong>divinitate,</strong></span> <span class='ocrx_word' id='word_1_740' title='bbox 752 4848 845 4896; x_wconf 89' lang='lat' dir='ltr'><strong>aut</strong></span> <span class='ocrx_word' id='word_1_741' title='bbox 896 4841 962 4893; x_wconf 83' lang='lat' dir='ltr'><strong>ad</strong></span> <span class='ocrx_word' id='word_1_742' title='bbox 995 4839 1167 4894; x_wconf 89' lang='lat' dir='ltr'><strong>visum</strong></span> <span class='ocrx_word' id='word_1_743' title='bbox 1224 4855 1287 4893; x_wconf 82' lang='lat' dir='ltr'><strong>ac</strong></span> <span class='ocrx_word' id='word_1_744' title='bbox 1310 4840 1570 4910; x_wconf 83' lang='lat' dir='ltr'><strong>speciem,</strong></span> <span class='ocrx_word' id='word_1_745' title='bbox 1613 4850 1669 4894; x_wconf 91' lang='lat' dir='ltr'><strong>et</strong></span> <span class='ocrx_word' id='word_1_746' title='bbox 1712 4851 1961 4910; x_wconf 85' lang='lat' dir='ltr'><strong>tanquam</strong></span> 
     </span>
    </p>
   </div>
   <div class='ocr_carea' id='block_1_99' title="bbox 399 4930 1965 5001">
    <p class='ocr_par' dir='ltr' id='par_1_99' title="bbox 399 4930 1965 5001">
     <span class='ocr_line' id='line_1_99' title="bbox 399 4930 1965 5001; baseline 0.001 -16"><span class='ocrx_word' id='word_1_747' title='bbox 399 4935 451 4986; x_wconf 88' lang='lat' dir='ltr'><strong>in</strong></span> <span class='ocrx_word' id='word_1_748' title='bbox 483 4934 694 4996; x_wconf 88' lang='lat' dir='ltr'><strong>umbra,</strong></span> <span class='ocrx_word' id='word_1_749' title='bbox 729 4940 789 4987; x_wconf 88' lang='lat' dir='ltr'><strong>ut</strong></span> <span class='ocrx_word' id='word_1_750' title='bbox 832 4932 1156 5001; x_wconf 87' lang='lat' dir='ltr'><strong>quibusdam</strong></span> <span class='ocrx_word' id='word_1_751' title='bbox 1216 4930 1395 4999; x_wconf 88' lang='lat' dir='ltr'><strong>impiis</strong></span> <span class='ocrx_word' id='word_1_752' title='bbox 1437 4931 1709 4986; x_wconf 65' lang='lat' dir='ltr'><strong>iurreticis</strong></span> <span class='ocrx_word' id='word_1_753' title='bbox 1763 4934 1965 4987; x_wconf 89' lang='lat' dir='ltr'><strong>sentire</strong></span> 
     </span>
    </p>
   </div>
   <div class='ocr_carea' id='block_1_100' title="bbox 398 5019 1977 5087">
    <p class='ocr_par' dir='ltr' id='par_1_100' title="bbox 398 5019 1977 5087">
     <span class='ocr_line' id='line_1_100' title="bbox 398 5019 1977 5087; baseline 0.004 -17"><span class='ocrx_word' id='word_1_754' title='bbox 398 5021 572 5074; x_wconf 84' lang='lat' dir='ltr'><strong>visum</strong></span> <span class='ocrx_word' id='word_1_755' title='bbox 634 5030 741 5083; x_wconf 87' lang='lat' dir='ltr'><strong>est,</strong></span> <span class='ocrx_word' id='word_1_756' title='bbox 775 5019 1002 5075; x_wconf 87' lang='lat' dir='ltr'><strong>haberes</strong></span> <span class='ocrx_word' id='word_1_757' title='bbox 1064 5019 1297 5086; x_wconf 87' lang='lat' dir='ltr'><strong>aliquam</strong></span> <span class='ocrx_word' id='word_1_758' title='bbox 1357 5019 1620 5087; x_wconf 86' lang='lat' dir='ltr'><strong>ejusmodi</strong></span> <span class='ocrx_word' id='word_1_759' title='bbox 1681 5022 1977 5076; x_wconf 83' lang='lat' dir='ltr'><strong>ratiocina-‘</strong></span> 
     </span>
    </p>
   </div>
   <div class='ocr_carea' id='block_1_101' title="bbox 401 5102 1962 5164">
    <p class='ocr_par' dir='ltr' id='par_1_101' title="bbox 401 5102 1962 5164">
     <span class='ocr_line' id='line_1_101' title="bbox 401 5102 1962 5164; baseline 0.001 -4"><span class='ocrx_word' id='word_1_760' title='bbox 401 5109 560 5163; x_wconf 90' lang='lat' dir='ltr'><strong>tionis</strong></span> <span class='ocrx_word' id='word_1_761' title='bbox 617 5108 992 5164; x_wconf 72' lang='lat' dir='ltr'><strong>construenda:</strong></span> <span class='ocrx_word' id='word_1_762' title='bbox 1039 5102 1377 5161; x_wconf 78' lang='lat' dir='ltr'><strong>oCcasiouem</strong></span> <span class='ocrx_word' id='word_1_763' title='bbox 1433 5108 1572 5161; x_wconf 88' lang='lat' dir='ltr'><strong>haud</strong></span> <span class='ocrx_word' id='word_1_764' title='bbox 1629 5108 1962 5163; x_wconf 89' lang='lat' dir='ltr'><strong>absurdam:</strong></span> 
     </span>
    </p>
   </div>
   <div class='ocr_carea' id='block_1_102' title="bbox 392 5198 1969 5267">
    <p class='ocr_par' dir='ltr' id='par_1_102' title="bbox 392 5198 1969 5267">
     <span class='ocr_line' id='line_1_102' title="bbox 392 5198 1969 5267; baseline 0.002 -16"><span class='ocrx_word' id='word_1_765' title='bbox 392 5198 504 5266; x_wconf 84' lang='lat' dir='ltr'><strong>jam</strong></span> <span class='ocrx_word' id='word_1_766' title='bbox 563 5214 689 5253; x_wconf 87' lang='lat' dir='ltr'><strong>vero</strong></span> <span class='ocrx_word' id='word_1_767' title='bbox 736 5214 855 5252; x_wconf 91' lang='lat' dir='ltr'><strong>cum</strong></span> <span class='ocrx_word' id='word_1_768' title='bbox 915 5198 1221 5266; x_wconf 65' lang='lat' dir='ltr'><strong>praedicatio</strong></span> <span class='ocrx_word' id='word_1_769' title='bbox 1281 5198 1520 5251; x_wconf 88' lang='lat' dir='ltr'><strong>veritatis</strong></span> <span class='ocrx_word' id='word_1_770' title='bbox 1575 5199 1858 5267; x_wconf 88' lang='lat' dir='ltr'><strong>perspicue</strong></span> <span class='ocrx_word' id='word_1_771' title='bbox 1914 5209 1969 5254; x_wconf 92' lang='lat' dir='ltr'><strong>et</strong></span> 
     </span>
    </p>
   </div>
   <div class='ocr_carea' id='block_1_103' title="bbox 396 5288 1963 5357">
    <p class='ocr_par' dir='ltr' id='par_1_103' title="bbox 396 5288 1963 5357">
     <span class='ocr_line' id='line_1_103' title="bbox 396 5288 1963 5357; baseline 0.001 -14"><span class='ocrx_word' id='word_1_772' title='bbox 396 5290 674 5343; x_wconf 85' lang='lat' dir='ltr'><strong>evidenter</strong></span> <span class='ocrx_word' id='word_1_773' title='bbox 707 5290 879 5357; x_wconf 85' lang='lat' dir='ltr'><strong>ipsum</strong></span> <span class='ocrx_word' id='word_1_774' title='bbox 913 5290 1005 5343; x_wconf 90' lang='lat' dir='ltr'><strong>Dei</strong></span> <span class='ocrx_word' id='word_1_775' title='bbox 1040 5288 1271 5343; x_wconf 90' lang='lat' dir='ltr'><strong>Verbum</strong></span> <span class='ocrx_word' id='word_1_776' title='bbox 1302 5304 1518 5343; x_wconf 86' lang='lat' dir='ltr'><strong>carnem</strong></span> <span class='ocrx_word' id='word_1_777' title='bbox 1558 5288 1761 5344; x_wconf 85' lang='lat' dir='ltr'><strong>factum</strong></span> <span class='ocrx_word' id='word_1_778' title='bbox 1798 5292 1963 5355; x_wconf 89' lang='lat' dir='ltr'><strong>dicat,</strong></span> 
     </span>
    </p>
   </div>
   <div class='ocr_carea' id='block_1_104' title="bbox 395 5362 1966 5444">
    <p class='ocr_par' dir='ltr' id='par_1_104' title="bbox 395 5362 1966 5444">
     <span class='ocr_line' id='line_1_104' title="bbox 395 5362 1966 5444; baseline 0.002 -11"><span class='ocrx_word' id='word_1_779' title='bbox 395 5388 451 5433; x_wconf 89' lang='lat' dir='ltr'><strong>ct</strong></span> <span class='ocrx_word' id='word_1_780' title='bbox 476 5378 639 5431; x_wconf 74' lang='lat' dir='ltr'><strong>fuisse</strong></span> <span class='ocrx_word' id='word_1_781' title='bbox 666 5376 835 5431; x_wconf 88' lang='lat' dir='ltr'><strong>nostri</strong></span> <span class='ocrx_word' id='word_1_782' title='bbox 864 5379 1115 5441; x_wconf 86' lang='lat' dir='ltr'><strong>similem,</strong></span> <span class='ocrx_word' id='word_1_783' title='bbox 1147 5387 1202 5431; x_wconf 91' lang='lat' dir='ltr'><strong>ct</strong></span> <span class='ocrx_word' id='word_1_784' title='bbox 1222 5378 1413 5431; x_wconf 80' lang='lat' dir='ltr'><strong>Filium</strong></span> <span class='ocrx_word' id='word_1_785' title='bbox 1444 5362 1697 5444; x_wconf 83' lang='lat' dir='ltr'><strong>hominis,</strong></span> <span class='ocrx_word' id='word_1_786' title='bbox 1725 5390 1780 5434; x_wconf 92' lang='lat' dir='ltr'><strong>et</strong></span> <span class='ocrx_word' id='word_1_787' title='bbox 1802 5396 1966 5437; x_wconf 84' lang='lat' dir='ltr'><strong>carne</strong></span> 
     </span>
    </p>
   </div>
   <div class='ocr_carea' id='block_1_105' title="bbox 397 5472 1962 5537">
    <p class='ocr_par' dir='ltr' id='par_1_105' title="bbox 397 5472 1962 5537">
     <span class='ocr_line' id='line_1_105' title="bbox 397 5472 1962 5537; baseline 0.004 -18"><span class='ocrx_word' id='word_1_788' title='bbox 397 5478 614 5537; x_wconf 85' lang='lat' dir='ltr'><strong>propter</strong></span> <span class='ocrx_word' id='word_1_789' title='bbox 645 5483 743 5522; x_wconf 94' lang='lat' dir='ltr'><strong>nos</strong></span> <span class='ocrx_word' id='word_1_790' title='bbox 774 5483 1008 5537; x_wconf 88' lang='lat' dir='ltr'><strong>passum,</strong></span> <span class='ocrx_word' id='word_1_791' title='bbox 1043 5472 1226 5537; x_wconf 86' lang='lat' dir='ltr'><strong>sicque</strong></span> <span class='ocrx_word' id='word_1_792' title='bbox 1253 5482 1533 5525; x_wconf 85' lang='lat' dir='ltr'><strong>venturqu</strong></span> <span class='ocrx_word' id='word_1_793' title='bbox 1580 5481 1634 5524; x_wconf 91' lang='lat' dir='ltr'><strong>ut</strong></span> <span class='ocrx_word' id='word_1_794' title='bbox 1670 5475 1721 5527; x_wconf 89' lang='lat' dir='ltr'><strong>iu</strong></span> <span class='ocrx_word' id='word_1_795' title='bbox 1764 5475 1962 5527; x_wconf 64' lang='lat' dir='ltr'><strong>coelum</strong></span> 
     </span>
    </p>
   </div>
   <div class='ocr_carea' id='block_1_106' title="bbox 2072 4478 3643 4554">
    <p class='ocr_par' dir='ltr' id='par_1_106' title="bbox 2072 4478 3643 4554">
     <span class='ocr_line' id='line_1_106' title="bbox 2072 4478 3643 4554; baseline 0.003 -25"><span class='ocrx_word' id='word_1_796' title='bbox 2072 4478 2172 4547; x_wconf 84' lang='grc' dir='ltr'>τὴν</span> <span class='ocrx_word' id='word_1_797' title='bbox 2208 4479 2508 4547; x_wconf 82' lang='grc' dir='ltr'>ἀπόδειξιν’</span> <span class='ocrx_word' id='word_1_798' title='bbox 2541 4481 2849 4553; x_wconf 86' lang='grc' dir='ltr'>γεγράφθαι</span> <span class='ocrx_word' id='word_1_799' title='bbox 2890 4484 2997 4554; x_wconf 84' lang='grc' dir='ltr'>γὰρ</span> <span class='ocrx_word' id='word_1_800' title='bbox 3031 4484 3172 4553; x_wconf 80' lang='grc' dir='ltr'>φής’</span> <span class='ocrx_word' id='word_1_801' title='bbox 3210 4500 3229 4533; x_wconf 75' lang='grc' dir='ltr'>ι</span> <span class='ocrx_word' id='word_1_802' title='bbox 3265 4483 3525 4551; x_wconf 74' lang='grc' dir='ltr'>Ὄψονται</span> <span class='ocrx_word' id='word_1_803' title='bbox 3560 4483 3643 4544; x_wconf 88' lang='grc' dir='ltr'><strong>είς</strong></span> 
     </span>
    </p>
   </div>
   <div class='ocr_carea' id='block_1_107' title="bbox 2077 4562 3643 4643">
    <p class='ocr_par' dir='ltr' id='par_1_107' title="bbox 2077 4562 3643 4643">
     <span class='ocr_line' id='line_1_107' title="bbox 2077 4562 3643 4643; baseline 0.006 -29"><span class='ocrx_word' id='word_1_804' title='bbox 2077 4562 2136 4614; x_wconf 84' lang='grc' dir='ltr'>ὃν</span> <span class='ocrx_word' id='word_1_805' title='bbox 2183 4563 2576 4638; x_wconf 78' lang='grc' dir='ltr'>ἐξεκέντησαν·</span> <span class='ocrx_word' id='word_1_806' title='bbox 2613 4588 2631 4620; x_wconf 74' lang='grc' dir='ltr'><strong>ι</strong></span> <span class='ocrx_word' id='word_1_807' title='bbox 2689 4571 2784 4624; x_wconf 71' lang='grc' dir='ltr'>καὶ</span> <span class='ocrx_word' id='word_1_808' title='bbox 2814 4568 2877 4623; x_wconf 89' lang='grc' dir='ltr'>τὸ</span> <span class='ocrx_word' id='word_1_809' title='bbox 2910 4572 3002 4624; x_wconf 73' lang='grc' dir='ltr'>ἐπὶ</span> <span class='ocrx_word' id='word_1_810' title='bbox 3040 4570 3265 4632; x_wconf 83' lang='grc' dir='ltr'>τούτων,</span> <span class='ocrx_word' id='word_1_811' title='bbox 3321 4570 3510 4643; x_wconf 83' lang='grc' dir='ltr'>ὥσπερ</span> <span class='ocrx_word' id='word_1_812' title='bbox 3549 4567 3643 4623; x_wconf 82' lang='grc' dir='ltr'>οῦν</span> 
     </span>
    </p>
   </div>
   <div class='ocr_carea' id='block_1_108' title="bbox 2071 4655 3642 4734">
    <p class='ocr_par' dir='ltr' id='par_1_108' title="bbox 2071 4655 3642 4734">
     <span class='ocr_line' id='line_1_108' title="bbox 2071 4655 3642 4734; baseline 0.006 -28"><span class='ocrx_word' id='word_1_813' title='bbox 2071 4655 2285 4728; x_wconf 79' lang='grc' dir='ltr'>ᾠήθης,</span> <span class='ocrx_word' id='word_1_814' title='bbox 2344 4660 2422 4723; x_wconf 90' lang='grc' dir='ltr'><strong>είς</strong></span> <span class='ocrx_word' id='word_1_815' title='bbox 2476 4661 2730 4731; x_wconf 89' lang='grc' dir='ltr'>ἐλέγχους</span> <span class='ocrx_word' id='word_1_816' title='bbox 2789 4663 3202 4734; x_wconf 84' lang='grc' dir='ltr'>εὑσθενέστερον</span> <span class='ocrx_word' id='word_1_817' title='bbox 3254 4663 3642 4717; x_wconf 85' lang='grc' dir='ltr'>ἀσυνετώτατα</span> 
     </span>
    </p>
   </div>
   <div class='ocr_carea' id='block_1_109' title="bbox 2074 4748 3640 4826">
    <p class='ocr_par' dir='ltr' id='par_1_109' title="bbox 2074 4748 3640 4826">
     <span class='ocr_line' id='line_1_109' title="bbox 2074 4748 3640 4826; baseline 0.006 -27"><span class='ocrx_word' id='word_1_818' title='bbox 2074 4748 2420 4818; x_wconf 86' lang='grc' dir='ltr'>προστιθείς·</span> <span class='ocrx_word' id='word_1_819' title='bbox 2454 4752 2550 4815; x_wconf 84' lang='grc' dir='ltr'>Τίς</span> <span class='ocrx_word' id='word_1_820' title='bbox 2581 4750 2672 4807; x_wconf 84' lang='grc' dir='ltr'>οὖν</span> <span class='ocrx_word' id='word_1_821' title='bbox 2707 4755 2823 4807; x_wconf 84' lang='grc' dir='ltr'>ἐστι</span> <span class='ocrx_word' id='word_1_822' title='bbox 2847 4795 2862 4820; x_wconf 98' lang='grc'>,</span> <span class='ocrx_word' id='word_1_823' title='bbox 2915 4755 3097 4825; x_wconf 75' lang='grc' dir='ltr'>φησὶν,</span> <span class='ocrx_word' id='word_1_824' title='bbox 3140 4758 3169 4809; x_wconf 87' lang='lat'><strong>6</strong></span> <span class='ocrx_word' id='word_1_825' title='bbox 3218 4756 3531 4826; x_wconf 86' lang='grc' dir='ltr'>κεντηθείς;</span> <span class='ocrx_word' id='word_1_826' title='bbox 3578 4757 3640 4808; x_wconf 84' lang='grc' dir='ltr'><strong>Ἡ</strong></span> 
     </span>
    </p>
   </div>
   <div class='ocr_carea' id='block_1_110' title="bbox 2073 4837 3639 4915">
    <p class='ocr_par' dir='ltr' id='par_1_110' title="bbox 2073 4837 3639 4915">
     <span class='ocr_line' id='line_1_110' title="bbox 2073 4837 3639 4915; baseline 0.006 -27"><span class='ocrx_word' id='word_1_827' title='bbox 2073 4837 2310 4909; x_wconf 88' lang='grc' dir='ltr'>πλευρά·</span> <span class='ocrx_word' id='word_1_828' title='bbox 2365 4840 2574 4911; x_wconf 87' lang='grc' dir='ltr'>πλευρὰ</span> <span class='ocrx_word' id='word_1_829' title='bbox 2625 4844 2682 4895; x_wconf 79' lang='grc' dir='ltr'><strong>δὲ</strong></span> <span class='ocrx_word' id='word_1_830' title='bbox 2737 4844 2986 4915; x_wconf 86' lang='grc' dir='ltr'>σώματός</span> <span class='ocrx_word' id='word_1_831' title='bbox 3049 4849 3217 4911; x_wconf 84' lang='grc' dir='ltr'>ἐστιν,</span> <span class='ocrx_word' id='word_1_832' title='bbox 3271 4847 3303 4913; x_wconf 77' lang='grc' dir='ltr'>ἢ</span> <span class='ocrx_word' id='word_1_833' title='bbox 3349 4846 3639 4915; x_wconf 85' lang='grc' dir='ltr'>θεότητος;</span> 
     </span>
    </p>
   </div>
   <div class='ocr_carea' id='block_1_111' title="bbox 2083 4932 3641 5007">
    <p class='ocr_par' dir='ltr' id='par_1_111' title="bbox 2083 4932 3641 5007">
     <span class='ocr_line' id='line_1_111' title="bbox 2083 4932 3641 5007; baseline 0.006 -24"><span class='ocrx_word' id='word_1_834' title='bbox 2083 4932 2219 4985; x_wconf 84' lang='grc' dir='ltr'>Ἀλλ’</span> <span class='ocrx_word' id='word_1_835' title='bbox 2256 4936 2304 4985; x_wconf 84' lang='grc' dir='ltr'>εἰ</span> <span class='ocrx_word' id='word_1_836' title='bbox 2354 4935 2451 5004; x_wconf 81' lang='grc' dir='ltr'>μὲν</span> <span class='ocrx_word' id='word_1_837' title='bbox 2494 4932 2636 5006; x_wconf 81' lang='grc' dir='ltr'>ἦσαν</span> <span class='ocrx_word' id='word_1_838' title='bbox 2680 4938 2823 5001; x_wconf 79' lang='grc' dir='ltr'>τινὲς</span> <span class='ocrx_word' id='word_1_839' title='bbox 2850 4942 2897 4991; x_wconf 91' lang='grc' dir='ltr'>οί</span> <span class='ocrx_word' id='word_1_840' title='bbox 2929 4939 3198 5006; x_wconf 87' lang='grc' dir='ltr'>λέγοντες,</span> <span class='ocrx_word' id='word_1_841' title='bbox 3247 4941 3323 5002; x_wconf 83' lang='grc' dir='ltr'>ὡς</span> <span class='ocrx_word' id='word_1_842' title='bbox 3347 4942 3407 4992; x_wconf 89' lang='grc' dir='ltr'><strong>οὑ</strong></span> <span class='ocrx_word' id='word_1_843' title='bbox 3447 4940 3641 5007; x_wconf 80' lang='grc' dir='ltr'>γέγονε</span> 
     </span>
    </p>
   </div>
   <div class='ocr_carea' id='block_1_112' title="bbox 2071 5020 3643 5099">
    <p class='ocr_par' dir='ltr' id='par_1_112' title="bbox 2071 5020 3643 5099">
     <span class='ocr_line' id='line_1_112' title="bbox 2071 5020 3643 5099; baseline 0.005 -24"><span class='ocrx_word' id='word_1_844' title='bbox 2071 5024 2192 5076; x_wconf 82' lang='grc' dir='ltr'>καθ’</span> <span class='ocrx_word' id='word_1_845' title='bbox 2239 5025 2387 5094; x_wconf 79' lang='grc' dir='ltr'>ἡμᾶς</span> <span class='ocrx_word' id='word_1_846' title='bbox 2414 5020 2701 5096; x_wconf 67' lang='grc' dir='ltr'>ἄνθρωπος</span> <span class='ocrx_word' id='word_1_847' title='bbox 2738 5030 2767 5081; x_wconf 88' lang='grc' dir='ltr'>ό</span> <span class='ocrx_word' id='word_1_848' title='bbox 2795 5030 2889 5082; x_wconf 80' lang='grc' dir='ltr'>τοῦ</span> <span class='ocrx_word' id='word_1_849' title='bbox 2919 5031 3055 5084; x_wconf 87' lang='grc' dir='ltr'>Θεοῦ</span> <span class='ocrx_word' id='word_1_850' title='bbox 3081 5032 3251 5099; x_wconf 88' lang='grc' dir='ltr'>Λόγος</span> <span class='ocrx_word' id='word_1_851' title='bbox 3270 5046 3284 5060; x_wconf 73' lang='grc' dir='ltr'><strong>ο</strong></span> <span class='ocrx_word' id='word_1_852' title='bbox 3311 5032 3643 5099; x_wconf 84' lang='grc' dir='ltr'>ἐπεφοίτησε</span> 
     </span>
    </p>
   </div>
   <div class='ocr_carea' id='block_1_113' title="bbox 2069 5113 3645 5191">
    <p class='ocr_par' dir='ltr' id='par_1_113' title="bbox 2069 5113 3645 5191">
     <span class='ocr_line' id='line_1_113' title="bbox 2069 5113 3645 5191; baseline 0.005 -27"><span class='ocrx_word' id='word_1_853' title='bbox 2069 5113 2126 5165; x_wconf 83' lang='grc' dir='ltr'><strong>δέ</strong></span> <span class='ocrx_word' id='word_1_854' title='bbox 2156 5116 2270 5177; x_wconf 87' lang='grc' dir='ltr'>τοῖς</span> <span class='ocrx_word' id='word_1_855' title='bbox 2296 5116 2389 5167; x_wconf 77' lang='grc' dir='ltr'>ἐπὶ</span> <span class='ocrx_word' id='word_1_856' title='bbox 2414 5116 2538 5185; x_wconf 81' lang='grc' dir='ltr'>γῆς,</span> <span class='ocrx_word' id='word_1_857' title='bbox 2580 5121 2762 5189; x_wconf 81' lang='grc' dir='ltr'>γυμνῇ</span> <span class='ocrx_word' id='word_1_858' title='bbox 2790 5122 2854 5189; x_wconf 79' lang='grc' dir='ltr'><strong>τῇ</strong></span> <span class='ocrx_word' id='word_1_859' title='bbox 2886 5120 3098 5191; x_wconf 87' lang='grc' dir='ltr'>θεότητι</span> <span class='ocrx_word' id='word_1_860' title='bbox 3142 5120 3442 5191; x_wconf 82' lang='grc' dir='ltr'>χρώμενος,</span> <span class='ocrx_word' id='word_1_861' title='bbox 3473 5123 3645 5191; x_wconf 74' lang='grc' dir='ltr'>ήγουν</span> 
     </span>
    </p>
   </div>
   <div class='ocr_carea' id='block_1_114' title="bbox 2068 5204 3644 5281">
    <p class='ocr_par' dir='ltr' id='par_1_114' title="bbox 2068 5204 3644 5281">
     <span class='ocr_line' id='line_1_114' title="bbox 2068 5204 3644 5281; baseline 0.005 -26"><span class='ocrx_word' id='word_1_862' title='bbox 2068 5206 2125 5257; x_wconf 89' lang='grc' dir='ltr'><strong>ἐν</strong></span> <span class='ocrx_word' id='word_1_863' title='bbox 2152 5204 2367 5274; x_wconf 78' lang='grc' dir='ltr'>δοκήσει</span> <span class='ocrx_word' id='word_1_864' title='bbox 2395 5208 2487 5259; x_wconf 76' lang='grc' dir='ltr'>καὶ</span> <span class='ocrx_word' id='word_1_865' title='bbox 2524 5206 2598 5270; x_wconf 76' lang='grc' dir='ltr'>ὼς</span> <span class='ocrx_word' id='word_1_866' title='bbox 2636 5211 2692 5261; x_wconf 85' lang='grc' dir='ltr'><strong>ἐν</strong></span> <span class='ocrx_word' id='word_1_867' title='bbox 2728 5212 2874 5280; x_wconf 85' lang='grc' dir='ltr'>σκιᾷ,</span> <span class='ocrx_word' id='word_1_868' title='bbox 2924 5212 3064 5265; x_wconf 72' lang='grc' dir='ltr'>καθὰ</span> <span class='ocrx_word' id='word_1_869' title='bbox 3096 5215 3312 5281; x_wconf 86' lang='grc' dir='ltr'>φρονεῖν</span> <span class='ocrx_word' id='word_1_870' title='bbox 3346 5211 3491 5278; x_wconf 74' lang='grc' dir='ltr'>ἔδοξέ</span> <span class='ocrx_word' id='word_1_871' title='bbox 3529 5228 3644 5265; x_wconf 86' lang='grc' dir='ltr'>τισι</span> 
     </span>
    </p>
   </div>
   <div class='ocr_carea' id='block_1_115' title="bbox 2066 5297 3642 5375">
    <p class='ocr_par' dir='ltr' id='par_1_115' title="bbox 2066 5297 3642 5375">
     <span class='ocr_line' id='line_1_115' title="bbox 2066 5297 3642 5375; baseline 0.006 -28"><span class='ocrx_word' id='word_1_872' title='bbox 2066 5297 2176 5348; x_wconf 84' lang='grc' dir='ltr'><strong>τῶν</strong></span> <span class='ocrx_word' id='word_1_873' title='bbox 2228 5298 2457 5349; x_wconf 87' lang='grc' dir='ltr'>ἀνοσίων</span> <span class='ocrx_word' id='word_1_874' title='bbox 2500 5302 2812 5368; x_wconf 83' lang='grc' dir='ltr'>αἱρετικῶν,</span> <span class='ocrx_word' id='word_1_875' title='bbox 2862 5299 2929 5374; x_wconf 82' lang='grc' dir='ltr'><strong>ἦν</strong></span> <span class='ocrx_word' id='word_1_876' title='bbox 2976 5305 3040 5356; x_wconf 83' lang='grc' dir='ltr'>ἀν</span> <span class='ocrx_word' id='word_1_877' title='bbox 3095 5321 3176 5356; x_wconf 91' lang='grc' dir='ltr'>σοι</span> <span class='ocrx_word' id='word_1_878' title='bbox 3224 5305 3494 5372; x_wconf 81' lang='grc' dir='ltr'>πρόφασις</span> <span class='ocrx_word' id='word_1_879' title='bbox 3542 5307 3642 5375; x_wconf 78' lang='grc' dir='ltr'>τῆς</span> 
     </span>
    </p>
   </div>
   <div class='ocr_carea' id='block_1_116' title="bbox 2066 5388 3641 5465">
    <p class='ocr_par' dir='ltr' id='par_1_116' title="bbox 2066 5388 3641 5465">
     <span class='ocr_line' id='line_1_116' title="bbox 2066 5388 3641 5465; baseline 0.007 -28"><span class='ocrx_word' id='word_1_880' title='bbox 2066 5388 2279 5439; x_wconf 81' lang='grc' dir='ltr'>τοιᾶσδε</span> <span class='ocrx_word' id='word_1_881' title='bbox 2316 5388 2422 5440; x_wconf 83' lang='grc' dir='ltr'>τῶν</span> <span class='ocrx_word' id='word_1_882' title='bbox 2470 5388 2644 5456; x_wconf 81' lang='grc' dir='ltr'>λόγων</span> <span class='ocrx_word' id='word_1_883' title='bbox 2692 5394 3057 5463; x_wconf 77' lang='grc' dir='ltr'>κατασκευῆς,</span> <span class='ocrx_word' id='word_1_884' title='bbox 3094 5395 3195 5446; x_wconf 83' lang='grc' dir='ltr'><strong>οὑκ</strong></span> <span class='ocrx_word' id='word_1_885' title='bbox 3226 5395 3331 5461; x_wconf 77' lang='grc' dir='ltr'><strong>ἔξω</strong></span> <span class='ocrx_word' id='word_1_886' title='bbox 3371 5399 3641 5465; x_wconf 79' lang='grc' dir='ltr'>τρέχουσαι</span> 
     </span>
    </p>
   </div>
   <div class='ocr_carea' id='block_1_117' title="bbox 2066 5475 3639 5557">
    <p class='ocr_par' dir='ltr' id='par_1_117' title="bbox 2066 5475 3639 5557">
     <span class='ocr_line' id='line_1_117' title="bbox 2066 5475 3639 5557; baseline 0.008 -31"><span class='ocrx_word' id='word_1_887' title='bbox 2066 5475 2160 5527; x_wconf 83' lang='grc' dir='ltr'><strong>τοῦ</strong></span> <span class='ocrx_word' id='word_1_888' title='bbox 2208 5477 2447 5540; x_wconf 81' lang='grc' dir='ltr'>εἰκότος’</span> <span class='ocrx_word' id='word_1_889' title='bbox 2499 5481 2683 5550; x_wconf 76' lang='grc' dir='ltr'>ἐπειδὴ</span> <span class='ocrx_word' id='word_1_890' title='bbox 2718 5481 2773 5533; x_wconf 82' lang='grc' dir='ltr'>δὲ</span> <span class='ocrx_word' id='word_1_891' title='bbox 2825 5484 2882 5534; x_wconf 85' lang='grc' dir='ltr'><strong>τὸ</strong></span> <span class='ocrx_word' id='word_1_892' title='bbox 2918 5485 3018 5553; x_wconf 78' lang='grc' dir='ltr'><strong>τῆς</strong></span> <span class='ocrx_word' id='word_1_893' title='bbox 3066 5486 3321 5555; x_wconf 84' lang='grc' dir='ltr'>ἀληθείας</span> <span class='ocrx_word' id='word_1_894' title='bbox 3353 5490 3639 5557; x_wconf 75' lang='grc' dir='ltr'>κήρυγμα,</span> 
     </span>
    </p>
   </div>
   <div class='ocr_carea' id='block_1_118' title="bbox 430 5641 1971 5725">
    <p class='ocr_par' dir='ltr' id='par_1_118' title="bbox 430 5641 1935 5711">
     <span class='ocr_line' id='line_1_118' title="bbox 430 5641 1935 5711; baseline 0.005 -15"><span class='ocrx_word' id='word_1_895' title='bbox 430 5642 473 5673; x_wconf 80' lang='grc'><strong>¹⁹</strong></span> <span class='ocrx_word' id='word_1_896' title='bbox 503 5641 732 5711; x_wconf 83' lang='lat' dir='ltr'><strong>Philipp.</strong></span> <span class='ocrx_word' id='word_1_897' title='bbox 767 5658 827 5707; x_wconf 85' lang='lat' dir='ltr'><strong>ll,</strong></span> <span class='ocrx_word' id='word_1_898' title='bbox 860 5641 945 5709; x_wconf 79' lang='grc'><strong>10,</strong></span> <span class='ocrx_word' id='word_1_899' title='bbox 978 5644 1059 5697; x_wconf 84' lang='lat' dir='ltr'><strong>ll.</strong></span> <span class='ocrx_word' id='word_1_900' title='bbox 1138 5643 1177 5673; x_wconf 81' lang='grc'>¹¹</span> <span class='ocrx_word' id='word_1_901' title='bbox 1208 5642 1514 5711; x_wconf 83' lang='lat' dir='ltr'><strong>Habac.ttl,</strong></span> <span class='ocrx_word' id='word_1_902' title='bbox 1544 5647 1595 5701; x_wconf 77' lang='grc' dir='ltr'><strong>ὖ.</strong></span> <span class='ocrx_word' id='word_1_903' title='bbox 1676 5651 1716 5682; x_wconf 85' lang='grc'>¹²</span> <span class='ocrx_word' id='word_1_904' title='bbox 1749 5649 1935 5705; x_wconf 84' lang='lat' dir='ltr'><strong>Matth.</strong></span> 
     </span>
    </p>
   </div>
   <div class='ocr_carea' id='block_1_119' title="bbox 2075 5641 2881 5725">
    <p class='ocr_par' dir='ltr' id='par_1_119' title="bbox 2078 5653 2881 5725">
     <span class='ocr_line' id='line_1_119' title="bbox 2078 5653 2881 5725; baseline 0.006 -19"><span class='ocrx_word' id='word_1_905' title='bbox 2078 5668 2125 5716; x_wconf 77' lang='grc' dir='ltr'><strong>ι’,</strong></span> <span class='ocrx_word' id='word_1_906' title='bbox 2167 5654 2251 5707; x_wconf 81' lang='lat'><strong>50.</strong></span> <span class='ocrx_word' id='word_1_907' title='bbox 2336 5654 2377 5685; x_wconf 81' lang='grc'>⁸³</span> <span class='ocrx_word' id='word_1_908' title='bbox 2402 5653 2629 5709; x_wconf 79' lang='lat' dir='ltr'><strong>Zuchar.</strong></span> <span class='ocrx_word' id='word_1_909' title='bbox 2658 5672 2759 5725; x_wconf 79' lang='lat' dir='ltr'><strong>xu,</strong></span> <span class='ocrx_word' id='word_1_910' title='bbox 2798 5659 2881 5713; x_wconf 84' lang='grc'><strong>10.</strong></span> 
     </span>
    </p>
   </div>
  </div>
