  <div class='ocr_page' id='page_1' title='image "/cluster/home/n/w/nwhite01/storage/ocr_20150623/76/hvd.32044073501439/110.png"; bbox 0 0 4002 6192; ppageno 0'>
   <div class='ocr_carea' id='block_1_1' title="bbox 399 292 506 396">
    <p class='ocr_par' dir='ltr' id='par_1_1' title="bbox 399 292 506 396">
     <span class='ocr_line' id='line_1_1' title="bbox 399 292 506 396; baseline -0.019 0"><span class='ocrx_word' id='word_1_1' title='bbox 399 292 506 396; x_wconf 55' lang='grc' dir='ltr'><strong>ξοδ</strong></span> 
     </span>
    </p>
   </div>
   <div class='ocr_carea' id='block_1_2' title="bbox 1500 309 2580 386">
    <p class='ocr_par' dir='ltr' id='par_1_2' title="bbox 1500 309 2580 386">
     <span class='ocr_line' id='line_1_2' title="bbox 1500 309 2580 386; baseline 0 -2"><span class='ocrx_word' id='word_1_2' title='bbox 1500 313 1866 386; x_wconf 70' lang='grc' dir='ltr'>Αυνιῖιιευε</span> <span class='ocrx_word' id='word_1_3' title='bbox 1907 312 2306 385; x_wconf 68' lang='lat' dir='ltr'><strong>NESTORIUM</strong></span> <span class='ocrx_word' id='word_1_4' title='bbox 2342 309 2469 384; x_wconf 81' lang='lat' dir='ltr'><strong>LIB.</strong></span> <span class='ocrx_word' id='word_1_5' title='bbox 2514 309 2580 384; x_wconf 76' lang='lat' dir='ltr'><strong>v.</strong></span> 
     </span>
    </p>
   </div>
   <div class='ocr_carea' id='block_1_3' title="bbox 3576 314 3680 381">
    <p class='ocr_par' dir='ltr' id='par_1_3' title="bbox 3576 314 3680 381">
     <span class='ocr_line' id='line_1_3' title="bbox 3576 314 3680 381; baseline 0 0"><span class='ocrx_word' id='word_1_6' title='bbox 3576 314 3680 381; x_wconf 58' lang='lat'><strong>“203</strong></span> 
     </span>
    </p>
   </div>
   <div class='ocr_carea' id='block_1_4' title="bbox 407 445 2009 521">
    <p class='ocr_par' dir='ltr' id='par_1_4' title="bbox 407 447 2009 521">
     <span class='ocr_line' id='line_1_4' title="bbox 407 447 2009 521; baseline -0.001 -17"><span class='ocrx_word' id='word_1_7' title='bbox 407 451 590 520; x_wconf 84' lang='grc' dir='ltr'>σαφῶς</span> <span class='ocrx_word' id='word_1_8' title='bbox 622 467 683 502; x_wconf 90' lang='grc' dir='ltr'><strong>τε</strong></span> <span class='ocrx_word' id='word_1_9' title='bbox 721 450 828 502; x_wconf 76' lang='grc' dir='ltr'><strong>καὶ</strong></span> <span class='ocrx_word' id='word_1_10' title='bbox 865 447 1117 520; x_wconf 76' lang='grc' dir='ltr'>ἐναργῶς</span> <span class='ocrx_word' id='word_1_11' title='bbox 1145 448 1236 501; x_wconf 77' lang='grc' dir='ltr'><strong>τὸν</strong></span> <span class='ocrx_word' id='word_1_12' title='bbox 1258 447 1352 500; x_wconf 75' lang='grc' dir='ltr'><strong>τοῦ</strong></span> <span class='ocrx_word' id='word_1_13' title='bbox 1375 447 1508 500; x_wconf 82' lang='grc' dir='ltr'>Θεοῦ</span> <span class='ocrx_word' id='word_1_14' title='bbox 1540 449 1710 516; x_wconf 84' lang='grc' dir='ltr'>Λόγον</span> <span class='ocrx_word' id='word_1_15' title='bbox 1747 450 1924 521; x_wconf 91' lang='grc' dir='ltr'>σάρκα</span> <span class='ocrx_word' id='word_1_16' title='bbox 1949 466 2009 502; x_wconf 89' lang='grc' dir='ltr'><strong>τε</strong></span> 
     </span>
    </p>
   </div>
   <div class='ocr_carea' id='block_1_5' title="bbox 2117 445 3679 521">
    <p class='ocr_par' dir='ltr' id='par_1_5' title="bbox 2117 445 3679 519">
     <span class='ocr_line' id='line_1_5' title="bbox 2117 445 3679 519; baseline -0.003 -15"><span class='ocrx_word' id='word_1_17' title='bbox 2117 448 2378 516; x_wconf 79' lang='lat' dir='ltr'><strong>ascendit,</strong></span> <span class='ocrx_word' id='word_1_18' title='bbox 2411 459 2467 504; x_wconf 87' lang='lat' dir='ltr'><strong>ut</strong></span> <span class='ocrx_word' id='word_1_19' title='bbox 2502 446 2674 519; x_wconf 78' lang='lat' dir='ltr'><strong>angeli</strong></span> <span class='ocrx_word' id='word_1_20' title='bbox 2718 459 2846 502; x_wconf 88' lang='lat' dir='ltr'><strong>voce</strong></span> <span class='ocrx_word' id='word_1_21' title='bbox 2898 453 3150 501; x_wconf 86' lang='lat' dir='ltr'><strong>testatum</strong></span> <span class='ocrx_word' id='word_1_22' title='bbox 3193 454 3275 500; x_wconf 89' lang='lat' dir='ltr'><strong>est</strong></span> <span class='ocrx_word' id='word_1_23' title='bbox 3307 445 3370 511; x_wconf 66' lang='grc' dir='ltr'>ιδ,</span> <span class='ocrx_word' id='word_1_24' title='bbox 3416 460 3679 515; x_wconf 82' lang='lat' dir='ltr'><strong>quosnam</strong></span> 
     </span>
    </p>
   </div>
   <div class='ocr_carea' id='block_1_6' title="bbox 407 539 2009 612">
    <p class='ocr_par' dir='ltr' id='par_1_6' title="bbox 407 539 2009 612">
     <span class='ocr_line' id='line_1_6' title="bbox 407 539 2009 612; baseline 0 -17"><span class='ocrx_word' id='word_1_25' title='bbox 407 539 682 612; x_wconf 74' lang='grc' dir='ltr'>γενέσθαι,</span> <span class='ocrx_word' id='word_1_26' title='bbox 722 541 876 612; x_wconf 83' lang='grc' dir='ltr'>φησὶ</span> <span class='ocrx_word' id='word_1_27' title='bbox 899 581 913 605; x_wconf 95' lang='grc'><strong>,</strong></span> <span class='ocrx_word' id='word_1_28' title='bbox 952 540 1294 611; x_wconf 82' lang='grc' dir='ltr'>χρηματίσαι</span> <span class='ocrx_word' id='word_1_29' title='bbox 1337 540 1393 592; x_wconf 83' lang='grc' dir='ltr'>δὲ</span> <span class='ocrx_word' id='word_1_30' title='bbox 1425 541 1547 593; x_wconf 84' lang='grc' dir='ltr'>καθ’</span> <span class='ocrx_word' id='word_1_31' title='bbox 1580 541 1728 610; x_wconf 77' lang='grc' dir='ltr'>ἡμᾶς</span> <span class='ocrx_word' id='word_1_32' title='bbox 1757 543 1850 594; x_wconf 78' lang='grc' dir='ltr'>καὶ</span> <span class='ocrx_word' id='word_1_33' title='bbox 1881 541 2009 595; x_wconf 82' lang='grc' dir='ltr'>Υίδν</span> 
     </span>
    </p>
   </div>
   <div class='ocr_carea' id='block_1_7' title="bbox 406 629 2012 702">
    <p class='ocr_par' dir='ltr' id='par_1_7' title="bbox 406 629 2012 702">
     <span class='ocr_line' id='line_1_7' title="bbox 406 629 2012 702; baseline -0.001 -18"><span class='ocrx_word' id='word_1_34' title='bbox 406 630 725 702; x_wconf 81' lang='grc' dir='ltr'>ἀνθρώπου,</span> <span class='ocrx_word' id='word_1_35' title='bbox 756 631 864 684; x_wconf 77' lang='grc' dir='ltr'><strong>καὶ</strong></span> <span class='ocrx_word' id='word_1_36' title='bbox 897 630 1095 684; x_wconf 80' lang='grc' dir='ltr'>παθεῖν</span> <span class='ocrx_word' id='word_1_37' title='bbox 1129 629 1269 698; x_wconf 81' lang='grc' dir='ltr'>ὑπὲρ</span> <span class='ocrx_word' id='word_1_38' title='bbox 1295 629 1447 698; x_wconf 73' lang='grc' dir='ltr'>ἡμῶν</span> <span class='ocrx_word' id='word_1_39' title='bbox 1480 629 1680 700; x_wconf 85' lang='grc' dir='ltr'>σαρκί·</span> <span class='ocrx_word' id='word_1_40' title='bbox 1719 629 2012 698; x_wconf 78' lang='grc' dir='ltr'><strong>ἀφίξεσθαι</strong></span> 
     </span>
    </p>
   </div>
   <div class='ocr_carea' id='block_1_8' title="bbox 405 720 2007 792">
    <p class='ocr_par' dir='ltr' id='par_1_8' title="bbox 405 720 2007 792">
     <span class='ocr_line' id='line_1_8' title="bbox 405 720 2007 792; baseline -0.003 -15"><span class='ocrx_word' id='word_1_41' title='bbox 405 723 460 777; x_wconf 79' lang='lat' dir='ltr'><strong>0‘s</strong></span> <span class='ocrx_word' id='word_1_42' title='bbox 486 724 581 776; x_wconf 71' lang='grc' dir='ltr'><strong>καὶ</strong></span> <span class='ocrx_word' id='word_1_43' title='bbox 608 721 801 786; x_wconf 74' lang='grc' dir='ltr'>οὕτως</span> <span class='ocrx_word' id='word_1_44' title='bbox 839 723 1035 786; x_wconf 78' lang='grc' dir='ltr'>αὑτὸν,</span> <span class='ocrx_word' id='word_1_45' title='bbox 1057 721 1133 786; x_wconf 80' lang='grc' dir='ltr'>ὼς</span> <span class='ocrx_word' id='word_1_46' title='bbox 1161 720 1500 790; x_wconf 76' lang='grc' dir='ltr'>ἀναϐέϐηκεν</span> <span class='ocrx_word' id='word_1_47' title='bbox 1526 724 1604 784; x_wconf 83' lang='grc' dir='ltr'><strong>είς</strong></span> <span class='ocrx_word' id='word_1_48' title='bbox 1636 721 1727 774; x_wconf 82' lang='grc' dir='ltr'><strong>τὸν</strong></span> <span class='ocrx_word' id='word_1_49' title='bbox 1759 722 2007 792; x_wconf 81' lang='grc' dir='ltr'>οὐρανόν·</span> 
     </span>
    </p>
   </div>
   <div class='ocr_carea' id='block_1_9' title="bbox 411 812 2009 886">
    <p class='ocr_par' dir='ltr' id='par_1_9' title="bbox 411 812 2009 886">
     <span class='ocr_line' id='line_1_9' title="bbox 411 812 2009 886; baseline -0.003 -16"><span class='ocrx_word' id='word_1_50' title='bbox 411 813 548 886; x_wconf 71' lang='grc' dir='ltr'>[καὶ]</span> <span class='ocrx_word' id='word_1_51' title='bbox 584 816 735 868; x_wconf 71' lang='grc' dir='ltr'>κατὰ</span> <span class='ocrx_word' id='word_1_52' title='bbox 772 815 882 884; x_wconf 85' lang='grc' dir='ltr'><strong>τὴν</strong></span> <span class='ocrx_word' id='word_1_53' title='bbox 917 813 1013 867; x_wconf 77' lang='grc' dir='ltr'>τοῦ</span> <span class='ocrx_word' id='word_1_54' title='bbox 1043 812 1278 880; x_wconf 77' lang='grc' dir='ltr'><strong>ἀγγέλου</strong></span> <span class='ocrx_word' id='word_1_55' title='bbox 1310 813 1514 880; x_wconf 74' lang='grc' dir='ltr'>φωνὴν,</span> <span class='ocrx_word' id='word_1_56' title='bbox 1548 812 1684 883; x_wconf 77' lang='grc' dir='ltr'>πρὸς</span> <span class='ocrx_word' id='word_1_57' title='bbox 1714 812 1862 875; x_wconf 85' lang='grc' dir='ltr'>τίνας</span> <span class='ocrx_word' id='word_1_58' title='bbox 1895 812 2009 866; x_wconf 81' lang='grc' dir='ltr'>δια-</span> 
     </span>
    </p>
   </div>
   <div class='ocr_carea' id='block_1_10' title="bbox 411 902 2011 976">
    <p class='ocr_par' dir='ltr' id='par_1_10' title="bbox 411 902 2011 976">
     <span class='ocr_line' id='line_1_10' title="bbox 411 902 2011 976; baseline -0.001 -17"><span class='ocrx_word' id='word_1_59' title='bbox 411 908 748 976; x_wconf 87' lang='grc' dir='ltr'>τεινόμενος,</span> <span class='ocrx_word' id='word_1_60' title='bbox 786 905 920 959; x_wconf 84' lang='grc' dir='ltr'><strong>εἰπέ</strong></span> <span class='ocrx_word' id='word_1_61' title='bbox 952 921 1063 975; x_wconf 87' lang='grc' dir='ltr'>μοι,</span> <span class='ocrx_word' id='word_1_62' title='bbox 1091 905 1185 956; x_wconf 76' lang='grc' dir='ltr'><strong>καὶ</strong></span> <span class='ocrx_word' id='word_1_63' title='bbox 1207 903 1305 973; x_wconf 83' lang='grc' dir='ltr'>τὴν</span> <span class='ocrx_word' id='word_1_64' title='bbox 1331 902 1472 965; x_wconf 81' lang='grc' dir='ltr'>τίνος</span> <span class='ocrx_word' id='word_1_65' title='bbox 1503 903 1660 969; x_wconf 79' lang='grc' dir='ltr'>δόξαν</span> <span class='ocrx_word' id='word_1_66' title='bbox 1685 904 2011 974; x_wconf 79' lang='grc' dir='ltr'>κατακιϐδη-</span> 
     </span>
    </p>
   </div>
   <div class='ocr_carea' id='block_1_11' title="bbox 413 993 2012 1067">
    <p class='ocr_par' dir='ltr' id='par_1_11' title="bbox 413 993 2012 1067">
     <span class='ocr_line' id='line_1_11' title="bbox 413 993 2012 1067; baseline -0.003 -17"><span class='ocrx_word' id='word_1_67' title='bbox 413 999 581 1051; x_wconf 75' lang='grc' dir='ltr'>λεὺων</span> <span class='ocrx_word' id='word_1_68' title='bbox 613 998 690 1058; x_wconf 83' lang='grc' dir='ltr'>ὡς</span> <span class='ocrx_word' id='word_1_69' title='bbox 723 995 932 1067; x_wconf 79' lang='grc' dir='ltr'>ἀμαθῆ</span> <span class='ocrx_word' id='word_1_70' title='bbox 961 997 1058 1048; x_wconf 72' lang='grc' dir='ltr'>καὶ</span> <span class='ocrx_word' id='word_1_71' title='bbox 1085 994 1383 1064; x_wconf 74' lang='grc' dir='ltr'><strong>ἀσύφηλον,</strong></span> <span class='ocrx_word' id='word_1_72' title='bbox 1411 993 1696 1065; x_wconf 79' lang='grc' dir='ltr'>ἄνθρωπον</span> <span class='ocrx_word' id='word_1_73' title='bbox 1724 996 1854 1064; x_wconf 75' lang='grc' dir='ltr'>ἡμῖν</span> <span class='ocrx_word' id='word_1_74' title='bbox 1877 997 2012 1047; x_wconf 84' lang='grc' dir='ltr'>ἁπο-</span> 
     </span>
    </p>
   </div>
   <div class='ocr_carea' id='block_1_12' title="bbox 418 1081 2012 1159">
    <p class='ocr_par' dir='ltr' id='par_1_12' title="bbox 418 1081 2012 1159">
     <span class='ocr_line' id='line_1_12' title="bbox 418 1081 2012 1159; baseline 0.001 -20"><span class='ocrx_word' id='word_1_75' title='bbox 418 1089 577 1159; x_wconf 75' lang='grc' dir='ltr'>φῆναι</span> <span class='ocrx_word' id='word_1_76' title='bbox 627 1088 974 1156; x_wconf 86' lang='grc' dir='ltr'>φιλονεικεῖς</span> <span class='ocrx_word' id='word_1_77' title='bbox 1013 1086 1105 1139; x_wconf 79' lang='grc' dir='ltr'><strong>τὸν</strong></span> <span class='ocrx_word' id='word_1_78' title='bbox 1149 1087 1482 1156; x_wconf 76' lang='grc' dir='ltr'>ἐρχόμενον,</span> <span class='ocrx_word' id='word_1_79' title='bbox 1526 1086 1768 1158; x_wconf 80' lang='grc' dir='ltr'>πλευράν</span> <span class='ocrx_word' id='word_1_80' title='bbox 1816 1081 2012 1157; x_wconf 73' lang='grc' dir='ltr'>ἔχοντα</span> 
     </span>
    </p>
   </div>
   <div class='ocr_carea' id='block_1_13' title="bbox 424 1177 2011 1250">
    <p class='ocr_par' dir='ltr' id='par_1_13' title="bbox 424 1177 2011 1250">
     <span class='ocr_line' id='line_1_13' title="bbox 424 1177 2011 1250; baseline -0.001 -17"><span class='ocrx_word' id='word_1_81' title='bbox 424 1180 742 1250; x_wconf 83' lang='grc' dir='ltr'>σωματικὴν</span> <span class='ocrx_word' id='word_1_82' title='bbox 763 1222 778 1246; x_wconf 90' lang='grc'><strong>,</strong></span> <span class='ocrx_word' id='word_1_83' title='bbox 811 1181 918 1248; x_wconf 78' lang='grc' dir='ltr'>τὴν</span> <span class='ocrx_word' id='word_1_84' title='bbox 951 1181 1018 1250; x_wconf 78' lang='grc' dir='ltr'>τῇ</span> <span class='ocrx_word' id='word_1_85' title='bbox 1052 1177 1222 1250; x_wconf 75' lang='grc' dir='ltr'>λόγχῃ</span> <span class='ocrx_word' id='word_1_86' title='bbox 1249 1177 1708 1248; x_wconf 81' lang='grc' dir='ltr'>διανενυγμένην;</span> <span class='ocrx_word' id='word_1_87' title='bbox 1742 1179 1902 1234; x_wconf 57' lang='lat' dir='ltr'><strong>me</strong></span> <span class='ocrx_word' id='word_1_88' title='bbox 1931 1193 2011 1232; x_wconf 87' lang='grc' dir='ltr'><strong>σοι</strong></span> 
     </span>
    </p>
   </div>
   <div class='ocr_carea' id='block_1_14' title="bbox 427 1268 2012 1341">
    <p class='ocr_par' dir='ltr' id='par_1_14' title="bbox 427 1268 2012 1341">
     <span class='ocr_line' id='line_1_14' title="bbox 427 1268 2012 1341; baseline -0.001 -17"><span class='ocrx_word' id='word_1_89' title='bbox 427 1271 641 1332; x_wconf 78' lang='grc' dir='ltr'>σκοπὸς.</span> <span class='ocrx_word' id='word_1_90' title='bbox 684 1270 765 1333; x_wconf 81' lang='grc' dir='ltr'><strong>ὡς</strong></span> <span class='ocrx_word' id='word_1_91' title='bbox 800 1269 964 1341; x_wconf 78' lang='grc' dir='ltr'>ἔφην,</span> <span class='ocrx_word' id='word_1_92' title='bbox 995 1269 1279 1340; x_wconf 74' lang='grc' dir='ltr'>ἄνθρωπον</span> <span class='ocrx_word' id='word_1_93' title='bbox 1310 1270 1442 1339; x_wconf 79' lang='grc' dir='ltr'>ἡμῖν</span> <span class='ocrx_word' id='word_1_94' title='bbox 1463 1268 1754 1340; x_wconf 85' lang='grc' dir='ltr'>Θεοφόρον,</span> <span class='ocrx_word' id='word_1_95' title='bbox 1773 1271 1867 1323; x_wconf 75' lang='grc' dir='ltr'><strong>καὶ</strong></span> <span class='ocrx_word' id='word_1_96' title='bbox 1891 1271 2012 1340; x_wconf 75' lang='grc' dir='ltr'>ουχὶ</span> 
     </span>
    </p>
   </div>
   <div class='ocr_carea' id='block_1_15' title="bbox 426 1354 2012 1435">
    <p class='ocr_par' dir='ltr' id='par_1_15' title="bbox 426 1354 2012 1435">
     <span class='ocr_line' id='line_1_15' title="bbox 426 1354 2012 1435; baseline -0.001 -19"><span class='ocrx_word' id='word_1_97' title='bbox 426 1365 487 1435; x_wconf 74' lang='grc' dir='ltr'>δὴ</span> <span class='ocrx_word' id='word_1_98' title='bbox 507 1354 737 1432; x_wconf 82' lang='grc' dir='ltr'>’μᾶλλον</span> <span class='ocrx_word' id='word_1_99' title='bbox 784 1363 924 1414; x_wconf 77' lang='grc' dir='ltr'>Θεὸν</span> <span class='ocrx_word' id='word_1_100' title='bbox 953 1360 1413 1430; x_wconf 83' lang='grc' dir='ltr'>ὲνηνθρωπηκότα</span> <span class='ocrx_word' id='word_1_101' title='bbox 1442 1400 1456 1425; x_wconf 93' lang='grc'><strong>,</strong></span> <span class='ocrx_word' id='word_1_102' title='bbox 1496 1361 1894 1430; x_wconf 76' lang='grc' dir='ltr'>παρακομίζειν</span> <span class='ocrx_word' id='word_1_103' title='bbox 1932 1364 2012 1424; x_wconf 81' lang='grc' dir='ltr'>εἰς</span> 
     </span>
    </p>
   </div>
   <div class='ocr_carea' id='block_1_16' title="bbox 432 1451 2010 1526">
    <p class='ocr_par' dir='ltr' id='par_1_16' title="bbox 432 1451 2010 1526">
     <span class='ocr_line' id='line_1_16' title="bbox 432 1451 2010 1526; baseline -0.001 -18"><span class='ocrx_word' id='word_1_104' title='bbox 432 1457 586 1526; x_wconf 81' lang='grc' dir='ltr'>μέσον</span> <span class='ocrx_word' id='word_1_105' title='bbox 621 1455 716 1508; x_wconf 81' lang='grc' dir='ltr'><strong>τὸν</strong></span> <span class='ocrx_word' id='word_1_106' title='bbox 759 1452 1138 1524; x_wconf 80' lang='grc' dir='ltr'>Ἐμμανουήλ.</span> <span class='ocrx_word' id='word_1_107' title='bbox 1174 1452 1368 1520; x_wconf 81' lang='grc' dir='ltr'>Γέγονε</span> <span class='ocrx_word' id='word_1_108' title='bbox 1403 1451 1510 1522; x_wconf 78' lang='grc' dir='ltr'><strong>γάρ</strong></span> <span class='ocrx_word' id='word_1_109' title='bbox 1543 1452 1826 1522; x_wconf 78' lang='grc' dir='ltr'>ἄνθρωπος</span> <span class='ocrx_word' id='word_1_110' title='bbox 1858 1456 1886 1506; x_wconf 88' lang='lat'><strong>0</strong></span> <span class='ocrx_word' id='word_1_111' title='bbox 1917 1454 2010 1507; x_wconf 82' lang='grc' dir='ltr'><strong>τοῦ</strong></span> 
     </span>
    </p>
   </div>
   <div class='ocr_carea' id='block_1_17' title="bbox 429 1540 2012 1611">
    <p class='ocr_par' dir='ltr' id='par_1_17' title="bbox 429 1540 2012 1611">
     <span class='ocr_line' id='line_1_17' title="bbox 429 1540 2012 1611; baseline -0.001 -14"><span class='ocrx_word' id='word_1_112' title='bbox 429 1545 558 1597; x_wconf 77' lang='grc' dir='ltr'>Θεοῦ</span> <span class='ocrx_word' id='word_1_113' title='bbox 586 1543 758 1611; x_wconf 81' lang='grc' dir='ltr'><strong>Λόγος</strong></span> <span class='ocrx_word' id='word_1_114' title='bbox 780 1558 796 1572; x_wconf 83' lang='grc'><em>’</em></span> <span class='ocrx_word' id='word_1_115' title='bbox 826 1542 923 1596; x_wconf 63' lang='grc' dir='ltr'>καὶ</span> <span class='ocrx_word' id='word_1_116' title='bbox 955 1543 1140 1604; x_wconf 78' lang='grc' dir='ltr'>πίστις</span> <span class='ocrx_word' id='word_1_117' title='bbox 1160 1540 1252 1610; x_wconf 78' lang='grc' dir='ltr'><strong>ἥδε</strong></span> <span class='ocrx_word' id='word_1_118' title='bbox 1280 1544 1400 1603; x_wconf 85' lang='grc' dir='ltr'>ταῖς</span> <span class='ocrx_word' id='word_1_119' title='bbox 1431 1543 1602 1611; x_wconf 80' lang='grc' dir='ltr'>ἱεραῖς</span> <span class='ocrx_word' id='word_1_120' title='bbox 1621 1558 1682 1594; x_wconf 84' lang='grc' dir='ltr'><strong>τε</strong></span> <span class='ocrx_word' id='word_1_121' title='bbox 1711 1542 1806 1595; x_wconf 76' lang='grc' dir='ltr'>καὶ</span> <span class='ocrx_word' id='word_1_122' title='bbox 1837 1543 2012 1606; x_wconf 83' lang='grc' dir='ltr'>Θείαις</span> 
     </span>
    </p>
   </div>
   <div class='ocr_carea' id='block_1_18' title="bbox 437 1628 2011 1702">
    <p class='ocr_par' dir='ltr' id='par_1_18' title="bbox 437 1628 2011 1702">
     <span class='ocr_line' id='line_1_18' title="bbox 437 1628 2011 1702; baseline -0.001 -17"><span class='ocrx_word' id='word_1_123' title='bbox 437 1633 809 1702; x_wconf 75' lang='grc' dir='ltr'>συμϐαίνουσα</span> <span class='ocrx_word' id='word_1_124' title='bbox 839 1631 1088 1700; x_wconf 76' lang='grc' dir='ltr'>Γραφαῖς</span> <span class='ocrx_word' id='word_1_125' title='bbox 1111 1669 1124 1690; x_wconf 85' lang='grc'><strong>,</strong></span> <span class='ocrx_word' id='word_1_126' title='bbox 1173 1630 1266 1681; x_wconf 74' lang='grc' dir='ltr'><strong>καὶ</strong></span> <span class='ocrx_word' id='word_1_127' title='bbox 1293 1628 1396 1699; x_wconf 82' lang='grc' dir='ltr'>τῆς</span> <span class='ocrx_word' id='word_1_128' title='bbox 1425 1628 1790 1699; x_wconf 80' lang='grc' dir='ltr'>ἀποστολικῆς</span> <span class='ocrx_word' id='word_1_129' title='bbox 1818 1647 1879 1683; x_wconf 90' lang='grc' dir='ltr'><strong>τε</strong></span> <span class='ocrx_word' id='word_1_130' title='bbox 1918 1631 2011 1684; x_wconf 71' lang='grc' dir='ltr'><strong>καὶ</strong></span> 
     </span>
    </p>
   </div>
   <div class='ocr_carea' id='block_1_19' title="bbox 439 1718 2009 1793">
    <p class='ocr_par' dir='ltr' id='par_1_19' title="bbox 439 1718 2009 1793">
     <span class='ocr_line' id='line_1_19' title="bbox 439 1718 2009 1793; baseline -0.003 -16"><span class='ocrx_word' id='word_1_131' title='bbox 439 1723 797 1793; x_wconf 75' lang='grc' dir='ltr'>εὐαγγελικῆς</span> <span class='ocrx_word' id='word_1_132' title='bbox 857 1720 1209 1790; x_wconf 83' lang='grc' dir='ltr'>παραδόσεως</span> <span class='ocrx_word' id='word_1_133' title='bbox 1263 1718 1484 1780; x_wconf 82' lang='grc' dir='ltr'>σκοπὸς,</span> <span class='ocrx_word' id='word_1_134' title='bbox 1540 1720 1619 1780; x_wconf 81' lang='grc' dir='ltr'><strong>είς</strong></span> <span class='ocrx_word' id='word_1_135' title='bbox 1668 1719 1800 1772; x_wconf 77' lang='grc' dir='ltr'>αὐτὸ</span> <span class='ocrx_word' id='word_1_136' title='bbox 1851 1719 2009 1773; x_wconf 80' lang='grc' dir='ltr'>τοῦτο</span> 
     </span>
    </p>
   </div>
   <div class='ocr_carea' id='block_1_20' title="bbox 2114 537 3681 609">
    <p class='ocr_par' dir='ltr' id='par_1_20' title="bbox 2114 537 3681 609">
     <span class='ocr_line' id='line_1_20' title="bbox 2114 537 3681 609; baseline -0.004 -14"><span class='ocrx_word' id='word_1_137' title='bbox 2114 555 2411 609; x_wconf 88' lang='lat' dir='ltr'><strong>oppugnas,</strong></span> <span class='ocrx_word' id='word_1_138' title='bbox 2467 539 2555 593; x_wconf 88' lang='lat' dir='ltr'><strong>dic</strong></span> <span class='ocrx_word' id='word_1_139' title='bbox 2603 538 2754 602; x_wconf 89' lang='lat' dir='ltr'><strong>mihi,</strong></span> <span class='ocrx_word' id='word_1_140' title='bbox 2813 539 3030 608; x_wconf 86' lang='lat' dir='ltr'><strong>cujusve</strong></span> <span class='ocrx_word' id='word_1_141' title='bbox 3074 537 3380 606; x_wconf 89' lang='lat' dir='ltr'><strong>opinionem</strong></span> <span class='ocrx_word' id='word_1_142' title='bbox 3427 548 3681 606; x_wconf 80' lang='lat' dir='ltr'><strong>tanquam</strong></span> 
     </span>
    </p>
   </div>
   <div class='ocr_carea' id='block_1_21' title="bbox 2113 628 3678 698">
    <p class='ocr_par' dir='ltr' id='par_1_21' title="bbox 2113 628 3678 698">
     <span class='ocr_line' id='line_1_21' title="bbox 2113 628 3678 698; baseline -0.004 -12"><span class='ocrx_word' id='word_1_143' title='bbox 2113 632 2332 687; x_wconf 83' lang='lat' dir='ltr'><strong>stultam</strong></span> <span class='ocrx_word' id='word_1_144' title='bbox 2361 640 2420 686; x_wconf 87' lang='lat' dir='ltr'><strong>et</strong></span> <span class='ocrx_word' id='word_1_145' title='bbox 2447 630 2682 698; x_wconf 79' lang='lat' dir='ltr'><strong>ineptam</strong></span> <span class='ocrx_word' id='word_1_146' title='bbox 2721 629 3013 697; x_wconf 89' lang='lat' dir='ltr'><strong>improbas,</strong></span> <span class='ocrx_word' id='word_1_147' title='bbox 3045 642 3167 682; x_wconf 90' lang='lat' dir='ltr'><strong>cum</strong></span> <span class='ocrx_word' id='word_1_148' title='bbox 3213 643 3335 682; x_wconf 91' lang='lat' dir='ltr'><strong>eum</strong></span> <span class='ocrx_word' id='word_1_149' title='bbox 3383 628 3475 696; x_wconf 90' lang='lat' dir='ltr'><strong>qui</strong></span> <span class='ocrx_word' id='word_1_150' title='bbox 3508 628 3678 692; x_wconf 89' lang='lat' dir='ltr'><strong>venit,</strong></span> 
     </span>
    </p>
   </div>
   <div class='ocr_carea' id='block_1_22' title="bbox 2115 719 3684 791">
    <p class='ocr_par' dir='ltr' id='par_1_22' title="bbox 2115 719 3684 791">
     <span class='ocr_line' id='line_1_22' title="bbox 2115 719 3684 791; baseline -0.004 -12"><span class='ocrx_word' id='word_1_151' title='bbox 2115 724 2388 779; x_wconf 88' lang='lat' dir='ltr'><strong>hominem</strong></span> <span class='ocrx_word' id='word_1_152' title='bbox 2412 737 2535 777; x_wconf 84' lang='lat' dir='ltr'><strong>esse</strong></span> <span class='ocrx_word' id='word_1_153' title='bbox 2569 721 2727 776; x_wconf 93' lang='lat' dir='ltr'><strong>nobis</strong></span> <span class='ocrx_word' id='word_1_154' title='bbox 2781 720 2943 791; x_wconf 77' lang='lat'><strong>118</strong></span> <span class='ocrx_word' id='word_1_155' title='bbox 2996 719 3282 775; x_wconf 85' lang='lat' dir='ltr'><strong>ostendere</strong></span> <span class='ocrx_word' id='word_1_156' title='bbox 3311 719 3518 783; x_wconf 88' lang='lat' dir='ltr'><strong>niteris,</strong></span> <span class='ocrx_word' id='word_1_157' title='bbox 3558 733 3684 773; x_wconf 80' lang='lat' dir='ltr'><strong>cor-</strong></span> 
     </span>
    </p>
   </div>
   <div class='ocr_carea' id='block_1_23' title="bbox 2115 809 3686 886">
    <p class='ocr_par' dir='ltr' id='par_1_23' title="bbox 2115 809 3686 886">
     <span class='ocr_line' id='line_1_23' title="bbox 2115 809 3686 886; baseline -0.003 -17"><span class='ocrx_word' id='word_1_158' title='bbox 2115 829 2336 886; x_wconf 87' lang='lat' dir='ltr'><strong>poreum</strong></span> <span class='ocrx_word' id='word_1_159' title='bbox 2360 815 2502 869; x_wconf 85' lang='lat' dir='ltr'><strong>latus</strong></span> <span class='ocrx_word' id='word_1_160' title='bbox 2538 814 2824 869; x_wconf 84' lang='lat' dir='ltr'><strong>habentem</strong></span> <span class='ocrx_word' id='word_1_161' title='bbox 2872 813 3058 868; x_wconf 85' lang='lat' dir='ltr'><strong>lancea</strong></span> <span class='ocrx_word' id='word_1_162' title='bbox 3114 811 3539 880; x_wconf 86' lang='lat' dir='ltr'><strong>compunctum?</strong></span> <span class='ocrx_word' id='word_1_163' title='bbox 3577 809 3686 865; x_wconf 88' lang='lat' dir='ltr'><strong>Sed</strong></span> 
     </span>
    </p>
   </div>
   <div class='ocr_carea' id='block_1_24' title="bbox 2120 896 3684 975">
    <p class='ocr_par' dir='ltr' id='par_1_24' title="bbox 2120 896 3684 975">
     <span class='ocr_line' id='line_1_24' title="bbox 2120 896 3684 975; baseline -0.002 -16"><span class='ocrx_word' id='word_1_164' title='bbox 2120 906 2214 959; x_wconf 84' lang='lat' dir='ltr'><strong>tibi</strong></span> <span class='ocrx_word' id='word_1_165' title='bbox 2252 906 2584 975; x_wconf 88' lang='lat' dir='ltr'><strong>propositum</strong></span> <span class='ocrx_word' id='word_1_166' title='bbox 2618 896 2721 969; x_wconf 80' lang='lat' dir='ltr'><strong>est,</strong></span> <span class='ocrx_word' id='word_1_167' title='bbox 2750 914 2807 958; x_wconf 94' lang='lat' dir='ltr'><strong>ut</strong></span> <span class='ocrx_word' id='word_1_168' title='bbox 2855 904 2986 968; x_wconf 89' lang='lat' dir='ltr'><strong>dixi,</strong></span> <span class='ocrx_word' id='word_1_169' title='bbox 3025 903 3196 973; x_wconf 89' lang='lat' dir='ltr'><strong>ipsum</strong></span> <span class='ocrx_word' id='word_1_170' title='bbox 3233 901 3547 956; x_wconf 88' lang='lat' dir='ltr'><strong>Emmanuel</strong></span> <span class='ocrx_word' id='word_1_171' title='bbox 3585 903 3684 956; x_wconf 89' lang='lat' dir='ltr'><strong>ho-</strong></span> 
     </span>
    </p>
   </div>
   <div class='ocr_carea' id='block_1_25' title="bbox 2117 997 3681 1064">
    <p class='ocr_par' dir='ltr' id='par_1_25' title="bbox 2117 997 3681 1064">
     <span class='ocr_line' id='line_1_25' title="bbox 2117 997 3681 1064; baseline -0.003 -12"><span class='ocrx_word' id='word_1_172' title='bbox 2117 999 2316 1052; x_wconf 90' lang='lat' dir='ltr'><strong>minem</strong></span> <span class='ocrx_word' id='word_1_173' title='bbox 2349 997 2505 1054; x_wconf 85' lang='lat' dir='ltr'><strong>nobis</strong></span> <span class='ocrx_word' id='word_1_174' title='bbox 2539 997 2807 1052; x_wconf 79' lang='lat' dir='ltr'><strong>Deiferum</strong></span> <span class='ocrx_word' id='word_1_175' title='bbox 2835 997 2888 1051; x_wconf 93' lang='lat' dir='ltr'><strong>in</strong></span> <span class='ocrx_word' id='word_1_176' title='bbox 2922 997 3156 1050; x_wconf 88' lang='lat' dir='ltr'><strong>medium</strong></span> <span class='ocrx_word' id='word_1_177' title='bbox 3205 997 3520 1064; x_wconf 87' lang='lat' dir='ltr'><strong>producere,</strong></span> <span class='ocrx_word' id='word_1_178' title='bbox 3576 1011 3681 1050; x_wconf 90' lang='lat' dir='ltr'><strong>non</strong></span> 
     </span>
    </p>
   </div>
   <div class='ocr_carea' id='block_1_26' title="bbox 2115 1087 3684 1159">
    <p class='ocr_par' dir='ltr' id='par_1_26' title="bbox 2115 1087 3684 1159">
     <span class='ocr_line' id='line_1_26' title="bbox 2115 1087 3684 1159; baseline -0.001 -15"><span class='ocrx_word' id='word_1_179' title='bbox 2115 1089 2281 1145; x_wconf 88' lang='lat' dir='ltr'><strong>Deum</strong></span> <span class='ocrx_word' id='word_1_180' title='bbox 2331 1090 2604 1146; x_wconf 86' lang='lat' dir='ltr'><strong>hominem</strong></span> <span class='ocrx_word' id='word_1_181' title='bbox 2651 1090 2890 1144; x_wconf 80' lang='lat' dir='ltr'><strong>factum:</strong></span> <span class='ocrx_word' id='word_1_182' title='bbox 2927 1106 3049 1144; x_wconf 92' lang='lat' dir='ltr'><strong>nam</strong></span> <span class='ocrx_word' id='word_1_183' title='bbox 3102 1090 3276 1159; x_wconf 88' lang='lat' dir='ltr'><strong>ipsum</strong></span> <span class='ocrx_word' id='word_1_184' title='bbox 3309 1089 3402 1144; x_wconf 90' lang='lat' dir='ltr'><strong>Dei</strong></span> <span class='ocrx_word' id='word_1_185' title='bbox 3450 1087 3684 1156; x_wconf 69' lang='lat' dir='ltr'><strong>Verbum</strong></span> 
     </span>
    </p>
   </div>
   <div class='ocr_carea' id='block_1_27' title="bbox 2115 1178 3679 1249">
    <p class='ocr_par' dir='ltr' id='par_1_27' title="bbox 2115 1178 3679 1249">
     <span class='ocr_line' id='line_1_27' title="bbox 2115 1178 3679 1249; baseline 0.001 -16"><span class='ocrx_word' id='word_1_186' title='bbox 2115 1178 2316 1234; x_wconf 89' lang='lat' dir='ltr'><strong>factum</strong></span> <span class='ocrx_word' id='word_1_187' title='bbox 2370 1191 2450 1235; x_wconf 87' lang='lat' dir='ltr'><strong>est</strong></span> <span class='ocrx_word' id='word_1_188' title='bbox 2504 1180 2667 1234; x_wconf 88' lang='lat' dir='ltr'><strong>homo</strong></span> <span class='ocrx_word' id='word_1_189' title='bbox 2697 1199 2710 1234; x_wconf 88' lang='lat'><strong><em>:</em></strong></span> <span class='ocrx_word' id='word_1_190' title='bbox 2745 1181 2965 1249; x_wconf 70' lang='lat' dir='ltr'><strong>haecque</strong></span> <span class='ocrx_word' id='word_1_191' title='bbox 2999 1180 3132 1235; x_wconf 82' lang='lat' dir='ltr'><strong>fides</strong></span> <span class='ocrx_word' id='word_1_192' title='bbox 3169 1195 3293 1234; x_wconf 90' lang='lat' dir='ltr'><strong>cum</strong></span> <span class='ocrx_word' id='word_1_193' title='bbox 3340 1180 3510 1234; x_wconf 90' lang='lat' dir='ltr'><strong>sacris</strong></span> <span class='ocrx_word' id='word_1_194' title='bbox 3539 1180 3679 1234; x_wconf 78' lang='lat' dir='ltr'><strong>divi-</strong></span> 
     </span>
    </p>
   </div>
   <div class='ocr_carea' id='block_1_28' title="bbox 2117 1267 3684 1340">
    <p class='ocr_par' dir='ltr' id='par_1_28' title="bbox 2117 1267 3684 1340">
     <span class='ocr_line' id='line_1_28' title="bbox 2117 1267 3684 1340; baseline 0.002 -18"><span class='ocrx_word' id='word_1_195' title='bbox 2117 1269 2308 1340; x_wconf 90' lang='lat' dir='ltr'><strong>nisque</strong></span> <span class='ocrx_word' id='word_1_196' title='bbox 2329 1267 2552 1326; x_wconf 88' lang='lat' dir='ltr'><strong>Litteris</strong></span> <span class='ocrx_word' id='word_1_197' title='bbox 2580 1270 2852 1339; x_wconf 76' lang='lat' dir='ltr'><strong>congruit,</strong></span> <span class='ocrx_word' id='word_1_198' title='bbox 2885 1279 2941 1324; x_wconf 90' lang='lat' dir='ltr'><strong>et</strong></span> <span class='ocrx_word' id='word_1_199' title='bbox 2989 1269 3297 1339; x_wconf 72' lang='lat' dir='ltr'><strong>apostolica:</strong></span> <span class='ocrx_word' id='word_1_200' title='bbox 3324 1269 3684 1338; x_wconf 70' lang='lat' dir='ltr'><strong>evangelica:-</strong></span> 
     </span>
    </p>
   </div>
   <div class='ocr_carea' id='block_1_29' title="bbox 2116 1357 3686 1430">
    <p class='ocr_par' dir='ltr' id='par_1_29' title="bbox 2116 1357 3686 1430">
     <span class='ocr_line' id='line_1_29' title="bbox 2116 1357 3686 1430; baseline 0.003 -20"><span class='ocrx_word' id='word_1_201' title='bbox 2116 1373 2222 1428; x_wconf 92' lang='lat' dir='ltr'><strong>que</strong></span> <span class='ocrx_word' id='word_1_202' title='bbox 2273 1358 2574 1414; x_wconf 84' lang='lat' dir='ltr'><strong>traditionis</strong></span> <span class='ocrx_word' id='word_1_203' title='bbox 2621 1374 2816 1430; x_wconf 90' lang='lat' dir='ltr'><strong>scopus</strong></span> <span class='ocrx_word' id='word_1_204' title='bbox 2868 1360 2920 1414; x_wconf 93' lang='lat' dir='ltr'><strong>in</strong></span> <span class='ocrx_word' id='word_1_205' title='bbox 2979 1360 3080 1414; x_wconf 91' lang='lat' dir='ltr'><strong>hoc</strong></span> <span class='ocrx_word' id='word_1_206' title='bbox 3127 1361 3300 1428; x_wconf 87' lang='lat' dir='ltr'><strong>ipsum</strong></span> <span class='ocrx_word' id='word_1_207' title='bbox 3357 1359 3550 1416; x_wconf 88' lang='lat' dir='ltr'><strong>tendit.</strong></span> <span class='ocrx_word' id='word_1_208' title='bbox 3603 1357 3686 1414; x_wconf 86' lang='lat' dir='ltr'><strong>Tu</strong></span> 
     </span>
    </p>
   </div>
   <div class='ocr_carea' id='block_1_30' title="bbox 2115 1449 3689 1522">
    <p class='ocr_par' dir='ltr' id='par_1_30' title="bbox 2115 1449 3689 1522">
     <span class='ocr_line' id='line_1_30' title="bbox 2115 1449 3689 1522; baseline 0.004 -22"><span class='ocrx_word' id='word_1_209' title='bbox 2115 1463 2246 1504; x_wconf 79' lang='lat' dir='ltr'><strong>vero</strong></span> <span class='ocrx_word' id='word_1_210' title='bbox 2284 1465 2472 1506; x_wconf 88' lang='lat' dir='ltr'><strong>rursus</strong></span> <span class='ocrx_word' id='word_1_211' title='bbox 2518 1449 2624 1506; x_wconf 89' lang='lat' dir='ltr'><strong>alio</strong></span> <span class='ocrx_word' id='word_1_212' title='bbox 2669 1466 2885 1522; x_wconf 90' lang='lat' dir='ltr'><strong>quoque</strong></span> <span class='ocrx_word' id='word_1_213' title='bbox 2910 1452 3068 1508; x_wconf 86' lang='lat' dir='ltr'><strong>modo</strong></span> <span class='ocrx_word' id='word_1_214' title='bbox 3101 1453 3257 1507; x_wconf 88' lang='lat' dir='ltr'><strong>nobis</strong></span> <span class='ocrx_word' id='word_1_215' title='bbox 3285 1461 3533 1522; x_wconf 87' lang='lat' dir='ltr'><strong>portenta</strong></span> <span class='ocrx_word' id='word_1_216' title='bbox 3565 1467 3689 1506; x_wconf 83' lang='lat' dir='ltr'><strong>ver-</strong></span> 
     </span>
    </p>
   </div>
   <div class='ocr_carea' id='block_1_31' title="bbox 2119 1540 3686 1614">
    <p class='ocr_par' dir='ltr' id='par_1_31' title="bbox 2119 1540 3686 1614">
     <span class='ocr_line' id='line_1_31' title="bbox 2119 1540 3686 1614; baseline 0.003 -21"><span class='ocrx_word' id='word_1_217' title='bbox 2119 1540 2311 1594; x_wconf 92' lang='lat' dir='ltr'><strong>borum</strong></span> <span class='ocrx_word' id='word_1_218' title='bbox 2343 1557 2552 1596; x_wconf 89' lang='lat' dir='ltr'><strong>narras.</strong></span> <span class='ocrx_word' id='word_1_219' title='bbox 2603 1541 2840 1598; x_wconf 76' lang='lat' dir='ltr'><strong>Simulus</strong></span> <span class='ocrx_word' id='word_1_220' title='bbox 2863 1545 3007 1597; x_wconf 90' lang='lat' dir='ltr'><strong>enim</strong></span> <span class='ocrx_word' id='word_1_221' title='bbox 3051 1559 3147 1600; x_wconf 89' lang='lat' dir='ltr'><strong>eos</strong></span> <span class='ocrx_word' id='word_1_222' title='bbox 3181 1544 3574 1614; x_wconf 82' lang='lat' dir='ltr'><strong>reprehendere</strong></span> <span class='ocrx_word' id='word_1_223' title='bbox 3591 1545 3686 1614; x_wconf 86' lang='lat' dir='ltr'><strong>qui</strong></span> 
     </span>
    </p>
   </div>
   <div class='ocr_carea' id='block_1_32' title="bbox 2117 1633 3688 1706">
    <p class='ocr_par' dir='ltr' id='par_1_32' title="bbox 2117 1633 3688 1706">
     <span class='ocr_line' id='line_1_32' title="bbox 2117 1633 3688 1706; baseline 0 -18"><span class='ocrx_word' id='word_1_224' title='bbox 2117 1635 2299 1688; x_wconf 88' lang='lat' dir='ltr'><strong>carnis</strong></span> <span class='ocrx_word' id='word_1_225' title='bbox 2341 1633 2748 1705; x_wconf 88' lang='lat' dir='ltr'><strong>divinitatisque</strong></span> <span class='ocrx_word' id='word_1_226' title='bbox 2809 1645 3058 1689; x_wconf 88' lang='lat' dir='ltr'><strong>naturam</strong></span> <span class='ocrx_word' id='word_1_227' title='bbox 3087 1636 3139 1689; x_wconf 92' lang='lat' dir='ltr'><strong>iu</strong></span> <span class='ocrx_word' id='word_1_228' title='bbox 3163 1651 3323 1690; x_wconf 88' lang='lat' dir='ltr'><strong>unam</strong></span> <span class='ocrx_word' id='word_1_229' title='bbox 3359 1637 3688 1706; x_wconf 86' lang='lat' dir='ltr'><strong>permiscent</strong></span> 
     </span>
    </p>
   </div>
   <div class='ocr_carea' id='block_1_33' title="bbox 2117 1722 3686 1794">
    <p class='ocr_par' dir='ltr' id='par_1_33' title="bbox 2117 1722 3686 1794">
     <span class='ocr_line' id='line_1_33' title="bbox 2117 1722 3686 1794; baseline 0.001 -18"><span class='ocrx_word' id='word_1_230' title='bbox 2117 1724 2432 1787; x_wconf 86' lang='lat' dir='ltr'><strong>essentiam,</strong></span> <span class='ocrx_word' id='word_1_231' title='bbox 2460 1722 2674 1779; x_wconf 88' lang='lat' dir='ltr'><strong>tametsi</strong></span> <span class='ocrx_word' id='word_1_232' title='bbox 2707 1738 2865 1778; x_wconf 91' lang='lat' dir='ltr'><strong>nemo</strong></span> <span class='ocrx_word' id='word_1_233' title='bbox 2908 1723 3002 1790; x_wconf 91' lang='lat' dir='ltr'><strong>sit,</strong></span> <span class='ocrx_word' id='word_1_234' title='bbox 3049 1733 3107 1778; x_wconf 92' lang='lat' dir='ltr'><strong>ut</strong></span> <span class='ocrx_word' id='word_1_235' title='bbox 3161 1725 3378 1794; x_wconf 89' lang='lat' dir='ltr'><strong>opinor,</strong></span> <span class='ocrx_word' id='word_1_236' title='bbox 3442 1725 3533 1794; x_wconf 88' lang='lat' dir='ltr'><strong>qui</strong></span> <span class='ocrx_word' id='word_1_237' title='bbox 3581 1725 3686 1779; x_wconf 89' lang='lat' dir='ltr'><strong>ista</strong></span> 
     </span>
    </p>
   </div>
   <div class='ocr_carea' id='block_1_34' title="bbox 447 1804 2009 1886">
    <p class='ocr_par' dir='ltr' id='par_1_34' title="bbox 447 1807 2006 1880">
     <span class='ocr_line' id='line_1_34' title="bbox 447 1807 2006 1880; baseline -0.002 -15"><span class='ocrx_word' id='word_1_238' title='bbox 447 1816 789 1868; x_wconf 83' lang='grc' dir='ltr'>συντείνεται.</span> <span class='ocrx_word' id='word_1_239' title='bbox 840 1813 911 1864; x_wconf 82' lang='grc' dir='ltr'>Σὺ</span> <span class='ocrx_word' id='word_1_240' title='bbox 945 1811 1003 1863; x_wconf 80' lang='grc' dir='ltr'>δὲ</span> <span class='ocrx_word' id='word_1_241' title='bbox 1039 1811 1104 1880; x_wconf 82' lang='grc' dir='ltr'>δὴ</span> <span class='ocrx_word' id='word_1_242' title='bbox 1144 1808 1328 1874; x_wconf 85' lang='grc' dir='ltr'>πάλιν,</span> <span class='ocrx_word' id='word_1_243' title='bbox 1365 1807 1460 1861; x_wconf 77' lang='grc' dir='ltr'>καὶ</span> <span class='ocrx_word' id='word_1_244' title='bbox 1493 1808 1614 1861; x_wconf 87' lang='grc' dir='ltr'>καθ’</span> <span class='ocrx_word' id='word_1_245' title='bbox 1661 1809 1845 1878; x_wconf 73' lang='grc' dir='ltr'>ἕτερον</span> <span class='ocrx_word' id='word_1_246' title='bbox 1873 1809 2006 1880; x_wconf 78' lang='grc' dir='ltr'>ημῖν</span> 
     </span>
    </p>
   </div>
   <div class='ocr_carea' id='block_1_35' title="bbox 2117 1804 3613 1886">
    <p class='ocr_par' dir='ltr' id='par_1_35' title="bbox 2117 1813 3613 1886">
     <span class='ocr_line' id='line_1_35' title="bbox 2117 1813 3613 1886; baseline 0.001 -18"><span class='ocrx_word' id='word_1_247' title='bbox 2117 1813 2418 1877; x_wconf 84' lang='lat' dir='ltr'><strong>confundat,</strong></span> <span class='ocrx_word' id='word_1_248' title='bbox 2459 1825 2554 1869; x_wconf 90' lang='lat' dir='ltr'><strong>aut</strong></span> <span class='ocrx_word' id='word_1_249' title='bbox 2573 1816 2716 1870; x_wconf 90' lang='lat' dir='ltr'><strong>inter</strong></span> <span class='ocrx_word' id='word_1_250' title='bbox 2738 1831 2796 1870; x_wconf 93' lang='lat' dir='ltr'><strong>se</strong></span> <span class='ocrx_word' id='word_1_251' title='bbox 2821 1816 3191 1872; x_wconf 89' lang='lat' dir='ltr'><strong>commisceat.</strong></span> <span class='ocrx_word' id='word_1_252' title='bbox 3217 1815 3403 1886; x_wconf 83' lang='lat' dir='ltr'><strong>Itaque</strong></span> <span class='ocrx_word' id='word_1_253' title='bbox 3431 1817 3568 1872; x_wconf 87' lang='lat' dir='ltr'><strong>dicis</strong></span> <span class='ocrx_word' id='word_1_254' title='bbox 3599 1836 3613 1870; x_wconf 88' lang='lat'><strong>:</strong></span> 
     </span>
    </p>
   </div>
   <div class='ocr_carea' id='block_1_36' title="bbox 449 1903 3681 1980">
    <p class='ocr_par' dir='ltr' id='par_1_36' title="bbox 449 1903 3681 1980">
     <span class='ocr_line' id='line_1_36' title="bbox 449 1903 3681 1980; baseline 0.001 -22"><span class='ocrx_word' id='word_1_255' title='bbox 449 1907 704 1977; x_wconf 68' lang='grc' dir='ltr'>τερατεύῃ</span> <span class='ocrx_word' id='word_1_256' title='bbox 749 1906 982 1976; x_wconf 77' lang='grc' dir='ltr'>τρόπον’</span> <span class='ocrx_word' id='word_1_257' title='bbox 1022 1904 1238 1973; x_wconf 78' lang='grc' dir='ltr'>σκήπτῃ</span> <span class='ocrx_word' id='word_1_258' title='bbox 1289 1903 1388 1972; x_wconf 83' lang='grc' dir='ltr'><strong>μὲν</strong></span> <span class='ocrx_word' id='word_1_259' title='bbox 1437 1903 1545 1972; x_wconf 72' lang='grc' dir='ltr'><strong>γάρ</strong></span> <span class='ocrx_word' id='word_1_260' title='bbox 1595 1905 1851 1974; x_wconf 80' lang='grc' dir='ltr'>ἐπιτιμᾷν</span> <span class='ocrx_word' id='word_1_261' title='bbox 1883 1905 1995 1967; x_wconf 87' lang='grc' dir='ltr'>τοῖς</span> <span class='ocrx_word' id='word_1_262' title='bbox 2038 1907 2117 1969; x_wconf 76' lang='grc' dir='ltr'>εἰς</span> <span class='ocrx_word' id='word_1_263' title='bbox 2163 1907 2293 1976; x_wconf 89' lang='grc' dir='ltr'>μίαν</span> <span class='ocrx_word' id='word_1_264' title='bbox 2359 1907 2758 1980; x_wconf 85' lang='grc' dir='ltr'>κατακιρνῶσιν</span> <span class='ocrx_word' id='word_1_265' title='bbox 2809 1909 3017 1977; x_wconf 73' lang='grc' dir='ltr'>οὐσίαν,</span> <span class='ocrx_word' id='word_1_266' title='bbox 3078 1909 3177 1980; x_wconf 83' lang='grc' dir='ltr'>τήν</span> <span class='ocrx_word' id='word_1_267' title='bbox 3206 1925 3264 1962; x_wconf 87' lang='grc' dir='ltr'><strong>τε</strong></span> <span class='ocrx_word' id='word_1_268' title='bbox 3296 1909 3398 1978; x_wconf 77' lang='grc' dir='ltr'><strong>τῆς</strong></span> <span class='ocrx_word' id='word_1_269' title='bbox 3444 1907 3681 1979; x_wconf 84' lang='grc' dir='ltr'>σαρκὸς,</span> 
     </span>
    </p>
   </div>
   <div class='ocr_carea' id='block_1_37' title="bbox 459 1997 3685 2074">
    <p class='ocr_par' dir='ltr' id='par_1_37' title="bbox 459 1997 3685 2074">
     <span class='ocr_line' id='line_1_37' title="bbox 459 1997 3685 2074; baseline 0 -21"><span class='ocrx_word' id='word_1_270' title='bbox 459 2002 549 2054; x_wconf 61' lang='lat' dir='ltr'><strong>sui.</strong></span> <span class='ocrx_word' id='word_1_271' title='bbox 587 2002 680 2068; x_wconf 78' lang='grc' dir='ltr'>τὴν</span> <span class='ocrx_word' id='word_1_272' title='bbox 720 2002 815 2071; x_wconf 71' lang='grc' dir='ltr'>τῆς</span> <span class='ocrx_word' id='word_1_273' title='bbox 845 2001 1098 2070; x_wconf 71' lang='grc' dir='ltr'>Θεότητος</span> <span class='ocrx_word' id='word_1_274' title='bbox 1130 1998 1323 2066; x_wconf 68' lang='grc' dir='ltr'>φύσιν*</span> <span class='ocrx_word' id='word_1_275' title='bbox 1363 1999 1537 2051; x_wconf 88' lang='grc' dir='ltr'>καίτοι</span> <span class='ocrx_word' id='word_1_276' title='bbox 1607 1997 1838 2068; x_wconf 82' lang='grc' dir='ltr'>μηδενὸς</span> <span class='ocrx_word' id='word_1_277' title='bbox 1881 1998 2034 2063; x_wconf 73' lang='grc' dir='ltr'>ὄντος</span> <span class='ocrx_word' id='word_1_278' title='bbox 2070 2001 2208 2054; x_wconf 85' lang='grc' dir='ltr'>ὥστε</span> <span class='ocrx_word' id='word_1_279' title='bbox 2249 1999 2424 2073; x_wconf 84' lang='grc' dir='ltr'>οἶμαι,</span> <span class='ocrx_word' id='word_1_280' title='bbox 2471 2002 2630 2055; x_wconf 75' lang='grc' dir='ltr'>ταυτὶ</span> <span class='ocrx_word' id='word_1_281' title='bbox 2677 2003 3016 2073; x_wconf 78' lang='grc' dir='ltr'>συγχέοντος,</span> <span class='ocrx_word' id='word_1_282' title='bbox 3065 2003 3204 2073; x_wconf 80' lang='grc' dir='ltr'>μήτε</span> <span class='ocrx_word' id='word_1_283' title='bbox 3263 2002 3369 2074; x_wconf 82' lang='grc' dir='ltr'><strong>μὴν</strong></span> <span class='ocrx_word' id='word_1_284' title='bbox 3435 2002 3685 2073; x_wconf 81' lang='grc' dir='ltr'>ἀλλήλοις</span> 
     </span>
    </p>
   </div>
   <div class='ocr_carea' id='block_1_38' title="bbox 479 2097 1383 2169">
    <p class='ocr_par' dir='ltr' id='par_1_38' title="bbox 479 2097 1383 2169">
     <span class='ocr_line' id='line_1_38' title="bbox 479 2097 1383 2169; baseline 0.001 -20"><span class='ocrx_word' id='word_1_285' title='bbox 479 2098 851 2169; x_wconf 56' lang='grc' dir='ltr'>σαμφῦροντοςο</span> <span class='ocrx_word' id='word_1_286' title='bbox 885 2098 980 2149; x_wconf 77' lang='grc' dir='ltr'>καὶ</span> <span class='ocrx_word' id='word_1_287' title='bbox 1010 2097 1076 2164; x_wconf 82' lang='grc' dir='ltr'>δὴ</span> <span class='ocrx_word' id='word_1_288' title='bbox 1112 2099 1205 2149; x_wconf 80' lang='grc' dir='ltr'>καὶ</span> <span class='ocrx_word' id='word_1_289' title='bbox 1237 2097 1341 2167; x_wconf 83' lang='grc' dir='ltr'>φής</span> <span class='ocrx_word' id='word_1_290' title='bbox 1371 2112 1383 2125; x_wconf 82' lang='lat'><strong><em>°</em></strong></span> 
     </span>
    </p>
   </div>
   <div class='ocr_carea' id='block_1_39' title="bbox 551 2187 2001 2260">
    <p class='ocr_par' dir='ltr' id='par_1_39' title="bbox 551 2187 2001 2260">
     <span class='ocr_line' id='line_1_39' title="bbox 551 2187 2001 2260; baseline 0.001 -19"><span class='ocrx_word' id='word_1_291' title='bbox 551 2189 712 2260; x_wconf 63' lang='grc' dir='ltr'>[Διατί</span> <span class='ocrx_word' id='word_1_292' title='bbox 739 2191 811 2253; x_wconf 70' lang='grc' dir='ltr'>δἐ,</span> <span class='ocrx_word' id='word_1_293' title='bbox 854 2190 945 2242; x_wconf 74' lang='grc' dir='ltr'><strong>καὶ</strong></span> <span class='ocrx_word' id='word_1_294' title='bbox 990 2189 1064 2251; x_wconf 84' lang='grc' dir='ltr'><strong>ὡς</strong></span> <span class='ocrx_word' id='word_1_295' title='bbox 1105 2187 1304 2257; x_wconf 82' lang='grc' dir='ltr'>ἀρτίως</span> <span class='ocrx_word' id='word_1_296' title='bbox 1335 2187 1627 2256; x_wconf 80' lang='grc' dir='ltr'>ἠκούομεν,</span> <span class='ocrx_word' id='word_1_297' title='bbox 1677 2187 2001 2258; x_wconf 79' lang='grc' dir='ltr'>ἀμφοτέρων</span> 
     </span>
    </p>
   </div>
   <div class='ocr_carea' id='block_1_40' title="bbox 493 2273 2004 2352">
    <p class='ocr_par' dir='ltr' id='par_1_40' title="bbox 493 2273 2004 2352">
     <span class='ocr_line' id='line_1_40' title="bbox 493 2273 2004 2352; baseline -0.001 -18"><span class='ocrx_word' id='word_1_298' title='bbox 493 2282 628 2334; x_wconf 83' lang='grc' dir='ltr'><strong>κατά</strong></span> <span class='ocrx_word' id='word_1_299' title='bbox 655 2281 711 2332; x_wconf 70' lang='grc' dir='ltr'><strong>σε</strong></span> <span class='ocrx_word' id='word_1_300' title='bbox 735 2281 1058 2349; x_wconf 77' lang='grc' dir='ltr'>κεκραμένων</span> <span class='ocrx_word' id='word_1_301' title='bbox 1079 2318 1094 2341; x_wconf 91' lang='grc'><strong>,</strong></span> <span class='ocrx_word' id='word_1_302' title='bbox 1125 2278 1153 2330; x_wconf 92' lang='lat'><strong>0</strong></span> <span class='ocrx_word' id='word_1_303' title='bbox 1189 2273 1392 2348; x_wconf 70' lang='grc' dir='ltr'>Κύριος</span> <span class='ocrx_word' id='word_1_304' title='bbox 1427 2278 1525 2349; x_wconf 80' lang='grc' dir='ltr'>τὴν</span> <span class='ocrx_word' id='word_1_305' title='bbox 1567 2278 1660 2332; x_wconf 79' lang='grc' dir='ltr'>τοῦ</span> <span class='ocrx_word' id='word_1_306' title='bbox 1705 2281 2004 2352; x_wconf 73' lang='grc' dir='ltr'>μυστηρίου</span> 
     </span>
    </p>
   </div>
   <div class='ocr_carea' id='block_1_41' title="bbox 483 2368 2010 2441">
    <p class='ocr_par' dir='ltr' id='par_1_41' title="bbox 483 2368 2010 2441">
     <span class='ocr_line' id='line_1_41' title="bbox 483 2368 2010 2441; baseline -0.001 -15"><span class='ocrx_word' id='word_1_307' title='bbox 483 2370 714 2440; x_wconf 80' lang='grc' dir='ltr'>δύναμιν</span> <span class='ocrx_word' id='word_1_308' title='bbox 744 2375 837 2435; x_wconf 82' lang='grc' dir='ltr'>τοῖς</span> <span class='ocrx_word' id='word_1_309' title='bbox 869 2371 1121 2440; x_wconf 71' lang='grc' dir='ltr'>μαθηταῖς</span> <span class='ocrx_word' id='word_1_310' title='bbox 1150 2369 1493 2440; x_wconf 75' lang='grc' dir='ltr'>παραδιδοὺς,</span> <span class='ocrx_word' id='word_1_311' title='bbox 1540 2368 1682 2423; x_wconf 77' lang='grc' dir='ltr'>οὕτω</span> <span class='ocrx_word' id='word_1_312' title='bbox 1707 2371 1868 2441; x_wconf 78' lang='grc' dir='ltr'>φησί;</span> <span class='ocrx_word' id='word_1_313' title='bbox 1919 2371 2010 2424; x_wconf 84' lang='grc' dir='ltr'>λα-</span> 
     </span>
    </p>
   </div>
   <div class='ocr_carea' id='block_1_42' title="bbox 477 2459 2006 2531">
    <p class='ocr_par' dir='ltr' id='par_1_42' title="bbox 477 2459 2006 2531">
     <span class='ocr_line' id='line_1_42' title="bbox 477 2459 2006 2531; baseline 0.001 -19"><span class='ocrx_word' id='word_1_314' title='bbox 477 2459 590 2513; x_wconf 77' lang='grc' dir='ltr'><strong>ϐὼν</strong></span> <span class='ocrx_word' id='word_1_315' title='bbox 619 2461 713 2512; x_wconf 82' lang='grc' dir='ltr'><strong>τὸν</strong></span> <span class='ocrx_word' id='word_1_316' title='bbox 747 2461 911 2529; x_wconf 81' lang='grc' dir='ltr'>ἄρτον,</span> <span class='ocrx_word' id='word_1_317' title='bbox 938 2462 1023 2512; x_wconf 69' lang='grc' dir='ltr'><strong>καὶ</strong></span> <span class='ocrx_word' id='word_1_318' title='bbox 1047 2460 1462 2531; x_wconf 77' lang='grc' dir='ltr'>εὐχαριστήσας,</span> <span class='ocrx_word' id='word_1_319' title='bbox 1493 2459 1657 2512; x_wconf 73' lang='grc' dir='ltr'>ἔδωκε</span> <span class='ocrx_word' id='word_1_320' title='bbox 1688 2463 1801 2524; x_wconf 87' lang='grc' dir='ltr'>τοῖς</span> <span class='ocrx_word' id='word_1_321' title='bbox 1829 2460 2006 2531; x_wconf 87' lang='grc' dir='ltr'>μαθη-</span> 
     </span>
    </p>
   </div>
   <div class='ocr_carea' id='block_1_43' title="bbox 466 2550 2007 2620">
    <p class='ocr_par' dir='ltr' id='par_1_43' title="bbox 466 2550 2007 2620">
     <span class='ocr_line' id='line_1_43' title="bbox 466 2550 2007 2620; baseline 0 -16"><span class='ocrx_word' id='word_1_322' title='bbox 466 2554 587 2613; x_wconf 83' lang='grc' dir='ltr'>ταῖς</span> <span class='ocrx_word' id='word_1_323' title='bbox 619 2550 797 2614; x_wconf 74' lang='grc' dir='ltr'>αὐτοῦ,</span> <span class='ocrx_word' id='word_1_324' title='bbox 825 2551 989 2618; x_wconf 82' lang='grc' dir='ltr'>λέγων</span> <span class='ocrx_word' id='word_1_325' title='bbox 1007 2568 1019 2580; x_wconf 88' lang='grc'>·</span> <span class='ocrx_word' id='word_1_326' title='bbox 1048 2570 1066 2602; x_wconf 85' lang='lat' dir='ltr'><strong>t</strong></span> <span class='ocrx_word' id='word_1_327' title='bbox 1097 2550 1324 2612; x_wconf 77' lang='grc' dir='ltr'>Λάϐετε,</span> <span class='ocrx_word' id='word_1_328' title='bbox 1359 2551 1561 2620; x_wconf 80' lang='grc' dir='ltr'>φάγετε</span> <span class='ocrx_word' id='word_1_329' title='bbox 1589 2550 1823 2614; x_wconf 76' lang='grc' dir='ltr'>πάντεςο</span> <span class='ocrx_word' id='word_1_330' title='bbox 1852 2552 2007 2605; x_wconf 82' lang='grc' dir='ltr'>τοῦτο</span> 
     </span>
    </p>
   </div>
   <div class='ocr_carea' id='block_1_44' title="bbox 463 2639 2009 2713">
    <p class='ocr_par' dir='ltr' id='par_1_44' title="bbox 463 2639 2009 2713">
     <span class='ocr_line' id='line_1_44' title="bbox 463 2639 2009 2713; baseline 0 -19"><span class='ocrx_word' id='word_1_331' title='bbox 463 2643 576 2710; x_wconf 81' lang='grc' dir='ltr'><strong>γάρ</strong></span> <span class='ocrx_word' id='word_1_332' title='bbox 607 2641 710 2710; x_wconf 75' lang='grc' dir='ltr'>μού</span> <span class='ocrx_word' id='word_1_333' title='bbox 738 2643 845 2693; x_wconf 83' lang='grc' dir='ltr'>ἑστι</span> <span class='ocrx_word' id='word_1_334' title='bbox 872 2643 930 2694; x_wconf 79' lang='grc' dir='ltr'>τὸ</span> <span class='ocrx_word' id='word_1_335' title='bbox 959 2642 1168 2712; x_wconf 70' lang='grc' dir='ltr'>σῶμα.»</span> <span class='ocrx_word' id='word_1_336' title='bbox 1204 2641 1353 2695; x_wconf 82' lang='grc' dir='ltr'>Διατί</span> <span class='ocrx_word' id='word_1_337' title='bbox 1387 2642 1461 2713; x_wconf 82' lang='grc' dir='ltr'><strong>μὴ</strong></span> <span class='ocrx_word' id='word_1_338' title='bbox 1490 2639 1632 2706; x_wconf 81' lang='grc' dir='ltr'>εἷπε,</span> <span class='ocrx_word' id='word_1_339' title='bbox 1662 2643 1831 2695; x_wconf 80' lang='grc' dir='ltr'>Τοῦτό</span> <span class='ocrx_word' id='word_1_340' title='bbox 1861 2642 2009 2696; x_wconf 82' lang='grc' dir='ltr'>ἐστιν</span> 
     </span>
    </p>
   </div>
   <div class='ocr_carea' id='block_1_45' title="bbox 458 2731 2011 2803">
    <p class='ocr_par' dir='ltr' id='par_1_45' title="bbox 458 2731 2011 2803">
     <span class='ocr_line' id='line_1_45' title="bbox 458 2731 2011 2803; baseline 0.001 -19"><span class='ocrx_word' id='word_1_341' title='bbox 458 2733 489 2802; x_wconf 74' lang='grc' dir='ltr'><strong>ἡ</strong></span> <span class='ocrx_word' id='word_1_342' title='bbox 526 2731 716 2803; x_wconf 82' lang='grc' dir='ltr'>θεότης</span> <span class='ocrx_word' id='word_1_343' title='bbox 749 2735 904 2802; x_wconf 71' lang='grc' dir='ltr'>μονή</span> <span class='ocrx_word' id='word_1_344' title='bbox 936 2733 1077 2802; x_wconf 69' lang='grc' dir='ltr'>ὑπὲρ</span> <span class='ocrx_word' id='word_1_345' title='bbox 1110 2732 1263 2802; x_wconf 76' lang='grc' dir='ltr'>ὑμῶν</span> <span class='ocrx_word' id='word_1_346' title='bbox 1288 2732 1572 2802; x_wconf 85' lang='grc' dir='ltr'>κλωμένη;</span> <span class='ocrx_word' id='word_1_347' title='bbox 1610 2733 1720 2786; x_wconf 78' lang='grc' dir='ltr'><strong>Καὶ</strong></span> <span class='ocrx_word' id='word_1_348' title='bbox 1761 2733 1921 2786; x_wconf 79' lang='grc' dir='ltr'>πάλιν</span> <span class='ocrx_word' id='word_1_349' title='bbox 1951 2735 2011 2786; x_wconf 85' lang='grc' dir='ltr'><strong>τὸ</strong></span> 
     </span>
    </p>
   </div>
   <div class='ocr_carea' id='block_1_46' title="bbox 455 2821 2012 2893">
    <p class='ocr_par' dir='ltr' id='par_1_46' title="bbox 455 2821 2012 2893">
     <span class='ocr_line' id='line_1_46' title="bbox 455 2821 2012 2893; baseline 0.003 -19"><span class='ocrx_word' id='word_1_350' title='bbox 455 2823 707 2892; x_wconf 73' lang='grc' dir='ltr'>ποτήριον</span> <span class='ocrx_word' id='word_1_351' title='bbox 751 2823 856 2876; x_wconf 82' lang='grc' dir='ltr'>τῶν</span> <span class='ocrx_word' id='word_1_352' title='bbox 906 2823 1223 2893; x_wconf 76' lang='grc' dir='ltr'>μυστηρίων</span> <span class='ocrx_word' id='word_1_353' title='bbox 1266 2822 1459 2886; x_wconf 76' lang='grc' dir='ltr'>διδοὺς,</span> <span class='ocrx_word' id='word_1_354' title='bbox 1502 2825 1600 2876; x_wconf 74' lang='grc' dir='ltr'><strong>οὐκ</strong></span> <span class='ocrx_word' id='word_1_355' title='bbox 1651 2821 1806 2878; x_wconf 80' lang='grc' dir='ltr'>εἷπε·</span> <span class='ocrx_word' id='word_1_356' title='bbox 1843 2825 2012 2878; x_wconf 75' lang='grc' dir='ltr'>Τοῦτό</span> 
     </span>
    </p>
   </div>
   <div class='ocr_carea' id='block_1_47' title="bbox 453 2913 2012 2986">
    <p class='ocr_par' dir='ltr' id='par_1_47' title="bbox 453 2913 2012 2986">
     <span class='ocr_line' id='line_1_47' title="bbox 453 2913 2012 2986; baseline 0.003 -21"><span class='ocrx_word' id='word_1_357' title='bbox 453 2914 594 2965; x_wconf 70' lang='grc' dir='ltr'>ἐστιν</span> <span class='ocrx_word' id='word_1_358' title='bbox 615 2917 647 2982; x_wconf 78' lang='grc' dir='ltr'>ἡ</span> <span class='ocrx_word' id='word_1_359' title='bbox 671 2913 854 2983; x_wconf 84' lang='grc' dir='ltr'>θεότης</span> <span class='ocrx_word' id='word_1_360' title='bbox 874 2917 908 2986; x_wconf 76' lang='grc' dir='ltr'>ἡ</span> <span class='ocrx_word' id='word_1_361' title='bbox 939 2916 1078 2984; x_wconf 80' lang='grc' dir='ltr'>ὑπὲρ</span> <span class='ocrx_word' id='word_1_362' title='bbox 1107 2916 1260 2984; x_wconf 77' lang='grc' dir='ltr'>ὑμῶν</span> <span class='ocrx_word' id='word_1_363' title='bbox 1287 2915 1606 2986; x_wconf 82' lang='grc' dir='ltr'>ὲκχεομένη·</span> <span class='ocrx_word' id='word_1_364' title='bbox 1629 2916 1783 2978; x_wconf 76' lang='grc' dir='ltr'>ἀλλὰ,</span> <span class='ocrx_word' id='word_1_365' title='bbox 1806 2936 1822 2968; x_wconf 89' lang='lat' dir='ltr'><strong>t</strong></span> <span class='ocrx_word' id='word_1_366' title='bbox 1844 2917 2012 2971; x_wconf 81' lang='grc' dir='ltr'>Τοῦτό</span> 
     </span>
    </p>
   </div>
   <div class='ocr_carea' id='block_1_48' title="bbox 453 3000 2012 3079">
    <p class='ocr_par' dir='ltr' id='par_1_48' title="bbox 453 3000 2012 3079">
     <span class='ocr_line' id='line_1_48' title="bbox 453 3000 2012 3079; baseline 0.001 -21"><span class='ocrx_word' id='word_1_367' title='bbox 453 3003 565 3058; x_wconf 59' lang='grc' dir='ltr'>ἔστι</span> <span class='ocrx_word' id='word_1_368' title='bbox 597 3004 656 3057; x_wconf 82' lang='grc' dir='ltr'>τὸ</span> <span class='ocrx_word' id='word_1_369' title='bbox 685 3000 818 3076; x_wconf 74' lang='grc' dir='ltr'>αἷμά</span> <span class='ocrx_word' id='word_1_370' title='bbox 869 3023 970 3076; x_wconf 85' lang='grc' dir='ltr'><strong>μου</strong></span> <span class='ocrx_word' id='word_1_371' title='bbox 1017 3007 1078 3058; x_wconf 73' lang='grc' dir='ltr'>τὸ</span> <span class='ocrx_word' id='word_1_372' title='bbox 1118 3007 1254 3078; x_wconf 74' lang='grc' dir='ltr'>ὑπὲρ</span> <span class='ocrx_word' id='word_1_373' title='bbox 1301 3006 1455 3077; x_wconf 78' lang='grc' dir='ltr'>ὑμῶν</span> <span class='ocrx_word' id='word_1_374' title='bbox 1500 3007 1891 3079; x_wconf 85' lang='grc' dir='ltr'>ὲκχυνόμενον,</span> <span class='ocrx_word' id='word_1_375' title='bbox 1933 3011 2012 3072; x_wconf 84' lang='grc' dir='ltr'><strong>είς</strong></span> 
     </span>
    </p>
   </div>
   <div class='ocr_carea' id='block_1_49' title="bbox 456 3097 1062 3169">
    <p class='ocr_par' dir='ltr' id='par_1_49' title="bbox 456 3097 1062 3169">
     <span class='ocr_line' id='line_1_49' title="bbox 456 3097 1062 3169; baseline 0.003 -22"><span class='ocrx_word' id='word_1_376' title='bbox 456 3097 643 3165; x_wconf 70' lang='grc' dir='ltr'>ἄφεσιν</span> <span class='ocrx_word' id='word_1_377' title='bbox 670 3098 972 3169; x_wconf 75' lang='grc' dir='ltr'>ἁμαρτιῶν.</span> <span class='ocrx_word' id='word_1_378' title='bbox 1014 3097 1062 3169; x_wconf 81' lang='grc'><strong>›]</strong></span> 
     </span>
    </p>
   </div>
   <div class='ocr_carea' id='block_1_50' title="bbox 1043 3209 1408 3266">
    <p class='ocr_par' dir='ltr' id='par_1_50' title="bbox 1043 3209 1408 3266">
     <span class='ocr_line' id='line_1_50' title="bbox 1043 3209 1408 3266; baseline 0.005 -4"><span class='ocrx_word' id='word_1_379' title='bbox 1043 3211 1292 3266; x_wconf 75' lang='grc' dir='ltr'><strong>ΚΕΦΑΑ.</strong></span> <span class='ocrx_word' id='word_1_380' title='bbox 1335 3209 1408 3264; x_wconf 73' lang='grc' dir='ltr'><strong>Ζ’.</strong></span> 
     </span>
    </p>
   </div>
   <div class='ocr_carea' id='block_1_51' title="bbox 513 3339 2010 3416">
    <p class='ocr_par' dir='ltr' id='par_1_51' title="bbox 513 3339 2010 3416">
     <span class='ocr_line' id='line_1_51' title="bbox 513 3339 2010 3416; baseline 0.005 -24"><span class='ocrx_word' id='word_1_381' title='bbox 513 3340 632 3392; x_wconf 82' lang='grc' dir='ltr'>Ὀτι</span> <span class='ocrx_word' id='word_1_382' title='bbox 661 3341 766 3411; x_wconf 80' lang='grc' dir='ltr'>μὲν</span> <span class='ocrx_word' id='word_1_383' title='bbox 783 3339 879 3394; x_wconf 82' lang='grc' dir='ltr'><strong>οὖν</strong></span> <span class='ocrx_word' id='word_1_384' title='bbox 906 3341 1101 3412; x_wconf 68' lang='grc' dir='ltr'>εὔηθες</span> <span class='ocrx_word' id='word_1_385' title='bbox 1120 3341 1322 3412; x_wconf 86' lang='grc' dir='ltr'>κομιδῆ</span> <span class='ocrx_word' id='word_1_386' title='bbox 1345 3343 1406 3395; x_wconf 73' lang='grc' dir='ltr'>τὸ</span> <span class='ocrx_word' id='word_1_387' title='bbox 1429 3339 1808 3416; x_wconf 80' lang='grc' dir='ltr'>ἀντιτετάχθαι</span> <span class='ocrx_word' id='word_1_388' title='bbox 1835 3344 2010 3400; x_wconf 79' lang='grc' dir='ltr'>δοκεῖν</span> 
     </span>
    </p>
   </div>
   <div class='ocr_carea' id='block_1_52' title="bbox 442 3427 2014 3504">
    <p class='ocr_par' dir='ltr' id='par_1_52' title="bbox 442 3427 2014 3504">
     <span class='ocr_line' id='line_1_52' title="bbox 442 3427 2014 3504; baseline 0.003 -22"><span class='ocrx_word' id='word_1_389' title='bbox 442 3434 546 3492; x_wconf 81' lang='grc' dir='ltr'>τοῖς</span> <span class='ocrx_word' id='word_1_390' title='bbox 579 3431 679 3483; x_wconf 80' lang='grc' dir='ltr'><strong>οὐκ</strong></span> <span class='ocrx_word' id='word_1_391' title='bbox 714 3427 868 3484; x_wconf 77' lang='grc' dir='ltr'>οὖσιν</span> <span class='ocrx_word' id='word_1_392' title='bbox 905 3431 1076 3496; x_wconf 83' lang='grc' dir='ltr'>ὅλως,</span> <span class='ocrx_word' id='word_1_393' title='bbox 1115 3433 1208 3483; x_wconf 73' lang='grc' dir='ltr'>καὶ</span> <span class='ocrx_word' id='word_1_394' title='bbox 1239 3429 1556 3498; x_wconf 81' lang='grc' dir='ltr'>ἁντεξάγειν</span> <span class='ocrx_word' id='word_1_395' title='bbox 1586 3433 1707 3502; x_wconf 77' lang='grc' dir='ltr'>εἰκῆ</span> <span class='ocrx_word' id='word_1_396' title='bbox 1737 3473 1751 3497; x_wconf 93' lang='grc'><strong>,</strong></span> <span class='ocrx_word' id='word_1_397' title='bbox 1790 3434 2014 3504; x_wconf 73' lang='grc' dir='ltr'>δεχομέ-</span> 
     </span>
    </p>
   </div>
   <div class='ocr_carea' id='block_1_53' title="bbox 443 3521 2009 3594">
    <p class='ocr_par' dir='ltr' id='par_1_53' title="bbox 443 3521 2009 3594">
     <span class='ocr_line' id='line_1_53' title="bbox 443 3521 2009 3594; baseline 0.003 -22"><span class='ocrx_word' id='word_1_398' title='bbox 443 3536 559 3583; x_wconf 84' lang='grc' dir='ltr'>νους</span> <span class='ocrx_word' id='word_1_399' title='bbox 585 3524 665 3584; x_wconf 72' lang='grc' dir='ltr'>εἰς</span> <span class='ocrx_word' id='word_1_400' title='bbox 693 3523 1018 3574; x_wconf 87' lang='grc' dir='ltr'>ἀντίστασιν</span> <span class='ocrx_word' id='word_1_401' title='bbox 1073 3521 1135 3574; x_wconf 83' lang='grc' dir='ltr'><strong>τὸ</strong></span> <span class='ocrx_word' id='word_1_402' title='bbox 1176 3521 1365 3592; x_wconf 86' lang='grc' dir='ltr'>μηδενί</span> <span class='ocrx_word' id='word_1_403' title='bbox 1411 3537 1513 3574; x_wconf 86' lang='grc' dir='ltr'><strong>που</strong></span> <span class='ocrx_word' id='word_1_404' title='bbox 1545 3522 1689 3592; x_wconf 84' lang='grc' dir='ltr'>τάχα</span> <span class='ocrx_word' id='word_1_405' title='bbox 1732 3523 1941 3589; x_wconf 78' lang='grc' dir='ltr'>δοκοῦν,</span> <span class='ocrx_word' id='word_1_406' title='bbox 1977 3525 2009 3594; x_wconf 79' lang='grc' dir='ltr'>ἢ</span> 
     </span>
    </p>
   </div>
   <div class='ocr_carea' id='block_1_54' title="bbox 444 3612 2012 3685">
    <p class='ocr_par' dir='ltr' id='par_1_54' title="bbox 444 3612 2012 3685">
     <span class='ocr_line' id='line_1_54' title="bbox 444 3612 2012 3685; baseline 0.002 -22"><span class='ocrx_word' id='word_1_407' title='bbox 444 3617 671 3679; x_wconf 80' lang='grc' dir='ltr'>φρονεῖν,</span> <span class='ocrx_word' id='word_1_408' title='bbox 709 3613 744 3680; x_wconf 84' lang='grc' dir='ltr'>ἦ</span> <span class='ocrx_word' id='word_1_409' title='bbox 772 3612 974 3679; x_wconf 75' lang='grc' dir='ltr'>λέγειν,</span> <span class='ocrx_word' id='word_1_410' title='bbox 1007 3613 1126 3675; x_wconf 85' lang='grc' dir='ltr'><strong>πῶς</strong></span> <span class='ocrx_word' id='word_1_411' title='bbox 1153 3613 1251 3683; x_wconf 81' lang='grc' dir='ltr'><strong>οὐχ</strong></span> <span class='ocrx_word' id='word_1_412' title='bbox 1284 3613 1488 3668; x_wconf 72' lang='grc' dir='ltr'>ἅπασιν</span> <span class='ocrx_word' id='word_1_413' title='bbox 1512 3614 1775 3685; x_wconf 76' lang='grc' dir='ltr'>ὲναργέςς</span> <span class='ocrx_word' id='word_1_414' title='bbox 1806 3615 1868 3668; x_wconf 83' lang='lat' dir='ltr'><strong>El</strong></span> <span class='ocrx_word' id='word_1_415' title='bbox 1901 3615 2012 3685; x_wconf 83' lang='grc' dir='ltr'><strong>γάρ</strong></span> 
     </span>
    </p>
   </div>
   <div class='ocr_carea' id='block_1_55' title="bbox 443 3699 2012 3775">
    <p class='ocr_par' dir='ltr' id='par_1_55' title="bbox 443 3699 2012 3775">
     <span class='ocr_line' id='line_1_55' title="bbox 443 3699 2012 3775; baseline 0.004 -24"><span class='ocrx_word' id='word_1_416' title='bbox 443 3699 501 3769; x_wconf 76' lang='grc' dir='ltr'>δή</span> <span class='ocrx_word' id='word_1_417' title='bbox 544 3719 625 3764; x_wconf 80' lang='grc' dir='ltr'><strong>τις</strong></span> <span class='ocrx_word' id='word_1_418' title='bbox 668 3703 848 3754; x_wconf 68' lang='grc' dir='ltr'>ἕλοιτο</span> <span class='ocrx_word' id='word_1_419' title='bbox 877 3703 1230 3772; x_wconf 80' lang='grc' dir='ltr'>φιλονεικεῖν,</span> <span class='ocrx_word' id='word_1_420' title='bbox 1283 3707 1364 3757; x_wconf 84' lang='grc' dir='ltr'>ὅτι</span> <span class='ocrx_word' id='word_1_421' title='bbox 1407 3705 1481 3775; x_wconf 85' lang='grc' dir='ltr'>μὴ</span> <span class='ocrx_word' id='word_1_422' title='bbox 1516 3705 1679 3766; x_wconf 78' lang='grc' dir='ltr'>ἵππος</span> <span class='ocrx_word' id='word_1_423' title='bbox 1721 3705 1838 3758; x_wconf 78' lang='grc' dir='ltr'>ἐστὶ</span> <span class='ocrx_word' id='word_1_424' title='bbox 1871 3704 2012 3758; x_wconf 82' lang='grc' dir='ltr'><strong>κατά</strong></span> 
     </span>
    </p>
   </div>
   <div class='ocr_carea' id='block_1_56' title="bbox 443 3791 2014 3866">
    <p class='ocr_par' dir='ltr' id='par_1_56' title="bbox 443 3791 2014 3866">
     <span class='ocr_line' id='line_1_56' title="bbox 443 3791 2014 3866; baseline -0.006 -9"><span class='ocrx_word' id='word_1_425' title='bbox 443 3791 594 3857; x_wconf 66' lang='grc' dir='ltr'><strong>φύσιν</strong></span> <span class='ocrx_word' id='word_1_426' title='bbox 620 3794 650 3845; x_wconf 78' lang='grc'>6</span> <span class='ocrx_word' id='word_1_427' title='bbox 691 3791 824 3860; x_wconf 76' lang='grc' dir='ltr'><strong>βοῦς</strong></span> <span class='ocrx_word' id='word_1_428' title='bbox 845 3825 860 3854; x_wconf 65' lang='grc' dir='ltr'><strong>ι</strong></span> <span class='ocrx_word' id='word_1_429' title='bbox 899 3794 1035 3863; x_wconf 85' lang='grc' dir='ltr'>μήτε</span> <span class='ocrx_word' id='word_1_430' title='bbox 1067 3793 1174 3863; x_wconf 82' lang='grc' dir='ltr'>μὴν</span> <span class='ocrx_word' id='word_1_431' title='bbox 1212 3796 1242 3847; x_wconf 98' lang='lat'><strong>0</strong></span> <span class='ocrx_word' id='word_1_432' title='bbox 1277 3794 1562 3866; x_wconf 75' lang='grc' dir='ltr'>ἄνθρωπος</span> <span class='ocrx_word' id='word_1_433' title='bbox 1619 3796 1816 3860; x_wconf 76' lang='grc' dir='ltr'>ἵππος,</span> <span class='ocrx_word' id='word_1_434' title='bbox 1856 3795 2014 3848; x_wconf 79' lang='grc' dir='ltr'>τοῦτο</span> 
     </span>
    </p>
   </div>
   <div class='ocr_carea' id='block_1_57' title="bbox 445 3882 2010 3956">
    <p class='ocr_par' dir='ltr' id='par_1_57' title="bbox 445 3882 2010 3956">
     <span class='ocr_line' id='line_1_57' title="bbox 445 3882 2010 3956; baseline 0.004 -22"><span class='ocrx_word' id='word_1_435' title='bbox 445 3885 674 3951; x_wconf 75' lang='grc' dir='ltr'>φρονεῖν,</span> <span class='ocrx_word' id='word_1_436' title='bbox 709 3883 743 3952; x_wconf 79' lang='grc' dir='ltr'><strong>ἢ</strong></span> <span class='ocrx_word' id='word_1_437' title='bbox 773 3882 952 3950; x_wconf 80' lang='grc' dir='ltr'>λέγειν</span> <span class='ocrx_word' id='word_1_438' title='bbox 983 3884 1312 3953; x_wconf 82' lang='grc' dir='ltr'>ἀνεχομένου</span> <span class='ocrx_word' id='word_1_439' title='bbox 1338 3885 1584 3956; x_wconf 78' lang='grc' dir='ltr'>μηδενὸς,</span> <span class='ocrx_word' id='word_1_440' title='bbox 1614 3885 1733 3949; x_wconf 85' lang='grc' dir='ltr'>πῶς</span> <span class='ocrx_word' id='word_1_441' title='bbox 1759 3888 1821 3942; x_wconf 81' lang='grc' dir='ltr'><strong>οὐ</strong></span> <span class='ocrx_word' id='word_1_442' title='bbox 1848 3903 2010 3941; x_wconf 79' lang='grc' dir='ltr'>καταο</span> 
     </span>
    </p>
   </div>
   <div class='ocr_carea' id='block_1_58' title="bbox 445 3960 2010 4049">
    <p class='ocr_par' dir='ltr' id='par_1_58' title="bbox 445 3960 2010 4049">
     <span class='ocr_line' id='line_1_58' title="bbox 445 3960 2010 4049; baseline 0.004 -24"><span class='ocrx_word' id='word_1_443' title='bbox 445 3974 732 4040; x_wconf 76' lang='grc' dir='ltr'>γέλαστος,</span> <span class='ocrx_word' id='word_1_444' title='bbox 764 3975 858 4028; x_wconf 78' lang='grc' dir='ltr'>καὶ</span> <span class='ocrx_word' id='word_1_445' title='bbox 887 3977 1022 4045; x_wconf 86' lang='grc' dir='ltr'>πρός</span> <span class='ocrx_word' id='word_1_446' title='bbox 1048 3993 1112 4042; x_wconf 85' lang='grc' dir='ltr'><strong>γε</strong></span> <span class='ocrx_word' id='word_1_447' title='bbox 1141 3960 1312 4048; x_wconf 80' lang='grc' dir='ltr'>τούτῳ</span> <span class='ocrx_word' id='word_1_448' title='bbox 1345 3978 1717 4047; x_wconf 80' lang='grc' dir='ltr'>είκαιόμυθος,</span> <span class='ocrx_word' id='word_1_449' title='bbox 1762 3980 1842 4041; x_wconf 75' lang='lat' dir='ltr'><strong>ei;</strong></span> <span class='ocrx_word' id='word_1_450' title='bbox 1869 3979 2010 4049; x_wconf 84' lang='grc' dir='ltr'>ἀέρα</span> 
     </span>
    </p>
   </div>
   <div class='ocr_carea' id='block_1_59' title="bbox 441 4063 2011 4138">
    <p class='ocr_par' dir='ltr' id='par_1_59' title="bbox 441 4063 2011 4138">
     <span class='ocr_line' id='line_1_59' title="bbox 441 4063 2011 4138; baseline 0.004 -22"><span class='ocrx_word' id='word_1_451' title='bbox 441 4063 650 4136; x_wconf 73' lang='grc' dir='ltr'>εαίρων,</span> <span class='ocrx_word' id='word_1_452' title='bbox 701 4065 796 4120; x_wconf 72' lang='grc' dir='ltr'><strong>καὶ</strong></span> <span class='ocrx_word' id='word_1_453' title='bbox 840 4065 1125 4120; x_wconf 81' lang='grc' dir='ltr'>πυκτεύων</span> <span class='ocrx_word' id='word_1_454' title='bbox 1167 4069 1253 4120; x_wconf 76' lang='grc' dir='ltr'><strong>ἐπ’</strong></span> <span class='ocrx_word' id='word_1_455' title='bbox 1283 4067 1498 4138; x_wconf 84' lang='grc' dir='ltr'>ἀδήλοις</span> <span class='ocrx_word' id='word_1_456' title='bbox 1520 4109 1536 4133; x_wconf 93' lang='grc'><strong>,</strong></span> <span class='ocrx_word' id='word_1_457' title='bbox 1587 4069 1682 4121; x_wconf 72' lang='grc' dir='ltr'><strong>καὶ</strong></span> <span class='ocrx_word' id='word_1_458' title='bbox 1714 4069 1802 4122; x_wconf 72' lang='grc' dir='ltr'><strong>ἐπ’</strong></span> <span class='ocrx_word' id='word_1_459' title='bbox 1835 4069 2011 4123; x_wconf 72' lang='grc' dir='ltr'>οὐδενὶ</span> 
     </span>
    </p>
   </div>
   <div class='ocr_carea' id='block_1_60' title="bbox 438 4157 2003 4230">
    <p class='ocr_par' dir='ltr' id='par_1_60' title="bbox 438 4157 2003 4230">
     <span class='ocr_line' id='line_1_60' title="bbox 438 4157 2003 4230; baseline 0.003 -21"><span class='ocrx_word' id='word_1_460' title='bbox 438 4157 539 4209; x_wconf 81' lang='grc' dir='ltr'>τῶν</span> <span class='ocrx_word' id='word_1_461' title='bbox 583 4158 970 4228; x_wconf 85' lang='grc' dir='ltr'>προκειμένων</span> <span class='ocrx_word' id='word_1_462' title='bbox 1005 4157 1235 4228; x_wconf 77' lang='grc' dir='ltr'>ἱδρῶτας</span> <span class='ocrx_word' id='word_1_463' title='bbox 1283 4160 1461 4230; x_wconf 75' lang='grc' dir='ltr'>ἑαυτῷ</span> <span class='ocrx_word' id='word_1_464' title='bbox 1508 4162 1602 4214; x_wconf 74' lang='grc' dir='ltr'><strong>καὶ</strong></span> <span class='ocrx_word' id='word_1_465' title='bbox 1651 4161 1842 4226; x_wconf 78' lang='grc' dir='ltr'>πόνους</span> <span class='ocrx_word' id='word_1_466' title='bbox 1885 4163 2003 4214; x_wconf 83' lang='grc' dir='ltr'>ὲπι-</span> 
     </span>
    </p>
   </div>
   <div class='ocr_carea' id='block_1_61' title="bbox 436 4248 2010 4320">
    <p class='ocr_par' dir='ltr' id='par_1_61' title="bbox 436 4248 2010 4320">
     <span class='ocr_line' id='line_1_61' title="bbox 436 4248 2010 4320; baseline 0.004 -23"><span class='ocrx_word' id='word_1_467' title='bbox 436 4248 600 4314; x_wconf 77' lang='grc' dir='ltr'>νοῶνς</span> <span class='ocrx_word' id='word_1_468' title='bbox 634 4251 853 4319; x_wconf 82' lang='grc' dir='ltr'>Χρῆναι</span> <span class='ocrx_word' id='word_1_469' title='bbox 884 4249 992 4319; x_wconf 84' lang='grc' dir='ltr'>γὰρ</span> <span class='ocrx_word' id='word_1_470' title='bbox 1020 4249 1198 4317; x_wconf 76' lang='grc' dir='ltr'>ἔγωγέ</span> <span class='ocrx_word' id='word_1_471' title='bbox 1224 4267 1366 4320; x_wconf 80' lang='grc' dir='ltr'>φημι</span> <span class='ocrx_word' id='word_1_472' title='bbox 1420 4252 1850 4320; x_wconf 77' lang='grc' dir='ltr'>προϋποκεῖσθαι</span> <span class='ocrx_word' id='word_1_473' title='bbox 1873 4269 1924 4306; x_wconf 85' lang='grc' dir='ltr'><strong>τι</strong></span> <span class='ocrx_word' id='word_1_474' title='bbox 1949 4252 2010 4304; x_wconf 78' lang='grc' dir='ltr'>τὸ</span> 
     </span>
    </p>
   </div>
   <div class='ocr_carea' id='block_1_62' title="bbox 435 4339 2009 4414">
    <p class='ocr_par' dir='ltr' id='par_1_62' title="bbox 435 4339 2009 4414">
     <span class='ocr_line' id='line_1_62' title="bbox 435 4339 2009 4414; baseline 0.003 -24"><span class='ocrx_word' id='word_1_475' title='bbox 435 4339 863 4410; x_wconf 78' lang='grc' dir='ltr'>ὡμολογημένον</span> <span class='ocrx_word' id='word_1_476' title='bbox 883 4355 896 4368; x_wconf 71' lang='grc'><strong><em>⁸</em></strong></span> <span class='ocrx_word' id='word_1_477' title='bbox 935 4341 1000 4392; x_wconf 79' lang='grc' dir='ltr'><strong>ἶν’</strong></span> <span class='ocrx_word' id='word_1_478' title='bbox 1030 4342 1088 4394; x_wconf 85' lang='grc' dir='ltr'>ὲν</span> <span class='ocrx_word' id='word_1_479' title='bbox 1122 4342 1312 4410; x_wconf 84' lang='grc' dir='ltr'>κόσμῳ</span> <span class='ocrx_word' id='word_1_480' title='bbox 1345 4340 1409 4412; x_wconf 81' lang='grc' dir='ltr'>δὴ</span> <span class='ocrx_word' id='word_1_481' title='bbox 1443 4341 1564 4394; x_wconf 84' lang='grc' dir='ltr'>τότε</span> <span class='ocrx_word' id='word_1_482' title='bbox 1589 4343 1658 4394; x_wconf 86' lang='grc' dir='ltr'>τὰ</span> <span class='ocrx_word' id='word_1_483' title='bbox 1689 4345 1818 4414; x_wconf 84' lang='grc' dir='ltr'>παρ’</span> <span class='ocrx_word' id='word_1_484' title='bbox 1850 4343 2009 4412; x_wconf 82' lang='grc' dir='ltr'>ἡμῶν</span> 
     </span>
    </p>
   </div>
   <div class='ocr_carea' id='block_1_63' title="bbox 433 4431 2006 4506">
    <p class='ocr_par' dir='ltr' id='par_1_63' title="bbox 433 4431 2006 4506">
     <span class='ocr_line' id='line_1_63' title="bbox 433 4431 2006 4506; baseline 0.003 -23"><span class='ocrx_word' id='word_1_485' title='bbox 433 4432 819 4498; x_wconf 83' lang='grc' dir='ltr'>άντεπάγοιτο.</span> <span class='ocrx_word' id='word_1_486' title='bbox 852 4431 998 4500; x_wconf 77' lang='grc' dir='ltr'>Πλὴν</span> <span class='ocrx_word' id='word_1_487' title='bbox 1029 4432 1204 4485; x_wconf 77' lang='grc' dir='ltr'>ἐκεῖνο</span> <span class='ocrx_word' id='word_1_488' title='bbox 1231 4432 1402 4502; x_wconf 75' lang='grc' dir='ltr'>ἴωμεν</span> <span class='ocrx_word' id='word_1_489' title='bbox 1451 4432 1570 4504; x_wconf 58' lang='lat' dir='ltr'><strong>[fon</strong></span> <span class='ocrx_word' id='word_1_490' title='bbox 1604 4434 1886 4506; x_wconf 69' lang='grc' dir='ltr'>εἴπωμεν]</span> <span class='ocrx_word' id='word_1_491' title='bbox 1915 4450 1927 4463; x_wconf 71' lang='grc' dir='ltr'><strong>ο</strong></span> <span class='ocrx_word' id='word_1_492' title='bbox 1957 4437 2006 4488; x_wconf 88' lang='grc' dir='ltr'><strong>εί</strong></span> 
     </span>
    </p>
   </div>
   <div class='ocr_carea' id='block_1_64' title="bbox 437 4517 2021 4596">
    <p class='ocr_par' dir='ltr' id='par_1_64' title="bbox 437 4517 2021 4596">
     <span class='ocr_line' id='line_1_64' title="bbox 437 4517 2021 4596; baseline 0.006 -26"><span class='ocrx_word' id='word_1_493' title='bbox 437 4520 530 4586; x_wconf 77' lang='grc' dir='ltr'>μὲν</span> <span class='ocrx_word' id='word_1_494' title='bbox 557 4522 673 4590; x_wconf 84' lang='grc' dir='ltr'><strong>γάρ</strong></span> <span class='ocrx_word' id='word_1_495' title='bbox 705 4538 788 4583; x_wconf 89' lang='grc' dir='ltr'><strong>τις</strong></span> <span class='ocrx_word' id='word_1_496' title='bbox 815 4517 883 4591; x_wconf 82' lang='grc' dir='ltr'>ἦν</span> <span class='ocrx_word' id='word_1_497' title='bbox 913 4523 942 4574; x_wconf 88' lang='lat'><strong>0</strong></span> <span class='ocrx_word' id='word_1_498' title='bbox 969 4523 1134 4590; x_wconf 81' lang='grc' dir='ltr'>φάναι</span> <span class='ocrx_word' id='word_1_499' title='bbox 1165 4523 1399 4592; x_wconf 86' lang='grc' dir='ltr'>τολμῶν,</span> <span class='ocrx_word' id='word_1_500' title='bbox 1447 4526 1529 4587; x_wconf 90' lang='grc' dir='ltr'><strong>είς</strong></span> <span class='ocrx_word' id='word_1_501' title='bbox 1573 4526 1672 4595; x_wconf 83' lang='grc' dir='ltr'>τὴν</span> <span class='ocrx_word' id='word_1_502' title='bbox 1719 4525 1862 4579; x_wconf 87' lang='grc' dir='ltr'><strong>κατά</strong></span> <span class='ocrx_word' id='word_1_503' title='bbox 1893 4527 2021 4596; x_wconf 55' lang='lat' dir='ltr'><strong>(Si)</strong></span> 
     </span>
    </p>
   </div>
   <div class='ocr_carea' id='block_1_65' title="bbox 433 4609 2004 4681">
    <p class='ocr_par' dir='ltr' id='par_1_65' title="bbox 433 4609 2004 4681">
     <span class='ocr_line' id='line_1_65' title="bbox 433 4609 2004 4681; baseline 0.004 -21"><span class='ocrx_word' id='word_1_504' title='bbox 433 4609 524 4660; x_wconf 81' lang='grc' dir='ltr'>τοῦ</span> <span class='ocrx_word' id='word_1_505' title='bbox 573 4609 833 4678; x_wconf 81' lang='grc' dir='ltr'>σώματος</span> <span class='ocrx_word' id='word_1_506' title='bbox 883 4611 1350 4681; x_wconf 79' lang='grc' dir='ltr'>μεταπεποιῆσθαι</span> <span class='ocrx_word' id='word_1_507' title='bbox 1401 4611 1562 4680; x_wconf 82' lang='grc' dir='ltr'>φύσιν</span> <span class='ocrx_word' id='word_1_508' title='bbox 1617 4615 1708 4667; x_wconf 81' lang='grc' dir='ltr'><strong>τὸν</strong></span> <span class='ocrx_word' id='word_1_509' title='bbox 1759 4616 1822 4666; x_wconf 81' lang='grc' dir='ltr'>ὲκ</span> <span class='ocrx_word' id='word_1_510' title='bbox 1870 4612 2004 4666; x_wconf 72' lang='grc' dir='ltr'>θεοῖ</span> 
     </span>
    </p>
   </div>
   <div class='ocr_carea' id='block_1_66' title="bbox 437 4700 2004 4775">
    <p class='ocr_par' dir='ltr' id='par_1_66' title="bbox 437 4700 2004 4775">
     <span class='ocr_line' id='line_1_66' title="bbox 437 4700 2004 4775; baseline 0.005 -24"><span class='ocrx_word' id='word_1_511' title='bbox 437 4700 630 4767; x_wconf 85' lang='grc' dir='ltr'>Λόγον,</span> <span class='ocrx_word' id='word_1_512' title='bbox 683 4700 976 4769; x_wconf 81' lang='grc' dir='ltr'>ὲπαιτιῷτό</span> <span class='ocrx_word' id='word_1_513' title='bbox 999 4719 1083 4765; x_wconf 85' lang='grc' dir='ltr'><strong>τις</strong></span> <span class='ocrx_word' id='word_1_514' title='bbox 1129 4703 1194 4755; x_wconf 82' lang='grc' dir='ltr'><strong>ἂν</strong></span> <span class='ocrx_word' id='word_1_515' title='bbox 1229 4703 1322 4756; x_wconf 73' lang='grc' dir='ltr'><strong>καὶ</strong></span> <span class='ocrx_word' id='word_1_516' title='bbox 1355 4702 1500 4773; x_wconf 84' lang='grc' dir='ltr'>μάλα</span> <span class='ocrx_word' id='word_1_517' title='bbox 1533 4704 1777 4770; x_wconf 78' lang='grc' dir='ltr'>εἰκότως,</span> <span class='ocrx_word' id='word_1_518' title='bbox 1811 4705 1892 4757; x_wconf 78' lang='grc' dir='ltr'>ὅτι</span> <span class='ocrx_word' id='word_1_519' title='bbox 1931 4706 2004 4775; x_wconf 81' lang='grc' dir='ltr'>μὴ</span> 
     </span>
    </p>
   </div>
   <div class='ocr_carea' id='block_1_67' title="bbox 436 4790 2004 4864">
    <p class='ocr_par' dir='ltr' id='par_1_67' title="bbox 436 4790 2004 4864">
     <span class='ocr_line' id='line_1_67' title="bbox 436 4790 2004 4864; baseline 0.004 -23"><span class='ocrx_word' id='word_1_520' title='bbox 436 4791 638 4854; x_wconf 71' lang='grc' dir='ltr'>μᾶλλον</span> <span class='ocrx_word' id='word_1_521' title='bbox 670 4790 776 4860; x_wconf 77' lang='grc' dir='ltr'>ἔφη</span> <span class='ocrx_word' id='word_1_522' title='bbox 801 4791 862 4843; x_wconf 84' lang='grc' dir='ltr'><strong>τὸ</strong></span> <span class='ocrx_word' id='word_1_523' title='bbox 892 4790 1053 4862; x_wconf 74' lang='grc' dir='ltr'>σῶμα</span> <span class='ocrx_word' id='word_1_524' title='bbox 1082 4792 1286 4856; x_wconf 85' lang='grc' dir='ltr'>διδούς·</span> <span class='ocrx_word' id='word_1_525' title='bbox 1321 4794 1552 4859; x_wconf 75' lang='grc' dir='ltr'>Λάϐετε,</span> <span class='ocrx_word' id='word_1_526' title='bbox 1589 4795 1814 4864; x_wconf 80' lang='grc' dir='ltr'>φάγετε,</span> <span class='ocrx_word' id='word_1_527' title='bbox 1849 4795 2004 4848; x_wconf 79' lang='grc' dir='ltr'>τοῦτό</span> 
     </span>
    </p>
   </div>
   <div class='ocr_carea' id='block_1_68' title="bbox 437 4881 2006 4959">
    <p class='ocr_par' dir='ltr' id='par_1_68' title="bbox 437 4881 2006 4959">
     <span class='ocr_line' id='line_1_68' title="bbox 437 4881 2006 4959; baseline 0.004 -25"><span class='ocrx_word' id='word_1_528' title='bbox 437 4882 534 4949; x_wconf 79' lang='grc' dir='ltr'>μού</span> <span class='ocrx_word' id='word_1_529' title='bbox 561 4885 714 4934; x_wconf 77' lang='grc' dir='ltr'>ἐστιν</span> <span class='ocrx_word' id='word_1_530' title='bbox 738 4883 770 4952; x_wconf 83' lang='grc' dir='ltr'>ἠ</span> <span class='ocrx_word' id='word_1_531' title='bbox 793 4881 986 4953; x_wconf 82' lang='grc' dir='ltr'>θεότης</span> <span class='ocrx_word' id='word_1_532' title='bbox 1017 4887 1049 4955; x_wconf 88' lang='grc' dir='ltr'><strong>ή</strong></span> <span class='ocrx_word' id='word_1_533' title='bbox 1080 4885 1220 4955; x_wconf 80' lang='grc' dir='ltr'>ὑπὲρ</span> <span class='ocrx_word' id='word_1_534' title='bbox 1247 4886 1403 4957; x_wconf 83' lang='grc' dir='ltr'>ὑμῶν</span> <span class='ocrx_word' id='word_1_535' title='bbox 1427 4886 1710 4959; x_wconf 83' lang='grc' dir='ltr'>κλωμένη,</span> <span class='ocrx_word' id='word_1_536' title='bbox 1727 4890 1819 4941; x_wconf 79' lang='grc' dir='ltr'><strong>καὶ</strong></span> <span class='ocrx_word' id='word_1_537' title='bbox 1846 4888 2006 4941; x_wconf 80' lang='grc' dir='ltr'>τοῦτό</span> 
     </span>
    </p>
   </div>
   <div class='ocr_carea' id='block_1_69' title="bbox 434 4970 2006 5048">
    <p class='ocr_par' dir='ltr' id='par_1_69' title="bbox 434 4970 2006 5048">
     <span class='ocr_line' id='line_1_69' title="bbox 434 4970 2006 5048; baseline 0.015 -23"><span class='ocrx_word' id='word_1_538' title='bbox 434 4975 580 5026; x_wconf 77' lang='grc' dir='ltr'>ἐστιν</span> <span class='ocrx_word' id='word_1_539' title='bbox 613 4976 679 5028; x_wconf 85' lang='grc' dir='ltr'>οὐ</span> <span class='ocrx_word' id='word_1_540' title='bbox 707 4975 769 5027; x_wconf 82' lang='grc' dir='ltr'><strong>τὸ</strong></span> <span class='ocrx_word' id='word_1_541' title='bbox 793 4970 936 5045; x_wconf 84' lang='grc' dir='ltr'>αἷμά</span> <span class='ocrx_word' id='word_1_542' title='bbox 961 4992 1063 5046; x_wconf 85' lang='grc' dir='ltr'><strong>μου</strong></span> <span class='ocrx_word' id='word_1_543' title='bbox 1099 4976 1321 5044; x_wconf 78' lang='grc' dir='ltr'>μᾶλλον,</span> <span class='ocrx_word' id='word_1_544' title='bbox 1353 4974 1471 5030; x_wconf 83' lang='grc' dir='ltr'>ἀλλ’</span> <span class='ocrx_word' id='word_1_545' title='bbox 1504 4979 1537 5048; x_wconf 83' lang='grc' dir='ltr'>ὴ</span> <span class='ocrx_word' id='word_1_546' title='bbox 1577 4976 1768 5048; x_wconf 79' lang='grc' dir='ltr'>Θεότης</span> <span class='ocrx_word' id='word_1_547' title='bbox 1795 4981 1827 5048; x_wconf 78' lang='grc' dir='ltr'>ἡ</span> <span class='ocrx_word' id='word_1_548' title='bbox 1866 4978 2006 5048; x_wconf 66' lang='grc' dir='ltr'>ὑπὲρ</span> 
     </span>
    </p>
   </div>
   <div class='ocr_carea' id='block_1_70' title="bbox 437 5065 2008 5138">
    <p class='ocr_par' dir='ltr' id='par_1_70' title="bbox 437 5065 2008 5138">
     <span class='ocr_line' id='line_1_70' title="bbox 437 5065 2008 5138; baseline 0.003 -21"><span class='ocrx_word' id='word_1_549' title='bbox 437 5065 588 5134; x_wconf 79' lang='grc' dir='ltr'>ὑμῶν</span> <span class='ocrx_word' id='word_1_550' title='bbox 621 5068 944 5138; x_wconf 82' lang='grc' dir='ltr'>ὲκχεομένη.</span> <span class='ocrx_word' id='word_1_551' title='bbox 985 5068 1198 5138; x_wconf 77' lang='grc' dir='ltr'>Ἐπειδὴ</span> <span class='ocrx_word' id='word_1_552' title='bbox 1232 5069 1290 5121; x_wconf 72' lang='grc' dir='ltr'>δὲ</span> <span class='ocrx_word' id='word_1_553' title='bbox 1314 5069 1448 5137; x_wconf 70' lang='grc' dir='ltr'>Θεὸς</span> <span class='ocrx_word' id='word_1_554' title='bbox 1481 5067 1560 5122; x_wconf 82' lang='grc' dir='ltr'>ὢν</span> <span class='ocrx_word' id='word_1_555' title='bbox 1590 5071 1620 5122; x_wconf 93' lang='lat'><strong>0</strong></span> <span class='ocrx_word' id='word_1_556' title='bbox 1652 5071 1848 5137; x_wconf 86' lang='grc' dir='ltr'>Λόγος,</span> <span class='ocrx_word' id='word_1_557' title='bbox 1877 5070 2008 5123; x_wconf 74' lang='grc' dir='ltr'>ἴδιον</span> 
     </span>
    </p>
   </div>
   <div class='ocr_carea' id='block_1_71' title="bbox 437 5155 2006 5231">
    <p class='ocr_par' dir='ltr' id='par_1_71' title="bbox 437 5155 2006 5231">
     <span class='ocr_line' id='line_1_71' title="bbox 437 5155 2006 5231; baseline 0.007 -27"><span class='ocrx_word' id='word_1_558' title='bbox 437 5155 732 5226; x_wconf 71' lang='grc' dir='ltr'>ἐποιήσατο</span> <span class='ocrx_word' id='word_1_559' title='bbox 759 5158 920 5228; x_wconf 82' lang='grc' dir='ltr'>σῶμα</span> <span class='ocrx_word' id='word_1_560' title='bbox 953 5158 1013 5212; x_wconf 72' lang='grc' dir='ltr'>τὸ</span> <span class='ocrx_word' id='word_1_561' title='bbox 1040 5161 1104 5210; x_wconf 76' lang='grc' dir='ltr'>ὲκ</span> <span class='ocrx_word' id='word_1_562' title='bbox 1129 5159 1405 5226; x_wconf 81' lang='grc' dir='ltr'>γυναικὸς,</span> <span class='ocrx_word' id='word_1_563' title='bbox 1464 5159 1770 5222; x_wconf 85' lang='grc' dir='ltr'>ἀλλοίωσιν,</span> <span class='ocrx_word' id='word_1_564' title='bbox 1807 5161 1839 5231; x_wconf 80' lang='grc' dir='ltr'>ἢ</span> <span class='ocrx_word' id='word_1_565' title='bbox 1881 5177 2006 5230; x_wconf 86' lang='grc' dir='ltr'>τρο-</span> 
     </span>
    </p>
   </div>
   <div class='ocr_carea' id='block_1_72' title="bbox 439 5250 2008 5320">
    <p class='ocr_par' dir='ltr' id='par_1_72' title="bbox 439 5250 2008 5320">
     <span class='ocr_line' id='line_1_72' title="bbox 439 5250 2008 5320; baseline 0.004 -24"><span class='ocrx_word' id='word_1_566' title='bbox 439 5259 546 5314; x_wconf 85' lang='grc' dir='ltr'><strong>πην</strong></span> <span class='ocrx_word' id='word_1_567' title='bbox 597 5251 855 5320; x_wconf 79' lang='grc' dir='ltr'>οὐδεμίαν</span> <span class='ocrx_word' id='word_1_568' title='bbox 903 5250 1373 5320; x_wconf 81' lang='grc' dir='ltr'>ὑπομεμενηκὼς,</span> <span class='ocrx_word' id='word_1_569' title='bbox 1423 5251 1537 5314; x_wconf 83' lang='grc' dir='ltr'>πῶς</span> <span class='ocrx_word' id='word_1_570' title='bbox 1584 5253 1682 5305; x_wconf 77' lang='grc' dir='ltr'><strong>οὐκ</strong></span> <span class='ocrx_word' id='word_1_571' title='bbox 1727 5252 1831 5304; x_wconf 71' lang='grc' dir='ltr'>ἔδει</span> <span class='ocrx_word' id='word_1_572' title='bbox 1873 5251 2008 5320; x_wconf 78' lang='grc' dir='ltr'>πρὸς</span> 
     </span>
    </p>
   </div>
   <div class='ocr_carea' id='block_1_73' title="bbox 514 5405 1908 5470">
    <p class='ocr_par' dir='ltr' id='par_1_73' title="bbox 514 5405 1908 5470">
     <span class='ocr_line' id='line_1_73' title="bbox 514 5405 1908 5470; baseline 0 -12"><span class='ocrx_word' id='word_1_573' title='bbox 514 5409 556 5436; x_wconf 66' lang='grc' dir='ltr'><strong>ιδ</strong></span> <span class='ocrx_word' id='word_1_574' title='bbox 585 5409 704 5459; x_wconf 76' lang='lat' dir='ltr'><strong>Act.</strong></span> <span class='ocrx_word' id='word_1_575' title='bbox 735 5407 881 5470; x_wconf 82' lang='lat' dir='ltr'><strong>t,li.</strong></span> <span class='ocrx_word' id='word_1_576' title='bbox 954 5407 996 5438; x_wconf 86' lang='grc'><strong>¹³</strong></span> <span class='ocrx_word' id='word_1_577' title='bbox 1027 5405 1214 5462; x_wconf 78' lang='lat' dir='ltr'><strong>Matth.</strong></span> <span class='ocrx_word' id='word_1_578' title='bbox 1255 5405 1512 5465; x_wconf 72' lang='lat' dir='ltr'><strong>xxvr.26.</strong></span> <span class='ocrx_word' id='word_1_579' title='bbox 1592 5407 1632 5437; x_wconf 87' lang='grc'><strong>¹⁶</strong></span> <span class='ocrx_word' id='word_1_580' title='bbox 1668 5406 1795 5460; x_wconf 84' lang='lat' dir='ltr'><strong>ibid.</strong></span> <span class='ocrx_word' id='word_1_581' title='bbox 1820 5405 1908 5460; x_wconf 72' lang='lat'><strong>27.</strong></span> 
     </span>
    </p>
   </div>
   <div class='ocr_carea' id='block_1_74' title="bbox 2043 4401 2090 4460">
    <p class='ocr_par' dir='ltr' id='par_1_74' title="bbox 2043 4401 2090 4460">
     <span class='ocr_line' id='line_1_74' title="bbox 2043 4401 2090 4460; baseline 0 -2"><span class='ocrx_word' id='word_1_582' title='bbox 2043 4401 2090 4460; x_wconf 94' lang='lat' dir='ltr'><strong>D</strong></span> 
     </span>
    </p>
   </div>
   <div class='ocr_carea' id='block_1_75' title="bbox 2181 2183 3683 2256">
    <p class='ocr_par' dir='ltr' id='par_1_75' title="bbox 2181 2183 3683 2256">
     <span class='ocr_line' id='line_1_75' title="bbox 2181 2183 3683 2256; baseline 0.004 -18"><span class='ocrx_word' id='word_1_583' title='bbox 2181 2184 2421 2240; x_wconf 74' lang='lat' dir='ltr'><strong>Nasroa.</strong></span> <span class='ocrx_word' id='word_1_584' title='bbox 2454 2184 2602 2256; x_wconf 82' lang='lat' dir='ltr'><strong>[Cur</strong></span> <span class='ocrx_word' id='word_1_585' title='bbox 2631 2195 2810 2240; x_wconf 87' lang='lat' dir='ltr'><strong>autem</strong></span> <span class='ocrx_word' id='word_1_586' title='bbox 2843 2185 3028 2252; x_wconf 86' lang='lat' dir='ltr'><strong>etiam,</strong></span> <span class='ocrx_word' id='word_1_587' title='bbox 3060 2194 3117 2240; x_wconf 92' lang='lat' dir='ltr'><strong>ut</strong></span> <span class='ocrx_word' id='word_1_588' title='bbox 3147 2183 3307 2254; x_wconf 86' lang='lat' dir='ltr'><strong>paulo</strong></span> <span class='ocrx_word' id='word_1_589' title='bbox 3340 2187 3465 2242; x_wconf 87' lang='lat' dir='ltr'><strong>ante</strong></span> <span class='ocrx_word' id='word_1_590' title='bbox 3497 2189 3683 2244; x_wconf 85' lang='lat' dir='ltr'><strong>audie-</strong></span> 
     </span>
    </p>
   </div>
   <div class='ocr_carea' id='block_1_76' title="bbox 2109 2273 3682 2344">
    <p class='ocr_par' dir='ltr' id='par_1_76' title="bbox 2109 2273 3682 2344">
     <span class='ocr_line' id='line_1_76' title="bbox 2109 2273 3682 2344; baseline 0.005 -19"><span class='ocrx_word' id='word_1_591' title='bbox 2109 2273 2322 2338; x_wconf 85' lang='lat' dir='ltr'><strong>bamus,</strong></span> <span class='ocrx_word' id='word_1_592' title='bbox 2367 2273 2414 2327; x_wconf 91' lang='lat' dir='ltr'><strong>si</strong></span> <span class='ocrx_word' id='word_1_593' title='bbox 2445 2284 2694 2344; x_wconf 85' lang='lat' dir='ltr'><strong>utraque,</strong></span> <span class='ocrx_word' id='word_1_594' title='bbox 2728 2285 2784 2327; x_wconf 88' lang='lat' dir='ltr'><strong>ut</strong></span> <span class='ocrx_word' id='word_1_595' title='bbox 2835 2284 2888 2328; x_wconf 91' lang='lat' dir='ltr'><strong>tu</strong></span> <span class='ocrx_word' id='word_1_596' title='bbox 2916 2274 3179 2344; x_wconf 85' lang='lat' dir='ltr'><strong>Opiuaris,</strong></span> <span class='ocrx_word' id='word_1_597' title='bbox 3210 2275 3494 2330; x_wconf 88' lang='lat' dir='ltr'><strong>commista</strong></span> <span class='ocrx_word' id='word_1_598' title='bbox 3525 2287 3682 2344; x_wconf 81' lang='lat' dir='ltr'><strong>sunt,</strong></span> 
     </span>
    </p>
   </div>
   <div class='ocr_carea' id='block_1_77' title="bbox 2112 2363 3685 2437">
    <p class='ocr_par' dir='ltr' id='par_1_77' title="bbox 2112 2363 3685 2437">
     <span class='ocr_line' id='line_1_77' title="bbox 2112 2363 3685 2437; baseline 0.004 -18"><span class='ocrx_word' id='word_1_599' title='bbox 2112 2363 2374 2421; x_wconf 86' lang='lat' dir='ltr'><strong>Dominus</strong></span> <span class='ocrx_word' id='word_1_600' title='bbox 2405 2377 2594 2420; x_wconf 90' lang='lat' dir='ltr'><strong>noster</strong></span> <span class='ocrx_word' id='word_1_601' title='bbox 2636 2383 2756 2420; x_wconf 91' lang='lat' dir='ltr'><strong>cum</strong></span> <span class='ocrx_word' id='word_1_602' title='bbox 2793 2367 3036 2436; x_wconf 80' lang='lat' dir='ltr'><strong>mysterii</strong></span> <span class='ocrx_word' id='word_1_603' title='bbox 3097 2368 3200 2420; x_wconf 90' lang='lat' dir='ltr'><strong>vim</strong></span> <span class='ocrx_word' id='word_1_604' title='bbox 3251 2367 3529 2437; x_wconf 81' lang='lat' dir='ltr'><strong>discipulis</strong></span> <span class='ocrx_word' id='word_1_605' title='bbox 3575 2377 3685 2424; x_wconf 75' lang='lat' dir='ltr'><strong>tra~</strong></span> 
     </span>
    </p>
   </div>
   <div class='ocr_carea' id='block_1_78' title="bbox 2111 2457 3684 2525">
    <p class='ocr_par' dir='ltr' id='par_1_78' title="bbox 2111 2457 3684 2525">
     <span class='ocr_line' id='line_1_78' title="bbox 2111 2457 3684 2525; baseline 0.003 -13"><span class='ocrx_word' id='word_1_606' title='bbox 2111 2459 2280 2520; x_wconf 87' lang='lat' dir='ltr'><strong>deret.</strong></span> <span class='ocrx_word' id='word_1_607' title='bbox 2326 2459 2406 2512; x_wconf 82' lang='lat' dir='ltr'><strong>sic</strong></span> <span class='ocrx_word' id='word_1_608' title='bbox 2451 2459 2583 2512; x_wconf 88' lang='lat' dir='ltr'><strong>dicit</strong></span> <span class='ocrx_word' id='word_1_609' title='bbox 2617 2475 2630 2512; x_wconf 89' lang='lat'><strong>:</strong></span> <span class='ocrx_word' id='word_1_610' title='bbox 2667 2474 2684 2508; x_wconf 87' lang='lat' dir='ltr'><strong>t</strong></span> <span class='ocrx_word' id='word_1_611' title='bbox 2721 2457 2981 2525; x_wconf 82' lang='lat' dir='ltr'><strong>Accipite,</strong></span> <span class='ocrx_word' id='word_1_612' title='bbox 3005 2457 3272 2511; x_wconf 89' lang='lat' dir='ltr'><strong>comedite</strong></span> <span class='ocrx_word' id='word_1_613' title='bbox 3315 2471 3503 2514; x_wconf 86' lang='lat' dir='ltr'><strong>omnes</strong></span> <span class='ocrx_word' id='word_1_614' title='bbox 3536 2482 3548 2514; x_wconf 85' lang='lat'>;</span> <span class='ocrx_word' id='word_1_615' title='bbox 3583 2461 3684 2517; x_wconf 91' lang='lat' dir='ltr'><strong>hoc</strong></span> 
     </span>
    </p>
   </div>
   <div class='ocr_carea' id='block_1_79' title="bbox 2114 2545 3685 2615">
    <p class='ocr_par' dir='ltr' id='par_1_79' title="bbox 2114 2545 3685 2615">
     <span class='ocr_line' id='line_1_79' title="bbox 2114 2545 3685 2615; baseline 0.005 -17"><span class='ocrx_word' id='word_1_616' title='bbox 2114 2554 2197 2599; x_wconf 90' lang='lat' dir='ltr'><strong>est</strong></span> <span class='ocrx_word' id='word_1_617' title='bbox 2227 2545 2368 2599; x_wconf 90' lang='lat' dir='ltr'><strong>enim</strong></span> <span class='ocrx_word' id='word_1_618' title='bbox 2397 2559 2592 2615; x_wconf 89' lang='lat' dir='ltr'><strong>corpus</strong></span> <span class='ocrx_word' id='word_1_619' title='bbox 2619 2560 2790 2600; x_wconf 86' lang='lat' dir='ltr'><strong>meum</strong></span> <span class='ocrx_word' id='word_1_620' title='bbox 2817 2545 2904 2599; x_wconf 72' lang='lat'><strong>“1&#39;</strong></span> <span class='ocrx_word' id='word_1_621' title='bbox 2935 2563 2955 2596; x_wconf 69' lang='grc' dir='ltr'><strong>ι</strong></span> <span class='ocrx_word' id='word_1_622' title='bbox 2981 2561 3079 2600; x_wconf 92' lang='lat' dir='ltr'><strong>cur</strong></span> <span class='ocrx_word' id='word_1_623' title='bbox 3115 2561 3218 2601; x_wconf 90' lang='lat' dir='ltr'><strong>non</strong></span> <span class='ocrx_word' id='word_1_624' title='bbox 3247 2547 3377 2602; x_wconf 89' lang='lat' dir='ltr'><strong>dixit</strong></span> <span class='ocrx_word' id='word_1_625' title='bbox 3408 2565 3422 2602; x_wconf 90' lang='lat'><strong>:</strong></span> <span class='ocrx_word' id='word_1_626' title='bbox 3463 2546 3576 2604; x_wconf 83' lang='lat' dir='ltr'><strong>Hoc</strong></span> <span class='ocrx_word' id='word_1_627' title='bbox 3603 2560 3685 2606; x_wconf 80' lang='lat' dir='ltr'><strong>est</strong></span> 
     </span>
    </p>
   </div>
   <div class='ocr_carea' id='block_1_80' title="bbox 2115 2629 3685 2710">
    <p class='ocr_par' dir='ltr' id='par_1_80' title="bbox 2115 2629 3685 2710">
     <span class='ocr_line' id='line_1_80' title="bbox 2115 2629 3685 2710; baseline 0.006 -22"><span class='ocrx_word' id='word_1_628' title='bbox 2115 2635 2368 2689; x_wconf 78' lang='lat' dir='ltr'><strong>divinitas</strong></span> <span class='ocrx_word' id='word_1_629' title='bbox 2399 2649 2514 2689; x_wconf 89' lang='lat' dir='ltr'><strong>mea</strong></span> <span class='ocrx_word' id='word_1_630' title='bbox 2549 2649 2668 2706; x_wconf 75' lang='lat' dir='ltr'><strong>qua:</strong></span> <span class='ocrx_word' id='word_1_631' title='bbox 2692 2647 2790 2703; x_wconf 91' lang='lat' dir='ltr'><strong>pro</strong></span> <span class='ocrx_word' id='word_1_632' title='bbox 2820 2635 2971 2690; x_wconf 86' lang='lat' dir='ltr'><strong>vobis</strong></span> <span class='ocrx_word' id='word_1_633' title='bbox 2996 2629 3266 2705; x_wconf 73' lang='lat' dir='ltr'><strong>frangitur</strong></span> <span class='ocrx_word' id='word_1_634' title='bbox 3292 2638 3315 2692; x_wconf 84' lang='lat'>?</span> <span class='ocrx_word' id='word_1_635' title='bbox 3344 2640 3685 2710; x_wconf 81' lang='lat' dir='ltr'><strong>Rursumque</strong></span> 
     </span>
    </p>
   </div>
   <div class='ocr_carea' id='block_1_81' title="bbox 2115 2726 3685 2798">
    <p class='ocr_par' dir='ltr' id='par_1_81' title="bbox 2115 2726 3685 2798">
     <span class='ocr_line' id='line_1_81' title="bbox 2115 2726 3685 2798; baseline 0.004 -17"><span class='ocrx_word' id='word_1_636' title='bbox 2115 2742 2237 2782; x_wconf 90' lang='lat' dir='ltr'><strong>cum</strong></span> <span class='ocrx_word' id='word_1_637' title='bbox 2290 2727 2538 2796; x_wconf 89' lang='lat' dir='ltr'><strong>poculum</strong></span> <span class='ocrx_word' id='word_1_638' title='bbox 2589 2726 2972 2798; x_wconf 84' lang='lat' dir='ltr'><strong>mysteriorum</strong></span> <span class='ocrx_word' id='word_1_639' title='bbox 3013 2727 3189 2793; x_wconf 88' lang='lat' dir='ltr'><strong>daret,</strong></span> <span class='ocrx_word' id='word_1_640' title='bbox 3215 2743 3321 2783; x_wconf 92' lang='lat' dir='ltr'><strong>non</strong></span> <span class='ocrx_word' id='word_1_641' title='bbox 3350 2729 3486 2784; x_wconf 82' lang='lat' dir='ltr'><strong>dixit</strong></span> <span class='ocrx_word' id='word_1_642' title='bbox 3519 2749 3533 2785; x_wconf 90' lang='lat'>:</span> <span class='ocrx_word' id='word_1_643' title='bbox 3572 2730 3685 2787; x_wconf 89' lang='lat' dir='ltr'><strong>Hoc</strong></span> 
     </span>
    </p>
   </div>
   <div class='ocr_carea' id='block_1_82' title="bbox 2116 2815 3682 2886">
    <p class='ocr_par' dir='ltr' id='par_1_82' title="bbox 2116 2815 3682 2886">
     <span class='ocr_line' id='line_1_82' title="bbox 2116 2815 3682 2886; baseline 0.002 -13"><span class='ocrx_word' id='word_1_644' title='bbox 2116 2827 2199 2873; x_wconf 88' lang='lat' dir='ltr'><strong>est</strong></span> <span class='ocrx_word' id='word_1_645' title='bbox 2228 2819 2480 2872; x_wconf 80' lang='lat' dir='ltr'><strong>divinitas</strong></span> <span class='ocrx_word' id='word_1_646' title='bbox 2510 2832 2630 2886; x_wconf 82' lang='lat' dir='ltr'><strong>quae</strong></span> <span class='ocrx_word' id='word_1_647' title='bbox 2672 2831 2770 2886; x_wconf 90' lang='lat' dir='ltr'><strong>pro</strong></span> <span class='ocrx_word' id='word_1_648' title='bbox 2817 2817 2968 2872; x_wconf 89' lang='lat' dir='ltr'><strong>vobis</strong></span> <span class='ocrx_word' id='word_1_649' title='bbox 2992 2815 3306 2884; x_wconf 73' lang='lat' dir='ltr'><strong>eﬂ&#39;unditur,</strong></span> <span class='ocrx_word' id='word_1_650' title='bbox 3341 2820 3440 2875; x_wconf 91' lang='lat' dir='ltr'><strong>sed</strong></span> <span class='ocrx_word' id='word_1_651' title='bbox 3475 2839 3490 2875; x_wconf 91' lang='lat'><strong>:</strong></span> <span class='ocrx_word' id='word_1_652' title='bbox 3531 2838 3550 2872; x_wconf 84' lang='lat' dir='ltr'><strong>t</strong></span> <span class='ocrx_word' id='word_1_653' title='bbox 3583 2820 3682 2876; x_wconf 87' lang='lat' dir='ltr'><strong>Hic</strong></span> 
     </span>
    </p>
   </div>
   <div class='ocr_carea' id='block_1_83' title="bbox 2115 2907 3794 2978">
    <p class='ocr_par' dir='ltr' id='par_1_83' title="bbox 2115 2907 3794 2978">
     <span class='ocr_line' id='line_1_83' title="bbox 2115 2907 3794 2978; baseline 0.002 -15"><span class='ocrx_word' id='word_1_654' title='bbox 2115 2919 2200 2964; x_wconf 88' lang='lat' dir='ltr'><strong>est</strong></span> <span class='ocrx_word' id='word_1_655' title='bbox 2240 2910 2458 2978; x_wconf 79' lang='lat' dir='ltr'><strong>sanguis</strong></span> <span class='ocrx_word' id='word_1_656' title='bbox 2483 2923 2633 2962; x_wconf 89' lang='lat' dir='ltr'><strong>meus</strong></span> <span class='ocrx_word' id='word_1_657' title='bbox 2657 2908 2746 2977; x_wconf 91' lang='lat' dir='ltr'><strong>qui</strong></span> <span class='ocrx_word' id='word_1_658' title='bbox 2774 2923 2872 2977; x_wconf 90' lang='lat' dir='ltr'><strong>pro</strong></span> <span class='ocrx_word' id='word_1_659' title='bbox 2900 2907 3050 2963; x_wconf 82' lang='lat' dir='ltr'><strong>vobis</strong></span> <span class='ocrx_word' id='word_1_660' title='bbox 3091 2907 3462 2966; x_wconf 77' lang='lat' dir='ltr'><strong>ell&#39;unditurin</strong></span> <span class='ocrx_word' id='word_1_661' title='bbox 3494 2913 3684 2967; x_wconf 76' lang='lat' dir='ltr'><strong>remis-</strong></span> <span class='ocrx_word' id='word_1_662' title='bbox 3783 2969 3794 2976; x_wconf 61' lang='grc'><strong>,</strong></span> 
     </span>
    </p>
   </div>
   <div class='ocr_carea' id='block_1_84' title="bbox 2117 2998 2871 3071">
    <p class='ocr_par' dir='ltr' id='par_1_84' title="bbox 2117 2998 2871 3071">
     <span class='ocr_line' id='line_1_84' title="bbox 2117 2998 2871 3071; baseline -0.005 -15"><span class='ocrx_word' id='word_1_663' title='bbox 2117 2999 2320 3058; x_wconf 84' lang='lat' dir='ltr'><strong>sionem</strong></span> <span class='ocrx_word' id='word_1_664' title='bbox 2349 3001 2686 3070; x_wconf 80' lang='lat' dir='ltr'><strong>peccatorum</strong></span> <span class='ocrx_word' id='word_1_665' title='bbox 2723 3000 2784 3054; x_wconf 82' lang='grc'><strong>³⁸.</strong></span> <span class='ocrx_word' id='word_1_666' title='bbox 2817 2998 2871 3071; x_wconf 73' lang='grc' dir='ltr'>ι]</span> 
     </span>
    </p>
   </div>
   <div class='ocr_carea' id='block_1_85' title="bbox 2796 3193 3095 3255">
    <p class='ocr_par' dir='ltr' id='par_1_85' title="bbox 2796 3193 3095 3255">
     <span class='ocr_line' id='line_1_85' title="bbox 2796 3193 3095 3255; baseline -0.007 0"><span class='ocrx_word' id='word_1_667' title='bbox 2796 3196 2949 3255; x_wconf 82' lang='lat' dir='ltr'><strong>CAP.</strong></span> <span class='ocrx_word' id='word_1_668' title='bbox 2985 3193 3095 3255; x_wconf 74' lang='lat' dir='ltr'><strong>VII.</strong></span> 
     </span>
    </p>
   </div>
   <div class='ocr_carea' id='block_1_86' title="bbox 2184 3326 3684 3404">
    <p class='ocr_par' dir='ltr' id='par_1_86' title="bbox 2184 3326 3684 3404">
     <span class='ocr_line' id='line_1_86' title="bbox 2184 3326 3684 3404; baseline 0.005 -16"><span class='ocrx_word' id='word_1_669' title='bbox 2184 3326 2450 3404; x_wconf 80' lang='lat' dir='ltr'><strong>Perquam</strong></span> <span class='ocrx_word' id='word_1_670' title='bbox 2482 3334 2706 3389; x_wconf 79' lang='lat' dir='ltr'><strong>stultum</strong></span> <span class='ocrx_word' id='word_1_671' title='bbox 2757 3348 2890 3390; x_wconf 86' lang='lat' dir='ltr'><strong>sane</strong></span> <span class='ocrx_word' id='word_1_672' title='bbox 2940 3347 3062 3390; x_wconf 79' lang='lat' dir='ltr'><strong>esse</strong></span> <span class='ocrx_word' id='word_1_673' title='bbox 3105 3334 3172 3389; x_wconf 85' lang='lat' dir='ltr'><strong>iis</strong></span> <span class='ocrx_word' id='word_1_674' title='bbox 3225 3338 3498 3392; x_wconf 80' lang='lat' dir='ltr'><strong>adversari</strong></span> <span class='ocrx_word' id='word_1_675' title='bbox 3547 3338 3684 3396; x_wconf 85' lang='lat' dir='ltr'><strong>velle</strong></span> 
     </span>
    </p>
   </div>
   <div class='ocr_carea' id='block_1_87' title="bbox 2112 3423 3680 3502">
    <p class='ocr_par' dir='ltr' id='par_1_87' title="bbox 2112 3423 3680 3502">
     <span class='ocr_line' id='line_1_87' title="bbox 2112 3423 3680 3502; baseline 0.004 -22"><span class='ocrx_word' id='word_1_676' title='bbox 2112 3427 2201 3498; x_wconf 90' lang='lat' dir='ltr'><strong>qui</strong></span> <span class='ocrx_word' id='word_1_677' title='bbox 2221 3427 2350 3481; x_wconf 88' lang='lat' dir='ltr'><strong>nulli</strong></span> <span class='ocrx_word' id='word_1_678' title='bbox 2386 3435 2529 3491; x_wconf 89' lang='lat' dir='ltr'><strong>sunt,</strong></span> <span class='ocrx_word' id='word_1_679' title='bbox 2554 3435 2606 3482; x_wconf 89' lang='lat' dir='ltr'><strong>et</strong></span> <span class='ocrx_word' id='word_1_680' title='bbox 2631 3425 2825 3482; x_wconf 79' lang='lat' dir='ltr'><strong>frustra</strong></span> <span class='ocrx_word' id='word_1_681' title='bbox 2849 3427 3192 3494; x_wconf 81' lang='lat' dir='ltr'><strong>contendere,</strong></span> <span class='ocrx_word' id='word_1_682' title='bbox 3221 3427 3384 3498; x_wconf 90' lang='lat' dir='ltr'><strong>idque</strong></span> <span class='ocrx_word' id='word_1_683' title='bbox 3415 3423 3481 3486; x_wconf 86' lang='lat' dir='ltr'><strong>ad</strong></span> <span class='ocrx_word' id='word_1_684' title='bbox 3510 3446 3680 3502; x_wconf 83' lang='lat' dir='ltr'><strong>oppu-</strong></span> 
     </span>
    </p>
   </div>
   <div class='ocr_carea' id='block_1_88' title="bbox 2113 3519 3674 3594">
    <p class='ocr_par' dir='ltr' id='par_1_88' title="bbox 2113 3519 3674 3594">
     <span class='ocr_line' id='line_1_88' title="bbox 2113 3519 3674 3594; baseline 0.006 -23"><span class='ocrx_word' id='word_1_685' title='bbox 2113 3520 2383 3590; x_wconf 88' lang='lat' dir='ltr'><strong>gnandum</strong></span> <span class='ocrx_word' id='word_1_686' title='bbox 2417 3533 2631 3574; x_wconf 91' lang='lat' dir='ltr'><strong>sumere</strong></span> <span class='ocrx_word' id='word_1_687' title='bbox 2677 3519 2819 3590; x_wconf 89' lang='lat' dir='ltr'><strong>quod</strong></span> <span class='ocrx_word' id='word_1_688' title='bbox 2878 3519 3111 3576; x_wconf 79' lang='lat' dir='ltr'><strong>fortasse</strong></span> <span class='ocrx_word' id='word_1_689' title='bbox 3167 3522 3373 3577; x_wconf 88' lang='lat' dir='ltr'><strong>nemini</strong></span> <span class='ocrx_word' id='word_1_690' title='bbox 3436 3520 3674 3594; x_wconf 78' lang='lat' dir='ltr'><strong>unquam</strong></span> 
     </span>
    </p>
   </div>
   <div class='ocr_carea' id='block_1_89' title="bbox 2113 3611 3682 3684">
    <p class='ocr_par' dir='ltr' id='par_1_89' title="bbox 2113 3611 3682 3684">
     <span class='ocr_line' id='line_1_89' title="bbox 2113 3611 3682 3684; baseline 0.003 -20"><span class='ocrx_word' id='word_1_691' title='bbox 2113 3620 2206 3666; x_wconf 88' lang='lat' dir='ltr'><strong>aut</strong></span> <span class='ocrx_word' id='word_1_692' title='bbox 2227 3613 2451 3676; x_wconf 87' lang='lat' dir='ltr'><strong>sentire,</strong></span> <span class='ocrx_word' id='word_1_693' title='bbox 2487 3623 2581 3667; x_wconf 88' lang='lat' dir='ltr'><strong>aut</strong></span> <span class='ocrx_word' id='word_1_694' title='bbox 2609 3611 2786 3682; x_wconf 84' lang='lat' dir='ltr'><strong>eloqui</strong></span> <span class='ocrx_word' id='word_1_695' title='bbox 2845 3612 3019 3667; x_wconf 87' lang='lat' dir='ltr'><strong>visum</strong></span> <span class='ocrx_word' id='word_1_696' title='bbox 3051 3623 3155 3680; x_wconf 87' lang='lat' dir='ltr'><strong>est,</strong></span> <span class='ocrx_word' id='word_1_697' title='bbox 3185 3611 3534 3684; x_wconf 81' lang='lat' dir='ltr'><strong>perspicuum</strong></span> <span class='ocrx_word' id='word_1_698' title='bbox 3564 3629 3682 3671; x_wconf 84' lang='lat' dir='ltr'><strong>om-</strong></span> 
     </span>
    </p>
   </div>
   <div class='ocr_carea' id='block_1_90' title="bbox 2112 3693 3681 3772">
    <p class='ocr_par' dir='ltr' id='par_1_90' title="bbox 2112 3693 3681 3772">
     <span class='ocr_line' id='line_1_90' title="bbox 2112 3693 3681 3772; baseline 0.003 -15"><span class='ocrx_word' id='word_1_699' title='bbox 2112 3703 2271 3758; x_wconf 90' lang='lat' dir='ltr'><strong>nibus</strong></span> <span class='ocrx_word' id='word_1_700' title='bbox 2315 3693 2436 3758; x_wconf 79' lang='lat' dir='ltr'><strong>esse</strong></span> <span class='ocrx_word' id='word_1_701' title='bbox 2468 3702 2589 3772; x_wconf 85' lang='lat' dir='ltr'><strong>quis</strong></span> <span class='ocrx_word' id='word_1_702' title='bbox 2619 3701 2827 3772; x_wconf 84' lang='lat' dir='ltr'><strong>neget?</strong></span> <span class='ocrx_word' id='word_1_703' title='bbox 2859 3701 2994 3757; x_wconf 77' lang='lat' dir='ltr'><strong>Nam</strong></span> <span class='ocrx_word' id='word_1_704' title='bbox 3039 3704 3085 3758; x_wconf 88' lang='lat' dir='ltr'><strong>si</strong></span> <span class='ocrx_word' id='word_1_705' title='bbox 3119 3707 3243 3772; x_wconf 84' lang='lat' dir='ltr'><strong>quis</strong></span> <span class='ocrx_word' id='word_1_706' title='bbox 3288 3705 3418 3760; x_wconf 90' lang='lat' dir='ltr'><strong>velit</strong></span> <span class='ocrx_word' id='word_1_707' title='bbox 3456 3716 3681 3762; x_wconf 83' lang='lat' dir='ltr'><strong>conten-</strong></span> 
     </span>
    </p>
   </div>
   <div class='ocr_carea' id='block_1_91' title="bbox 2115 3791 3680 3864">
    <p class='ocr_par' dir='ltr' id='par_1_91' title="bbox 2115 3791 3680 3864">
     <span class='ocr_line' id='line_1_91' title="bbox 2115 3791 3680 3864; baseline 0.004 -19"><span class='ocrx_word' id='word_1_708' title='bbox 2115 3791 2256 3847; x_wconf 93' lang='lat' dir='ltr'><strong>tiose</strong></span> <span class='ocrx_word' id='word_1_709' title='bbox 2302 3791 2540 3846; x_wconf 84' lang='lat' dir='ltr'><strong>refutare</strong></span> <span class='ocrx_word' id='word_1_710' title='bbox 2568 3793 2760 3847; x_wconf 83' lang='lat' dir='ltr'><strong>bovem</strong></span> <span class='ocrx_word' id='word_1_711' title='bbox 2804 3805 2911 3846; x_wconf 87' lang='lat' dir='ltr'><strong>non</strong></span> <span class='ocrx_word' id='word_1_712' title='bbox 2961 3805 3084 3847; x_wconf 86' lang='lat' dir='ltr'><strong>esse</strong></span> <span class='ocrx_word' id='word_1_713' title='bbox 3127 3807 3193 3846; x_wconf 90' lang='lat' dir='ltr'><strong>ex</strong></span> <span class='ocrx_word' id='word_1_714' title='bbox 3228 3803 3418 3848; x_wconf 85' lang='lat' dir='ltr'><strong>natura</strong></span> <span class='ocrx_word' id='word_1_715' title='bbox 3457 3809 3680 3864; x_wconf 87' lang='lat' dir='ltr'><strong>equum,</strong></span> 
     </span>
    </p>
   </div>
   <div class='ocr_carea' id='block_1_92' title="bbox 2107 3867 3680 3951">
    <p class='ocr_par' dir='ltr' id='par_1_92' title="bbox 2107 3867 3680 3951">
     <span class='ocr_line' id='line_1_92' title="bbox 2107 3867 3680 3951; baseline 0.003 -15"><span class='ocrx_word' id='word_1_716' title='bbox 2107 3867 2286 3951; x_wconf 72' lang='lat' dir='ltr'><strong>hcque</strong></span> <span class='ocrx_word' id='word_1_717' title='bbox 2313 3882 2588 3936; x_wconf 88' lang='lat' dir='ltr'><strong>hominem</strong></span> <span class='ocrx_word' id='word_1_718' title='bbox 2645 3889 2864 3951; x_wconf 81' lang='lat' dir='ltr'><strong>equum,</strong></span> <span class='ocrx_word' id='word_1_719' title='bbox 2920 3882 3134 3937; x_wconf 89' lang='lat' dir='ltr'><strong>nemine</strong></span> <span class='ocrx_word' id='word_1_720' title='bbox 3174 3881 3228 3936; x_wconf 90' lang='lat' dir='ltr'><strong>id</strong></span> <span class='ocrx_word' id='word_1_721' title='bbox 3273 3884 3544 3940; x_wconf 89' lang='lat' dir='ltr'><strong>sentiente</strong></span> <span class='ocrx_word' id='word_1_722' title='bbox 3585 3896 3680 3940; x_wconf 84' lang='lat' dir='ltr'><strong>aut</strong></span> 
     </span>
    </p>
   </div>
   <div class='ocr_carea' id='block_1_93' title="bbox 2111 3971 3681 4047">
    <p class='ocr_par' dir='ltr' id='par_1_93' title="bbox 2111 3971 3681 4047">
     <span class='ocr_line' id='line_1_93' title="bbox 2111 3971 3681 4047; baseline 0.006 -21"><span class='ocrx_word' id='word_1_723' title='bbox 2111 3973 2342 4038; x_wconf 82' lang='lat' dir='ltr'><strong>dicente,</strong></span> <span class='ocrx_word' id='word_1_724' title='bbox 2378 3988 2558 4028; x_wconf 88' lang='lat' dir='ltr'><strong>nonne</strong></span> <span class='ocrx_word' id='word_1_725' title='bbox 2603 3973 2674 4028; x_wconf 91' lang='lat' dir='ltr'><strong>sit</strong></span> <span class='ocrx_word' id='word_1_726' title='bbox 2709 3973 2989 4040; x_wconf 84' lang='lat' dir='ltr'><strong>ridiculus,</strong></span> <span class='ocrx_word' id='word_1_727' title='bbox 3043 3984 3098 4029; x_wconf 90' lang='lat' dir='ltr'><strong>et</strong></span> <span class='ocrx_word' id='word_1_728' title='bbox 3147 3971 3408 4046; x_wconf 68' lang='lat' dir='ltr'><strong>praeterea</strong></span> <span class='ocrx_word' id='word_1_729' title='bbox 3452 3991 3681 4047; x_wconf 77' lang='lat' dir='ltr'><strong>nugator</strong></span> 
     </span>
    </p>
   </div>
   <div class='ocr_carea' id='block_1_94' title="bbox 2112 4065 3671 4137">
    <p class='ocr_par' dir='ltr' id='par_1_94' title="bbox 2112 4065 3671 4137">
     <span class='ocr_line' id='line_1_94' title="bbox 2112 4065 3671 4137; baseline 0.005 -20"><span class='ocrx_word' id='word_1_730' title='bbox 2112 4079 2300 4128; x_wconf 88' lang='lat' dir='ltr'><strong>vanus,</strong></span> <span class='ocrx_word' id='word_1_731' title='bbox 2333 4077 2512 4118; x_wconf 84' lang='lat' dir='ltr'><strong>aerem</strong></span> <span class='ocrx_word' id='word_1_732' title='bbox 2572 4065 2888 4129; x_wconf 85' lang='lat' dir='ltr'><strong>verberans,</strong></span> <span class='ocrx_word' id='word_1_733' title='bbox 2925 4075 2981 4122; x_wconf 91' lang='lat' dir='ltr'><strong>et</strong></span> <span class='ocrx_word' id='word_1_734' title='bbox 3017 4081 3259 4136; x_wconf 77' lang='lat' dir='ltr'><strong>pugnans</strong></span> <span class='ocrx_word' id='word_1_735' title='bbox 3299 4068 3352 4122; x_wconf 93' lang='lat' dir='ltr'><strong>in</strong></span> <span class='ocrx_word' id='word_1_736' title='bbox 3382 4069 3671 4137; x_wconf 90' lang='lat' dir='ltr'><strong>incertum,</strong></span> 
     </span>
    </p>
   </div>
   <div class='ocr_carea' id='block_1_95' title="bbox 2111 4157 3678 4226">
    <p class='ocr_par' dir='ltr' id='par_1_95' title="bbox 2111 4157 3678 4226">
     <span class='ocr_line' id='line_1_95' title="bbox 2111 4157 3678 4226; baseline 0.004 -14"><span class='ocrx_word' id='word_1_737' title='bbox 2111 4169 2166 4212; x_wconf 90' lang='lat' dir='ltr'><strong>et</strong></span> <span class='ocrx_word' id='word_1_738' title='bbox 2193 4157 2336 4212; x_wconf 86' lang='lat' dir='ltr'><strong>nulla</strong></span> <span class='ocrx_word' id='word_1_739' title='bbox 2402 4171 2461 4210; x_wconf 89' lang='lat' dir='ltr'><strong>re</strong></span> <span class='ocrx_word' id='word_1_740' title='bbox 2516 4157 2790 4226; x_wconf 85' lang='lat' dir='ltr'><strong>proposita</strong></span> <span class='ocrx_word' id='word_1_741' title='bbox 2846 4157 2950 4212; x_wconf 83' lang='lat' dir='ltr'><strong>sibi</strong></span> <span class='ocrx_word' id='word_1_742' title='bbox 3003 4158 3283 4215; x_wconf 83' lang='lat' dir='ltr'><strong>molestias</strong></span> <span class='ocrx_word' id='word_1_743' title='bbox 3339 4174 3404 4216; x_wconf 88' lang='lat' dir='ltr'><strong>ac</strong></span> <span class='ocrx_word' id='word_1_744' title='bbox 3461 4162 3678 4218; x_wconf 89' lang='lat' dir='ltr'><strong>labores</strong></span> 
     </span>
    </p>
   </div>
   <div class='ocr_carea' id='block_1_96' title="bbox 2112 4245 3680 4322">
    <p class='ocr_par' dir='ltr' id='par_1_96' title="bbox 2112 4245 3680 4322">
     <span class='ocr_line' id='line_1_96' title="bbox 2112 4245 3680 4322; baseline 0.006 -22"><span class='ocrx_word' id='word_1_745' title='bbox 2112 4261 2390 4302; x_wconf 88' lang='lat' dir='ltr'><strong>assumens</strong></span> <span class='ocrx_word' id='word_1_746' title='bbox 2415 4247 2438 4301; x_wconf 85' lang='lat'><strong>?</strong></span> <span class='ocrx_word' id='word_1_747' title='bbox 2462 4245 2722 4316; x_wconf 90' lang='lat' dir='ltr'><strong>Oportere</strong></span> <span class='ocrx_word' id='word_1_748' title='bbox 2744 4249 2885 4303; x_wconf 90' lang='lat' dir='ltr'><strong>enim</strong></span> <span class='ocrx_word' id='word_1_749' title='bbox 2913 4249 3160 4319; x_wconf 86' lang='lat' dir='ltr'><strong>equidem</strong></span> <span class='ocrx_word' id='word_1_750' title='bbox 3196 4259 3347 4320; x_wconf 92' lang='lat' dir='ltr'><strong>puto,</strong></span> <span class='ocrx_word' id='word_1_751' title='bbox 3382 4252 3532 4321; x_wconf 83' lang='lat' dir='ltr'><strong>prius</strong></span> <span class='ocrx_word' id='word_1_752' title='bbox 3559 4267 3680 4322; x_wconf 88' lang='lat' dir='ltr'><strong>pro-</strong></span> 
     </span>
    </p>
   </div>
   <div class='ocr_carea' id='block_1_97' title="bbox 2113 4338 3678 4410">
    <p class='ocr_par' dir='ltr' id='par_1_97' title="bbox 2113 4338 3678 4410">
     <span class='ocr_line' id='line_1_97' title="bbox 2113 4338 3678 4410; baseline 0.004 -17"><span class='ocrx_word' id='word_1_753' title='bbox 2113 4339 2347 4408; x_wconf 86' lang='lat' dir='ltr'><strong>positum</strong></span> <span class='ocrx_word' id='word_1_754' title='bbox 2398 4353 2519 4394; x_wconf 89' lang='lat' dir='ltr'><strong>esse</strong></span> <span class='ocrx_word' id='word_1_755' title='bbox 2576 4338 2777 4410; x_wconf 88' lang='lat' dir='ltr'><strong>aliquid</strong></span> <span class='ocrx_word' id='word_1_756' title='bbox 2809 4341 2862 4396; x_wconf 92' lang='lat' dir='ltr'><strong>in</strong></span> <span class='ocrx_word' id='word_1_757' title='bbox 2889 4340 3162 4408; x_wconf 86' lang='lat' dir='ltr'><strong>confesso,</strong></span> <span class='ocrx_word' id='word_1_758' title='bbox 3217 4351 3276 4398; x_wconf 94' lang='lat' dir='ltr'><strong>ut</strong></span> <span class='ocrx_word' id='word_1_759' title='bbox 3331 4343 3437 4399; x_wconf 89' lang='lat' dir='ltr'><strong>rite</strong></span> <span class='ocrx_word' id='word_1_760' title='bbox 3497 4354 3607 4398; x_wconf 90' lang='lat' dir='ltr'><strong>tum</strong></span> <span class='ocrx_word' id='word_1_761' title='bbox 3646 4359 3678 4399; x_wconf 87' lang='lat' dir='ltr'><strong>a</strong></span> 
     </span>
    </p>
   </div>
   <div class='ocr_carea' id='block_1_98' title="bbox 2117 4428 3681 4503">
    <p class='ocr_par' dir='ltr' id='par_1_98' title="bbox 2117 4428 3681 4503">
     <span class='ocr_line' id='line_1_98' title="bbox 2117 4428 3681 4503; baseline 0.005 -21"><span class='ocrx_word' id='word_1_762' title='bbox 2117 4429 2270 4483; x_wconf 89' lang='lat' dir='ltr'><strong>uobis</strong></span> <span class='ocrx_word' id='word_1_763' title='bbox 2331 4428 2585 4484; x_wconf 89' lang='lat' dir='ltr'><strong>refutatio</strong></span> <span class='ocrx_word' id='word_1_764' title='bbox 2668 4432 3470 4503; x_wconf 80' lang='lat' dir='ltr'><strong>subjungatur;verumtamen</strong></span> <span class='ocrx_word' id='word_1_765' title='bbox 3549 4434 3681 4490; x_wconf 89' lang='lat' dir='ltr'><strong>illud</strong></span> 
     </span>
    </p>
   </div>
   <div class='ocr_carea' id='block_1_99' title="bbox 2113 4520 3678 4595">
    <p class='ocr_par' dir='ltr' id='par_1_99' title="bbox 2113 4520 3678 4595">
     <span class='ocr_line' id='line_1_99' title="bbox 2113 4520 3678 4595; baseline 0.005 -22"><span class='ocrx_word' id='word_1_766' title='bbox 2113 4520 2398 4574; x_wconf 89' lang='lat' dir='ltr'><strong>dicendum</strong></span> <span class='ocrx_word' id='word_1_767' title='bbox 2462 4522 2677 4576; x_wconf 86' lang='lat' dir='ltr'><strong>videtur</strong></span> <span class='ocrx_word' id='word_1_768' title='bbox 2708 4541 2721 4576; x_wconf 93' lang='lat'>:</span> <span class='ocrx_word' id='word_1_769' title='bbox 2753 4525 2877 4578; x_wconf 80' lang='lat' dir='ltr'><strong>nam</strong></span> <span class='ocrx_word' id='word_1_770' title='bbox 2913 4523 2959 4579; x_wconf 87' lang='lat' dir='ltr'><strong>si</strong></span> <span class='ocrx_word' id='word_1_771' title='bbox 2983 4533 3127 4580; x_wconf 85' lang='lat' dir='ltr'><strong>esset</strong></span> <span class='ocrx_word' id='word_1_772' title='bbox 3158 4525 3248 4595; x_wconf 91' lang='lat' dir='ltr'><strong>qui</strong></span> <span class='ocrx_word' id='word_1_773' title='bbox 3285 4525 3470 4581; x_wconf 84' lang='lat' dir='ltr'><strong>dicere</strong></span> <span class='ocrx_word' id='word_1_774' title='bbox 3509 4528 3678 4581; x_wconf 79' lang='lat' dir='ltr'><strong>aude-</strong></span> 
     </span>
    </p>
   </div>
   <div class='ocr_carea' id='block_1_100' title="bbox 2113 4610 3681 4685">
    <p class='ocr_par' dir='ltr' id='par_1_100' title="bbox 2113 4610 3681 4685">
     <span class='ocr_line' id='line_1_100' title="bbox 2113 4610 3681 4685; baseline 0.004 -19"><span class='ocrx_word' id='word_1_775' title='bbox 2113 4619 2215 4676; x_wconf 90' lang='lat' dir='ltr'><strong>ret,</strong></span> <span class='ocrx_word' id='word_1_776' title='bbox 2246 4612 2416 4682; x_wconf 89' lang='lat' dir='ltr'><strong>ipsum</strong></span> <span class='ocrx_word' id='word_1_777' title='bbox 2444 4610 2540 4668; x_wconf 86' lang='lat' dir='ltr'><strong>Dei</strong></span> <span class='ocrx_word' id='word_1_778' title='bbox 2579 4611 2816 4670; x_wconf 84' lang='lat' dir='ltr'><strong>Verbum</strong></span> <span class='ocrx_word' id='word_1_779' title='bbox 2869 4616 2922 4670; x_wconf 91' lang='lat' dir='ltr'><strong>in</strong></span> <span class='ocrx_word' id='word_1_780' title='bbox 2979 4617 3224 4685; x_wconf 84' lang='lat' dir='ltr'><strong>corporis</strong></span> <span class='ocrx_word' id='word_1_781' title='bbox 3276 4625 3522 4672; x_wconf 86' lang='lat' dir='ltr'><strong>naturam</strong></span> <span class='ocrx_word' id='word_1_782' title='bbox 3557 4632 3681 4673; x_wconf 89' lang='lat' dir='ltr'><strong>esse</strong></span> 
     </span>
    </p>
   </div>
   <div class='ocr_carea' id='block_1_101' title="bbox 2113 4707 3679 4779">
    <p class='ocr_par' dir='ltr' id='par_1_101' title="bbox 2113 4707 3679 4779">
     <span class='ocr_line' id='line_1_101' title="bbox 2113 4707 3679 4779; baseline 0.001 -19"><span class='ocrx_word' id='word_1_783' title='bbox 2113 4715 2400 4771; x_wconf 88' lang='lat' dir='ltr'><strong>mutatum,</strong></span> <span class='ocrx_word' id='word_1_784' title='bbox 2433 4715 2712 4762; x_wconf 87' lang='lat' dir='ltr'><strong>accusaret</strong></span> <span class='ocrx_word' id='word_1_785' title='bbox 2733 4707 3016 4777; x_wconf 85' lang='lat' dir='ltr'><strong>quispiam,</strong></span> <span class='ocrx_word' id='word_1_786' title='bbox 3047 4719 3102 4764; x_wconf 90' lang='lat' dir='ltr'><strong>et</strong></span> <span class='ocrx_word' id='word_1_787' title='bbox 3128 4709 3502 4779; x_wconf 78' lang='lat' dir='ltr'><strong>quidemj&#39;ure,</strong></span> <span class='ocrx_word' id='word_1_788' title='bbox 3535 4709 3679 4778; x_wconf 83' lang='lat' dir='ltr'><strong>quod</strong></span> 
     </span>
    </p>
   </div>
   <div class='ocr_carea' id='block_1_102' title="bbox 2117 4797 3680 4868">
    <p class='ocr_par' dir='ltr' id='par_1_102' title="bbox 2117 4797 3680 4868">
     <span class='ocr_line' id='line_1_102' title="bbox 2117 4797 3680 4868; baseline 0 -16"><span class='ocrx_word' id='word_1_789' title='bbox 2117 4811 2224 4852; x_wconf 89' lang='lat' dir='ltr'><strong>non</strong></span> <span class='ocrx_word' id='word_1_790' title='bbox 2261 4798 2487 4853; x_wconf 89' lang='lat' dir='ltr'><strong>dixisset</strong></span> <span class='ocrx_word' id='word_1_791' title='bbox 2525 4813 2644 4853; x_wconf 89' lang='lat' dir='ltr'><strong>cum</strong></span> <span class='ocrx_word' id='word_1_792' title='bbox 2701 4812 2899 4866; x_wconf 89' lang='lat' dir='ltr'><strong>corpus</strong></span> <span class='ocrx_word' id='word_1_793' title='bbox 2945 4799 3098 4854; x_wconf 86' lang='lat' dir='ltr'><strong>daret</strong></span> <span class='ocrx_word' id='word_1_794' title='bbox 3129 4815 3142 4852; x_wconf 93' lang='lat'><strong>:</strong></span> <span class='ocrx_word' id='word_1_795' title='bbox 3172 4799 3431 4868; x_wconf 85' lang='lat' dir='ltr'><strong>Accipite,</strong></span> <span class='ocrx_word' id='word_1_796' title='bbox 3454 4797 3680 4853; x_wconf 87' lang='lat' dir='ltr'><strong>mandu-</strong></span> 
     </span>
    </p>
   </div>
   <div class='ocr_carea' id='block_1_103' title="bbox 2112 4886 3681 4958">
    <p class='ocr_par' dir='ltr' id='par_1_103' title="bbox 2112 4886 3681 4958">
     <span class='ocr_line' id='line_1_103' title="bbox 2112 4886 3681 4958; baseline -0.003 -14"><span class='ocrx_word' id='word_1_797' title='bbox 2112 4897 2254 4954; x_wconf 78' lang='lat' dir='ltr'><strong>cate,</strong></span> <span class='ocrx_word' id='word_1_798' title='bbox 2277 4889 2379 4943; x_wconf 91' lang='lat' dir='ltr'><strong>hoc</strong></span> <span class='ocrx_word' id='word_1_799' title='bbox 2407 4898 2489 4944; x_wconf 89' lang='lat' dir='ltr'><strong>est</strong></span> <span class='ocrx_word' id='word_1_800' title='bbox 2518 4903 2633 4943; x_wconf 87' lang='lat' dir='ltr'><strong>mea</strong></span> <span class='ocrx_word' id='word_1_801' title='bbox 2676 4887 2934 4943; x_wconf 88' lang='lat' dir='ltr'><strong>divinitas</strong></span> <span class='ocrx_word' id='word_1_802' title='bbox 2967 4901 3088 4958; x_wconf 68' lang='lat' dir='ltr'><strong>qua:</strong></span> <span class='ocrx_word' id='word_1_803' title='bbox 3152 4901 3252 4957; x_wconf 86' lang='lat' dir='ltr'><strong>pro</strong></span> <span class='ocrx_word' id='word_1_804' title='bbox 3282 4887 3436 4942; x_wconf 83' lang='lat' dir='ltr'><strong>vobis</strong></span> <span class='ocrx_word' id='word_1_805' title='bbox 3477 4886 3681 4958; x_wconf 79' lang='lat' dir='ltr'><strong>frangi-</strong></span> 
     </span>
    </p>
   </div>
   <div class='ocr_carea' id='block_1_104' title="bbox 2118 4967 3680 5048">
    <p class='ocr_par' dir='ltr' id='par_1_104' title="bbox 2118 4967 3680 5048">
     <span class='ocr_line' id='line_1_104' title="bbox 2118 4967 3680 5048; baseline -0.001 -16"><span class='ocrx_word' id='word_1_806' title='bbox 2118 4990 2222 5044; x_wconf 90' lang='lat' dir='ltr'><strong>tur,</strong></span> <span class='ocrx_word' id='word_1_807' title='bbox 2256 4980 2427 5035; x_wconf 85' lang='lat' dir='ltr'><strong>etltoc</strong></span> <span class='ocrx_word' id='word_1_808' title='bbox 2448 4988 2664 5034; x_wconf 85' lang='lat' dir='ltr'><strong>estnon</strong></span> <span class='ocrx_word' id='word_1_809' title='bbox 2690 4979 2910 5048; x_wconf 75' lang='lat' dir='ltr'><strong>sanguis</strong></span> <span class='ocrx_word' id='word_1_810' title='bbox 2951 4991 3126 5042; x_wconf 87' lang='lat' dir='ltr'><strong>meus,</strong></span> <span class='ocrx_word' id='word_1_811' title='bbox 3160 4977 3252 5032; x_wconf 84' lang='lat' dir='ltr'><strong>sed</strong></span> <span class='ocrx_word' id='word_1_812' title='bbox 3274 4967 3530 5031; x_wconf 72' lang='lat' dir='ltr'><strong>divinitas</strong></span> <span class='ocrx_word' id='word_1_813' title='bbox 3558 4991 3680 5045; x_wconf 69' lang='lat' dir='ltr'><strong>qua</strong></span> 
     </span>
    </p>
   </div>
   <div class='ocr_carea' id='block_1_105' title="bbox 2115 5065 3682 5140">
    <p class='ocr_par' dir='ltr' id='par_1_105' title="bbox 2115 5065 3682 5140">
     <span class='ocr_line' id='line_1_105' title="bbox 2115 5065 3682 5140; baseline -0.003 -16"><span class='ocrx_word' id='word_1_814' title='bbox 2115 5084 2212 5140; x_wconf 86' lang='lat' dir='ltr'><strong>pro</strong></span> <span class='ocrx_word' id='word_1_815' title='bbox 2265 5069 2418 5124; x_wconf 86' lang='lat' dir='ltr'><strong>vobis</strong></span> <span class='ocrx_word' id='word_1_816' title='bbox 2479 5067 2772 5125; x_wconf 81' lang='lat' dir='ltr'><strong>eﬂ‘unditur</strong></span> <span class='ocrx_word' id='word_1_817' title='bbox 2800 5085 2812 5121; x_wconf 91' lang='lat'><strong>:</strong></span> <span class='ocrx_word' id='word_1_818' title='bbox 2840 5082 2982 5122; x_wconf 89' lang='lat' dir='ltr'><strong>nunc</strong></span> <span class='ocrx_word' id='word_1_819' title='bbox 3024 5080 3154 5121; x_wconf 89' lang='lat' dir='ltr'><strong>vero</strong></span> <span class='ocrx_word' id='word_1_820' title='bbox 3189 5081 3310 5122; x_wconf 90' lang='lat' dir='ltr'><strong>cum</strong></span> <span class='ocrx_word' id='word_1_821' title='bbox 3342 5065 3514 5135; x_wconf 88' lang='lat' dir='ltr'><strong>ipsum</strong></span> <span class='ocrx_word' id='word_1_822' title='bbox 3545 5065 3682 5120; x_wconf 75' lang='lat' dir='ltr'><strong>Ver-</strong></span> 
     </span>
    </p>
   </div>
   <div class='ocr_carea' id='block_1_106' title="bbox 2116 5157 3680 5230">
    <p class='ocr_par' dir='ltr' id='par_1_106' title="bbox 2116 5157 3680 5230">
     <span class='ocr_line' id='line_1_106' title="bbox 2116 5157 3680 5230; baseline 0.001 -16"><span class='ocrx_word' id='word_1_823' title='bbox 2116 5161 2263 5225; x_wconf 90' lang='lat' dir='ltr'><strong>bum,</strong></span> <span class='ocrx_word' id='word_1_824' title='bbox 2300 5162 2442 5230; x_wconf 90' lang='lat' dir='ltr'><strong>quod</strong></span> <span class='ocrx_word' id='word_1_825' title='bbox 2483 5161 2622 5215; x_wconf 88' lang='lat' dir='ltr'><strong>Deus</strong></span> <span class='ocrx_word' id='word_1_826' title='bbox 2648 5168 2785 5222; x_wconf 85' lang='lat' dir='ltr'><strong>erat,</strong></span> <span class='ocrx_word' id='word_1_827' title='bbox 2815 5159 3090 5228; x_wconf 86' lang='lat' dir='ltr'><strong>proprium</strong></span> <span class='ocrx_word' id='word_1_828' title='bbox 3128 5157 3234 5212; x_wconf 89' lang='lat' dir='ltr'><strong>sibi</strong></span> <span class='ocrx_word' id='word_1_829' title='bbox 3278 5159 3470 5213; x_wconf 88' lang='lat' dir='ltr'><strong>fecerit</strong></span> <span class='ocrx_word' id='word_1_830' title='bbox 3520 5157 3680 5228; x_wconf 73' lang='lat'><strong>119</strong></span> 
     </span>
    </p>
   </div>
   <div class='ocr_carea' id='block_1_107' title="bbox 2115 5248 3682 5320">
    <p class='ocr_par' dir='ltr' id='par_1_107' title="bbox 2115 5248 3682 5320">
     <span class='ocr_line' id='line_1_107' title="bbox 2115 5248 3682 5320; baseline 0.001 -16"><span class='ocrx_word' id='word_1_831' title='bbox 2115 5266 2311 5320; x_wconf 88' lang='lat' dir='ltr'><strong>corpus</strong></span> <span class='ocrx_word' id='word_1_832' title='bbox 2343 5248 2611 5306; x_wconf 77' lang='lat' dir='ltr'><strong>tiatumex</strong></span> <span class='ocrx_word' id='word_1_833' title='bbox 2658 5249 2903 5316; x_wconf 87' lang='lat' dir='ltr'><strong>muliere,</strong></span> <span class='ocrx_word' id='word_1_834' title='bbox 2945 5261 3120 5320; x_wconf 86' lang='lat' dir='ltr'><strong>neque</strong></span> <span class='ocrx_word' id='word_1_835' title='bbox 3149 5250 3309 5306; x_wconf 88' lang='lat' dir='ltr'><strong>ullam</strong></span> <span class='ocrx_word' id='word_1_836' title='bbox 3351 5261 3442 5306; x_wconf 86' lang='lat' dir='ltr'><strong>aut</strong></span> <span class='ocrx_word' id='word_1_837' title='bbox 3480 5250 3682 5308; x_wconf 82' lang='lat' dir='ltr'><strong>altera-</strong></span> 
     </span>
    </p>
   </div>
   <div class='ocr_carea' id='block_1_108' title="bbox 1692 5555 2431 5612">
    <p class='ocr_par' dir='ltr' id='par_1_108' title="bbox 1692 5555 2431 5612">
     <span class='ocr_line' id='line_1_108' title="bbox 1692 5555 2431 5612; baseline -0.003 -2"><span class='ocrx_word' id='word_1_838' title='bbox 1692 5557 1850 5612; x_wconf 73' lang='lat' dir='ltr'><strong>ANT.</strong></span> <span class='ocrx_word' id='word_1_839' title='bbox 1896 5555 2163 5612; x_wconf 71' lang='lat' dir='ltr'><strong>AGl&#39;LLLll</strong></span> <span class='ocrx_word' id='word_1_840' title='bbox 2204 5555 2431 5612; x_wconf 65' lang='lat' dir='ltr'><strong>NOTAL.</strong></span> 
     </span>
    </p>
   </div>
   <div class='ocr_carea' id='block_1_109' title="bbox 515 5711 1758 5786">
    <p class='ocr_par' dir='ltr' id='par_1_109' title="bbox 515 5711 1758 5786">
     <span class='ocr_line' id='line_1_109' title="bbox 515 5711 1758 5786; baseline 0.002 -22"><span class='ocrx_word' id='word_1_841' title='bbox 515 5712 621 5783; x_wconf 77' lang='lat'><strong>(3|)</strong></span> <span class='ocrx_word' id='word_1_842' title='bbox 647 5711 962 5786; x_wconf 62' lang='lat' dir='ltr'><strong>Pratpositio</strong></span> <span class='ocrx_word' id='word_1_843' title='bbox 994 5713 1132 5766; x_wconf 83' lang='grc' dir='ltr'><strong>κατά</strong></span> <span class='ocrx_word' id='word_1_844' title='bbox 1171 5715 1379 5767; x_wconf 81' lang='lat' dir='ltr'><strong>videtur</strong></span> <span class='ocrx_word' id='word_1_845' title='bbox 1408 5727 1758 5782; x_wconf 78' lang='lat' dir='ltr'><strong>supervacua.</strong></span> 
     </span>
    </p>
   </div>
  </div>
