4002 6192
344 344 448 399 νοτ

1335 339 1392 394 S.
1434 338 1698 394 CYRILLI
1739 340 2202 397 ALEXANDRINI
2242 343 2558 398 ARCHIEP.
2637 384 2648 395 ς

3478 348 3583 404 ΞΟΒ

349 461 569 521 tionem,
603 465 696 509 ant
744 455 1098 510 mutationem
1145 455 1446 526 pertulerit,
1500 458 1770 526 quomodo
1811 469 1917 513 non‘

2020 460 2168 529 ἡμᾶς
2211 461 2273 513 οὺ
2322 432 2722 529 ψευδοεποῦντα
2778 460 2974 530 λέγειν,
3005 463 3085 517 ὅτι
3129 465 3176 514 t‘
3205 463 3436 528 Λάϐετε,
3488 467 3586 534 φά·-

346 562 557 618 :eqnum
636 546 737 600 fuit
801 546 920 600 sine
977 546 1085 601 ullo
1143 548 1420 602 mendacio
1472 548 1626 603 nobis
1683 550 1914 604 dicere:

351 655 371 688 ‹
401 637 664 706 Accipite,
695 638 984 703 comedite,
1010 639 1113 693 hoc
1138 647 1220 693 est
1249 655 1447 708 corpus
1477 655 1653 694 meum
1680 641 1703 694 ?
1735 659 1752 692 ι
1780 639 1914 696 Cum

348 738 526 782 autem
587 737 732 782 esset
781 727 892 781 vita
935 736 1190 797 tanquam
1243 728 1406 793 Deus,
1440 731 1603 783 vitam
1641 729 1801 783 simul
1861 739 1918 785 et

346 819 616 871 viviﬁcum
650 818 781 871 illttd
829 817 1027 872 eﬂ'ecit.
1078 817 1249 886 Igitur
1272 817 1318 872 si
1354 818 1629 889 paululum
1675 820 1742 873 ad
1775 818 1917 873 veri-

349 917 515 962 tatem
536 906 835 976 aspexeris,
858 917 911 962 te
939 908 1054 976 ipse
1090 911 1156 962 de
1190 909 1625 978 supervacuitate
1649 911 1917 965 sermonis

347 997 646 1063 accusabis,
727 1012 853 1052 cum
923 999 1122 1068 ubique
1193 1003 1434 1070 nngeris,
1511 1010 1565 1055 et
1629 994 1914 1055 adversum

348 1090 597 1160 dogmata
626 1090 843 1159 pietatis
874 1101 1021 1144 tuum
1049 1092 1191 1146 hunc
1213 1092 1574 1146 adulteratum
1607 1092 1916 1148 molestum-

347 1195 452 1249 qne
476 1196 779 1236 sermonem
831 1182 1204 1252 imprudenter
1242 1197 1503 1253 opponas.

607 1314 846 1401 TOM
873 1315 1008 1402 US
1083 1316 1654 1420 QUINTUS.

417 1461 692 1516 Gloriatur
745 1462 936 1516 beatus
965 1460 1164 1516 Paulus
1195 1461 1262 1516 de
1291 1461 1492 1516 Christi
1553 1463 1916 1532 passiuuibus,

346 1563 401 1607 et
432 1554 508 1606 ait
560 1566 703 1606 nunc
743 1552 957 1620 quidem
987 1570 1001 1606 :
1034 1569 1052 1603 ι
1091 1551 1219 1606 Mihi
1247 1553 1390 1608 absit
1439 1553 1684 1624 gloriari,
1726 1557 1828 1612 nisi
1861 1557 1917 1612 in

347 1659 510 1699 cruce
535 1643 758 1710 Christi,
797 1658 891 1713 per
932 1658 1090 1712 quem
1159 1645 1290 1698 mihi
1337 1645 1569 1700 mundus
1628 1647 1920 1705 crucifixus

347 1746 528 1803 est,ct
549 1751 649 1806 ego
680 1739 878 1790 mundo
917 1737 997 1803 ‘7;
1038 1755 1058 1788 ›
1087 1751 1227 1791 nunc
1270 1751 1457 1792 rursus
1487 1756 1500 1794 :
1536 1757 1555 1790 ι
1613 1737 1730 1794 Non
1772 1741 1914 1810 enim

347 1831 606 1884 erubesco
641 1827 1029 1898 Evangelium;
1058 1828 1230 1884 virtus
1256 1831 1398 1883 enim
1443 1831 1534 1885 Dei
1579 1841 1663 1886 est
1692 1832 1744 1886 in
1773 1832 1918 1886 salu—
1948 1805 1989 1859 Β

351 1930 454 1973 tem
506 1919 650 1974 omni
694 1919 962 1984 credenti,
997 1916 1184 1974 ludam
1241 1921 1468 1989 primum
1491 1932 1545 1975 et
1573 1922 1762 1977 Graeco
1792 1921 1856 1977 ⁸⁸.
1891 1941 1912 1975 ι

347 2011 521 2081 Atque
556 2012 608 2066 in
639 2013 781 2066 hunc
821 2013 1037 2066 modum
1082 2011 1172 2066 ille
1202 2013 1286 2066 vir
1325 2011 1528 2082 Spiritu
1582 2013 1673 2069 Dei
1723 2014 1917 2084 plenus

347 2118 401 2158 et
425 2105 523 2158 sibi
555 2103 895 2159 sentiendum
930 2105 1207 2169 censebat,
1233 2111 1288 2160 et
1315 2113 1543 2160 cmteros
1570 2106 1911 2163 imbuendos.

347 2193 534 2264 Neque
582 2193 728 2248 enim
784 2194 900 2249 haec
951 2193 1156 2249 frustra
1209 2196 1451 2265 scripsit.
1506 2197 1599 2251 sed
1655 2207 1711 2252 ut
1759 2199 1916 2254 nobis

348 2285 722 2355 persuaderet,
769 2294 826 2339 ut
858 2285 1231 2354 integritatem
1257 2287 1376 2358 ejus
1420 2302 1539 2357 quae
1583 2288 1636 2342 in
1681 2288 1773 2343 illo
1802 2301 1920 2346 erat

350 2376 470 2427 litlci
529 2374 809 2428 studentes
865 2374 1132 2440 aemulari,
1189 2375 1256 2431 de
1327 2375 1528 2430 Christi
1577 2378 1920 2446 passionibus

347 2466 657 2536 gloriemur.
681 2464 787 2519 Sed
817 2463 1058 2518 nonnulli
1085 2465 1149 2519 de
1166 2480 1328 2520 cruce
1349 2464 1550 2520 Christi
1567 2468 1915 2534 erubescunt,

348 2567 402 2613 et
429 2557 741 2612 doctoribus
769 2556 859 2625 qui
896 2569 992 2624 per
1013 2556 1198 2611 orbem
1252 2566 1520 2612 terrarum
1563 2560 1915 2626 exstiterunt,

347 2653 472 2721 quia
526 2649 800 2705 contraria
845 2649 1055 2703 sentire
1101 2647 1328 2714 malunt,
1375 2649 1536 2720 impie
1588 2650 1917 2717 resistendo,

346 2743 550 2799 Christi
599 2735 878 2812 passiones
922 2739 1310 2810 pr0pemodum
1365 2738 1597 2796 irrident
1627 2742 1834 2807 miseri,
1863 2752 1918 2797 et

347 2837 675 2890 erubescunt
699 2832 903 2888 Christi
950 2830 1328 2901 Evangelium,
1365 2845 1486 2886 cum
1517 2832 1738 2888 Iudaica
1778 2834 1914 2887 stul-

350 2927 464 2980 titia
498 2926 772 2988 laborent,
822 2933 876 2978 et
917 2921 1024 2976 illis
1055 2921 1196 2975 nulla
1241 2937 1308 2976 ex
1337 2931 1494 2992 parte
1542 2924 1653 2978 sint
1702 2924 1917 2978 inscitia

348 3017 657 3072 inferiores.
713 3014 858 3070 Crux
915 3028 1147 3082 namque
1215 3013 1512 3069 Salvatoris
1585 3014 1754 3069 nostri
1809 3013 1916 3069 illis

2020 567 2166 617 γετε,
2213 550 2373 603 τοῦτό
2402 547 2502 622 μού
2538 551 2652 602 ἐστι
2679 551 2739 603 τὸ
2773 551 2963 622 σῶμα;
2993 572 3022 604 J
3059 553 3181 624 Ζωὴ
3226 554 3283 607 δὲ
3327 554 3590 627 ὑπάρχων

2017 641 2092 704 ὼς
2130 640 2281 705 Θεὸς,
2313 640 2458 712 ζωὴν
2487 642 2580 694 καὶ
2623 640 2887 706 ζωοποιὸν
2913 644 3194 715 ἀπέφηνεν
3219 646 3370 699 αὐτό.
3401 647 3587 717 Βραχὺ

2015 734 2307 805 τοιγαροῦν
2351 733 2637 803 ἀναμύσας
2684 734 2822 806 πρὸς
2853 735 2912 788 τὸ
2959 737 3178 807 ἀληθὲς,
3230 738 3384 802 αύτδ,
3410 734 3590 808 οἶμαι,

2018 824 2160 878 κατὰ
2212 823 2436 877 σεαυτοῦ
2485 825 2546 877 τὸ
2602 825 2852 896 περιττὸν
2898 829 2978 892 είς
3032 828 3224 895 λόγους
3286 829 3588 899 καθοριείς,

2021 914 2356 993 βατταρίζων
2420 915 2729 986 πανταχοῦ,
2796 918 2891 970 καὶ
2962 921 3076 983 τοῖς
3144 922 3246 990 τῆς
3307 919 3592 982 εὐσεῦείας

2017 1007 2286 1078 δόγμασιν
2320 1008 2595 1072 ἀσυνέτως
2619 1010 2944 1075 ἁντανιστὰς
2978 1012 3070 1065 τὸν
3106 1014 3436 1085 παράσημον
3465 1032 3589 1067 τουο

2017 1099 2132 1152 τον).
2167 1099 2263 1152 καὶ
2296 1098 2511 1169 ἀτερπῆ
2551 1118 2642 1154 σου
2675 1101 2854 1170 λόγον.

2301 1310 2684 1396 ΤοΜΟΣ
2744 1291 3321 1396 ΠΕΜΠΤΟΣ.

2104 1462 2550 1534 Ἐπισεμνύνεται
2593 1462 2691 1533 μὲν
2719 1465 2747 1516 ό
2785 1464 3069 1528 Θεσπέσιος
3095 1463 3306 1528 Παῦλος
3342 1467 3456 1528 τοῖς
3488 1483 3591 1518 πα-

2020 1553 2227 1625 θήμασι
2293 1554 2388 1608 τοῦ
2452 1554 2728 1626 Χριστοῦ,
2793 1556 2888 1610 καί
2941 1573 3104 1624 φησι,
3164 1556 3251 1609 ότὲ
3299 1557 3439 1627 μὲν,
3507 1559 3590 1610 ὅτι

2026 1666 2044 1698 ι
2068 1647 2224 1716 Ἐμοὶ
2257 1647 2354 1717 μὲν
2389 1646 2490 1719 [δὲ]
2527 1648 2600 1719 μὴ
2632 1649 2842 1717 γένοιτο
2866 1649 3189 1718 καυχᾶσθαι,
3219 1651 3267 1702 εί
3307 1649 3382 1722 μὴ
3421 1652 3478 1704 ὲν
3513 1651 3594 1722 τῷ

2023 1735 2243 1806 σταυρῷ
2265 1737 2358 1788 τοῦ
2380 1736 2639 1808 Χριστοῦ,
2664 1737 2730 1790 δι’
2761 1732 2820 1791 οῦ
2849 1740 2972 1808 ἐμοὶ
3002 1739 3204 1809 κόσμος
3229 1741 3591 1811 ἐσταύρωται,

2018 1823 2174 1892 κάγὼ
2215 1824 2292 1893 τῷ
2336 1826 2552 1896 κόσμῳ·
2597 1845 2615 1878 ι
2641 1827 2730 1880 ὁτὲ
2789 1827 2844 1880 δὲ
2871 1824 2937 1882 αὖ
2963 1845 2976 1858 ·
3015 1847 3032 1878 t
3061 1829 3136 1882 Οὐ
3186 1829 3295 1902 γὰρ
3327 1831 3593 1900 ἐπαισχύ-

2019 1933 2182 1987 νομαι
2205 1917 2264 1970 τὸ
2279 1918 2628 1986 Εύαγγέλιον³
2657 1919 2887 1990 δύναμις
2916 1921 3022 1992 γὰρ
3051 1921 3185 1975 Θεοῦ
3216 1924 3363 1975 ἐστιν
3388 1925 3466 1986 είς
3490 1941 3595 1975 σω-

2016 2009 2212 2081 τηρίαν
2245 2011 2410 2062 παντὶ
2435 2010 2511 2080 τῷ
2542 2013 2870 2073 πιστεύοντι,
2917 2012 3153 2083 Ἰουδαίῳ
3178 2030 3235 2070 τε
3270 2014 3471 2085 πρώτῳ
3500 2016 3594 2068 καὶ

2022 2099 2263 2169 Ἕλληνι.
2303 2118 2320 2150 ι
2373 2100 2508 2153 Ἀλλ’
2544 2095 2643 2154 ὦδε
2683 2101 2779 2172 μὲν
2811 2103 2839 2154 ό
2862 2102 3311 2175 Πνευματοφόρος
3342 2105 3495 2175 ἠξίου
3533 2123 3593 2158 τε

2020 2193 2239 2260 φρονεῖν
2273 2189 2456 2256 αὐτὸς,
2487 2192 2582 2245 καὶ
2628 2191 2734 2264 μὴν
2781 2193 2873 2246 καὶ
2905 2194 3130 2264 ἑτέρους
3192 2199 3590 2264 μυσταγωγείν.

2019 2279 2269 2349 Γέγραφε
2301 2278 2409 2350 γὰρ
2445 2281 2505 2330 οὐ
2533 2280 2728 2350 μάτην,
2764 2280 2880 2333 ἀλλ’
2917 2282 3002 2335 ἵνα
3031 2283 3179 2353 ἡμᾶς
3202 2284 3472 2356 ἀναπείσῃ
3495 2285 3595 2354 τῆς

2018 2370 2244 2441 ἐνούσης
2266 2371 2413 2442 αὐτῷ
2432 2371 2668 2434 πίστεως
2691 2372 2788 2443 τὴν
2805 2373 3070 2445 ὀρθότητα
3093 2375 3289 2446 ζηλοῦν
3317 2379 3592 2448 ᾑρημένος

2023 2461 2131 2534 [ἵσ.
2165 2463 2493 2535 ᾑρημένους]
2560 2466 2673 2528 τοῖς
2724 2465 2960 2537 Χριστοῦ
3007 2467 3323 2539 παθήμασιν
3361 2471 3588 2541 ὲναϐρύ-
3643 2482 3656 2485 ”

2019 2555 2226 2609 νεσθαι.
2255 2555 2652 2626 Ἀπερυθριῶσι
2671 2555 2727 2609 δέ
2745 2574 2888 2620 τινες
2903 2557 2981 2628 τῷ
2999 2561 3234 2630 σταυρῷ,
3257 2562 3472 2623 καὶτοῖς
3491 2579 3585 2629 γε·

2018 2647 2202 2716 γονόσι
2225 2650 2338 2711 τοῖς
2372 2647 2482 2719 [ισ.
2507 2647 2628 2719 τῆς]
2661 2648 2750 2716 ὑφ’
2778 2649 2912 2719 ἡλίῳ
2932 2655 3329 2720 μυπαγωγοίς,
3353 2653 3585 2716 ἀνοσίως

2022 2739 2568 2811 ἁντανιστάμενοιδιὰ
2581 2739 2676 2794 τοῦ
2696 2743 2908 2812 φρονεῖν
2929 2741 3142 2795 ἑλέσθαι
3163 2745 3228 2796 τὰ
3243 2745 3476 2807 ἐναντία,
3501 2761 3592 2813 μο-

2020 2832 2229 2902 νονουχὶ
2248 2831 2669 2901 καταμειδιῶσιν
2693 2832 2742 2884 οἱ
2775 2833 3000 2896 τάλανες
3022 2835 3124 2887 τῶν
3147 2835 3379 2906 Χριστοῦ
3418 2837 3594 2906 παθη-

2021 2923 2228 2992 μάτων,
2257 2922 2602 2993 αἰσχύνονται
2620 2940 2676 2976 τε
2710 2923 2769 2976 τὸ
2787 2924 3137 2993 Εύαγγέλιον,
3180 2926 3470 2997 Ἰουδαῐκὴν
3502 2945 3596 2980 νο-

2019 3013 2238 3077 σοῦντες
2255 3013 2512 3084 ἀμαθίαν,
2540 3015 2632 3067 καὶ
2649 3015 2744 3085 τῆς
2771 3017 2993 3070 ἐκείνων
3015 3018 3343 3090 ἁϐελτηρίας
3367 3021 3486 3073 κατ’
3506 3023 3596 3072 οὐ·

347 3110 487 3164 facta
525 3121 606 3165 est
626 3106 942 3163 scandalum
976 3124 989 3160 :
1033 3108 1216 3174 itaque
1243 3121 1365 3160 cum
1398 3105 1551 3159 illunt
1576 3107 1700 3160 vita:
1730 3115 1915 3160 aucto-

2017 3105 2141 3158 δένα
2161 3104 2358 3175 τρόπον
2393 3105 2711 3176 ἡττώμενοι.
2751 3107 2946 3177 Γέγονε
2968 3110 3075 3179 γὰρ
3093 3110 3273 3174 αὐτοῖς
3297 3112 3594 3166 σκάνδαλον

349 3217 462 3255 rem
497 3201 734 3271 legisque
764 3197 1123 3280 linem_ligno
1171 3195 1419 3252 sumxum
1479 3197 1745 3261 viderent,
1787 3213 1919 3269 qna~

352 3294 554 3347 tiebant
581 3291 840 3345 adversus
865 3303 986 3343 eum
1020 3301 1186 3342 exosa
1216 3287 1325 3342 Deo
1353 3287 1555 3358 capita,
1585 3288 1731 3343 nullo
1761 3291 1919 3344 modo

348 3385 514 3439 Deum
548 3396 737 3440 revera
764 3394 886 3435 esse
907 3377 1193 3434 credentes
1226 3379 1317 3449 qui
1347 3381 1508 3435 homo
1546 3379 1725 3442 factus
1754 3391 1916 3448 esset,

349 3482 512 3542 atque
555 3471 622 3524 ad
673 3467 1098 3524 exinanitionem
1143 3467 1656 3535 descendisset;sed
1695 3471 1794 3524 rati
1821 3486 1916 3538 po-

351 3565 457 3619 tius
500 3576 664 3617 unum
720 3559 1086 3630 promiscuee
1121 3568 1308 3613 nostro
1365 3571 1588 3613 numero
1646 3560 1916 3615 hominem

348 3657 497 3712 illum
526 3669 665 3720 esse,
692 3663 748 3708 et
774 3660 1028 3722 tanquam
1063 3665 1129 3706 ex
1159 3650 1304 3707 malo
1331 3650 1511 3706 cordis
1544 3649 1628 3706 sui
1662 3652 1919 3708 thesauro

347 3747 683 3820 proferentes
709 3743 851 3800 mala
880 3744 948 3811 ",
981 3743 1236 3798 dicebant
1269 3759 1282 3796 :
1327 3761 1345 3794 t
1378 3742 1479 3809 Qui
1513 3742 1750 3800 destruis
1786 3753 1918 3799 tem-

344 3841 492 3911 plum
545 3839 660 3903 Dei,
689 3846 743 3892 et
777 3836 830 3891 in
879 3835 1052 3891 tribus
1107 3833 1296 3890 diebus
1320 3833 1560 3890 aediﬁcas
1585 3834 1734 3902 illud,
1767 3835 1915 3890 salva

347 3935 688 4003 temetipsum
713 3949 727 3988 :
750 3932 794 3988 si
813 3929 979 3987 Filius
1003 3929 1099 3986 Dei
1127 3945 1207 3995 es,
1232 3931 1503 3987 descende
1525 3931 1592 3987 de
1614 3946 1774 3987 cruce
1790 3931 1856 3987 ³ο.
1889 3950 1908 3984 ι

343 4027 410 4083 Et
459 4030 692 4082 iterum:
729 4044 748 4077 ι
789 4023 940 4079 Alios
985 4024 1162 4086 salvos
1199 4023 1348 4091 fecit,
1409 4025 1646 4094 seipsum
1683 4040 1787 4079 non
1815 4040 1911 4095 po-

346 4129 450 4175 test
479 4119 685 4173 salvum
744 4107 968 4170 facere:
1003 4115 1046 4169 si
1107 4130 1201 4169 rex
1259 4114 1421 4170 Israel
1469 4123 1573 4181 est,
1623 4116 1915 4170 descendat

343 4224 487 4263 nunc
516 4209 580 4262 de
603 4220 782 4268 cruce,
808 4215 862 4258 et
890 4205 1173 4258 credemus
1205 4204 1364 4273 120
1395 4205 1446 4259 in
1474 4221 1598 4260 eum
1625 4206 1694 4262 “.
1736 4225 1755 4258 ι
1793 4205 1907 4261 Non

2017 3196 2164 3250 ὁ-τοῦ
2193 3197 2440 3268 Σωτῆρος
2473 3199 2723 3268 σταυρός·
2753 3200 2847 3252 καὶ
2876 3200 3007 3268 γοῦν
3030 3201 3106 3271 τῷ
3134 3202 3294 3273 ξύλῳ-
3307 3205 3594 3275 προσηλω-

2018 3289 2176 3342 θέντα
2208 3288 2493 3358 βλέποντες
2509 3289 2600 3342 τὸν
2627 3290 2723 3358 τῆς
2752 3290 2894 3358 ζωῆς
2929 3292 3187 3362 ἀρχηγὸν,
3209 3293 3270 3346 τὸ
3298 3294 3392 3346 τοῦ
3426 3296 3594 3363 νόμου

2016 3378 2183 3442 τέλος,
2221 3364 2391 3432 ἔσειον
2439 3380 2536 3449 μὲν
2574 3381 2658 3431 ἐπ’
2692 3378 2840 3448 αύτῴ
2860 3379 2959 3442 τὰς
3010 3380 3284 3451 θεομισεῖς
3327 3384 3591 3452 κεφαλὰς,

2015 3473 2076 3524 οὐ
2101 3473 2231 3526 Θεὸν
2267 3467 2405 3525 εἶναι
2427 3471 2773 3535 πιστεύοντες
2795 3473 3012 3544 ἀληθῶς
3043 3474 3505 3546 ὲνηνθρωπηκότα
3532 3495 3591 3530 τε

2016 3563 2111 3615 καὶ
2137 3561 2467 3632 καθιγμὲνον
2497 3564 2856 3626 είς-κένωσιν,
2888 3564 3124 3634 οἰόμενοι
3151 3564 3208 3617 δὲ
3242 3565 3460 3635 μᾶλλον,
3497 3568 3594 3620 ἕνα

2015 3655 2124 3709 τῶν
2167 3656 2288 3709 καθ’
2327 3658 2472 3726 ἡμᾶς
2524 3655 2808 3726 ἄνθρωπον
2862 3656 3047 3719 ἁπλῶς
3082 3658 3348 3729 ὑπάρχειν
3391 3661 3585 3718 αὐτόν·

2017 3747 2254 3817 ἔφασκον
2283 3747 2366 3811 δὲ,
2411 3748 2486 3810 ὡς
2517 3749 2580 3800 ἐκ
2613 3747 2850 3816 πονηροῦ
2889 3747 3163 3818 θησαυροῦ
3209 3752 3309 3820 τῆς
3359 3751 3588 3820 καρδίας

2015 3840 2193 3893 αὐτῶν
2226 3840 2590 3911 προφέροντες
2633 3839 2704 3892 τὰ
2741 3841 2980 3912 πονηράο
3025 3860 3044 3892 t
3093 3842 3148 3894 '0
3183 3843 3464 3896 καταλύων
3491 3843 3586 3896 τὸν

2014 3933 2138 3986 ναὸν
2166 3933 2258 3985 τοῦ
2289 3931 2442 3994 Θεοῦ,
2480 3932 2572 3985 καὶ
2596 3934 2652 3986 ἐν
2692 3934 2871 4002 τρισὶν
2901 3933 3133 4004 ἡμέραις
3163 3934 3461 4004 οἰκοδομῶν
3490 3937 3590 3987 a5-

2011 4022 2125 4084 τὸν,
2159 4021 2333 4074 σῶσον
2375 4021 2618 4074 σεαυτόνο
2650 4023 2698 4074 εἰ
2733 4022 2856 4085 Υἱὸς
2893 4019 2943 4075 εἷ
2970 4023 3064 4076 τοῦ
3098 4024 3252 4083 Θεοῦ,
3291 4027 3385 4077 καὶ
3418 4027 3588 4078 κατὰ·

2014 4112 2140 4183 ϐηθι
2167 4113 2274 4166 ἀπὸ
2299 4113 2390 4166 τοῦ
2425 4113 2678 4184 σταυροῦ.
2712 4133 2728 4164 t
2758 4116 2864 4167 Καὶ
2899 4116 3060 4168 πάλιν
3080 4131 3093 4145 ο
3125 4134 3142 4165 t
3183 4116 3407 4178 Ἄλλους
3446 4118 3585 4168 ἔσω·

2014 4221 2124 4270 σεν,
2171 4204 2362 4258 ἑαυτὸν
2393 4205 2454 4255 ού
2488 4203 2710 4256 δύναται
2747 4206 2914 4258 σῶσαι
2942 4222 2956 4236 ο
2994 4209 3042 4259 εί
3085 4207 3335 4276 βασιλεὺς
3373 4207 3588 4277 Ἰσραήλ

343 4300 487 4355 enim
556 4297 726 4359 illum,
765 4303 823 4348 ut
859 4295 1017 4349 modo
1070 4295 1200 4360 dixi,
1261 4294 1428 4349 Deum
1473 4311 1597 4351 esse
1648 4297 1911 4366 putabant

2017 4297 2151 4359 ἔστι,
2198 4294 2488 4348 καταὸἀτω
2524 4294 2621 4349 νῦν
2657 4297 2764 4348 ἀπὸ
2809 4297 2903 4350 τοῦ
2932 4297 3188 4366 σταυροῦ,
3231 4299 3325 4352 καὶ
3365 4299 3586 4352 πιστεύ-

342 4390 642 4446 secundum
702 4395 975 4452 naturam,
1027 4400 1204 4454 neque
1245 4386 1336 4440 Dei
1364 4396 1418 4441 et
1444 4386 1621 4442 Patris
1650 4403 1775 4444 vere
1817 4390 1908 4445 Fi-

2012 4404 2175 4457 σομεν
2231 4388 2316 4440 ἐπ’
2367 4387 2548 4441 αύτόν.
2581 4406 2600 4437 ι
2634 4388 2708 4439 Ού
2751 4389 2859 4458 γάρ
2880 4405 2984 4453 τοι,
3019 4390 3270 4461 καθάπερ
3330 4390 3464 4461 ἔφην
3493 4391 3588 4461 dp-

344 4482 499 4546 lium,
535 4481 630 4533 sed
653 4479 719 4534 de
753 4492 812 4533 se
843 4476 1161 4546 praedicare,
1207 4485 1262 4530 et
1307 4477 1567 4532 audacter
1610 4480 1910 4537 divinitatis

2017 4477 2161 4543 τίως,
2198 4477 2327 4530 Θεὸν
2367 4476 2534 4547 ᾤοντο
2564 4476 2705 4530 κατὰ
2738 4477 2898 4547 φύσιν
2925 4479 3192 4550 ὑπάρχειν
3237 4480 3422 4544 αὑτὸν,
3459 4479 3583 4532 οὔτε

341 4571 651 4643 Opinionem
699 4568 800 4623 sibi
845 4581 1122 4637 arrogare.
1185 4565 1370 4636 Itaque
1417 4582 1560 4624 nunc
1619 4569 1908 4626 dicebant:

347 4683 367 4717 ι
404 4665 478 4720 De
512 4662 656 4718 bono
682 4673 844 4730 opere
869 4673 977 4714 non
1001 4657 1301 4728 lapidamus
1331 4668 1405 4724 te,
1443 4660 1540 4715 sed
1563 4660 1628 4715 de
1657 4661 1910 4732 blasphe-

341 4755 472 4819 mia.
493 4753 616 4823 quia
647 4761 700 4806 tu
729 4752 888 4806 homo
905 4765 1027 4805 cum
1046 4749 1143 4814 sis,
1165 4748 1301 4804 facis
1333 4752 1560 4820 teipsum
1589 4751 1845 4821 Deum";
1875 4774 1896 4808 ι

341 4861 485 4902 nunc
545 4844 612 4899 ad
654 4842 884 4898 Pilatum
927 4840 1287 4907 adducebant,
1342 4850 1398 4898 et
1447 4844 1689 4916 cruciﬁgi
1749 4861 1908 4917 roga-

339 4942 468 4996 bant
489 4939 533 4970 ⁸³
561 4953 578 5004 ;
623 4936 816 4991 deinde
841 4948 964 4989 cum
991 4933 1061 4987 ab
1084 4947 1150 4988 eo
1173 4945 1616 5004 exposcerentur,
1657 4945 1714 4991 ut
1747 4945 1908 4994 tanta

2014 4569 2122 4640 μὴν
2152 4569 2277 4624 Υίὺν
2302 4569 2516 4640 ἀληθῶς
2543 4571 2636 4624 τοῦ
2669 4570 2804 4624 Θεοῦ
2831 4573 2925 4625 καὶ
2961 4573 3193 4643 Πατρόςο
3244 4571 3586 4642 περιαυτίζε-

2013 4660 2134 4713 σθαι
2163 4660 2220 4713 δὲ
2271 4660 2469 4730 μᾶλλον
2517 4662 2610 4714 καὶ
2638 4661 2736 4732 τὴν
2777 4662 2874 4732 τῆς
2916 4661 3166 4732 θεότητος
3215 4662 3371 4728 δόξαν
3406 4662 3585 4730 ἑαυτῴ

2021 4753 2350 4824 προσνέμειν
2379 4753 2738 4824 ¹ἀποτολμᾷν.
2785 4754 3096 4824 Τοιγάρτοι,
3152 4754 3281 4806 ποτὲ
3319 4755 3416 4824 μὲν
3461 4755 3586 4821 ἑφα-

2014 4861 2176 4898 σκον·
2211 4863 2227 4894 ι
2263 4846 2399 4915 Περὶ
2443 4843 2612 4898 καλοῦ
2657 4845 2820 4915 ἔργου
2855 4846 2916 4898 ού
2973 4845 3263 4915 λιθάζομέν
3315 4861 3396 4906 σε,
3448 4844 3585 4898 ἀλλὰ

2013 4937 2142 5008 περὶ
2176 4936 2543 5008 βλασφημίας,
2577 4940 2662 4992 ὃτι
2695 4939 2758 4991 σὺ
2789 4937 3072 5009 ἄνθρωπος
3101 4937 3196 5000 ὢν,
3233 4940 3407 5000 ποιεῖς
3429 4953 3586 4990 σεαυ-

339 5030 595 5084 adversus
620 5043 746 5084 eum
780 5023 1168 5081 malevolentia
1202 5041 1397 5082 causas
1436 5027 1731 5096 edicerent,
1765 5028 1907 5086 illico

2017 5026 2100 5079 τὸν
2126 5025 2278 5080 Θεόν.
2316 5046 2334 5078 ν
2368 5027 2504 5079 llo-re
2537 5026 2593 5080 δὲ
2624 5026 2838 5097 Πιλὰτῳ
2868 5026 3164 5097 προσῆγον,
3191 5026 3285 5080 καὶ
3319 5023 3582 5096 σταυροῦ-

338 5116 689 5181 accusabant,
721 5124 777 5170 et
822 5115 1132 5170 clamabant
1168 5115 1410 5171 dicentes
1444 5133 1458 5171 :
1487 5135 1506 5168 ι
1542 5118 1677 5184 Quia
1709 5119 1904 5210 Filium

2017 5119 2135 5172 σθαι
2169 5117 2530 5188 παρεκάλουν.
2561 5114 2694 5171 Εἶτα
2716 5118 2817 5188 τῆς
2840 5118 2926 5170 ἐπ’
2952 5117 3099 5187 αὐτῷ
3131 5117 3453 5187 σκαιότητος
3485 5115 3584 5176 τὰς

338 5207 432 5262 Dei
456 5221 515 5262 se
548 5207 674 5260 fecit
698 5205 764 5259 “.
797 5224 818 5258 ι
848 5205 1045 5260 Verum
1104 5218 1232 5259 ecce
1274 5206 1376 5261 hoc
1413 5221 1626 5276 quoque
1660 5205 1903 5278 tempore

2017 5211 2186 5272 αἰτίας
2227 5211 2400 5262 εἰπεῖν
2450 5208 2844 5280 ἐξαιτούμενοι,
2892 5209 3231 5279 κατηγόρουν
3273 5208 3454 5271 εὐθὺς,
3489 5207 3584 5259 καὶ

337 5315 442 5356 non
459 5299 526 5354 ab
552 5296 827 5363 lsraelitis,
851 5309 1025 5366 neque
1055 5311 1084 5351 a
1109 5296 1450 5352 multitudine
1481 5298 1899 5370 Pharisaeorum,

336 5509 424 5564 33.
501 5508 546 5540 "
570 5507 725 5562 Joan.
757 5520 872 5568 xix,
901 5505 953 5557 6.
1030 5505 1076 5534 ’δ
1115 5503 1246 5560 ibid.
1271 5505 1326 5560 7.

2009 5303 2504 5374 κατακεκράγησαν
2557 5303 2665 5373 (3‘2)
2708 5302 2980 5370 λέγοντες,
3034 5320 3053 5352 t
3090 5302 3215 5354 Ὀτι
3264 5299 3391 5353 Υίδν
3443 5297 3583 5351 Θεοῦ

408 5439 449 5471 ⁸⁷
474 5435 649 5492 Galat.
685 5451 759 5500 vt,
800 5433 886 5500 14,
910 5505 928 5507 _
963 5431 1007 5466 ⁸⁸
1035 5433 1402 5507 Βοιιιηιζίϐ.
1480 5440 1522 5472 ¹⁹
1559 5437 1751 5495 Matth.
1785 5456 1880 5507 xu,
1924 5441 2014 5497 '55.

3262 5442 3306 5472 ¹¹
3337 5438 3491 5494 .loau.
3524 5453 3579 5504 ιι,

2108 5443 2155 5474 ¹⁰
2198 5443 2387 5499 Matth.
2423 5459 2592 5508 xxvu,
2621 5443 2711 5498 40.
2789 5444 2861 5506 ,¹¹¹
2896 5441 3026 5497 ibid.
3068 5441 3160 5496 42.

1567 5615 1750 5686 ,ANT.
1789 5617 2060 5675 AGELLH
2104 5619 2330 5676 sane.

405 5731 516 5804 (52)
543 5731 791 5785 Fortasse
827 5729 1130 5799 legendum,
1162 5730 1629 5797 κατακεκρᾶγασι.
