4002 6192
423 193 525 247 20‘.)

1523 191 1892 248 ADVERSUS
1932 187 2340 246 NESTORICM
2380 190 2504 247 LIB.
2542 194 2600 246 ιτ.

3621 195 3721 250 2i")

426 314 615 368 ἑαυτὸν
647 315 956 383 ἐποίησεν.
1002 334 1020 367 ι
1065 315 1207 368 Ἀλλ’
1238 315 1347 369 ἰδοῦ
1379 314 1444 386 δὴ
1477 315 1569 369 καὶ
1597 316 1689 368 νῦν
1713 316 1773 368 οὐ
1801 315 1954 386 παρά
1984 331 2046 382 γε

2152 314 2244 369 sed
2299 314 2365 369 ab
2413 315 2478 368 iis
2513 316 2602 386 qui
2644 317 2892 372 videnlur
2927 334 3050 376 esse
3081 317 3399 386 Christiani,
3434 327 3488 373 et
3519 319 3568 371 in
3608 333 3718 369 tua-

425 407 529 459 τῶν
561 407 622 471 ἐξ
665 407 936 478 Ἰσραὴλ,
969 407 1094 461 οὕτε
1138 409 1245 478 μὴν
1278 408 1375 476 τῆς
1419 406 1528 459 τῶν
1553 407 1864 477 Φαρισαίων
1912 406 2048 476 πλη-

430 497 570 562 θύος,
611 497 736 552 ἀλλ’
775 502 846 552 ὲκ
902 500 1020 553 τῶν
1047 499 1351 554 δοκούντων
1384 495 1522 552 εἶναι
1554 500 1916 572 Χριστιανῶν,
1953 499 2048 552 καὶ

429 587 786 656 τεταγμένων
821 591 887 642 ὲν
921 589 1290 655 διδασκάλοις,
1326 591 1418 642 καὶ
1443 592 1500 642 ἐν
1525 593 1637 655 τοῖς
1657 591 1756 663 τὴν
1785 591 1935 644 θείαν
1959 591 2049 644 λα-

433 678 612 748 χοῦσιν
646 679 1012 749 ἱερουργίαν,
1043 681 1111 734 es
1136 676 1229 734 ἴσα
1257 682 1484 752 πάσχων
1513 684 1726 752 ὁρᾶται.
1772 683 2046 735 Ἀπιστεῖ-

433 787 517 822 ται
542 771 674 841 γὰρ,
708 773 798 826 ὃτι
845 774 954 827 καῖ⁵
986 774 1120 838 Θεὸς
1153 776 1289 828 κατά
1326 775 1488 844 φύσιν
1534 776 1704 841 ἐστὶν,
1733 763 1814 840 εἷς
1861 789 1920 829 τε
1952 776 2047 828 καὶ

438 863 590 931 μόνος
620 866 720 917 καὶ
756 865 995 935 άληθῶς
1029 866 1158 930 Υἱὸς
1191 867 1285 920 τοῦ
1321 867 1456 920 Θεοῦ
1506 868 1602 921 καὶ
1638 869 1871 939 Πατρός.
1908 867 2046 940 Πρό-

440 973 595 1022 φασις
620 956 679 1009 δὲ
719 957 829 1026 τῆς
869 959 965 1010 ἐπ’
997 957 1148 1028 αύτῷ
1167 957 1230 1029 δὴ
1265 956 1438 1028 τούτῳ
1471 958 1790 1022 δυσϐουλίας
1841 960 2042 1022 αὐτοῖς,

441 1048 497 1104 τὸ
523 1047 715 1100 παθεῖν
743 1048 982 1102 ἑλέσθαι
1011 1050 1175 1121 σαρκὶ
1204 1051 1295 1102 τὸν
1326 1050 1393 1104 δι’
1423 1053 1571 1122 ἡμᾶς
1616 1051 1844 1105 θάνατον
1871 1068 1885 1082 ⁸
1922 1052 2044 1106 καί-

445 1139 633 1192 τοιδιά
664 1139 834 1194 τοῦτο
881 1141 1219 1212 καθιγμένον
1259 1144 1338 1206 είς
1385 1143 1615 1196 κένωσιν
1661 1143 2043 1214 οἰκονομικῶς,

448 1231 530 1283 ἵνα
559 1233 654 1284 καὶ
703 1232 908 1284 παθὼν
950 1234 1090 1304 ὑπὲρ
1133 1234 1291 1304 ἡμῶν
1320 1236 1506 1306 σαρκὶ,
1563 1237 1894 1310 καταργήσῃ
1947 1236 2044 1289 τοῦ

449 1324 674 1377 θανάτου
726 1325 792 1377 τὺ
847 1326 1079 1396 κράτος,
1117 1328 1211 1380 ἆτε
1260 1327 1325 1398 δὴ
1380 1327 1642 1399 ὑπάρχων
1692 1330 1832 1381 κατά
1884 1329 2047 1396 φύσιν

452 1411 578 1483 ζωὴ,
615 1414 705 1465 καὶ
727 1416 796 1466 ὲκ
818 1413 972 1485 ζωῆς
997 1417 1205 1482 ἀναφὺς
1237 1416 1330 1469 τοῦ
1361 1416 1497 1470 Θεοῦ
1517 1419 1610 1471 καὶ
1634 1419 1864 1488 Πατρός.
1902 1421 2047 1472 Κατ-

453 1501 778 1573 ηρῤὡστησε
843 1506 959 1573 γὰρ
1025 1505 1058 1575 ἡ
1112 1504 1402 1576 ἀνθρώπου
1451 1506 1612 1576 φύσις
1661 1509 1762 1578 τὴν
1810 1507 2040 1577 φθορὰν,

456 1593 528 1654 ὣς
552 1595 607 1645 ἐν
633 1595 861 1665 ἀπαρχῇ
890 1597 985 1648 καὶ
1018 1595 1143 1666 ῥίζῃ
1167 1599 1233 1666 τῇ
1258 1595 1472 1669 πρώτῃ,
1507 1598 1805 1663 τουτέστιν,
1851 1599 2039 1668 Ἀδάμ.

2148 403 2437 474 gfstrorutu
2479 424 2704 464 numero
2752 421 3062 476 censentur,
3102 423 3157 466 et
3201 426 3387 468 eorum
3424 410 3514 480 qui
3550 407 3721 464 sortiti

2149 507 2275 552 sunt
2335 498 2504 553 divini
2551 503 2841 556 sacerdotii
2908 519 3123 568 munus,
3184 505 3373 560 eadem
3455 503 3726 558 sustinere

2147 591 2500 662 conspicitur.
2554 590 2669 646 Non
2723 594 2866 647 enim
2898 593 3037 650 Deus
3081 609 3203 650 esse
3235 595 3530 650 secundum
3571 603 3722 647 natu-

2150 698 2288 749 ram,
2309 692 2363 736 et
2385 699 2524 738 unus
2553 697 2602 740 et
2630 685 2776 739 solus
2799 694 2851 740 et
2877 701 3000 740 vere
3025 687 3116 740 Dei
3142 696 3195 740 et
3219 686 3390 740 Patris
3419 685 3586 739 Filius
3606 700 3720 738 cre-

2148 774 2292 829 ditur
2326 791 2340 829 :
2373 790 2670 847 eorumque
2697 777 2748 830 in
2787 779 2888 833 hac
2916 793 2972 833 re
3005 778 3242 847 perlidim
3263 793 3428 833 causa
3457 787 3537 830 est
3583 775 3722 844 quod

2147 877 2376 922 mortem
2406 879 2624 938 pr0pter
2652 885 2746 923 nos
2785 886 2947 924 carne
3001 871 3110 940 pati
3146 869 3400 934 voluerit,
3469 867 3722 937 quamvis

2147 973 2208 1012 ea
2242 960 2307 1012 de
2339 974 2501 1014 causa
2529 962 2924 1030 dispensatorie
2957 963 3022 1016 ad
3051 962 3470 1017 exinanitionem
3505 963 3723 1014 descen-

2148 1047 2286 1099 derit
2334 1047 2400 1108 ’⁸.
2459 1057 2520 1102 ιιι
2563 1065 2730 1104 carne
2777 1066 2875 1120 pro
2937 1053 3092 1107 nobis
3151 1067 3361 1121 passus,
3424 1052 3726 1104 destrueret

2149 1139 2336 1192 mortis
2367 1140 2651 1208 imperium
2685 1144 2754 1205 ",
2794 1153 2976 1211 utpote
3005 1160 3128 1197 cum
3184 1145 3290 1197 vita
3350 1153 3493 1198 esset
3534 1157 3725 1196 Secun-

2149 1225 2274 1279 dum
2300 1238 2573 1293 naturam,
2611 1238 2663 1283 et
2685 1244 2749 1284 ex
2787 1231 2914 1296 vita,
2940 1233 3038 1287 hoc
3073 1245 3176 1296 est,
3203 1234 3318 1301 ipso
3345 1233 3454 1286 Deo
3485 1249 3549 1286 ac
3569 1233 3724 1286 Patre

2146 1319 2364 1373 editus:
2400 1319 2676 1375 hominum
2716 1323 2913 1392 quippe
2961 1337 3150 1380 natura
3184 1335 3441 1396 tauquam
3474 1327 3525 1379 in
3575 1325 3724 1379 initio

2148 1410 2430 1479 primaque
2480 1414 2680 1478 radice,
2734 1416 2834 1470 hoc
2883 1417 3043 1470 estin
3094 1419 3286 1482 Adam,
3355 1417 3723 1485 corruptionis

2148 1501 2337 1553 morbo
2387 1500 2759 1558 laboraverat.
2818 1501 2917 1558 Ubi
2968 1503 3109 1559 enim
3163 1519 3261 1574 per
3303 1502 3722 1559 inobedientiam

2149 1589 2506 1660 legislatorem
2535 1605 2588 1648 et
2614 1595 2781 1650 Deum
2805 1596 3048 1662 oil'endit,
3103 1608 3156 1652 et
3177 1598 3266 1667 qui
3300 1598 3446 1650 illum
3498 1605 3554 1649 ut
3583 1605 3726 1650 esset

472 1682 687 1751 Ἐπειδὴ
716 1683 827 1754 γὰρ
863 1684 1278 1754 προσκέκρουκε
1301 1685 1390 1738 διὰ
1417 1688 1516 1756 τῆς
1541 1688 1826 1757 παρακοῆς
1855 1687 1930 1757 τῷ
1958 1705 2044 1740 νο-

2152 1685 2500 1753 produxerat,
2558 1689 2742 1741 statim
2795 1690 2894 1743 sub
2953 1689 3240 1744 maledicto
3295 1690 3415 1752 fuit,
3461 1696 3514 1743 et
3563 1688 3721 1741 morti

471 1773 664 1844 μοθέτη
695 1773 793 1827 καὶ
820 1775 940 1846 Θεῷ
982 1776 1121 1846 (55),
1155 1778 1244 1829 καὶ
1273 1779 1668 1846 παρενεγκόντι
1694 1778 1828 1850 πρὸς
1868 1779 2047 1852 ῦπαρ-

473 1864 570 1930 ξιν,
610 1865 878 1936 ἐπάρατος
910 1862 978 1936 ἦν
1010 1869 1196 1932 εὐθὺς,
1227 1869 1318 1921 καὶ
1366 1869 1599 1922 Θανάτου
1651 1871 1879 1942 κάτοχος
1902 1888 1917 1903 ο
1951 1873 2046 1927 καὶ

482 1955 850 2022 βεϐασίλευκεν
886 1960 914 2010 6
953 1957 1184 2022 Θάνατος
1215 1961 1320 2012 ἀπὸ
1365 1961 1536 2032 Ἀδάμ
1584 1963 1745 2035 μέχρι
1779 1965 2042 2033 Μωσέως,

491 2045 844 2116 ὶκτεινομένης
875 2052 955 2112 εἰς
1002 2050 1151 2102 ᾶπαν
1185 2051 1244 2104 τὸ
1275 2052 1332 2117 ἐξ
1370 2053 1534 2106 αὑτοῦ
1576 2055 1798 2126 σπέρμα
1839 2073 1897 2109 τε
1951 2057 2048 2110 καὶ

497 2138 658 2201 γένος,
691 2143 784 2208 τῆς
807 2143 895 2194 ἐπὶ
938 2143 1076 2212 τῷδε
1106 2143 1280 2212 δίκης.
1330 2145 1516 2216 Ῥίζης
1544 2147 1653 2220 γὰρ
1691 2147 1882 2221 ῶσπερ
1914 2151 2048 2204 ἀνα-

490 2225 672 2292 φύντες
713 2230 980 2303 φθαρτῆς,
1017 2234 1250 2310 φθαρτοὶ
1288 2237 1382 2289 καὶ
1428 2239 1609 2307 ἡμεῖς,
1658 2240 1752 2292 καὶ
1792 2227 1905 2303 τοῖς
1951 2241 2048 2294 τοῦ

487 2315 704 2372 θανάτου
781 2322 985 2393 ιξιρδόχοις
1033 2326 1384 2396 ὲνισχημένοι
1439 2328 1785 2402 διετελοῦμεν
1838 2334 1887 2384 οἱ
1940 2332 2048 2386 δεί-

497 2408 658 2463 λαιοι.
695 2411 912 2485 Ἐπειδὴ
934 2415 986 2468 δὲ
1023 2419 1233 2488 χρηστά
1275 2420 1406 2489 περὶ
1449 2422 1606 2492 ἡμῶν
1639 2424 1668 2476 6
1715 2423 2049 2497 δημιουργὸς

497 2503 780 2574 ἐσκέψατο,
819 2508 906 2560 καὶ
934 2509 1274 2582 ἀνῃρημένης
1302 2513 1398 2582 τῆς
1431 2514 1636 2586 φθορᾶς
1664 2518 2050 2588 ἀναστοιχειῶ-

491 2611 579 2649 σαι
621 2596 754 2666 πρὸς
799 2599 851 2652 τὸ
887 2601 980 2652 ἀπ’
1023 2602 1200 2672 ἀρχῆς
1242 2603 1342 2675 τὴν
1384 2605 1672 2677 ἀνθρώπου
1709 2609 1871 2678 φύσιν
1919 2609 2049 2680 eos-

485 2686 610 2756 λησε
636 2703 651 2717 ’
702 2688 850 2758 ῥίζαν
897 2690 1089 2763 ῶσπερ
1127 2695 1260 2764 ἡμῖν
1304 2696 1580 2768 ὲπήνθησε
1615 2699 1897 2770 δευτέραν,
1950 2703 2051 2756 οὐκ

481 2779 802 2850 ἀνεχομένην
832 2783 1160 2853 κρατεῖσθαι
1185 2785 1424 2858 Θανάτῳ,
1450 2791 1539 2842 τὸν
1566 2791 1660 2844 ἕνα
1703 2792 1908 2863 Κύριον
1943 2795 2050 2864 Ἰη-

483 2867 603 2920 σοῦν
632 2869 719 2921 τὸν
737 2871 995 2940 Χριστὸν,
1026 2873 1296 2938 τουτέστι,
1335 2876 1425 2928 τὸν
1457 2879 1521 2931 ὲκ
1548 2881 1646 2950 τῆς
1677 2879 1865 2943 οὐσίας
1889 2879 2048 2933 αὑτοῦ

478 2959 608 3012 Θεὸν
639 2961 825 3030 Λόγον,
857 2963 980 3018 καθ’
1027 2965 1176 3036 ἡμᾶς
1211 2969 1502 3040 γενόμενον
1532 2970 1842 3044 ἄνθρωπον,
1889 2972 2044 3042 γενό-

483 3074 636 3129 μενον
650 3059 710 3112 ἐκ
731 3061 1010 3127 γυναικός.
1043 3064 1118 3115 Οὐ
1143 3063 1252 3136 γάρ
1281 3083 1362 3120 τοι
1391 3067 1663 3138 Θεοφόρον
1694 3062 1832 3121 εἷναί
1866 3085 2045 3139 φαμεν

475 3149 752 3222 ἄνθρωπον
796 3154 1009 3219 ἁπλῶς,
1050 3155 1185 3210 ἀλλά
1229 3158 1552 3228 αὐτόχρημα
1596 3159 1738 3214 κατά
1789 3159 2046 3232 ἀλήθειαν

475 3241 560 3294 τὸν
590 3244 652 3296 ἐκ
701 3243 838 3297 Θεοῦ
883 3247 1060 3315 Λόγον
1103 3246 1348 3318 ἡνῶσθαι
1399 3251 1585 3322 σαρκὶ,
1620 3252 1709 3306 ἵνα
1757 3253 1856 3325 τὴν
1911 3252 2048 3306 ἰδίαν

470 3335 638 3408 ψυχὴν
670 3337 938 3402 τεθεικὼς
972 3340 1113 3411 ὑπὲρ
1143 3341 1445 3416 ἡμῶνκκαὶ
1483 3343 1608 3408 δοὺς
1631 3344 1708 3415 τῷ
1741 3344 1959 3416 θανάτῳ
1987 3345 2051 3399 τὸ

472 3427 659 3481 ἑαυτοῦ
705 3428 864 3499 σῶμα
907 3430 978 3484 δι’
1006 3433 1153 3503 ἡμᾶς
1184 3433 1565 3504 οἰκονομικῶς,
1633 3431 1754 3490 εἶτα
1803 3440 2050 3508 κρεῖττον

471 3519 595 3573 αὐτὸ
625 3521 733 3590 τῆς
770 3521 978 3593 φθορᾶς
1016 3524 1305 3595 ἀποφήνας
1327 3525 1417 3578 διὰ
1457 3526 1558 3596 τῆς
1591 3528 1657 3581 ἐκ
1685 3530 1896 3598 νεκρῶν
1919 3529 2050 3583 ἀνα-

475 3611 738 3675 στάσεως,
767 3612 1186 3685 πληροφορήσας
1213 3617 1321 3687 [ἷσ.
1354 3616 1770 3690 πληροφορήσῃ]
1800 3617 2051 3689 σύμπαν-

472 3719 561 3768 τας
592 3705 730 3768 τοὺς
758 3707 837 3769 είς
866 3706 1032 3759 αὑτὸν
1077 3709 1454 3773 πιστεύοντας,
1487 3711 1569 3762 ὅτι
1605 3711 1702 3764 καὶ
1737 3712 1888 3782 ἡμᾶς
1925 3713 2052 3780 ὲγε-

475 3798 568 3864 ρεί,
593 3797 698 3850 καὶ
725 3797 984 3867 ἀμείνους
1010 3800 1280 3870 ἀποφανεῖ
1305 3801 1415 3855 τῶν
1439 3801 1532 3855 τοῦ
1557 3803 1788 3856 θανάτου
1813 3803 2049 3874 δεσμῶν,

476 3886 561 3938 καὶ
588 3887 697 3957 τῆς
731 3886 937 3959 φθορᾶς
976 3890 1199 3958 ἀρκύων
1239 3891 1395 3960 ὀλίγα
1443 3894 1893 3963 πεφροντικότας.
1937 3896 2054 3947 Ἐν-

475 3975 657 4030 τεῦθεν
689 3972 846 4047 οἶμαι
869 3995 972 4030 που
1009 3979 1213 4034 καὶτὸν
1247 3981 1533 4037 θεσπέσιον
1562 3985 1771 4038 Παῦλον
1803 3985 1861 4038 ἐν
1892 3985 2056 4058 παντὶ

475 4068 750 4121 ποιεῖσθαι
792 4069 936 4142 λόγῳ
984 4072 1078 4127 καὶ
1108 4073 1367 4146 θαύματι,
1398 4077 1493 4129 τοῦ
1527 4076 1664 4130 Θεοῦ
1711 4079 1806 4130 καὶ
1842 4079 2057 4148 Πατρδς

473 4161 565 4229 τὴν
588 4163 679 4224 είς
703 4163 849 4232 ἡμᾶς
875 4164 1116 4234 ἀγάπην.
1154 4167 1298 4237 Ἔφη
1337 4169 1446 4240 γὰρ
1472 4161 1574 4222 ὦδε
1598 4186 1611 4199 ’
1649 4190 1666 4221 ι
1693 4170 1758 4222 Τί
1785 4166 1878 4224 οῦν
1904 4171 2058 4242 ἐροῦ-

479 4268 573 4320 μεν
610 4253 757 4324 πρὸς
796 4254 1002 4321 ταῦτα;
1061 4259 1122 4311 Εἰ
1166 4261 1194 4312 6
1243 4259 1376 4324 Θεὸς
1404 4261 1543 4334 ὑπὲρ
1588 4262 1764 4334 ἡμῶν,
1803 4264 1887 4337 τίς
1930 4262 2052 4317 καθ’

2147 1775 2426 1842 subjectus
2459 1796 2471 1832 :
2504 1789 2557 1832 et
2607 1781 2850 1851 regnavit
2910 1797 3056 1836 mors
3114 1783 3180 1836 ab
3212 1782 3383 1835 Adam
3441 1795 3610 1850 usque
3654 1781 3722 1834 ad

2147 1866 2328 1923 Mosen
2361 1870 2430 1934 ’⁷,
2467 1885 2587 1924 cum
2631 1869 2748 1938 ejus
2797 1872 3042 1926 criminis
3099 1887 3258 1942 pcena
3307 1872 3358 1925 in
3413 1871 3722 1926 universum

2147 1975 2213 2014 ex
2253 1961 2341 2016 illo
2371 1975 2553 2017 semen
2582 1977 2643 2016 ac
2664 1978 2834 2032 genus
2863 1964 3250 2022 extenderetur
3281 1982 3294 2018 :
3323 1980 3445 2018 nam
3479 1963 3625 2020 velut
3651 1978 3719 2017 ex

2149 2064 2404 2124 corrupta
2460 2055 2642 2109 radice
2677 2055 2810 2121 nati,
2868 2055 3261 2125 corruptibiles
3293 2055 3394 2126 ipsi
3425 2070 3639 2124 quoque.
3667 2063 3725 2108 et

2149 2151 2344 2205 mortis
2399 2149 2611 2218 laqueis
2666 2150 2946 2206 constricti
3007 2149 3458 2220 permanebamus
3519 2148 3722 2204 miseri.

2148 2242 2341 2298 Postea
2378 2257 2506 2297 vero
2555 2258 2715 2311 quam
2773 2243 2840 2298 de
2870 2244 3026 2298 nobis
3056 2243 3145 2298 ille
3197 2243 3447 2297 conditor
3500 2240 3724 2295 meliora

2149 2335 2424 2405 cogitavit,
2444 2343 2497 2388 et
2529 2335 2880 2404 corruptione
2927 2334 3137 2390 sublata
3179 2334 3437 2398 hominis,
3473 2343 3724 2386 naturam

2151 2425 2450 2480 reformare
2476 2425 2542 2478 ad
2579 2425 2819 2494 priorem
2851 2435 3052 2478 statum
3083 2426 3271 2487 voluit,
3307 2424 3544 2478 radicem
3594 2438 3729 2493 quo-

2150 2515 2439 2571 dammodo
2477 2514 2634 2569 nobis
2665 2514 2890 2570 alteram
2923 2515 3170 2582 protulit,
3195 2530 3314 2583 quae
3359 2514 3530 2569 teneri
3553 2524 3730 2569 morte

2153 2620 2256 2660 non
2295 2613 2497 2675 posset,
2556 2604 2727 2671 illum,
2759 2605 3000 2676 inquam,
3033 2621 3197 2660 unum
3230 2606 3513 2662 Dominum
3545 2605 3728 2660 Jesum

2149 2699 2450 2764 Christum,
2484 2699 2588 2752 hoc
2613 2707 2713 2763 est,
2753 2698 2903 2752 illum
2955 2715 3022 2754 ex
3055 2699 3223 2768 ipsius
3267 2697 3503 2754 essentia
3559 2679 3728 2752 Deum

2151 2787 2390 2841 Verbum
2453 2788 2519 2840 ad
2557 2799 2799 2843 nostram
2848 2788 3258 2844 similitudinem
3305 2787 3507 2842 factum
3553 2785 3732 2842 homi-

2152 2893 2300 2942 nem,
2332 2877 2539 2932 factum
2583 2893 2652 2934 ex
2710 2879 2938 2934 muliere
2958 2879 3025 2934 “.
3057 2878 3242 2949 Neque
3275 2879 3419 2933 enim
3457 2877 3731 2934 Dciferum

2151 2984 2273 3025 esse
2299 2969 2572 3023 hominem
2611 2969 2921 3039 promiscue
2959 2969 3219 3034 dicimus,
3249 2971 3340 3024 sed
3383 2968 3512 3023 illud
3557 2969 3731 3038 ipsum

2149 3063 2447 3118 secundum
2507 3062 2795 3117 veritatem
2818 3076 2909 3141 .ex
2961 3062 3071 3116 Deo
3129 3059 3359 3116 Verbum
3394 3062 3547 3116 carui
3608 3061 3737 3115 υηίεε

2152 3165 2264 3209 tum
2291 3155 2481 3218 fuisse,
2509 3161 2568 3210 ut
2600 3153 2822 3224 propria
2840 3153 3022 3207 anima
3042 3167 3140 3221 pro
3169 3152 3323 3207 nobis
3349 3151 3542 3220 posita,
3561 3161 3615 3205 et
3636 3166 3736 3208 suo

2149 3261 2380 3316 corpore
2441 3247 2652 3302 ratione
2706 3245 3102 3316 dispensatoria
3151 3245 3313 3300 morti
3362 3252 3584 3314 propter
3637 3258 3736 3300 nos

2155 3337 2309 3406 121
2336 3335 2518 3391 oblato
2546 3353 2562 3402 ;
2596 3335 2796 3390 deinde
2843 3349 2942 3404 per
2997 3333 3454 3390 resurrectionem
3484 3349 3552 3388 ex
3583 3349 3733 3389 more

2151 3429 2260 3485 tuis
2295 3429 2506 3485 victore
2535 3428 2901 3497 corruptionis
2929 3425 3146 3491 eﬂ‘ecto,
3167 3426 3420 3482 omnibus
3453 3427 3506 3480 in
3539 3442 3600 3481 se
3621 3440 3736 3482 cre-

2153 3523 2407 3579 dentibus
2445 3521 2605 3577 iidem
2649 3520 2878 3586 faceret,
2931 3519 3048 3575 fore
3079 3529 3137 3574 ut
3165 3535 3264 3574 nos
3298 3521 3462 3574 etiam
3515 3519 3735 3580 excitet,

2153 3630 2218 3671 ac
2251 3615 2442 3670 mortis
2478 3613 2710 3668 vinculis
2740 3612 2930 3668 reddat
2960 3611 3234 3678 fortiores,
3269 3599 3324 3664 et
3373 3607 3736 3678 corruptionis

2156 3709 2292 3762 retia
2329 3707 2798 3777 parvipendentes.
2832 3703 2944 3760 Hac
2969 3705 3037 3760 de
3061 3719 3229 3760 causa
3264 3703 3480 3758 beatum
3518 3715 3736 3772 quoque

2154 3798 2380 3853 Paulum
2410 3807 2542 3868 puto
2573 3798 2788 3868 plurimi
2810 3796 3004 3852 fecisse
3040 3806 3098 3851 et
3135 3795 3373 3850 maxime
3402 3795 3728 3849 admiratum

2157 3890 2326 3945 fuisse
2352 3889 2446 3944 Dei
2471 3899 2526 3944 et
2551 3889 2733 3944 Patris
2771 3889 2823 3942 in
2859 3902 2956 3943 nos
3005 3887 3351 3942 charitatem.
3403 3883 3548 3938 Dixit
3587 3885 3731 3937 enim

2158 3982 2261 4038 hoc
2291 3984 2493 4038 modo:
2525 3999 2544 4033 ι
2582 3980 2720 4048 Quid
2751 3995 2884 4051 ergo
2919 3979 3160 4034 dicemus
3197 3977 3264 4030 ad
3300 3976 3414 4030 haec
3443 3975 3467 4029 τ
3506 3973 3561 4030 Si
3599 3977 3736 4030 Deus

2157 4089 2256 4146 pro
2303 4073 2478 4140 nobis,
2529 4073 2651 4144 quis
2703 4081 2892 4128 contra
2928 4085 3025 4126 nos
3057 4069 3082 4124 ?
3113 4069 3207 4139 qui
3233 4068 3451 4138 proprio
3478 4065 3616 4121 Filio
3637 4080 3736 4120 suo
3813 4138 3824 4158 λ

2161 4182 2266 4222 non
2296 4165 2558 4236 pepercit,
2592 4165 2686 4220 sed
2715 4179 2813 4234 pro
2831 4163 2988 4218 nobis
3013 4161 3263 4217 omnibus
3289 4158 3512 4214 tradidit
3537 4159 3734 4227 ipsum,

2160 4259 2432 4328 quomodo
2464 4273 2570 4312 non
2597 4256 2760 4312 etiam
2796 4271 2918 4310 cum
2965 4255 3081 4325 ipso
3136 4253 3315 4308 omnia
3360 4250 3518 4306 nobis
3567 4251 3736 4304 dona-

475 4343 676 4412 ήμῶν;
703 4345 762 4408 ὃς
790 4363 853 4414 γε
886 4346 982 4400 τοῦ
1014 4349 1145 4403 ίδίου
1177 4351 1304 4405 Υἱοῦ
1341 4353 1440 4406 οὑκ
1475 4353 1748 4423 ἐφείσατο,
1775 4355 1888 4408 ἀλλ’
1920 4355 2049 4426 ὑπὲρ

2163 4352 2246 4409 bit
2275 4352 2320 4384 ”
2346 4351 2370 4405 7
2405 4370 2424 4404 ι
2460 4349 2722 4417 Quamvis
2756 4348 2901 4403 enim
2933 4344 3316 4416 quamplurimi
3347 4343 3594 4399 homines
3623 4356 3740 4411 gra-

475 4434 638 4503 ium»;
683 4435 902 4490 πάντων
955 4440 1270 4510 παρέδωκεν
1299 4443 1482 4509 αὑτὸν,
1519 4445 1634 4508 πῶς
1675 4447 1795 4516 οὐχὶ
1839 4447 1932 4498 καὶ
1957 4447 2056 4499 σὺν

475 4525 626 4594 αύτῷ
653 4526 722 4579 τά
755 4529 937 4583 πάντα
987 4533 1119 4601 ἡμῖν
1160 4535 1484 4606 χαρίσεται;
1526 4555 1544 4586 ι
1579 4537 1770 4590 Καίτοι
1818 4536 2061 4590 πλεῖστοι.

480 4618 580 4686 μὲν
611 4618 750 4683 ὅσοι,
780 4621 964 4691 χάριτί
991 4639 1049 4675 τε
1081 4625 1175 4677 καὶ
1213 4626 1352 4678 κατὰ
1383 4627 1531 4680 θέσιν
1573 4629 1680 4680 υἱοί
1700 4646 1713 4658 °
1743 4627 2062 4699 κεκλήμεθα

478 4707 590 4776 γὰρ
623 4707 756 4769 θεοὶ,
801 4711 895 4762 καὶ
934 4712 1040 4765 υἱοὶ
1081 4713 1336 4782 Ὑψίστου
1372 4716 1600 4779 πάντες’
1633 4711 1714 4779 εἷς
1751 4716 1807 4769 δὲ
1838 4718 1932 4770 καὶ
1961 4715 2056 4786 μόε

478 4816 574 4862 νος
618 4802 647 4853 6
694 4802 836 4856 κατά
889 4802 1052 4872 φύσιν
1082 4808 1177 4859 καὶ
1212 4807 1340 4870 ἴδιος
1379 4807 1569 4873 αὑτοῦ,
1611 4810 1909 4872 τουτέστιν,
1945 4811 1972 4861 6
2000 4809 2060 4876 ἐξ

558 4955 603 4986 ⁸⁵
637 4951 871 5025 Philipp.
915 4970 974 5016 ιι,
1012 4957 1064 5010 7.
1143 4957 1188 4989 "
1221 4956 1382 5014 Hebr.
1418 4976 1476 5022 ιι,
1517 4958 1604 5014 Η.
1665 4961 1707 4992 ’⁷
1741 4958 1898 5013 Rom.
1936 4975 1988 5025 v,
2025 4959 2044 5012 l

2189 4960 2234 4990 "
2265 4959 2437 5016 Galat.
2472 4976 2542 5024 tv,
2570 4957 2624 5012 ιι.
2703 4957 2747 4986 ’⁸
2787 4955 2944 5013 Rom.
2970 4968 3088 5018 vui,
3131 4952 3218 5004 51.

518 5024 556 5083 6
583 5042 597 5089 ;
625 5023 784 5078 Juan.
827 5041 878 5091 Χ,
921 5027 1008 5079 54.

2163 4444 2236 4498 tia
2286 4451 2342 4498 et
2391 4443 2679 4512 adoptione
2718 4441 2888 4496 simus
2915 4438 3008 4491 lilii
3037 4435 3250 4508 (vocati
3284 4447 3514 4502 namque
3552 4445 3739 4486 sumus

2164 4535 2260 4597 dii,
2293 4543 2348 4588 et
2391 4533 2484 4588 lilii
2517 4531 2731 4587 Excelsi
2776 4545 2966 4586 omnes
2990 4529 3094 4599 ⁸⁸),
3130 4541 3269 4584 unus
3302 4534 3479 4579 tamen
3511 4533 3566 4578 et
3591 4523 3739 4577 solus

2163 4625 2255 4680 ille
2280 4634 2366 4681 est
2397 4627 2692 4680 secundum
2740 4632 3017 4684 naturam,
3072 4618 3294 4688 ejusque
3345 4615 3616 4686 proprius,
3651 4612 3740 4666 ille

2164 4715 2418 4770 nimirum
2454 4728 2522 4768 ex
2557 4714 2672 4782 ipso
2706 4710 2850 4766 Deus
2887 4709 3147 4774 Verbum,
3203 4721 3268 4760 eo
3329 4716 3542 4773 quoque
3603 4711 3740 4754 tem-

2166 4821 2296 4876 pore
2321 4821 2442 4861 cum
2469 4805 2644 4860 factus
2672 4814 2756 4859 est.
2784 4818 2934 4857 caro.
2973 4801 3065 4858 Sic
3102 4813 3334 4867 namque
3365 4794 3737 4864 ipsumetiam

3297 4951 3342 4982 ³⁸
3369 4949 3511 5006 PsaL
3548 4965 3738 5016 LXXXI,

1745 5180 1902 5235 ANT.
1945 5178 2218 5236 AGELLII
2258 5179 2489 5236 ΝοτιιΕ.

561 5339 673 5406 (33)
703 5337 774 5390 De
839 5346 1062 5406 peccato
1102 5337 1328 5408 originis
1374 5337 1444 5408 ita
1497 5347 1684 5408 aperte
1727 5337 1965 5402 disserit,
1997 5350 2057 5393 ut

492 5410 606 5464 fere
631 5409 986 5476 Augustinum
1015 5406 1480 5477 legere'videaris,
1512 5406 1600 5477 qui
1638 5406 1754 5474 ejus
1783 5417 1942 5462 aetate
1973 5409 2054 5462 vi-

493 5483 604 5541 xit;
641 5481 802 5546 idque
831 5493 936 5530 non
965 5477 1135 5531 solum
1170 5477 1220 5531 in
1265 5479 1364 5532 hoc
1397 5481 1644 5543 dogmate
1679 5478 1862 5531 videre
1904 5478 2053 5541 licet,

498 5551 782 5603 maximam
832 5549 972 5600 inter
1003 5548 1139 5602 duos
1189 5550 1286 5601 hos
1340 5547 1528 5601 Patres
1577 5563 1697 5602 esse
1741 5549 2059 5601 consensio—

501 5637 639 5683 ucut,
672 5633 852 5672 verum
911 5618 1069 5672 etiam
1107 5620 1158 5673 iu
1205 5618 1386 5672 multis
1415 5618 1554 5684 aliis,
1585 5627 1646 5672 :t‘t:
1695 5617 1962 5686 prteripue
2004 5619 2055 5672 in

593 5890 620 5924 Ι

2165 5341 2247 5394 his
2284 5355 2402 5408 quae
2447 5346 2632 5392 contra
2687 5335 2888 5405 Pelagii
2937 5334 3222 5408 opiniones
3273 5342 3533 5408 pugnant,
3577 5343 3630 5384 et
3689 5332 3738 5384 in

2164 5402 2512 5479 processione
2551 5408 2782 5476 Spiritus
2822 5402 3034 5479 fsancti,
3075 5419 3238 5474 quem
3276 5402 3312 5457 Va
3349 5402 3484 5479 Filio
3527 5417 3738 5479 quoque

2165 5473 2456 5604 grocedere
2486 5473 2684 5532 asserit
2716 5486 2771 5530 ut
2807 5473 3158 5547 Augustinus,
3195 5486 3250 5528 ιιι
3282 5476 3558 5540 superiore
3603 5473 3738 5525 libro

2205 5551 2451 5605 issetuit.
