4002 6192
279 209 375 263 2-H

1265 201 1320 255 S.
1365 200 1632 256 CYIilLLl
1677 201 2139 260 ALEXANDRINI
2185 209 2501 269 ARCIIIEP.

3421 205 3525 260 212

280 342 378 395 pro
428 325 678 380 omnibus
710 325 891 379 datum
937 323 1192 386 dicimus,
1243 333 1300 377 ut
1357 325 1468 392 ipse
1522 325 1678 392 plane
1721 323 1839 376 ait:

1964 330 2113 384 ίύτοῦ
2147 332 2277 396 Θεὸς
2320 334 2511 401 Λόγος,
2550 300 2763 386 καὶδτε
2807 331 2997 398 γέγονε
3031 326 3185 398 σάρξ.
3226 323 3384 378 Οὕτω
3417 323 3526 393 γὰρ

285 437 302 468 ι
339 417 428 470 Sic
457 417 598 471 Deus
630 417 816 470 dilexit
845 415 1122 479 mundum,
1156 423 1214 468 ut
1240 413 1434 468 Filium
1464 429 1619 469 suum
1656 414 1844 481 unige-

281 509 450 583 nitum
504 508 677 570 daret,
721 515 776 560 ut
827 508 1007 578 omnis
1041 507 1130 577 qui
1180 507 1355 562 credit
1399 506 1450 560 in
1495 506 1693 574 ipsum,
1740 520 1845 560 non

281 607 486 664 pereat,
528 597 620 651 sed
663 596 861 652 habeat
892 598 1057 652 vitam
1085 609 1339 652 aeternam
1367 598 1431 650 ³⁸.
1464 615 1483 649 ι
1529 597 1849 668 Unigenitus

280 697 360 742 est
399 703 526 760 ergo
559 688 651 744 ille
679 691 837 744 datus
873 709 885 744 :
919 705 1041 746 nam
1074 690 1247 745 solum
1276 700 1360 746 est
1399 705 1463 745 ex
1515 689 1608 744 Dei
1644 688 1850 743 Patris-

269 793 385 847 ,que
413 787 595 833 natum
644 781 880 835 essentia
915 781 1042 834 illud
1077 796 1140 835 ex
1169 797 1233 836 eo
1270 791 1323 835 et
1371 780 1424 834 in
1474 795 1540 835 eo
1586 780 1846 835 Verbum.

282 868 390 924 Sed
422 871 544 939 quia
584 871 784 926 factum
837 881 919 927 est
962 874 1145 937 homo,
1196 888 1259 928 ea
1313 873 1380 928 de
1435 887 1596 927 causa
1646 873 1697 925 in
1727 887 1848 925 enm

281 961 578 1026 credimus,
602 961 746 1018 illius
770 965 1065 1019 secundum
1117 980 1336 1020 carnem
1383 963 1587 1019 obitam
1621 973 1848 1018 mortem

282 1054 695 1117 annuntiantes,
717 1064 772 1108 et
807 1040 980 1109 simul
1000 1057 1450 1111 resurrectionem
1479 1055 1796 1112 confitentes
1833 1074 1848 1122 ;

283 1144 530 1200 eumdem
579 1145 813 1200 scientes
844 1156 895 1201 et
943 1156 1070 1201 ante
1118 1147 1314 1201 saecula
1345 1145 1850 1213 Filium,etextre-

283 1235 387 1289 mis
417 1236 751 1303 temporibus
786 1238 1180 1306 dispensatorie
1214 1238 1506 1304 hominem,
1529 1251 1853 1308 passumque

283 1337 502 1396 propter
528 1343 626 1382 nos
663 1339 888 1384 mortem
923 1345 1105 1396 carne,
1134 1342 1189 1384 et
1218 1331 1510 1385 excitatum
1538 1345 1567 1382 a
1599 1330 1849 1386 mortuis.

286 1416 392 1472 Sed
441 1419 625 1475 nescio
647 1422 915 1490 quomodo
947 1422 1034 1477 hic
1068 1421 1375 1478 Judaaorum
1405 1423 1646 1478 stultitiae
1673 1433 1854 1493 patro-

283 1523 386 1569 nus
415 1512 617 1568 nostris
656 1513 836 1570 verbis
881 1514 1227 1590 indignatur;
1265 1531 1390 1570 nam
1425 1529 1637 1571 rursum
1679 1514 1851 1568 dixit:

353 1774 589 1832 Nesron.
622 1778 798 1850 [Quod
835 1780 886 1833 in
937 1780 1216 1835 nativitate
1258 1795 1320 1833 ex
1353 1779 1551 1835 Christi
1595 1779 1856 1848 genitrice

285 1864 508 1934 Vlrgine
538 1868 720 1922 divina
751 1869 1033 1937 Scriptura
1062 1881 1228 1941 ponat
1258 1870 1379 1924 Filii
1423 1884 1640 1934 nomen,
1672 1868 1856 1923 decla-

285 1957 543 2011 ravimus.
572 1959 709 2013 Audi
735 1959 869 2028 jam,
905 1960 1028 2014 etin
1071 1963 1268 2027 morte,
1307 1960 1477 2015 sicubi
1515 1959 1728 2014 tandem
1766 1959 1857 2013 Dei

286 2060 482 2102 nomen
506 2055 588 2101 est
612 2048 867 2116 positum,
897 2057 951 2101 nt
977 2049 1285 2118 passibilem
1309 2048 1474 2104 Deum
1497 2048 1816 2103 inducamus
1842 2065 1856 2102 :

293 2153 312 2186 ι
347 2135 480 2192 Cum
521 2137 724 2192 inimici
755 2153 1017 2204 essemus,
1063 2138 1254 2210 inquit,
1294 2138 1628 2194 reconciliati
1671 2153 1860 2194 sumus

289 2225 398 2281 Deo
425 2242 522 2297 per
550 2238 776 2282 mortem
804 2229 925 2286 Filii
948 2230 1064 2300 ejus
1086 2231 1149 2284 ³¹.
1190 2250 1208 2284 ι
1247 2231 1362 2287 Non
1404 2232 1558 2298 dixit,
1593 2248 1690 2303 per
1715 2248 1861 2289 mor-

289 2326 394 2372 tem
426 2317 520 2373 Dei
551 2318 760 2391 Verbi.]

954 2462 1106 2518 CAP.
1149 2463 1190 2516 Ι.

361 2569 558 2625 Verum
585 2585 718 2627 sane
753 2573 1012 2643 scriptum
1049 2572 1180 2628 illud
1207 2580 1328 2628 est:
1361 2590 1382 2624 ι
1423 2571 1608 2628 Justus
1639 2572 1779 2642 perit
1807 2573 1858 2628 in

286 2661 491 2729 iustitia
519 2677 614 2717 sua
637 2648 761 2717 ⁸⁸.’›
800 2663 932 2716 Nam
961 2664 1124 2716 etiam
1160 2664 1374 2716 tirmum
1403 2654 1723 2732 quandoque
1753 2663 1863 2717 ani-

290 2769 462 2818 mum,
497 2753 565 2807 ab
598 2768 664 2808 eo
691 2755 833 2823 quod
861 2769 1072 2823 aequum
1107 2764 1210 2819 est,
1243 2753 1439 2808 avertit
1475 2755 1638 2809 homo
1669 2756 1734 2808 ad
1766 2767 1863 2808 no-

289 2848 517 2903 cendum
537 2846 1016 2917 compositus(5£),
1030 2861 1149 2901 cum
1169 2845 1416 2900 utilitatis
1435 2847 1665 2915 speciem
1685 2847 1862 2901 laten-

291 2949 375 2994 ter
403 2939 600 2994 induit.
637 2939 797 2994 Putat
837 2939 982 2994 enim
1019 2939 1162 2994 haud
1203 2940 1550 2995 mediocriter
1590 2953 1650 2994 se
1692 2939 1862 3010 pieta-

288 3041 398 3091 tem
440 3031 636 3098 colere,
673 3032 797 3087 dum
829 3031 881 3087 id
913 3031 1236 3088 conﬁrmare
1265 3031 1457 3085 nititur
1485 3032 1626 3101 quod
1672 3045 1860 3086 omnes

291 3125 618 3184 conﬁtentur
651 3141 664 3179 :
692 3133 748 3181 et
777 3126 882 3181 hac
911 3127 978 3180 de
1008 3138 1170 3178 causa
1198 3122 1331 3177 dicit
1358 3121 1506 3176 illum
1531 3135 1596 3176 ex
1623 3121 1732 3176 Deo
1759 3121 1860 3175 Pa-

290 3226 376 3273 tre
425 3216 625 3272 Filium
686 3233 754 3274 ex
805 3225 995 3274 natura
1059 3229 1154 3270 sua
1217 3215 1374 3284 longe
1433 3226 1463 3266 a
1520 3211 1863 3282 passionibus

291 3311 501 3376 abesse,
539 3309 697 3380 122
721 3317 776 3364 et
803 3309 1000 3367 tentari
1032 3317 1206 3364 morte
1233 3316 1293 3361 ut
1323 3308 1486 3363 Deum
1521 3307 1669 3378 nullo
1699 3307 1862 3362 modo

290 3418 475 3474 posse,
501 3418 625 3456 nam
655 3405 770 3472 ipsa
793 3403 905 3457 vita
934 3402 1120 3472 utique
1147 3401 1329 3471 aliquo
1355 3401 1515 3456 modo
1543 3409 1860 3455 moreretur.

294 3495 401 3552 Sed
441 3505 705 3566 repugnat
735 3503 912 3551 tamen
940 3495 1101 3549 etiam
1129 3508 1270 3555 nunc
1295 3491 1548 3548 Ecclesiae
1576 3491 1862 3562 dogmatis,

292 3585 439 3647 illam
467 3586 744 3656 Unigeniti
783 3601 904 3641 cum
941 3599 1107 3641 carne
1139 3584 1596 3654 dispensationem
1641 3583 1865 3642 omnino

293 3687 671 3748 contemnens,
705 3685 761 3734 et
789 3678 922 3732 tanti
971 3677 1218 3749 mysterii
1262 3675 1680 3747 profunditatem
1715 3673 1865 3730 nullo

292 3767 455 3821 modo
483 3767 855 3823 considerans.
898 3766 1060 3822 Certe
1103 3767 1148 3822 si
1191 3759 1276 3821 vel
1309 3765 1410 3835 ipsi
1455 3764 1866 3834 exquireremus

292 3857 596 3929 qualisnam
637 3859 709 3914 sit
737 3858 826 3913 illa
869 3856 1030 3914 Verbi
1074 3867 1288 3926 natura,
1321 3857 1405 3912 vel
1435 3858 1479 3912 si
1520 3856 1642 3912 aliis
1672 3869 1866 3926 rogan-

293 3949 437 4002 tibus
482 3963 545 4003 ac
599 3948 812 4004 discere
872 3947 1211 4017 cupientibus
1257 3959 1675 4017 exponeremus,
1723 3953 1869 4001 esset

292 4037 478 4106 procul
542 4038 704 4094 dubio
772 4053 1110 4110 consequens
1173 4053 1238 4094 ac
1292 4038 1706 4100 necessarium,
1770 4051 1868 4108 per

291 4143 483 4191 omnes
521 4130 797 4196 sapientes
830 4145 1095 4201 verasque
1132 4129 1431 4184 sententias
1468 4128 1710 4183 studiose
1741 4141 1867 4197 per-

293 4217 581 4280 currendo.
621 4220 824 4273 nullum
855 4235 976 4275 esse
1001 4221 1158 4275 morti
1185 4219 1250 4273 ad
1287 4219 1432 4272 illam
1461 4233 1736 4274 accessum
1762 4259 1776 4283 ,
1810 4229 1868 4274 et

1947 419 2110 472 αὑτὸν
2151 423 2244 474 καὶ
2287 423 2426 493 ὑπὲρ
2461 425 2677 476 πάντων
2703 420 2945 473 δεδόσθαι
2998 417 3202 487 φαμὲν,
3241 413 3388 468 καθά
3431 413 3526 465 καὶ

1949 512 2111 576 αὑτός
2144 513 2245 566 πού
2276 532 2438 584 φησιν
2463 531 2475 543 ’
2514 533 2532 564 ι
2571 513 2724 566 Οῦτω
2754 511 2860 582 γὰρ
2889 509 3177 580 ἠγάπησεν
3212 508 3240 558 6
3273 505 3405 568 Θεὸς
3435 504 3525 556 τὸν

1950 603 2175 674 κόσμον,
2206 605 2346 659 ὥστε
2390 606 2480 659 τὸν
2512 605 2637 659 Υἱὸν
2678 603 2843 658 αὐτοῦ
2879 603 2969 656 τδν
3007 601 3270 672 μονογενῆ
3302 597 3524 653 ἔδωκεν.

1951 694 2038 748 ἵνα
2070 698 2176 760 πᾶς
2205 699 2233 749 6
2266 697 2532 750 πιστεύων
2560 698 2638 759 εἰς
2667 694 2828 748 αὐτὸν
2860 694 2934 764 μὴ
2963 692 3254 762 ἀπόληται,
3287 689 3400 742 ἀλλ’
3426 688 3527 758 ἔχῃ

1951 783 2097 858 ζωὴν
2130 785 2365 840 αἰώνιον.
2408 807 2425 834 ι
2465 786 2774 857 Μονογενὴς
2807 785 2905 856 μὲν
2927 780 3019 838 οὗν
3047 786 3075 838 ὀ
3111 782 3289 844 δοθείς
3309 797 3322 810 ⁸
3351 779 3525 846 ἀνέφυ

1951 877 2060 948 γὰρ
2095 879 2252 949 μόνος
2288 882 2352 933 ἐκ
2395 881 2493 949 τῆς
2520 879 2610 933 τοῦ
2643 879 2778 933 Θεοῦ
2817 879 2910 936 καὶ
2937 876 3150 946 [ἰατρὸς
3187 873 3375 936 οὐσίας
3409 873 3438 925 6
3469 872 3527 937 ἐξ

1951 969 2113 1023 αὐτοῦ
2143 987 2201 1022 τε
2233 971 2326 1022 καὶ
2353 971 2412 1022 ἐν
2441 969 2589 1040 αύτῷ
2626 970 2814 1038 Λόγος.
2858 966 3078 1037 Ἐπειδὴ
3102 966 3160 1018 δὲ
3189 964 3414 1032 γέγονεν
3437 962 3529 1015 ἀν-

1953 1060 2192 1131 θρωπος,
2216 1059 2391 1134 ταύτῃ
2419 1079 2498 1115 τοι
2526 1061 2624 1130 τὴν
2663 1064 2743 1124 εἰς
2779 1060 2941 1113 αὐτὸν
2976 1056 3279 1126 ποιούμεθα
3322 1055 3526 1116 πίστιν,

1951 1153 2044 1206 τὸν
2079 1153 2220 1206 κατά
2252 1152 2428 1223 σάρκα
2462 1152 2689 1206 θάνατον
2719 1151 2881 1205 αὑτοῦ
2921 1146 3404 1214 καταγγέλλοντες,
3436 1145 3532 1196 καὶ

1955 1243 2339 1313 ὁμολογοῦντες
2385 1243 2482 1313 τὴν
2516 1244 2812 1296 ἀνάστασιν
2833 1257 2845 1269 ⁸
2877 1240 2966 1293 τὴν
3004 1239 3165 1292 αὐτὸν
3205 1237 3405 1298 εἰδότες
3436 1235 3530 1287 καὶ

1955 1333 2283 1405 προαιὼνιον
2315 1333 2464 1396 Υἱὸν,
2496 1334 2589 1386 καὶ
2619 1334 2677 1384 ὲν
2722 1333 2969 1401 ἐσχάτοις
3003 1331 3214 1398 καιροῖς
3242 1326 3529 1397 ἄνθρωπον

1955 1427 2334 1496 οἰκονομικῶς,
2379 1426 2618 1479 παθόντα
2663 1441 2722 1477 τε
2764 1423 2927 1494 σαρκὶ
2971 1422 3036 1474 δι’
3068 1422 3214 1492 ἡμᾶς
3246 1419 3336 1471 τὸν
3365 1417 3530 1472 θάνα-

1955 1533 2065 1579 τον,
2098 1518 2191 1570 καὶ
2214 1516 2581 1587 ἐγηγερμένον
2607 1518 2670 1569 ὲκ
2691 1515 2919 1584 νεκρῶν.
2959 1512 3100 1565 Ἀλλ’
3135 1513 3234 1564 οὐκ
3261 1505 3357 1562 οἷδ’
3383 1510 3531 1570 ὅπως

1957 1613 2069 1672 τοῖς
2102 1612 2232 1681 παρ’
2266 1610 2422 1681 ἡμῶν
2467 1609 2795 1678 ὲπασχάλλει
2825 1606 3004 1674 λόγοις
3043 1607 3070 1658 6
3115 1607 3214 1674 τῆς
3257 1602 3532 1656 Ἰουδαίων

1961 1700 2201 1770 ἀμαθίας
2216 1701 2528 1773 ’συνήγορος
2549 1717 2561 1731 ο
2594 1700 2699 1770 ἔφη
2737 1698 2845 1768 γάρ
2876 1698 3036 1752 πάλιν
3059 1713 3070 1726 ο

2031 1792 2176 1865 [Ὅτι
2217 1793 2314 1863 μὲν
2338 1789 2430 1846 οὖν
2456 1792 2547 1845 ἐπὶ
2577 1791 2678 1859 τῆς
2719 1791 3021 1858 γεννήσεως
3047 1787 3146 1855 τῆς
3179 1786 3240 1838 ἐκ
3274 1783 3374 1850 τῆς
3397 1783 3532 1852 Χρι-

1962 1885 2214 1938 στοτόκου
2263 1883 2534 1954 Παρθένου
2563 1881 2743 1952 τίθησι
2787 1880 2865 1942 τὸ,
2901 1879 3050 1941 Υἱός,
3087 1880 3118 1946 ὴ
3154 1876 3288 1929 θεία.
3317 1874 3534 1945 Γραφὴ.

1958 1976 2358 2046 δεδηλώκαμεν.
2395 1976 2660 2028 Ἀκουσον
2705 1973 2759 2026 δὲ
2795 1971 2888 2024 καὶ
2937 1969 3030 2022 ἐπὶ
3056 1965 3149 2020 τοῦ
3191 1965 3443 2027 θανάτου,
3485 1966 3534 2017 εί

1959 2069 2076 2121 ἔστι
2123 2067 2249 2121 ποτὲ
2287 2066 2538 2136 κείμενος
2581 2065 2609 2116 6
2642 2062 2793 2126 Θεός,
2838 2061 2926 2112 ἴνα
2976 2056 3216 2126 παθητὸν
3261 2055 3352 2108 τὸν
3402 2055 3536 2108 Θεὸν

1960 2158 2374 2227 εἰσαγάγωμεν·
2412 2174 2429 2205 ι
2482 2153 2719 2224 Ἐχθροί,
2755 2151 2955 2220 φησιν,
3001 2149 3150 2210 ὅντες
3191 2145 3537 2216 κατηλλάγη-

1964 2264 2063 2318 μεν
2090 2246 2167 2316 τῷ
2191 2245 2308 2316 Θεῷ
2333 2244 2420 2298 διὰ
2445 2243 2540 2296 τοῦ
2575 2241 2803 2294 θανάτου
2837 2238 2930 2291 τοῦ
2963 2235 3093 2290 Υἱοῦ
3128 2234 3316 2289 αὑτοῦ.
3366 2254 3384 2285 ι
3424 2233 3536 2286 Οὐκ

1962 2337 2105 2403 εἷπε,
2131 2339 2220 2392 διὰ
2245 2337 2336 2390 τοῦ
2373 2337 2601 2389 θανάτου
2627 2331 2720 2386 τοῦ
2749 2331 2884 2384 Θεοῦ
2920 2326 3149 2398 Λόγου.]

2558 2470 2806 2523 ΚΕΦΑΛ.
2850 2470 2928 2520 A'.

2046 2588 2271 2659 Ἀληθὲς
2302 2587 2382 2640 ὅτι
2410 2585 2550 2638 κατά
2577 2583 2638 2637 τὸ
2669 2578 3057 2654 γεγραμμένον
3083 2575 3226 2629 ἐστί·
3263 2594 3281 2625 ι
3319 2574 3530 2634 Δίκαιος

1963 2681 2337 2757 ἀπολλύμενος
2383 2681 2439 2731 ὲν
2489 2675 2680 2746 δικαίῳ
2727 2670 2914 2728 αὐτοῦ.
2955 2688 2974 2722 ι
3016 2667 3303 2739 ’Δποφέρει
3349 2666 3406 2718 δὲ
3436 2663 3535 2757 τοῦ

1963 2756 2191 2837 εἰκότος,
2223 2773 2318 2826 καὶ
2344 2770 2434 2824 τὸν
2475 2765 2534 2823 εὗ
2577 2766 2848 2837 βεϐηκότα
2896 2762 3040 2825 νοῦν,
3067 2761 3167 2830 τὴν
3207 2759 3298 2812 τοῦ
3332 2756 3538 2826 συμφέ-

1965 2881 2150 2939 ροντος
2183 2864 2401 2934 δόκησιν
2428 2859 2738 2931 ὑποτρέχων
2777 2855 2888 2921 ἔσθ’
2912 2857 3021 2916 ὅτε,
3055 2853 3118 2907 τὸ
3142 2851 3385 2920 πεφυκὸς
3420 2849 3538 2902 ἀδι-

1965 2958 2101 3011 κεῖν.
2135 2955 2319 3008 Οίεται
2355 2953 2451 3021 μὲν
2480 2949 2588 3021 γάρ
2617 2949 2675 3002 ού
2718 2946 2956 3019 μετρίως
2986 2944 3248 3007 εὐσεϐεῖν,
3283 2941 3346 2993 τὸ
3375 2941 3542 2993 πᾶσιν

1965 3043 2393 3117 ὁμολογούμενον
2415 3041 2704 3114 κρατύνειν
2726 3037 3037 3109 ἐπιχειρῶν·
3056 3035 3229 3104 ταύτῃ
3242 3051 3323 3087 τοι
3342 3032 3540 3099 λέγων,

1963 3138 2044 3191 ὅτι
2071 3137 2213 3190 κατὰ
2263 3134 2425 3206 φύσιν
2475 3132 2609 3186 ἰδίαν
2639 3129 2896 3184 ὲπέκεινά
2928 3129 2986 3182 τέ
3031 3131 3147 3181 ἐστι
3205 3124 3418 3186 παθῶν,
3448 3122 3543 3176 καὶ

1964 3228 2196 3282 θανάτου
2226 3226 2492 3298 κρείττων
2519 3225 2592 3288 ὡς
2622 3223 2755 3286 Θεὸς
2782 3225 2810 3277 6
2843 3223 2907 3275 ὲκ
2935 3219 3067 3274 Θεοῦ
3109 3217 3320 3286 [ἰατρὸς
3347 3216 3539 3282 Λόγος·

1963 3319 2183 3389 τεθναίη
2210 3319 2318 3388 γὰρ
2341 3317 2406 3370 ἂν
2432 3315 2576 3368 κατά
2602 3332 2724 3369 τινα
2746 3313 2946 3386 τρόπον
2973 3313 3004 3382 ἠ
3039 3309 3150 3380 ζωή
3174 3327 3188 3341 ο
3214 3306 3543 3379 προσκρούει

1966 3427 2030 3478 γε
2062 3409 2166 3481 μὴν
2187 3409 2341 3462 οὐδὲν
2370 3404 2534 3479 ἦττον
2563 3406 2658 3460 καὶ
2699 3404 2794 3458 νῦν
2822 3407 2934 3468 τοῖς
2975 3404 3074 3473 τῆς
3109 3400 3434 3470 Ἐκκλησίας
3461 3397 3546 3452 60'-

1965 3519 2162 3570 γμασι,
2190 3501 2289 3571 τῆς
2322 3501 2459 3570 μετά
2489 3499 2690 3570 σαρκὸς
2720 3496 3030 3568 οἰκονομίας
3063 3493 3156 3548 τοῦ
3202 3491 3546 3559 Μονογενοῦς

1965 3595 2044 3657 είς
2076 3593 2221 3648 ἅπαν
2269 3590 2603 3663 ηφειδηκὼς,
2655 3590 2749 3644 καὶ
2780 3588 2874 3643 τοῦ
2917 3587 3218 3661 μυστηρίου
3255 3585 3317 3638 τὸ
3377 3583 3541 3654 βάθος

1966 3687 2088 3739 κατ’
2121 3685 2311 3739 οὐδένα
2354 3684 2554 3755 τρόπον
2582 3682 2797 3737 ἐννοῶν.
2830 3682 2892 3735 Ei
2931 3683 3028 3751 μὲν
3050 3676 3358 3745 ἐξετάζοιτο
3402 3674 3539 3746 πρὸς

1966 3774 2127 3845 ἡμῶν
2157 3773 2318 3827 ὁποία
2336 3773 2420 3834 τίς
2452 3774 2598 3825 ἐστιν
2628 3772 2661 3842 ἡ
2687 3769 2782 3824 τοῦ
2804 3768 2976 3836 Λόγου
3004 3767 3186 3836 φύσις,
3211 3767 3378 3836 ἤγουν
3402 3765 3536 3833 ἐρω-

1971 3866 2151 3938 μένοις
2192 3865 2287 3920 καὶ
2335 3863 2634 3934 ἀναμαθεϊν
2679 3862 2952 3916 ἐθέλουσιν
2993 3860 3220 3930 ἑτέροις,
3262 3857 3402 3927 ἡμᾶς
3451 3853 3534 3917 ἑξ-

1968 3954 2217 4028 ηγεῖσθαι
2248 3954 2390 4027 χρή·
2432 3951 2500 4025 ἦν
2529 3954 2592 4025 δή
2629 3970 2732 4006 που
2764 3949 2981 4014 πάντως
3007 3949 3298 4004 ἀκόλουθόν
3339 3965 3399 4000 τε
3448 3947 3546 3998 καὶ

1969 4049 2287 4118 ἀναγκαῖον,
2327 4047 2414 4101 διὰ
2447 4047 2627 4116 πάσης
2655 4043 2862 4108 ἐννοίας
2901 4041 3072 4110 σοφῆς
3099 4057 3159 4093 τε
3191 4041 3286 4092 καὶ
3311 4034 3547 4107 ἀληθοῦς

1973 4141 2110 4194 ἰέναι
2157 4137 2578 4203 σπουδάζοντας,
2632 4136 2925 4207 ἀπρόσιτον
2973 4129 3141 4201 αὐτὴν
3192 4127 3272 4197 τῷ
3329 4127 3551 4195 θανάτῳ⁵
3587 4131 3599 4185 χ

1968 4232 2253 4293 δεικνύειν,
2284 4231 2378 4284 καί⁴
2405 4228 2593 4282 παθῶν
2622 4228 2702 4290 εἰς
2728 4227 2872 4281 ἆπαν
2911 4221 3355 4295 ἀπηλλαγμένην.
3395 4218 3547 4272 Ἐπεὶ

294 4306 348 4359 in
371 4307 680 4361 universum
705 4324 733 4361 a
758 4309 1102 4378 passionibus
1120 4323 1238 4363 esse
1260 4317 1523 4363 remotam
1552 4309 1857 4363 ostendere.

1968 4327 2024 4380 δὲ
2052 4327 2081 4379 6
2103 4325 2201 4395 τῆς
2239 4323 2707 4395 ὲνανθρωπήσεως
2735 4319 2937 4392 τρόπος
2969 4303 3183 4371 δίδωσιν
3209 4313 3357 4384 αὐτῷ
3385 4313 3446 4365 τό
3481 4329 3548 4379 γε

295 4397 567 4462 Quoniam
603 4413 732 4453 vero
761 4399 952 4453 modus
975 4413 1082 4468 quo
1105 4399 1198 4454 ille
1224 4398 1400 4454 iactus
1429 4407 1513 4452 est
1542 4399 1722 4464 homo,
1752 4398 1866 4453 elli-

295 4488 404 4550 cit,
459 4488 603 4558 quod
659 4488 727 4543 ad
777 4482 1478 4559 rationes'dispensationis
1526 4489 1750 4555 attinet,
1808 4498 1868 4544 ut

293 4579 508 4632 etiamsi
549 4591 720 4636 carne.
765 4579 903 4634 mori
932 4579 1084 4647 velit,
1138 4580 1274 4635 nihil
1319 4579 1372 4636 in
1408 4582 1624 4650 propria
1676 4590 1865 4636 natura

294 4671 574 4740 patiatur;
604 4686 704 4734 cur
735 4686 834 4727 nos
859 4672 1060 4741 spolias
1087 4673 1470 4742 pulcherrimis
1493 4675 1870 4747 ornamentis?

293 4755 502 4820 Audisti
540 4781 776 4835 namque
804 4766 1068 4822 dicentem
1099 4781 1113 4820 :
1156 4784 1176 4818 ι
1205 4765 1399 4822 Pastor
1427 4766 1602 4823 borius
1630 4768 1866 4823 animam

295 4871 450 4910 suam
489 4858 644 4927 ponit
684 4873 785 4932 pro
813 4859 1006 4916 ovibus
1038 4859 1104 4914 “.
1145 4877 1165 4911 ι
1199 4857 1368 4929 igitur
1423 4860 1634 4916 etiamsi
1679 4875 1870 4930 passus

295 4964 417 5004 esse
444 4950 678 5017 dicatur,
707 4951 1094 5022 inipassibilem
1128 4953 1376 5008 novimus
1414 4961 1476 5005 ut
1525 4952 1714 5019 Deum,
1746 4951 1892 5024 pas-'

301 5055 418 5096 sum
457 5056 579 5097 vero
616 5059 733 5110 esse
776 5052 1001 5098 mortem
1039 5043 1431 5112 dispensatorie
1460 5059 1553 5097 sua
1596 5058 1761 5100 carne
1790 5044 1872 5098 di-

295 5133 489 5197 cimus,
521 5144 598 5200 ut,
659 5147 832 5205 morte
899 5135 1128 5200 calcata,
1171 5146 1224 5191 et
1269 5132 1557 5206 resurgens
1601 5148 1874 5210 quatenus

1968 4410 2103 4487 ἧκον
2129 4417 2208 4478 εἰς
2232 4415 2358 4477 τοὺς
2382 4412 2483 4483 τῆς
2509 4409 2821 4481 οἰκονομίας
2843 4408 3057 4475 λόγους,
3082 4405 3144 4458 τὸ
3171 4403 3274 4457 κᾶν
3301 4405 3350 4456 εἰ
3373 4402 3554 4455 ἕλοιτο

1969 4506 2222 4560 τεθνάναι
2269 4503 2453 4574 σαρκὶ,
2491 4501 2654 4573 μηδὲν
2702 4501 2781 4563 εἰς
2832 4498 2966 4551 ἰδίαν
3003 4497 3292 4564 ὑπομεῖναι
3345 4493 3544 4560 φύσιν·

1970 4598 2023 4650 τί
2050 4597 2160 4650 τῶν
2186 4595 2488 4649 καλλίστων
2517 4594 2665 4663 ἡμᾶς
2717 4590 3052 4660 αὐχημάτων
3087 4586 3436 4654 ἀποστερεῖς
3463 4585 3552 4632 At-

1972 4686 2185 4740 επύθου
2217 4686 2326 4754 γὰρ
2347 4685 2614 4752 λέγοντος,
2646 4701 2662 4732 ι
2688 4679 2746 4734 ’0
2769 4680 2974 4751 ποιμὴν
2999 4679 3028 4732 6
3057 4676 3220 4740 καλὸς
3247 4676 3342 4745 τὴν
3364 4668 3551 4743 ’ψυχὴν

1974 4779 2171 4833 ἑαυτοῦ
2221 4780 2434 4847 τίθησιν
2475 4775 2620 4845 ὑπὲρ
2651 4772 2762 4825 τῶν
2800 4771 3110 4842 προϐάτων.
3146 4787 3164 4819 ι
3206 4766 3415 4821 Οὐκοῦν
3447 4764 3551 4816 κᾶν

1974 4872 2022 4923 εἰ
2051 4869 2263 4937 λέγοιτο
2295 4867 2507 4928 παθεῖν,
2535 4863 2718 4934 ἀπαθῆ
2751 4863 2848 4934 μὲν
2873 4863 3030 4932 ῐσμεν
3051 4861 3128 4924 ὡς
3166 4859 3320 4918 Θεὸν,
3347 4873 3551 4910 πεπον-

1975 4961 2130 5027 θέναι
2161 4959 2216 5012 δέ
2243 4977 2420 5029 φαμεν
2455 4955 2812 5028 οἰκονομικῶς
2844 4944 2955 5025 ἰδίᾳ
2987 4953 3152 5024 σαρκὶ
3181 4951 3271 5004 τδν
3299 4949 3552 5010 θάνατον,

1976 5053 2065 5106 ἵνα
2100 5053 2346 5120 πατήσας
2376 5050 2557 5115 αὑτὸν,
2589 5048 2681 5102 καὶ
2711 5043 3101 5116 ἐγηγερμένος,
3135 5041 3267 5096 καθὸ
3306 5040 3550 5108 πέφυκεν

1977 5139 2112 5196 εἶναι
2138 5144 2252 5211 ζωὴ
2275 5141 2368 5195 καὶ
2395 5138 2677 5204 ζωοποιδς,
2699 5131 3166 5218 μεταστοιχειώση
3190 5131 3324 5202 πρὸς
3349 5127 3554 5215 ἀφθαρ-

366 5288 408 5318 ³¹
445 5286 603 5342 Joan.
639 5305 723 5368 ιιι,
767 5290 854 5345 16.
932 5292 978 5322 ³³
1007 5293 1164 5370 Rom.
1199 5308 1252 5356 v,
1285 5293 1370 5348 10.
1453 5295 1498 5326 ³³
1539 5295 1718 5352 Eccie.
1762 5313 1858 5358 vn,

1968 5338 1980 5350 .
2057 5296 2270 5351 8".loan.
2295 5315 2346 5365 ιι,
2380 5297 2464 5350 ll.

1564 5449 1722 5529 ANT.
1755 5451 2023 5506 AGELLll
2059 5453 2290 5506 nor/12.

366 5605 474 5674 {55)
509 5604 692 5658 Melius
746 5604 971 5674 fortasse
1019 5614 1342 5683 verteretur,
1371 5609 1505 5672 quod
1544 5620 1725 5673 suapte
1765 5621 1950 5683 natura
1986 5613 2196 5666 "ovium
2235 5621 2323 5668 τοδε.
