3966 6194
255 257 346 315 913

1270 238 1644 298 auvsasus
1680 219 2083 294 masromuu
2125 237 2254 292 LIB.
2300 238 2364 292 ν.

3347 239 3455 295 2H

257 375 360 428 σίαν
387 368 442 423 τὸ
468 366 677 436 θανάτῳ
725 362 1182 435 τυραννούμενον,
1213 362 1478 424 τουτέστι,
1513 360 1573 412 τὸ
1606 357 1786 427 σῶμα.

1909 367 2085 429 suapte
2119 368 2312 412 natura
2353 359 2459 411 vita
2490 366 2573 413 est
2600 372 2662 414 ac
2691 357 2998 421 viviﬁcans,
3036 355 3356 412 reformaret
3391 359 3456 410 ad

255 466 391 520 Οὕτω
414 475 469 513 τε
501 458 592 510 καὶ
633 461 713 520 εἰς
743 457 889 526 ἡμᾶς
917 457 950 526 ἡ
983 452 1077 508 τοῦ
1118 453 1537 524 κατορθώματος
1577 449 1794 520 διατρέ-

258 573 325 627 χει
352 553 584 622 δύναμις,
629 550 712 612 εἰς
754 548 900 602 ἆπαν
947 547 1296 616 ἐκτεινομένη
1349 543 1406 596 τὸ
1453 542 1631 610 γένος.
1681 540 1792 594 Καὶ

257 647 366 717 γοῦν
395 648 421 699 6
449 641 733 704 θεσπέσιος
775 637 986 702 Παῦλος
1006 657 1020 669 ·
1059 655 1079 690 ι
1128 636 1268 705 Ἐγὼ
1293 636 1382 691 διὰ
1417 635 1604 707 νόμου,
1636 634 1788 705 φησι,

257 740 381 807 νόμῳ
417 733 703 792 ἀπέθανον,
738 730 826 783 ἵνα
851 729 970 800 Θεῷ
1015 730 1167 797 ζήσω
1191 745 1204 758 ·
1236 726 1456 798 Χριστῷ
1501 725 1798 780 συνεσταύ-,

260 839 428 894 ρωμαι.
454 820 536 874 Ζῶ
557 819 635 881 δὲ,
660 818 844 871 οὐκέτι
884 815 1016 885 ἐγὼ,
1052 817 1118 887 ζῇ
1149 816 1205 869 δὲ
1229 817 1286 869 ὲν
1312 817 1437 886 ἐμοὶ
1461 816 1489 866 ό
1521 814 1754 886 Χριστός
1776 832 1788 846 .

259 911 294 983 ᾧ
320 915 368 966 δὲ
414 912 503 966 νῦν
531 910 635 976 ζῶ,
670 911 728 963 ὲν
777 910 959 962 πίστει
1001 908 1100 974 ζῶ,
1131 909 1187 963 ὲν
1221 907 1386 979 ι’ῑαρκλ⁵
1413 910 1482 978 τῇ
1528 907 1620 960 τοῦ
1660 906 1790 960 Υἱοῦ

259 1006 335 1061 τοῦ
357 1002 477 1059 Θεοῦ
499 1002 596 1056 τοῦ
625 1000 1011 1070 ἀγαπήσαντός
1051 1017 1139 1070 με,
1171 1001 1266 1054 καὶ
1295 999 1628 1070 παραδόντος
1661 1000 1792 1052 ἑαυ-

261 1100 334 1151 τὸν
366 1096 488 1167 δπὲρ
512 1093 674 1164 ἐμοῦ.
701 1094 814 1146 Ούκ
843 1093 1019 1147 ἀθετῶ
1045 1093 1143 1162 τὴν
1172 1093 1330 1163 χάριν
1348 1091 1442 1145 τοῦ
1472 1091 1629 1144 Θεοῦ.
1667 1110 1684 1142 ι
1719 1091 1794 1144 Οὐ

264 1188 350 1259 γὰρ
386 1186 457 1238 ἔτι
486 1184 587 1254 τὴν
637 1184 774 1237 ίδίαν
815 1182 1090 1254 διαζῶμεν
1122 1181 1286 1254 ζωὴν,
1321 1183 1420 1254 τὴν
1463 1182 1701 1255 Χριστοῦ
1739 1182 1796 1236 δὲ

270 1277 451 1346 μᾶλλον,
491 1274 590 1327 καὶ
639 1274 790 1328 ἐστιν
835 1273 1059 1346 ἀληθὲς,
1086 1274 1160 1338 ὡς
1195 1294 1212 1326 ι
1243 1269 1338 1339 Εἷς
1386 1275 1524 1346 ὑπὲρ
1580 1275 1796 1328 πάντων

269 1368 513 1430 ἀπέθανεν,
549 1366 639 1419 ἵνα
667 1366 718 1419 οι
747 1365 949 1429 ζῶντες
981 1367 1176 1436 μηκέτι
1202 1367 1413 1429 ἑαυτοῖς
1443 1365 1626 1431 ζῶσιν,
1663 1366 1798 1420 ἀλλὰ

271 1461 330 1530 τῷ
357 1461 476 1531 ὑπὲρ
502 1459 686 1512 αὐτῶν
729 1457 1083 1523 ἀποθανόντι,
1127 1459 1221 1512 καὶ
1265 1458 1562 1530 ἐγερθέντι.
1601 1478 1620 1511 ι
1664 1460 1800 1531 Πρὶν

275 1552 460 1622 μὲνγὰρ
479 1553 605 1620 ἡμῖν
645 1549 953 1619 ἐπιλάμψαι
975 1549 1069 1602 τὸν
1111 1551 1372 1621 μονογενῆ
1403 1548 1498 1603 τοῦ
1536 1549 1671 1604 Θεοῦ
1706 1551 1802 1604 Λό-

273 1658 366 1708 γον,
394 1640 586 1712 ἀμαθία
616 1640 714 1696 καὶ
755 1639 934 1710 σκότῳ
978 1641 1400 1712 κεκρατημένοι,
1436 1643 1532 1695 καὶ
1561 1642 1651 1695 τὸν
1696 1643 1798 1713 τῆς

276 1735 497 1803 ἁμαρτίας
523 1733 742 1804 ἔχοντες
773 1732 958 1801 ζυγὸν,
984 1732 1076 1786 καὶ
1099 1732 1432 1799 ἀνάπτοντες
1460 1735 1691 1800 ἀνοσίως
1727 1737 1792 1806 τῇ

279 1827 419 1879 κτίσει
440 1827 492 1877 τὸ
519 1824 703 1889 σέϐας,
737 1823 889 1896 παρὰ
915 1823 1008 1878 τὸν
1036 1824 1263 1896 κτίστην
1289 1826 1386 1880 καὶ
1414 1827 1664 1898 ποιητὴν,
1703 1828 1796 1880 καί⁵

283 1919 367 1968 πᾶν
385 1912 502 1980 suo;
528 1915 864 1986 φαυλότητος
902 1915 1322 1987 ἀνεπιπλήκτως
1369 1917 1795 1986 ἐπιτηδεύοντες,

285 2007 332 2059 ὲν
368 2007 608 2062 διαστάσει
667 2004 1010 2076 διετελοῦμεν
1056 2007 1105 2060 οί
1153 2006 1404 2071 τάλανες,
1452 2007 1623 2079 ἐχθρὰ
1665 2025 1799 2079 φρο-

295 2097 463 2160 νοῦντες
500 2097 656 2168 αὐτῷ.
709 2096 1154 2168 Κατηλλάγμεθα
1201 2097 1258 2151 δὲ
1297 2097 1384 2152 διὰ
1423 2099 1516 2152 τοῦ
1567 2099 1798 2154 θανάτου

305 2186 378 2238 τοῦ
420 2188 523 2241 Tim)
580 2189 780 2252 αὑτοῦ,
843 2187 985 2242 καθὰ
1037 2189 1370 2259 γέγραπται.
1421 2193 1494 2245 Σὺ
1530 2191 1588 2243 δὲ
1640 2192 1800 2246 πάλιν

311 2278 361 2329 ὲν
401 2281 566 2350 σμικρῷ
607 2280 895 2350 πεποίησαι
941 2279 1103 2351 λόγῳ,
1137 2270 1215 2334 ’τὸ
1254 2281 1450 2354 ἀληθές
1473 2299 1485 2312 ⁸
1523 2283 1617 2336 καὶ
1667 2285 1803 2354 ἀχά-

308 2366 432 2422 λινον
476 2372 537 2433 είς
580 2370 834 2442 ὶξιτηλίαν
881 2371 1198 2442 ἀποφαίνων
1245 2375 1378 2445 ἡμῖν
1431 2373 1522 2428 τὸν
1573 2374 1801 2428 σεαυτοῦ

303 2459 469 2528 λόγον,
527 2463 861 2534 ωτηλλὰχθαι
923 2463 1030 2535 φὴς
1096 2465 1174 2536 τῷ
1243 2465 1362 2537 Θεῷ
1408 2467 1500 2521 τὸν
1565 2467 1800 2538 κόσμον,

289 2551 343 2604 οὐ
369 2550 448 2606 διά
484 2570 538 2621 γε
566 2555 654 2608 τοῦ
675 2555 1028 2624 Μονογενοῦς,
1072 2556 1338 2622 τουτέστι,
1374 2558 1466 2612 τοῦ
1499 2559 1565 2612 ὲκ
1595 2559 1805 2630 Πατρδς

284 2642 453 2709 φύντος
478 2645 654 2714 Λόγου.
699 2647 938 2700 Ἀκούων
978 2647 1034 2700 δὲ
1084 2647 1315 2702 θάνατον
1346 2649 1438 2702 τοῦ
1491 2649 1643 2715 Υἱοῦ,
1688 2646 1806 2704 εἶτα

279 2734 561 2805 βασανίζων,
601 2739 677 2803 ὡς
716 2740 841 2804 οῐει,
889 2739 1102 2803 λεπτῶς
1147 2740 1250 2804 τὰς
1277 2739 1370 2793 τοῦ
1402 2739 1664 2815 θεηγόρου
1696 2759 1806 2812 φω-

277 2828 375 2892 νὰς,
407 2829 461 2881 ού
491 2829 808 2895 κατέδεισας
844 2832 1050 2885 εἰπεῖν·
1090 2829 1226 2903 [Ούκ
1273 2830 1400 2900 ἔφη,
1448 2831 1536 2885 διὰ
1576 2831 1669 2884 τοῦ
1710 2832 1809 2884 Θα-

276 2919 410 2972 νάτου
432 2919 514 2974 τοῦ
545 2922 686 2976 Θεοῦ
725 2922 962 2993 Λόγου.]⁵
983 2919 1116 2975 Εἶτα
1144 2921 1262 2986 πῶς
1287 2917 1377 2994 ἦν,
1413 2921 1534 2974 είπέ
1573 2940 1684 2993 μοι,
1719 2941 1805 2976 σο-

274 3010 381 3106 νὸς.
431 3011 627 3082 μᾶλλον
985 3013 1082 3106 οὐχ
1141 3014 1360 3106 απάσης
1417 3013 1812 3086 ὲμὸροντησίας
1839 3049 1882 3106 C

272 3100 485 3169 ἒμτὼως
507 3106 536 3158 ό
568 3105 784 3158 τοιόσδε
817 3105 1007 3173 λόγος;
1034 3105 1261 3172 Θανάτῳ
1290 3104 1399 3177 γὰρ
1424 3107 1651 3176 κάτοχον
1681 3109 1812 3159 ἁπο-

270 3191 412 3260 φῆναι
446 3193 538 3266 τὴν
566 3193 744 3266 ζωὴν,
782 3195 901 3260 πῶς
935 3191 1005 3268 ἦν
1036 3196 1358 3264 ἁκόλουθον;
1398 3196 1520 3250 εἰπέ
1551 3214 1682 3268 μοι·
1720 3197 1814 3250 καὶ

267 3283 352 3352 τῆς
371 3285 430 3337 τὰ
450 3286 637 3340 πάντα
665 3288 1036 3359 ζωογονούσης
1067 3288 1284 3359 φύσεως
1315 3289 1688 3359 κατηγορῆσαι
1716 3288 1814 3359 τὴν

267 3374 462 3447 φθορὰν,
495 3379 626 3440 πῶς
669 3379 770 3432 οὐκ
815 3379 1162 3451 ἀπόπληκτον
1197 3379 1414 3451 κομιδῇ,
1454 3379 1549 3433 καὶ
1595 3379 1692 3449 τῆς
1734 3380 1814 3442 είς

265 3465 389 3536 λῆξιν
413 3470 660 3540 ἡκούσης
691 3470 1004 3542 δυσφημίας
1046 3471 1324 3541 ὲπίσλημα
1353 3469 1465 3539 ('55)
1500 3471 1696 3539 γένοιτ’
1723 3471 1811 3537 ἂν,

261 3558 340 3610 καὶ
367 3560 502 3626 μάλα
534 3561 807 3627 εἰκότωςς
839 3561 1046 3616 Οὐκοῦν
1076 3563 1276 3634 ἥκιστα
1308 3562 1406 3631 μὲν
1435 3562 1552 3624 ταῖς
1591 3563 1708 3624 σαῖς
1736 3562 1815 3624 είς

259 3649 392 3704 τοῦτο
411 3653 818 3725 περιεργείαις,
847 3654 1019 3724 ἧγουν
1038 3653 1439 3724 εἰκαιομυθίαις
1459 3655 1487 3705 ὁ
1514 3653 1624 3706 τῶν
1645 3654 1814 3721 ἁγίων

259 3741 419 3799 ῑπεται
447 3748 572 3812 νοῦς
605 3762 620 3778 ’
653 3744 763 3801 οἶδε
791 3747 870 3812 δὲ,
906 3745 1014 3801 οἶδε
1067 3747 1306 3801 παθόντα
1357 3746 1522 3817 σαρκὶ
1564 3745 1630 3798 δι’
1670 3745 1815 3815 ἡμᾶς

259 3833 335 3887 τὸν
355 3839 442 3890 τοῦ
499 3839 643 3894 Θεοῦ
687 3841 882 3908 Λόγον,
927 3841 1022 3894 καὶ
1064 3839 1144 3910 τῷ
1177 3839 1391 3910 θανάτῳ
1419 3839 1514 3916 τοῦ
1549 3839 1680 3893 ἰδίου
1713 3835 1817 3890 σώσ-

261 3939 406 3990 ματος
441 3927 757 3998 κεκληκότα
780 3928 870 3981 τὸν
898 3928 1101 4000 κόσμον
1126 3930 1207 3991 είς
1235 3927 1527 3997 διαλλαγὰς
1559 3927 1657 3990 τὰς
1681 3927 1816 3999 πρός

258 4011 311 4077 γέ
336 4031 466 4084 φημι
491 4017 585 4070 τὸν
611 4019 678 4070 ὲν
700 4019 809 4080 τοῖς
831 4017 1078 4088 οὐρανοῖς
1109 4018 1347 4090 Πατέρα.
1385 4019 1493 4071 Καὶ
1532 4017 1664 4087 γοῦν
1709 4017 1813 4087 ἔφη

258 4118 345 4156 που
373 4107 500 4175 πρὸς
531 4108 637 4161 ἕνα
670 4109 782 4160 τῶν
805 4109 973 4175 ἁγίων
994 4109 1249 4179 μαθητῶν
1273 4110 1398 4172 τοὺς
1415 4108 1602 4176 λόγους
1632 4106 1816 4161 ποιού-

257 4210 419 4260 μενοςο
471 4216 491 4249 ι
548 4195 704 4266 Ἐγώ
755 4201 869 4268 είμι
914 4199 1118 4270 ὴὸδὸς,
1162 4199 1256 4252 καὶ
1305 4200 1336 4269 ἡ
1387 4198 1613 4268 ἀλήθεια
1656 4197 1749 4252 καὶ
1780 4198 1814 4267 ἡ

252 4283 369 4356 ζωὴ,
398 4288 492 4340 καὶ
523 4288 715 4349 οὐδεὶς
743 4287 958 4358 ἔρχεται
1005 4289 1140 4356 πρὸς
1175 4288 1265 4340 τὸν
1293 4287 1512 4357 Πατέρα
1541 4287 1590 4340 εί
1631 4285 1706 4357 μὴ
1748 4284 1816 4337 δι’

1895 449 2351 518 incorruptionem
2381 449 2432 504 id
2465 449 2605 519 quod
2633 450 2820 504 mortis
2849 449 3130 521 tyrannide
3153 447 3458 511 tenebatur,

1895 540 1945 595 id
1977 549 2059 596 est
2091 555 2306 610 corpus.
2335 537 2415 595 Ita
2449 540 2501 594 in
2532 554 2630 595 nos
2661 540 2805 610 ipsos
2833 554 3044 630 quoque
3067 541 3148 594 vis
3176 538 3292 610 ejus
3330 555 3460 610 ope-

1895 633 1972 687 ris
2001 633 2260 698 recurrit,
2303 633 2426 688 dum
2462 632 2515 687 in
2565 632 2873 687 universum
2919 647 3086 702 genus
3131 631 3460 686 extenditur.

1895 725 1962 778 Et
2009 735 2159 782 certe
2201 726 2391 781 beatus
2425 724 2625 780 Paulus
2656 724 2733 778 ait
2764 740 2780 776 :
2813 742 2831 776 ‹
2858 723 2969 793 Ego
3009 738 3105 794 per
3139 723 3311 794 legem
3359 724 3464 795 legi

1895 829 2140 874 mortuus
2170 834 2311 884 sum,
2354 827 2412 872 ut
2453 819 2628 874 vivam
2662 818 2811 872 Deo:
2861 816 3076 871 Christo
3119 816 3278 871 simul
3313 817 3464 873 cruci

1896 911 2138 966 conﬁxus
2169 925 2310 964 sum.
2355 908 2482 964 Vivo
2505 918 2704 975 autem,
2725 909 2835 979 jam
2869 922 2974 961 non
3001 921 3132 976 ego,
3168 908 3297 962 vivit
3337 922 3466 964 vero

1897 1002 1952 1056 in
1985 1015 2072 1056 me
2093 1002 2360 1058 Christus.
2391 1000 2543 1068 Quod
2569 1013 2694 1056 vero
2736 1013 2877 1054 nunc
2911 998 3050 1064 vivo,
3092 998 3144 1052 in
3190 998 3294 1053 (ide
3322 999 3465 1064 vivo,

1898 1093 1952 1147 in
1983 1107 2150 1150 carne
2187 1091 2276 1146 illa
2304 1092 2424 1148 Filii
2458 1091 2588 1158 Dei,
2624 1092 2717 1161 qui
2769 1091 2960 1145 dilexit
3005 1106 3117 1156 me,
3154 1100 3208 1144 et
3254 1091 3472 1145 tradidit

1898 1185 2246 1254 semetipsum
2287 1199 2387 1254 pro
2424 1199 2530 1239 me.
2563 1183 2677 1238 Non
2720 1183 2914 1249 abjicio
2949 1183 3178 1254 gratiam
3228 1180 3322 1234 Dei
3340 1181 3405 1234 ³⁸.
3445 1200 3463 1233 ι

1898 1276 2014 1331 Non
2038 1277 2182 1331 enim
2204 1277 2314 1346 jam
2340 1277 2554 1346 prOpria
2586 1276 2813 1329 vivimus
2838 1276 2966 1337 vita,
3004 1274 3099 1328 sed
3130 1273 3351 1336 Christi,
3381 1287 3472 1328 ve-

1899 1383 2126 1438 rumque
2170 1367 2296 1422 illud
2334 1377 2440 1432 est,
2472 1385 2489 1418 ι
2528 1356 2705 1423 Πηύηι
2740 1382 2838 1436 pro
2885 1366 3136 1420 omnibus
3177 1375 3468 1427 mortuum,

1899 1467 1959 1513 ut
1997 1459 2086 1530 qui
2117 1458 2325 1523 vivunt,
2357 1473 2461 1513 non
2488 1458 2600 1528 jam
2641 1458 2742 1514 sibi
2784 1459 2981 1521 vivant,
3025 1455 3118 1511 sed
3166 1455 3216 1510 ei
3247 1455 3336 1524 qui
3377 1468 3474 1523 pro

1901 1548 2033 1615 ipsis
2073 1555 2316 1602 mortuus
2371 1555 2471 1613 est,
2507 1556 2563 1601 et
2609 1546 2905 1602 resurrexit
2929 1546 2996 1603 ³⁸.
3046 1564 3067 1599 ι
3116 1544 3276 1599 Prius
3326 1545 3469 1598 enim

1902 1655 2064 1710 quam
2100 1640 2382 1710 aﬂ‘ulgeret
2441 1640 2594 1695 nobis
2644 1639 2771 1694 illud
2813 1639 3148 1710 unigenitum
3206 1637 3296 1692 Dei
3340 1636 3471 1692 Ver-

1901 1733 2068 1798 bum,
2118 1732 2332 1788 inscitia
2383 1739 2438 1787 et
2495 1731 2730 1786 tenebris
2770 1731 3119 1796 tenebamur,
3164 1736 3236 1783 et
3266 1728 3469 1798 peccati
3571 1727 3583 1752 ’

1896 1825 2028 1895 jngo
2058 1823 2252 1894 pressi,
2301 1832 2357 1879 et
2387 1831 2650 1878 creatura:
2695 1821 2897 1876 cultum
2935 1819 3097 1889 impie
3141 1820 3466 1884 tribuentes,

1903 1915 2092 1970 relicto
2114 1923 2361 1970 creatore
2389 1922 2548 1982 atque
2582 1911 2795 1981 opiﬁce,
2831 1919 2883 1965 et
2910 1925 3072 1964 omne
3112 1906 3471 1976 improbitatis

1904 2022 2074 2077 genus
2100 2007 2270 2063 libere
2300 2014 2590 2072 sectantes,
2624 2007 2678 2058 in
2712 2003 2982 2066 discordia
3015 2001 3198 2057 miseri
3238 1999 3473 2069 degeba-

1907 2115 2049 2163 mus,
2081 2113 2202 2170 quae
2240 2098 2314 2154 illi
2349 2097 2566 2152 inimica
2594 2105 2752 2152 erant
2779 2103 3129 2164 expetentes;
3161 2090 3254 2146 sed
3284 2105 3476 2144 recon-

1906 2190 2072 2245 ciliati
2113 2205 2302 2245 sumus
2340 2203 2436 2258 per
2483 2196 2709 2243 mortem
2757 2185 2879 2241 Filii
2929 2185 3066 2255 ejus,
3117 2193 3175 2238 ut
3215 2183 3474 2251 scriptum

1906 2295 1991 2341 est
2013 2285 2080 2340 ³⁷.
2116 2283 2198 2339 Tu
2239 2298 2368 2338 vero
2396 2291 2615 2344 contra,
2653 2279 2858 2336 minimi
2902 2278 3034 2333 facis
3066 2278 3387 2340 veritatem,
3421 2283 3478 2328 et

1911 2388 2058 2434 tuum
2086 2390 2392 2434 sermonem
2423 2374 2487 2429 ad
2525 2374 2816 2429 vanitatem
2844 2370 3106 2427 effrenato
3141 2383 3303 2424 cursu
3341 2381 3478 2435 prae-

1909 2471 2124 2539 cipitem
2157 2467 2455 2536 proferens,
2490 2465 2744 2520 mundum
2779 2477 2897 2518 esse
2933 2462 3044 2516 Deo
3075 2459 3476 2515 reconciliatum

1912 2561 2133 2625 asseris,
2167 2558 2323 2628 123
2357 2572 2460 2611 non
2493 2565 2670 2610 tamen
2700 2560 2794 2622 per
2834 2552 3201 2620 Unigenitum,
3227 2551 3328 2604 hoc
3359 2560 3478 2615 est,

1911 2666 2008 2722 per
2038 2648 2272 2706 Verbum
2298 2662 2365 2702 ex
2388 2645 2548 2700 Patre
2577 2644 2835 2714 genitum.
2863 2640 2969 2697 Sed
2999 2639 3223 2695 audiens
3238 2647 3478 2694 mortem

1912 2742 2055 2808 Filii,
2083 2740 2274 2797 deinde
2304 2737 2484 2794 verbis
2527 2735 2766 2805 Apostoli
2799 2733 3090 2798 subtiliter,
3129 2741 3189 2786 ut
3232 2732 3347 2801 ipse
3386 2744 3483 2798 pu-

1917 2844 2018 2898 tas,
2054 2829 2399 2894 examinatis,
2432 2842 2538 2881 non
2561 2841 2622 2880 es
2653 2825 2858 2879 veritus
2888 2823 3070 2878 dicere
3099 2838 3113 2875 :
3155 2820 3295 2893 [Non
3325 2820 3479 2885 dixit,

1916 2938 2013 2993 per
2049 2931 2277 2976 mortem
2321 2918 2415 2974 Dei
2458 2914 2668 2986 Verbi.]
2700 2916 2858 2986 Atqui
2905 2911 3174 2982 quomodo
3219 2912 3482 2982 ejusmodi

1917 3013 2094 3069 oratio
2121 3011 2413 3082 prudenter
2440 3006 2620 3062 eﬂ‘crri
2665 3005 2968 3076 potuisset?
3015 3005 3124 3057 imo
3174 3019 3300 3057 vero
3347 3019 3482 3072 quo-

1916 3104 2075 3160 modo
2121 3116 2225 3156 non
2270 3113 2496 3155 summa;
2547 3097 2736 3152 fuisset
2781 3095 3005 3150 insania:
3051 3094 3248 3163 plena?
3311 3093 3485 3162 Ipsam

1913 3197 2059 3252 enim
2095 3195 2258 3248 vitam
2290 3191 2450 3246 morti
2487 3188 2775 3245 obnoxiam
2801 3187 3002 3253 dicere,
3049 3185 3318 3256 quomodo
3351 3184 3485 3238 fuis-

1913 3295 2018 3352 set,
2050 3300 2180 3355 rogo
2211 3293 2284 3349 te,
2312 3279 2690 3350 consequens?
2729 3286 2783 3333 et
2829 3277 2898 3332 de
2944 3285 3136 3331 natura
3179 3275 3488 3330 viviﬁcante

1913 3377 2114 3443 omnia,
2131 3373 2526 3444 corruptionem
2543 3371 2845 3433 enuntiare,
2859 3368 3128 3438 quomodo
3142 3383 3248 3422 non
3265 3382 3488 3421 summae

1914 3465 2196 3532 dementiae
2217 3463 2385 3519 fuisse
2421 3471 2473 3520 et
2501 3475 2726 3518 summa:
2755 3458 3102 3529 blasphemiae
3142 3457 3345 3512 crimen
3369 3457 3490 3526 jure

1913 3555 2266 3614 censeretur?
2283 3553 2400 3609 Non
2419 3567 2549 3623 ergo
2576 3551 2685 3608 tuis
2703 3551 2756 3605 in
2776 3551 2875 3605 hac
2900 3565 2958 3605 re
2981 3548 3388 3611 subtilitatibus,
3409 3547 3488 3602 vel

1914 3648 2069 3703 vanis
2098 3631 2480 3717 nugationibus
2501 3684 2517 3711 ,
2551 3655 2862 3698 sanctorum
2895 3640 3374 3696 virorumanimus
3405 3655 3493 3692 as-

1915 3739 2167 3804 seutitur,
2181 3737 2274 3793 sed
2304 3734 2555 3806 intelligit
2579 3749 2804 3804 prorsus
2823 3732 2917 3788 Dei
2940 3731 3172 3787 Verbum
3191 3745 3352 3784 carne
3370 3745 3491 3798 pro-

1914 3841 2034 3904 pter
2059 3845 2156 3885 nos
2182 3844 2432 3898 passum;
2457 3837 2510 3882 et
2532 3835 2702 3881 morte
2740 3824 2940 3895 proprii
2964 3823 3208 3893 corporis
3231 3821 3488 3876 mundum

1915 3924 1982 3976 ad
2013 3919 2464 3975 reconciliandam
2497 3932 2618 3972 cum
2648 3916 2808 3970 Patre
2844 3914 2935 3983 qui
2983 3913 3038 3968 in
3087 3913 3239 3967 cmlis
3274 3921 3356 3965 est
3397 3925 3489 3978 pa-

1915 4028 2053 4076 cem,
2085 4022 2328 4065 vocasse.
2355 4008 2541 4077 Itaque
2569 4021 2692 4062 cum
2723 4004 3005 4074 quemdam
3035 4018 3065 4057 e
3095 4003 3294 4056 sanctis
3335 4001 3492 4054 disci-

1917 4103 2054 4175 pulis
2087 4101 2470 4170 alloqueretur,
2501 4096 2636 4151 dixit
2663 4113 2677 4152 :
2723 4113 2743 4148 ι
2775 4094 2887 4166 Ego
2916 4108 3033 4148 sum
3064 4094 3178 4156 via,
3208 4092 3406 4145 veritas
3435 4099 3490 4145 et

1916 4196 2108 4260 vita,et
2126 4205 2284 4247 nemo
2299 4188 2446 4244 venit
2463 4188 2530 4242 ad
2558 4185 2772 4242 Patrem
2800 4185 2901 4240 nisi
2926 4200 3021 4254 per
3041 4199 3125 4238 me
3145 4183 3210 4237 ³⁸.
3240 4201 3256 4233 ι
3276 4182 3488 4238 Veritas

1919 4293 2102 4338 autem
2127 4291 2180 4336 et
2204 4282 2313 4335 vita
2345 4290 2402 4336 et
2447 4280 2534 4334 via
2585 4280 2834 4350 quisnam
2881 4277 2953 4330 sit
3000 4274 3157 4340 alius,
3198 4275 3299 4328 nisi
3358 4272 3488 4326 illud

251 4375 386 4442 ἐμοῦ.
429 4397 447 4429 ι
500 4377 770 4449 Ἀλήθεια
799 4379 876 4440 δὲ,
908 4379 999 4432 καὶ
1033 4377 1167 4450 ζωὴ,
1199 4379 1290 4432 καὶ
1317 4379 1452 4443 ὁδὸς,
1486 4377 1570 4441 τίς
1609 4376 1676 4430 ἂν
1705 4377 1809 4430 ἓτε-

1927 4375 2162 4430 Verbum
2193 4387 2259 4427 ex
2283 4371 2443 4426 Patre
2468 4374 2732 4442 genitum,
2773 4368 2987 4423 tametsi
3021 4366 3188 4421 nostri
3217 4364 3388 4418 simile
3421 4363 3493 4416 sit

248 4480 329 4534 ρος
351 4470 452 4538 εἴη,
492 4471 658 4539 παρὰ
705 4486 768 4537 γε
796 4470 885 4522 τὸν
929 4472 994 4523 ὲκ
1034 4469 1168 4523 Θεοῦ
1197 4469 1368 4540 φύντα
1413 4471 1604 4539 Λόγον,
1641 4470 1690 4522 εί
1729 4469 1822 4522 καὶ

246 4558 417 4624 γέγονε
451 4560 580 4613 καθ’
616 4562 770 4630 ἡμᾶς
802 4560 1013 4632 μορφὴν
1042 4560 1228 4615 δούλου
1268 4559 1467 4614 λαϐὼν.
1505 4561 1624 4614 Ὅτι
1654 4559 1710 4612 δὲ
1753 4557 1820 4611 δι’

244 4648 391 4702 αὑτοῦ
421 4650 579 4714 θείας
633 4650 852 4720 φύσεως
897 4652 1324 4723 ἁποδεδείγμεθα
1355 4652 1619 4716 κοινωνοὶ,
1651 4651 1746 4703 καὶ
1771 4652 1822 4702 oi.

245 4740 361 4791 ποτὲ
413 4741 576 4804 ὄντες
635 4743 889 4814 μακρὰν,
946 4743 1249 4814 γεγόναμεν
1297 4744 1484 4812 ἐγγὺς,
1544 4743 1822 4812 ένούμενοι
1867 4795 1876 4804 ,

247 4832 498 4897 σχετικῶς
535 4832 609 4885 δι’
646 4831 812 4885 αὐτοῦ
838 4833 917 4904 τῷ
956 4833 1152 4902 Πατρὶ,
1184 4835 1277 4886 καὶ
1317 4833 1422 4903 μὴν
1452 4833 1545 4886 καὶ
1577 4831 1823 4902 ἀλλήλοις

242 4923 307 4984 ὡς
355 4927 411 4978 ἐν
451 4926 649 4978 πίστει
697 4925 797 4994 μιᾷ
840 4923 934 4976 καὶ
973 4922 1244 4993 ὁμοψυχία
1289 4922 1378 4975 διὰ
1419 4921 1481 4974 τὸ
1529 4919 1646 4984 ὲνὺς
1692 4936 1823 4990 μετ-

244 5018 527 5087 εσχηκέναι
560 5016 899 5086 πνεύματος,
933 5014 1094 5076 αὐτὸς
1125 5012 1476 5073 πιστῶσεται,
1497 5010 1668 5080 λέγων
1689 5011 1824 5082 πρὸς

1927 4466 2128 4521 factum
2167 4464 2310 4519 servi
2358 4462 2529 4518 forma
2561 4459 2857 4532 suscepta?
2893 4458 3024 4514 Esse
3057 4467 3234 4511 autem
3273 4470 3368 4508 nos
3399 4469 3494 4522 per

1928 4560 2104 4629 ipsum
2134 4555 2354 4611 etl‘ectos
2384 4555 2577 4609 divinae
2600 4562 2810 4610 natura:
2843 4558 3122 4606 consortes
3149 4546 3214 4613 ",
3243 4553 3297 4600 et
3323 4544 3494 4598 factos

1928 4663 2096 4720 prope
2133 4649 2224 4717 qui
2263 4647 2420 4716 longe
2450 4645 2578 4701 olim
2626 4657 2862 4705 eramus,
2899 4642 3022 4694 dum
3056 4653 3150 4708 per
3183 4639 3355 4705 ipsum
3391 4633 3494 4685 Pa-

1929 4741 1996 4795 tri
2023 4754 2119 4810 per
2148 4739 2398 4795 aﬂ‘ectum
2427 4747 2482 4792 et
2509 4734 2880 4790 habitudinem
2902 4771 2921 4798 ,
2951 4741 3109 4799 atque
3151 4728 3312 4781 etiam
3356 4725 3497 4778 inter

1897 4900 1902 4904 γ
1928 4847 2028 4888 nos
2052 4847 2149 4901 per
2175 4846 2338 4885 uuam
2369 4828 2528 4884 ﬁdem
2551 4836 2606 4882 et
2629 4825 2974 4883 concordiam
2999 4821 3236 4882 unimur,
3261 4831 3326 4870 eo
3352 4816 3493 4884 quod

1929 4937 2116 4992 sumus
2155 4923 2312 4976 unius
2342 4920 2563 4990 spiritus
2597 4916 2726 4972 facti
2757 4914 3064 4984 participes,
3096 4912 3206 4979 ipse
3231 4907 3386 4961 ﬁdem
3415 4904 3495 4961 fa-

1933 5012 2059 5079 ciet,
2083 5011 2270 5067 dicens
2300 5011 2366 5065 ad
2403 5009 2618 5065 Patrem
2658 5022 2723 5062 ac
2754 5005 2921 5060 Deum
2950 5002 3048 5072 qui,
3083 5008 3168 5054 est
3211 4997 3265 5054 in
3297 4995 3448 5050 caelis
3475 5010 3494 5069 ι

309 5196 351 5227 ³⁸
385 5196 573 5252 Galat.
626 5211 685 5260 ll,
723 5194 912 5250 19-21.
988 5193 1034 5224 ⁸⁸
1065 5191 1108 5246 ll
1147 5191 1273 5248 Cor.
1303 5208 1355 5257 v,
1396 5190 1480 5246 15.
1549 5190 1592 5222 ³⁷
1635 5190 1799 5244 Rom;

1913 5189 2002 5245 10.
2077 5189 2122 5222 ³⁸
2161 5188 2319 5246 Joan.
2346 5204 2460 5254 xxv,
2491 5187 2544 5242 6.
2622 5185 2666 5217 “
2697 5182 2739 5238 ll
2778 5183 2920 5239 Petr.
2956 5197 2996 5246 ι,
3033 5179 3090 5235 4.

1521 5341 1678 5398 ANT.
1720 5342 1994 5401 AGELLll
2034 5341 2268 5398 NOTAE.

310 5509 421 5574 (55)
457 5508 639 5561 Forte
683 5506 980 5577 ἐπίκλημα,
1011 5505 1114 5559 hoc
1155 5516 1238 5577 est
1280 5504 1518 5577 crimen;
1550 5502 1708 5577 haud
1735 5502 1819 5556 in-

246 5573 652 5631 sueta'amturi
681 5594 804 5642 vos,
833 5573 937 5644 qua
985 5577 1153 5644 utimr
1188 5575 1238 5626 in
1280 5573 1378 5627 hac
1423 5573 1820 5644 signiﬁcatione

245 5649 341 5704 hoc
376 5653 579 5704 eodem
637 5637 800 5714 libro,
832 5637 952 5717 pag.
1004 5637 1124 5712 132,
1155 5644 1434 5721 ἐπίκλημα
1476 5637 1534 5700 δὲ,
1589 5642 1818 5697 ποιεῖταί

1924 5519 2066 5555 τισιν
2091 5502 2167 5566 ὡς
2191 5500 2292 5569 τῆς
2336 5497 2592 5570 ἀληθείας
2619 5496 3017 5570 νκατειρηκόσι,
3048 5494 3362 5570 quibusdam
3402 5509 3502 5566 pro.

1927 5574 2144 5625 crimine
2177 5567 2356 5638 objicit
2382 5567 2532 5637 quasi
2560 5567 2815 5623 «(foenus
2836 5579 3105 5623 veritatem
3129 5567 3381 5622 dixerint.
