4002 6192
439 235 544 290 215

1429 249 1484 294 δ.
1527 228 1800 296 uvutL‘Lt
1843 245 2305 304 ALEXAN-nntxt
2350 250 2668 306 AﬂClllEP.

3588 244 3692 300 2l6

449 372 465 402 ι
511 352 621 405 Non
662 368 756 422 pro
795 354 1126 408 histantum
1182 373 1332 428 rugo,
1376 359 1470 412 scd
1505 362 1665 413 etiam
1691 377 1785 430 pro
1817 363 1881 418 iis
1927 363 2011 432 qui

2120 368 2210 420 τὸν
2231 372 2288 421 ἐν
2317 371 2564 438 οὐρανοῖς
2599 371 2815 440 Πατέρα
2847 371 2934 422 καὶ
2963 369 3094 422 Θεόν
3117 385 3128 397 ·
3167 387 3184 418 ι
3229 368 3300 420 Οὖ
3334 363 3460 439 περὶ
3491 370 3693 421 τούτων

441 446 789 498 crediderunt
831 457 1047 516 propter
1102 464 1406 504 sermonem
1454 466 1640 506 eorum
1688 453 1738 506 in
1795 471 1899 515 me,
1955 465 2011 508 ut

441 547 631 588 omnes
658 551 822 591 unum
855 537 988 600 sint,
1024 537 1165 593 sicut
1200 549 1278 604 tu,
1314 540 1498 605 Pater,
1533 542 1585 595 in
1614 557 1720 608 me,
1757 553 1928 612 etego
1957 545 2009 597 in

443 635 516 689 te,
546 633 604 676 ut
638 627 799 679 etiam
837 626 938 696 ipsi
982 628 1034 682 in
1086 631 1239 684 nobis
1277 647 1440 685 unum
1489 633 1635 686 sint:
1685 644 1744 685 ut
1783 636 2012 689 mundus

440 716 651 780 credat,
685 716 810 784 quia
841 727 897 772 tu
928 733 1012 773 me
1046 721 1262 777 misisti.
1296 723 1360 777 Et
1389 738 1488 793 ego
1515 723 1814 778 claritatem
1851 741 2009 793 quam

441 806 634 861 dedisti
669 809 820 872 mihi,
875 811 998 865 dedi
1044 813 1145 879 eis,
1207 823 1265 868 ut
1320 814 1431 869 sint
1483 831 1671 879 unum,
1726 817 1865 870 sicut
1915 830 2013 870 nos

441 915 628 966 unum,
667 909 721 955 et
748 916 846 970 ego
875 902 928 956 in
969 903 1067 969 eis,
1096 914 1150 958 et
1179 915 1232 959 ttt
1269 906 1322 959 in
1359 920 1463 970 me,
1511 917 1569 959 ut
1604 906 1714 959 sint
1755 920 2010 959 consum-

441 991 572 1044 mati
607 992 658 1044 in
694 1007 856 1046 unum
882 993 948 1047 “.
997 1013 1015 1045 ι
1070 992 1311 1064 lntellige
1348 996 1511 1064 igitur
1545 995 1687 1066 quod
1735 996 1850 1064 ipse
1888 996 2010 1065 qui-

440 1081 560 1135 dem
607 1083 659 1135 in
707 1098 806 1138 suo
856 1084 1016 1140 Patre
1061 1087 1130 1139 sit
1178 1087 1514 1154 naturaliter,
1574 1088 1838 1141 mediator
1886 1100 2013 1140 vero

439 1184 600 1240 atque
651 1174 970 1230 conciliator
1018 1178 1360 1245 constitutus,
1414 1193 1479 1234 eo
1520 1180 1660 1249 quod
1713 1179 1887 1234 factus
1930 1189 2014 1234 est

437 1263 595 1315 nobis
627 1262 837 1318 similis.
864 1265 930 1318 -ln
973 1268 1126 1320 nobis
1166 1275 1428 1346 est,.tum
1471 1284 1565 1338 per
1599 1283 1750 1324 suam
1793 1284 2009 1325 carnem

440 1369 562 1422 qum
596 1370 692 1408 nos
723 1357 960 1412 viviticat
992 1361 1042 1412 in
1103 1361 1312 1427 spiritu,
1363 1369 1476 1414 tum
1526 1375 1622 1430 per
1677 1363 2010 1417 consortium

440 1443 748 1499 sanctitatis
801 1445 938 1513 ejus,
977 1447 1230 1502 nimirum
1283 1463 1402 1503 eam
1437 1464 1555 1518 quae
1608 1465 1703 1518 per
1752 1450 2009 1519 Spiritum

440 1543 686 1586 sanctum
727 1535 1042 1602 acquiritur.
1079 1537 1319 1592 Postulat
1350 1548 1528 1593 autem
1554 1555 1584 1592 a
1624 1539 1784 1592 Patre
1831 1539 2012 1610 gloria:

439 1637 506 1678 ac
541 1625 752 1678 decoris
777 1624 915 1689 loco,
948 1636 1006 1682 ut
1030 1644 1181 1684 suam
1210 1629 1366 1685 nobis
1393 1643 1639 1687 naturam
1669 1635 2008 1702 perspicuam

2113 459 2170 511 δὲ
2207 459 2392 530 ἐριοτῶ
2443 461 2622 529 μόνον.
2658 459 2793 512 ἀλλὰ
2827 461 2919 512 καλ⁸
2965 459 3091 528 περὶ
3137 457 3243 510 τῶν
3293 457 3694 510 πιστευσάντων

2113 550 2202 603 διὰ
2249 549 2340 603 τοῦ
2375 550 2531 618 λόγου
2577 549 2756 610 αὐτῶν
2801 551 2879 612 εἰς
2921 550 3038 618 ἐμὲ,
3079 549 3162 600 ἵνα
3213 564 3415 609 παντες
3459 546 3517 598 ἓν
3566 541 3692 608 ὦσι,

2114 639 2298 703 καθὼς
2321 642 2406 704 σὺ,
2434 642 2638 711 Πάτερ,
2668 643 2723 693 ἐν
2747 641 2887 708 ἐμοὶ,
2913 639 3066 707 κάγὼ
3096 641 3152 692 ἐν
3181 652 3282 692 σοι’
3303 640 3388 692 ἵνα
3419 639 3694 692 καὶ¹αὑτοὶ

2114 733 2171 784 ἐν
2207 733 2341 804 ἡμῖν
2375 731 2431 784 ἓν
2469 726 2621 794 ὦσιν,
2655 731 2742 783 ἴνα
2773 730 3035 800 δκόσμος
3068 729 3352 800 πιστεύσῃ.
3389 731 3470 783 ὅτι
3517 729 3580 782 σύ
3627 747 3696 798 με

2114 824 2472 888 ἀπέστειλας·
2525 823 2679 892 κάγὼ
2721 825 2821 894 τὴν
2854 822 3010 888 δόξαν
3041 823 3107 893 ἣν
3153 823 3393 884 δέδωκάς
3443 839 3554 892 μοι,
3605 823 3696 874 δέ-

2113 917 2260 970 δωκα
2293 917 2496 979 αὐτοῖς,
2529 916 2615 969 ἵνα
2645 909 2777 968 ὦσιν
2812 913 2889 975 ἓν,
2930 912 3114 977 καθὼς
3145 915 3308 983 ἡμεῖς
3341 913 3417 976 ἓν,
3449 912 3606 982 κάγὼ
3637 916 3698 966 ἐν

2113 1009 2317 1071 αὐτοῖς,
2349 1009 2442 1061 καὶ
2473 1009 2536 1061 σὺ
2587 1007 2644 1060 ἐν
2689 1006 2831 1076 ἐμοὶ,
2881 1005 2967 1058 ἵνα
3011 999 3113 1057 ὦσι
3155 1002 3565 1072 τετελειωμένοι
3615 1005 3698 1065 εἰς

2113 1099 2190 1153 ἐν.
2236 1117 2253 1149 ι
2287 1097 2451 1158 Σύνες
2481 1092 2573 1151 οὗν
2605 1099 2773 1160 ὅπως,
2822 1096 2981 1174 αὐτὸς
3028 1095 3128 1165 μὲν
3179 1093 3289 1146 ἔστι
3342 1094 3584 1162 φυσικῶς
3635 1096 3695 1146 ἐν

2113 1190 2190 1260 τῷ
2228 1190 2342 1259 ἰδίῳ
2391 1189 2586 1260 Πατρὶ,
2632 1188 2856 1259 μεσίτης
2898 1188 2954 1239 δὲ
2999 1186 3090 1238 καὶ
3129 1185 3456 1254 διαλλακτὴς
3499 1186 3696 1238 ἀποδεε-

2111 1281 2392 1352 δειγμένος
2417 1280 2505 1333 διὰ
2543 1279 2634 1333 τοῦ
2666 1279 2939 1348 γενέσθαι,
2959 1278 3080 1331 καθ’
3108 1278 3256 1346 ἡμᾶς
3275 1292 3288 1304 ·
3309 1278 3367 1327 ἐν
3390 1278 3522 1345 ἡμῖν
3553 1278 3694 1340 ἐστι,

2112 1373 2200 1427 διά
2231 1390 2289 1426 τε
2322 1373 2420 1442 τῆς
2454 1372 2590 1435 ἰδίας
2631 1371 2830 1443 σαρκὸς
2865 1367 3235 1438 ζωοποιούτης
3262 1368 3408 1436 ἡμᾶς
3437 1368 3494 1418 ἐν
3530 1365 3695 1418 πνεῦς

2116 1482 2267 1535 ματι,
2299 1466 2392 1517 καὶ
2420 1463 2508 1517 διὰ
2552 1463 2645 1516 τοῦ
2689 1462 3010 1534 μεταλαχεῖν
3045 1461 3148 1531 τῆς
3177 1460 3462 1528 ἁγιότητος
3501 1455 3691 1517 αὑτοῦ,

2111 1555 2269 1626 δῆλον
2299 1555 2355 1609 δὲ
2396 1556 2478 1608 ὅτι
2527 1553 2686 1608 πάλιν
2724 1555 2824 1625 τῆς
2866 1553 2954 1607 διὰ
3003 1553 3097 1606 τοῦ
3144 1551 3301 1619 ἁγίου
3353 1549 3690 1619 Πνεῦματος.

2113 1649 2265 1700 Αἱτεῖ
2297 1648 2351 1700 δὲ
2392 1647 2468 1710 ὡς
2499 1646 2655 1712 δόξαν
2687 1647 2833 1717 παρὰ
2884 1645 3097 1717 Πατρδς
3126 1643 3186 1696 τὸ
3229 1641 3328 1711 τὴν
3376 1640 3510 1694 ἰδίαν
3555 1641 3694 1710 ἡμῖν

438 1711 626 1775 faciat,
661 1714 805 1784 quod
840 1715 1049 1771 scilicet
1099 1717 1168 1772 sit
1216 1718 1543 1787 viviﬁcator,
1573 1732 1628 1776 et
1665 1725 2011 1792 corruptione

2113 1739 2317 1810 ἐναργῆ
2358 1739 2698 1808 καταστῆσαι
2737 1737 2920 1808 φύσιν,
2950 1737 3032 1790 ὅτι
3070 1753 3130 1789 τε
3160 1736 3246 1805 εἴη
3282 1733 3563 1798 ζωοποιδς,
3596 1735 3693 1788 καὶ

438 1804 686 1873 superior
715 1815 969 1877 tanquam
1006 1811 1164 1876 Deus,
1208 1812 1389 1882 itaque
1426 1829 1614 1870 rursus
1637 1815 1772 1870 dixit
1806 1834 1818 1869 :
1851 1836 1868 1868 ι
1902 1817 2010 1884 Ego

439 1904 493 1950 te
517 1896 805 1952 clariﬁcavi
837 1913 1000 1968 super
1040 1909 1262 1967 terram,
1295 1905 1456 1978 124
1481 1921 1617 1977 opus
1639 1910 2008 1963 consummavi
2066 1921 2072 1932 '

438 1988 580 2057 quod
611 1989 808 2045 dedisti
840 1991 973 2045 mihi
1016 2002 1073 2046 ut
1111 1993 1303 2048 faciam
1338 2015 1352 2052 :
1382 2008 1437 2052 et
1477 2014 1618 2053 nunc
1646 1994 1878 2054 clarifica
1927 2015 2012 2054 me

439 2088 517 2140 tu,
555 2079 734 2146 Pater,
777 2085 916 2152 apud
950 2085 1326 2154 temetipsum,
1369 2088 1613 2144 claritate
1655 2107 1814 2159 quam
1850 2092 2008 2146 habui

441 2168 732 2241 antequam
765 2177 995 2232 mundus
1024 2177 1198 2244 ﬁeret,
1244 2181 1382 2250 apud
1417 2191 1464 2236 te
1493 2182 1558 2235 ⁸¹.
1595 2202 1614 2236 ι
1650 2181 1797 2252 Opus
1830 2192 2010 2238 autem

441 2277 874 2321 consummatum
904 2282 1092 2324 sumus
1116 2284 1235 2337 nos,
1267 2279 1522 2342 tanquam
1547 2275 1598 2327 in
1623 2275 1736 2344 ipso
1759 2282 1812 2329 et
1835 2275 2010 2343 primo

440 2354 723 2412 vincentes
761 2360 1164 2428 corruptionem
1184 2404 1198 2429 ,
1233 2371 1288 2416 et
1315 2363 1588 2419 calcantes
1614 2367 1805 2421 mortis
1836 2365 2009 2436 impe-

443 2444 607 2510 rium,
655 2447 854 2504 revixit
906 2451 1050 2506 enim
1105 2467 1170 2507 ex
1219 2455 1472 2518 mortuis,
1509 2455 1788 2511 universos
1838 2458 1892 2511 in
1953 2470 2012 2512 se

440 2539 744 2596 continens.
773 2540 880 2598 Sed
912 2551 967 2596 tu
995 2545 1108 2601 [nec
1138 2548 1302 2601 verba
1339 2547 1392 2601 in
1420 2546 1577 2602 aliam
1603 2548 1833 2605 fortasse
1856 2549 2011 2604 intel-

441 2628 718 2701 ligentiam
753 2633 1104 2703 detorquens,
1150 2653 1254 2691 non
1284 2641 1350 2692 de
1375 2639 1486 2694 Deo
1513 2638 1690 2695 Verbo
1714 2640 1830 2695 haec
1855 2639 2013 2695 intel-

443 2720 654 2792 ligenda
683 2737 896 2791 censes,
932 2729 1024 2782 sed
1056 2727 1124 2781 ah
1147 2728 1238 2782 illo
1268 2728 1542 2794 auferens,
1576 2742 1632 2787 et
1666 2731 1890 2788 seorsim
1925 2746 2012 2787 se-

443 2827 640 2898 parans
667 2829 788 2868 eum
821 2817 912 2884 qui
938 2827 1020 2871 est
1042 2819 1108 2872 de
1142 2828 1326 2874 sancta
1361 2819 1581 2892 Virgine
1611 2821 1854 2890 genitus,
1893 2828 2012 2876 tan-

445 2918 601 2971 quam
643 2903 805 2958 alium
838 2905 1029 2972 lilium,
1059 2909 1134 2964 illi
1167 2911 1280 2966 hac
1322 2910 1448 2965 talia
1486 2913 1776 2967 convenire
1808 2921 1858 2966 et
1899 2913 2014 2982 ipse

441 2992 696 3061 allirmas,
746 3003 802 3051 et
855 2997 976 3061 aliis
1006 3009 1059 3052 et
1106 2999 1270 3055 etiam
1309 3003 1635 3071 persuadere
1681 3003 1928 3072 conaris,
1957 3010 2014 3056 ut

439 3083 630 3139 eadem
666 3095 839 3140 tecum
869 3096 925 3141 et
955 3089 1192 3142 sentiant
1225 3097 1279 3144 et
1308 3091 1614 3160 loquantur.
1644 3091 1720 3144 Ac
1750 3094 1906 3160 plane
1935 3091 2013 3144 di-

438 3186 554 3239 ces,
587 3175 923 3244 unigenitum
963 3179 1053 3232 Dei
1082 3178 1341 3245 Verbum,
1364 3196 1486 3236 cum
1521 3183 1592 3236 sit
1625 3183 1879 3238 Dominus
1901 3183 2015 3252 glo-

438 3266 556 3329 ‘yiai,
589 3282 864 3336 nunquam
895 3276 1148 3338 tanquam
1185 3270 1368 3342 gloria:
1400 3272 1636 3340 inopem,
1669 3273 1815 3328 illam
1850 3289 1881 3326 a
1916 3273 2016 3328 Pa-

441 3362 526 3430 :t'e
552 3357 718 3412 fuisse
752 3359 1070 3427 petiturum.
1109 3362 1310 3432 Accipe
1353 3364 1516 3433 igitur
1546 3366 1706 3419 etiam
1737 3381 1766 3419 a
1813 3367 2009 3421 nobis:

443 3447 488 3505 si
522 3462 625 3501 non
672 3447 848 3518 ipsum
881 3465 1005 3505 esse
1034 3451 1170 3507 dicis
1196 3452 1346 3507 illum
1372 3469 1437 3510 ex
1462 3454 1570 3510 Deo
1598 3457 1888 3512 secundum
1920 3473 2015 3511 na-

445 3548 618 3591 turam
643 3537 838 3593 Filium
867 3542 1224 3611 unigenitum,
1257 3545 1348 3615 qui
1379 3546 1431 3600 iu
1473 3547 1558 3602 his
1583 3548 1760 3602 verbis
1788 3548 2013 3619 gloriam

443 3643 473 3700 a
503 3626 665 3684 Patre
697 3631 948 3698 postulet,
997 3634 1119 3702 quis
1172 3650 1302 3706 ergo
1347 3635 1434 3691 ille
1475 3646 1593 3692 erat
1619 3638 1710 3708 qni
1752 3639 2010 3693 dicebat:

447 3738 470 3774 α
525 3720 780 3777 Clariﬂca
841 3738 926 3778 me
982 3724 1230 3780 claritate
1281 3741 1441 3795 quam
1501 3728 1664 3784 habui
1721 3740 2013 3800 antequam

445 3813 678 3878 mundus
712 3814 886 3881 ﬁeret,
919 3817 1056 3886 apud
1095 3818 1191 3872 te?
1235 3837 1253 3870 ι
1285 3805 1382 3874 Dic
1412 3834 1542 3891 ergo
1573 3821 1741 3886 mihi,
1779 3836 2012 3891 quonam

443 3909 602 3966 modo
637 3910 726 3967 ille
756 3925 823 3966 ex
849 3922 1036 3968 sancta
1053 3911 1295 3984 Virgine,
1325 3915 1508 3980 homo,
1539 3923 1597 3970 ut
1637 3926 1688 3969 tu
1725 3915 1976 3987 intelligis
1996 3956 2012 3982 ,

439 4006 668 4079 seorsim
736 4007 971 4076 positus,
1015 4017 1138 4063 ante
1188 4008 1443 4061 mundum
1495 4008 1654 4062 erat?
1701 4009 1891 4062 Annon
1937 4007 2013 4062 illi

439 4097 756 4153 seculorum
799 4099 1068 4154 conditori
1109 4100 1362 4155 convenit
1407 4102 1607 4155 mdndo
1653 4101 2012 4170 antiquiorem

440 4187 640 4263 habere
690 4189 1119 4253 subsistentiam,
1176 4199 1232 4245 et
1280 4189 1426 4244 Patri
1471 4192 1837 4246 coaeternam?
1868 4203 2015 4248 certe

440 4295 603 4353 nemo
649 4296 815 4345 sanus
861 4282 1140 4336 dubitarit.
1201 4281 1426 4346 Quando
1474 4297 1604 4351 ergo
1661 4283 2011 4354 semetipsum

2112 1830 2316 1901 φθορᾶς
2370 1831 2610 1901 ἀμείνων
2651 1829 2726 1893 ὼς
2771 1829 2925 1893 Θεός.
2985 1829 3095 1882 Καὶ
3143 1827 3278 1896 γοῦν
3325 1826 3427 1896 ἔφη
3488 1827 3687 1879 πάλινο

2117 1942 2134 1973 ι
2183 1921 2323 1991 Ἐγὼ
2355 1939 2412 1974 σε
2450 1921 2675 1985 ἐδόξασα
2697 1921 2787 1974 ἐπὶ
2815 1920 2916 1989 τῆς
2941 1922 3066 1990 γῆς,
3097 1918 3156 1971 τὸ
3188 1919 3345 1988 ἔργον
3376 1915 3687 1981 τελειώσας,

2110 2012 2138 2065 ὃ
2167 2013 2404 2075 δέδωκάς
2445 2029 2535 2082 μοι
2569 2012 2656 2065 ἵνα
2701 2011 2914 2082 ποιήσω
2934 2025 2947 2038 ·
2997 2010 3093 2063 καὶ
3125 2010 3220 2062 νῦν
3247 2008 3468 2072 δόξασόν
3501 2025 3570 2078 με
3600 2009 3687 2065 σὺ,

2113 2105 2317 2175 Πάτερ,
2347 2103 2496 2173 παρὰ
2544 2103 2753 2173 σεαυτῷ
2783 2104 2847 2174 τῇ
2879 2101 3004 2173 δόξῃ
3141 2096 3286 2170 εἴχον
3331 2098 3436 2170 πρὸ
3465 2096 3559 2150 τοῦ
3597 2097 3690 2150 τὸν

2115 2195 2319 2266 κόσμον
2350 2190 2512 2257 εἶναι,
2549 2193 2702 2266 παρὰ
2737 2193 2839 2247 σοί.
2879 2213 2898 2246 ι
2943 2194 3145 2264 Ἔργον
3177 2192 3234 2245 δὲ
3271 2190 3688 2259 τετελειωμένον

2112 2284 2277 2354 ἐσμὲν
2301 2285 2482 2354 ἡμεῖς,
2511 2282 2586 2347 ὡς
2619 2284 2676 2336 ἐν
2704 2281 2852 2352 αὐτῷ
2893 2281 2988 2334 καὶ
3017 2278 3220 2350 πρώτῳ
3255 2279 3514 2340 νικῶντες
3556 2277 3686 2346 φθο-

2115 2377 2232 2446 ρὰν,
2275 2379 2371 2428 καὶ
2395 2375 2457 2428 τὸ
2493 2374 2586 2428 τοῦ
2627 2373 2862 2428 θανάτου
2892 2371 3188 2434 πατοῦντες
3224 2373 3458 2441 κράτος*
3492 2367 3690 2422 ἀνεϐίω

2110 2467 2218 2536 γὰρ
2267 2467 2332 2518 ἐκ
2368 2464 2598 2536 νεκρῶν,
2628 2465 2837 2526 πάντας
2884 2463 3020 2531 ἔχων
3066 2463 3124 2513 ἐν
3171 2461 3372 2530 ἐαυτῷ.
3419 2458 3555 2512 Ἀλλ’
3597 2459 3688 2525 ἐφ’

2112 2557 2304 2628 ἐτέρας
2334 2558 2463 2619 ἴσως
2492 2557 2702 2619 ἐννοίας
2754 2552 3104 2624 ἀποκομίζων
3139 2551 3200 2606 τὸ
3235 2551 3534 2624 εἰρημένον,
3580 2552 3682 2603 οὐκ

2110 2650 2201 2703 ἐπί
2248 2666 2310 2717 γε
2355 2647 2442 2701 τοῦ
2481 2647 2614 2700 Θεοῦ
2664 2646 2839 2715 Λόγου
2885 2647 3043 2698 ταυτὶ
3088 2645 3153 2716 δὴ
3210 2644 3398 2714 χρῆναι
3443 2640 3682 2696 νοεῖσθαι

2112 2738 2291 2809 φαμέν
2325 2737 2434 2810 llo.
2468 2736 2572 2807 φὴς
2599 2736 2751 2808 μέν]ο
2786 2737 3078 2807 ἀποφέρων
3107 2737 3163 2790 δὲ
3206 2733 3365 2790 αὐτοῦ
3390 2735 3484 2787 καὶ
3513 2734 3686 2796 τιθεὶς

2111 2830 2212 2886 ἀνὰ
2241 2829 2405 2902 μέρος
2432 2829 2526 2882 τὸν
2573 2832 2638 2882 ἐκ
2661 2829 2760 2898 τῆς
2783 2829 2945 2897 ἁγίας
2975 2827 3252 2897 Παρθένου
3284 2825 3686 2895 γεγεννημένον

2111 2922 2187 2984 ὼς
2229 2921 2415 2991 ἓτερον
2443 2921 2578 2984 υἱδν,
2614 2919 2762 2990 αὑτῷ
2809 2919 2877 2973 τὰ
2925 2919 3103 2972 τοιάδε
3147 2918 3377 2989 πρέπειν
3417 2933 3478 2969 τε
3526 2915 3689 2978 αὐτὸς

2111 3013 2428 3076 διαϐεϐαιοῖ,
2467 3012 2561 3066 καὶ
2592 3012 2697 3083 μὴν
2726 3010 2819 3064 καὶ
2857 3011 3074 3082 ἐτέρους
3101 3009 3416 3064 ἀναπείθειν
3467 3009 3686 3080 ἐπείγῃ.

2113 3104 2288 3159 ταῦτά
2325 3105 2436 3178 [ῑσ.
2485 3103 2680 3177 ταυτα]
2721 3122 2803 3158 σοι
2850 3106 3066 3176 φρονεῖν
3109 3103 3204 3156 καὶ
3249 3102 3452 3170 λέγειν.
3514 3101 3690 3171 Ἐρεῖς

2113 3197 2169 3250 δέ
2196 3215 2297 3251 που
2329 3197 2564 3262 πάντως,
2596 3198 2678 3250 ὅτι
2706 3197 2807 3268 τῆς
2831 3195 2987 3266 δόξης
3007 3194 3209 3265 Κύριος
3234 3193 3310 3246 ῶν
3331 3195 3370 3266 ⁸δ
3393 3190 3686 3262 μονογενὴς

2113 3289 2208 3344 τοῦ
2233 3289 2368 3343 Θεοῦ
2402 3289 2594 3357 Λόγος,
2623 3289 2724 3342 οὐκ
2765 3289 2830 3343 ἂν
2862 3289 2938 3352 ὡς
2964 3286 3120 3357 δόξης
3159 3286 3421 3357 ὑπάρχων
3449 3282 3684 3350 ἐπιδεὴς,

2114 3381 2346 3452 ἐζήτησε
2377 3380 2475 3452 τὴν
2505 3381 2656 3450 παρὰ
2697 3380 2932 3451 Πατρός.
2965 3380 3162 3432 Ἄκουε
3200 3378 3381 3433 τοίνυν
3418 3375 3510 3429 καὶ
3551 3371 3689 3442 πρὸς

2113 3471 2146 3540 ὴ
2158 3470 2298 3540 μῶν·
2331 3471 2380 3522 εί
2413 3469 2488 3541 μὴ
2528 3469 2689 3524 αὑτὸν
2719 3464 2859 3523 εἶναι
2897 3468 3003 3540 φὴς
3032 3467 3124 3520 τὸν
3158 3468 3222 3520 ἐκ
3249 3464 3382 3518 Θεοῦ
3421 3464 3562 3516 κατὰ
3589 3462 3690 3530 φύ-

2116 3581 2200 3616 σιν
2230 3563 2359 3616 Υίὸν
2397 3562 2678 3632 μονογενῆ,
2717 3559 2876 3628 δόξαν
2920 3562 2977 3613 ἐν
3006 3558 3214 3620 τούτοις
3248 3554 3503 3609 αἰτοῦντα
3537 3553 3690 3621 παρὰ

2113 3656 2207 3709 τοῦ
2238 3655 2486 3725 Πατρὺς,
2523 3653 2604 3717 τίς
2639 3649 2710 3725 ἦν
2741 3655 2770 3706 δ
2799 3653 2993 3721 λέγων,
3035 3671 3054 3704 ι
3091 3649 3324 3714 Δόξασόν
3364 3665 3431 3719 με
3461 3649 3525 3718 τῇ
3560 3645 3688 3717 δόξῃ

2114 3741 2148 3819 ᾖ
2174 3743 2317 3817 εἶχον
2345 3745 2450 3817 πρὸ
2473 3744 2568 3798 τοῦ
2605 3744 2697 3798 τδν
2725 3744 2928 3813 κόσμον
2957 3739 3116 3818 εἶναι,
3163 3740 3314 3810 παρὰ
3353 3739 3434 3792 σοί
3452 3755 3466 3802 ;
3506 3757 3524 3788 ι
3560 3735 3688 3798 Πῶς

2113 3834 2226 3899 οὖν,
2258 3835 2379 3889 εἰπέ
2417 3852 2526 3906 μοι,
2553 3834 2888 3905 προκόσμιος
2911 3834 2940 3886 ό
2963 3835 3028 3887 ἐκ
3061 3834 3159 3902 τῆς
3203 3831 3366 3898 ἁγίας
3405 3828 3686 3898 Παρθένου

2115 3927 2254 3982 κατὰ
2285 3927 2341 3980 σὲ
2371 3926 2658 3997 νοούμενος
2685 3925 2968 3994 ἄνθρωπος
2998 3923 3218 3988 ίδικῶς;
3256 3921 3384 3991 ’Ἆρ’
3407 3918 3524 3988 οὐχ).
3551 3918 3689 3988 πρέ-

2115 4035 2205 4071 ποι
2237 4018 2302 4070 ἃν
2337 4017 2412 4088 τῷ
2453 4016 2560 4068 τῶν
2592 4014 2802 4069 αἰώνων
2830 4011 3166 4084 δημιουργῷ,
3197 4010 3275 4075 τὸ,
3311 4008 3688 4081 πρεσϐυτέραν

2114 4106 2259 4177 ἔχειν
2305 4106 2398 4159 τοῦ
2447 4105 2653 4174 κόσμου
2700 4103 2798 4172 τὴν
2845 4100 3098 4172 ὓπαρξιν.
3153 4100 3246 4153 καὶ
3300 4097 3566 4151 συναῖδιον
3607 4096 3688 4165 τῷ

2113 4198 2318 4269 Πατρί;
2348 4195 2461 4250 ἀλλ’
2491 4196 2591 4252 οὐκ
2635 4194 2701 4247 ἂν
2731 4193 3024 4247 ὲνδοιάσειέ
3072 4210 3156 4255 τις
3200 4190 3308 4243 τῶν
3352 4186 3413 4242 εὖ
3471 4191 3686 4259 φρονεῖν

2114 4287 2401 4341 εἰωθότων.
2433 4287 2560 4340 Ὅτε
2585 4285 2762 4338 τοίνυν
2792 4283 2980 4338 ἐαυτὸν
3009 4283 3282 4337 κεκένωκε
3323 4279 3534 4351 μορφὴν
3563 4277 3685 4333 δούο

441 4370 761 4434 exinauivit,
787 4372 1016 4445 formam
1055 4373 1192 4442 servi
1225 4365 1494 4442 accipiens
1512 4374 1596 4440 δ’,
1634 4383 1744 4428 tum
1783 4375 2011 4444 denique

2113 4379 2204 4431 λου
2242 4377 2442 4441 λαϐὼν,
2480 4378 2600 4430 τότε
2630 4377 2714 4446 δὴ,
2747 4377 2869 4429 τότε
2902 4376 2996 4429 καὶ
3029 4377 3108 4437 είς
3156 4373 3256 4444 τὴν
3282 4371 3507 4426 ἐνοῦσαν
3536 4369 3698 4450 αὐτῷ,

439 4463 602 4532 etiam
637 4463 701 4516 ad
726 4477 844 4526 eam
881 4463 1105 4531 gloriam
1134 4479 1254 4534 qua:
1284 4465 1385 4520 sibi
1425 4465 1720 4520 secundum
1767 4475 2010 4518 naturam

441 4556 636 4629 inerat,
661 4570 782 4609 cum
818 4556 965 4610 unita
993 4557 1092 4611 sibi
1131 4571 1344 4626 quoque
1382 4571 1546 4612 carne
1593 4557 1769 4611 redire
1799 4556 2009 4620 volens,

437 4656 741 4718 opportune
791 4645 1022 4701 dixitzc
1062 4646 1311 4702 Clarillca
1376 4663 1460 4701 me
1521 4655 1597 4712 tu,
1658 4645 1838 4712 Pater,
1871 4648 2009 4715 apud

441 4737 779 4808 temetipsum
802 4736 1048 4790 claritate
1096 4753 1256 4807 quam
1302 4739 1466 4793 habui
1507 4739 1815 4806 priusquam
1852 4754 2009 4790 mun-

437 4835 537 4902 dus
569 4840 734 4894 esset,
763 4830 902 4900 apud
932 4841 1009 4897 te;
1051 4840 1110 4884 ut
1150 4831 1383 4886 mundus
1432 4821 1617 4886 credat
1662 4831 1784 4900 quia
1835 4841 1889 4884 tu
1924 4846 2008 4884 me

438 4919 656 4992 misisti.
697 4917 760 4972 Et
787 4934 887 4989 ego
914 4919 1213 4975 claritatem
1246 4936 1410 4990 quam
1452 4920 1649 4976 dedisti
1692 4917 1847 4983 mihi,
1883 4919 2004 4974 dedi

434 5011 536 5073 eis,
571 5019 629 5064 ut
653 5011 763 5065 sint
793 5027 978 5076 unum,
1016 5011 1158 5066 sicut
1191 5028 1287 5067 nos
1322 5028 1510 5066 unum.
1544 5011 1657 5081 Ego
1685 5012 1737 5066 in
1769 5012 1918 5080 ipsis,
1951 5023 2005 5065 et

437 5099 576 5151 tuin
614 5114 737 5165 me;
786 5108 844 5174 ut
883 5100 994 5154 sint
1034 5103 1392 5177 consummati
1438 5103 1490 5156 in
1537 5118 1702 5157 unum
1727 5102 1793 5180 ³³,
1836 5118 1856 5152 ι
1905 5101 2006 5154 Per

438 5189 610 5257 ipsum
649 5191 813 5258 igitur
842 5193 1332 5248 reconciliationem
1375 5194 1721 5262 accepimus:
1759 5194 1828 5247 ita
1859 5194 2004 5247 enim

434 5297 570 5350 opus
592 5286 983 5346 consummavit
1019 5287 1161 5355 quod
1198 5287 1345 5341 dedit
1379 5288 1477 5357 ipsi
1528 5287 1590 5340 ad
1627 5301 2009 5341 consumman-

436 5374 562 5432 dum
601 5373 778 5429 Pater.
821 5377 1160 5432 Assertorem
1205 5379 1445 5433 meorum
1486 5379 1773 5433 verborum
1816 5394 2006 5432 rursus

434 5463 618 5525 citabo
647 5463 860 5519 beatum
886 5464 1108 5520 Paulum
1132 5469 1202 5524 ita
1231 5471 1558 5530 scribentem
1593 5471 1658 5524 ad
1687 5481 1908 5525 vocatos
1937 5483 2002 5528 ex

2114 4468 2257 4524 κατὰ
2283 4469 2442 4536 φύσιν
2470 4467 2829 4536 ἀναφοιτῆσαι
2858 4463 3015 4530 δόξαν
3047 4463 3267 4526 ἐθέλων,
3301 4463 3394 4515 καὶ
3421 4461 3558 4532 μετά
3587 4460 3688 4528 τῆς

2112 4559 2403 4631 ἐνωθείσης
2431 4559 2577 4630 αὐτῷ
2605 4558 2803 4629 σαρκὸς
2843 4557 2936 4610 ἐπὶ
2960 4553 3153 4626 καιροῦ
3187 4571 3320 4625 φησι
3340 4571 3354 4584 υ
3388 4573 3407 4605 ι
3455 4552 3687 4618 Δόξασόν

2114 4668 2182 4721 με
2228 4653 2312 4714 σὺ,
2350 4651 2552 4721 Πάτερ,
2595 4649 2746 4719 παρὰ
2791 4647 3003 4717 σεαυτῷ
3033 4648 3100 4716 τῇ
3133 4644 3260 4717 δόξῃ
3387 4639 3531 4714 εἶχον
3578 4644 3686 4713 πρὸ

2109 4739 2202 4792 τοῦ
2237 4739 2325 4792 τὸν
2365 4740 2569 4808 κόσμον
2615 4733 2756 4790 εἶναι
2802 4735 2953 4806 παρὰ
3004 4735 3104 4798 σοὶ,
3138 4735 3225 4787 ἴνα
3272 4735 3301 4787 ό
3347 4733 3549 4799 κόσμος
3591 4748 3684 4784 πι-

2117 4830 2314 4901 στεύσῃ
2348 4831 2430 4883 ὅτι
2461 4829 2524 4882 σύ
2560 4845 2626 4899 με
2666 4826 3022 4890 ἀπέστειλαςο
3059 4823 3214 4893 κάγὼ
3255 4825 3355 4894 τὴν
3399 4823 3556 4888 δόξαν
3600 4823 3669 4892 ἢν

2111 4922 2347 4984 δέδωκάς
2383 4938 2494 4990 μοι,
2544 4920 2753 4973 δέδωκα
2799 4919 3002 4980 αὐτοῖς,
3053 4918 3140 4970 ἵνα
3184 4909 3316 4969 ὦσιν
3367 4914 3444 4977 ἓν,
3496 4911 3683 4976 καθὼς

2109 5013 2272 5084 ἡμεῖς
2303 5013 2395 5064 ἓν·
2446 5010 2556 5080 ἐγὼ
2590 5013 2648 5064 ἐν
2690 5011 2871 5073 αὐτοῖς
2917 5009 3012 5063 καὶ
3055 5008 3118 5061 σὺ
3172 5009 3230 5061 ὲν
3279 5008 3423 5076 ἐμοὶ,
3458 5005 3547 5057 ἵνα
3579 4997 3683 5056 ὦσι

2109 5102 2517 5179 τετελειωμένοι
2551 5103 2631 5165 εἰς
2662 5101 2740 5154 ἐν.
2773 5120 2790 5153 ι
2817 5101 2893 5154 Δι’
2922 5099 3085 5154 αὐτοῦ
3115 5097 3401 5168 τοιγαροῦν
3421 5095 3520 5165 τὴν
3550 5111 3683 5148 κατ-

2109 5195 2350 5266 αλλαγὴν
2377 5195 2712 5264 ἐσχήκαμεν·
2743 5193 3060 5246 τετελείωκε
3093 5193 3201 5261 γὰρ
3233 5190 3374 5244 οὕτω
3404 5189 3464 5241 τδ
3496 5187 3680 5258 ἔργον,

2107 5287 2387 5354 δδέδῳκεν
2415 5285 2564 5355 αὐτῷ
2592 5287 2671 5349 εἰς
2694 5285 2968 5338 τελείωσιν
3015 5287 3043 5337 ὁ
3089 5284 3294 5354 Πατήρ.
3328 5280 3683 5350 Συλλήπτορα

2107 5375 2162 5428 δὲ
2205 5376 2314 5428 τῶν
2343 5375 2493 5446 ἐμῶν
2522 5375 2695 5443 λόγων
2723 5377 3021 5446 ποιήσομαι
3068 5373 3230 5427 πάλιν
3267 5371 3357 5424 τὸν
3389 5369 3684 5440 ίερὼτατον

2109 5467 2340 5532 Παῦλον,
2371 5467 2467 5521 ὡδὶ
2491 5467 2804 5539 γεγραφότα
2835 5470 2943 5531 τοῖς
2981 5468 3040 5532 ἐξ
3089 5466 3257 5522 ἐθνῶν
3285 5463 3645 5543 κεκλημένοις
3666 5477 3680 5492 ·

514 5639 555 5686 '2“
593 5635 752 5712 ,ίυςιιιἲ
795 5655 923 5701 xm,
967 5641 1157 5694 ‘20-'25.
1237 5642 1276 5672 “
1321 5645 1447 5696 ἰΜιί.
1482 5645 1514 5710 4
1677 5648 1718 5675 δ’
1749 5645 1978 5713 Philipp.

2115 5647 2176 5726 6..
2245 5646 2287 5676 “
2314 5644 2470 5699 Joan.
2507 5661 2636 5708 xvtt,
2669 5643 2918 5707 5,2l-25.
