4002 6192
246 239 340 300 2|?

1334 243 1705 298 ADVERSLS
1743 243 2154 331 RESTORIVUM
2195 243 2320 296 LIB.
2365 244 2427 298 ν.

3430 245 3538 300 2'8

253 383 270 416 ι
301 362 432 415 Νυνὶ
458 360 513 413 δὲ
540 362 600 413 έν
628 361 878 432 Χριστῷ
925 362 1108 433 Ἰησοῦ
1145 363 1304 433 ύμεῖς
1335 365 1385 416 οξ
1420 366 1546 418 ποτὲ
1578 365 1726 428 ὄντες
1760 382 1848 434 μα-

1963 366 2256 436 gentibus:
2289 385 2308 416 ι
2355 363 2507 420 Nunc
2555 373 2734 418 autem
2779 363 2830 418 in
2881 365 3097 418 Christo
3137 363 3264 418 Jesu
3303 351 3408 419 vos
3447 361 3536 433 qui

248 452 398 524 ιράν,
435 449 748 520 ἐγενήθητε
787 453 979 520 ὲγγὶις
1021 456 1078 506 ὲν
1115 453 1195 523 τῷ
1246 453 1438 524 αἵματι
1470 455 1563 506 τοῦ
1599 455 1860 524 Χριστοῦ.

247 545 406 608 Αὐτὸς
433 544 540 611 γάρ
565 544 725 595 ἐστιν
761 544 799 613 ή
841 547 1047 614 εἰρήνη
1091 544 1268 614 ήμῶν,
1312 548 1338 597 ὁ
1371 547 1598 614 ποιήσας
1637 547 1706 598 τὰ
1753 547 1863 616 ἀμ-

249 637 434 706 φότερα
473 636 571 687 ένο
620 636 724 687 καὶ
754 635 824 688 τὸ
863 639 1194 707 μεσότοιχον
1237 637 1327 689 τοῦ
1375 637 1630 707 φραγμοῦ
1672 637 1860 701 λύσας,

248 731 337 800 τὴν
374 729 574 798 ἔχθραν
621 729 684 780 ὲν
717 730 791 797 τῇ
832 731 1019 794 σαρκὶ
1064 728 1248 791 αὑτοῦ,
1280 727 1373 781 τὸν
1417 729 1581 798 νόμον
1621 729 1728 781 τῶν
1772 731 1860 781 ἐν·

249 819 402 874 τολῶν
432 821 488 872 ὲν
539 819 793 888 δόγμασι
845 822 1241 891 καταργήσας,
1281 820 1367 872 ἴνα
1401 815 1528 886 τοὺς
1570 820 1663 873 δύο
1702 822 1858 891 κτίσῃ

251 914 300 963 ἐν
337 909 486 980 αὐτῷ
519 910 600 972 είς
651 910 760 963 ἕνα
813 912 1020 964 καινὸν
1070 911 1375 980 ἄνθρωπον,
1415 913 1582 964 ποιῶν
1615 915 1856 982 εἰρήνην,

253 1005 337 1055 καὶ
370 1001 808 1072 ἀποκαταλλάξῃ
867 1003 1004 1065 τοὺς
1048 1004 1388 1073 ἀμφοτέρους
1434 1005 1488 1055 ὲν
1535 1005 1613 1055 ἐνὶ
1647 1004 1859 1073 σώματι

255 1093 324 1162 τῷ
356 1092 468 1163 Θεῷ
496 1093 586 1146 διὰ
619 1093 720 1145 τοῦ
777 1094 1054 1164 σταυροῦ,
1090 1095 1417 1150 ἀποκτείνας
1441 1093 1540 1165 τὴν
1572 1094 1768 1164 ἔχθραν
1801 1097 1856 1146 ἐν

261 1186 412 1255 αὐτῷ.
451 1186 560 1238 Καὶ
615 1184 803 1237 ἐλθὼν
865 1185 1266 1254 εὐηγγελίσατο
1305 1185 1526 1255 εἰρήνην
1572 1185 1698 1253 ὑμῖν
1745 1187 1857 1247 τοῖς

267 1281 486 1352 μακρὰν,
536 1278 639 1331 καὶ
693 1279 819 1340 τοῖς
878 1277 1074 1344 ἐγγύς.
1117 1297 1137 1329 ι
1173 1277 1281 1331 Καὶ
1313 1277 1418 1346 μὴν
1445 1277 1538 1330 καὶ
1592 1275 1854 1346 ἑτέρωθιο

272 1389 287 1420 ι
337 1368 731 1430 Δικαιωθέντες
790 1363 896 1421 οὖν
949 1370 1014 1420 ὲκ
1066 1368 1333 1430 πίστεως,
1385 1368 1608 1437 εἰρήνην
1656 1365 1853 1436 ἔχομεν

269 1462 392 1532 πρὸς
437 1461 527 1514 τὸν
577 1460 718 1513 Θεὸν
772 1459 871 1512 διὰ
901 1459 996 1512 τοῦ
1045 1458 1252 1528 Κυρίου
1301 1457 1458 1528 ήμῶν
1515 1457 1685 1528 Ἰησοῦ
1716 1458 1850 1528 Χρι-

271 1551 406 1606 στοῦ.
449 1571 466 1602 ι
500 1551 717 1604 Οὐκοῦν
755 1548 1196 1620 κατηλλὰγμεθα
1243 1547 1321 1616 τῷ
1369 1545 1488 1617 Θεῷ
1536 1548 1628 1601 καὶ
1678 1547 1852 1618 Πατρὶ

270 1646 353 1700 διὰ
396 1643 487 1697 τοῦ
541 1641 784 1696 θανάτου
821 1641 918 1694 τοῦ
968 1639 1101 1692 Υίοῦ
1155 1637 1342 1700 αὑτοῦ,
1380 1639 1848 1709 καταργήσαντος,

1969 459 2134 511 eratis
2183 457 2373 527 longe,
2424 457 2547 510 facti
2594 457 2725 510 estis
2776 471 2938 524 prope
2983 457 3034 509 in
3075 456 3337 523 sanguine
3375 456 3538 510 Chri-

1968 551 2058 603 sti.
2121 549 2237 616 Ipse
2289 557 2372 602 est
2410 549 2551 602 enim
2607 563 2707 614 pax
2751 559 2954 611 nostra,
2997 548 3085 615 qui
3141 547 3265 600 fecit
3312 558 3541 613 utraque

1963 659 2168 704 unum;
2233 651 2286 695 et
2347 641 2578 694 medium
2647 640 2904 709 parietem
2968 641 3214 693 maceriae
3279 647 3536 702 solvens,

1966 730 2278 784 inimicitias
2341 731 2392 783 in
2470 744 2632 782 carne
2706 743 2841 791 sua,
2923 729 3088 797 legem
3159 734 3536 783 mandatorum

1965 822 2019 875 in
2083 821 2315 876 decretis
2374 835 2678 885 evacuans,
2738 829 2798 873 ut
2853 824 2989 873 duos
3051 823 3244 874 condat
3301 821 3352 874 in
3423 822 3539 890 ipso

1963 914 2015 966 in
2050 929 2211 966 unum
2248 929 2440 965 novum
2489 915 2784 977 hominem,
2835 912 3038 966 iaciens
3091 929 3299 980 pacem,
3361 924 3414 966 ct
3455 929 3538 967 re-

1963 1005 2211 1059 conciliet
2253 1005 2409 1074 125
2439 1006 2625 1057 ambos
2661 1005 2711 1056 in
2742 1020 2846 1056 uno
2870 1019 3098 1073 corpore
3139 1004 3247 1056 Deo
3281 1019 3377 1069 per
3414 1019 3538 1055 crn-

1960 1112 2100 1160 cem,
2137 1097 2472 1150 interﬁciens
2517 1095 2824 1148 inimicitias
2871 1097 2922 1147 in
2965 1096 3274 1160 semetipso.
3335 1093 3399 1146 Et
3446 1109 3540 1145 ve-

1960 1188 2115 1242 niens
2155 1186 2543 1253 evangelizavit
2591 1200 2773 1252 pacem
2825 1185 2975 1238 vobis
3003 1185 3090 1252 qui
3141 1183 3299 1251 longe
3340 1182 3535 1248 fuistis,

1956 1288 2011 1335 et
2049 1263 2140 1348 qui
2173 1294 2342 1348 prope
2373 1277 2436 1330 δ’.
2469 1296 2486 1327 ι
2511 1276 2812 1342 Quinetiam
2851 1275 2977 1328 alibi
3012 1293 3026 1329 :
3065 1295 3082 1327 ι
3112 1274 3399 1328 Justilicati
3434 1273 3532 1341 igi-

1959 1380 2047 1426 tur
2068 1385 2133 1424 ex
2159 1370 2281 1432 fide,
2313 1384 2498 1439 pacem
2537 1370 2795 1423 habemus
2821 1368 2888 1422 ad
2929 1369 3091 1422 Deum
3131 1383 3225 1436 per
3253 1367 3534 1420 Dominum

1956 1471 2201 1516 nostrum
2254 1460 2436 1515 Jesum
2487 1459 2763 1514 Christum
2807 1460 2872 1512 ".
2912 1479 2931 1512 ι
2981 1459 3148 1530 Igitur
3197 1458 3532 1513 reconciliati

1952 1571 2140 1610 sumus
2189 1553 2300 1609 Deo
2335 1565 2390 1608 et
2435 1553 2581 1608 Patri
2631 1567 2726 1622 per
2778 1563 3004 1606 mortem
3062 1551 3180 1606 Filii
3233 1551 3366 1618 ejus,
3407 1566 3536 1604 era-

1953 1655 2151 1700 cuante
2184 1660 2248 1700 eo
2283 1647 2360 1700 vel
2392 1645 2751 1699 interiiciente
2785 1644 3095 1697 inimicitias
3131 1645 3181 1696 in
3209 1659 3371 1696 carne
3412 1658 3532 1709 sua,

275 1741 433 1810 ήγουν
456 1735 882 1797 ἀποκτείναντος
916 1731 1017 1802 τὴν
1047 1730 1244 1801 ἔχθραν
1275 1732 1331 1782 ὲν
1362 1733 1426 1800 τῇ
1461 1730 1624 1800 σαρκὶ
1664 1729 1846 1793 αὐτοῦ,

1953 1736 2100 1806 iuxta
2134 1751 2412 1790 sacrarum
2443 1736 2772 1789 Litterarum
2806 1734 2985 1787 Iidem.
3027 1734 3104 1787 Tu
3151 1748 3278 1786 vero
3314 1733 3531 1800 dispen-

279 1829 414 1885 τιτὰ
451 1844 515 1895 γε
553 1827 654 1897 τὴν
693 1827 884 1878 πίστιν
920 1823 1030 1876 τῶν
1081 1821 1243 1892 ἱερῶν
1268 1821 1636 1892 Γραμμάτων.
1672 1821 1849 1874 Ἀναι-

291 1923 397 1992 ρεῖς
420 1921 474 1973 δὲ
502 1920 625 1980 τοὺς
653 1917 851 1984 λόγους
889 1915 991 1985 τῆς
1023 1913 1336 1982 οἰκονομίας
1383 1912 1564 1975 αὐτὸς.
1594 1912 1686 1966 καὶ
1717 1914 1849 1981 opo-

293 2012 460 2080 λογεῖν
492 2012 587 2062 οὒκ
623 2008 809 2073 ἀξιοῖς,
844 2007 926 2059 ὅτι
966 2005 1136 2074 σαρκὶ
1166 2001 1432 2057 πέπονθεν
1468 2003 1608 2072 ὑπὲρ
1637 2001 1793 2072 ήμῶν
1823 2003 1851 2054 ὁ

308 2101 403 2154 τοῦ
431 2099 556 2154 Θεοῦ
588 2101 764 2166 Λόγος,
799 2081 1190 2168 εὑρεσιλογίαις
1223 2094 1364 2145 τισὶν
1397 2093 1675 2155 ἀσυνέτοις
1706 2092 1851 2163 χρώ·

325 2207 504 2260 μενος·
555 2191 714 2242 κοινὸν
751 2190 854 2259 γὰρ
896 2188 1068 2256 ὄνομα
1113 2185 1217 2255 φὴς
1261 2183 1339 2253 τῷ
1391 2185 1455 2236 ὲκ
1506 2183 1642 2236 Θεοῦ
1694 2184 1851 2251 φύντι

318 2284 495 2352 Λόγῳ,
525 2283 614 2335 καὶ
647 2284 756 2351 ἡμῖν
781 2282 973 2342 αὐτοῖς,
995 2279 1076 2342 τὸ,
1110 2277 1256 2340 Υἱός.
1293 2272 1424 2329 Εἶτα
1457 2276 1563 2328 τῶν
1597 2277 1676 2338 εἰς
1704 2277 1848 2346 ἡμᾶς

313 2373 615 2440 γεγονότων
650 2371 868 2440 ἀγαθῶν,
901 2369 1063 2438 ἀεργῆ
1101 2367 1361 2430 καθιστὰς
1404 2365 1515 2430 τὸν,
1548 2367 1614 2419 δι’
1657 2361 1719 2418 οὗ
1762 2381 1848 2420 σε·

308 2463 566 2533 σὼσμεθα
613 2463 736 2516 Θεὸν
766 2461 946 2528 Λόγον,
971 2459 1039 2521 ὼς
1084 2459 1256 2528 ἑτέρῳ
1288 2458 1418 2527 παρ’
1443 2455 1604 2510 αὑτὸν
1638 2457 1733 2508 καὶ
1761 2456 1852 2509 ἰδι-

299 2553 406 2616 ιαῖις
437 2553 705 2624 νοουμένῳ
731 2552 840 2605 τῶν
867 2550 982 2603 καθ’
1009 2550 1150 2618 ἡμᾶς
1180 2548 1280 2609 ἐνὶ,
1311 2549 1379 2599 τὰ
1407 2547 1490 2616 ἐφ’
1523 2543 1604 2610 οἷς
1638 2546 1852 2612 δοξάζε-

293 2661 378 2696 ται
405 2640 853 2713 προσνενεμηκὼς
879 2639 1060 2706 ἀλώσῃ
1109 2637 1314 2705 σαφῶς.
1361 2637 1474 2690 Οἴει
1501 2636 1558 2690 δέ
1603 2653 1685 2688 σοι
1718 2636 1853 2705 πρὸς

291 2734 557 2799 ἀπόδειξιν
585 2729 655 2787 ὧν
688 2732 823 2802 ἔφην
844 2730 953 2802 [ἷσ.
980 2729 1164 2800 ἕφης],
1188 2730 1282 2782 καὶ
1314 2729 1418 2799 μὴν
1447 2728 1540 2781 καὶ
1571 2728 1844 2798 πεφρόνηο

288 2841 386 2888 κας
413 2825 508 2876 οὐκ
529 2823 719 2893 ὀρθῶς,
743 2823 1083 2892 ἀποχρήσειν
1110 2817 1168 2874 εὖ
1201 2819 1348 2890 μάλα
1376 2820 1474 2890 τὴν
1503 2819 1842 2889 ὁμωνυμίαν·

287 2915 379 2967 οὐκ
406 2915 597 2967 ἐννοῶν
621 2915 701 2966 ὅτι
730 2912 835 2965 κᾶν
869 2914 982 2975 τοῖς
1017 2911 1157 2964 κατὰ
1200 2908 1360 2978 φύσιν
1391 2904 1528 2962 εἷναί
1560 2927 1614 2961 τι
1657 2906 1853 2979 λαχοῦ-

1952 1827 2175 1884 sationis
2211 1829 2450 1881 rationes
2499 1827 2730 1888 evertis,
2780 1835 2834 1879 et
2886 1840 3104 1879 recusas
3153 1823 3404 1878 conﬁteri
3441 1823 3531 1876 Dei

1951 1920 2186 1975 Verbum
2231 1934 2327 1988 pro
2366 1918 2522 1972 nobis
2554 1933 2718 1971 carne
2755 1931 2994 1983 pas3nm,
3037 1915 3359 1968 commentis
3405 1915 3528 1983 qui-

1952 2012 2180 2067 busdam
2219 2011 2485 2079 imperitis
2514 2025 2644 2064 usus
2671 2027 2684 2062 :
2712 2023 2904 2062 nomen
2931 2008 3072 2062 enim
3106 2005 3434 2069 Filii,Verbo
3463 2021 3530 2059 ex

1953 2102 2064 2158 Deo
2097 2102 2280 2173 genito
2331 2117 2394 2156 ac
2431 2102 2586 2155 nobis
2639 2101 2767 2169 ipsis
2823 2114 3111 2154 commune
3163 2112 3285 2153 esse
3339 2099 3522 2152 dicis:

1953 2195 2149 2249 deinde
2178 2197 2440 2248 bonorum
2481 2193 2532 2247 in
2571 2207 2673 2247 nos
2716 2192 3035 2246 collatorum
3069 2190 3216 2244 illum
3268 2205 3388 2244 esse
3428 2206 3526 2243 au-

1953 2295 2158 2340 ctorem
2218 2299 2439 2354 negans,
2495 2299 2592 2352 per
2650 2298 2808 2351 quem
2848 2281 3038 2335 salvati
3098 2296 3308 2344 sumus,
3364 2281 3529 2334 Deum

1957 2377 2212 2440 Verbum,
2245 2385 2496 2446 tanquam
2521 2375 2674 2428 alteri
2709 2374 2778 2427 ab
2803 2374 2892 2427 illo
2915 2385 2969 2427 et
2998 2375 3225 2428 seorsim
3255 2373 3531 2426 intellecto

1957 2470 2045 2520 uni
2079 2483 2142 2522 ex
2174 2477 2361 2522 nostro
2392 2480 2635 2527 numero,
2667 2479 2728 2517 ea
2772 2461 2992 2533 propter
3025 2479 3143 2531 qua:
3174 2463 3528 2530 gloriﬁcatur,

1956 2559 2194 2613 tribuere
2233 2568 2418 2628 aperte
2448 2555 2868 2624 deprehenderis
2896 2572 2909 2608 :
2943 2569 3004 2608 ac
3035 2563 3189 2624 putas
3216 2555 3280 2606 ad
3310 2567 3370 2606 ea
3395 2568 3528 2607 con-

1955 2649 2214 2704 iinnanda
2245 2664 2362 2716 quae
2389 2647 2592 2712 dixisti,
2623 2657 2677 2700 et
2715 2661 2834 2715 quas
2877 2660 2981 2699 non
3016 2654 3164 2700 recte
3207 2645 3396 2706 sentis,
3434 2645 3527 2698 tibi

1953 2740 2088 2794 satis
2131 2753 2403 2808 superque
2456 2738 2692 2792 futuram
2737 2739 2908 2804 ipsam
2948 2737 3375 2809 homonymiam;
3423 2751 3529 2788 non

1955 2832 2243 2886 advertens
2271 2831 2438 2884 etiam
2473 2830 2517 2884 si
2558 2845 2678 2882 cum
2711 2829 2776 2882 iis
2809 2844 2925 2897 quae
2955 2829 3250 2882 secundum
3282 2837 3527 2880 naturam

1956 2925 2154 2978 habent
2203 2930 2260 2976 ut
2292 2921 2402 2976 sint
2436 2919 2658 2988 aliquid,
2715 2918 2981 2972 nonnulla:
3025 2918 3145 2971 aliae
3199 2933 3286 2972 res
3338 2919 3528 2971 eodem

289 3021 388 3068 σιν,
423 3003 722 3073 ὁμωνύμως
749 3001 916 3071 ἔτερα
942 3000 1170 3069 λέγηται
1197 2997 1305 3051 τῶν
1352 2997 1520 3051 ὄντων
1547 2997 1690 3060 τινὰ,
1730 2997 1848 3066 οὐχὶ

1956 3013 2174 3067 nomine
2208 3021 2488 3074 vocentur,
2528 3025 2633 3063 non
2677 3024 2740 3064 ea
2787 3011 2854 3063 de
2895 3025 3060 3063 causa
3101 3009 3186 3062 illa
3215 3009 3528 3076 expellenda

285 3094 479 3164 ταύτης
514 3095 673 3147 ἕνεκα
715 3093 815 3162 τῆς
851 3091 1031 3154 αἰτίας
1077 3090 1336 3156 ὲξωστέον
1367 3088 1437 3142 τὰ
1486 3087 1629 3141 κατὰ
1661 3087 1843 3157 φύσιν,

283 3185 648 3256 περιτιθέντας
672 3185 758 3238 ἀεὶ
795 3183 865 3237 τά
907 3182 1105 3244 αὐτῶν,
1142 3184 1254 3245 τοῖς
1287 3181 1428 3236 κατὰ
1474 3181 1644 3244 θέσιν,
1689 3181 1723 3253 ἢ
1758 3181 1848 3252 μί-

287 3296 456 3349 μησιν.
487 3281 588 3331 Δεῖ
615 3278 696 3342 δὲ,
728 3272 909 3346 οἶμαι,
941 3275 1041 3338 τὰς
1062 3273 1167 3326 τῶν
1185 3275 1477 3344 δρωμένων
1509 3275 1596 3328 ἀεὶ
1621 3273 1849 3344 δοκιμά-

284 3370 451 3435 ζεσθαι
496 3368 718 3439 φύσεις,
753 3367 848 3421 καὶ
885 3362 967 3430 οἷς
1016 3367 1082 3420 ἂν
1115 3365 1349 3436 μάλιστα
1383 3365 1583 3437 πρέποι
1617 3365 1847 3436 προσνέ-

287 3480 394 3531 μειν
436 3464 603 3516 αύτά.
638 3455 787 3522 Οἶον,
826 3458 959 3530 φέρε
1009 3459 1204 3520 εἰπεῖν,
1243 3455 1374 3519 Θεὸς
1405 3455 1713 3527 ὠνόμασται
1757 3454 1850 3508 καὶ

283 3556 384 3607 ἐστι
422 3554 576 3609 κατά
619 3553 876 3623 ἀλήθειαν
924 3550 954 3601 ὁ
997 3551 1219 3619 Πατήρ’
1262 3566 1280 3599 ι
1333 3549 1420 3614 Ἐξ
1452 3547 1618 3602 αὐτοῦ
1651 3549 1707 3600 δὲ
1755 3548 1848 3600 καὶ

287 3649 421 3702 πᾶσα
447 3645 686 3718 πατριὰ,
726 3645 783 3698 ἐν
819 3660 880 3696 τε
930 3640 1144 3713 οὐρανῷ
1192 3639 1286 3692 καὶ
1330 3639 1424 3691 ἐπὶ
1455 3639 1557 3709 γῆς
1585 3636 1846 3706 ὀνομάζε-

283 3756 380 3804 ται,
413 3760 430 3791 ι
470 3740 623 3793 κατά
661 3738 720 3790 τὸ
757 3733 1160 3806 γεγραμμένον.
1211 3732 1348 3784 Ἀλλ’
1385 3731 1494 3784 εἰσὶ
1544 3731 1638 3783 καὶ
1665 3729 1846 3799 ἕτεροι

287 3831 526 3902 σαρκικοί
578 3846 638 3881 τε
693 3828 825 3897 ἡμῖν
872 3825 966 3878 καὶ
1013 3826 1374 3894 πνευματικοὶ
1422 3821 1675 3891 πατέρες.
1714 3815 1842 3890 'Ap’

285 3919 385 3984 ὧν,
416 3925 465 3976 εἴ
491 3941 547 3976 τι
567 3921 778 3990 λέγοιτο
805 3919 913 3972 τῶν
946 3917 1430 3988 θεοπρεπεστάτων
1459 3911 1692 3984 περὶτοῦ
1709 3909 1844 3964 Θεοῦ

288 4013 370 4074 καὶ
407 4013 666 4083 Πατρὸς,
726 4008 1017 4080 ἀρμόσειεν
1057 4005 1122 4059 ἂν
1173 4005 1269 4058 καὶ
1329 4006 1441 4067 τοῖς
1495 4001 1636 4055 κατὰ
1699 3998 1847 4052 θέσιν

283 4105 368 4175 τήν
390 4105 569 4174 αὐτὴν
612 4100 808 4171 ἐκείνῳ
851 4097 1074 4168 λαχούσι
1108 4096 1319 4164 κλῆσιν,
1355 4095 1448 4148 καὶ
1489 4095 1518 4146 ὁ
1560 4091 1661 4162 τῆς
1702 4093 1848 4161 ὁμω-

280 4197 462 4269 νυμίας
521 4197 722 4266 τρόπος
764 4192 871 4246 τῶν
911 4189 1059 4261 αὑτῷ
1117 4189 1210 4241 καὶ
1256 4189 1400 4258 μόνῳ
1460 4182 1843 4257 πρεπωδεστὰ-

278 4301 370 4339 των
413 4285 671 4352 ὲξώσειεν
724 4283 790 4336 ἀν
839 4280 1037 4345 αὐτόν,
1088 4278 1282 4350 Καίτοι
1330 4276 1448 4340 πῶς
1495 4277 1594 4344 οὐχ
1644 4275 1845 4328 ἅπασιν

1954 3119 2074 3159 esse
2115 3117 2234 3172 quae
2271 3112 2397 3156 sunt
2434 3105 2728 3155 secundum
2761 3108 3006 3153 naturam
3049 3098 3258 3152 illorum
3287 3100 3527 3167 propria,

1957 3193 2022 3247 iis
2054 3207 2265 3262 semper
2309 3191 2594 3246 tribuendo
2627 3205 2745 3260 qua:
2787 3205 2852 3244 ex
2886 3189 3152 3259 positione
3185 3197 3278 3242 aut
3305 3203 3370 3243 ex
3404 3189 3528 3242 imi-

1957 3285 2158 3338 tatione
2204 3284 2458 3339 dicuntur
2499 3302 2512 3338 :
2561 3283 2653 3336 sed
2688 3289 2921 3352 oportet,
2970 3290 3028 3335 ut
3079 3282 3289 3350 opinor,
3337 3295 3525 3334 eorum

1954 3388 2072 3443 qua:
2099 3381 2362 3442 geruntur
2393 3372 2600 3440 exquiri
2630 3381 2876 3435 naturas,
2905 3379 2956 3423 et
2981 3384 3042 3424 ea
3071 3370 3269 3439 quibus
3297 3369 3529 3422 maxime

1953 3462 2227 3526 convenit,
2260 3462 2577 3518 attribuere.
2613 3462 2774 3516 Verbi
2809 3461 3007 3528 gratia,
3033 3461 3194 3515 Pater
3229 3463 3344 3530 ipse
3369 3469 3530 3516 estet

1953 3555 2259 3622 appellatur
2290 3553 2469 3608 Dens:
2504 3571 2522 3604 ι
2553 3551 2630 3607 Ex
2669 3553 2782 3622 ipso
2815 3563 2992 3606 autem
3022 3553 3183 3606 etiam
3213 3553 3390 3605 omnis
3432 3567 3522 3620 pa-

1953 3644 2181 3697 lernitas
2208 3643 2257 3697 in
2286 3643 2421 3697 caelo
2442 3650 2496 3695 et
2527 3643 2577 3695 in
2614 3651 2752 3695 terra
2780 3643 3111 3704 nominatur,
3142 3661 3160 3694 ι
3192 3652 3249 3694 ιιι
3269 3644 3528 3708 scriptum

1953 3744 2035 3790 est
2061 3733 2150 3787 δ”.
2189 3733 2324 3788 Sunt
2351 3748 2478 3787 vero
2502 3733 2661 3787 nobis
2695 3733 2783 3786 alii
2810 3742 2865 3786 et
2899 3734 3143 3788 carnales
3171 3743 3225 3787 et
3257 3733 3528 3800 spiritales

1953 3834 2154 3894 patres.
2181 3821 2321 3877 Num
2346 3824 2508 3892 igitur
2538 3823 2581 3877 si
2608 3823 2735 3891 quid
2766 3837 2830 3876 ex
2857 3825 2938 3876 his
2963 3805 3084 3891 qua:
3109 3825 3338 3877 maxime
3364 3824 3526 3877 Deum

1953 3915 2164 3980 decent,
2202 3915 2269 3969 de
2303 3914 2414 3967 Deo
2460 3929 2524 3968 ac
2572 3912 2728 3968 Patre
2773 3915 3010 3980 dicatur,
3060 3915 3198 3968 idem
3247 3919 3524 3969 conveniet

1953 4007 2018 4062 iis
2056 4006 2146 4075 qui
2187 4006 2480 4060 secundum
2520 4005 2844 4073 positionem
2881 4006 3127 4058 eamdem
3154 4019 3276 4058 cum
3301 4005 3388 4056 illo
3413 4019 3529 4057 sor-

1951 4097 2032 4153 titi
2064 4105 2191 4152 sunt
2215 4095 2648 4166 appellationem,
2680 4104 2736 4166 et
2761 4095 3120 4165 homonymia:
3148 4105 3331 4162 tropus
3353 4096 3524 4161 ipsum

1953 4191 2019 4246 iis
2049 4189 2300 4259 spoliabit
2344 4202 2462 4257 quae
2509 4185 2583 4241 illi
2633 4196 2686 4240 et
2730 4187 2832 4241 soli
2884 4186 3117 4240 maxime
3161 4185 3526 4240 conveniunt?

1952 4281 2111 4350 Atqui
2147 4279 2418 4349 quomodo
2453 4293 2561 4332 non
2615 4277 2687 4331 sit
2735 4277 2987 4331 omnibus
3021 4278 3384 4347 perspicuum,
3432 4279 3526 4340 ab-

278 4378 523 4448 ὲναργὲς,
554 4376 630 4439 ὡς
668 4372 894 4427 ἔκτοπόν
943 4388 1002 4422 τε
1049 4369 1142 4423 καὶ
1185 4368 1392 4438 ἀπηχὲς
1437 4366 1519 4429 τὸ,
1551 4359 1654 4419 ὧδέ
1696 4381 1846 4424 τινας

1953 4372 2174 4427 surdum
2206 4385 2327 4424 esse
2352 4379 2405 4424 et
2427 4369 2686 4423 absonum
2713 4371 2924 4438 aliquos
2948 4384 2978 4423 e
3007 4372 3208 4424 nostris
3228 4373 3304 4425 sic
3327 4372 3527 4424 sentire

278 4467 368 4520 τῶν
419 4470 483 4520 ὲν
533 4467 660 4537 ἡμῖν
698 4463 913 4517 ἑλέσθαι
946 4464 1183 4536 φρονεῖν,
1229 4461 1263 4530 ἢ
1298 4459 1515 4525 λέγειν;
1552 4456 1618 4510 Τί
1662 4457 1844 4510 τοίνυν

277 4562 396 4630 ἡμῖν
447 4559 549 4627 τήν
598 4556 913 4628 ὁμωνυμίαν
962 4551 1243 4619 ἀειλογῶν,
1293 4550 1384 4603 τὸν
1430 4548 1589 4619 φύσει
1635 4565 1695 4600 τε
1751 4549 1845 4601 καὶ

277 4651 486 4718 ἀληθῶς
524 4648 808 4719 ἀτιμάζεις
842 4645 1004 4710 Υἰόν;
1035 4644 1142 4696 τῶν
1174 4644 1250 4705 εἰς
1283 4643 1432 4712 ἡμᾶς
1465 4639 1838 4711 εὐεργετημά-

272 4743 373 4796 τῶν
399 4741 508 4806 ἔξω
537 4757 598 4792 τε
622 4739 812 4803 τιθεὶς,
845 4738 941 4791 καὶ
970 4735 1246 4804 ἀλλότριον
1285 4731 1601 4802 ἀποφαίνων
1621 4749 1633 4761 ·
1664 4731 1841 4784 καίτοι

273 4833 383 4886 δέον
422 4830 703 4898 συλλέγειν
736 4831 814 4891 είς
841 4828 1032 4880 ἕνωσιν
1067 4826 1104 4878 ἃ.
1141 4825 1348 4895 διιστᾷν
1389 4823 1697 4893 ὁλοτρόπως
1741 4822 1841 4875 οὐκ

273 4925 547 4996 ἐρυθριᾷς,
579 4923 676 4975 ἕνα
702 4938 760 4974 τε
792 4922 930 4973 νοεῖν
978 4917 1114 4988 μετὰ
1141 4915 1238 4985 τῆς
1283 4916 1418 4978 ἰδίας
1445 4913 1608 4967 αὑτοῦ
1642 4912 1843 4982 σαρκὸς

273 5021 355 5072 τὸν
387 5021 453 5071 ἐκ
479 5015 617 5070 Θεοῦ
650 5012 862 5082 Πατρὸς
895 5009 1085 5078 Λόγον.
1132 5007 1374 5078 ἰδρῶτος
1407 5006 1516 5076 γὰρ
1558 5002 1701 5057 οὕτω
1737 5020 1842 5073 μα-

271 5111 397 5182 κροῦ
428 5109 624 5163 σαυτὸν
651 5103 1001 5170 ἀπαλλάξεις,
1031 5100 1167 5172 ὀρθά
1192 5116 1250 5152 τε
1276 5094 1654 5168 πεφρονηκὼς,
1685 5095 1840 5163 ἐπαι-

272 5203 464 5274 νεθήσῃ
493 5199 684 5253 λοιπόν
707 5215 721 5229 ·
755 5199 849 5250 καὶ
877 5196 1077 5265 ἥκιστα
1123 5193 1220 5264 μὲν
1265 5191 1513 5262 παθητὴν
1542 5190 1686 5258 ἐρεῖς
1736 5188 1838 5258 τὴν

274 5293 490 5363 θεότητα
522 5291 616 5344 τοῦ
663 5285 1002 5354 Μονογενοῦς
1029 5301 1040 5315 ·
1087 5282 1442 5353 ὁμολογήσεις
1485 5279 1542 5332 δὲ
1573 5279 1670 5330 σὺν
1705 5278 1838 5347 ἡμῖν

271 5386 344 5438 ὅτι
375 5387 488 5455 ζωὴ
514 5385 610 5438 καὶ
644 5379 901 5447 ζωοποιὺς
936 5376 1075 5431 κατὰ
1109 5377 1270 5444 φύσιν
1305 5374 1442 5439 ἐστὶ,
1477 5371 1572 5424 καὶ
1609 5369 1715 5441 μὴν
1743 5369 1837 5422 καὶ

274 5474 460 5544 παντὸς
501 5473 764 5527 ἐπέκεινα
802 5468 1024 5532 πάθους.
1070 5463 1203 5521 Εἶτα
1242 5465 1518 5536 παθούσης
1567 5466 1664 5538 τῆς
1701 5466 1834 5518 ἑνω-

334 5652 592 5730 “Epiros.
636 5670 668 5706 ιι
719 5652 892 5704 lii-li.
972 5652 1014 5682 ⁸⁸
1057 5652 1208 5704 Huni.
1244 5663 1295 5705 \'.
1329 5648 1369 5699 l.

1947 4479 2012 4518 ac
2046 4462 2189 4532 loqui
2222 4459 2401 4516 velle?
2429 4459 2540 4516 Cur
2575 4461 2738 4532 igitur
2768 4462 2924 4516 nobis
2952 4462 3349 4531 homonymiam
3385 4463 3524 4517 assi-

1947 4557 2050 4610 due
2077 4562 2351 4623 repetens,
2384 4534 2532 4605 illu‘m
2558 4567 2624 4607 ex
2649 4564 2842 4608 natura
2879 4567 3116 4623 vereque
3143 4553 3336 4607 Filium
3363 4555 3525 4607 dede-

1944 4660 2122 4710 coras,
2148 4653 2205 4696 ut
2232 4641 2620 4698 beneﬁciorum
2652 4643 2702 4696 in
2733 4659 2831 4698 nos
2867 4641 3189 4697 collatorum
3221 4659 3325 4698 non
3357 4645 3523 4698 fuisse

1945 4735 2096 4790 illum
2125 4743 2402 4790 auctorem
2420 4748 2658 4800 asseras,
2693 4744 2746 4787 et
2779 4735 3012 4789 alienum
3034 4719 3368 4804 pronunties,
3395 4749 3519 4787 cum

1946 4827 2200 4898 colligere
2232 4827 2285 4882 in
2321 4826 2574 4888 unionem
2607 4826 2851 4890 deberes,
2884 4843 3004 4900 quae
3036 4827 3258 4882 omnino
3283 4826 3525 4882 dividere

1949 4934 2053 4973 non
2093 4916 2394 4982 erubescis,
2423 4927 2478 4974 et
2509 4933 2672 4980 unum
2706 4915 3005 4986 intelligere
3031 4933 3152 4971 cum
3188 4917 3354 4984 ipsius
3398 4932 3520 4984 pro-

1947 5010 2068 5078 pria
2102 5024 2268 5064 carne
2303 5009 2477 5078 ipsum
2512 5024 2576 5063 ex
2606 5009 2715 5063 Deo
2746 5007 2907 5062 Patre
2930 5007 3199 5062 Verbum?
3229 5007 3338 5062 Hoc
3367 5023 3521 5066 nam-

1946 5117 2050 5172 que
2099 5102 2143 5156 si
2192 5101 2379 5165 facies,
2423 5110 2474 5154 te
2509 5101 2683 5170 ipsum
2731 5099 2899 5154 multo
2943 5099 3126 5153 labore
3164 5099 3436 5163 liberabis,
3465 5111 3521 5154 et

1939 5194 2163 5263 posthac
2201 5202 2346 5253 recte
2378 5194 2621 5246 sentiens
2652 5191 2977 5254 laudaberis,
3016 5206 3188 5261 neque
3223 5190 3330 5246 ullo
3359 5196 3520 5248 modo

1937 5285 2274 5340 divinitatem
2318 5285 2479 5356 126
2524 5282 2800 5351 Unigeniti
2843 5283 3148 5351 passibilem
3198 5285 3367 5350 dices,
3423 5288 3515 5342 sed

1938 5377 2214 5431 nobiscum
2267 5375 2523 5430 fateberis
2555 5373 2702 5428 illum
2743 5384 2801 5428 et
2849 5375 3010 5428 vitam
3052 5388 3107 5431 et
3150 5379 3513 5434 viviﬁcantem

1937 5481 2002 5520 ex
2049 5474 2240 5520 natura
2264 5478 2406 5530 esse,
2437 5474 2597 5536 atque
2618 5464 2785 5531 etiam
2813 5464 2969 5536 longe
2997 5466 3064 5528 ab
3091 5470 3233 5523 omni
3260 5468 3513 5539 passione

1453 5647 1513 5675 λε·
1554 5645 1744 5712 Mdu-3.
1791 5661 1870 5701 ιιι.
1906 5643 1990 5712 15'.
