4002 6192
415 201 524 256 2'9

1449 195 1510 252 S.
1551 196 1826 252 CYRILLI
1865 194 2331 252 ALEXANDRINI
2369 191 2690 250 ARCHIEP.

3559 185 3664 243 290

418 325 707 370 remotum.
751 308 954 368 Deinde
999 325 1121 366 cum
1157 325 1312 380 passa
1347 320 1493 365 esset
1521 313 1618 382 ipsi
1653 314 1797 391 unita
1845 329 1995 377 caro,

2109 312 2285 382 θείσης
2316 310 2464 380 αὐτῷ
2495 308 2716 381 σαρκὸς,
2752 305 2933 378 χάριτι
2962 304 3119 370 Θεοῦ,
3163 303 3306 358 κατά
3337 300 3398 355 τὸ
3424 318 3667 373 γεγραμ-

417 407 590 477 gratia
619 404 736 470 Dei,
761 405 899 458 sicut
928 402 1190 472 scriptum
1217 413 1319 463 est,
1348 419 1444 472 pro
1471 404 1724 459 omnibus
1761 405 1995 474 gustavit

419 509 646 554 mortem
675 496 722 528 "‘
751 515 765 551 :
801 504 862 551 ut
893 511 1014 551 cum
1049 494 1306 562 templum
1341 510 1496 548 suum
1525 505 1698 549 morte
1721 510 1841 565 qum
1879 511 1994 548 om-

420 603 513 642 nes
539 587 630 656 qui
663 587 716 641 in
751 585 910 641 terris
949 593 1076 640 sunt
1117 585 1344 647 vicerat,
1386 584 1582 639 fortius
1621 600 1686 639 ac
1726 587 1995 662 potentius

418 677 774 746 reddidisset,
804 677 1059 746 primitiae
1092 675 1472 730 dormientium
1497 685 1642 731 esset
1666 675 1756 741 δυ,
1785 679 1838 731 et
1881 678 1994 745 pri-

420 769 723 839 mogenitus
762 784 828 824 ex
868 767 1094 820 mortuis
1119 766 1206 833 ";
1261 767 1678 820 transmittendo
1719 775 1896 821 autem
1942 769 1994 822 in

419 873 517 911 nos
566 871 781 926 quoque
824 871 941 911 eam
993 857 1222 924 gratiam
1271 866 1528 922 tanquam
1577 872 1715 910 unus
1755 872 1820 912 ac
1851 857 1996 912 solus

419 946 587 1001 Filius
611 955 664 1001 et
688 955 979 1015 antequam
1003 955 1149 1000 esset
1175 945 1334 998 homo
1357 945 1553 1008 lactus,
1572 955 1627 1000 et
1647 956 1995 1018 posteaquam

419 1045 503 1089 est
544 1035 736 1098 factus,
779 1035 1028 1089 Salvator
1074 1035 1461 1104 appellaretur,
1488 1043 1567 1104 .et
1622 1037 1995 1092 universorum
2045 1034 2051 1046 ”

420 1127 682 1182 liberator
724 1145 738 1181 :
774 1142 1006 1196 cumque
1051 1142 1080 1180 a
1125 1135 1380 1196 peccato,
1420 1134 1479 1180 ut
1523 1127 1656 1193 dixi,
1712 1127 1998 1183 liberasset

419 1233 606 1273 omnes
631 1217 722 1286 qui
748 1218 799 1272 in
823 1233 946 1272 eum
973 1217 1282 1283 crederent,
1306 1232 1414 1287 pax
1438 1217 1590 1272 ﬁeret
1614 1218 1681 1272 iis
1701 1219 1789 1288 qui
1821 1218 1996 1288 longe,

419 1317 474 1362 et
505 1309 569 1362 iis
593 1308 683 1378 qui
724 1323 910 1378 pr0pe,
959 1307 1322 1363 reconciliatis
1357 1323 1453 1377 per
1485 1322 1545 1362 se
1574 1309 1748 1377 ipsum
1796 1310 1905 1364 Deo
1936 1325 1998 1363 ac

421 1396 565 1452 Patri
595 1399 660 1453 iis
693 1399 785 1468 qui
820 1398 948 1452 olim
983 1407 1252 1452 creatura:
1293 1399 1616 1462 servierant,
1659 1408 1711 1454 et
1751 1414 1844 1469 per
1873 1415 1996 1470 pec—

421 1506 478 1540 ra
492 1500 600 1542 tum
641 1491 746 1543 Deo
769 1488 1012 1543 omnium
1045 1489 1250 1557 optimo
1276 1497 1430 1543 erant
1455 1487 1766 1544 iniinici.At
1793 1506 1922 1544 vero
1945 1492 1996 1544 in

423 1580 557 1634 duos
588 1580 780 1634 iterum
834 1579 969 1633 filios
1004 1579 1250 1633 dividens
1281 1594 1445 1632 unum
1496 1579 1780 1634 Dominum
1814 1579 1996 1635 Jesum

423 1669 722 1735 Christum,
756 1671 836 1724 sic
872 1669 984 1724 fere
1014 1668 1145 1724 dicit
1175 1688 1190 1724 :

496 1780 731 1835 Nssroa.
765 1781 936 1850 [Audi
969 1781 1128 1836 etiam
1153 1779 1296 1834 aliud
1321 1779 1560 1846 ipsorum
1595 1781 1999 1838 testimonium:

428 1888 448 1920 ‹
483 1870 537 1924 Si
571 1870 714 1924 enim
752 1873 1146 1938 cognovissent,
1187 1889 1457 1942 nunquam
1491 1875 1775 1929 Dominum
1819 1879 2004 1947 glorize

423 1962 820 2016 crncilixissent
843 1962 910 2016 ⁸⁸.
942 1982 959 2015 ι
995 1963 1132 2018 Ecce
1164 1963 1450 2019 Dominum
1489 1965 1671 2035 gloriae
1701 1968 1849 2022 dicit.
1884 1968 2004 2022 Non

425 2056 503 2108 sic
542 2053 776 2124 appellat
804 2055 1216 2123 humanitatem,
1241 2057 1336 2110 sed
1372 2057 1726 2112 divinitatem.
1763 2058 1876 2114 Hoc
1909 2075 2005 2114 auo

425 2155 531 2200 lem
558 2156 641 2202 est
679 2146 958 2202 hominum
993 2162 1256 2201 summam
1289 2146 1434 2221 illam
1459 2149 1860 2218 copulationem
1893 2150 2005 2207 dis-

427 2236 776 2296 trahendum.
821 2235 954 2294 Cum
999 2234 1140 2291 cnim
1180 2236 1334 2300 dicis,
1370 2236 1514 2290 hunc
1541 2252 1645 2291 non
1674 2251 1792 2290 esse
1823 2237 2005 2290 Domi-

425 2342 576 2392 num,
602 2327 748 2384 illum
773 2341 916 2390 esse,
941 2336 992 2379 tn
1019 2327 1217 2380 nudum
1249 2326 1522 2380 hominem
1551 2326 1684 2382 facis
1708 2327 2000 2382 Christum.

425 2418 562 2484 Quid
587 2431 716 2486 ergo
735 2418 834 2476 sub
851 2416 1224 2471 ecclesiastica
1255 2431 1484 2486 persona
1519 2417 1674 2476 dicis.
1714 2417 2005 2472 hmretice?

427 2505 758 2566 Dmninusne
797 2517 880 2561 est
910 2507 1076 2561 etiam
1111 2507 1228 2576 ipse
1259 2509 1442 2573 homo,
1479 2522 1547 2560 an
1584 2507 1788 2561 secus?
1811 2509 1855 2560 si
1886 2509 2006 2575 qui-

426 2601 547 2657 i’em
580 2600 856 2667 Dominus,
891 2600 1300 2656 communicant
1329 2599 1471 2654 inter
1486 2614 1544 2654 se
1572 2614 1692 2668 qme
1711 2600 2000 2668 dicuntur;

350 2738 355 2743 .
429 2694 512 2748 sin
544 2692 743 2756 minus,
777 2691 883 2746 noli
917 2702 970 2744 tu
1003 2707 1126 2744 cum
1174 2695 1373 2746 nudum
1412 2707 1474 2746 ac
1501 2691 1798 2762 simplicem
1831 2693 2001 2746 homi-

429 2796 556 2836 nem
580 2779 853 2837 Christum
887 2779 1073 2846 facias,
1113 2781 1244 2835 mihi
1278 2782 1378 2836 hoc
1404 2783 2000 2854 probrumimpingere.

431 2870 634 2930 Deinde
660 2872 790 2928 dicit
818 2891 832 2927 :
860 2872 1156 2926 Audiamus
1181 2872 1398 2927 beatum
1423 2873 1651 2927 Paulum
1685 2885 1871 2944 aperte
1895 2875 2004 2929 cla-

2100 403 2277 472 μένον,
2303 402 2438 474 ὑπὲρ
2463 400 2664 462 παντὸς
2685 397 2942 466 ἐγεύσατο
2974 397 3205 451 θανάτου
3225 412 3239 427 ⁸
3265 395 3372 460 ἵνα,
3404 391 3498 447 τοῦ
3534 393 3668 446 πάν-

2094 511 2192 556 τας
2241 491 2580 560 νενικηκότος
2621 489 2746 552 τοὶις
2790 489 2882 541 ἐπὶ
2908 489 3004 558 τῆς
3054 487 3158 556 γῆς
3179 485 3280 546 ¹’τὸν
3325 484 3518 538 ἑαυτοῦ
3541 483 3665 537 ναδν

2096 585 2378 655 ἀποφήνας
2431 581 2737 653 κρείττονα,
2789 577 3102 651 χρηματίσῃ
3155 577 3254 648 μὲν
3303 568 3524 646 ἀπαρχὴ
3562 575 3666 628 τῶν

2097 674 2527 746 κεκοιμημένων,
2544 673 2638 725 καὶ
2669 668 3009 742 πρωτότοκος
3031 669 3094 720 ὲκ
3122 666 3359 734 νεκρῶν·
3383 664 3670 735 παραπέμ-

2097 785 2213 830 πων
2237 765 2293 819 δὲ
2320 765 2413 818 καὶ
2450 765 2528 828 είς
2541 763 2698 833 ἡμᾶς
2729 762 2828 832 τὴν
2862 761 3044 830 χάριν,
3083 757 3158 820 ὡς
3179 751 3259 819 εἷς
3294 773 3353 809 τε
3381 756 3473 808 καὶ
3512 756 3671 825 μόνος

2098 857 2357 928 ὑπάρχων
2377 855 2504 918 Υἱὸς
2533 854 2625 907 καὶ
2657 852 2764 924 πρὸ
2796 853 2893 922 τῆς
2921 850 3075 905 ἐνανο
3087 851 3401 921 ρωπήσεως,
3432 848 3525 900 καὶ
3552 846 3670 917 μετ’

2105 950 2274 1018 αὐτὴν
2322 948 2401 1001 ἔτι
2447 947 2635 1018 Σωτὴρ
2689 943 3052 1016 ὀνομάζηται,
3100 943 3192 996 καὶ
3239 939 3516 1011 λυτρωτὴς
3562 939 3673 991 τῶν

2097 1042 2234 1095 ὅλων
2253 1057 2266 1070 °
2294 1035 2413 1093 εἶτα
2436 1041 2533 1108 τῆς
2568 1038 2856 1110 ἁμαρτίας,
2886 1036 2960 1099 ὼς
3002 1034 3156 1104 ἔφην,
3181 1032 3478 1101 ἐλευθερῶν
3500 1031 3674 1084 ἄπαν-

2096 1149 2193 1195 τας
2241 1132 2364 1194 τοὺς
2412 1133 2492 1194 είς
2544 1129 2707 1182 αὑτὸν
2762 1126 3136 1190 πιστεύοντας.
3195 1126 3384 1196 εἰρήνη
3444 1123 3672 1193 γένηται

2097 1226 2208 1288 τοῖς
2247 1221 2481 1294 μακρὰν,
2519 1221 2612 1274 καὶ
2640 1221 2752 1281 τοῖς
2798 1219 2985 1286 ἐγγὺς,
3022 1216 3399 1270 καταλλάττων
3433 1214 3499 1266 δι’
3545 1215 3673 1266 ἑαυ-

2097 1317 2190 1370 τοῦ
2237 1317 2316 1387 τῷ
2344 1315 2463 1387 Θεῷ
2505 1315 2600 1370 καὶ
2635 1313 2810 1384 Πατρὶ
2847 1315 2976 1377 τοὺς
3018 1313 3186 1366 πάλαι
3222 1312 3289 1380 τῇ
3319 1309 3495 1362 κτίσει
3519 1308 3674 1360 λελα-

2098 1408 2414 1478 τρευκότας,
2463 1408 2558 1460 καὶ
2606 1405 2694 1459 διὰ
2742 1406 2842 1475 τῆς
2879 1403 3147 1474 ἁμαρτίας
3197 1400 3548 1472 ἑχθρεύοντας
3595 1398 3674 1468 τῷ

2101 1499 2401 1569 παναγάθῳ
2442 1498 2584 1568 Θεῷ.
2647 1496 2785 1550 Ἀλλ’
2823 1497 2903 1558 είς
2942 1494 3106 1548 δυάδα
3152 1492 3313 1546 πάλιν
3346 1491 3474 1544 υίῶν
3505 1508 3674 1543 κατα-

2105 1589 2342 1662 μερίζων
2371 1591 2460 1643 τὸν
2497 1589 2595 1644 ἕνα
2637 1587 2842 1660 Κύριον
2893 1585 3100 1658 Ἰησοῦν
3135 1583 3388 1656 Χριστὸν,
3423 1577 3526 1635 ὧδέ
3570 1582 3672 1635 πού

2105 1699 2268 1752 φησιν
2287 1699 2301 1714 ο

2175 1791 2463 1864 [Ἄκουσον
2505 1791 2600 1844 καὶ
2639 1790 2738 1861 τὴν
2771 1788 2940 1860 ἀλλην
2969 1786 3148 1840 αὐτῶν
3197 1785 3517 1857 μαρτυρίαν.
3557 1805 3575 1838 ι
3613 1786 3676 1839 Εἰ

2104 1886 2211 1956 γὰρ
2247 1883 2508 1954 ἔγνωσαν,
2547 1882 2648 1936 οὐκ
2683 1880 2750 1936 ἂν
2785 1881 2874 1936 τὸν
2923 1879 3127 1950 Κύριον
3158 1881 3254 1948 τῆς
3285 1877 3438 1948 δόξης
3478 1877 3672 1931 ἐσταύ-

2107 1993 2309 2049 ρωσαν.
2348 1994 2367 2027 ι
2408 1975 2538 2028 ’ἰδοὺ
2563 1972 2767 2043 Κύριον
2791 1972 2889 2042 τῆς
2914 1969 3069 2042 δόξης
3094 1970 3262 2037 λέγει.
3297 1969 3369 2022 Ού
3397 1969 3554 2022 καλεῖ
3579 1968 3675 2038 τὴν

2106 2067 2521 2138 ἀνθρωπότητα,
2557 2063 2692 2117 ἀλλὰ
2726 2062 2826 2133 τὴν
2872 2061 3121 2131 θεότητα.
3154 2060 3324 2113 Τοῦτο
3350 2060 3405 2112 δέ
3437 2063 3551 2114 ὲστι
3583 2063 3678 2113 καὶ

2103 2157 2456 2211 διασπώντων
2503 2155 2601 2227 τὴν
2649 2155 2946 2225 συνάφειαν
2991 2152 3090 2224 τὴν
3128 2152 3362 2223 ἀκριϐῆ·
3411 2153 3540 2206 ὃταν
3569 2153 3678 2221 γὰρ

2058 2288 2062 2291 -
2104 2250 2281 2316 λέγεις
2324 2249 2406 2302 ὅτι
2448 2241 2600 2310 οὗτος
2641 2245 2738 2317 μὲν
2786 2246 2888 2296 οὐκ
2933 2242 3050 2295 ἔστι
3100 2242 3324 2313 Κύριος,
3374 2243 3579 2304 ἐκεῖνος
3621 2240 3679 2292 δὲ

2105 2339 2331 2408 Κύριος,
2367 2340 2432 2392 σὺ
2475 2337 2630 2407 ψιλὸν
2657 2335 2944 2406 ἄνθρωπον
2973 2335 3146 2396 ποιεῖς
3187 2333 3278 2386 τὸν
3311 2331 3562 2402 Χριστόν.
3615 2329 3679 2383 Τί

2103 2424 2196 2482 οὖν
2229 2429 2407 2498 λέγεις
2445 2429 2503 2481 ὲν
2546 2423 2981 2495 ἐκκλησιαστικῷ
3019 2421 3368 2494 προσωπείῳ,
3403 2418 3676 2490 αίρετικέ;

2105 2519 2307 2592 Κύριος
2337 2519 2433 2572 καὶ
2461 2520 2490 2571 ὁ
2531 2516 2835 2588 ἄνθρωπος,
2872 2513 2905 2584 ἢ
2937 2512 3040 2579 ob;
3092 2513 3153 2565 Εί
3201 2512 3298 2582 μὲν
3333 2505 3421 2564 οὖν
3452 2507 3675 2577 Κύριος,

2107 2612 2353 2664 κοινωνεῖ
2385 2608 2453 2663 τὰ
2480 2608 2748 2678 λεγόμενα
2779 2605 2891 2676 (56)
2913 2621 2926 2634 ’
2967 2607 3015 2658 εί
3055 2604 3112 2658 δὲ
3153 2604 3212 2657 ού
3241 2601 3462 2672 Κύριος,
3502 2598 3577 2670 μὴ
3612 2599 3679 2651 σὺ

2103 2701 2258 2770 ψιλὸν
2283 2701 2568 2771 ἄνθρωπον
2594 2699 2685 2752 τὸν
2709 2697 2950 2770 Χριστὸν
2985 2695 3170 2759 ποιῶν,
3211 2695 3334 2765 ἐμοὶ
3377 2689 3681 2764 πρόπριὸε

2103 2795 2194 2849 τὸν
2225 2790 2544 2863 ὀνειδισμὸν.
2579 2785 2713 2843 Εἶτά
2755 2805 2920 2857 φησιν
2943 2803 2958 2818 °
3000 2787 3339 2854 Ἀκούσωμεν
3365 2781 3460 2836 τοῦ
3504 2798 3681 2852 μακα-

2107 2886 2223 2957 ρίου
2251 2884 2466 2938 Παύλου
2495 2879 2745 2952 φανερῶς
2777 2878 3132 2953 κεκραγότος,
3166 2877 3248 2939 τίς
3285 2876 3433 2928 ἐστιν
3458 2873 3487 2925 ὁ
3521 2889 3684 2924 σταυο

432 2975 690 3028 titantem,
740 2964 984 3034 quisnam
1032 2965 1104 3019 sit
1149 2964 1242 3019 ille
1294 2965 1606 3021 cruciﬁxus.
1659 2967 1796 3020 Audi
1844 2967 2007 3036 igitur

2113 2976 2324 3049 ρωθείς.
2382 2976 2647 3029 ’Ἄκουσον
2696 2973 2877 3028 τοίνυν
2925 2967 3281 3042 φανερώτατα
3324 2966 3426 3033 τῆς
3469 2965 3681 3034 φωνῆς·

431 3055 773 3124 apertissime
802 3055 918 3125 ejus
946 3070 1136 3111 vocem
1168 3077 1180 3111 :
1213 3074 1232 3108 ‹
1266 3054 1480 3110 Etenim
1511 3056 1805 3110 cruciﬁxus
1843 3064 2010 3110 estex

433 3146 770 3210 inﬁrmitate,
805 3147 899 3202 sed
933 3147 1066 3201 vivit
1109 3161 1178 3200 ex
1225 3147 1428 3200 virtute
1471 3147 1565 3201 Dei
1591 3146 1658 3200 δ’.
1694 3165 1712 3197 ι
1751 3145 2011 3202 Sicrnci-

433 3237 578 3292 ﬁxus.
594 3247 677 3292 est
697 3253 762 3296 ex
779 3237 1116 3302 inﬁrmitate,
1134 3237 1257 3308 quis
1279 3236 1583 3292 infirmatus
1603 3247 1704 3303 est,
1729 3236 2019 3297 haeretice!

437 3330 595 3384 illene
624 3329 768 3384 Deus
800 3328 1030 3385 Verbum
1049 3329 1107 3402 ?]

1098 3508 1250 3565 CAP.
1290 3509 1354 3566 ll.

506 3661 704 3718 Fertur
734 3661 788 3717 in
824 3663 1090 3719 absurdas
1138 3663 1460 3727 sententias,
1507 3673 1561 3717 et
1613 3665 1664 3719 in
1713 3665 2015 3736 improbum

437 3770 676 3818 Sensum,
723 3755 831 3808 vim
881 3754 1127 3824 mysterii
1178 3754 1326 3809 nullo
1379 3758 1538 3810 modo
1589 3757 1914 3829 intelligens,
1960 3767 2018 3812 ut

438 3846 567 3900 mihi
597 3846 829 3908 videtur,
864 3847 956 3900 sed
986 3860 1080 3900 sua
1111 3856 1416 3900 commenta
1449 3847 1644 3916 ubique
1676 3864 1929 3918 sequens,
1956 3863 2019 3903 ac

436 3935 666 3993 fortasse
721 3947 986 4004 metuens,
1042 3952 1110 3993 ne
1157 3938 1432 4008 quidpiam
1484 3941 1624 4009 quod
1672 3952 1875 3996 rectum
1923 3951 2017 3996 aut

436 4045 622 4083 verum
654 4029 747 4093 sit,
781 4028 862 4084 vel
894 4029 1116 4091 sentire,
1151 4030 1234 4084 vel
1261 4030 1437 4099 eloqui
1469 4033 1838 4088 convincatur.
1874 4033 2019 4102 Ohji-

438 4120 510 4172 cit
537 4120 682 4173 enim
708 4120 834 4182 sibi,
854 4129 911 4173 ut
941 4119 1056 4188 ipse
1088 4118 1264 4188 ﬁngit,
1283 4121 1711 4175 orthodoxornm
1743 4125 2019 4177 hominum

351 4197 363 4208 ’
438 4225 598 4265 voces
641 4225 655 4261 :
703 4211 796 4264 sed
845 4213 1024 4264 denuo
1073 4211 1162 4264 illa
1205 4226 1407 4279 ponere
1437 4195 1866 4280 ’ἀρρτοιιειιάίιιιν
1901 4229 2020 4283 qum

2117 3085 2138 3120 ι
2173 3069 2283 3121 Καὶ
2311 3067 2420 3138 γὰρ
2442 3065 2783 3137 ἐσταυρώθη,
2811 3067 2998 3136 φησὶν,
3030 3065 3087 3131 ἐξ
3118 3061 3424 3124 ἀσθενείας,
3459 3056 3593 3112 ἀλλά
3617 3053 3684 3126 ζῇ

2111 3159 2176 3214 ἐκ
2218 3158 2498 3228 δυνάμεως
2542 3158 2700 3213 Θεοῦ.
2743 3176 2762 3209 ι
2808 3159 2870 3211 El
2910 3153 3231 3226 ἐσταυρώθη
3281 3154 3339 3220 ἐξ
3381 3150 3684 3217 ἀσθενείας,

2110 3249 2195 3314 τίς
2225 3249 2542 3320 ἠσθένησεν,
2573 3249 2851 3321 αίρετικέί
2883 3251 2916 3303 ἃ
2944 3247 3074 3312 Θεὸς
3103 3247 3270 3315 Λόγος
3291 3244 3333 3318 ;]

2722 3511 2971 3564 ΚΕΦΑΛ.
3014 3509 3084 3566 B'.

2197 3665 2619 3739 Ἀποκομίζεται
2679 3665 2760 3728 είς
2819 3663 3027 3726 ὲννοίας
3094 3661 3393 3726 ἐκτύπους,
3457 3659 3551 3714 καὶ
3606 3660 3689 3724 είς

2116 3759 2369 3830 ἀδόκιμον
2425 3756 2572 3824 νοῦν,
2629 3755 2730 3826 τὴν
2779 3753 2871 3808 τοῦ
2937 3754 3233 3825 μυστηρίου
3292 3752 3518 3830 δύναμιν
3565 3753 3688 3806 κατ’

2116 3851 2305 3904 οὐδένα
2341 3849 2540 3921 τρόπον
2581 3848 2803 3912 συνιεὶς,
2862 3845 2938 3910 ὣς
2979 3862 3043 3914 γε
3100 3863 3191 3916 μοι
3231 3846 3499 3914 φαίνεται,
3550 3843 3688 3913 μᾶλ-

2117 3942 2204 3994 λον
2252 3941 2309 3996 δέ
2356 3957 2438 3992 τοι
2496 3939 2643 4002 ἰδίοις
2697 3938 3009 4008 σκέμμασιν
3075 3935 3341 4005 ἑπόμενος
3390 3933 3687 4004 πανταχοῦ,

2118 4033 2210 4086 καὶ
2257 4032 2396 4102 τάχα
2447 4048 2546 4084 που
2601 4029 2807 4092 δεδιὼς,
2869 4027 2942 4098 μὴ
2995 4027 3105 4095 ἀρα
3155 4044 3208 4080 τι
3256 4027 3364 4078 τῶν
3414 4027 3493 4090 είς
3534 4025 3694 4095 ὀρθό-

2119 4140 2288 4192 τητα,
2332 4123 2365 4194 ἢ
2409 4119 2684 4190 ἀλήθειαν,
2730 4118 2764 4189 ἢ
2813 4117 3192 4188 πεφρονηκὼς,
3240 4116 3272 4186 ἣ
3313 4116 3507 4184 λέγων,
3557 4115 3689 4184 ἁλῷ.

2133 4212 2507 4281 Ἀντανίστησι
2560 4211 2660 4281 μὲν
2699 4210 2808 4280 γὰρ
2856 4209 3052 4280 ἐαυτῷ,
3094 4208 3342 4276 καθάπερ
3377 4202 3471 4259 οὖν
3500 4206 3690 4267 οἴεται,

441 4314 600 4352 nemo
635 4308 778 4353 recte
828 4301 972 4352 circa
1025 4300 1185 4355 ﬁdem
1222 4302 1528 4367 ingrediens
1577 4307 1801 4356 alterum
1838 4306 2007 4359 dicere

2118 4301 2216 4362 τὰς
2269 4300 2377 4352 τῶν
2425 4298 2720 4371 ὀρθοδόξων
2772 4297 2976 4366 φωνὰς,
3037 4297 3426 4366 καταφθειρᾶται
3479 4294 3534 4347 δὲ
3584 4292 3692 4345 πά-

441 4397 736 4457 pateretur.
784 4389 918 4442 Nam
956 4391 1238 4446 Dominum
1273 4393 1458 4462 gloriae
1503 4394 1659 4463 127
1705 4394 1852 4449 illum
1892 4411 2017 4450 cru-

442 4478 661 4533 ciﬁxum
691 4493 810 4533 esse
851 4479 1102 4545 dicimus,
1133 4490 1190 4538 et
1223 4491 1306 4536 est
1341 4486 1634 4536 secundum
1669 4485 1949 4538 veritatem
1999 4502 2014 4539 :

442 4569 537 4624 sed
565 4583 686 4622 cum
719 4569 1052 4623 individuum
1095 4580 1147 4627 et
1177 4571 1344 4626 unum
1378 4588 1498 4626 cum
1536 4574 1681 4627 unita
1725 4575 1824 4628 sibi
1854 4590 2019 4630 carne

441 4659 623 4713 anima
663 4660 908 4714 rationali
951 4661 1174 4730 praedita
1207 4665 1385 4733 ipsum
1435 4665 1525 4718 Dei
1571 4665 1806 4719 Verbum
1854 4681 2021 4734 agno-

445 4764 696 4816 scamus,
736 4750 909 4832 ipsum
949 4765 1070 4807 esse
1115 4753 1344 4809 dicimus
1386 4755 1478 4824 qui
1531 4756 1730 4826 proprii
1778 4757 2020 4824 corporis

446 4851 704 4912 tanquam
748 4841 1155 4898 immaculatum
1211 4844 1560 4908 sacriﬁcium,
1609 4856 1664 4901 et
1706 4846 2021 4901 odoratissio

449 4945 590 4984 tuam
627 4929 863 4985 hostiam
893 4945 952 4985 se
987 4930 1164 5002 ipsum
1211 4934 1322 4988 Deo
1351 4942 1404 4989 et
1440 4917 1589 4987 Patri
1616 4934 1830 4997 obtulit,
1863 4951 1926 4988 ac
1965 4933 2024 4988 li-

435 5039 554 5093 .gno
579 5023 719 5094 quod
749 5023 1032 5079 adversum
1058 5039 1155 5079 nos
1175 5033 1291 5080 erat
1317 5025 1733 5096 chirographum
1768 5025 2019 5082 alilxit”.

448 5117 610 5172 Certe
636 5130 733 5185 per
759 5130 949 5172 vocem
983 5115 1152 5174 David
1183 5131 1307 5172 eum
1343 5117 1608 5173 dicentem
1637 5120 1822 5173 audire
1851 5117 1977 5172 licet
2003 5135 2017 5171 :

2120 4390 2202 4442 λιν
2247 4391 2432 4444 ἐκεῖνα
2480 4390 2672 4454 τιθεὶς,
2726 4388 2762 4442 ἃ
2812 4389 3002 4460 μηδεὶς
3049 4387 3268 4441 πώποτε
3316 4387 3424 4440 τῶν
3467 4383 3694 4455 ὀρθοπο-

2120 4483 2228 4535 δεῖν
2276 4481 2541 4534 εἰωθότων
2599 4477 2728 4552 περὶ
2770 4481 2870 4552 τὴν
2926 4480 3130 4544 πίστιν,
3181 4479 3284 4532 κᾶν
3324 4478 3452 4546 γοῦν
3508 4476 3694 4544 ἑτέρου

2121 4573 2368 4641 λέγοντος
2400 4572 2688 4642 ἀνάσχοιτο
2733 4571 2818 4624 ἄν.
2872 4571 3077 4642 Κύριον
3129 4570 3228 4640 μὲν
3259 4571 3364 4639 γὰρ
3399 4570 3498 4638 τῆς
3538 4566 3697 4635 δόξης

2120 4664 2212 4717 τὸν
2256 4663 2670 4733 ἐσταυρωμένον
2711 4658 2850 4715 εἷναί
2878 4659 3078 4731 φαμεν,
3111 4661 3203 4714 καὶ
3238 4660 3355 4712 ἐστι
3395 4659 3534 4710 κατά
3563 4657 3697 4726 ἀλή-

2125 4754 2304 4808 θειαν·
2352 4753 2659 4825 ἀδιαίρετον
2701 4752 2759 4806 δὲ
2793 4753 2885 4806 καὶ
2928 4753 3024 4806 ἕνα
3073 4751 3214 4823 μετά
3259 4750 3358 4819 τῆς
3401 4747 3697 4816 ἑνωθείσης

2126 4844 2276 4915 αὐτῷ
2305 4845 2506 4916 σαρκὸς
2548 4844 2728 4914 ψυχὴν
2768 4843 2998 4914 ἐχούσης
3049 4843 3148 4914 τὴν
3193 4841 3417 4911 λογικὴν
3463 4839 3552 4892 τὸν
3600 4837 3696 4890 τοῦ

2125 4935 2261 4990 Θεοῦ
2307 4935 2478 5003 Λόγον
2507 4933 2990 5003 ἐπιγινώσκοντες,
3029 4934 3192 4987 αὐτὸν
3226 4928 3362 4984 εἷναί
3391 4947 3574 5000 φαμεν
3604 4929 3698 4981 τὸν

2125 5026 2217 5080 τοῦ
2260 5026 2389 5080 ἰδίου
2416 5025 2666 5096 σώματος
2700 5025 2775 5090 ὡς
2806 5026 3037 5096 ἄμωμον
3070 5027 3284 5095 ἱερεῖον,
3323 5024 3417 5076 καὶ
3453 5019 3700 5090 εὐοσμώ-

2127 5135 2288 5172 τατον
2313 5117 2481 5188 θῦμα,
2503 5117 2954 5188 προσκομίσαντα
2984 5116 3084 5187 μὲν
3117 5115 3328 5178 ἑαυτὸν,
3350 5113 3428 5185 τῷ
3455 5112 3575 5184 Θεῷ
3604 5113 3701 5164 καὶ

489 5267 540 5300 ⁸⁸
580 5267 746 5326 Hebr.
770 5285 833 5336 II,
865 5272 922 5328 9.
997 5273 1066 5306 “'
1096 5273 1115 5328 1
1146 5272 1273 5329 Cor.
1300 5287 1392 5339 xv,
1417 5271 1510 5329 20.
1581 5233 1864 5328 "Coloss.
1908 5289 1948 5341 r,
1990 5273 2078 5328 18.
2150 5271 2233 5326 “'l
2266 5271 2389 5327 Cor.
2421 5285 2485 5334 ll,
2512 5271 2565 5326 8.
2641 5270 2686 5304 ⁸⁵
2718 5271 2759 5325 ll
2787 5271 2911 5326 Cor.
2941 5269 3133 5332 xum.
3210 5269 3257 5301 "
3282 5268 3490 5324 Coloss.
3524 5282 3586 5329 tt.
3609 5263 3698 5322 14.

1716 5425 1874 5481 ΑΝΤ.
1923 5424 2192 5482 AGELIJI
2234 5425 2466 5480 NOTAE.

533 5581 646 5649 (.36)
688 5581 910 5636 Inferius
957 5596 1075 5652 pag.
1135 5579 1233 5636 ης)
1279 5581 1434 5652 dixit,
1491 5582 1700 5660 συνᾴδει
1757 5582 1824 5643 τὰ
1874 5583 1998 5651 λεγό

2109 5601 2159 5648 α,
2186 5582 2516 5636 consentiunt
2548 5597 2661 5653 qua:
2692 5582 2959 5635 dicuntur.
