3966 6194
205 190 268 244 εει
1227 181 1614 241 ADVEREUS
1652 182 2058 242 NESTORIUM
2102 186 2229 244 LIB.
2277 187 2338 242 V.

3327 195 3440 264 οε,

211 294 368 365 Ιιιτρί·
411 289 862 362 προσηλώσαντα
913 291 968 344 δὲ
1005 293 1083 362 τῷ
1113 291 1287 364 ξύλῳ,
1336 295 1398 348 τὸ
1428 295 1550 350 καθ’
1596 296 1743 366 ἡμῶν

1861 317 1879 349 ι
1919 299 2256 354 Sacrificium
2295 312 2348 354 et
2381 302 2704 360 oblationem
2752 307 2996 373 noluisti,
3029 322 3224 378 corpus
3254 320 3434 366 autem

211 386 547 458 χειρόγραφον.
581 380 747 434 Ἐστι
788 381 919 451 γοῦν
955 383 1184 436 ἀκοῦσαι
1225 385 1477 453 λέγοντος
1514 387 1604 439 διὰ
1637 404 1749 456 φω-

209 478 270 545 νῆς
293 475 381 527 τοῦ
415 473 584 526 Δασίδ
602 489 619 503 ο
667 493 685 524 ι
714 474 921 527 Θυσίαν
948 475 1042 528 καὶ
1077 477 1392 548 προσφορὰν
1425 479 1524 532 οὐκ
1552 477 1749 548 ἠθέλη-

207 584 290 630 εις,
326 565 478 636 σῶμα
509 565 568 618 δὲ
626 558 954 636 κατηρτίσω
1005 583 1129 636 μοι’
1176 567 1606 638 ὁλοκαυτώματα
1653 567 1750 622 καὶ

203 658 296 730 περὶ
349 657 630 729 ἁμαρτίας
681 659 784 710 οὐκ
830 658 1164 728 ηὐδόκησας,
1204 662 1324 713 τότε
1366 657 1552 715 εἷπον⁸
1609 661 1743 714 Ἰδοὺ

201 751 316 818 ἥκω·
344 749 398 802 ὲν
423 747 687 817 κεφαλίδι
716 747 925 818 βιϐλίου
956 747 1265 819 γέγραπται
1293 750 1422 821 περὶ
1465 750 1622 820 ἐμοῦ,
1653 750 1746 804 τοῦ

200 842 409 909 ποιῆσαι,
428 842 456 894 6
477 841 645 905 Θεὸς,
689 840 750 893 τὸ
780 840 996 911 θέλημά
1026 858 1174 894 σου.»
1198 841 1614 913 Ἀπρακτούσης
1644 842 1749 912 ἤδη

200 932 280 1000 τῆς
314 931 442 985 κατὰ
471 930 654 997 νόμον
689 929 929 999 ἐντολῆς,
971 930 1066 984 καὶ
1108 930 1419 1002 τελειοὺσης
1450 931 1621 995 οὐδὲν,
1653 930 1751 984 καὶ

202 1023 512 1092 ἀνεθελήτους
564 1021 797 1091 ἔχοντος
840 1020 932 1074 τοῦ
975 1020 1114 1074 Θεοῦ
1161 1023 1252 1074 καὶ
1289 1023 1502 1093 Πατρὸς
1539 1021 1640 1085 τὰς
1680 1022 1749 1075 δι’

207 1113 416 1182 αἱμάτων
441 1112 682 1177 θυσίας,
719 1113 881 1182 σῶμα
924 1112 1285 1184 κατηρτίσθαι
1341 1113 1504 1183 φησὶν
1550 1113 1746 1184 ἑαυτῷ,

210 1204 282 1256 ἵνα
313 1203 399 1271 τῆς
445 1204 714 1257 ἀπάντων
745 1203 1019 1274 σωτηρίας
1067 1203 1164 1258 καὶ
1198 1205 1342 1274 ζωῆς
1390 1203 1749 1273 ἀντάλλαγμα

214 1293 480 1364 δοὺςαὺτῷ,
514 1295 742 1357 πάντας
790 1293 1060 1363 ἐξέληται,
1091 1295 1184 1346 καὶ
1223 1295 1453 1348 θανάτου
1484 1295 1578 1349 καὶ
1622 1295 1750 1366 φθο-

217 1388 313 1454 ρᾶς,
347 1385 427 1437 καὶ
471 1386 614 1456 πρός
649 1402 712 1453 γε
760 1385 935 1456 τούτῳ
964 1386 1066 1440 καὶ
1091 1386 1396 1456 ἁμαρτιῶν.
1441 1387 1612 1440 Αὑτὸν
1655 1385 1747 1441 οῦν

217 1479 304 1548 ἄρα
332 1479 485 1548 φαμὲν
511 1479 611 1532 τὸν
645 1480 710 1530 ἐκ
741 1477 878 1530 Θεοῦ
913 1477 1127 1549 [ἰατρὸς
1174 1479 1345 1549 Λόγον
1392 1479 1608 1533 ἑλέσθαι
1653 1482 1748 1533 καὶ

222 1569 376 1622 παθεῖν
409 1570 538 1638 ὑπὲρ
563 1568 733 1638 ἡμῶν
763 1567 948 1638 σαρκὶ,
985 1569 1128 1622 κατά
1156 1567 1255 1632 τὰς
1283 1571 1525 1639 Γραφάς.
1556 1570 1745 1635 Οὕτως

223 1663 338 1730 ἡμᾶς
369 1661 864 1732 μεμ·;σταγώγηκεν
897 1663 925 1713 6
955 1661 1242 1731 ἱερώτατος
1269 1661 1496 1725 Παῦλος·
1519 1681 1536 1714 ι
1567 1662 1664 1726 ’³ος
1691 1665 1748 1717 ἐν

231 1759 374 1825 μορφῇ
416 1755 538 1808 Θεοῦ
597 1755 884 1825 ὑπάρχων,
921 1756 1019 1819 οὑχ
1060 1756 1353 1826 ἁρπαγμὸν
1405 1757 1650 1827 ἡγήσατο
1688 1757 1749 1810 τὸ

229 1840 338 1898 εἶναι
370 1845 450 1899 ἶσα
470 1846 584 1916 Θεῷ
603 1864 615 1876 ο
647 1846 766 1898 ἀλλ’
808 1846 999 1900 ἑαυτὸν
1033 1846 1290 1914 ὲκένωσε,
1322 1834 1541 1917 ’μορφὴν
1563 1848 1746 1901 δούλου

229 1938 399 2002 λαθὼν,
420 1942 469 1992 ὲν
493 1939 795 2010 ὁμοιώματι
829 1937 1130 2010 ἀνθρώπων
1155 1941 1470 2008 γενόμενος,
1498 1942 1590 1994 καὶ
1620 1942 1744 2012 σχή-

246 2045 353 2096 pm.
391 2031 594 2100 εὑρεθεὶς
626 2032 704 2094 ὡς
754 2031 1066 2102 ἄνθρωπος.
1118 2033 1510 2088 Ἐταοπείνωσεν
1558 2033 1748 2088 ἑαυτὸν

249 2109 494 2190 γενόμενος
517 2124 735 2193 ὑπήκοος
761 2123 928 2194 μέχρι
955 2125 1210 2185 θανάτου.
1241 2128 1473 2180 θανάτου
1501 2128 1556 2182 δὲ
1589 2146 1749 2183 σταυ-

250 2211 336 2279 ροῦ
357 2227 369 2240 °
390 2211 462 2264 διὸ
477 2216 556 2264 καὶ
575 2216 601 2266 6
626 2215 745 2278 Θεὸς
767 2216 932 2270 αὑτὸν
962 2216 1345 2287 ὑπερύψωσεν.
1382 2237 1401 2269 ι
1440 2219 1630 2290 Ἃθρει
1660 2219 1745 2290 δὴ,

243 2304 374 2366 ὅπως
394 2303 421 2355 6
449 2305 504 2356 ὲν
530 2309 699 2376 μορφῇ
717 2307 803 2358 τοῦ
829 2307 966 2360 Θεοῦ
999 2308 1094 2361 καὶ
1129 2307 1342 2380 Πατρὸς
1376 2309 1639 2381 ὑπάρχων
1670 2311 1747 2374 ώς

233 2394 366 2456 Θεὸς,
399 2397 425 2447 6
455 2396 732 2465 χαρακτὴρ
763 2397 848 2466 τῆς
876 2398 1230 2462 ὑποστάσεως
1265 2399 1450 2462 αὑτοῦ,
1490 2402 1582 2453 καὶ
1625 2401 1745 2454 κατ’

224 2485 386 2539 οὐδένα
415 2488 608 2553 τρόπον
628 2489 1123 2559 μειονεκτοὺμενος,
1151 2491 1358 2561 ἰσότητι
1379 2495 1444 2563 τῇ
1467 2494 1608 2546 κατὰ
1638 2495 1749 2551 πᾶν,

221 2575 385 2640 ὁτιοῦν,
412 2578 660 2648 ὑπάρχων
693 2590 750 2630 τε
795 2581 890 2631 καὶ
924 2568 1234 2649 νοούμενος,
1265 2582 1576 2634 κεκένωκεν
1617 2583 1744 2635 ἑαυ-

220 2666 305 2728 τὸν,
333 2669 415 2720 καὶ
455 2669 690 2738 καθῆκεν
721 2671 915 2723 ἑαυτὸν
954 2671 1096 2723 ἑκὼν
1122 2673 1202 2734 εἰς
1233 2672 1581 2726 ταπείνωσιν.
1613 2668 1748 2725 Εῐτα

219 2758 280 2819 τίς
305 2757 361 2810 ἂν
382 2759 460 2828 εἴη
491 2761 699 2832 φράσον
739 2763 768 2814 6
801 2765 902 2832 τῆς
931 2765 1214 2825 κενώσεως
1245 2764 1467 2833 τρόπος,
1493 2763 1746 2819 τεταπεί-

218 2864 346 2901 νωται
381 2850 430 2903 δὲ
465 2853 636 2915 ὅπως,
695 2852 912 2922 μορφὴν
957 2852 1145 2906 δούλου
1179 2852 1384 2920 λαϐὼν,
1438 2854 1534 2906 καὶ
1584 2854 1744 2925 μέχρι

1853 392 2127 461 perfecisti
2182 394 2313 448 mihi
2371 413 2384 449 :
2436 396 2746 452 holocausta
2791 410 2846 456 et
2901 417 2998 471 pro
3046 411 3269 470 peccato
3328 419 3435 458 non

1851 483 2165 553 placuerunt
2210 487 2327 550 tibi,
2365 497 2493 554 tunc
2535 489 2644 543 dixi
2689 506 2705 545 :
2748 491 2884 546 Ecce
2934 494 3113 557 venio,
3153 493 3204 546 in
3258 494 3436 562 capite

1849 574 1969 629 libri
1996 575 2257 645 scriptum
2283 586 2366 632 est
2391 580 2454 633 de
2473 594 2578 645 mc,
2596 589 2653 633 ut
2682 579 2897 645 faciam,
2915 582 3080 648 Deus,
3104 583 3432 637 voluntatem

1851 673 1995 737 tuam
2025 667 2094 720 δι.
2135 685 2154 719 ι
2191 665 2331 720 Nihil
2367 680 2562 738 agente
2598 668 2709 737 jam
2769 669 2903 740 legis
2941 673 3196 726 mandato
3223 682 3276 727 et
3299 673 3437 744 nihil

1851 756 2186 826 perﬁciente,
2224 769 2278 812 et
2321 759 2427 813 Deo
2459 775 2522 813 ac
2555 758 2718 814 Patre
2758 760 2869 830 jam
2915 762 3129 818 nolente
3177 772 3432 816 cruentas

1851 847 2077 913 hostias,
2128 863 2322 916 corpus
2368 848 2468 902 sibi
2503 849 2805 917 perfectum
2845 851 2998 914 dicit,
3043 863 3122 917 ιιι,
3155 853 3332 920 seipso
3377 853 3429 906 in

1848 938 2087 1007 pretium
2123 937 2314 992 salutis
2345 952 2409 994 ac
2453 940 2576 993 vitae
2625 940 3002 995 universorum
3048 942 3194 1006 dato,
3239 956 3430 996 omnes

1850 1039 1906 1084 et
1931 1044 1960 1083 a
1995 1031 2186 1084 mortis
2213 1032 2586 1099 corruptione,
2637 1042 2690 1088 et
2727 1033 2952 1101 insuper
2985 1049 3013 1086 a
3047 1033 3284 1103 peccatis
3317 1033 3430 1088 eri-

1850 1129 2023 1189 peret.
2070 1119 2249 1188 Ipsum
2285 1119 2448 1190 igitur
2479 1121 2712 1174 dicimus
2755 1135 2821 1174 ex
2865 1121 2973 1175 Deo
3007 1120 3166 1176 Patre
3199 1119 3431 1174 Verbum

1853 1213 2088 1266 voluisse
2114 1213 2272 1265 etiam
2298 1226 2394 1280 pro
2425 1212 2580 1267 nobis
2604 1227 2766 1266 carne
2789 1213 2923 1280 pati,
2950 1214 3250 1268 secundum
3279 1211 3427 1266 Scri—

1851 1313 2036 1372 pturas
2063 1303 2129 1357 ".
2163 1302 2254 1357 Sic
2310 1318 2408 1358 nos
2434 1303 2624 1361 imbuit
2653 1303 2995 1365 beatissimus
3013 1304 3210 1358 Paulus
3242 1322 3255 1357 :
3281 1322 3298 1354 ι
3325 1303 3426 1370 Qui

1851 1408 1972 1448 cum
2008 1393 2065 1447 in
2110 1392 2280 1446 forma
2317 1392 2409 1448 Dei
2455 1401 2623 1456 esset,
2671 1406 2776 1446 non
2829 1394 3069 1463 rapinam
3125 1392 3425 1447 arbitratus
3477 1377 3484 1384 ’

1849 1497 1933 1541 eSt
1965 1499 2084 1540 esse
2109 1500 2170 1540 se
2209 1483 2470 1553 :equalem
2508 1485 2618 1539 Deo
2658 1501 2672 1538 :
2719 1486 2814 1540 sed
2850 1485 3199 1552 semetipsum
3243 1485 3429 1538 exina-

1851 1576 2010 1642 nivit,
2040 1575 2267 1630 formam
2299 1576 2438 1631 servi
2470 1577 2766 1646 accipiens,
2803 1577 2856 1630 in
2889 1576 3294 1634 similitudinem
3328 1575 3426 1630 ho-

1851 1670 2058 1724 minum
2092 1668 2285 1732 factus,
2319 1676 2373 1722 et
2408 1667 2594 1722 habitu
2637 1668 2889 1723 inventus
2930 1677 2987 1722 ut
3018 1669 3197 1722 homo.
3240 1665 3429 1722 Humi-

1851 1758 2002 1814 liavit
2023 1759 2375 1828 semetipsum
2401 1759 2575 1814 factus
2602 1760 2858 1816 obediens
2885 1775 3054 1830 usque
3080 1761 3145 1813 ad
3172 1769 3427 1822 mortem,

1852 1861 2083 1906 mortem
2117 1859 2294 1906 autem
2326 1852 2523 1907 crucis.
2553 1851 2782 1919 Propter
2805 1852 2945 1922 quod
2977 1862 3032 1904 ct
3057 1850 3197 1904 Deus
3223 1849 3430 1905 exalta-

1851 1943 1928 1998 vit
1956 1942 2105 1996 illum
2127 1943 2196 1996 ⁸³.
2234 1960 2253 1994 ι
2283 1942 2580 1998 Considera
2599 1943 2783 2012 igitur,
2803 1943 2922 1996 ntis
2941 1943 3028 2011 qui
3057 1942 3108 1994 in
3134 1941 3302 1995 forma
3330 1939 3425 1995 Dei

1851 2043 1906 2088 et
1937 2033 2113 2087 Patris
2135 2042 2255 2086 erat
2285 2040 2468 2100 utpote
2495 2031 2658 2098 Deus,
2689 2032 2776 2085 ille
2808 2036 3090 2086 character
3125 2046 3218 2084 seu
3259 2031 3427 2100 ﬁgura

1850 2125 2168 2188 substantite
2211 2123 2332 2194 ejus.
2368 2124 2438 2187 5",
2473 2131 2528 2178 et
2567 2124 2656 2191 qui
2702 2123 2845 2178 nullo
2888 2123 3048 2178 modo
3081 2124 3256 2177 minor
3290 2136 3428 2189 erat,

1850 2231 1971 2270 cum
2015 2229 2110 2285 per
2137 2215 2316 2270 omnia
2351 2215 2424 2271 sit
2453 2224 2508 2272 et
2543 2215 2878 2286 intelligatur
2907 2215 3155 2285 mqualis,
3181 2217 3429 2270 exinani-

1851 2307 1984 2368 verit
2015 2307 2385 2375 semetipsum,
2413 2315 2468 2361 et
2501 2306 2555 2360 in
2589 2307 2951 2361 humilitatem
2981 2315 3170 2376 sponte
3191 2308 3426 2362 demise-

1849 2399 1942 2454 rit.
1971 2397 2089 2452 Jatn
2127 2398 2376 2466 quisnam
2417 2398 2488 2451 sit
2531 2398 2918 2452 exinanitionis
2953 2399 3166 2461 modus,
3193 2413 3426 2466 expone,

1848 2490 2117 2560 quomodo
2144 2489 2308 2544 etiam
2357 2488 2430 2543 sit
2469 2488 2784 2542 humiliatus
2832 2487 3062 2541 formam
3097 2490 3238 2542 servi
3283 2475 3429 2542 acci-

1847 2586 2019 2652 piens,
2047 2590 2102 2634 et
2134 2593 2306 2648 usque
2333 2579 2400 2632 ad
2431 2587 2661 2634 mortem
2693 2578 2872 2632 factus
2891 2578 3165 2643 obediens,
3199 2588 3426 2632 mortem

1847 2684 2026 2727 autem
2065 2672 2263 2726 crucis.
2301 2670 2494 2724 Annon
2553 2679 2642 2726 est
2680 2669 2931 2732 omnibus
2960 2670 3204 2736 evidens,
3248 2669 3299 2723 id
3331 2669 3431 2723 hu-

1847 2765 2042 2818 miliari
2078 2763 2222 2833 quod
2265 2763 2498 2822 sublime
2540 2762 2631 2828 sit,
2679 2777 2784 2818 non
2821 2763 2963 2830 quod
3002 2764 3331 2816 intrinsecus
3373 2770 3431 2817 et

1844 2873 1910 2910 ex
1944 2865 2136 2908 natura
2159 2854 2574 2913 submissumet
2614 2853 2859 2912 humile?
2885 2855 2958 2916 id,
2992 2854 3092 2907 nisi
3123 2853 3301 2919 fallor,
3335 2864 3396 2909 ex

216 2938 399 2992 Θανάτου
431 2940 675 3009 γεγονὼς
709 2942 949 3013 ὑπήκοος
974 2983 988 3006 ,
1027 2943 1256 2997 Θανάτου
1291 2944 1348 2995 δὲ
1389 2943 1648 3014 σταυροῦ.
1667 2945 1743 3021 ,Ἢ

1849 2948 2065 3008 inaniri,
2102 2946 2244 3014 quod
2287 2945 2502 3014 plenum
2546 2943 2635 3009 sit,
2688 2953 2743 3000 et
2787 2944 2985 3000 nullius
3025 2944 3104 2998 rei
3152 2944 3430 3014 indigeat!

213 3030 283 3100 ῡῦχ
310 3031 500 3085 ἅπασιν
534 3034 787 3104 ἐναργὲς,
820 3035 902 3087 ὅτι
934 3035 1286 3088 ταπεινοῦται
1318 3035 1378 3088 τὸ
1416 3035 1640 3105 ὑψηλὸν,
1679 3037 1738 3090 οὐ

211 3121 462 3174 τὸοῖκοθὲν
510 3139 580 3175 τε
623 3124 719 3177 καὶ
754 3125 1002 3192 φυσικῶς
1051 3126 1108 3178 ὲν
1164 3125 1354 3193 ὑφέσει
1389 3142 1446 3178 τε
1498 3125 1743 3195 ὑπάρχον

210 3214 280 3264 καὶ
295 3215 755 3284 τεταπεινωμένον
779 3234 794 3282 ;
821 3215 1073 3270 κενοῦται
1117 3216 1195 3282 δὲ,
1230 3212 1407 3288 οἶμαι,
1439 3217 1499 3270 τὸ
1539 3217 1743 3287 πλῆρες

209 3304 426 3375 ὑπάρχον,
459 3307 561 3360 καὶ
588 3307 912 3376 δεδεημένον
941 3308 1090 3362 οὐδέν
1117 3324 1130 3336 ·
1171 3307 1386 3376 δέχεται
1419 3308 1513 3362 καὶ
1554 3307 1741 3361 δούλου

211 3398 401 3467 μορφὴν,
433 3398 498 3449 τὸ
537 3398 642 3466 πρὸ
670 3398 841 3466 αὐτῆς
875 3397 1157 3468 ἐλεύθερον
1181 3399 1324 3452 κατὰ
1363 3398 1524 3468 φύσιν
1544 3414 1559 3430 ο
1594 3398 1744 3470 εὑρί-

207 3505 358 3542 σκεται
385 3491 447 3544 δὲ
494 3491 595 3542 καὶ
625 3490 909 3560 ἄνθρωπος
943 3492 972 3543 6
1007 3491 1082 3561 μὴ
1113 3492 1273 3546 τοῦτο
1315 3491 1576 3564 ὑπάρχων
1611 3492 1742 3563 πρὶν

205 3582 273 3633 ὅτε
296 3583 382 3636 οὐκ
409 3579 478 3652 ἦν
499 3581 765 3652 εὑρεθείς.
785 3583 881 3645 Τίς
901 3578 994 3636 οῦν
1022 3584 1128 3654 ἄρα
1148 3585 1293 3638 ἐστὶν
1315 3587 1344 3642 6
1370 3583 1570 3654 ὑψηλὸς
1597 3583 1743 3638 κατὰ

203 3673 333 3740 ςὸσιν
371 3676 468 3728 καὶ
519 3675 711 3738 καθεὶς
753 3675 944 3728 ἑαυτὸν
976 3677 1057 3738 εἰς
1096 3676 1466 3738 ταπείνωσιν;
1497 3677 1581 3739 τίς
1621 3676 1682 3730 δὲ
1713 3678 1750 3730 6.

204 3766 402 3837 πλήρης,
430 3767 517 3820 ἵνα
540 3766 726 3836 νοῆται
758 3767 1166 3836 κεκενωμένοςς
1193 3767 1276 3830 τίς
1306 3771 1334 3821 6
1363 3768 1471 3820 τῶν
1500 3769 1600 3840 τῆς
1619 3768 1742 3822 δου-

203 3858 324 3923 λείας
346 3861 606 3914 ἐπέκεινα
639 3860 874 3929 μέτρων,
911 3861 998 3914 ἵνα
1029 3861 1256 3930 λέγηται
1302 3862 1517 3934 μορφὴν
1551 3861 1740 3916 δούλου

203 3949 381 4016 λαθεῖν;
423 3954 507 4015 τίς
556 3953 655 4004 οὐκ
685 3952 760 4004 ὢν
783 3951 1071 4022 πρότερον,
1116 3954 1238 4006 καθ’
1281 3955 1427 4024 ἡμᾶς
1457 3954 1741 4026 ἄνθρωπος

197 4041 330 4096 τοῦτο
363 4043 628 4115 εὑρῆσθαι
652 4043 902 4112 λέγεται;
937 4045 1093 4096 ταυτὶ
1135 4043 1242 4112 γὰρ
1267 4039 1425 4115 οἶμαι
1469 4045 1577 4099 τῶν
1617 4045 1738 4100 καθ’

199 4133 323 4198 ἡμᾶς
350 4134 428 4186 ἑνὶ
447 4133 544 4184 καὶ
562 4131 831 4202 ἀνθρώπῳ
851 4132 1016 4202 κοινῷ
1049 4133 1375 4204 προσνέμειν
1403 4137 1738 4207 άποτολμᾷν,

199 4221 367 4291 εὔηθες
400 4224 466 4276 ἂν
508 4223 618 4293 εἴη,
647 4225 741 4276 καὶ
769 4223 867 4292 τῆς
912 4224 1138 4277 ἀπασῶν
1186 4226 1422 4297 ἐσχάτης
1451 4228 1742 4288 ἀσυνεσίας

1849 3038 1978 3092 illud
2006 3037 2170 3092 etiam
2208 3036 2456 3104 accipere
2483 3036 2624 3089 servi
2662 3034 2914 3098 formam,
2943 3035 3088 3103 quod
3119 3044 3246 3090 ante
3281 3036 3426 3089 illam

1847 3131 2016 3188 fuerit
2040 3131 2337 3188 secundum
2360 3139 2623 3186 naturam
2653 3130 2922 3186 liberum?
2949 3131 3100 3185 illum
3127 3131 3291 3186 etiam
3329 3131 3428 3186 ho-

1847 3218 2045 3277 minem
2096 3217 2355 3280 inveniri,
2381 3218 2472 3288 qui
2525 3217 2578 3272 id
2627 3234 2732 3275 non
2763 3228 2883 3275 erat
2927 3220 3238 3290 priusquam
3283 3229 3428 3276 esset

1846 3309 2137 3364 inventus?
2163 3307 2296 3376 Quis
2320 3323 2451 3380 ergo
2485 3309 2578 3368 ille.
2604 3319 2687 3366 est
2718 3312 3013 3369 secundum
3057 3323 3304 3366 naturam
3337 3327 3428 3367 su-

1845 3401 2047 3465 blimis.
2081 3401 2172 3471 qui
2213 3417 2272 3458 se
2317 3401 2490 3471 ipsum
2529 3403 2595 3456 ad
2640 3402 3004 3460 humilitatem
3042 3403 3275 3470 deiecit?
3307 3405 3429 3472 quis

1843 3491 2008 3551 etiam
2059 3492 2270 3560 plenus,
2301 3499 2360 3546 ut
2387 3491 2695 3551 exinanitus
2745 3506 2866 3548 esse
2899 3491 3272 3563 intelligatur?
3305 3493 3430 3562 quis

1847 3583 1988 3638 ultra
2027 3583 2307 3638 servitutis
2345 3583 2510 3652 128
2557 3597 2866 3648 mensuras,
2915 3592 2975 3638 ut
3024 3584 3236 3639 dicatur
3281 3583 3424 3637 servi

1845 3675 2076 3730 formam
2107 3674 2422 3743 accepisse?
2447 3674 2572 3744 quis
2606 3689 2729 3730 cum
2760 3673 2922 3730 homo
2956 3673 3106 3743 prius
3138 3672 3308 3728 nostri
3347 3671 3430 3725 si-‘

1845 3767 1994 3822 milis
2023 3780 2128 3821 non
2159 3773 2325 3832 esset,
2362 3765 2414 3818 id
2443 3766 2695 3821 inventus
2723 3779 2844 3820 esse
2877 3764 3115 3820 dicitur?
3139 3765 3256 3819 haec
3278 3763 3424 3819 enim

1847 3861 1939 3914 ttni
1973 3873 2041 3914 ex
2075 3869 2264 3914 nostro
2290 3873 2518 3913 numero
2545 3869 2600 3914 et
2629 3859 2836 3927 vulgari
2869 3859 3071 3914 homini
3106 3858 3304 3913 audere
3325 3858 3425 3912 tri-

1846 3952 2034 4016 buere,
2086 3953 2309 4006 stultum
2362 3951 2454 4013 sit,
2491 3959 2547 4006 et
2589 3961 2847 4006 extremae
2883 3951 3123 4005 omnium
3173 3951 3424 4004 amentiae

1844 4059 2037 4101 revera
2086 4043 2300 4114 plenum
2346 4061 2361 4097 :
2407 4043 2728 4097 convenient
2771 4051 2950 4096 autem
3006 4041 3287 4112 aptissime
3345 4037 3422 4093 illi

1847 4151 2114 4205 suprema:
2152 4143 2377 4190 naturae.
2421 4134 2531 4189 Sed
2560 4134 2690 4189 illud
2723 4134 3086 4190 Dei‘Verhum
3135 4149 3200 4189 ex
3252 4135 3422 4189 nimia

1849 4243 1977 4296 erga
2027 4242 2126 4282 nos
2174 4226 2506 4296 benignitate
2536 4236 2700 4296 atque
2751 4227 3051 4282 clementia
3085 4227 3284 4282 obtulit
3322 4241 3424 4300 pro

198 4314 462 4384 ιτέμεστον
499 4315 745 4384 ἀληθῶς·
777 4316 1009 4385 ἁρμόσει
1034 4317 1078 4368 δ’
1114 4317 1180 4370 ἂν
1217 4319 1311 4371 καὶ
1335 4319 1481 4387 μάλα
1518 4320 1743 4382 εἰκότως

1849 4319 2003 4372 nobis
2042 4317 2317 4387 proprium
2349 4331 2570 4386 corpus,
2606 4325 2661 4371 et
2701 4327 2920 4388 accepta
2962 4319 3101 4371 servi
3138 4319 3308 4370 forma
3345 4317 3424 4372 fa...

200 4408 252 4473 τῇ
273 4406 553 4477 ὑπερτάτῳ
587 4404 768 4473 φύσει.
810 4406 949 4459 Ἀλλ’
972 4409 1002 4460 6
1039 4408 1136 4477 μὲν
1158 4406 1252 4460 τοῦ
1277 4409 1410 4463 Θεοῦ
1443 4409 1634 4475 Λόγος,
1674 4408 1740 4461 ὲκ

198 4497 371 4566 πολλῆς
396 4501 536 4566 ἄγαν
558 4498 656 4565 τῆς
677 4499 756 4560 είς
781 4499 930 4567 ἡμᾶς
952 4499 1289 4570 ἡμερότητος
1309 4500 1404 4554 καὶ
1430 4499 1621 4568 φιλανθ
1632 4517 1737 4570 ρω-

200 4590 311 4650 πίας
334 4591 768 4660 προσκεκόμικεν
796 4591 936 4662 ὑπὲρ
969 4591 1127 4663 ἡμῶν
1159 4591 1220 4645 τὸ
1255 4592 1383 4646 ἴδιον
1416 4592 1574 4662 σῶμα
1594 4635 1609 4659 ,
1645 4592 1740 4645 καὶ

200 4682 388 4750 poppﬁv
422 4682 611 4735 δούλου
641 4681 840 4747 λαϐὼν,
875 4683 1098 4750 γέγονεν
1130 4684 1368 4753 ὑπήκοος
1387 4683 1465 4755 τῷ
1489 4684 1608 4754 Θεῷ
1645 4683 1739 4737 καὶ

199 4769 349 4840 Πατρὶ
379 4773 540 4843 μέχρι
573 4772 828 4836 θανάτου,
855 4774 949 4826 καὶ
977 4773 1079 4826 οὐκ
1106 4773 1412 4844 ἁπόὸλητον
1441 4775 1738 4843 ἐποιήσατο

195 4859 249 4912 τὸ
274 4861 448 4914 παθεῖν
482 4862 700 4915 ἑλέσθαι
735 4854 918 4933 σαρκὶ,
951 4863 1128 4916 καίτοι
1167 4862 1264 4934 τὴν
1292 4863 1453 4932 φύσιν
1477 4863 1737 4933 ὑπάρχων

197 4953 385 5026 ἀπαθὴς
405 4957 482 5020 ὡς
513 4956 645 5018 Θεός
669 4972 684 4985 ν
709 4957 1010 5026 ἐπερυθριᾷ
1034 4972 1098 5023 γε
1129 4955 1233 5026 μὴν
1259 4954 1531 5016 ἀσυνέτως
1554 4955 1738 5007 οὑτοσὶ

194 5045 294 5107 sui;
319 5047 450 5116 ὑπὲρ
501 5046 660 5117 ἡμῶν
703 5045 1191 5116 θεοπρεπεστάτοις
1221 5045 1386 5100 αὑτοῦ
1427 5045 1732 5114 σκέμμασι,

197 5136 281 5187 καὶ
306 5141 461 5208 τιμᾷν
493 5139 766 5207 οἰόμενος,
800 5137 1003 5190 ἀδικεῖ·
1052 5139 1318 5209 ἀποφέρει
1357 5137 1454 5204 μὲν
1483 5136 1593 5207 γὰρ
1641 5133 1734 5187 τοῦ

197 5227 367 5281 παθεῖν
389 5230 567 5292 αὑτὸν,
596 5232 771 5283 καίτοι
797 5229 1023 5298 μηδενὸς
1050 5230 1236 5301 ἐτέρου
1262 5229 1454 5282 παθεῖν
1481 5228 1735 5295 λέγοντος

199 5321 262 5379 εἰς
291 5320 418 5372 ἰδίαν
451 5321 610 5389 φύσιν
630 5336 644 5350 ·
687 5322 787 5374 οὐκ
833 5321 1144 5375 αἰσθάνεται
1168 5321 1226 5374 δὲ
1263 5322 1346 5374 ὅτι
1379 5320 1607 5390 Σωτῆρα
1639 5317 1734 5372 καὶ

205 5408 464 5482 Δυτρωτὴν
487 5413 587 5465 οὐκ
609 5413 827 5482 ἐφίησιν
851 5411 1014 5466 αὑτὸν
1041 5410 1415 5482 ὁμολογεῖσθαι
1441 5410 1549 5463 τῶν
1569 5409 1729 5474 ὅλων,

1846 4421 1965 4466 ctus
1995 4419 2080 4464 est
2123 4409 2232 4463 Deo
2261 4419 2316 4462 et
2361 4406 2506 4462 Patri
2538 4407 2797 4463 obediens
2829 4399 3003 4476 usque
3039 4410 3105 4462 ad
3149 4420 3373 4463 mortem
3405 4425 3422 4462 :-

1847 4515 1945 4557 nee
1978 4497 2351 4563 refugientium
2382 4497 2595 4551 censuit
2621 4497 2910 4566 quominus
2941 4510 3108 4550 carne
3134 4512 3230 4565 pro
3265 4495 3428 4550 nobis

1847 4590 1955 4660 pati
2011 4589 2190 4654 vellet,
2223 4587 2472 4656 quamvis
2497 4595 2558 4641 ut
2592 4587 2734 4642 Deus
2762 4575 2907 4642 esset
2937 4587 3232 4643 secundum
3264 4594 3428 4639 n:tl.tt-.

1849 4696 1962 4734 ram
2001 4677 2366 4748 impassibilis.
2424 4676 2532 4732 Iste
2578 4691 2708 4732 vero
2739 4677 2904 4730 stulte
2949 4676 3020 4729 de
3061 4674 3260 4728 divinis
3304 4671 3426 4740 ejus

1844 4783 2066 4844 propter
2108 4785 2207 4826 nos
2238 4767 2480 4824 consiliis
2508 4767 2799 4834 erubescit,
2851 4775 2906 4822 et
2948 4781 3108 4833 quem
3155 4764 3422 4817 honorare

1841 4879 1902 4919 se
1929 4862 2228 4925 existimat,
2262 4860 2428 4915 afﬁcit
2475 4860 2674 4930 injuria
2708 4877 2722 4913 ι
2757 4874 2880 4913 nam
2913 4874 2941 4911 a
2975 4857 3222 4926 passione
3268 4853 3417 4906 illum

1841 4955 2053 5021 eximit,
2089 4952 2303 5008 tametsi
2354 4965 2516 5007 nemo
2563 4951 2712 5004 illum
2751 4951 2801 5004 in
2837 4963 2933 5003 sua
2971 4960 3160 5002 natura
3197 4958 3416 5012 passum
3519 4975 3530 4994 ι

1843 5049 2023 5105 dicat:
2053 5060 2157 5101 nec
2187 5045 2350 5099 sentit
2389 5058 2448 5098 se
2481 5044 2766 5113 prohibere
2800 5055 2868 5094 ne
2897 5038 3047 5092 illum
3079 5035 3416 5090 Salvatorent

1843 5152 1897 5195 et
1924 5139 2335 5204 Redetnptorem
2361 5135 2732 5188 universorum
2767 5130 3143 5191 conliteamur,
3169 5124 3215 5178 si
3252 5125 3296 5180 is
3321 5139 3420 5193 per

1844 5245 2003 5300 quem
2039 5227 2252 5290 salvati,
2283 5237 2338 5280 et
2367 5240 2462 5294 per
2493 5228 2644 5290 cujus
2673 5217 3036 5274 venerandam
3078 5229 3294 5272 crucem
3333 5230 3419 5269 re—

1841 5320 2041 5389 dempti
2087 5335 2294 5380 sumus,
2326 5318 2462 5371 alter
2495 5315 2563 5368 ab
2594 5312 2685 5366 illo
2721 5312 2793 5365 sit
2830 5310 3046 5379 proprie
3073 5323 3140 5364 ac
3185 5306 3416 5363 seorsint

1841 5410 2008 5465 Filius
2043 5419 2098 5464 et
2124 5409 2400 5463 Dominus.
2435 5405 2512 5462 Ac
2535 5405 2578 5460 si
2607 5413 2690 5458 cst
2716 5405 2878 5457 homo
2923 5401 3172 5471 simplex.
3205 5407 3262 5456 et
3303 5413 3418 5460 non.

287 5581 321 5618 '-'
346 5585 477 5652 Psal.
505 5605 694 5653 xxxix,
729 5589 828 5642 7-9
859 5607 872 5651 ς
900 5587 1059 5642 llchr.
1105 5603 1158 5649 tt.
1196 5587 1306 5641 5-7.
1403 5583 1444 5615 ⁸¹
1471 5585 1500 5639 ‘i
1529 5585 1670 5653 Petr.
1711 5601 1743 5637 ll

1851 5559 1872 5638 ’.
1948 5583 1993 5616 ³³
2022 5583 2254 5650 Philipp.
2286 5580 2499 5643 n.6-9.
2578 5578 2982 5637 “ilcbr.t,5.
