2001 3096
286 137 339 168 933

784 138 813 166 S.
830 138 968 167 CYRILLI
987 138 1221 167 ALEXANDRINI
1238 140 1402 169 ARCHlEl‘.

1859 141 1929 169 Hi

286 196 313 224 in
332 197 448 224 humana
464 196 549 223 forma
567 195 654 230 ipsum
671 202 701 222 ex
721 195 774 222 Deo
792 195 872 223 Palre
891 195 1005 223 Verbum
1022 204 1056 231 ap

1123 197 1201 232 εἴπερ
1217 198 1292 224 ἐστὶν
1304 198 1398 233 ἕτερος
1409 197 1475 233 παρ’
1490 196 1571 224 αὐτὸν
1587 195 1688 228 ῑδικῶς,
1707 196 1752 222 καὶ
1764 196 1816 223 ἀνὰ
1830 198 1926 233 μέρος

286 243 386 276 paruit,
399 242 522 276 prodeat,
540 241 664 267 ostendat
677 245 706 267 et
724 240 750 266 in
766 241 850 267 forma
866 242 952 275 ipsum
969 249 1029 268 esse
1046 247 1074 269 et

285 288 440 320 aequalitate
455 287 542 313 Patris
554 286 562 321 (
574 277 626 312 non
642 286 713 312 enim
726 287 848 320 rapinam
865 286 1012 314 arbitratus
1031 292 1073 314 est

283 340 346 361 esse
368 342 397 360 se
413 333 543 367 :rqnalem
566 331 649 366 Deo),
664 336 689 357 et
718 337 847 364 praeterea
872 332 941 358 servi
959 332 1071 358 formam

283 380 431 413 accepisse.
444 384 571 413 tauquam
587 386 638 404 non
661 377 784 403 habuerit
807 377 962 409 aliquando,
987 383 1013 404 et
1026 385 1073 404 ex-

283 425 416 450 Inanitum
449 424 542 454 fuisse,
561 428 589 449 ut
613 423 657 456 qui
684 422 709 448 in
731 422 837 455 propria
859 427 952 448 natura
985 422 1071 455 pleni—

284 469 403 496 tudinem
428 469 564 496 habuerit.
586 467 652 494 Nam
670 467 764 494 beatus
782 467 880 494 Paulus
896 468 968 493 illum
985 468 1029 501 qui
1045 467 1070 493 in

282 512 367 540 forum
387 519 413 541 et
428 515 453 541 in
478 514 633 547 aequalitate
659 512 746 539 Patris
764 518 834 545 erat,
859 512 959 540 fuClllm
988 514 1071 540 fuisse

281 559 318 587 illi
337 559 504 586 obedientem
522 560 585 586 dicit
601 560 681 586 etiam
704 566 788 592 usque
803 559 836 585 ad
854 562 976 590 mortem,
997 567 1070 586 mor-

281 610 335 632 tem
351 609 440 631 antem
458 605 557 631 crucis.
574 606 614 630 An
637 611 689 631 non
711 604 851 638 perspicua
868 608 907 630 est
923 605 1071 630 sententia-

280 658 339 677 rum
352 650 410 684 ejus
423 650 597 677 absurditas?
610 649 675 677 Cum
688 657 751 676 vero
765 649 859 676 beatus
872 648 969 676 Paulus
982 650 1068 684 ipsum

280 695 438 722 cruciﬁxum
450 695 542 730 gloria:
560 695 701 721 Dominum
715 693 870 728 appellet",
886 701 964 720 nemo
979 694 1070 728 utique

279 745 391 771 asseret,
410 747 463 767 non
481 739 556 766 illum
574 739 666 766 dicere
681 738 888 768 humanilalem.
908 738 955 765 sed
968 738 1068 765 divitii-

279 789 372 812 tatem.
388 784 475 812 Unum
488 785 559 812 enim
577 784 692 811 fatentur
707 784 856 817 Christum,
872 789 899 811 et
913 783 1021 817 Filium,
1043 789 1070 812 et

280 830 424 858 Dominum
438 830 531 865 gloria:
547 830 632 863 ipsum
648 837 682 856 ex
699 830 753 856 Deo
775 829 853 857 Patre
867 829 985 856 Verbum
1006 837 1068 864 pro-

278 881 338 910 pter
350 884 399 902 nos
411 875 547 902 hominem
561 876 673 907 faettnn,
691 880 718 901 et
729 882 809 902 carne
821 880 930 910 propter
946 883 995 903 nos
1006 884 1068 909 pas-

277 928 348 953 sum,
374 921 520 947 secundum
542 920 707 954 Scripturas.
728 920 917 947 Verumtamen
939 921 1009 947 haud
1030 921 1068 948 le—

277 965 347 991 viter
363 965 524 991 criminatus
542 972 589 992 eos
613 965 658 999 qui
687 965 739 992 Deo
763 965 852 992 Verbo
876 966 1066 993 dominationis

278 1015 375 1035 nomen
395 1009 527 1040 tribuunt,
543 1010 614 1036 etab
630 1010 797 1037 humanitate
810 1010 874 1037 illud
890 1010 1025 1043 auferunt,
1038 1016 1066 1039 ut

277 1055 323 1088 qui
338 1062 481 1087 summam,
502 1061 531 1082 ut
544 1056 600 1090 ipse
618 1056 693 1087 dicit,
705 1056 901 1090 copulatiouem
914 1056 1065 1083 distrahere

278 1099 375 1130 velint;
388 1100 463 1132 quasi
476 1107 568 1126 eorum
584 1099 839 1133 quaedixitoblitus,
852 1098 927 1125 illum
938 1107 1019 1127 unum
1037 1100 1063 1127 in

277 1145 329 1170 duo
346 1145 496 1172 distrahere
517 1146 728 1180 deprehenditur
745 1146 827 1172 etiam
848 1145 881 1172 de
899 1145 943 1172 illa
959 1153 1062 1173 summa

278 1189 358 1224 129
374 1191 552 1222 copulatione,
567 1196 594 1217 ut
608 1191 665 1224 ipse
678 1191 754 1222 dicit,
771 1198 865 1225 parum
884 1198 987 1219 curare.
995 1191 1062 1219 Nam

276 1234 400 1267 imperite
416 1240 491 1267 rogat
504 1245 511 1261 τ
526 1236 690 1262 Dominusne
717 1240 758 1263 est
770 1236 850 1263 etiam
862 1236 952 1269 homo,
968 1244 1001 1263 an
1017 1244 1060 1264 se-

276 1280 379 1306 cus?si
394 1281 502 1314 quidem
520 1287 559 1308 est
575 1281 713 1313 Dominus,
731 1289 789 1316 quae
803 1281 930 1309 dicuntur
946 1290 1062 1310 consen-

278 1322 358 1349 tiunt.
373 1323 440 1357 Ergo
453 1324 486 1355 si,
506 1330 534 1350 nt
552 1330 595 1351 tua
613 1325 694 1352 habet
711 1325 806 1352 inscita
835 1326 993 1359 sciscitatio,
1009 1327 1062 1354 Do-

275 1367 365 1394 minus
378 1372 420 1395 est
432 1368 518 1402 ipsum
530 1369 648 1397 Verbum
660 1370 776 1397 seorsim
797 1378 828 1398 ac
837 1372 956 1406 proprie,
969 1372 1061 1400 Domi-

275 1420 326 1440 nus
336 1414 417 1440 etiam
433 1414 490 1448 ipse
506 1415 651 1447 homo,duo
663 1415 756 1449 procul
770 1415 851 1444 dubio
861 1421 944 1444 erunt
958 1417 1059 1446 domini

274 1465 306 1486 ac
316 1459 373 1486 lilii.
387 1459 465 1487 Nullo
478 1468 541 1495 ergo
552 1461 631 1488 modo
645 1461 685 1488 vis
699 1465 752 1489 tuae
774 1462 853 1490 istius
882 1469 995 1491 summa:
1012 1471 1059 1491 co-

274 1503 421 1536 pulatiouis
442 1504 614 1531 credentibus
628 1506 750 1540 proderit
769 1511 845 1534 certe
859 1507 891 1534 ad
906 1506 1058 1542 intelligen-

276 1549 339 1576 dum
356 1557 438 1576 unum
466 1549 603 1578 Christum
634 1556 662 1578 et
690 1552 832 1579 Dominum
848 1557 875 1580 et
891 1552 987 1580 Filium
998 1562 1058 1582 cum

273 1594 348 1621 unita
362 1594 412 1622 sibi
428 1602 519 1622 carne.
537 1595 679 1630 Proposita
706 1604 821 1632 namque
851 1601 879 1625 et
897 1598 923 1625 in
942 1599 1058 1626 medium

273 1640 378 1674 prolata
393 1640 578 1668 Emmanuelis
605 1648 731 1674 persona,
768 1642 824 1669 sive
839 1643 901 1677 quis
920 1644 1058 1672 hominem

274 1685 356 1717 dicat,
374 1686 461 1719 ipsum
479 1692 511 1712 ex
527 1685 580 1712 Deo
603 1685 684 1714 Patre
700 1686 815 1714 Verbum
845 1688 958 1716 formam
988 1690 1058 1718 servi

274 1730 425 1764 sumpsisse
437 1730 656 1764 intelligimus,et
667 1738 700 1759 ex
718 1733 853 1761 mensuris
866 1734 1058 1763 exinanitionis

273 1774 406 1802 declarari
422 1775 553 1808 dicimus;
572 1776 629 1804 sive
653 1777 734 1804 etiam
764 1778 846 1805 Deum
878 1779 1056 1814 unigenitum,

272 1821 396 1847 eumdem
412 1828 474 1848 esse
486 1822 622 1849 credimus
631 1823 766 1850 hominem
779 1823 835 1858 jam
856 1824 955 1852 factum
975 1831 1001 1853 et
1013 1826 1056 1853 in-

271 1870 423 1893 carnatum.
441 1866 493 1893 Sed
512 1867 594 1899 enim,
610 1870 640 1893 ut
651 1867 716 1901 dixi,
736 1868 781 1895 uni
805 1876 837 1897 ac
863 1870 913 1897 soli
941 1871 1055 1904 homini,

271 1914 299 1937 et
316 1910 450 1938 intellecto
461 1912 572 1939 seorsim
588 1913 622 1939 ab
639 1912 683 1940 illo
691 1920 723 1940 ex
733 1913 813 1941 Patre
827 1913 915 1943 Verbo
933 1916 1056 1945 tribuens

270 1954 341 1983 illius
354 1963 415 1983 cum
424 1963 507 1984 carne
530 1957 738 1992 dispensationis
749 1967 842 1994 opera,
869 1965 896 1988 et
911 1961 996 1997 ipsum
1008 1971 1055 1991 su-

269 2001 400 2030 stinuisse
414 2010 463 2037 pro
491 2003 568 2030 nobis
595 2011 703 2032 crucem
717 2006 823 2038 asserit,
847 2011 874 2034 et
887 2015 948 2036 esse
963 2009 1055 2044 gloria!

269 2047 411 2075 Dominum
428 2047 552 2081 aliirmat,
565 2053 592 2076 et
607 2057 739 2085 suprema
754 2051 874 2079 omnium
891 2057 994 2081 natura:
1009 2062 1054 2082 or-

267 2098 394 2119 namenta
416 2094 494 2120 nuda:
521 2098 655 2121 creaturae
677 2095 868 2130 circumponit.
894 2097 937 2124 Ait
961 2099 1051 2126 enim:

268 2134 428 2170 [Audiamus
465 2138 573 2165 beatum
604 2138 715 2166 Paulum
755 2145 845 2174 aperte
878 2142 1052 2176 clamantem,

1126 243 1188 275 Υιδς
1199 244 1245 269 καὶ
1258 243 1370 278 Κύριος,
1381 245 1394 270 ό
1404 244 1437 269 δι’
1454 238 1483 269 οὗ
1499 242 1668 278 σεσώσμεθα,
1684 242 1731 268 καὶ
1744 242 1927 279 ἐκλελυτρώ-

1124 289 1194 323 μεθα
1211 289 1255 315 διὰ
1278 289 1325 316 τοῦ
1343 289 1434 324 τιμίου
1453 287 1583 323 σταυροῦ.
1603 287 1658 314 Καὶ
1680 288 1759 322 εἴπερ
1777 287 1849 314 ἐστὶν
1866 289 1923 314 ἂν-

1122 334 1232 369 θρωπος
1248 334 1352 366 ἁπλῶς,
1373 335 1420 361 καὶ
1444 335 1503 368 οὐχ)⁴
1526 333 1558 368 δὴ
1581 333 1680 368 μᾶλλον
1705 334 1733 359 ὲν
1754 333 1920 370 ἀνθρωπειᾳ

1124 381 1213 414 μορφῇ
1235 380 1364 415 πεφηνὼς
1382 381 1395 406 ὁ
1421 380 1452 405 ὲκ
1475 379 1541 405 Θεοῦ
1567 378 1673 413 Πατρὸς
1697 379 1793 413 Λόγος,
1809 380 1916 415 ἡκέτω,

1121 424 1262 456 δεικνύτω,
1278 425 1325 451 καὶ
1343 426 1371 450 ὲν
1388 425 1477 460 μορφῇ
1497 424 1544 450 τοῦ
1562 424 1668 459 Πατρδς
1688 424 1845 458 ὑπάρχοντα
1860 425 1915 450 αὖ-

1122 469 1176 499 τὸν,
1201 469 1246 495 καὶ
1268 470 1359 504 μέντοι
1385 470 1431 496 καὶ
1457 470 1485 495 ὲν
1502 468 1604 503 ἰσότητι
1618 477 1624 484 ·
1642 469 1672 494 οὐ
1690 468 1745 504 γὰρ
1762 469 1916 504 ἁρπαγμὲν

1120 516 1243 550 ἡγήσατο
1260 515 1291 542 τὸ
1308 514 1377 542 εἶναι
1393 514 1440 541 iam
1464 514 1522 550 Θεῷ
1533 523 1541 531 ’
1555 514 1602 541 καὶ
1626 514 1739 549 προσέτι
1756 515 1845 550 τούτῳ
1861 516 1915 550 τὴν

1120 560 1167 586 τοῦ
1182 561 1275 587 δούλου
1288 560 1404 587 λαὸόντα
1416 560 1532 595 μορφὴν,
1543 559 1581 590 ὡς
1591 560 1641 585 οὐκ
1654 559 1751 594 ἔχοντὰ
1765 569 1831 587 ποτε
1843 569 1850 576 ο
1863 561 1913 587 καὶ

1121 607 1150 633 ὲν
1162 606 1275 633 κενώσει
1288 606 1481 641 γεγενημένον,
1494 605 1532 637 ὡς
1547 606 1575 631 ὲν
1590 605 1642 640 ἰδίᾳ
1656 605 1734 640 φύσει
1747 606 1865 642 λαχόντα
1880 608 1910 633 τὸ

1120 651 1232 686 πλῆρες.
1252 652 1280 678 '0
1295 652 1390 686 γάρτοι
1413 651 1558 681 θεσπέσιος
1574 651 1691 683 Παῦλος,
1712 652 1759 678 τον
1775 654 1803 679 ὲν
1816 655 1909 688 μορσῇ

1120 697 1167 723 καὶ
1181 696 1283 732 ῑσότητι
1306 697 1353 723 τοῦ
1380 696 1448 723 Θεοῦ
1481 696 1529 722 καὶ
1547 697 1664 731 Πατρὺς,
1678 697 1804 730 γενέσθαι
1825 699 1910 732 φησιν
1958 692 1961 696 ’

1120 743 1239 778 ὑπήκοον
1254 743 1326 777 αὐτῷ
1343 743 1389 768 καὶ
1408 742 1487 777 μέχρι
1505 742 1630 772 θανάτου,
1647 743 1762 769 Θανάτου
1780 743 1807 769 δὲ
1826 752 1909 770 σταυν

1120 788 1177 823 ροῦ.
1193 786 1255 823 ’Ἆρ’
1279 789 1328 814 οὐκ
1346 788 1461 823 ἐναργὴς
1479 789 1494 822 ἡ
1513 788 1566 814 τῶν
1591 788 1700 815 ἐννοιῶν
1716 789 1834 821 dum-ria;
1851 789 1907 815 Κύο
1919 806 1926 808 -

1120 842 1176 868 ριον
1195 833 1223 860 δὲ
1242 835 1290 868 τῆς
1304 834 1383 868 δόξης
1410 833 1589 867 ὀνομάζοντος
1604 834 1670 868 ἡμῖν
1696 834 1743 860 τοῦ
1769 835 1909 869 μακαρία)

1119 879 1225 906 Παύλου
1244 880 1289 905 τὸν
1303 879 1521 914 ἐσταυρωμένον,
1535 878 1601 913 φαίη
1619 879 1650 905 ἂν
1664 879 1760 910 οὐδείς’
1777 880 1814 905 Οὐ
1831 879 1908 913 λέγει

1117 925 1167 961 τὴν
1182 925 1388 960 ἁνθρωπότητα,
1402 924 1468 951 ἀλλὰ
1481 925 1529 959 τὴν
1541 924 1665 958 Θεότητα.
1682 925 1750 950 Ἕνα
1764 924 1818 959 γὰρ
1837 925 1907 959 ομο-

1117 970 1250 1005 λογοῦμεν
1275 970 1391 1004 Χριστὸν
1412 971 1458 996 ναι
1477 971 1551 1001 Υἱὺν,
1568 970 1615 996 καὶ
1634 971 1683 1005 τῆς
1700 970 1778 1004 δόξης
1801 970 1909 1006 Κύριον

1116 1016 1162 1043 τὸν
1171 1017 1202 1042 ἐκ
1211 1016 1277 1042 Θεοῦ
1295 1016 1398 1051 [ἰατρὸς
1409 1017 1493 1048 Λόγον
1507 1015 1757 1050 ένανθρωπήσαντα
1772 1016 1805 1042 δι’
1818 1017 1906 1051 ἡμᾶς,

1116 1060 1236 1087 παθόντα
1246 1068 1275 1086 τε
1291 1060 1360 1095 ὑπὲρ
1372 1060 1448 1095 ἡμῶν
1462 1061 1508 1087 καὶ
1521 1060 1614 1095 σαρκὶ,
1630 1061 1700 1086 κατὰ
1715 1061 1765 1092 τὰς
1781 1061 1906 1096 Γραφάς.

1115 1106 1188 1141 Πλὴν
1202 1106 1232 1132 οὐ
1248 1106 1364 1141 μετρίως
1375 1106 1600 1140 καταιτιώμενος,
1616 1105 1651 1136 ὡς
1664 1106 1713 1140 τὴν
1729 1107 1829 1141 ἀκριϐῆ
1842 1115 1908 1132 συν-

1114 1151 1220 1184 άφειαν,
1237 1151 1308 1177 καθὰ
1323 1159 1404 1185 φησιν
1421 1150 1513 1181 αὐτὸς,
1533 1150 1648 1184 διασπᾷν
1671 1150 1821 1180 ἐθέλοντας,
1839 1151 1908 1180 τοὺς

1114 1195 1300 1231 ἀπονέμοντας
1318 1196 1366 1230 μὲν
1383 1196 1421 1230 τῷ
1444 1195 1503 1230 Θεῷ
1525 1196 1604 1229 Λόγῳ
1620 1196 1649 1220 τὸ
1668 1196 1717 1229 τῆς
1740 1195 1907 1230 κυριότητος

1113 1240 1208 1275 ὄνομα,
1220 1241 1270 1275 τῆς
1282 1250 1313 1274 γε
1331 1241 1383 1275 μὴν
1400 1240 1607 1275 ἁνῦρωπὸτητος
1622 1240 1806 1275 ἁποφέροντας
1825 1241 1907 1275 αὐτῷ

1113 1285 1168 1322 [ῑσ.
1182 1286 1270 1321 abso],
1291 1286 1416 1319 καθάπερ
1430 1286 1469 1316 εἰς
1492 1285 1577 1319 λήθην
1593 1282 1629 1311 ὧν
1650 1285 1699 1319 ἔφη
1714 1285 1814 1317 πεσὼν,
1837 1286 1904 1311 δια‹

1114 1332 1185 1366 σπᾷν
1198 1332 1238 1362 εις
1253 1331 1299 1357 δύο
1314 1332 1508 1366 καταφωρᾶται
1522 1331 1567 1356 τὸν
1581 1331 1638 1362 ἕνα,
1649 1331 1694 1357 καὶ
1705 1331 1753 1364 τῆς
1764 1331 1905 1365 ἀκριϐοῦς

1112 1378 1172 1404 κατ’
1195 1377 1275 1404 αὑτὸν
1296 1378 1441 1411 συναφείας
1468 1377 1543 1410 ὀλίγα
1570 1377 1766 1412 πεφροντικώς.
1793 1377 1904 1412 Ἐρωτᾷ

1112 1422 1167 1458 γὰρ
1181 1422 1308 1457 ἀμαθῶς·
1328 1422 1428 1456 Κύριος
1446 1422 1492 1447 καὶ
1510 1423 1523 1448 ο
1539 1422 1691 1457 ἄνθρωπος,
1709 1422 1725 1455 ἦ
1740 1421 1787 1454 οῦς
1806 1422 1830 1447 εἰ
1849 1422 1902 1456 μὲν

1111 1464 1157 1493 οὖν
1170 1467 1282 1501 Κύριος.
1304 1467 1410 1501 συνᾴδει
1437 1466 1471 1492 τὰ
1492 1466 1635 1500 λεγόμενα.
1654 1466 1769 1498 Οὐκοῦν,
1788 1468 1812 1492 εἰ
1828 1466 1898 1493 χειτά

1111 1510 1160 1545 τὴν
1171 1510 1220 1545 σὴν
1233 1510 1360 1536 ἀσύνετον
1372 1510 1478 1542 πεῦσιν,
1492 1510 1590 1545 Κύριος
1608 1510 1656 1544 μὲν
1670 1511 1684 1536 ὀ
1696 1511 1779 1542 Λόγος
1796 1510 1899 1541 ξδιχῶς,

1111 1555 1212 1591 Κύριος
1228 1555 1255 1582 δὲ
1278 1557 1323 1581 καὶ
1340 1557 1352 1582 ὁ
1370 1555 1521 1590 ἅνθρωπος,
1536 1555 1581 1580 δύο
1597 1564 1647 1581 που
1669 1555 1777 1586 πάντως
1797 1555 1820 1581 ol
1846 1555 1899 1581 κύ-

1112 1608 1174 1635 ριοι,
1189 1600 1236 1626 καὶ
1249 1601 1311 1626 υἱοί,
1328 1601 1432 1633 Ὸνὴσει
1447 1600 1477 1634 δὴ
1493 1598 1537 1625 οῦν
1550 1600 1598 1633 τῆς
1610 1599 1740 1634 ἀκριϐοῦς
1751 1600 1899 1633 συναφείας

1108 1643 1125 1678 ἡ
1140 1642 1252 1678 δύναμις
1270 1644 1329 1669 κατ’
1347 1643 1442 1669 οὐδένα
1465 1644 1563 1678 τρόπον
1585 1644 1648 1674 τοὺς
1668 1644 1897 1674 πεπιστευκότας,

1109 1689 1149 1720 εἵς
1161 1697 1192 1722 γε
1206 1689 1237 1715 τὸ
1255 1689 1354 1723 χρῆναι
1368 1691 1436 1715 νοεῖν
1458 1689 1506 1715 ἕνα
1530 1689 1646 1724 Χριστὸν
1664 1690 1711 1715 καὶ
1727 1689 1828 1724 Κύριον
1848 1690 1898 1716 καὶ

1109 1734 1173 1761 Υῑδν
1185 1735 1252 1770 μετὰ
1266 1735 1315 1768 τῆς
1331 1734 1476 1769 ένωθείσης
1494 1734 1567 1768 αὐτῴ
1584 1735 1693 1769 σαρκός.
1710 1735 1898 1769 Προχειμένου

1108 1780 1162 1815 γὰρ
1174 1780 1222 1806 καὶ
1236 1780 1448 1814 παρενεχθέντος
1467 1781 1507 1811 εἰς
1524 1780 1605 1815 μέσον
1620 1780 1666 1805 τοῦ
1687 1780 1832 1814 προσώπου
1847 1781 1897 1806 τοῦ

1114 1826 1295 1861 Ἐμμανουὴλ,
1309 1826 1359 1852 κᾶν
1374 1826 1450 1856 εἴτις
1469 1825 1612 1860 ἄνθρωπον
1627 1826 1710 1858 λέγοι,
1724 1826 1769 1851 τὸν
1780 1827 1810 1851 ἐκ
1825 1825 1898 1852 Θεοῦ

1108 1872 1214 1908 Πατρὸς
1228 1873 1312 1906 Λόγον
1335 1871 1441 1907 μορφὴν
1464 1871 1558 1897 δούλου
1575 1871 1692 1897 λαϐόντα
1707 1870 1831 1905 νοοῦμεν,
1847 1873 1899 1898 καὶ

1106 1920 1138 1946 ὲκ
1151 1920 1206 1946 τῶν
1226 1920 1273 1953 τῆς
1289 1918 1429 1949 κενώσεως
1445 1918 1552 1952 μέτρων
1574 1918 1716 1952 δηλοῦσθαί
1739 1926 1833 1952 φαμεν
1845 1926 1852 1931 ·
1870 1920 1899 1944 εἰ

1105 1964 1134 1990 δὲ
1149 1964 1236 2000 δήκαὶ
1250 1964 1315 1989 Θεὸν
1331 1963 1470 1997 μονογενῆ,
1486 1962 1530 1988 τὸν
1545 1963 1625 1988 αὐτὸν
1635 1960 1703 1988 εἶναι
1718 1961 1897 1994 πιστεύοντες

1106 2010 1160 2046 [Ion
1176 2008 1349 2044 mateﬂapav]
1369 2009 1598 2044 ὲνηνΟρωπηκότα
1620 2017 1649 2034 τε
1664 2008 1714 2043 ἤδη
1732 2008 1779 2034 καὶ
1794 2016 1896 2043 σεσαρ-

1104 2056 1237 2090 κωμένον.
1258 2055 1337 2081 ’Λλλὰ
1353 2055 1415 2090 γὰρ,
1433 2055 1470 2086 ὡς
1488 2055 1565 2088 ἔφην,
1579 2054 1617 2079 ἐνὶ
1631 2054 1662 2088 δὴ
1677 2054 1723 2079 καὶ
1741 2054 1823 2089 μόνῳ,
1846 2055 1895 2080 καὶ

1106 2100 1197 2131 ἰδικῶς
1213 2100 1352 2134 νοουμένῳ
1367 2100 1442 2133 παρὰ
1454 2099 1499 2125 τὸν
1521 2100 1552 2125 ὲκ
1565 2098 1670 2133 Πατρὸς
1687 2098 1772 2131 Λόγον
1788 2098 1895 2133 ἀνθρώ-

1104 2155 1157 2181 πῳ,
1171 2145 1332 2180 προσνέμων
1350 2145 1399 2179 τῆς
1418 2144 1486 2179 μετὰ
1501 2144 1601 2178 σαρκὸς
1613 2139 1812 2178 οὶκονομίαξτὰ
1826 2152 1894 2171 κατ-

268 2181 392 2214 quisnam
407 2182 442 2208 sit
457 2182 501 2209 ille
513 2184 658 2211 cruciﬁxus
674 2194 681 2211 :
708 2185 814 2212 Etenim
837 2188 981 2215 cruciﬁxus
1009 2196 1050 2217 est

1110 2192 1260 2228 ιροώματα,
1285 2192 1331 2218 καὶ
1355 2192 1436 2218 αὑτὸν
1455 2191 1524 2225 ὑπὲρ
1549 2190 1627 2225 ἡμῶν
1653 2191 1798 2225 ὑπομεῖναι
1823 2198 1892 2225 φησι

266 2232 298 2251 ex
311 2225 476 2258 infirmitate,
488 2229 534 2254 sed
551 2228 616 2254 vivit
628 2236 661 2255 ex
678 2229 778 2257 virtute
795 2230 864 2267 Dei.]
889 2232 955 2266 Quis
973 2235 1049 2263 iniir‘

266 2275 354 2298 matus
371 2276 422 2303 est,
438 2272 583 2301 haeretica?
605 2274 685 2301 illene
722 2275 792 2303 Deus
819 2277 1049 2310 Verbum?lnilr-

265 2316 368 2344 mitatis
381 2317 489 2351 quidem
505 2311 594 2347 dumis
612 2327 722 2354 prorsus
736 2328 833 2356 expers
846 2330 861 2350 a
889 2325 966 2353 nobis
986 2335 1046 2355 cre-

263 2361 337 2388 ditur
350 2362 412 2388 illud
430 2370 462 2389 ex
480 2363 535 2390 Deo
557 2364 635 2392 Patre
660 2365 791 2394 Verbum.
824 2368 884 2403 Ipse
907 2377 948 2399 est
974 2374 1046 2400 enim

265 2407 393 2435 Dominus
401 2408 543 2436 Virtutum.
556 2409 608 2437 Sed
621 2416 708 2438 tamen
722 2413 785 2440 illud
800 2422 919 2449 expone;
934 2420 1048 2447 metuis-

263 2460 295 2479 ne
311 2453 344 2481 de
357 2461 390 2481 eo
406 2455 572 2483 inlirnnitatis
583 2464 680 2485 nomen
696 2459 831 2493 accipere?
839 2468 919 2496 quam
933 2463 968 2490 ob
981 2472 1046 2491 cau-

262 2499 337 2526 sam?
355 2507 416 2526 cum
436 2500 479 2528 illa
492 2508 539 2535 per
554 2509 663 2529 carnem
682 2503 849 2538 dispensatio
860 2507 934 2534 illum
944 2509 1046 2538 eximat

262 2545 296 2571 ab
313 2546 420 2587 injuria,
437 2547 543 2574 etiamsi
571 2548 709 2583 quidpiam
720 2557 814 2584 passus
827 2559 887 2580 esse
895 2553 1000 2582 dicatur
1011 2563 1045 2584 ex

263 2590 305 2617 his
315 2598 400 2625 quea
417 2597 512 2620 natura
525 2593 610 2628 ipsius
624 2598 651 2621 et
661 2594 747 2629 gloria
771 2601 834 2624 sunt
853 2598 960 2626 aliena?
976 2600 1044 2629 Nam

262 2636 284 2661 si
296 2642 356 2663 cum
369 2637 442 2665 dives
463 2644 545 2670 esset,
569 2647 671 2674 pauper
687 2640 773 2668 factus
788 2647 830 2669 est
846 2643 870 2658 "
881 2663 889 2676 ,
917 2649 945 2672 et
958 2645 1044 2675 factus

262 2684 304 2707 est
317 2681 403 2708 nostri
416 2683 512 2710 similis
529 2683 615 2710 forma
632 2685 702 2718 servi
713 2691 848 2720 suscepta,
873 2689 979 2716 etiamsi
1003 2691 1045 2718 di-

263 2727 497 2757 caturinlirmatus
513 2737 545 2756 ex
567 2729 744 2765 humanitate,
770 2732 837 2760 nihil
855 2734 963 2763 absurdi
991 2741 1043 2771 est,

298 2817 321 2832 "
337 2816 419 2844 lCor.
440 2826 469 2846 ιι.
492 2819 518 2846 8.
555 2819 578 2835 “
594 2819 614 2845 ll
634 2820 695 2848 Cur.
713 2830 770 2855 nn,
787 2824 814 2853 9,

1102 2238 1227 2273 σταυρὸν,
1237 2236 1304 2263 εῖναὶ
1325 2246 1352 2263 τε
1367 2238 1415 2272 τῆς
1431 2236 1509 2271 δόξης
1523 2235 1741 2262 διαϐεϐαιοῦνται
1757 2235 1811 2271 [Ῐσ.
1829 2236 1894 2262 διαο,

1101 2283 1257 2311 δεδαιοῦται
1276 2283 1282 2318 ]
1298 2283 1410 2318 Κύριον,
1424 2282 1521 2317 γυμνῷ
1534 2281 1662 2314 κτίσματι
1677 2281 1825 2316 περιτιθεὶς
1841 2282 1891 2316 τῆς

1101 2330 1230 2357 ἀνωτάτω
1244 2328 1349 2363 φύσεως
1365 2328 1400 2354 τὰ
1412 2327 1645 2362 αὑχήματα.Φησὶ
1654 2327 1716 2361 γάρ·
1733 2326 1891 2361 ΓΛκούσω-

1102 2383 1151 2409 μεν
1164 2373 1210 2400 τοῦ
1234 2374 1369 2409 μακαρίου
1386 2373 1493 2400 Παύλου
1512 2373 1637 2407 φανερῶς
1656 2373 1832 2406 κεκραγότος,
1848 2373 1897 2404 τίς

1098 2422 1171 2447 ἐστιν
1189 2421 1204 2446 ό
1218 2419 1435 2454 ἐσταυρωμένος·
1451 2419 1506 2445 Καὶ
1523 2419 1577 2453 γὰρ
1591 2418 1751 2453 ἐσταυρώθη
1767 2418 1796 2450 ἐξ
1808 2418 1891 2444 ἀσθε-

1097 2466 1181 2497 νείας,
1199 2465 1267 2492 ἀλλὰ
1286 2466 1318 2500 ζῇ
1339 2465 1371 2491 ἐκ
1388 2465 1529 2499 δυνάμεως
1546 2463 1639 2500 Θεοῦ.]
1656 2464 1703 2495 Τίς
1716 2464 1888 2499 ἡσθένησεν;

1096 2512 1110 2538 ὁ
1124 2511 1189 2543 Θεὸς
1204 2511 1429 2545 Λόγος,αἱρετικέ
1442 2520 1449 2543 ;
1469 2510 1623 2541 Ἀσθενείας
1652 2509 1700 2544 μὲν
1717 2507 1763 2536 οὖν
1777 2509 1889 2545 ἀπάσης

1096 2557 1230 2593 ἀμέτοχος
1253 2557 1392 2588 παντελῶς
1409 2558 1423 2583 ὁ
1444 2557 1476 2583 ὲκ
1499 2556 1567 2582 Θεοῦ
1589 2556 1696 2591 Πατρὸς
1711 2556 1797 2589 Λόγος
1819 2556 1889 2591 πρὶς

1096 2603 1176 2639 ἡμῶν
1191 2601 1261 2630 εἶναι
1276 2603 1441 2630 πιστεύεται.
1456 2602 1541 2633 Αὐτὸς
1555 2603 1609 2636 γάρ
1624 2603 1697 2628 ἐστιν
1713 2603 1727 2628 ό
1738 2602 1791 2628 τῶν
1805 2602 1889 2628 δυνάς

1100 2657 1172 2684 μεων
1186 2648 1298 2684 Κύριος.
1314 2649 1387 2683 Πλὴν
1399 2649 1486 2674 ἐκεῖνο
1506 2648 1624 2682 φράσον·
1639 2647 1727 2678 δέδιας
1744 2648 1787 2673 ἐπ’
1801 2646 1891 2676 αὐτοῦ,

1139 2694 1197 2728 ⁵τῆς
1215 2681 1355 2725 ἀσθενείας
1367 2681 1459 2728 Ἲῦνομα
1474 2693 1580 2725 λαϐεἰν;
1599 2693 1642 2718 διὰ
1669 2693 1749 2719 ποίαν
1773 2693 1885 2725 uitiati;

1098 2739 1186 2766 καίτοι
1209 2740 1259 2776 τῆς
1276 2739 1344 2776 μετὰ
1362 2739 1462 2775 σαρκὸς
1480 2738 1637 2774 οἰκονομίας
1656 2738 1703 2765 τοῦ
1718 2737 1887 2772 “triﬁlem
