3966 6194
192 346 248 400 225
1143 343 1514 399 Αυγιςιιειιε
1551 341 1960 398 NES'I'ORIUM
2003 343 2130 398 UB.
2176 343 2240 398 Υ.
3233 345 3342 398 2‘26

189 470 250 519 ίεῖν
266 461 352 526 ἔξω
367 459 584 528 τιθείσης
613 458 795 524 αὑτὸν,
819 459 922 512 κᾶν
945 460 994 512 εί
1024 461 1236 530 λέγοιτό
1259 481 1311 516 τι
1341 463 1530 516 παθεῖν
1554 461 1659 513 τῶν
1689 469 1731 524 Α

1773 473 1822 515 ut
1849 463 1991 516 illum
2022 466 2110 531 qui
2140 464 2288 516 «lives
2309 473 2448 528 erat,
2467 477 2751 531 pauperem
2775 463 2973 519 factum
2999 463 3339 531 coasideres,

185 557 245 606 ἰοσ
267 553 362 604 ἐστι
384 548 520 619 παρά
561 565 624 616 γε
663 547 762 619 τὴν
799 549 962 603 αὑτοῦ
999 549 1162 617 φύσιν
1191 569 1248 603 τε
1273 552 1362 604 καὶ
1396 551 1551 617 δόξαν
1573 568 1585 580 ·
1614 553 1665 603 εἰ

1772 554 1922 606 illum
1955 555 2239 606 sublimem
2273 555 2324 607 in
2362 555 2681 620 humilitate,
2732 555 2881 609 illum
2931 556 3190 608 virtutum
3231 556 3338 610 Do-

181 649 250 716 γὰρ
270 643 487 703 πλούσιος
525 639 599 693 ὢν
631 639 966 710 ὲπτώχευσε,
1005 643 1100 695 καὶ⁵
1131 644 1321 710 γέγονε
1364 644 1484 698 καθ’
1517 645 1666 713 ἡμᾶς

1773 646 1978 700 tninum
2003 647 2054 697 in
2091 657 2280 700 nostra
2319 647 2650 701 inlirmitate.
2712 647 2884 700 [labet
2937 656 3114 702 autem
3174 648 3339 700 etiam

181 736 334 805 μορφὴν
353 732 518 785 δούλου
545 731 748 787 λαϐὼν.
776 732 878 784 κᾶν
898 734 946 785 εἱ
969 733 1264 806 ἀσθενῆσαι
1289 734 1498 801 λέγοιτο
1528 734 1667 786 κατά

1773 738 1870 790 hac
1892 751 1958 789 ex
2012 747 2163 802 parte
2205 735 2616 792 admirationem
2663 737 2780 804 ejus
2829 737 3164 806 mysterium.
3205 735 3339 789 Nam

177 830 214 879 τι
235 824 541 893 ἀνθρώπινον,
574 823 638 875 τὸ
686 824 914 886 ἀπεικὸς
946 825 1121 886 οὐδὲν,
1154 826 1237 878 ἵνα
1279 824 1666 894 πτωχεύσαντα

1770 827 2038 894 quomodo
2068 828 2276 882 esurire
2309 830 2522 889 dicitur,
2551 843 2672 883 cum
2710 829 2822 896 ipse
2880 828 2950 882 sit
3005 827 3158 895 panis
3195 827 3336 892 vitae,

176 919 329 986 θεωρῇς
348 917 424 968 τὸν
467 915 738 980 πλούσιον,
782 916 840 967 ὲν
869 915 1197 968 ταπεινώσει
1231 917 1324 969 τὸν
1354 915 1576 986 ὑψηλὸν,
1608 917 1664 968 ὲν

1775 926 1867 970 ete
1893 917 2030 971 cmlo
2061 918 2424 980 descenderit,
2457 927 2510 971 et
2544 918 2708 971 vitam
2741 918 2832 971 det
2858 917 3057 970 mundo
3087 913 3176 966 '7?
3211 929 3341 981 quo-

240 1006 334 1058 καθ’
365 1007 491 1075 ἡμᾶς
539 1004 798 1074 ἀσθενείᾳ
836 1005 927 1057 τὸν
959 1006 1069 1060 τῶν
1099 1007 1382 1075 δυνάμεων
1434 1006 1657 1076 Κύριον.

1775 1003 1927 1058 modo
1954 1003 2209 1072 fatigatus
2240 1015 2322 1058 est
2343 1021 2408 1058 ex
2435 1005 2648 1070 itinere,
2682 1009 2772 1074 qui
2827 1019 2926 1059 suo
2963 1003 3165 1073 Spiritu
3214 1003 3341 1057 soli-

173 1097 481 1165 Τεθαύμασται
507 1096 562 1148 δὲ
594 1096 690 1150 καὶ
712 1079 802 1149 διά
831 1097 989 1150 τοῦτο
1015 1099 1078 1150 τὸ
1105 1098 1234 1168 περὶ
1258 1096 1424 1150 αὐτοῦ
1453 1098 1660 1167 μυστή-

1775 1093 1863 1149 dat
1891 1095 2060 1149 caelos
2088 1095 2184 1148 "1
2213 1095 2317 1150 Sed
2343 1111 2448 1150 non
2503 1097 2667 1158 feres.
2722 1105 2780 1149 ut
2816 1095 3108 1150 verisimile
3160 1103 3264 1156 est,
3297 1095 3341 1147 si

175 1203 274 1256 ριον.
301 1185 400 1248 Πῶς
439 1185 537 1255 γὰρ
566 1187 662 1238 καὶ
716 1187 970 1248 πεινῆσαι
1013 1186 1249 1254 λέγεται,
1297 1187 1472 1240 καίτοι
1517 1185 1661 1254 ζωῆς

1774 1185 1881 1240 Ιιωο
1911 1186 1975 1240 de
2007 1185 2122 1255 ipso
2151 1184 2444 1256 Unigenito
2498 1188 2770 1242 dicantur.
2819 1186 2978 1256 130
3040 1183 3204 1252 Atqui
3251 1194 3340 1237 tua

175 1279 293 1346 ἄρτος
314 1279 538 1346 ὑπάρχων
579 1277 766 1341 αὑτὸς,
796 1278 890 1330 καὶ
924 1278 988 1330 ὲκ
1021 1276 1114 1330 τοῦ
1145 1277 1373 1348 οὑρανοῦ
1397 1276 1660 1340 καταϐὰς,

1772 1277 1931 1331 verba
1954 1278 2223 1333 curiosius
2245 1279 2526 1350 inquirens
2549 1281 2785 1346 reperio,
2843 1280 2894 1332 in
2926 1277 3122 1347 quibus
3150 1287 3338 1344 aperte

179 1369 244 1419 zz".
268 1367 378 1438 ζωὴν
401 1368 558 1429 διδοὺς
582 1368 662 1438 τῷ
697 1369 920 1438 κόσμῳ;
953 1368 1075 1421 τίνα
1106 1368 1306 1439 τρόπον
1335 1367 1662 1421 κεκοπίακεν

1347 1367 1662 1421 κεκοπίακεν
1767 1368 1923 1429 dicis,
1959 1379 2212 1438 tanquam
2242 1384 2306 1424 ex
2343 1386 2571 1440 persona
2609 1370 2913 1442 Uuigenitij:

177 1463 223 1512 ix
238 1461 309 1529 τῆς
334 1461 625 1533 ὁδοιπορίας.
658 1463 687 1514 6
710 1461 786 1532 τῷ
833 1463 946 1532 ίδίῳ
980 1462 1257 1532 Πνεύματι
1295 1462 1532 1532 στερεῶν
1589 1461 1884 1532 οὑρανούςΙς
1921 1462 2060 1516 Ἀλλ’
2097 1466 2198 1518 οὑκ
2225 1465 2388 1536 ἀνέξῃ
2423 1466 2566 1520 κατά
2587 1466 2648 1520 τὸ
2711 1467 2877 1530 εἰκὸς,
2909 1468 2958 1520 εί
3018 1465 3149 1538 περὶ
3171 1465 3338 1520 αὑτοῦ

177 1555 331 1621 λέγοιτο
349 1557 477 1607 ταυτὶ
495 1556 586 1608 τοῦ
613 1556 972 1622 Μονογενοῦς,
998 1557 1176 1610 καίτοι
1192 1560 1320 1621 τοὺς
1387 1559 1512 1620 σοὺς
1577 1557 2110 1630 πολυπραγμονήσας
2147 1561 2338 1630 λόγους
2361 1561 2602 1633 εὑρίσκω
2627 1562 2896 1632 λέγοντας,
2915 1563 3121 1634 σαφῶς,
3153 1563 3229 1628 ὡς
3272 1563 3339 1618 ὲκ

178 1647 398 1714 προσώπου
425 1645 506 1698 τοῦ
535 1645 894 1712 Μονογενοῦς·

232 1740 343 1810 [Ὅτι
373 1740 526 1810 μορφὴ
545 1740 684 1792 θεοῦ
711 1741 996 1810 ὑπάρχων,
1024 1741 1237 1813 μορφὴν
1262 1742 1662 1813 περιϐέϐλημαι
1695 1747 1738 1804 Β

1837 1737 2072 1812 {Vss-ron.
2098 1737 2296 1810 [Quod,
2327 1755 2447 1794 cum
2471 1741 2573 1794 sim
2602 1740 2694 1796 Dei
2715 1742 2912 1808 forma,
2940 1746 3081 1799 servi
3109 1745 3334 1804 formam

182 1830 343 1882 ἰαύων·
371 1831 577 1894 ὅτιθεὸς
609 1832 781 1898 Λόγος
811 1830 907 1893 ῶν,
934 1835 992 1886 ὲν
1026 1833 1190 1904 σαρκὶ
1213 1833 1556 1904 καθορῶμαι·
1579 1835 1658 1886 ὅτι

1769 1831 1908 1884 indui
1943 1847 1958 1882 :
1994 1832 2162 1899 quod,
2191 1846 2312 1886 cum
2349 1832 2449 1886 sim
2470 1831 2610 1887 Deus
2635 1831 2890 1895 Verbum,
2921 1835 2974 1888 in
3009 1851 3171 1890 carne
3203 1853 3335 1892 con-

183 1921 391 1984 δεσπόζων
415 1922 494 1974 τοῦ
530 1923 753 1986 παντὸς,
805 1922 1176 1991 πτωχεύοντος
1216 1923 1282 1976 δι’
1313 1925 1458 1992 ἡμᾶς
1505 1941 1660 1994 περι-

1767 1920 1997 1986 spicior-z
2027 1922 2194 1989 quod,
2226 1935 2346 1974 cum
2379 1922 2751 1976 universitatis
2771 1922 2871 1976 sim
2905 1922 3187 1987 Dominus.
3208 1942 3333 1996 per-

184 2012 403 2092 δείλημαι
433 2014 729 2084 πρόσωπον·
770 2015 854 2068 ὅτι
905 2013 1104 2066 πεινῶν
1155 2015 1364 2085 όρατῶς
1386 2057 1400 2080 ,
1435 2015 1659 2087 ’χορηγῶ

1769 2024 1943 2079 inuam
1971 2012 2219 2078 pauperis
2237 2021 2455 2080 propter
2487 2027 2582 2066 vos
2623 2013 2813 2066 indui:
2848 2016 3014 2083 quod,
3067 2031 3186 2068 cum
3211 2033 3335 2070 esu-

194 2107 278 2164 τοῖς
302 2105 476 2158 πεινῶσι
499 2105 738 2178 τροφήνι.
1759 2119 1760 2153 ³

1766 2101 1894 2156 riatn
1941 2101 2250 2169 visibiliter,
2289 2103 2655 2159 esurientibus
2694 2103 2876 2159 cibum
2929 2106 3332 2180 subministh

687 2245 918 2299 ΚΕΦΑΛ
930 2287 942 2299 .
985 2245 1057 2300 F'.

2391 2237 2542 2293 CAP.
2602 2239 2683 2294 Ill.

250 2376 358 2441 Πῶς
375 2373 472 2442 οὖν,
495 2381 610 2444 εἰπὲ,
631 2381 688 2434 τὸ
712 2382 810 2450 τῆς
838 2379 1120 2442 ἀσθενείας
1141 2378 1312 2447 ὄνομα
1335 2377 1540 2442 δεδιὼς.
1565 2379 1658 2432 καὶ

1827 2373 2108 2440 Quomodo
2143 2375 2319 2446 igitur,
2359 2393 2566 2446 quaeso,
2599 2394 2720 2433 cum
2758 2379 3091 2434 inﬁrmitatis
3130 2371 3326 2436 nomen

183 2469 481 2538 ἀποκομίζων
506 2471 672 2532 αὑτοῦ,
700 2472 789 2525 κᾶν
816 2475 844 2525 6
869 2471 972 2540 τῆς
1007 2471 1320 2540 οἰκονομίας
1352 2471 1425 2540 μὴ
1462 2469 1651 2539 βούλη-

1767 2473 1988 2532 metuas,
2020 2476 2076 2520 et
2130 2468 2198 2522 ab
2233 2481 2297 2522 eo
2352 2468 2603 2533 auferas,
2652 2471 2862 2524 etiamsi
2915 2471 3333 2539 dispensationis

173 2577 246 2612 ται
275 2561 424 2629 λόγος,
460 2565 608 2617 αὐτὸν
646 2565 771 2633 ἔφης
823 2567 1011 2634 πεινῇν
1062 2563 1160 2632 μὲν
1215 2561 1445 2631 ὁρατῶς,
1490 2563 1658 2631 ἠγουν

1762 2555 1895 2610 ratio
1924 2565 2207 2624 repugnet,
2233 2557 2405 2626 ipsum
2437 2559 2574 2612 dicis
2617 2561 2825 2614 esurire
2883 2561 3167 2616 visibiliter
3233 2579 3328 2618 seu

169 2651 482 2719 ἀνθρωπίνως,
523 2657 767 2725 χορηγεῖν
812 2653 867 2706 δὲ
901 2651 1096 2714 θεῖκῶς
1134 2653 1244 2712 τοῖς
1277 2648 1498 2701 πεινῶσι
1531 2665 1656 2719 τρο⁹

1762 2647 2088 2713 humanitus,
2138 2649 2553 2704 subministrare
2606 2659 2786 2705 tamen
2841 2651 3102 2709 divinitus
3149 2656 3328 2710 cibum

169 2745 271 2812 ςδξν,
318 2740 425 2815 Ἆρ’
465 2746 553 2797 οὐκ
599 2744 886 2806 ἀσθενείας
921 2743 1118 2813 τρόπον
1163 2736 1302 2793 εἶναι
1340 2741 1444 2808 φὴς
1476 2738 1560 2798 τὸ.
1599 2740 1657 2791 ὲν

1764 2737 2155 2794 esurientibus?
2181 2741 2260 2794 An
2291 2755 2420 2796 vero
2448 2743 2778 2798 inllrmitatis
2809 2759 2978 2814 genus
3003 2760 3124 2802 esse
3166 2765 3330 2819 negas

167 2835 299 2905 Mai;
325 2835 547 2902 γενέσθαι
568 2839 801 2906 τροφῆς,
837 2836 928 2887 καὶ
969 2834 1222 2902 πεινῆσαι
1251 2830 1503 2898 λέγεσθαι
1535 2830 1655 2884 καθ’

1765 2828 1899 2896 quod
1931 2829 2052 2884 cibo
2080 2829 2330 2900 indiguit,
2387 2833 2608 2900 etquod
2651 2835 2861 2890 esurire
2902 2835 3100 2892 dicitur
3145 2851 3331 2896 nostro

165 2929 294 2993 fuit;
335 2929 473 2981 Ἀλλά
504 2932 612 2992 τοῖς
667 2927 911 2980 ἐθέλουσι
961 2925 1270 2995 φιλοψογεῖν
1316 2921 1656 2986 άντιτάξεται

1765 2920 1945 2973 more?
1973 2920 2078 2974 Sed
2107 2922 2415 2991 vituperare
2453 2925 2757 2981 volentibus
2780 2927 2890 2995 ipse
2911 2929 3331 2996 dispensationis

162 3021 336 3084 γενικῶς
366 3019 462 3089 [Ion
485 3019 772 3092 γεννικῶς]
805 3020 905 3089 τῆς
937 3018 1289 3088 οίκονομίαςό
1313 3017 1529 3085 τρόπος.
1567 3014 1658 3066 Δεῖ

1763 3011 1948 3065 modus
1969 3010 2180 3066 fortiter
2209 3014 2452 3070 obsistet.
2485 3014 2741 3084 Cogimur
2769 3031 2896 3086 ergo
2947 3019 3030 3072 vel
3085 3021 3128 3073 si
3181 3021 3329 3076 illum

162 3113 290 3163 τοίνυν
317 3115 460 3184 ἡμᾶς,
494 3117 525 3186 ἦ
574 3116 800 3168 πάντων
831 3094 1007 3164 ἀὑτὸν
1039 3109 1144 3163 τῶν
1198 3108 1548 3178 ἀνθρωπίνως
1593 3123 1651 3159 τε
1679 3104 1722 3162 C

1765 3103 1824 3157 ιι)
1839 3103 2087 3159 omnibus
2116 3120 2234 3173 qua:
2262 3121 2326 3159 ex
2363 3105 2598 3160 humana
2631 3107 2943 3163 conditione
2969 3119 3025 3164 et
3046 3110 3331 3168 humiliter

158 3205 222 3252 ut
254 3206 647 3275 σμικροπρεπῶς
703 3203 1009 3274 εἰρημένων
1051 3201 1518 3270 ἀποκομίζοντας,
1561 3198 1655 3250 ἀν-

1759 3197 1897 3250 dicta
1922 3206 2067 3260 sunt,
2089 3199 2329 3253 eximere
2349 3198 2621 3264 volumus,
2641 3202 2782 3255 nudo
2807 3201 3010 3255 homini
3043 3203 3141 3256 has
3195 3219 3325 3273 pas-

158 3293 308 3364 θρώπῳ
347 3297 471 3367 ψιλῷ
521 3295 867 3367 περιτιθέναι
917 3293 985 3346 τὰ
1040 3292 1216 3345 τοιάδε
1268 3290 1377 3343 τῶν
1434 3287 1650 3341 παθῶν·

1765 3288 1934 3342 tiones
1963 3289 2239 3346 tribuere:
2265 3291 2349 3345 vel
2381 3292 2424 3346 si
2451 3291 2755 3360 cogitamus
2808 3292 2982 3354 illum,
3017 3309 3139 3348 cum
3191 3293 3331 3351 Deus

154 3385 273 3449 ἦϊων
293 3387 682 3456 ὲννενοηκότας,
717 3389 800 3440 ὅτι
827 3386 958 3447 Θεὸς
987 3382 1082 3443 ὢν,
1113 3383 1303 3453 γέγονε
1332 3380 1453 3433 καθ’
1485 3380 1653 3449 ἡμᾶς,

1762 3379 2124 3443 esset,l‘actum
2153 3395 2273 3437 esse
2296 3385 2464 3438 nostri
2496 3383 2750 3446 similem,
2779 3382 3031 3439 conﬁteri
3056 3400 3177 3441 esse
3204 3387 3328 3456 qni-

152 3475 288 3545 ἀπαθῆ
316 3480 401 3546 μὲν
439 3481 712 3551 ὑπάρχειν
750 3478 912 3532 αὐτὸν
941 3477 1244 3546 ὁμολογεῖν,
1277 3473 1420 3526 κατά
1465 3488 1527 3540 γε
1559 3471 1656 3540 τὴν

1763 3473 1876 3526 item
1906 3472 2259 3540 impatibilem
2281 3487 2348 3527 ex
2368 3483 2557 3528 natura
2589 3474 2911 3540 divinitatis,
2952 3478 3044 3530 sed
3067 3489 3329 3545 praeterea

148 3568 218 3635 τῆς
242 3569 458 3642 θεότητος
490 3573 698 3642 φύσινο
739 3570 933 3637 παθεῖν
976 3569 1032 3621 δὲ
1071 3567 1207 3637 πρὸς
1251 3564 1424 3635 τούτῳ
1453 3563 1651 3630 λέγειν,

1765 3563 1939 3619 dicere
1969 3579 2186 3633 passum
2205 3579 2326 3620 esse
2354 3580 2451 3633 pro
2481 3565 2635 3619 nobis
2689 3565 3063 3623 inﬁrmitatem
3109 3585 3174 3623 ex
3231 3570 3331 3624 bu-

148 3662 218 3725 τὴν
244 3660 360 3732 ὑπὲρ
385 3665 536 3733 ἡμῶν
566 3644 884 3724 ἀσθένειαν,
915 3660 1056 3712 κατά
1085 3658 1146 3710 τὸ
1175 3657 1534 3727 ἀνθρώπινον,
1559 3659 1654 3710 καὶ

1758 3668 1914 3707 mana
1946 3664 2164 3720 natura,
2194 3651 2446 3708 ni'mirutn
2465 3669 2531 3708 ex
2553 3656 2862 3712 conditione
2889 3662 3087 3715 carnis.
3107 3659 3324 3728 Alioqui

143 3752 248 3803 κατά
288 3771 338 3820 γε
383 3755 476 3825 τὴν
512 3756 704 3826 σάρκα
749 3752 911 3822 φημί.
968 3750 1121 3802 Ἐπεὶ
1161 3749 1366 3819 φράσον
1409 3748 1654 3819 ἐρομένῳ

1764 3759 1963 3814 expone
1989 3747 2223 3814 roganti,
2249 3745 2292 3800 si
2312 3745 2507 3814 placet.
2566 3744 2898 3802 Crucilixutn
2941 3749 3090 3803 illum
3128 3766 3195 3804 ex
3246 3751 3330 3805 in-

144 3841 280 3905 πάλιν,
303 3844 680 3916 ἐσταυρῶσθαί
716 3860 879 3913 φησιν
923 3842 1084 3894 αὑτὸν
1113 3840 1172 3906 ἐξ
1204 3839 1488 3900 ἀσθενείας
1511 3842 1539 3892 ό
1567 3839 1655 3892 θε-

1764 3834 2009 3888 ﬁrmitate
2035 3835 2165 3888 dicit
2189 3836 2378 3890 beatus
2405 3834 2606 3890 Paulus
2631 3836 2710 3900 ";
2743 3848 2964 3894 amovet
2998 3849 3179 3892 autem
3214 3840 3330 3908 ipse

139 3932 307 3995 ςπέσιος
335 3935 536 4000 Παῦλος
557 3951 571 3964 ο
609 3934 885 4004 ἀποφέρει
912 3933 969 3986 δὲ
995 3931 1154 3993 αὐτὸς
1184 3929 1278 3983 τοῦ
1321 3928 1454 3982 Θεοῦ
1480 3929 1653 3997 Λόγου

1836 3941 1892 3981 nc
1923 3942 2035 3980 rem
2059 3942 2089 3980 a
2113 3926 2222 3982 Deo
2258 3927 2458 3991 Vérbo,
2485 3929 2626 3996 quod
2648 3929 2894 3997 exiguam
2927 3944 3047 3982 esse
3086 3939 3142 3981 et
3167 3929 3328 3982 vilem
3396 3959 3402 3965 -

143 4021 184 4068 τὸ
203 4023 371 4093 χρῆμα.
395 4028 616 4096 μικρὸν,
646 4020 802 4095 οἶμαί
839 4041 964 4086 που,
993 4023 1086 4076 καὶ
1113 4021 1368 4084 δυσκλεὲς
1399 4017 1664 4074 εἶναικλέι

1763 4019 1921 4082 dicat,
1952 4029 2088 4073 eteo
2117 4019 2412 4087 indignam.
2432 4021 2583 4073 Alius
2613 4036 2742 4090 ergo
2769 4021 2872 4075 erit
2900 4022 2968 4074 ab
2992 4036 3056 4075 eo
3093 4023 3182 4075 ille
3201 4038 3329 4076 cru-

131 4128 229 4174 ῖων,
255 4117 332 4167 καὶ
359 4119 455 4170 οὐκ
481 4118 644 4181 ἀξιον
683 4114 846 4168 αὑτοῦ
871 4131 884 4144 ·
930 4114 1117 4184 ’ἑτερος
1151 4108 1243 4164 οῦν
1279 4113 1404 4182 παρ’
1438 4112 1599 4164 αὐτὸν
1628 4113 1656 4163 6

1763 4108 1968 4169 ciﬁxus',
1999 4123 2156 4177 quem
2185 4110 2348 4162 etiam
2377 4108 2561 4178 gloriae
2617 4109 2905 4163 Dominum
2959 4111 3174 4165 divinus
3240 4111 3329 4166 ille

132 4202 502 4275 ὲςτιυριυμένος,
533 4209 598 4260 ὃν
634 4207 729 4258 καὶ
756 4206 852 4274 τῆς
888 4204 1045 4272 δόξης
1069 4201 1272 4271 Κύριον
1298 4202 1326 4253 6
1358 4201 1496 4264 θεῖος
1525 4203 1654 4271 ἡμῖν

1759 4203 2016 4269 magister
2040 4200 2294 4270 appellat,
2329 4201 2549 4257 dicens:
2585 4219 2604 4253 ι
2642 4200 2698 4256 Si
2726 4203 2870 4256 enim
2919 4204 3325 4272 cognovissent,

130 4299 426 4366 gustsrwyk
477 4299 794 4359 ἀποκαλεῖ,
838 4297 1046 4362 λέγων·
1079 4313 1096 4345 ι
1141 4293 1202 4345 Εἰ
1243 4293 1350 4362 γάρ
1388 4293 1652 4360 ἔγνωσαν,

1760 4304 2026 4358 nunquam
2060 4291 2345 4346 Dominum
2376 4290 2562 4359 gloriae
2589 4289 2994 4347 cruciﬁxissent
3021 4293 3088 4348 ⁸⁸.
3132 4313 3152 4346 ι
3188 4293 3326 4350 Nmn

125 4385 197 4434 οὑκ
222 4385 274 4436 ἂν
297 4388 378 4439 τὸν
408 4389 623 4460 Κύριον
652 4387 749 4456 τῆς
779 4385 936 4452 δόξης
964 4383 1337 4454 ἐσταύρωσαν.
1363 4402 1381 4433 ι
1406 4380 1474 4434 Ἀ
1487 4385 1532 4452 ρ’
1562 4379 1654 4436 οῦν
1689 4442 1691 4456 ι

1765 4395 1886 4451 ergo
1905 4383 2102 4434 mansit
2132 4381 2392 4437 Dominus
2411 4383 2596 4450 gloria:
2654 4383 2745 4452 qui
2787 4384 3093 4440 inﬁrmatus
3122 4397 3224 4451 est,
3275 4399 3331 4444 et

125 4478 347 4547 μεμένηκε
387 4439 938 4549 τῆςςδόξηςιίίύρίός
973 4477 1001 4528 ό
1031 4439 1296 4545 ὴθετικὼς
1347 4472 1457 4544 [Ion
1487 4439 1654 4544 Iﬁaﬂs-
1689 4442 1691 4493 ἶ

1763 4473 1850 4542 qui
1878 4473 2366 4527 adeoindecentem
2418 4484 2471 4527 et
2498 4475 2752 4528 humilem
2809 4475 3118 4543 passionem
3165 4481 3329 4534 susti-

121 4570 296 4642 wlxt'ng].
325 4575 415 4626 καὶ
443 4575 508 4625 τὸ
531 4569 800 4632 δυσκλεὲς
821 4569 884 4638 δὴ
913 4567 1092 4631 τοῦτο,
1120 4567 1214 4619 καὶ
1244 4566 1655 4637 σμικροπρεπὲς

1763 4564 1918 4618 nuit?
1947 4563 2002 4618 Si
2035 4564 2250 4627 mansit,
2285 4563 2481 4618 nullatn
2511 4581 2669 4644 ex‘eo
2695 4567 2836 4634 quod
2876 4565 3178 4623 inﬁrmatus
3223 4580 3326 4636 est,

121 4659 363 4730 ὑπομείνας
394 4663 577 4725 πάθος
608 4679 625 4725 ;
671 4661 731 4712 Εί
783 4660 881 4729 μὲν
915 4655 1008 4712 οῦν
1040 4659 1366 4728 μεμένηκεν,
1398 4657 1654 4728 οὐδεμίαν

1761 4654 2022 4723 iacturam
2047 4653 2193 4708 fecit.
2227 4654 2338 4707 Cur
2367 4669 2494 4723 ergo
2525 4655 2716 4712 metuis
2749 4655 2951 4720 dicere,
2974 4656 3066 4712 Dei
3099 4655 3327 4714 Verbum

117 4749 198 4815 ἔχει
219 4753 298 4805 τοῦ
322 4751 684 4806 ἀσθενείσθαι
711 4748 934 4818 ζημίαν.
965 4746 1088 4808 Πῶς
1117 4742 1210 4799 οῦν
1241 4745 1417 4806 δέδιας
1443 4746 1533 4799 τὸν
1558 4744 1653 4798 τοῦ

1762 4747 1826 4800 ad
1857 4746 1970 4800 haec
1999 4745 2389 4814 dispensatoria
2411 4745 2621 4800 ratione
2669 4746 3056 4802 descendisse?
3101 4748 3196 4803 Sin
3242 4765 3328 4803 rc-

114 4841 214 4894 Ηεοῦ
235 4845 398 4911 Λόγον
423 4848 484 4897 ὲν
515 4843 739 4903 τούτοις
776 4840 1030 4907 γενέσθαι
1055 4839 1234 4906 λέγειν
1257 4838 1651 4908 οἰκονομικῶς;

1761 4851 1887 4891 vera
1922 4837 2154 4905 perdidit
2189 4853 2254 4892 ne
2288 4848 2431 4892 esset
2469 4837 2606 4891 ultra
2631 4849 2721 4891 rex
2765 4837 2970 4906 gloriae,
3000 4847 3054 4892 et
3107 4840 3184 4893 sic
3215 4855 3325 4893 rem

115 4932 157 4980 ΕΞ
182 4935 227 4986 δὲ
255 4935 571 4994 ἀπῶλισθεν
602 4933 819 5002 ἀληθῶς
843 4931 936 4983 τοῦ
967 4930 1230 5001 ὑπάρχειν
1264 4929 1345 4982 ἔτι
1369 4929 1467 4999 τῆς
1495 4929 1654 5000 δόξης

1761 4945 1820 4986 se
1874 4930 2076 4985 habere
2130 4930 2396 4999 quispiam
2457 4930 2687 4993 asserit,
2753 4944 2978 4984 summa:
3038 4925 3327 4996 impietatis

110 5022 290 5094 Κύριπ,
320 5021 423 5080 ὦδέ
462 5044 527 5080 τε
571 5025 720 5094 ἔχειν
748 5024 906 5076 τοῦτο
953 5021 1352 5076 διαόεδαιοῦταί
1394 5039 1496 5085 τις,
1522 5020 1652 5073 δυσ-

1759 5022 1962 5078 crimen
1992 5023 2184 5077 merito
2211 5023 2523 5078 sustinebit.
2564 5041 2582 5074 ι
2617 5021 2878 5076 Flectitur
2909 5021 3052 5073 enim
3079 5021 3180 5088 ipsi
3211 5037 3323 5074 om-

111 5116 282 5180 ςεὸεἰας
317 5121 416 5189 τῆς
463 5117 744 5172 ἀνωτάτω
789 5116 884 5170 καὶ⁵
917 5114 1061 5186 μάλα
1120 5115 1344 5178 εἰκότως
1392 5113 1656 5182 ὑπομενεῖ

1760 5128 1830 5168 ne
1855 5128 2016 5184 genu,
2049 5122 2104 5169 et
2126 5114 2311 5170 omnis
2335 5115 2516 5182 lingua
2567 5111 2915 5167 conﬁtebitur
2960 5111 3085 5179 quia
3143 5111 3323 5165 Domi-

111 5210 181 5275 τήν
199 5216 402 5285 γραφήν
416 5232 430 5245 ο
466 5211 768 5280 «Κάμπτει
795 5211 901 5281 γάρ
921 5209 1069 5279 αὑτῷ
1089 5209 1196 5261 πᾶν
1211 5207 1360 5275 γόνυ,
1388 5205 1653 5285 καὶᾼπᾶσα

1765 5220 1869 5266 una
1900 5202 2059 5260 Jesus
2083 5203 2354 5273 Christus,
2397 5205 2449 5259 in
2487 5203 2710 5274 gloriam
2750 5202 2844 5258 Dei
2867 5200 3043 5256 Patris
3065 5200 3130 5255 “.
3173 5220 3192 5254 ι
3229 5200 3328 5256 Per

107 5283 828 5376 τὶῶσσαήὲξξομολογήσεται,
878 5303 960 5354 ὅτι
1010 5301 1212 5370 Κύριος
1277 5283 1492 5368 Ἰησοῦς
1521 5295 1656 5366 Χρι-

1759 5297 2072 5353 universum
2101 5298 2244 5351 enim
2284 5297 2469 5352 orbem
2528 5305 2793 5350 terrarum
2861 5291 3118 5355 dilatatur
3157 5294 3325 5363 gloria

109 5395 201 5457 ππ
240 5399 315 5461 εἰς
354 5399 530 5463 δόξαν
575 5395 722 5448 Θεοῦ
746 5393 979 5465 Πατρός.
1017 5411 1036 5444 ι
1089 5388 1497 5462 Κατευρύνεται
1547 5385 1655 5457 γὰρ

1762 5386 2093 5457 Cbristi,qui
2125 5403 2312 5458 passus
2340 5398 2423 5444 est
2475 5403 2575 5456 pro
2631 5387 2788 5440 nobis
2844 5401 3032 5448 carne.
3089 5397 3146 5441 ut
3188 5402 3328 5456 saepe

107 5486 281 5558 ἐτάτης
326 5495 430 5559 τῆς
488 5489 597 5542 ὑπ’
631 5487 856 5556 οὐρανὸν
903 5487 936 5555 ἡ
982 5483 1108 5548 δόξα
1155 5481 1413 5553 Χριστοῦ,
1459 5479 1656 5532 παθόν-

1763 5479 2014 5534 diximus.
2039 5480 2170 5534 Cum
2209 5481 2369 5550 igitur
2401 5481 2556 5536 audis
2585 5479 2858 5534 hominem
2902 5477 3106 5549 Spiritu
3140 5489 3329 5532 sancto

109 5591 168 5639 τις
207 5582 339 5653 ὑπὲρ
388 5581 566 5652 ἡμῶν
607 5580 798 5650 σαρκὶ,
856 5576 999 5630 καθά
1056 5574 1370 5635 πλειστάκις
1425 5572 1656 5641 εἰρήκα-

1763 5571 1974 5639 plenum
1993 5571 2207 5625 dicere:
2249 5591 2266 5622 ι
2306 5571 2613 5627 Crucilixus
2645 5582 2728 5627 est
2761 5589 2824 5627 ex
2855 5573 3195 5638 infirmitate,
3232 5571 3326 5626 sed

161 5751 363 5816 "Joan.
389 5774 469 5824 vr,
503 5727 700 5811 5351.
802 5758 846 5787 ⁸⁸
869 5755 970 5809 Job
999 5770 1142 5819 xui,
1189 5754 1269 5806 l3.
1347 5751 1392 5782 ⁸⁸
1426 5747 1464 5801 ιι
1489 5749 1616 5803 Cor.
1651 5764 1724 5802 an

1375 5754 1392 5782 ⁸
1426 5747 1464 5801 ll
1489 5749 1616 5803 Cor.
1651 5763 1771 5814 ant,
1801 5749 1852 5803 4.
1909 5749 1998 5802 ⁸⁰1
2035 5749 2158 5803 Cor.
2191 5750 2324 5814 ",8.
2403 5753 2444 5782 ⁶¹
2481 5751 2710 5822 Philipp.
2757 5769 2818 5818 ιι,
2853 5754 2933 5806 l0.
