4002 6192
235 335 327 396 129

1274 331 1646 387 ADV’LRSUS
1683 329 2087 386 ΝΕδΤΟιιιυΜ
2129 330 2258 384 LIB.
2305 330 2365 384 γ.

3361 333 3468 386 250

239 456 302 525 τῷ
331 454 508 526 κόσμῳ
553 452 1006 523 διακηρύττουσι,
1039 450 1130 502 καὶ
1161 447 1324 502 αὑτὸν
1368 443 1508 500 εἷναί
1542 465 1670 516 φασι
1700 447 1791 501 τὸν

1898 449 2104 502 satorie
2136 447 2444 515 pertulisse,
2474 460 2580 500 non
2603 453 2658 498 ut
2686 445 2961 500 nobiscum
2995 457 3299 502 remaneret
3323 464 3466 503 mor-

234 546 322 614 βῆς
519 543 728 613 Κύριον
751 559 768 574 ο
794 541 890 594 καὶ
922 540 1022 603 τὰς
1054 539 1118 592 ἐκ
1147 537 1254 590 τῶν
1300 525 1568 590 Ἰουδαίων
1595 555 1789 607 παροι-

241 640 342 701 νίας
378 634 598 690 ἐθελοντὶ
625 636 924 703 ὑπομεῖναι
966 632 1035 685 δι’
1065 631 1208 701 ἡμᾶς
1229 646 1243 660 ⁸
1278 628 1570 700 ἀνατλῆναι
1597 646 1657 682 τε
1696 629 1790 682 τὸν

243 732 321 783 ἐπὶ
351 727 492 792 ξύλου
524 728 761 781 θάνατον
798 722 1180 793 οἰκονομικῶς,
1215 722 1313 794 οὐχ
1346 723 1430 775 ίνα
1473 721 1589 791 μεθ’
1631 719 1788 791 ἡμῶν

247 817 478 889 ἀπομείνη
513 815 726 887 νεκρὸς,
781 813 902 868 ἀλλ’
935 814 1023 866 ἵνα
1065 813 1126 864 τὸ
1158 813 1291 864 πᾶσι
1321 811 1654 880 δυσάντητον
1695 806 1792 861 τοῦ

247 912 444 965 θανάτου
473 907 788 968 καταλύσας
820 905 1046 974 κράτος,
1082 901 1391 973 ἀνακομίσῃ
1417 900 1553 972 πρὸς
1578 899 1791 971 ἀφθαρ-

251 1002 350 1056 σίαν
388 1001 478 1070 τὴν
513 997 807 1069 ἀνθρώπου
849 996 1031 1065 φύσιν.
1078 994 1208 1057 Θεὸς
1251 993 1361 1062 γὰρ
1391 988 1460 1064 ἦν
1507 983 1581 1046 ἐν’
1608 991 1790 1062 σαρκί.

252 1091 418 1143 Οὑτοσὶ
451 1091 503 1143 δὲ
540 1089 704 1142 πάλιν
737 1085 996 1157 ἀφορμὰς
1044 1083 1138 1138 τοῦ
1185 1085 1440 1154 διορίζειν
1470 1085 1549 1147 είς
1581 1083 1673 1136 δύο
1700 1083 1793 1136 τὸν

252 1182 333 1235 ἕνα
362 1180 674 1251 πανταχόθεν
704 1177 889 1248 ἐαυτῷ
922 1174 1266 1247 συναγείρειν
1304 1174 1616 1245 ἐπιχειρῶν,
1643 1175 1792 1227 ἀντι-

1865 545 2036 608 ισοξ,
2058 537 2174 600 sed,
2196 546 2253 589 ut
2278 549 2468 590 everso
2501 535 2592 589 illo
2620 536 2866 589 omnibus
2892 536 3290 605 inexpugnabili
3317 551 3462 591 mor-

1888 629 1956 682 tis
1976 629 2227 697 imperio,
2262 639 2512 683 naturam
2540 629 2776 683 hominis
2797 629 2862 682 ad
2886 629 3344 698 incorruptionem
3377 645 3465 685 re-

1886 731 2130 775 vocaret.
2162 720 2306 776 Deus
2340 722 2482 775 enim
2509 729 2627 774 erat
2667 721 2718 773 in
2743 733 2926 774 carne.
2961 719 3066 773 Iste
3089 735 3215 773 vero
3247 734 3460 772 rursum

1895 813 2215 868 occasiones
2240 829 2401 866 unum
2432 812 2485 866 in
2517 812 2622 866 duo
2648 810 2916 865 dividendi
2943 810 3175 877 undique
3221 809 3323 864 sibi
3346 809 3460 863 col-

1895 903 2064 973 ligere
2099 903 2350 966 moliens,
2382 902 2584 957 frustra
2621 902 2706 956 his
2736 911 2997 971 repugnat
3018 901 3108 970 qui
3149 900 3278 954 nulli
3308 909 3460 962 sunt,

1895 993 2159 1063 quosdam
2191 996 2355 1049 etiam
2389 994 2712 1048 criminatur
2743 993 2897 1062 quasi
2954 995 3214 1047 adversus
3265 995 3466 1047 verita-

1897 1094 2004 1138 tem
2029 1086 2284 1151 dixerint,
2319 1095 2372 1137 et
2401 1084 2601 1140 Christi
2637 1085 2879 1154 mysterii
2902 1085 3168 1139 rationem
3196 1083 3468 1138 adultera-

1900 1177 2024 1240 rint,
2059 1176 2242 1246 Itaque
2265 1179 2394 1232 dicit
2425 1191 2438 1228 ε
2476 1207 2488 1216 ~

257 1275 444 1343 φέρεται
487 1272 580 1341 μὲν
611 1269 738 1340 είκῆ
769 1271 883 1332 τοῖς
926 1267 1024 1320 οὐκ
1053 1263 1203 1320 οὖσιν
1236 1266 1391 1330 ὅλως,
1463 1267 1740 1338 ἐπίκλημα
1767 1265 1826 1320 δὲ
1899 1269 2134 1322 ποιεῖταί
2184 1285 2328 1322 τισιν
2370 1269 2445 1333 ὡς
2483 1268 2582 1338 τῆς
2631 1267 2891 1339 ἀληθείας
2941 1266 3314 1341 κατειρηκόσι,
3367 1264 3464 1323 καὶ

258 1362 644 1434 παρασημαίνειν
677 1360 924 1413 ἐθέλουσι
960 1357 1054 1411 τοῦ
1091 1357 1391 1428 μυστηρίου
1426 1356 1517 1410 τὸν
1562 1359 1782 1428 τρόπον,
1821 1357 1914 1411 καί
1943 1374 2130 1428 φησιν’

323 1449 522 1520 [Ἡδέως
549 1453 612 1506 ἂν
640 1450 880 1505 ἐνταῦθα
906 1449 1016 1503 τῶν
1038 1448 1330 1521 αἱρετικῶν
1356 1448 1658 1519 ἐπυθόμην,
1679 1449 1787 1502 τῶν

262 1565 341 1618 την
362 1547 445 1618 τῆς
485 1546 746 1614 θεότητος,
785 1544 1006 1611 καὶτῆς
1048 1541 1466 1613 ἀνθρωπότητος
1494 1539 1674 1608 φύσιν,
1710 1540 1790 1602 είς

270 1638 371 1708 μίαν
411 1633 845 1705 κατακιρνώντων
881 1631 1089 1697 οὐσίαν,
1151 1633 1234 1695 τίς
1283 1633 1432 1684 ἐστιν
1485 1631 1715 1684 ἐνταῦθα
1763 1631 1791 1682 6

1961 1448 2196 1505 Nes'ron.
2233 1448 2514 1521 [Libenter
2542 1449 2644 1505 hoc
2682 1449 2800 1505 loco
2835 1450 3464 1522 haereticosiuterrogem

1890 1539 1979 1607 qui
2019 1540 2316 1594 divinitatis
2357 1529 2821 1610 humanitatisque
2854 1552 3104 1596 naturam
3174 1541 3227 1595 in
3300 1559 3464 1598 unam

1888 1630 2242 1686 commiscent
2263 1632 2578 1694 essentiam,
2605 1632 2854 1700 quisnam
2883 1631 2952 1687 sit
2982 1632 3074 1701 qni
3111 1648 3252 1686 nunc
3282 1650 3308 1686 a
3335 1650 3465 1704 pro-

268 1729 392 1799 παρὰ
432 1727 516 1779 τοῦ
560 1726 818 1800 προδότου
837 1727 951 1788 τοῖς
1014 1723 1288 1786 Ἰουδαίοις
1330 1723 1786 1794 παραδιδόμενοςο

1898 1718 2066 1774 ditore
2102 1717 2300 1774 Iudaeis
2343 1721 2592 1774 traditur.
2631 1720 2690 1775 Si
2724 1721 2868 1774 enim
2901 1722 3182 1775 amborum
3209 1731 3290 1775 est
3325 1721 3464 1776 facta

270 1821 310 1872 εί
327 1820 419 1890 γὰρ
441 1820 624 1888 κρᾶσις
645 1816 970 1888 ἀμφοτέρων
992 1815 1305 1884 γεγένηται,
1333 1814 1616 1883 ἀμφότερα
1640 1811 1789 1882 παρὰ

1898 1809 2214 1874 commistio,
2250 1811 2410 1866 ambo
2433 1811 2646 1866 simula
2693 1810 2896 1866 Judceis
2923 1813 3137 1866 detenta
3192 1822 3337 1876 sunt,
3412 1822 3467 1866 et

270 1908 362 1960 τῶν
403 1907 646 1961 Ἰουδαίων
673 1905 1104 1976 συγκατεσχέθη,
1131 1904 1226 1958 καὶ
1262 1905 1290 1956 6
1316 1903 1446 1966 Θεὸς
1481 1903 1671 1972 Λόγος,
1698 1903 1792 1956 καὶ

277 2001 416 2070 ini-3;
449 1999 837 2069 ἀνθρωπότητος
880 2000 1067 2066 φύσις.
1104 1997 1199 2060 Τίς
1234 1997 1291 2049 δέ
1322 1998 1470 2048 ἐστιν
1508 1998 1536 2049 6
1567 1996 1659 2064 καὶ
1690 1995 1790 2065 τὴν

287 2091 464 2165 σφαῄν
485 2089 785 2160 ὑπομείνας
839 2089 1246 2158 Ἀναγκάζομαι
1272 2086 1579 2157 χρήσασθαι
1607 2104 1791 2140 κατω-

296 2181 447 2248 τέροις
465 2178 636 2246 λόγοις,
664 2180 732 2242 ὡς
765 2181 900 2232 πᾶσι
928 2178 1179 2246 γενέσθαι
1208 2177 1268 2231 τὸ
1295 2178 1585 2246 λεγόμενον
1611 2177 1788 2248 δῆλον.

304 2270 425 2340 Περὶ
446 2271 547 2321 τίνα
581 2271 639 2322 τὰ
672 2272 758 2340 τῆς
785 2270 1054 2340 πράξεως,
1100 2270 1220 2323 είπέ
1269 2288 1379 2340 μοι,
1415 2270 1788 2342 ωμὸέϐηκεν;

305 2359 360 2412 Εί
391 2359 478 2429 μὲν
510 2359 603 2428 γὰρ
643 2363 860 2433 suspici-1v
889 2364 989 2431 τῆς
1022 2362 1273 2433 θεότητος
1317 2362 1500 2431 φύσιν,
1529 2361 1643 2425 πῶς
1682 2363 1788 2433 ἀμο

298 2446 480 2517 φότερα
524 2451 779 2518 συγκιρνᾷν
821 2450 1178 2520 κατατολμᾷς.
1223 2450 1331 2502 Καὶ
1374 2447 1484 2521 [Ζσ.
1517 2449 1588 2521 εἰ]
1624 2450 1793 2520 μεμέ-

289 2553 437 2606 νηκεν
466 2537 494 2587 6
527 2537 652 2601 Θεὸς
680 2540 1018 2609 ἀκατάσχετος
1059 2543 1173 2604 τοῖς
1229 2540 1522 2606 Ἰουδαίοις,
1572 2542 1666 2594 καὶ
1695 2545 1792 2610 τῆς

282 2627 475 2697 σφαγῆς
503 2628 559 2680 οὐ
604 2630 940 2701 κεκοινώνηκε
973 2634 1039 2702 τῇ
1086 2631 1268 2702 σαρκὶ,
1309 2630 1490 2697 πόθεν,
1539 2631 1657 2685 είπέ
1679 2650 1795 2704 μοι,

275 2711 593 2788 παρεισάγεις
621 2722 712 2794 τὴν
750 2725 942 2794 κρᾶσιν
966 2721 1006 2794 ζ]

827 2894 1078 2947 ΚΕΦΛΛ.
1121 2897 1193 2948 Δ¹.

325 2979 378 3032 Εἰ
404 2981 492 3049 μὲν
518 2976 602 3034 οῦν
625 2983 768 3046 τινές
797 2985 935 3036 εἰσιν
953 2985 998 3036 οἱ
1028 2985 1126 3054 τὴν
1160 2984 1268 3037 τῶν
1289 2984 1504 3054 φύσεων
1523 2988 1603 3051 είς
1629 2987 1796 3060 ἀλλή-

1894 1902 2034 1958 Deus
2061 1902 2318 1967 Verbum,
2340 1912 2393 1958 et
2425 1904 2778 1958 humanitatis
2809 1913 3020 1958 natura.
3047 1902 3182 1969 Quis
3218 1918 3347 1958 vero
3380 1914 3466 1958 est

1892 1993 2090 2048 caedem
2122 1994 2554 2065 passus?Cogor
2619 1993 3003 2051 humilioribus
3038 1995 3222 2049 verbis
3250 1994 3350 2060 uti,
3407 2004 3467 2049 ut

1889 2085 2140 2139 omnibus
2167 2086 2309 2152 quod
2367 2085 2595 2140 dicimus
2620 2086 2964 2156 perspicuum
2998 2080 3110 2140 ﬁat.
3159 2085 3214 2141 In
3277 2096 3463 2156 quem,

1891 2191 2021 2247 rogo
2042 2186 2114 2241 te,
2150 2176 2318 2246 ipsius
2348 2187 2512 2247 gesta:
2543 2177 2627 2231 rei
2667 2175 2866 2230 cecidit
2898 2176 3074 2232 actio?
3127 2173 3183 2231 Si
3217 2177 3268 2230 in
3296 2177 3464 2246 ipsam

1892 2267 2186 2323 divinitatis
2243 2279 2512 2331 naturam,
2568 2269 2836 2338 quomodo
2885 2279 3178 2337 utrumque
3234 2269 3465 2324 commi-

1891 2374 2043 2415 scere
2072 2361 2274 2416 audes?
2303 2344 2359 2416 Si
2401 2361 2754 2415 mansitDeus
2788 2361 2858 2416 ita
2890 2368 3004 2414 uta
3058 2359 3257 2414 ludatis
3292 2360 3462 2413 teneri

1892 2466 1999 2506 non
2033 2462 2236 2520 posset,
2264 2462 2319 2506 et
2352 2453 2404 2506 in
2429 2451 2589 2506 caedis
2629 2452 2979 2520 perpessione
3029 2451 3226 2519 nullam
3279 2450 3467 2504 habuit

1891 2559 2012 2600 cum
2038 2559 2203 2600 carne
2217 2545 2551 2607 societatem,
2573 2535 3464 2612 undenam,rogo,commistioncm

1894 2635 2103 2691 inducis
2120 2635 2162 2707 ?]

2551 2858 2700 2913 CAP.
2737 2857 2828 2916 IV.

1969 2990 2024 3047 Si
2061 2991 2153 3062 qui
2197 3001 2321 3045 sunt
2352 2989 2441 3059 qui
2474 2999 2787 3043 naturarum
2825 2988 3025 3045 factum
3063 2990 3201 3044 inter
3234 3006 3295 3045 se
3332 3006 3466 3048 con-

269 3084 347 3134 Δας
372 3073 605 3144 ἀνάχυσιν
624 3075 956 3145 γεγενῆσθαι
985 3076 1256 3146 λέγοντες,
1282 3079 1484 3133 καὶτὸν
1509 3080 1796 3150 ἀνέφικτον

1899 3081 2170 3138 fusionem
2211 3083 2412 3145 dicant,
2448 3081 2717 3149 Vcrbique
2768 3093 3018 3136 naturam
3071 3083 3464 3151 impossibilem

268 3165 517 3233 ὑπομεῖναι
561 3167 795 3237 φυρμὸν,
839 3167 934 3220 καὶ
973 3167 1070 3238 τὴν
1099 3170 1186 3233 είς
1220 3168 1400 3239 σάρκα
1431 3169 1637 3240 τροπὴν
1685 3189 1790 3226 πα-

266 3253 360 3307 θεῖν
390 3255 622 3311 δύνασθαι
675 3258 1064 3329 διατεινάμενοι
1113 3261 1212 3329 τὴν
1251 3260 1345 3313 τοῦ
1394 3261 1569 3329 Λόγου
1607 3261 1790 3331 φύσιν,

263 3346 403 3415 ἤγουν
424 3349 498 3411 είς
523 3349 754 3419 θεότητα
789 3349 1176 3420 μταχωρῆσαί
1214 3367 1346 3404 ποτε
1378 3352 1476 3422 τὴν
1508 3352 1794 3406 ὲνωθεῖσαν

264 3435 384 3506 αὐτῷ
426 3439 614 3509 σάρκα,
669 3441 1075 3512 διημαρτήκασι
1121 3441 1410 3511 τάληθοῦς,
1451 3443 1546 3496 καὶ
1601 3443 1795 3513 φρενὸς

263 3524 346 3589 ἔξω
381 3530 649 3595 γεγονότες
679 3529 868 3600 όρθῆς,
908 3530 1106 3599 μᾶλλον
1145 3530 1200 3583 δὲ
1234 3529 1330 3601 τὴν
1372 3532 1596 3584 ἁπασῶν
1630 3532 1794 3601 ἐσχα-

261 3630 339 3683 την
361 3617 621 3680 νοσοῦντες
658 3619 1074 3690 ἐμϐροντησίαν,
1101 3619 1422 3673 ἀκούσονται
1444 3620 1578 3690 πρὸς
1605 3621 1757 3691 ἡμῶν
1777 3637 1792 3652 ο

265 3723 279 3755 ι
311 3707 554 3762 Πλανᾶσθε
594 3709 678 3780 μὴ
714 3711 1036 3772 είδότεςτὰς
1063 3710 1304 3781 Γραφὰς,
1340 3711 1473 3781 μηδὲ
1498 3711 1594 3782 τὴν
1637 3713 1794 3764 δῦνα-

261 3813 337 3866 μιν
357 3799 435 3852 τοῦ
462 3801 620 3854 Θεοῦ.
669 3820 687 3851 ›
731 3801 1085 3872 ’Δκρὰδαντος
1112 3800 1221 3872 γὰρ
1264 3803 1297 3870 ὴ
1329 3799 1422 3853 τοῦ
1452 3801 1587 3854 Θεοῦ
1620 3801 1792 3868 Λόγου

257 3888 409 3954 φύσις,
438 3893 524 3944 καὶ
566 3890 789 3962 τροπῆς
837 3892 938 3944 οὐκ
982 3886 1120 3944 οἶδεν
1171 3891 1526 3960 ἀποσκίασμα
1570 3891 1790 3944 παθεῖν’

256 3981 394 4046 σαρκὶ
415 3980 465 4032 δὲ
490 3983 586 4033 καὶ
616 3961 816 4049 αἵματι
849 3961 1280 4048 κεκοινωνηκὼς,
1317 3979 1411 4032 καὶ
1445 3979 1795 4050 μετεσχηκὼς

256 4070 424 4140 ὁμοιως
441 4075 564 4144 ἡμῖν
598 4072 712 4126 τῶν
738 4071 936 4136 αὐτῶν,
963 4070 1108 4124 καθὰ
1134 4070 1462 4140 γέγραπται,
1491 4071 1796 4140 μεμένηκεν

253 4161 278 4213 6
294 4163 446 4226 αὑτός.
467 4167 524 4219 El
544 4165 612 4218 δὲ
650 4163 893 4218 ἀπασοῦν
917 4180 1002 4226 τις
1026 4161 1133 4214 τῶν
1161 4165 1270 4225 τοῖς
1301 4163 1464 4232 ἱεροῖς
1495 4161 1795 4232 ἐντεθραμ-

255 4252 402 4320 μένων
433 4256 768 4326 Γράμμασιν
808 4252 1209 4324 ἀπηχθημένων
1239 4252 1350 4324 Ιῖσ.
1385 4235 1796 4322 ἁπηχθημένον]

251 4349 450 4400 ποιεῖται
463 4349 542 4413 τὸ,
568 4349 681 4400 κᾶν
711 4346 841 4416 γοῦν
857 4346 1087 4399 ἀκοῦσαι
1117 4346 1297 4412 μόνον,
1329 4345 1420 4396 ἐπὶ
1441 4343 1532 4396 τοῦ
1557 4345 1796 4411 Μονογε-

251 4435 352 4499 νοῦς
375 4439 690 4511 πεπρᾶχθαι
718 4413 816 4508 τὴν
834 4436 1062 4508 τροπὴν,
1093 4437 1230 4488 τίτά
1249 4435 1420 4500 οὕτως
1450 4436 1671 4506 αίσχρά,
1705 4435 1796 4488 καὶ
1828 4413 1872 4465 ι)

253 4529 332 4597 μιᾷ
351 4531 408 4599 τῇ
446 4532 599 4602 παρὰ
625 4530 838 4582 πάντων
881 4529 1046 4599 ψήφῳ
1083 4527 1524 4597 κατεγνωσμένοι,
1546 4530 1637 4580 καὶ
1663 4528 1797 4580 67:6-

249 4614 395 4685 δὶητα
421 4621 726 4684 παντελῶς,
758 4623 832 4684 ὡς
859 4620 1034 4691 ἀληθῆ
1075 4621 1169 4672 καὶ
1199 4620 1460 4691 εἰρημένα
1489 4620 1795 4690 δεχόμενος,

251 4711 389 4779 πειρᾷ
412 4711 724 4782 διατέμνειν
752 4712 842 4764 τὸν
867 4713 1185 4784 ἀμέριστον,
1220 4712 1310 4764 καὶ
1341 4711 1498 4764 τοῦτο
1538 4711 1675 4781 μετά
1701 4711 1798 4781 τὴν

250 4797 446 4866 Emori;
478 4806 543 4857 Εί
574 4802 682 4873 γὰρ
706 4803 768 4874 δὴ
804 4803 944 4856 κατά
974 4803 1233 4872 ἀληθειαν
1257 4801 1619 4872 ἓλοιομαθεῖν
1645 4801 1726 4864 τίς

251 4891 376 4959 παρά
412 4894 503 4947 τοῦ
539 4895 803 4965 προδότου
856 4897 967 4958 τοῖς
1026 4896 1297 4959 Ἰουδαίοις
1355 4895 1800 4965 παραδιδόμενος,

251 4982 328 5030 καὶ
355 4984 445 5051 τὴν
485 4984 703 5053 σφαγὴν
736 4985 1054 5054 ὑπομείνας,
1097 4985 1306 5058 ἀκούσῃ
1353 4986 1572 5053 σαφῶς’
1623 4985 1679 5037 '0
1720 4979 1800 5048 εἷς

252 5070 332 5121 καὶ
361 5076 510 5140 μόνος
547 5075 801 5144 Χριστὸς,
835 5077 929 5128 καὶ
958 5075 1106 5138 Υἱὸς,
1142 5077 1236 5128 καὶ
1279 5075 1501 5145 Κύριος,
1533 5074 1799 5140 τουτέστι,

256 5164 439 5234 μορφὴν
463 5151 653 5218 δούλου
680 5165 860 5218 λαϐὼν
892 5169 919 5219 6
952 5169 1014 5218 ὲκ
1052 5165 1186 5219 Θεοῦ
1220 5167 1410 5235 Λόγος,
1449 5165 1801 5236 ὲνανθρωπή-

254 5265 336 5313 σας
365 5271 420 5306 τε
466 5257 564 5309 καὶ
607 5259 1045 5326 σεσαρκωμένος.
1089 5258 1342 5328 Πέπρατο
1378 5257 1476 5327 μὲν
1505 5255 1613 5326 γὰρ
1652 5255 1803 5326 παρά

252 5339 334 5390 τοῦ
373 5345 630 5414 προδότου
660 5349 771 5408 τοῖς
827 5347 1097 5401 Ἰουδαίων
1143 5346 1510 5417 καθηγηταῖς·
1541 5346 1636 5399 καὶ
1672 5363 1803 5399 κατ-

252 5429 410 5499 είχετο
446 5436 544 5504 μὲν
584 5435 956 5506 ἀνθρωπίνως,
1009 5439 1090 5490 ὅτι
1117 5439 1208 5491 κα.)⁵
1245 5438 1531 5508 ἄνθρωπος
1561 5433 1627 5507 ἦν
1661 5436 1798 5506 μετά

250 5521 331 5573 τοῦ
358 5530 536 5594 μεῖναι
561 5528 690 5592 Θεός
708 5545 721 5556 ·
757 5529 954 5598 ήλεγχε
981 5528 1036 5581 δὲ
1083 5528 1280 5593 θεῖκῶς
1307 5519 1416 5582 τῶν
1459 5529 1794 5598 κατεχόντων

313 5697 564 5758 “Matth.
605 5717 740 5767 χιιι,
773 5701 863 5767 99,
940 5703 982 5735 "
1012 5701 1127 5757 Jac.
1163 5721 1200 5766 ι.
1235 5703 1318 5756 l7.
1397 5704 1441 5734 ⁷⁸
1479 5702 1639 5758 Ilebr.
1672 5720 1732 5766 ll,
1779 5702 1862 5756 Η.

1285 5796 1326 5839 /

1895 3173 2217 3228 sustinuisse
2238 3173 2568 3237 mistionem,
2601 3183 2653 3228 et
2694 3174 2746 3227 in
2806 3188 3022 3227 carnem
3073 3175 3336 3228 demutari
3365 3192 3466 3246 po-

1897 3263 2062 3316 tuisse
2079 3262 2427 3328 contendant,
2462 3262 2541 3317 vel
2573 3263 2776 3316 unilam
2807 3262 2880 3315 illi
2914 3277 3132 3317 carnem
3167 3266 3380 3320 tandem
3414 3267 3466 3322 in

1894 3356 2228 3410 divinitatem
2309 3354 2590 3419 transisse,
2657 3355 2692 3408 ii
2746 3355 3003 3410 aberrant
3077 3370 3105 3409 a
3157 3370 3308 3420 vero.
3340 3365 3395 3411 et
3437 3371 3464 3408 a

1897 3458 2044 3501 recto
2085 3459 2242 3500 sensu
2295 3445 2453 3516 longe
2487 3445 2701 3511 remoti,
2753 3445 2862 3500 imo
2906 3461 3034 3498 vero
3098 3454 3339 3500 extrema
3374 3446 3470 3500 de-

1895 3537 2095 3590 mentia
2144 3536 2473 3602 laborantes,
2530 3537 2754 3590 audiant
2819 3551 2847 3589 a
2893 3537 3095 3592 nobis:
3161 3555 3180 3588 ‹
3220 3536 3457 3605 Erratis,

1896 3627 2196 3681 nescientes
2243 3625 2579 3694 Scripturas,
2654 3641 2826 3694 neque
2876 3627 3130 3681 virtutem
3191 3628 3284 3682 Dei
3322 3627 3389 3682 ⁸⁸.
3445 3647 3464 3681 ι

1894 3711 2214 3768 Inconcussa
2284 3721 2364 3768 e'st
2423 3714 2567 3769 enim
2626 3714 2715 3768 illa
2773 3714 2867 3771 Dei
2935 3713 3099 3771 Verbi
3157 3726 3369 3783 natura,
3416 3730 3469 3773 et

1896 3805 2284 3860 vicissitudinis
2325 3805 2796 3861 obumbrationem
2870 3809 2978 3876 pati
3034 3810 3210 3863 nescit
3259 3809 3343 3861 ”:
3373 3811 3472 3865 sed

1900 3895 2054 3966 133
2103 3910 2222 3949 cum
2280 3895 2428 3948 carni
2482 3904 2536 3948 et
2583 3897 2828 3965 sanguini
2887 3899 3373 3963 communicasset,
3416 3910 3474 3954 et

1896 3987 2207 4040 eorumdem
2244 3986 2500 4039 similiter
2525 4002 2589 4039 ac
2621 4002 2718 4040 nos
2749 3988 3019 4056 particeps
3049 3999 3194 4042 esset
3220 3988 3466 4051 eﬂ‘ectns.

1898 4085 1956 4128 ut
1984 4075 2241 4143 scriptum
2281 4085 2364 4128 est
2389 4075 2460 4138 7°,
2503 4075 2700 4128 mansit
2737 4077 2899 4128 idem.
2950 4077 3100 4141 Quod
3144 4078 3191 4131 si
3240 4079 3470 4147 quisque

1897 4167 1951 4220 in
1981 4165 2151 4218 sacris
2197 4164 2416 4219 Litteris
2454 4163 2712 4219 educatus
2742 4165 2895 4220 nefas
2937 4176 3089 4236 putat
3123 4167 3205 4220 vel
3245 4171 3469 4244 auribus

1900 4264 2104 4309 tantum
2150 4256 2416 4323 accipere,
2468 4257 2518 4308 in
2562 4256 2650 4310 illo
2709 4257 2992 4328 Unigenitu
3051 4258 3214 4312 ullam
3267 4258 3464 4315 factam

1899 4362 2020 4403 esse
2070 4347 2444 4413 mutationem,
2501 4364 2598 4403 cur
2651 4359 2756 4404 tam
2815 4362 2996 4421 turpes
3051 4353 3371 4418 sententias,
3414 4365 3470 4409 et

1903 4440 2062 4494 unico
2100 4439 2166 4491 ab
2205 4439 2459 4493 omnibus
2516 4439 2772 4511 suffragio
2820 4441 3105 4497 damnatas
3147 4453 3195 4498 el
3247 4447 3470 4500 omnino

1904 4528 2156 4598 rejeCtas,
2193 4539 2446 4600 tanquam
2493 4545 2648 4587 veras
2681 4548 2743 4586 ac
2791 4533 3027 4601 prolatas
3075 4536 3375 4604 accipiens,
3411 4538 3473 4590 il-

1902 4619 2014 4672 lum
2064 4620 2442 4688 impartibilem
2499 4622 2741 4682 dividere
2803 4625 2965 4676 etiam
3023 4635 3146 4693 post
3222 4626 3471 4680 unionem

1905 4710 2162 4764 conaris?
2208 4711 2336 4765 Nam
2381 4713 2424 4766 si
2475 4728 2603 4768 vere
2657 4714 2868 4768 discere
2920 4716 3107 4784 cupias
3141 4717 3390 4784 quisnam
3441 4731 3470 4769 a

1904 4799 2180 4868 proditore
2206 4799 2407 4857 Iudaeis
2458 4805 2688 4858 traditus
2733 4803 2914 4869 fuerit,
2963 4815 3018 4858 et
3063 4807 3262 4860 caedem
3309 4805 3472 4858 susti-

1909 4890 2108 4955 nuerit,
2141 4889 2287 4946 clare
2318 4893 2540 4946 audies:
2568 4893 2660 4947 llle
2689 4908 2826 4947 unus
2857 4905 2910 4948 et
2942 4893 3089 4948 solus
3122 4892 3391 4956 Christus,
3419 4905 3473 4948 et

1905 4979 2094 5046 Filius,
2127 4991 2180 5036 et
2213 4982 2491 5051 Dominus,
2531 4986 2634 5039 hoc
2670 4993 2791 5051 est,
2826 4984 2954 5038 illud
2999 5000 3064 5038 ex
3102 4983 3209 5037 Deo
3237 4982 3470 5037 Verbum

1904 5071 2048 5140 quod
2077 5073 2217 5126 servi
2248 5073 2473 5127 formam
2525 5075 2754 5142 accepit,
2793 5083 2846 5128 et
2880 5075 3038 5128 homo
3070 5074 3264 5127 factum
3312 5083 3394 5127 est
3420 5086 3475 5129 et

1910 5161 2266 5216 incarnatum.
2298 5163 2558 5220 Venditus
2585 5177 2666 5219 est
2711 5167 2854 5218 enim
2885 5179 2914 5217 a
2945 5165 3217 5232 proditore
3247 5166 3475 5222 ducibus

1905 5252 2208 5308 Judzeorum
2241 5265 2294 5308 et
2320 5257 2552 5309 humana
2590 5254 2896 5309 conditione
2925 5257 3206 5309 tenebatur
3232 5257 3470 5326 quidem,

1907 5361 2030 5400 nam
2058 5355 2112 5401 et
2143 5347 2300 5400 homo
2337 5358 2450 5400 erat
2491 5348 2561 5399 ita
2597 5354 2654 5399 ut
2693 5346 2848 5399 simul
2882 5357 3124 5400 maneret
3161 5347 3300 5404 Deus
3333 5367 3346 5403 :
3378 5351 3472 5405 sed

1907 5446 2082 5490 tamen
2113 5451 2175 5490 ex
2227 5437 2402 5492 divina
2448 5436 2760 5491 conditione
2799 5440 3044 5506 coarguit
3085 5454 3271 5493 eorum
3318 5441 3470 5494 inllr-

1906 5527 2142 5581 mitatem
2176 5542 2205 5580 a
2255 5527 2449 5601 quibus
2502 5527 2803 5582 tenebatur.
2857 5529 3020 5598 ldqne
3070 5530 3222 5585 nobis
3262 5532 3472 5604 perspi-
