2001 3096
243 139 293 167 ιει

757 137 785 162 S.
807 135 945 163 CYRILIJ
966 135 1197 163 ALEXANDRINI
1219 135 1377 163 ARCHIEP.

1814 139 1868 168 ςιδς

245 203 325 223 (num
342 194 406 221 facit
429 194 524 221 beatus
538 194 705 229 evangelista
721 193 839 222 Joannes
854 195 900 228 qui
918 195 945 221 in
963 195 1034 221 hunc

1085 194 1165 221 αὑτὸν
1188 195 1238 230 τὴν
1263 194 1413 221 ἀσθένειαν.
1443 194 1496 221 Καὶ
1517 193 1595 220 τοῦτο
1621 194 1686 230 ἡμῖν
1710 194 1872 230 καθίστησιν

244 241 353 268 modum
375 239 503 274 Scripsit:
525 249 534 266 ι
551 239 635 267 ludas
654 248 719 274 ergo
733 248 794 266 cutn
816 240 965 274 accepisset
986 246 1031 266 co-

245 287 361 315 hortem.
382 291 409 313 et
434 293 448 312 a
474 286 647 320 pontiﬁcibus
669 292 695 313 et
719 286 861 313 Phariszeis
883 285 1032 318 ministros,

246 332 318 358 venit
337 331 400 357 illnc
415 338 476 357 cum
492 331 603 358 laternis
628 336 654 358 et
678 331 782 358 facibus
798 336 824 358 et
841 332 935 358 armis.
957 331 1034 358 Jesus

244 383 310 410 ergo
332 375 420 402 sciens
436 376 525 401 omnia
542 383 601 409 qua:
621 381 733 402 ventura
750 380 830 402 erattt
856 383 937 410 super
955 383 1032 408 eum,

246 422 377 455 processit
400 425 428 447 et
447 420 515 446 dixit
537 421 596 447 eis:
618 420 705 454 Quem
725 421 866 455 quaeritis?
889 420 1034 455 resp0nde-

246 470 310 492 runt
326 466 350 491 ei
368 472 375 490 :
392 464 482 492 Jesum
507 464 688 493 Nazarenum.
712 465 784 492 Dicit
802 466 841 493 eis
856 465 953 493 Jesns:
978 466 1034 501 Ego

246 518 317 537 smn.
337 509 430 538 Stabat
448 515 475 538 et
489 509 573 538 Judas
589 511 634 545 qui
652 512 774 538 tradebat
790 519 862 544 eum,
883 518 942 538 cum
955 512 1032 546 ipsis.

247 555 282 583 Ut
295 564 359 590 ergo
378 555 446 583 dixit
460 557 511 587 eis.
529 555 583 589 Ego
601 563 671 588 sum,
690 557 814 583 abierunt
831 563 990 589 retrorsum,
1007 561 1034 583 et

246 601 403 628 ceciderunt
419 601 445 627 in
466 605 567 628 terram
579 601 612 630 ’¹.
632 610 641 626 ι
656 602 741 628 Audis
756 606 786 628 ut
805 601 931 629 collectos
946 610 961 628 α
976 609 1035 636 pro-

247 646 334 673 ditore
359 646 458 673 milites
475 647 607 674 adversus
628 654 703 673 suam
730 647 843 681 gloriam
866 647 957 674 extolli
981 655 1033 674 non

246 692 329 719 sinat.
344 691 410 718 Nam
426 699 457 730 se,
472 692 558 727 ipsum
573 692 679 724 obtulit,
694 693 787 719 dicens
803 701 810 719 :
830 702 839 718 ι
862 692 915 727 Ego
930 700 1005 725 sum;
1021 701 1031 718 ι

247 737 286 764 illi
303 744 367 764 vero
383 738 416 764 ad
433 737 517 764 solam
538 737 596 771 ejus
613 746 706 765 vocem
729 738 821 765 fractis
840 739 943 766 viribus
957 739 1033 766 abie-

247 780 310 810 rt'int
332 789 492 810 retrorsum.
513 783 570 810 Non
594 783 677 811 fuisse
699 790 789 811 autem
815 792 907 811 eorum
932 784 1034 812 viribtts

246 827 372 856 eﬂcctum
386 834 415 855 ut
430 836 491 855 eum
507 833 640 861 tenerent,
660 831 706 856 sed
722 837 782 856 cum
800 834 904 863 tempus
921 834 948 856 et
965 837 1033 864 opus

248 873 299 900 fuit
313 878 426 900 tnortem
443 879 538 908 sponte
554 882 602 908 pro
623 875 703 902 nobis
721 875 873 906 admisisse,
889 874 1034 901 confirma-

247 917 286 944 vit
305 917 420 944 dicens:
450 926 460 942 ι
481 917 622 953 Tanquam
645 918 678 945 ad
702 918 833 944 latronem
856 918 950 944 existis
972 924 1034 944 cum

247 962 343 996 gladiis
362 966 390 989 et
423 962 541 989 fustibus
564 963 792 998 comprehendere
817 969 882 989 me:
917 962 1036 996 quotidie

249 1008 275 1034 in
291 1008 389 1043 templo
415 1008 540 1035 sedebam
564 1008 675 1039 docens,
698 1014 725 1035 et
749 1016 801 1034 non
831 1015 874 1034 me
899 1008 1034 1035 tenttistis.

249 1053 305 1081 Hoc
321 1058 410 1081 autetn
428 1058 513 1081 totum
533 1053 633 1081 factum
655 1059 696 1081 est
712 1059 741 1081 ut
766 1053 941 1089 implerenlur
961 1053 1036 1080 Scri-

248 1103 333 1133 pturtc
349 1099 540 1134 prophetarum
554 1100 587 1125 ".
608 1108 617 1125 ι
638 1100 713 1133 Quod
726 1099 796 1126 enim
822 1099 883 1125 olim
903 1099 1035 1134 praedixe-

250 1149 292 1170 rat
309 1151 355 1178 per
368 1144 519 1178 prophetas
534 1149 642 1171 sanctas
653 1164 661 1176 ,
679 1146 729 1171 hoc
747 1144 865 1178 implevit
881 1151 941 1170 cum
956 1149 986 1170 se
1002 1142 1035 1169 ad

249 1188 459 1215 exiuauitionem
474 1188 572 1223 dt‘jecit
588 1189 631 1215 ille
643 1189 688 1223 qui
710 1196 791 1223 supra
805 1195 911 1215 omnem
930 1192 1036 1215 creatu-

250 1241 307 1260 ram
326 1236 396 1264 erat.‘
414 1238 441 1260 et
458 1234 550 1260 habitu
568 1234 692 1260 inventus
710 1238 752 1260 est
768 1238 796 1260 ut
818 1233 909 1266 homo,
924 1232 968 1260 ille
989 1231 1035 1266 qui

250 1279 277 1306 in
292 1278 376 1305 forma
392 1283 453 1305 erat
466 1283 493 1305 et
510 1278 664 1312 aequalitate
679 1277 768 1305 Patris
777 1278 810 1304 ⁷³.
826 1276 882 1304 Cur
895 1284 959 1312 ergo
973 1277 1037 1304 sim-

250 1323 392 1358 plicior-um
410 1322 489 1358 134
507 1324 618 1350 auribus
631 1323 766 1350 mistionis
783 1330 880 1350 nomen
891 1322 1036 1351 obtrudere

251 1368 375 1399 moliens,
402 1367 560 1394 miraculum
589 1367 675 1394 violas
704 1367 775 1395 illius
795 1375 854 1394 cum
873 1374 954 1395 carne
977 1368 1033 1395 dis-

252 1413 438 1448 pensationis?
459 1420 547 1447 ncque
570 1413 642 1440 enim
664 1413 758 1440 attinet
775 1414 872 1440 acerbe
894 1418 921 1440 et
942 1420 1037 1447 aspere

251 1460 277 1487 in
304 1459 419 1487 medium
447 1459 637 1494 irrumpentcm
676 1459 777 1490 dicere,
797 1457 866 1485 Num
882 1452 967 1493 ipsum
991 1459 1036 1486 Dei

253 1505 368 1533 Verbum
388 1505 525 1532 detentum
543 1504 605 1531 est?
629 1512 691 1531 num
714 1504 813 1531 czcdem
829 1512 955 1538 perpessa
978 1504 1035 1539 ipsa

250 1550 399 1578 divinitatis
411 1549 529 1577 natura?
545 1550 688 1576 Enimvero
713 1556 764 1575 non
779 1556 811 1575 ex
829 1549 911 1575 nitnia
929 1549 1036 1583 imperi-

251 1596 286 1623 Iia
300 1601 325 1624 te
342 1597 399 1623 lucc
416 1595 517 1628 dicere,
531 1595 594 1621 hinc
607 1594 705 1627 disces,
737 1599 763 1621 et
775 1595 883 1629 quidem
898 1593 1034 1621 facillime.

250 1641 456 1669 Consummatos
470 1647 529 1666 esse
545 1640 659 1666 dicimus
675 1644 783 1666 satietas
798 1646 940 1675 martyres,
958 1647 1037 1674 para-

253 1693 293 1715 tos
306 1687 394 1713 omnia
416 1687 505 1720 potius
530 1686 643 1720 perpeti,
660 1692 688 1713 ut
707 1687 807 1714 bonum
821 1691 957 1714 certamen
975 1694 1036 1714 cer-

252 1736 355 1763 tantes,
378 1739 485 1758 cursnm
514 1736 751 1762 consummanles,
782 1732 861 1758 ﬁdem
882 1735 1034 1763 servantes.

250 1779 366 1805 debitam
393 1779 505 1804 sincera:
533 1779 558 1804 in
584 1777 722 1804 Christum
745 1778 881 1805 dilectioni
907 1785 1034 1805 coronam

250 1829 480 1858 consequerentur
495 1824 527 1849 ".
545 1823 572 1849 Si
587 1824 647 1858 quis
661 1824 742 1858 igitur
759 1824 870 1858 prodeat
889 1829 915 1851 et
935 1828 1011 1859 roget
1027 1832 1034 1850 :

250 1870 316 1896 Cum
341 1875 495 1896 sanctorum
526 1876 638 1903 c0rpora
666 1869 737 1895 ferro
764 1869 962 1902 lacerabanlur,
990 1874 1037 1896 aut

250 1914 478 1941 consumebantur
495 1914 559 1948 igni,
576 1918 624 1940 aut
642 1922 702 1940 cunt
720 1914 836 1948 primum
860 1915 1037 1942 trudebantur

250 1960 436 1992 incarcerem,
458 1967 521 1986 ntnn
541 1959 621 1986 simul
644 1968 706 1986 cuin
727 1959 884 1993 corporibus
901 1960 1037 1987 constrin-

250 2006 383 2040 gubantur
409 2004 529 2032 anitnte?
554 2013 615 2032 num
640 2006 722 2032 etiam
749 2005 800 2032 illa:
825 2005 879 2040 igni
907 2013 939 2032 ac
964 2005 1036 2032 ferro

250 2051 484 2078 conﬁciebantur?
515 2057 589 2078 certe
615 2051 731 2078 dicimus
754 2059 801 2078 eas
830 2059 845 2078 ιι
876 2052 1036 2085 corporibus

250 2097 352 2123 alienas
374 2096 469 2129 fuisse,
495 2103 556 2123 cum
580 2097 646 2123 nihil
671 2097 803 2131 ejusmodi
833 2097 990 2131 injuriarmn
1009 2097 1035 2124 in

249 2150 326 2170 suam
342 2143 510 2177 susciperent
533 2143 745 2169 naturalinNum
762 2143 853 2177 igitur,
868 2150 970 2176 quaeso,
986 2144 1036 2170 hac

1082 240 1195 275 ἐναργὲς
1220 241 1234 266 ὁ
1258 240 1400 271 θεσπέσιος
1433 240 1628 274 εὐαγγελιστὴς
1662 240 1799 275 Ἰωάννης,
1823 241 1874 268 ὡδὶ

1082 284 1227 320 γεγραφώς
1240 293 1246 299 ·
1268 294 1277 310 ε
1301 285 1330 311 '0
1343 282 1389 311 οὖν
1405 284 1503 316 Ἰούδας
1514 284 1605 311 λαϐὼν
1617 284 1667 320 τὴν
1684 286 1809 320 σπεῖραν,
1825 286 1874 312 καὶ

1083 331 1115 356 ὲκ
1127 330 1182 356 τῶν
1196 330 1357 365 ἀρχιερέων,
1376 331 1422 357 καὶ
1442 331 1473 356 ὲκ
1486 330 1540 356 τῶν
1552 331 1706 365 Φαρισαίων
1719 331 1872 366 ὑπηρέτας,

1084 375 1194 410 ἔρχεται
1208 375 1267 401 ἐκεῖ
1284 376 1353 410 μετὰ
1367 376 1459 410 φανῶν
1478 376 1522 401 καὶ
1538 376 1687 410 λαμπάδων
1706 377 1752 402 καὶ
1772 377 1872 402 ὅπλων.

1089 420 1194 455 Ἰησοῦς
1209 419 1320 450 δὲείδὼς
1331 420 1419 446 πάντα
1436 421 1469 446 τὰ
1487 421 1621 454 ἐρχόμενα
1649 422 1691 446 ἐπ’
1717 421 1809 452 αὑτὸν,
1828 422 1874 454 ἐξ·

1083 464 1167 491 eteo»
1173 460 1256 494 ,εἶπεν
1264 465 1363 497 αὐτοῖς·
1372 465 1438 492 Τίνα
1449 466 1553 500 ζητεῖτε
1563 475 1569 498 ;
1580 466 1607 492 Ἀ
1613 467 1782 501 πεκρίοησαν
1789 468 1873 501 αὐτῷ·

1090 511 1193 546 Ἰησοῦν
1203 512 1248 538 τὸν
1260 511 1428 547 Ναζωραῖον.
1442 514 1522 545 Λέγει
1540 514 1630 543 αὐτοῖς
1648 514 1661 538 ό
1671 513 1784 548 Ἰησοῦς·
1801 514 1874 547 Ἐγώ

1083 557 1151 591 εἰμι.
1169 557 1298 591 Είστήκει
1319 557 1365 583 καὶ
1389 557 1487 587 Ἰούδας
1504 559 1517 583 δ
1539 557 1699 591 παραδιδοὺς
1713 558 1794 584 αὑτὸν
1813 558 1873 591 μετ’

1083 600 1184 628 αὐτῶν.
1201 601 1244 633 Ὠς
1261 598 1307 627 οὖν
1322 598 1398 628 εἶπεν
1411 602 1513 632 αὐτοῖς,
1527 602 1566 627 ὅτι
1580 601 1651 635 Ἐγώ
1667 603 1734 636 είμι,
1751 602 1874 637 ἀπῆλθον

1083 646 1123 677 εἰς
1139 645 1173 672 τὰ
1198 646 1294 678 ὀπίσω,
1316 646 1363 672 καὶ
1381 645 1478 672 ἔπεσον
1501 647 1596 681 χαμαί.
1619 657 1627 672 ι
1652 647 1781 678 Ἀκούεις,
1797 648 1872 678 ὅπως

1084 691 1350 726 κατασοϐαρεύεσθαι
1378 691 1426 726 μὲν
1448 691 1499 725 τῆς
1521 692 1586 727 παρ’
1613 692 1686 726 αύτῷ
1711 692 1800 727 δόξης,
1820 694 1874 720 οὐκ

1084 737 1116 771 ἐᾷ
1128 736 1189 768 τοὺς
1203 737 1278 772 παρὰ
1291 736 1337 763 τοῦ
1354 736 1483 771 προδότου
1500 737 1721 771 συνειλεγμένους
1735 746 1741 752 ·
1758 747 1874 773 προσκε-

1084 781 1182 815 κόμικε
1208 780 1257 815 μὲν
1280 780 1333 816 γὰρ
1349 781 1454 813 ἑαυτὸν,
1473 781 1513 812 τὸ,
1533 790 1541 806 ι
1569 781 1637 815 Ἐγώ
1653 782 1709 816 είμι
1733 791 1742 807 ι
1764 782 1871 815 λέγων·

1085 825 1109 851 oi
1122 825 1150 851 δὲ
1164 825 1210 851 καὶ
1228 825 1297 860 πρὸς
1311 826 1394 861 μόνην
1409 826 1587 860 ἀτονήσαντες
1604 827 1652 861 τὴν
1667 827 1766 862 φωνὴν,
1784 828 1873 863 ἀπῆλ-

1049 862 1070 890 Β
1085 870 1129 896 θον
1148 871 1187 901 εἰς
1209 869 1243 896 τὰ
1256 870 1354 897 ὀπίσω.
1375 880 1384 896 ι
1403 871 1462 896 Ὅτι
1483 871 1510 897 δὲ
1527 871 1586 905 οὐχὶ
1606 872 1654 906 τῆς
1671 873 1759 899 αὐτῶν
1781 862 1873 907 ἰσχύος

1085 916 1164 952 ἔργον
1178 914 1212 952 ἦν
1224 917 1254 943 τὺ
1278 919 1425 952 κατασχεῖν
1440 918 1529 949 αὑτὸν,
1546 919 1602 944 ἀλλ’
1618 919 1654 950 ὠς
1679 920 1707 945 ὲν
1720 921 1807 956 καιρῷ
1824 921 1873 947 καὶ

1085 962 1165 997 χρεία
1180 962 1226 989 τὸν
1242 962 1312 997 ὑπὲρ
1332 962 1408 998 ήμῶν
1431 963 1544 990 θάνατον
1559 964 1676 990 ἐποιεῖτο
1692 965 1871 1000 παραδεκτὺν,

1085 1007 1314 1043 πεπληροφόρηκε
1329 1007 1431 1041 λέγων’
1456 1018 1463 1033 ι
1494 1009 1537 1040 Ὠς
1562 1010 1607 1034 ἐπὶ
1628 1009 1728 1046 λῃστὴν
1745 1010 1872 1045 ἐξήλθετε

1087 1052 1156 1086 μετὰ
1172 1052 1313 1088 μαχαιρῶν
1336 1053 1383 1079 καὶ
1399 1052 1483 1085 ξύλων
1500 1054 1638 1080 συλλαϐεῖν
1655 1063 1687 1089 με
1698 1063 1705 1070 ·
1728 1055 1789 1082 καθ’
1804 1057 1873 1091 ὴμέ-

1087 1104 1135 1131 ραν
1152 1097 1179 1122 ὲν
1197 1096 1235 1131 τῷ
1249 1096 1313 1132 ίερῷ
1327 1097 1495 1133 ἐκαθεζόμην
1508 1099 1648 1131 διδάσκων,
1665 1100 1712 1126 καὶ
1726 1101 1775 1126 οὐκ
1790 1101 1873 1135 ἔκρα-

1085 1142 1185 1177 τήσατέ
1203 1150 1247 1177 με.
1274 1142 1359 1169 Τοῦτο
1377 1143 1406 1170 δὲ
1427 1144 1485 1170 ὅλον
1502 1145 1611 1178 γέγονεν
1628 1145 1670 1171 ἵνα
1692 1146 1873 1181 πληρωθῶσιν

1086 1188 1113 1213 αἱ
1135 1187 1242 1223 Γραφαὶ
1259 1188 1313 1215 τῶν
1339 1190 1493 1224 προφητῶν.
1513 1200 1521 1215 ι
1545 1192 1577 1217 '0
1600 1191 1653 1225 γὰρ
1673 1191 1755 1218 πάλαι
1778 1193 1873 1227 προεί-

1087 1241 1153 1268 ρηκε
1172 1233 1215 1259 διὰ
1230 1235 1376 1270 προφητῶν
1393 1235 1486 1269 ἁγίων,
1505 1236 1583 1262 τοῦτο
1598 1237 1758 1272 πεπλήρωκε
1775 1238 1874 1269 καθεὶς

1085 1277 1179 1304 ἑαυτὸν
1205 1279 1245 1309 είς
1266 1279 1381 1306 κένωσιν
1405 1282 1419 1306 ὁ
1443 1281 1512 1315 ὑπὲρ
1531 1283 1619 1308 πᾶσαν
1636 1282 1683 1316 τὴν
1699 1281 1795 1313 κτίσιν,
1821 1283 1872 1308 καὶ

1087 1324 1207 1358 σχήματι
1233 1324 1354 1359 εὑρεθεὶς
1379 1326 1416 1358 ὡς
1442 1327 1592 1361 ἅνθρωπος,
1617 1329 1631 1354 ὁ
1649 1328 1675 1354 ὲν
1702 1329 1793 1363 μοριρῇ
1822 1329 1873 1353 καὶ

1088 1368 1191 1403 ἰσότητι
1221 1368 1268 1395 τοῦ
1288 1369 1404 1404 Πατρός.
1448 1371 1570 1398 ἈνἹότου
1601 1372 1632 1407 δὴ
1659 1370 1704 1398 οὖν
1731 1375 1790 1404 ταῖς
1816 1372 1872 1399 τῶν

1086 1413 1278 1450 ἁπλουστέρων
1290 1415 1396 1447 ἀκοαῖς,
1413 1417 1442 1442 τὸ
1459 1417 1507 1451 τῆς
1524 1418 1647 1452 κράσεως
1662 1418 1745 1453 (nepa
1758 1427 1871 1455 παρεισ-

1087 1459 1190 1494 κρίνειν
1218 1460 1384 1496 ἐπιχειρῶν,
1412 1462 1461 1496 τῆς
1491 1465 1558 1497 μετά
1585 1464 1684 1498 σαρκὸς
1719 1465 1872 1499 οἰκονομίας

1087 1505 1188 1536 ἀδικεῖς
1209 1505 1239 1532 τὸ
1261 1505 1369 1542 Θαῦμα;
1390 1509 1418 1533 οὺ
1436 1509 1489 1543 γάρ
1505 1518 1544 1534 τοι
1570 1511 1702 1544 προσήκει
1721 1511 1823 1545 πικρῶς
1840 1519 1872 1537 τε

1087 1552 1135 1577 καὶ
1151 1551 1263 1587 ἀπηνῶς
1279 1552 1319 1584 είς
1341 1553 1422 1588 μέσον
1443 1556 1509 1580 ἰέναι
1535 1555 1664 1588 λέγοντα’
1683 1553 1755 1591 Ἀρα
1777 1556 1790 1581 ὀ
1805 1557 1871 1588 Θεὸς

1086 1596 1171 1630 Λόγος
1185 1597 1334 1632 κατεσχέθη
1347 1606 1354 1631 ;
1372 1596 1426 1632 ἄρα
1442 1600 1490 1633 τὴν
1507 1600 1613 1635 σφαγὴν
1631 1600 1776 1635 ὑπέμεινεν
1790 1601 1807 1637 ἡ
1821 1602 1873 1637 τῆς

1086 1640 1212 1676 θεότητος
1237 1642 1334 1676 φύσις;
1362 1643 1423 1670 Ὅτι
1452 1644 1502 1670 οὐκ
1529 1644 1583 1680 μσ.
1601 1645 1661 1671 Ὅτι
1686 1645 1726 1681 δὲ]
1744 1646 1773 1679 ἐξ
1790 1646 1872 1683 ἀκρι-

1086 1685 1149 1717 ϐοῦς
1166 1686 1284 1721 ἀμαθίας
1301 1688 1335 1714 τὰ
1350 1689 1437 1715 τοιάδε
1457 1690 1520 1724 φὴς,
1539 1691 1661 1717 ἐντεῦθεν
1679 1692 1740 1727 εἴσῃ
1758 1701 1798 1718 τοι
1822 1693 1873 1719 καὶ

1087 1730 1160 1765 μάλα
1169 1731 1277 1767 ῥαδίως.
1294 1732 1489 1760 Τετελειὼσθαί
1507 1744 1594 1770 φαμεν
1608 1737 1671 1768 τοὺς
1686 1737 1781 1771 ἁγίους
1796 1738 1873 1773 μάρ-

1086 1784 1187 1812 τυρας,
1220 1778 1307 1804 πάντα
1333 1779 1428 1806 παθεῖν
1453 1781 1615 1816 ἑλομένους,
1644 1782 1687 1808 ἴνα
1713 1783 1757 1809 τὸν
1789 1784 1873 1810 καλὸν

1087 1822 1180 1856 ἀγῶνα
1201 1823 1411 1859 ἀγωνισάμενοι,
1437 1826 1481 1851 τὸν
1508 1827 1606 1862 δρόμον
1628 1828 1794 1860 τελέσαντες,
1821 1829 1874 1863 τὴν

1087 1869 1176 1895 πίστιν
1188 1871 1367 1904 τηρήσαντες,
1383 1871 1428 1898 τὸν
1444 1873 1492 1906 τῆς
1510 1874 1549 1904 εἰς
1568 1875 1684 1909 Χριστὸν
1695 1875 1873 1910 γνησιότητος

1086 1914 1270 1950 ἁναδήσωνται
1287 1916 1426 1951 στέφανον.
1445 1916 1507 1953 Ἀρ*
1523 1917 1569 1945 οὖν
1586 1920 1612 1945 εἰ
1626 1928 1667 1951 τις
1684 1920 1770 1955 ἔροιτο
1785 1930 1874 1956 προσο

1089 1960 1136 1987 ιών
1149 1969 1157 1976 ⁸
1175 1961 1239 1988 Ὅτε
1262 1962 1297 1989 τὰ
1320 1963 1372 1989 τῶν
1396 1964 1481 1997 ἁγίων
1499 1964 1611 1999 σώματα
1629 1966 1728 2002 σιδήρῳ
1745 1968 1874 2000 κατεξαί-

1087 2015 1171 2039 νοντο,
1190 2007 1274 2042 ἤγουν
1294 2007 1474 2043 δεδαπάνηντο
1491 2011 1567 2045 πυρὶ,
1588 2011 1604 2045 ἤ
1622 2012 1667 2037 καὶ
1686 2012 1726 2037 ὅτι
1744 2011 1798 2047 [ίσ.
1815 2012 1872 2048 ὅτε]

1085 2054 1135 2088 τὴν
1156 2054 1243 2088 ἀρχὴν
1268 2054 1404 2089 δεσμῶται
1426 2056 1577 2089 γεγόνασιν,
1602 2054 1655 2091 ἆρα
1681 2059 1736 2088 τοῖς
1762 2059 1872 2092 σώμασι

1088 2099 1339 2134 συγκατείρχθησαν
1354 2100 1381 2125 αὶ
1401 2101 1501 2134 dolat;
1518 2099 1572 2135 ἆρα
1587 2102 1712 2135 γεγόνασι
1730 2104 1776 2129 καὶ
1791 2101 1872 2130 αὗται

1088 2144 1171 2179 πυρὸς
1185 2144 1264 2178 ἔργον
1281 2145 1327 2171 καὶ
1344 2145 1451 2179 ξίφους;
1474 2147 1561 2173 καίτοι
1578 2148 1666 2182 φαμὲν
1683 2149 1766 2180 αὑτὰς
1782 2150 1872 2176 ἁπαλ-

250 2189 282 2215 de
296 2196 375 2214 causa
395 2193 519 2221 expertes
535 2193 615 2214 erunt
627 2195 797 2218 coronarum,
813 2188 875 2221 quia
889 2195 1032 2222 corporqu

1086 2189 1229 2216 λάττεσθαι
1246 2190 1300 2216 τῶν
1316 2192 1459 2226 σωμάτων,
1473 2193 1526 2218 τῶν
1541 2193 1668 2219 τοιούτων
1683 2195 1778 2220 αίκιῶν
1795 2195 1872 2221 οὐδὲν

249 2235 379 2268 ειιιψίἱρῑῃ
396 2241 449 2261 nan
468 2240 532 2260 sunt
544 2234 699 2268 pcrpessm‘l
714 2234 795 2268 Atqui
812 2234 965 2268 praedicatio
983 2242 1027 2261 ve-

251 2281 338 2307 ritatis
354 2288 405 2306 nou
425 2287 473 2306 eas
489 2280 607 2306 excludit
628 2288 643 2306 a
659 2280 793 2319 passione,
810 2288 871 2307 cum
894 2288 940 2307 sua
960 2281 1033 2315 ipso-

250 2335 308 2353 rtnn
327 2333 439 2359 corpora
456 2327 510 2352 sint
529 2333 618 2358 passa,
637 2333 688 2352 non
710 2326 834 2352 aliorttm.
863 2325 978 2352 Stultum
994 2331 1035 2353 est

250 2371 331 2404 igitur
351 2369 470 2396 studiose
491 2369 656 2402 percontari,
676 2377 738 2395 num
765 2369 916 2396 divinitatis
938 2374 1033 2396 natura

250 2423 299 2440 una
315 2422 376 2441 cum
395 2421 476 2440 carne
497 2414 534 2440 sit
553 2415 663 2445 tradita,
679 2417 726 2441 aut
743 2414 831 2441 vincta
850 2415 963 2442 nexibus
986 2414 1034 2441 Ju-

248 2461 379 2492 darornm,
403 2465 451 2486 aut
471 2461 570 2487 caulem
595 2459 679 2494 ipsam
703 2466 853 2494 perpessa:
871 2460 918 2487 sed
942 2461 1034 2495 pietati

249 2506 339 2539 potius
362 2508 491 2533 convertit
512 2506 648 2541 cogitare,
672 2505 790 2533 Verbum
819 2507 906 2541 ipsum
924 2507 1035 2534 omnino

249 2551 300 2578 sibi
314 2552 421 2585 quidem
448 2557 574 2586 tanquam
599 2552 722 2586 proprias
742 2552 879 2579 vindicare
896 2553 1035 2587 passiones

249 2603 309 2630 qua-
326 2598 400 2623 carni
420 2598 586 2630 acciderunt,
601 2598 648 2624 sed
670 2597 800 2625 mansisse
823 2603 912 2625 tamen
934 2599 1034 2633 impas-

249 2642 326 2669 sibile
343 2647 469 2677 tanquam
488 2645 583 2677 Deum,
603 2649 729 2671 caeterum
750 2644 819 2670 haud
843 2645 901 2671 sine
916 2645 1035 2679 patiente

249 2695 372 2721 corpore.
388 2687 436 2715 llic
453 2697 515 2716 vero
536 2690 617 2717 rebus
644 2695 719 2716 tanta
744 2697 804 2716 cum
832 2690 1033 2724 dispensatione

249 2732 341 2767 gestis,
370 2734 545 2762 absurditatis
578 2736 681 2762 crimen
709 2735 841 2767 inurens,
869 2739 894 2761 et
923 2742 1032 2762 sursum

1084 2237 1123 2267 εἰς
1147 2236 1215 2263 ἰδίαν
1239 2237 1427 2272 ὑπομενούσας
1445 2238 1535 2272 edam.
1560 2237 1621 2274 Ἆρ’
1644 2238 1701 2273 οὖν,
1729 2241 1788 2266 εἰπέ
1813 2249 1871 2275 μοι,

1084 2280 1186 2315 ταύτης
1210 2281 1291 2308 ἕνεκα
1313 2283 1362 2318 τῆς
1387 2283 1474 2314 αἰτίας
1500 2284 1626 2318 ἀμέτοχοι
1651 2285 1704 2310 τῶν
1731 2286 1871 2318 στεφάνων

1084 2326 1138 2353 εἷεν
1163 2326 1205 2359 ἂν,
1222 2327 1262 2354 ὅτι
1287 2328 1323 2363 μὴ
1350 2329 1499 2356 πεπόνθασι
1520 2331 1552 2356 τὰ
1569 2331 1682 2364 σώματα
1698 2330 1752 2366 [Ῑσ.
1775 2330 1870 2365 σῶμα-

1084 2371 1157 2407 τος];
1178 2372 1247 2399 Ἀλλ’
1261 2373 1275 2399 ὃ
1290 2380 1321 2407 γε
1334 2373 1383 2408 τῆς
1395 2374 1522 2408 ἀληθείας
1535 2375 1622 2409 λόγος,
1637 2375 1685 2401 οὐκ
1703 2375 1754 2408 ἐξω
1776 2375 1871 2409 τίθησι

1084 2416 1131 2442 τοῦ
1148 2416 1242 2443 παθεῖν
1267 2417 1364 2448 αὐτούς
1382 2417 1436 2454 [ισ.
1457 2419 1568 2454 αὺτάς]·
1589 2419 1738 2445 πεπόνθασι
1753 2419 1807 2454 γὰρ
1836 2420 1872 2447 τὰ

1085 2461 1185 2494 αὐτῶν,
1208 2462 1255 2488 καὶ
1278 2462 1308 2488 οὺ
1333 2462 1367 2489 τὰ
1391 2463 1491 2498 ἑτέρων
1509 2464 1642 2498 σωμάτων
1660 2463 1713 2499 [ῑσ.
1733 2463 1870 2500 amputa].

1091 2507 1207 2542 ’Δμαθὲς
1218 2505 1263 2534 οὖν
1278 2508 1332 2543 ἄρα
1346 2508 1376 2534 τὸ
1388 2508 1614 2536 διαπυνθάνεσθαι
1630 2510 1727 2543 φιλεῖν,
1743 2510 1767 2535 εί
1782 2517 1872 2544 παρα-

1085 2553 1188 2580 δέδοται
1216 2554 1286 2588 μετὰ
1309 2554 1358 2589 τῆς
1385 2555 1485 2590 σαρκὸς
1510 2556 1527 2590 ὴ
1556 2556 1604 2591 τῆς
1629 2556 1755 2591 θεότητος
1777 2556 1871 2590 φύσις,

1085 2600 1169 2634 ῆγουν
1183 2600 1312 2634 ὲνεσχέθη
1327 2602 1381 2632 τοῖς
1403 2602 1536 2628 Ἰουδαίων
1552 2602 1667 2637 βρόχοις,
1683 2602 1700 2637 ἢ
1717 2602 1764 2629 καὶ
1786 2602 1872 2637 αὐτὴν

1084 2644 1213 2678 ὑπέμεινε
1228 2645 1276 2678 τὴν
1296 2647 1404 2681 σφαγὴν
1417 2655 1423 2660 ·
1451 2647 1560 2678 εὐσεϐὲς
1586 2648 1615 2674 δὲ
1634 2648 1733 2682 μᾶλλον
1758 2649 1870 2678 ἐννοεῖν,

1083 2691 1123 2717 ὅτι
1139 2691 1226 2726 πάντη
1237 2693 1320 2720 τεκαὶ
1337 2695 1445 2725 πέντως
1461 2695 1630 2722 οἰκειώσεται
1646 2696 1696 2730 μὲν
1710 2696 1723 2722 ὁ
1736 2696 1822 2729 Λόγος
1837 2696 1872 2722 τὰ

1083 2738 1116 2771 τῇ
1146 2736 1197 2771 [δίᾳ
1229 2740 1309 2772 σαρκὶ
1338 2739 1528 2775 συμόεσηκότα
1556 2740 1648 2775 πάθη·
1677 2741 1815 2776 μεμένηκε
1843 2740 1872 2768 ἃ

287 2824 306 2839 ¹¹
322 2816 402 2850 Joau.
415 2831 492 2855 nul,
504 2826 562 2851 ‘J—b.
600 2825 623 2840 ⁷¹
640 2825 732 2852 Matth.
750 2833 823 2859 uri,
835 2826 930 2854 55-56.
969 2826 991 2841 "
1009 2825 1034 2852 Pl

1084 2834 1125 2861 pp.
1145 2834 1174 2859 tt,
1192 2827 1248 2853 (5-8.
1287 2828 1308 2843 τι
1323 2829 1342 2856 ll
1363 2828 1481 2856 Timoth.
1502 2838 1535 2862 Iv,
1556 2830 1582 2861 7,
1604 2831 1630 2858 8.
