  <div class='ocr_page' id='page_1' title='image "/cluster/home/n/w/nwhite01/storage/ocr_20150623/76/hvd.32044073501439/124.png"; bbox 0 0 4002 6192; ppageno 0'>
   <div class='ocr_carea' id='block_1_1' title="bbox 207 250 2384 359">
    <p class='ocr_par' dir='ltr' id='par_1_1' title="bbox 207 250 2384 359">
     <span class='ocr_line' id='line_1_1' title="bbox 207 250 2384 359; baseline -0.001 0"><span class='ocrx_word' id='word_1_1' title='bbox 207 304 298 359; x_wconf 70' lang='lat'><strong>233</strong></span> <span class='ocrx_word' id='word_1_2' title='bbox 1171 250 1175 255; x_wconf 17' lang='grc' dir='ltr'><strong>ν</strong></span> <span class='ocrx_word' id='word_1_3' title='bbox 1292 294 1661 357; x_wconf 78' lang='lat' dir='ltr'><strong>ADVERSUS</strong></span> <span class='ocrx_word' id='word_1_4' title='bbox 1698 293 2104 354; x_wconf 77' lang='lat' dir='ltr'><strong>NESTOBIUM</strong></span> <span class='ocrx_word' id='word_1_5' title='bbox 2146 295 2278 351; x_wconf 81' lang='lat' dir='ltr'><strong>LIB.</strong></span> <span class='ocrx_word' id='word_1_6' title='bbox 2316 295 2384 356; x_wconf 74' lang='grc' dir='ltr'><strong>ν.</strong></span> 
     </span>
    </p>
   </div>
   <div class='ocr_carea' id='block_1_2' title="bbox 3375 301 3481 358">
    <p class='ocr_par' dir='ltr' id='par_1_2' title="bbox 3375 301 3481 358">
     <span class='ocr_line' id='line_1_2' title="bbox 3375 301 3481 358; baseline 0.019 -2"><span class='ocrx_word' id='word_1_7' title='bbox 3375 301 3481 358; x_wconf 67' lang='grc'><strong>234</strong></span> 
     </span>
    </p>
   </div>
   <div class='ocr_carea' id='block_1_3' title="bbox 208 407 1787 483">
    <p class='ocr_par' dir='ltr' id='par_1_3' title="bbox 208 407 1787 483">
     <span class='ocr_line' id='line_1_3' title="bbox 208 407 1787 483; baseline -0.004 -14"><span class='ocrx_word' id='word_1_8' title='bbox 208 413 407 483; x_wconf 73' lang='grc' dir='ltr'><strong>ἀπαθὴς</strong></span> <span class='ocrx_word' id='word_1_9' title='bbox 435 411 513 474; x_wconf 82' lang='grc' dir='ltr'><strong>ὡς</strong></span> <span class='ocrx_word' id='word_1_10' title='bbox 559 408 728 478; x_wconf 71' lang='grc' dir='ltr'><strong>Θεδς,</strong></span> <span class='ocrx_word' id='word_1_11' title='bbox 763 410 909 483; x_wconf 75' lang='grc' dir='ltr'><strong>πλὴν</strong></span> <span class='ocrx_word' id='word_1_12' title='bbox 935 411 1036 465; x_wconf 75' lang='grc' dir='ltr'><strong>οὐκ</strong></span> <span class='ocrx_word' id='word_1_13' title='bbox 1076 409 1182 478; x_wconf 75' lang='grc' dir='ltr'><strong>ἔξω</strong></span> <span class='ocrx_word' id='word_1_14' title='bbox 1225 408 1320 463; x_wconf 79' lang='grc' dir='ltr'><strong>τοῦ</strong></span> <span class='ocrx_word' id='word_1_15' title='bbox 1349 409 1648 480; x_wconf 80' lang='grc' dir='ltr'><strong>πάσχοντος</strong></span> <span class='ocrx_word' id='word_1_16' title='bbox 1687 407 1787 462; x_wconf 83' lang='grc' dir='ltr'><strong>σώ-</strong></span> 
     </span>
    </p>
   </div>
   <div class='ocr_carea' id='block_1_4' title="bbox 1891 407 3481 483">
    <p class='ocr_par' dir='ltr' id='par_1_4' title="bbox 1903 408 3481 482">
     <span class='ocr_line' id='line_1_4' title="bbox 1903 408 3481 482; baseline 0.007 -23"><span class='ocrx_word' id='word_1_17' title='bbox 1903 409 2156 482; x_wconf 73' lang='grc' dir='ltr'><strong>ιιεοιειιηι</strong></span> <span class='ocrx_word' id='word_1_18' title='bbox 2189 408 2492 477; x_wconf 88' lang='lat' dir='ltr'><strong>inculcans,</strong></span> <span class='ocrx_word' id='word_1_19' title='bbox 2526 423 2630 464; x_wconf 90' lang='lat' dir='ltr'><strong>non</strong></span> <span class='ocrx_word' id='word_1_20' title='bbox 2665 423 2784 466; x_wconf 90' lang='lat' dir='ltr'><strong>esse</strong></span> <span class='ocrx_word' id='word_1_21' title='bbox 2815 424 2844 464; x_wconf 93' lang='lat' dir='ltr'><strong>a</strong></span> <span class='ocrx_word' id='word_1_22' title='bbox 2867 424 3135 481; x_wconf 85' lang='lat' dir='ltr'><strong>quoquam</strong></span> <span class='ocrx_word' id='word_1_23' title='bbox 3167 411 3481 479; x_wconf 88' lang='lat' dir='ltr'><strong>dicendum.</strong></span> 
     </span>
    </p>
   </div>
   <div class='ocr_carea' id='block_1_5' title="bbox 211 500 1794 578">
    <p class='ocr_par' dir='ltr' id='par_1_5' title="bbox 211 500 1794 578">
     <span class='ocr_line' id='line_1_5' title="bbox 211 500 1794 578; baseline -0.002 -21"><span class='ocrx_word' id='word_1_24' title='bbox 211 522 381 578; x_wconf 81' lang='grc' dir='ltr'><strong>ματος.</strong></span> <span class='ocrx_word' id='word_1_25' title='bbox 415 503 593 566; x_wconf 76' lang='grc' dir='ltr'><strong>Αὐτὸς</strong></span> <span class='ocrx_word' id='word_1_26' title='bbox 621 503 686 556; x_wconf 75' lang='grc' dir='ltr'><strong>δὲ</strong></span> <span class='ocrx_word' id='word_1_27' title='bbox 716 503 795 558; x_wconf 75' lang='grc' dir='ltr'><strong>τὰ</strong></span> <span class='ocrx_word' id='word_1_28' title='bbox 821 503 997 567; x_wconf 73' lang='grc' dir='ltr'><strong>οὕτως</strong></span> <span class='ocrx_word' id='word_1_29' title='bbox 1023 500 1382 573; x_wconf 79' lang='grc' dir='ltr'><strong>οἰκονομικῶς</strong></span> <span class='ocrx_word' id='word_1_30' title='bbox 1429 500 1794 571; x_wconf 81' lang='grc' dir='ltr'><strong>πεπραγμένα</strong></span> 
     </span>
    </p>
   </div>
   <div class='ocr_carea' id='block_1_6' title="bbox 209 589 1798 664">
    <p class='ocr_par' dir='ltr' id='par_1_6' title="bbox 209 589 1798 664">
     <span class='ocr_line' id='line_1_6' title="bbox 209 589 1798 664; baseline -0.003 -16"><span class='ocrx_word' id='word_1_31' title='bbox 209 600 308 658; x_wconf 80' lang='grc' dir='ltr'><strong>τοῖς</strong></span> <span class='ocrx_word' id='word_1_32' title='bbox 354 595 450 664; x_wconf 81' lang='grc' dir='ltr'><strong>τῆς</strong></span> <span class='ocrx_word' id='word_1_33' title='bbox 500 592 754 658; x_wconf 76' lang='grc' dir='ltr'><strong>ἀτοπίας</strong></span> <span class='ocrx_word' id='word_1_34' title='bbox 812 594 1156 664; x_wconf 76' lang='grc' dir='ltr'><strong>ἐγκλήμασιν</strong></span> <span class='ocrx_word' id='word_1_35' title='bbox 1202 592 1384 655; x_wconf 74' lang='grc' dir='ltr'><strong>ἐνιεὶς,</strong></span> <span class='ocrx_word' id='word_1_36' title='bbox 1435 589 1550 644; x_wconf 73' lang='grc' dir='ltr'><strong>ἄνω</strong></span> <span class='ocrx_word' id='word_1_37' title='bbox 1591 607 1651 644; x_wconf 88' lang='grc' dir='ltr'><strong>τε</strong></span> <span class='ocrx_word' id='word_1_38' title='bbox 1703 592 1798 644; x_wconf 79' lang='grc' dir='ltr'><strong>καὶ</strong></span> 
     </span>
    </p>
   </div>
   <div class='ocr_carea' id='block_1_7' title="bbox 211 681 1799 757">
    <p class='ocr_par' dir='ltr' id='par_1_7' title="bbox 211 681 1799 757">
     <span class='ocr_line' id='line_1_7' title="bbox 211 681 1799 757; baseline -0.004 -17"><span class='ocrx_word' id='word_1_39' title='bbox 211 688 346 740; x_wconf 68' lang='grc' dir='ltr'><strong>κάτω</strong></span> <span class='ocrx_word' id='word_1_40' title='bbox 379 684 581 751; x_wconf 76' lang='grc' dir='ltr'><strong>λέγων,</strong></span> <span class='ocrx_word' id='word_1_41' title='bbox 619 684 705 757; x_wconf 72' lang='grc' dir='ltr'><strong>μὴ</strong></span> <span class='ocrx_word' id='word_1_42' title='bbox 748 683 818 756; x_wconf 80' lang='grc' dir='ltr'><strong>δὴ</strong></span> <span class='ocrx_word' id='word_1_43' title='bbox 850 685 1052 756; x_wconf 83' lang='grc' dir='ltr'><strong>χρῆναι</strong></span> <span class='ocrx_word' id='word_1_44' title='bbox 1084 683 1219 753; x_wconf 81' lang='grc' dir='ltr'><strong>πρός</strong></span> <span class='ocrx_word' id='word_1_45' title='bbox 1243 699 1386 746; x_wconf 85' lang='grc' dir='ltr'><strong>τινος</strong></span> <span class='ocrx_word' id='word_1_46' title='bbox 1414 683 1514 752; x_wconf 74' lang='grc' dir='ltr'><strong>τὴν</strong></span> <span class='ocrx_word' id='word_1_47' title='bbox 1542 682 1641 753; x_wconf 73' lang='grc' dir='ltr'><strong>τῆς</strong></span> <span class='ocrx_word' id='word_1_48' title='bbox 1667 681 1799 734; x_wconf 86' lang='grc' dir='ltr'><strong>Θεό-</strong></span> 
     </span>
    </p>
   </div>
   <div class='ocr_carea' id='block_1_8' title="bbox 211 773 1803 848">
    <p class='ocr_par' dir='ltr' id='par_1_8' title="bbox 211 773 1803 848">
     <span class='ocr_line' id='line_1_8' title="bbox 211 773 1803 848; baseline -0.003 -19"><span class='ocrx_word' id='word_1_49' title='bbox 211 794 353 848; x_wconf 71' lang='grc' dir='ltr'><strong>τητες</strong></span> <span class='ocrx_word' id='word_1_50' title='bbox 383 773 544 844; x_wconf 78' lang='grc' dir='ltr'><strong>φύσιν</strong></span> <span class='ocrx_word' id='word_1_51' title='bbox 582 774 897 846; x_wconf 78' lang='grc' dir='ltr'><strong>ὑπομεῖναι</strong></span> <span class='ocrx_word' id='word_1_52' title='bbox 926 775 1183 844; x_wconf 83' lang='grc' dir='ltr'><strong>λέγεσθαι</strong></span> <span class='ocrx_word' id='word_1_53' title='bbox 1221 773 1318 845; x_wconf 78' lang='grc' dir='ltr'><strong>τὴν</strong></span> <span class='ocrx_word' id='word_1_54' title='bbox 1364 773 1596 844; x_wconf 80' lang='grc' dir='ltr'><strong>σφαγὴν,</strong></span> <span class='ocrx_word' id='word_1_55' title='bbox 1646 789 1803 843; x_wconf 66' lang='grc' dir='ltr'><strong>περι-</strong></span> 
     </span>
    </p>
   </div>
   <div class='ocr_carea' id='block_1_9' title="bbox 216 864 1795 938">
    <p class='ocr_par' dir='ltr' id='par_1_9' title="bbox 216 864 1795 938">
     <span class='ocr_line' id='line_1_9' title="bbox 216 864 1795 938; baseline -0.001 -19"><span class='ocrx_word' id='word_1_56' title='bbox 216 869 406 938; x_wconf 83' lang='grc' dir='ltr'><strong>ἰστησιν</strong></span> <span class='ocrx_word' id='word_1_57' title='bbox 454 866 698 930; x_wconf 78' lang='grc' dir='ltr'><strong>ἀνοσίως</strong></span> <span class='ocrx_word' id='word_1_58' title='bbox 738 868 828 930; x_wconf 88' lang='grc' dir='ltr'><strong>εἰς</strong></span> <span class='ocrx_word' id='word_1_59' title='bbox 876 867 1165 938; x_wconf 81' lang='grc' dir='ltr'><strong>ἄνθρωπον</strong></span> <span class='ocrx_word' id='word_1_60' title='bbox 1218 864 1400 929; x_wconf 87' lang='grc' dir='ltr'><strong>ἰδικῶς</strong></span> <span class='ocrx_word' id='word_1_61' title='bbox 1446 865 1540 918; x_wconf 78' lang='grc' dir='ltr'><strong>τοῦ</strong></span> <span class='ocrx_word' id='word_1_62' title='bbox 1595 881 1795 936; x_wconf 67' lang='grc' dir='ltr'><strong>μυστηυ</strong></span> 
     </span>
    </p>
   </div>
   <div class='ocr_carea' id='block_1_10' title="bbox 217 951 1814 1033">
    <p class='ocr_par' dir='ltr' id='par_1_10' title="bbox 217 951 1814 1033">
     <span class='ocr_line' id='line_1_10' title="bbox 217 951 1814 1033; baseline -0.003 -23"><span class='ocrx_word' id='word_1_63' title='bbox 217 959 318 1033; x_wconf 74' lang='grc' dir='ltr'><strong>ρίου</strong></span> <span class='ocrx_word' id='word_1_64' title='bbox 348 955 441 1027; x_wconf 77' lang='grc' dir='ltr'><strong>τὴν</strong></span> <span class='ocrx_word' id='word_1_65' title='bbox 483 955 732 1026; x_wconf 67' lang='grc' dir='ltr'><strong>δύναμιν</strong></span> <span class='ocrx_word' id='word_1_66' title='bbox 753 972 768 986; x_wconf 87' lang='grc'><strong>·</strong></span> <span class='ocrx_word' id='word_1_67' title='bbox 803 957 903 1010; x_wconf 82' lang='grc' dir='ltr'><strong>καὶ</strong></span> <span class='ocrx_word' id='word_1_68' title='bbox 927 956 1089 1010; x_wconf 76' lang='grc' dir='ltr'><strong>αὐτὸν</strong></span> <span class='ocrx_word' id='word_1_69' title='bbox 1123 951 1264 1009; x_wconf 76' lang='grc' dir='ltr'><strong>εἶναί</strong></span> <span class='ocrx_word' id='word_1_70' title='bbox 1310 972 1443 1028; x_wconf 81' lang='grc' dir='ltr'><strong>φησι</strong></span> <span class='ocrx_word' id='word_1_71' title='bbox 1471 954 1563 1008; x_wconf 82' lang='grc' dir='ltr'><strong>τὸν</strong></span> <span class='ocrx_word' id='word_1_72' title='bbox 1605 956 1814 1008; x_wconf 37' lang='grc' dir='ltr'><strong>ἐσταυ-γ</strong></span> 
     </span>
    </p>
   </div>
   <div class='ocr_carea' id='block_1_11' title="bbox 1907 501 3481 575">
    <p class='ocr_par' dir='ltr' id='par_1_11' title="bbox 1907 501 3481 575">
     <span class='ocr_line' id='line_1_11' title="bbox 1907 501 3481 575; baseline 0.004 -19"><span class='ocrx_word' id='word_1_73' title='bbox 1907 501 2208 556; x_wconf 87' lang='lat' dir='ltr'><strong>divinitatis</strong></span> <span class='ocrx_word' id='word_1_74' title='bbox 2263 508 2515 556; x_wconf 87' lang='lat' dir='ltr'><strong>naturam</strong></span> <span class='ocrx_word' id='word_1_75' title='bbox 2561 515 2684 557; x_wconf 90' lang='lat' dir='ltr'><strong>esse</strong></span> <span class='ocrx_word' id='word_1_76' title='bbox 2732 505 2933 560; x_wconf 67' lang='lat' dir='ltr'><strong>caedem</strong></span> <span class='ocrx_word' id='word_1_77' title='bbox 2980 518 3315 575; x_wconf 81' lang='lat' dir='ltr'><strong>perpessam,</strong></span> <span class='ocrx_word' id='word_1_78' title='bbox 3372 507 3481 562; x_wconf 85' lang='lat' dir='ltr'><strong>vim</strong></span> 
     </span>
    </p>
   </div>
   <div class='ocr_carea' id='block_1_12' title="bbox 1904 591 3511 669">
    <p class='ocr_par' dir='ltr' id='par_1_12' title="bbox 1904 591 3511 669">
     <span class='ocr_line' id='line_1_12' title="bbox 1904 591 3511 669; baseline 0.004 -23"><span class='ocrx_word' id='word_1_79' title='bbox 1904 591 2038 646; x_wconf 90' lang='lat' dir='ltr'><strong>tanti</strong></span> <span class='ocrx_word' id='word_1_80' title='bbox 2088 591 2332 663; x_wconf 85' lang='lat' dir='ltr'><strong>mysterii</strong></span> <span class='ocrx_word' id='word_1_81' title='bbox 2395 592 2448 648; x_wconf 94' lang='lat' dir='ltr'><strong>in</strong></span> <span class='ocrx_word' id='word_1_82' title='bbox 2509 591 2782 648; x_wconf 85' lang='lat' dir='ltr'><strong>hominem</strong></span> <span class='ocrx_word' id='word_1_83' title='bbox 2856 595 3081 651; x_wconf 88' lang='lat' dir='ltr'><strong>seorsim</strong></span> <span class='ocrx_word' id='word_1_84' title='bbox 3144 610 3209 652; x_wconf 92' lang='lat' dir='ltr'><strong>ac</strong></span> <span class='ocrx_word' id='word_1_85' title='bbox 3265 600 3511 669; x_wconf 77' lang='lat' dir='ltr'><strong>proprie&#39;</strong></span> 
     </span>
    </p>
   </div>
   <div class='ocr_carea' id='block_1_13' title="bbox 1901 684 3482 760">
    <p class='ocr_par' dir='ltr' id='par_1_13' title="bbox 1901 684 3482 760">
     <span class='ocr_line' id='line_1_13' title="bbox 1901 684 3482 760; baseline 0.004 -22"><span class='ocrx_word' id='word_1_86' title='bbox 1901 699 2110 739; x_wconf 90' lang='lat' dir='ltr'><strong>summa</strong></span> <span class='ocrx_word' id='word_1_87' title='bbox 2143 699 2264 739; x_wconf 92' lang='lat' dir='ltr'><strong>cum</strong></span> <span class='ocrx_word' id='word_1_88' title='bbox 2299 684 2580 756; x_wconf 91' lang='lat' dir='ltr'><strong>impietate</strong></span> <span class='ocrx_word' id='word_1_89' title='bbox 2622 685 2851 758; x_wconf 74' lang='lat' dir='ltr'><strong>redigit,</strong></span> <span class='ocrx_word' id='word_1_90' title='bbox 2884 687 3169 760; x_wconf 86' lang='lat' dir='ltr'><strong>ipsumque</strong></span> <span class='ocrx_word' id='word_1_91' title='bbox 3195 689 3328 745; x_wconf 85' lang='lat' dir='ltr'><strong>dicit</strong></span> <span class='ocrx_word' id='word_1_92' title='bbox 3359 704 3482 746; x_wconf 88' lang='lat' dir='ltr'><strong>esse</strong></span> 
     </span>
    </p>
   </div>
   <div class='ocr_carea' id='block_1_14' title="bbox 1901 773 3478 850">
    <p class='ocr_par' dir='ltr' id='par_1_14' title="bbox 1901 773 3478 850">
     <span class='ocr_line' id='line_1_14' title="bbox 1901 773 3478 850; baseline 0.004 -24"><span class='ocrx_word' id='word_1_93' title='bbox 1901 773 2242 842; x_wconf 68' lang='lat' dir='ltr'><strong>crucifixum,</strong></span> <span class='ocrx_word' id='word_1_94' title='bbox 2275 785 2329 830; x_wconf 90' lang='lat' dir='ltr'><strong>et</strong></span> <span class='ocrx_word' id='word_1_95' title='bbox 2350 775 2440 846; x_wconf 89' lang='lat' dir='ltr'><strong>qui</strong></span> <span class='ocrx_word' id='word_1_96' title='bbox 2473 783 2704 832; x_wconf 89' lang='lat' dir='ltr'><strong>mortem</strong></span> <span class='ocrx_word' id='word_1_97' title='bbox 2728 791 2827 848; x_wconf 90' lang='lat' dir='ltr'><strong>pro</strong></span> <span class='ocrx_word' id='word_1_98' title='bbox 2856 778 3042 832; x_wconf 87' lang='lat' dir='ltr'><strong>mundi</strong></span> <span class='ocrx_word' id='word_1_99' title='bbox 3095 779 3197 832; x_wconf 80' lang='lat' dir='ltr'><strong>vita</strong></span> <span class='ocrx_word' id='word_1_100' title='bbox 3243 777 3478 850; x_wconf 86' lang='lat' dir='ltr'><strong>pertule-</strong></span> 
     </span>
    </p>
   </div>
   <div class='ocr_carea' id='block_1_15' title="bbox 1904 865 3479 940">
    <p class='ocr_par' dir='ltr' id='par_1_15' title="bbox 1904 865 3479 940">
     <span class='ocr_line' id='line_1_15' title="bbox 1904 865 3479 940; baseline 0.004 -22"><span class='ocrx_word' id='word_1_101' title='bbox 1904 865 1994 920; x_wconf 87' lang='lat' dir='ltr'><strong>rit.</strong></span> <span class='ocrx_word' id='word_1_102' title='bbox 2023 867 2202 922; x_wconf 81' lang='lat' dir='ltr'><strong>Audio</strong></span> <span class='ocrx_word' id='word_1_103' title='bbox 2234 876 2470 939; x_wconf 83' lang='lat' dir='ltr'><strong>namque</strong></span> <span class='ocrx_word' id='word_1_104' title='bbox 2503 867 2652 924; x_wconf 90' lang='lat' dir='ltr'><strong>illum</strong></span> <span class='ocrx_word' id='word_1_105' title='bbox 2692 883 2881 925; x_wconf 82' lang='lat' dir='ltr'><strong>rursus</strong></span> <span class='ocrx_word' id='word_1_106' title='bbox 2911 869 2966 925; x_wconf 91' lang='lat' dir='ltr'><strong>in</strong></span> <span class='ocrx_word' id='word_1_107' title='bbox 3001 868 3106 925; x_wconf 86' lang='lat' dir='ltr'><strong>alia</strong></span> <span class='ocrx_word' id='word_1_108' title='bbox 3140 869 3479 940; x_wconf 74' lang='lat' dir='ltr'><strong>expositione</strong></span> 
     </span>
    </p>
   </div>
   <div class='ocr_carea' id='block_1_16' title="bbox 1900 955 3414 1014">
    <p class='ocr_par' dir='ltr' id='par_1_16' title="bbox 1900 955 3414 1014">
     <span class='ocr_line' id='line_1_16' title="bbox 1900 955 3414 1014; baseline 0.02 -4"><span class='ocrx_word' id='word_1_109' title='bbox 1900 955 2082 1013; x_wconf 87' lang='lat' dir='ltr'><strong>dicere</strong></span> <span class='ocrx_word' id='word_1_110' title='bbox 2106 976 2122 1014; x_wconf 86' lang='lat'><strong>:</strong></span> <span class='ocrx_word' id='word_1_111' title='bbox 3411 996 3414 998; x_wconf 72' lang='lat'><em>‘</em></span> 
     </span>
    </p>
   </div>
   <div class='ocr_carea' id='block_1_17' title="bbox 219 1049 3479 1160">
    <p class='ocr_par' dir='ltr' id='par_1_17' title="bbox 219 1049 3479 1160">
     <span class='ocr_line' id='line_1_17' title="bbox 219 1049 3479 1160; baseline 0.002 -55"><span class='ocrx_word' id='word_1_112' title='bbox 219 1052 460 1124; x_wconf 73' lang='grc' dir='ltr'><strong>ρωμένον,</strong></span> <span class='ocrx_word' id='word_1_113' title='bbox 487 1053 585 1106; x_wconf 77' lang='grc' dir='ltr'><strong>καὶ</strong></span> <span class='ocrx_word' id='word_1_114' title='bbox 617 1052 718 1160; x_wconf 51' lang='grc' dir='ltr'><strong>τὸν</strong></span> <span class='ocrx_word' id='word_1_115' title='bbox 757 1051 902 1124; x_wconf 83' lang='grc' dir='ltr'><strong>ὑπὲρ</strong></span> <span class='ocrx_word' id='word_1_116' title='bbox 925 1052 1027 1124; x_wconf 82' lang='grc' dir='ltr'><strong>τῆς</strong></span> <span class='ocrx_word' id='word_1_117' title='bbox 1067 1051 1161 1106; x_wconf 78' lang='grc' dir='ltr'><strong>τοῦ</strong></span> <span class='ocrx_word' id='word_1_118' title='bbox 1192 1052 1400 1124; x_wconf 80' lang='grc' dir='ltr'><strong>κόσμου</strong></span> <span class='ocrx_word' id='word_1_119' title='bbox 1436 1052 1584 1123; x_wconf 80' lang='grc' dir='ltr'><strong>ζωῆς</strong></span> <span class='ocrx_word' id='word_1_120' title='bbox 1613 1049 1918 1105; x_wconf 82' lang='grc' dir='ltr'><strong>ἀνατλάντα</strong></span> <span class='ocrx_word' id='word_1_121' title='bbox 1947 1050 2194 1110; x_wconf 85' lang='grc' dir='ltr'><strong>θάνατον.</strong></span> <span class='ocrx_word' id='word_1_122' title='bbox 2241 1055 2449 1110; x_wconf 81' lang='grc' dir='ltr'><strong>Ἀκούω</strong></span> <span class='ocrx_word' id='word_1_123' title='bbox 2484 1055 2592 1129; x_wconf 83' lang='grc' dir='ltr'><strong>γὰρ</strong></span> <span class='ocrx_word' id='word_1_124' title='bbox 2629 1054 2900 1126; x_wconf 78' lang='grc' dir='ltr'><strong>λέγοντος,</strong></span> <span class='ocrx_word' id='word_1_125' title='bbox 2937 1055 2995 1109; x_wconf 84' lang='grc' dir='ltr'><strong>ἐν</strong></span> <span class='ocrx_word' id='word_1_126' title='bbox 3021 1054 3280 1128; x_wconf 76' lang='grc' dir='ltr'><strong>ἐξηγήσει</strong></span> <span class='ocrx_word' id='word_1_127' title='bbox 3317 1053 3479 1110; x_wconf 85' lang='grc' dir='ltr'><strong>πάλιν</strong></span> 
     </span>
    </p>
   </div>
   <div class='ocr_carea' id='block_1_18' title="bbox 221 1149 396 1201">
    <p class='ocr_par' dir='ltr' id='par_1_18' title="bbox 221 1149 396 1201">
     <span class='ocr_line' id='line_1_18' title="bbox 221 1149 396 1201; baseline 0.006 -1"><span class='ocrx_word' id='word_1_128' title='bbox 221 1149 369 1201; x_wconf 64' lang='lat' dir='ltr'><strong>him.</strong></span> <span class='ocrx_word' id='word_1_129' title='bbox 383 1164 396 1178; x_wconf 82' lang='lat'><strong>&#39;</strong></span> 
     </span>
    </p>
   </div>
   <div class='ocr_carea' id='block_1_19' title="bbox 282 1165 1794 1314">
    <p class='ocr_par' dir='ltr' id='par_1_19' title="bbox 282 1165 1794 1314">
     <span class='ocr_line' id='line_1_19' title="bbox 282 1165 396 1201; baseline -0.009 0"><span class='ocrx_word' id='word_1_130' title='bbox 282 1165 334 1201; x_wconf 71' lang='grc' dir='ltr'><strong>ιι</strong></span> <span class='ocrx_word' id='word_1_131' title='bbox 383 1165 396 1178; x_wconf 92' lang='grc'>·</span> 
     </span>
     <span class='ocr_line' id='line_1_20' title="bbox 282 1165 1794 1314; baseline -0.001 -18"><span class='ocrx_word' id='word_1_132' title='bbox 282 1165 461 1314; x_wconf 48' lang='lat' dir='ltr'><strong>Igne;</strong></span> <span class='ocrx_word' id='word_1_133' title='bbox 519 1243 550 1295; x_wconf 91' lang='lat'><strong>6</strong></span> <span class='ocrx_word' id='word_1_134' title='bbox 594 1241 694 1296; x_wconf 77' lang='grc' dir='ltr'><strong>τὸν</strong></span> <span class='ocrx_word' id='word_1_135' title='bbox 747 1239 1044 1296; x_wconf 82' lang='grc' dir='ltr'><strong>ἀκάνθινον</strong></span> <span class='ocrx_word' id='word_1_136' title='bbox 1088 1241 1446 1314; x_wconf 78' lang='grc' dir='ltr'><strong>περιθέμενος</strong></span> <span class='ocrx_word' id='word_1_137' title='bbox 1493 1241 1794 1312; x_wconf 77' lang='grc' dir='ltr'><strong>στέφανον·</strong></span> 
     </span>
    </p>
   </div>
   <div class='ocr_carea' id='block_1_20' title="bbox 227 1328 1799 1406">
    <p class='ocr_par' dir='ltr' id='par_1_20' title="bbox 227 1328 1799 1406">
     <span class='ocr_line' id='line_1_21' title="bbox 227 1328 1799 1406; baseline -0.001 -16"><span class='ocrx_word' id='word_1_138' title='bbox 227 1328 648 1405; x_wconf 62' lang='grc' dir='ltr'><strong>οἰῖηοςὸλέγωνι</strong></span> <span class='ocrx_word' id='word_1_139' title='bbox 696 1353 716 1386; x_wconf 81' lang='lat'><strong>¢</strong></span> <span class='ocrx_word' id='word_1_140' title='bbox 755 1333 1030 1404; x_wconf 78' lang='grc' dir='ltr'><strong>Θεέ“μου,</strong></span> <span class='ocrx_word' id='word_1_141' title='bbox 1055 1333 1156 1387; x_wconf 81' lang='grc' dir='ltr'><strong>Θεέ</strong></span> <span class='ocrx_word' id='word_1_142' title='bbox 1191 1351 1316 1406; x_wconf 83' lang='grc' dir='ltr'><strong>μου,</strong></span> <span class='ocrx_word' id='word_1_143' title='bbox 1363 1334 1451 1388; x_wconf 80' lang='grc' dir='ltr'><strong>ἵνα</strong></span> <span class='ocrx_word' id='word_1_144' title='bbox 1496 1333 1547 1388; x_wconf 88' lang='grc' dir='ltr'><strong>τί</strong></span> <span class='ocrx_word' id='word_1_145' title='bbox 1592 1351 1660 1406; x_wconf 87' lang='grc' dir='ltr'><strong>με</strong></span> <span class='ocrx_word' id='word_1_146' title='bbox 1703 1334 1799 1403; x_wconf 78' lang='grc' dir='ltr'><strong>ἐγο</strong></span> 
     </span>
    </p>
   </div>
   <div class='ocr_carea' id='block_1_21' title="bbox 230 1421 1799 1498">
    <p class='ocr_par' dir='ltr' id='par_1_21' title="bbox 230 1421 1799 1498">
     <span class='ocr_line' id='line_1_22' title="bbox 230 1421 1799 1498; baseline 0.002 -21"><span class='ocrx_word' id='word_1_147' title='bbox 230 1426 522 1495; x_wconf 76' lang='grc' dir='ltr'><strong>κατέλιπεςς</strong></span> <span class='ocrx_word' id='word_1_148' title='bbox 581 1443 603 1480; x_wconf 75' lang='grc' dir='ltr'><strong>ι</strong></span> <span class='ocrx_word' id='word_1_149' title='bbox 669 1421 834 1489; x_wconf 76' lang='grc' dir='ltr'><strong>οὗτος</strong></span> <span class='ocrx_word' id='word_1_150' title='bbox 895 1427 925 1480; x_wconf 90' lang='lat'><strong>6</strong></span> <span class='ocrx_word' id='word_1_151' title='bbox 979 1426 1281 1498; x_wconf 70' lang='grc' dir='ltr'><strong>τριήμερον</strong></span> <span class='ocrx_word' id='word_1_152' title='bbox 1353 1424 1612 1498; x_wconf 75' lang='grc' dir='ltr'><strong>τελευτὴν</strong></span> <span class='ocrx_word' id='word_1_153' title='bbox 1666 1427 1799 1481; x_wconf 77' lang='grc' dir='ltr'><strong>ὑπο-</strong></span> 
     </span>
    </p>
   </div>
   <div class='ocr_carea' id='block_1_22' title="bbox 233 1516 1052 1592">
    <p class='ocr_par' dir='ltr' id='par_1_22' title="bbox 233 1516 1052 1592">
     <span class='ocr_line' id='line_1_23' title="bbox 233 1516 1052 1592; baseline 0.005 -1"><span class='ocrx_word' id='word_1_154' title='bbox 233 1516 440 1592; x_wconf 67' lang='grc' dir='ltr'><strong>μείναςοι</strong></span> <span class='ocrx_word' id='word_1_155' title='bbox 1037 1537 1052 1546; x_wconf 69' lang='lat'>‘</span> 
     </span>
    </p>
   </div>
   <div class='ocr_carea' id='block_1_23' title="bbox 810 1652 1191 1709">
    <p class='ocr_par' dir='ltr' id='par_1_23' title="bbox 810 1652 1191 1709">
     <span class='ocr_line' id='line_1_24' title="bbox 810 1652 1191 1709; baseline 0.008 -3"><span class='ocrx_word' id='word_1_156' title='bbox 810 1652 1063 1708; x_wconf 74' lang='grc' dir='ltr'><strong>ΚΕΦΑΛ.</strong></span> <span class='ocrx_word' id='word_1_157' title='bbox 1114 1652 1191 1709; x_wconf 66' lang='grc' dir='ltr'><strong>Β.</strong></span> 
     </span>
    </p>
   </div>
   <div class='ocr_carea' id='block_1_24' title="bbox 1969 1236 3475 1313">
    <p class='ocr_par' dir='ltr' id='par_1_24' title="bbox 1969 1236 3475 1313">
     <span class='ocr_line' id='line_1_25' title="bbox 1969 1236 3475 1313; baseline -0.001 -20"><span class='ocrx_word' id='word_1_158' title='bbox 1969 1236 2209 1297; x_wconf 78' lang='grc' dir='ltr'><strong>Νεετοιι.</strong></span> <span class='ocrx_word' id='word_1_159' title='bbox 2237 1237 2362 1313; x_wconf 83' lang='lat' dir='ltr'><strong>[Hic</strong></span> <span class='ocrx_word' id='word_1_160' title='bbox 2391 1239 2480 1296; x_wconf 91' lang='lat' dir='ltr'><strong>ille</strong></span> <span class='ocrx_word' id='word_1_161' title='bbox 2497 1281 2513 1308; x_wconf 92' lang='lat'><strong>,</strong></span> <span class='ocrx_word' id='word_1_162' title='bbox 2539 1239 2625 1296; x_wconf 92' lang='lat' dir='ltr'><strong>cui</strong></span> <span class='ocrx_word' id='word_1_163' title='bbox 2654 1239 2841 1312; x_wconf 84' lang='lat' dir='ltr'><strong>spinea</strong></span> <span class='ocrx_word' id='word_1_164' title='bbox 2867 1254 3068 1296; x_wconf 83' lang='lat' dir='ltr'><strong>corona</strong></span> <span class='ocrx_word' id='word_1_165' title='bbox 3096 1237 3475 1310; x_wconf 82' lang='lat' dir='ltr'><strong>circumposita</strong></span> 
     </span>
    </p>
   </div>
   <div class='ocr_carea' id='block_1_25' title="bbox 1898 1330 3475 1402">
    <p class='ocr_par' dir='ltr' id='par_1_25' title="bbox 1898 1330 3475 1402">
     <span class='ocr_line' id='line_1_26' title="bbox 1898 1330 3475 1402; baseline -0.002 -16"><span class='ocrx_word' id='word_1_166' title='bbox 1898 1330 2023 1397; x_wconf 75' lang='lat' dir='ltr'><strong>fuit,</strong></span> <span class='ocrx_word' id='word_1_167' title='bbox 2058 1331 2146 1388; x_wconf 90' lang='lat' dir='ltr'><strong>hic</strong></span> <span class='ocrx_word' id='word_1_168' title='bbox 2176 1330 2265 1387; x_wconf 90' lang='lat' dir='ltr'><strong>ille</strong></span> <span class='ocrx_word' id='word_1_169' title='bbox 2305 1332 2395 1402; x_wconf 92' lang='lat' dir='ltr'><strong>qui</strong></span> <span class='ocrx_word' id='word_1_170' title='bbox 2443 1331 2618 1388; x_wconf 78' lang='lat' dir='ltr'><strong>dixit:</strong></span> <span class='ocrx_word' id='word_1_171' title='bbox 2658 1349 2678 1384; x_wconf 75' lang='grc' dir='ltr'><strong>ε</strong></span> <span class='ocrx_word' id='word_1_172' title='bbox 2727 1332 2868 1390; x_wconf 86' lang='lat' dir='ltr'><strong>Deus</strong></span> <span class='ocrx_word' id='word_1_173' title='bbox 2904 1345 3093 1396; x_wconf 90' lang='lat' dir='ltr'><strong>meus,</strong></span> <span class='ocrx_word' id='word_1_174' title='bbox 3125 1330 3268 1386; x_wconf 87' lang='lat' dir='ltr'><strong>Deus</strong></span> <span class='ocrx_word' id='word_1_175' title='bbox 3302 1345 3475 1394; x_wconf 91' lang='lat' dir='ltr'><strong>meus,</strong></span> 
     </span>
    </p>
   </div>
   <div class='ocr_carea' id='block_1_26' title="bbox 1901 1421 3480 1498">
    <p class='ocr_par' dir='ltr' id='par_1_26' title="bbox 1901 1421 3480 1498">
     <span class='ocr_line' id='line_1_27' title="bbox 1901 1421 3480 1498; baseline 0 -21"><span class='ocrx_word' id='word_1_176' title='bbox 1901 1431 1963 1477; x_wconf 88' lang='lat' dir='ltr'><strong>ut</strong></span> <span class='ocrx_word' id='word_1_177' title='bbox 1997 1423 2123 1493; x_wconf 89' lang='lat' dir='ltr'><strong>quid</strong></span> <span class='ocrx_word' id='word_1_178' title='bbox 2151 1438 2238 1479; x_wconf 87' lang='lat' dir='ltr'><strong>me</strong></span> <span class='ocrx_word' id='word_1_179' title='bbox 2265 1423 2738 1498; x_wconf 68' lang='lat' dir='ltr'><strong>dereliqu_isti?&quot;i</strong></span> <span class='ocrx_word' id='word_1_180' title='bbox 2773 1424 2863 1481; x_wconf 81' lang='lat' dir='ltr'><strong>hic</strong></span> <span class='ocrx_word' id='word_1_181' title='bbox 2891 1423 2982 1480; x_wconf 88' lang='lat' dir='ltr'><strong>ille</strong></span> <span class='ocrx_word' id='word_1_182' title='bbox 2999 1424 3094 1496; x_wconf 89' lang='lat' dir='ltr'><strong>qui</strong></span> <span class='ocrx_word' id='word_1_183' title='bbox 3126 1429 3354 1480; x_wconf 89' lang='lat' dir='ltr'><strong>mortem</strong></span> <span class='ocrx_word' id='word_1_184' title='bbox 3383 1421 3480 1478; x_wconf 86' lang='lat' dir='ltr'><strong>tri-</strong></span> 
     </span>
    </p>
   </div>
   <div class='ocr_carea' id='block_1_27' title="bbox 1902 1512 2468 1586">
    <p class='ocr_par' dir='ltr' id='par_1_27' title="bbox 1902 1512 2468 1586">
     <span class='ocr_line' id='line_1_28' title="bbox 1902 1512 2468 1586; baseline -0.004 -16"><span class='ocrx_word' id='word_1_185' title='bbox 1902 1518 2140 1571; x_wconf 89' lang='lat' dir='ltr'><strong>duanam</strong></span> <span class='ocrx_word' id='word_1_186' title='bbox 2166 1512 2468 1586; x_wconf 78' lang='lat' dir='ltr'><strong>sustinuit.]</strong></span> 
     </span>
    </p>
   </div>
   <div class='ocr_carea' id='block_1_28' title="bbox 2432 1608 2824 1707">
    <p class='ocr_par' dir='ltr' id='par_1_28' title="bbox 2432 1608 2824 1707">
     <span class='ocr_line' id='line_1_29' title="bbox 2432 1608 2824 1707; baseline 0.028 -11"><span class='ocrx_word' id='word_1_187' title='bbox 2432 1687 2442 1696; x_wconf 85' lang='lat'><strong>.</strong></span> <span class='ocrx_word' id='word_1_188' title='bbox 2554 1646 2710 1705; x_wconf 83' lang='lat' dir='ltr'><strong>CAP.</strong></span> <span class='ocrx_word' id='word_1_189' title='bbox 2755 1608 2824 1707; x_wconf 73' lang='lat' dir='ltr'><strong>v.</strong></span> 
     </span>
    </p>
   </div>
   <div class='ocr_carea' id='block_1_29' title="bbox 309 1775 1787 1863">
    <p class='ocr_par' dir='ltr' id='par_1_29' title="bbox 309 1780 1787 1862">
     <span class='ocr_line' id='line_1_30' title="bbox 309 1780 1787 1862; baseline 0.007 -25"><span class='ocrx_word' id='word_1_190' title='bbox 309 1782 590 1860; x_wconf 75' lang='grc' dir='ltr'><strong>Ἐπόμενος</strong></span> <span class='ocrx_word' id='word_1_191' title='bbox 649 1783 748 1856; x_wconf 74' lang='grc' dir='ltr'><strong>μὲν</strong></span> <span class='ocrx_word' id='word_1_192' title='bbox 801 1780 896 1840; x_wconf 73' lang='grc' dir='ltr'><strong>οὖν</strong></span> <span class='ocrx_word' id='word_1_193' title='bbox 947 1785 1111 1850; x_wconf 71' lang='grc' dir='ltr'><strong>αὐτὸς</strong></span> <span class='ocrx_word' id='word_1_194' title='bbox 1157 1785 1236 1858; x_wconf 80' lang='grc' dir='ltr'><strong>τῷ</strong></span> <span class='ocrx_word' id='word_1_195' title='bbox 1291 1782 1407 1860; x_wconf 79' lang='grc' dir='ltr'><strong>ἰδίῳ</strong></span> <span class='ocrx_word' id='word_1_196' title='bbox 1457 1791 1679 1862; x_wconf 81' lang='grc' dir='ltr'><strong>σκοπῷ,</strong></span> <span class='ocrx_word' id='word_1_197' title='bbox 1727 1794 1787 1849; x_wconf 73' lang='grc' dir='ltr'><strong>τὰ</strong></span> 
     </span>
    </p>
   </div>
   <div class='ocr_carea' id='block_1_30' title="bbox 1891 1775 3472 1863">
    <p class='ocr_par' dir='ltr' id='par_1_30' title="bbox 1967 1775 3472 1858">
     <span class='ocr_line' id='line_1_31' title="bbox 1967 1775 3472 1858; baseline 0.006 -24"><span class='ocrx_word' id='word_1_198' title='bbox 1967 1775 2088 1852; x_wconf 85' lang='lat' dir='ltr'><strong>Ipse</strong></span> <span class='ocrx_word' id='word_1_199' title='bbox 2112 1781 2326 1853; x_wconf 88' lang='lat' dir='ltr'><strong>quidem</strong></span> <span class='ocrx_word' id='word_1_200' title='bbox 2367 1798 2522 1840; x_wconf 88' lang='lat' dir='ltr'><strong>suum</strong></span> <span class='ocrx_word' id='word_1_201' title='bbox 2560 1794 2778 1843; x_wconf 88' lang='lat' dir='ltr'><strong>secutus</strong></span> <span class='ocrx_word' id='word_1_202' title='bbox 2807 1787 3140 1858; x_wconf 87' lang='lat' dir='ltr'><strong>propositum</strong></span> <span class='ocrx_word' id='word_1_203' title='bbox 3172 1788 3284 1844; x_wconf 65' lang='lat' dir='ltr'><strong>haec</strong></span> <span class='ocrx_word' id='word_1_204' title='bbox 3309 1787 3472 1855; x_wconf 86' lang='lat' dir='ltr'><strong>dicit;</strong></span> 
     </span>
    </p>
   </div>
   <div class='ocr_carea' id='block_1_31' title="bbox 237 1873 1797 1952">
    <p class='ocr_par' dir='ltr' id='par_1_31' title="bbox 237 1873 1797 1952">
     <span class='ocr_line' id='line_1_32' title="bbox 237 1873 1797 1952; baseline 0.009 -27"><span class='ocrx_word' id='word_1_205' title='bbox 237 1875 398 1928; x_wconf 73' lang='grc' dir='ltr'><strong>τοιάδε</strong></span> <span class='ocrx_word' id='word_1_206' title='bbox 453 1877 650 1945; x_wconf 77' lang='grc' dir='ltr'><strong>φησίνο</strong></span> <span class='ocrx_word' id='word_1_207' title='bbox 714 1878 874 1947; x_wconf 69' lang='grc' dir='ltr'><strong>ἡμεῖς</strong></span> <span class='ocrx_word' id='word_1_208' title='bbox 925 1873 981 1930; x_wconf 82' lang='grc' dir='ltr'><strong>δὲ</strong></span> <span class='ocrx_word' id='word_1_209' title='bbox 1033 1877 1180 1948; x_wconf 80' lang='grc' dir='ltr'><strong>αὐτῷ</strong></span> <span class='ocrx_word' id='word_1_210' title='bbox 1230 1879 1538 1952; x_wconf 76' lang='grc' dir='ltr'><strong>σοφώτερόν</strong></span> <span class='ocrx_word' id='word_1_211' title='bbox 1588 1899 1645 1936; x_wconf 84' lang='grc' dir='ltr'><strong>τε</strong></span> <span class='ocrx_word' id='word_1_212' title='bbox 1705 1887 1797 1940; x_wconf 79' lang='grc' dir='ltr'><strong>καὶ</strong></span> 
     </span>
    </p>
   </div>
   <div class='ocr_carea' id='block_1_32' title="bbox 243 1966 1796 2045">
    <p class='ocr_par' dir='ltr' id='par_1_32' title="bbox 243 1966 1796 2045">
     <span class='ocr_line' id='line_1_33' title="bbox 243 1966 1796 2045; baseline 0.008 -26"><span class='ocrx_word' id='word_1_213' title='bbox 243 1967 577 2038; x_wconf 73' lang='grc' dir='ltr'><strong>ἀληθέστερον</strong></span> <span class='ocrx_word' id='word_1_214' title='bbox 646 1966 986 2039; x_wconf 72' lang='grc' dir='ltr'><strong>ἐπιδείξομεν</strong></span> <span class='ocrx_word' id='word_1_215' title='bbox 1053 1968 1150 2023; x_wconf 82' lang='grc' dir='ltr'><strong>τὸν</strong></span> <span class='ocrx_word' id='word_1_216' title='bbox 1243 1971 1628 2045; x_wconf 74' lang='grc' dir='ltr'><strong>Ἐμμανουὴλ,</strong></span> <span class='ocrx_word' id='word_1_217' title='bbox 1704 1977 1796 2031; x_wconf 79' lang='grc' dir='ltr'><strong>τὸν</strong></span> 
     </span>
    </p>
   </div>
   <div class='ocr_carea' id='block_1_33' title="bbox 252 2054 1794 2135">
    <p class='ocr_par' dir='ltr' id='par_1_33' title="bbox 252 2054 1794 2135">
     <span class='ocr_line' id='line_1_34' title="bbox 252 2054 1794 2135; baseline 0.01 -29"><span class='ocrx_word' id='word_1_218' title='bbox 252 2054 339 2107; x_wconf 70' lang='grc' dir='ltr'><strong>τοῦ</strong></span> <span class='ocrx_word' id='word_1_219' title='bbox 380 2057 568 2127; x_wconf 61' lang='grc' dir='ltr'><strong>κόσμου</strong></span> <span class='ocrx_word' id='word_1_220' title='bbox 612 2058 808 2122; x_wconf 73' lang='grc' dir='ltr'><strong>παντὸς</strong></span> <span class='ocrx_word' id='word_1_221' title='bbox 855 2059 1080 2130; x_wconf 78' lang='grc' dir='ltr'><strong>σωτῆρα</strong></span> <span class='ocrx_word' id='word_1_222' title='bbox 1119 2059 1210 2113; x_wconf 75' lang='grc' dir='ltr'><strong>καὶ</strong></span> <span class='ocrx_word' id='word_1_223' title='bbox 1245 2060 1548 2134; x_wconf 86' lang='grc' dir='ltr'><strong>λυτρωτήν.</strong></span> <span class='ocrx_word' id='word_1_224' title='bbox 1595 2066 1794 2135; x_wconf 82' lang='grc' dir='ltr'><strong>Γέγονε</strong></span> 
     </span>
    </p>
   </div>
   <div class='ocr_carea' id='block_1_34' title="bbox 265 2147 1796 2230">
    <p class='ocr_par' dir='ltr' id='par_1_34' title="bbox 265 2147 1796 2230">
     <span class='ocr_line' id='line_1_35' title="bbox 265 2147 1796 2230; baseline 0.01 -32"><span class='ocrx_word' id='word_1_225' title='bbox 265 2147 471 2215; x_wconf 69' lang='grc' dir='ltr'><strong>γὰρ,ὼς</strong></span> <span class='ocrx_word' id='word_1_226' title='bbox 488 2147 582 2218; x_wconf 54' lang='grc' dir='ltr'><strong>ᾔδη</strong></span> <span class='ocrx_word' id='word_1_227' title='bbox 601 2149 902 2212; x_wconf 78' lang='grc' dir='ltr'><strong>πλειστάκις</strong></span> <span class='ocrx_word' id='word_1_228' title='bbox 933 2151 1177 2221; x_wconf 73' lang='grc' dir='ltr'><strong>εἴπομεν,</strong></span> <span class='ocrx_word' id='word_1_229' title='bbox 1201 2147 1337 2225; x_wconf 80' lang='grc' dir='ltr'><strong>σὰρξ</strong></span> <span class='ocrx_word' id='word_1_230' title='bbox 1365 2155 1394 2206; x_wconf 96' lang='lat'><strong>6</strong></span> <span class='ocrx_word' id='word_1_231' title='bbox 1420 2155 1614 2224; x_wconf 89' lang='grc' dir='ltr'><strong>Λόγος,</strong></span> <span class='ocrx_word' id='word_1_232' title='bbox 1637 2158 1796 2230; x_wconf 82' lang='grc' dir='ltr'><strong>σῶμα</strong></span> 
     </span>
    </p>
   </div>
   <div class='ocr_carea' id='block_1_35' title="bbox 277 2232 1790 2314">
    <p class='ocr_par' dir='ltr' id='par_1_35' title="bbox 277 2232 1790 2314">
     <span class='ocr_line' id='line_1_36' title="bbox 277 2232 1790 2314; baseline 0.008 -28"><span class='ocrx_word' id='word_1_233' title='bbox 277 2232 537 2314; x_wconf 55' lang='grc' dir='ltr'><strong>ῖτελῐδιον</strong></span> <span class='ocrx_word' id='word_1_234' title='bbox 592 2238 968 2308; x_wconf 68' lang='grc' dir='ltr'><strong>ποιησάμενος,</strong></span> <span class='ocrx_word' id='word_1_235' title='bbox 1016 2237 1078 2290; x_wconf 81' lang='grc' dir='ltr'><strong>τὸ</strong></span> <span class='ocrx_word' id='word_1_236' title='bbox 1125 2239 1351 2310; x_wconf 81' lang='grc' dir='ltr'><strong>πάσχειν</strong></span> <span class='ocrx_word' id='word_1_237' title='bbox 1406 2241 1568 2307; x_wconf 76' lang='grc' dir='ltr'><strong>είδὸς,</strong></span> <span class='ocrx_word' id='word_1_238' title='bbox 1606 2245 1790 2310; x_wconf 82' lang='grc' dir='ltr'><strong>αἰκίας</strong></span> 
     </span>
    </p>
   </div>
   <div class='ocr_carea' id='block_1_36' title="bbox 279 2325 1793 2401">
    <p class='ocr_par' dir='ltr' id='par_1_36' title="bbox 279 2325 1793 2401">
     <span class='ocr_line' id='line_1_37' title="bbox 279 2325 1793 2401; baseline 0.007 -22"><span class='ocrx_word' id='word_1_239' title='bbox 279 2341 334 2379; x_wconf 82' lang='grc' dir='ltr'><strong>τε</strong></span> <span class='ocrx_word' id='word_1_240' title='bbox 362 2326 451 2379; x_wconf 67' lang='grc' dir='ltr'><strong>καὶ</strong></span> <span class='ocrx_word' id='word_1_241' title='bbox 479 2325 700 2391; x_wconf 81' lang='grc' dir='ltr'><strong>θάνατον,</strong></span> <span class='ocrx_word' id='word_1_242' title='bbox 723 2328 936 2383; x_wconf 80' lang='grc' dir='ltr'><strong>δέδωκεν</strong></span> <span class='ocrx_word' id='word_1_243' title='bbox 969 2329 1107 2400; x_wconf 78' lang='grc' dir='ltr'><strong>ὑπὲρ</strong></span> <span class='ocrx_word' id='word_1_244' title='bbox 1135 2330 1294 2401; x_wconf 78' lang='grc' dir='ltr'><strong>ήμῶν</strong></span> <span class='ocrx_word' id='word_1_245' title='bbox 1314 2328 1472 2398; x_wconf 82' lang='grc' dir='ltr'><strong>αὐτὸ,</strong></span> <span class='ocrx_word' id='word_1_246' title='bbox 1504 2335 1617 2400; x_wconf 82' lang='grc' dir='ltr'><strong>καὶ,</strong></span> <span class='ocrx_word' id='word_1_247' title='bbox 1647 2335 1793 2390; x_wconf 84' lang='grc' dir='ltr'><strong>καθά</strong></span> 
     </span>
    </p>
   </div>
   <div class='ocr_carea' id='block_1_37' title="bbox 275 2417 1792 2496">
    <p class='ocr_par' dir='ltr' id='par_1_37' title="bbox 275 2417 1792 2496">
     <span class='ocr_line' id='line_1_38' title="bbox 275 2417 1792 2496; baseline 0.006 -27"><span class='ocrx_word' id='word_1_248' title='bbox 275 2434 435 2488; x_wconf 72' lang='grc' dir='ltr'><strong>φησιν</strong></span> <span class='ocrx_word' id='word_1_249' title='bbox 461 2419 491 2470; x_wconf 87' lang='lat'><strong>6</strong></span> <span class='ocrx_word' id='word_1_250' title='bbox 518 2417 769 2484; x_wconf 77' lang='grc' dir='ltr'><strong>θεσπέσιος</strong></span> <span class='ocrx_word' id='word_1_251' title='bbox 782 2418 1008 2484; x_wconf 76' lang='grc' dir='ltr'><strong>Παῦλος,</strong></span> <span class='ocrx_word' id='word_1_252' title='bbox 1043 2421 1306 2492; x_wconf 79' lang='grc' dir='ltr'><strong>ὑπέμεινε</strong></span> <span class='ocrx_word' id='word_1_253' title='bbox 1336 2422 1571 2495; x_wconf 80' lang='grc' dir='ltr'><strong>σταυρὸν</strong></span> <span class='ocrx_word' id='word_1_254' title='bbox 1603 2425 1792 2496; x_wconf 82' lang='grc' dir='ltr'><strong>αἰσχύ-</strong></span> 
     </span>
    </p>
   </div>
   <div class='ocr_carea' id='block_1_38' title="bbox 267 2508 1790 2585">
    <p class='ocr_par' dir='ltr' id='par_1_38' title="bbox 267 2508 1790 2585">
     <span class='ocr_line' id='line_1_39' title="bbox 267 2508 1790 2585; baseline 0.007 -25"><span class='ocrx_word' id='word_1_255' title='bbox 267 2523 360 2578; x_wconf 80' lang='grc' dir='ltr'><strong>νης</strong></span> <span class='ocrx_word' id='word_1_256' title='bbox 390 2510 811 2580; x_wconf 68' lang='grc' dir='ltr'><strong>καταφρονήσας.</strong></span> <span class='ocrx_word' id='word_1_257' title='bbox 831 2509 897 2562; x_wconf 84' lang='grc' dir='ltr'>Ἤ</span> <span class='ocrx_word' id='word_1_258' title='bbox 921 2512 1028 2582; x_wconf 83' lang='grc' dir='ltr'><strong>γὰρ</strong></span> <span class='ocrx_word' id='word_1_259' title='bbox 1062 2511 1163 2566; x_wconf 76' lang='grc' dir='ltr'><strong>οὐκ</strong></span> <span class='ocrx_word' id='word_1_260' title='bbox 1200 2508 1455 2585; x_wconf 80' lang='grc' dir='ltr'><strong>αἰσχύνη,</strong></span> <span class='ocrx_word' id='word_1_261' title='bbox 1487 2515 1582 2570; x_wconf 68' lang='grc' dir='ltr'><strong>καὶ</strong></span> <span class='ocrx_word' id='word_1_262' title='bbox 1628 2516 1790 2570; x_wconf 82' lang='grc' dir='ltr'><strong>οἰονεί</strong></span> 
     </span>
    </p>
   </div>
   <div class='ocr_carea' id='block_1_39' title="bbox 255 2598 1790 2675">
    <p class='ocr_par' dir='ltr' id='par_1_39' title="bbox 255 2598 1790 2675">
     <span class='ocr_line' id='line_1_40' title="bbox 255 2598 1790 2675; baseline 0.009 -26"><span class='ocrx_word' id='word_1_263' title='bbox 255 2614 334 2659; x_wconf 83' lang='grc' dir='ltr'><strong>τις</strong></span> <span class='ocrx_word' id='word_1_264' title='bbox 361 2598 594 2669; x_wconf 76' lang='grc' dir='ltr'><strong>ἐντροπὴ</strong></span> <span class='ocrx_word' id='word_1_265' title='bbox 630 2599 702 2669; x_wconf 85' lang='grc' dir='ltr'><strong>τῷ</strong></span> <span class='ocrx_word' id='word_1_266' title='bbox 733 2599 1001 2655; x_wconf 83' lang='grc' dir='ltr'><strong>πανσθενεῖ</strong></span> <span class='ocrx_word' id='word_1_267' title='bbox 1027 2605 1123 2658; x_wconf 77' lang='grc' dir='ltr'><strong>καὶ</strong></span> <span class='ocrx_word' id='word_1_268' title='bbox 1157 2602 1406 2675; x_wconf 78' lang='grc' dir='ltr'><strong>ζωοποιῷ</strong></span> <span class='ocrx_word' id='word_1_269' title='bbox 1426 2647 1441 2674; x_wconf 88' lang='grc'><strong>,</strong></span> <span class='ocrx_word' id='word_1_270' title='bbox 1473 2606 1569 2661; x_wconf 73' lang='grc' dir='ltr'><strong>καὶ</strong></span> <span class='ocrx_word' id='word_1_271' title='bbox 1602 2608 1790 2663; x_wconf 79' lang='grc' dir='ltr'><strong>παθῶν</strong></span> 
     </span>
    </p>
   </div>
   <div class='ocr_carea' id='block_1_40' title="bbox 255 2688 1791 2772">
    <p class='ocr_par' dir='ltr' id='par_1_40' title="bbox 255 2688 1791 2772">
     <span class='ocr_line' id='line_1_41' title="bbox 255 2688 1791 2772; baseline 0.01 -31"><span class='ocrx_word' id='word_1_272' title='bbox 255 2688 493 2742; x_wconf 73' lang='grc' dir='ltr'><strong>ἐπέκεινα</strong></span> <span class='ocrx_word' id='word_1_273' title='bbox 526 2690 733 2761; x_wconf 82' lang='grc' dir='ltr'><strong>λαχόντι</strong></span> <span class='ocrx_word' id='word_1_274' title='bbox 755 2692 848 2763; x_wconf 76' lang='grc' dir='ltr'><strong>τὴν</strong></span> <span class='ocrx_word' id='word_1_275' title='bbox 877 2694 1056 2763; x_wconf 82' lang='grc' dir='ltr'><strong>φύσιν,</strong></span> <span class='ocrx_word' id='word_1_276' title='bbox 1080 2695 1141 2750; x_wconf 81' lang='grc' dir='ltr'><strong>τὸ</strong></span> <span class='ocrx_word' id='word_1_277' title='bbox 1167 2696 1226 2764; x_wconf 78' lang='grc' dir='ltr'><strong>ἐξ</strong></span> <span class='ocrx_word' id='word_1_278' title='bbox 1257 2697 1608 2772; x_wconf 80' lang='grc' dir='ltr'><strong>ἀνθρωπίνης</strong></span> <span class='ocrx_word' id='word_1_279' title='bbox 1630 2702 1791 2756; x_wconf 80' lang='grc' dir='ltr'><strong>ἀσθεο</strong></span> 
     </span>
    </p>
   </div>
   <div class='ocr_carea' id='block_1_41' title="bbox 252 2781 1788 2862">
    <p class='ocr_par' dir='ltr' id='par_1_41' title="bbox 252 2781 1788 2862">
     <span class='ocr_line' id='line_1_42' title="bbox 252 2781 1788 2862; baseline 0.009 -29"><span class='ocrx_word' id='word_1_280' title='bbox 252 2781 385 2846; x_wconf 82' lang='grc' dir='ltr'><strong>νείας</strong></span> <span class='ocrx_word' id='word_1_281' title='bbox 412 2782 778 2854; x_wconf 75' lang='grc' dir='ltr'><strong>σταυρωθῆναι</strong></span> <span class='ocrx_word' id='word_1_282' title='bbox 816 2785 1012 2848; x_wconf 79' lang='grc' dir='ltr'><strong>δοκεῖν,</strong></span> <span class='ocrx_word' id='word_1_283' title='bbox 1048 2788 1144 2842; x_wconf 72' lang='grc' dir='ltr'><strong>καὶ</strong></span> <span class='ocrx_word' id='word_1_284' title='bbox 1185 2791 1243 2843; x_wconf 90' lang='grc' dir='ltr'><strong>ἐν</strong></span> <span class='ocrx_word' id='word_1_285' title='bbox 1283 2789 1501 2862; x_wconf 81' lang='grc' dir='ltr'><strong>θανάτῳ</strong></span> <span class='ocrx_word' id='word_1_286' title='bbox 1533 2793 1788 2861; x_wconf 82' lang='grc' dir='ltr'><strong>γενέσθαι</strong></span> 
     </span>
    </p>
   </div>
   <div class='ocr_carea' id='block_1_42' title="bbox 249 2871 1787 2956">
    <p class='ocr_par' dir='ltr' id='par_1_42' title="bbox 249 2871 1787 2956">
     <span class='ocr_line' id='line_1_43' title="bbox 249 2871 1787 2956; baseline 0.01 -32"><span class='ocrx_word' id='word_1_287' title='bbox 249 2871 374 2926; x_wconf 73' lang='grc' dir='ltr'><strong>κατὰ</strong></span> <span class='ocrx_word' id='word_1_288' title='bbox 413 2873 507 2944; x_wconf 73' lang='grc' dir='ltr'><strong>τὴν</strong></span> <span class='ocrx_word' id='word_1_289' title='bbox 540 2872 736 2946; x_wconf 61' lang='lat' dir='ltr'><strong>stipata;</strong></span> <span class='ocrx_word' id='word_1_290' title='bbox 791 2878 904 2930; x_wconf 72' lang='grc' dir='ltr'><strong>Καὶ</strong></span> <span class='ocrx_word' id='word_1_291' title='bbox 956 2879 1086 2948; x_wconf 80' lang='grc' dir='ltr'><strong>γοῦν</strong></span> <span class='ocrx_word' id='word_1_292' title='bbox 1127 2879 1155 2932; x_wconf 93' lang='lat'><strong>6</strong></span> <span class='ocrx_word' id='word_1_293' title='bbox 1188 2881 1350 2946; x_wconf 72' lang='grc' dir='ltr'><strong>αὐτός</strong></span> <span class='ocrx_word' id='word_1_294' title='bbox 1383 2883 1486 2937; x_wconf 80' lang='grc' dir='ltr'><strong>πού</strong></span> <span class='ocrx_word' id='word_1_295' title='bbox 1523 2903 1656 2956; x_wconf 82' lang='grc' dir='ltr'><strong>φησι</strong></span> <span class='ocrx_word' id='word_1_296' title='bbox 1698 2886 1787 2940; x_wconf 78' lang='grc' dir='ltr'><strong>διὰ</strong></span> 
     </span>
    </p>
   </div>
   <div class='ocr_carea' id='block_1_43' title="bbox 249 2965 1788 3050">
    <p class='ocr_par' dir='ltr' id='par_1_43' title="bbox 249 2965 1788 3050">
     <span class='ocr_line' id='line_1_44' title="bbox 249 2965 1788 3050; baseline 0.01 -34"><span class='ocrx_word' id='word_1_297' title='bbox 249 2965 412 3035; x_wconf 79' lang='grc' dir='ltr'><strong>φωνῆς</strong></span> <span class='ocrx_word' id='word_1_298' title='bbox 446 2966 692 3020; x_wconf 76' lang='grc' dir='ltr'><strong>Ἡσαΐου·</strong></span> <span class='ocrx_word' id='word_1_299' title='bbox 732 2988 750 3020; x_wconf 78' lang='grc' dir='ltr'><strong>ι</strong></span> <span class='ocrx_word' id='word_1_300' title='bbox 785 2970 888 3022; x_wconf 75' lang='grc' dir='ltr'><strong>Τὸν</strong></span> <span class='ocrx_word' id='word_1_301' title='bbox 919 2971 1088 3024; x_wconf 68' lang='grc' dir='ltr'><strong>νῶτόν</strong></span> <span class='ocrx_word' id='word_1_302' title='bbox 1118 2989 1221 3042; x_wconf 84' lang='grc' dir='ltr'><strong>μου</strong></span> <span class='ocrx_word' id='word_1_303' title='bbox 1250 2972 1460 3029; x_wconf 83' lang='grc' dir='ltr'><strong>δέδωκα</strong></span> <span class='ocrx_word' id='word_1_304' title='bbox 1489 2976 1569 3041; x_wconf 87' lang='grc' dir='ltr'><strong>εἰς</strong></span> <span class='ocrx_word' id='word_1_305' title='bbox 1593 2978 1788 3050; x_wconf 84' lang='grc' dir='ltr'><strong>μάστι-</strong></span> 
     </span>
    </p>
   </div>
   <div class='ocr_carea' id='block_1_44' title="bbox 245 3052 1788 3134">
    <p class='ocr_par' dir='ltr' id='par_1_44' title="bbox 245 3052 1788 3134">
     <span class='ocr_line' id='line_1_45' title="bbox 245 3052 1788 3134; baseline 0.01 -30"><span class='ocrx_word' id='word_1_306' title='bbox 245 3067 368 3119; x_wconf 78' lang='grc' dir='ltr'><strong>γας,</strong></span> <span class='ocrx_word' id='word_1_307' title='bbox 398 3052 492 3117; x_wconf 69' lang='grc' dir='ltr'><strong>τὰς</strong></span> <span class='ocrx_word' id='word_1_308' title='bbox 533 3053 588 3109; x_wconf 80' lang='grc' dir='ltr'><strong>δὲ</strong></span> <span class='ocrx_word' id='word_1_309' title='bbox 636 3057 896 3125; x_wconf 73' lang='grc' dir='ltr'><strong>σιαγόνας</strong></span> <span class='ocrx_word' id='word_1_310' title='bbox 945 3076 1048 3129; x_wconf 79' lang='grc' dir='ltr'><strong>μου</strong></span> <span class='ocrx_word' id='word_1_311' title='bbox 1087 3061 1167 3122; x_wconf 90' lang='grc' dir='ltr'><strong>εἰς</strong></span> <span class='ocrx_word' id='word_1_312' title='bbox 1221 3063 1572 3134; x_wconf 74' lang='grc' dir='ltr'><strong>ῥαπίσματα·</strong></span> <span class='ocrx_word' id='word_1_313' title='bbox 1625 3065 1686 3119; x_wconf 81' lang='grc' dir='ltr'><strong>τὸ</strong></span> <span class='ocrx_word' id='word_1_314' title='bbox 1737 3066 1788 3120; x_wconf 77' lang='grc' dir='ltr'><strong>δὲ</strong></span> 
     </span>
    </p>
   </div>
   <div class='ocr_carea' id='block_1_45' title="bbox 1898 1874 3470 1946">
    <p class='ocr_par' dir='ltr' id='par_1_45' title="bbox 1898 1874 3470 1946">
     <span class='ocr_line' id='line_1_46' title="bbox 1898 1874 3470 1946; baseline 0.005 -19"><span class='ocrx_word' id='word_1_315' title='bbox 1898 1880 1955 1927; x_wconf 92' lang='lat' dir='ltr'><strong>at</strong></span> <span class='ocrx_word' id='word_1_316' title='bbox 2025 1888 2124 1930; x_wconf 90' lang='lat' dir='ltr'><strong>nos</strong></span> <span class='ocrx_word' id='word_1_317' title='bbox 2185 1874 2259 1930; x_wconf 86' lang='lat' dir='ltr'><strong>illi</strong></span> <span class='ocrx_word' id='word_1_318' title='bbox 2323 1875 2626 1946; x_wconf 80' lang='lat' dir='ltr'><strong>sapientius</strong></span> <span class='ocrx_word' id='word_1_319' title='bbox 2685 1891 2750 1934; x_wconf 90' lang='lat' dir='ltr'><strong>ac</strong></span> <span class='ocrx_word' id='word_1_320' title='bbox 2818 1878 3002 1934; x_wconf 83' lang='lat' dir='ltr'><strong>verius</strong></span> <span class='ocrx_word' id='word_1_321' title='bbox 3067 1878 3470 1935; x_wconf 89' lang='lat' dir='ltr'><strong>Emmanuelem</strong></span> 
     </span>
    </p>
   </div>
   <div class='ocr_carea' id='block_1_46' title="bbox 1897 1967 3473 2044">
    <p class='ocr_par' dir='ltr' id='par_1_46' title="bbox 1897 1967 3473 2044">
     <span class='ocr_line' id='line_1_47' title="bbox 1897 1967 3473 2044; baseline 0.004 -23"><span class='ocrx_word' id='word_1_322' title='bbox 1897 1967 2264 2034; x_wconf 81' lang='lat' dir='ltr'><strong>ostendemus,</strong></span> <span class='ocrx_word' id='word_1_323' title='bbox 2300 1968 2484 2022; x_wconf 92' lang='lat' dir='ltr'><strong>mundi</strong></span> <span class='ocrx_word' id='word_1_324' title='bbox 2515 1969 2678 2024; x_wconf 88' lang='lat' dir='ltr'><strong>totius</strong></span> <span class='ocrx_word' id='word_1_325' title='bbox 2706 1968 3028 2027; x_wconf 83' lang='lat' dir='ltr'><strong>salvatorem</strong></span> <span class='ocrx_word' id='word_1_326' title='bbox 3071 1987 3133 2026; x_wconf 91' lang='lat' dir='ltr'><strong>ac</strong></span> <span class='ocrx_word' id='word_1_327' title='bbox 3167 1972 3473 2044; x_wconf 55' lang='lat' dir='ltr'><strong>redempta.</strong></span> 
     </span>
    </p>
   </div>
   <div class='ocr_carea' id='block_1_47' title="bbox 1898 2057 3468 2134">
    <p class='ocr_par' dir='ltr' id='par_1_47' title="bbox 1898 2057 3468 2134">
     <span class='ocr_line' id='line_1_48' title="bbox 1898 2057 3468 2134; baseline 0.006 -22"><span class='ocrx_word' id='word_1_328' title='bbox 1898 2073 2034 2113; x_wconf 89' lang='lat' dir='ltr'><strong>rem.</strong></span> <span class='ocrx_word' id='word_1_329' title='bbox 2065 2057 2302 2114; x_wconf 79' lang='lat' dir='ltr'><strong>Verbum</strong></span> <span class='ocrx_word' id='word_1_330' title='bbox 2350 2059 2508 2130; x_wconf 80' lang='lat'><strong>135</strong></span> <span class='ocrx_word' id='word_1_331' title='bbox 2548 2061 2729 2128; x_wconf 90' lang='lat' dir='ltr'><strong>enim,</strong></span> <span class='ocrx_word' id='word_1_332' title='bbox 2777 2069 2838 2116; x_wconf 92' lang='lat' dir='ltr'><strong>ut</strong></span> <span class='ocrx_word' id='word_1_333' title='bbox 2876 2061 2988 2132; x_wconf 87' lang='lat' dir='ltr'><strong>jam</strong></span> <span class='ocrx_word' id='word_1_334' title='bbox 3035 2077 3177 2134; x_wconf 67' lang='grc' dir='ltr'><strong>διξερε</strong></span> <span class='ocrx_word' id='word_1_335' title='bbox 3212 2065 3468 2132; x_wconf 83' lang='lat' dir='ltr'><strong>diximus,</strong></span> 
     </span>
    </p>
   </div>
   <div class='ocr_carea' id='block_1_48' title="bbox 1895 2147 3471 2228">
    <p class='ocr_par' dir='ltr' id='par_1_48' title="bbox 1895 2147 3471 2228">
     <span class='ocr_line' id='line_1_49' title="bbox 1895 2147 3471 2228; baseline 0.007 -25"><span class='ocrx_word' id='word_1_336' title='bbox 1895 2162 2024 2204; x_wconf 87' lang='lat' dir='ltr'><strong>caro</strong></span> <span class='ocrx_word' id='word_1_337' title='bbox 2062 2147 2263 2204; x_wconf 76' lang='lat' dir='ltr'><strong>factum</strong></span> <span class='ocrx_word' id='word_1_338' title='bbox 2295 2160 2398 2215; x_wconf 91' lang='lat' dir='ltr'><strong>est,</strong></span> <span class='ocrx_word' id='word_1_339' title='bbox 2432 2165 2666 2222; x_wconf 86' lang='lat' dir='ltr'><strong>cumque</strong></span> <span class='ocrx_word' id='word_1_340' title='bbox 2717 2167 2916 2223; x_wconf 88' lang='lat' dir='ltr'><strong>corpus</strong></span> <span class='ocrx_word' id='word_1_341' title='bbox 2945 2157 3225 2228; x_wconf 88' lang='lat' dir='ltr'><strong>proprium</strong></span> <span class='ocrx_word' id='word_1_342' title='bbox 3257 2156 3471 2214; x_wconf 77' lang='lat' dir='ltr'><strong>eﬂ&#39;ecis-</strong></span> 
     </span>
    </p>
   </div>
   <div class='ocr_carea' id='block_1_49' title="bbox 1895 2240 3472 2321">
    <p class='ocr_par' dir='ltr' id='par_1_49' title="bbox 1895 2240 3472 2321">
     <span class='ocr_line' id='line_1_50' title="bbox 1895 2240 3472 2321; baseline 0.005 -25"><span class='ocrx_word' id='word_1_343' title='bbox 1895 2249 1978 2296; x_wconf 88' lang='lat' dir='ltr'><strong>set</strong></span> <span class='ocrx_word' id='word_1_344' title='bbox 2007 2241 2150 2321; x_wconf 78' lang='lat' dir='ltr'><strong>quod</strong></span> <span class='ocrx_word' id='word_1_345' title='bbox 2183 2251 2365 2311; x_wconf 88' lang='lat' dir='ltr'><strong>posset</strong></span> <span class='ocrx_word' id='word_1_346' title='bbox 2395 2240 2622 2314; x_wconf 85' lang='lat' dir='ltr'><strong>injurias</strong></span> <span class='ocrx_word' id='word_1_347' title='bbox 2656 2259 2720 2299; x_wconf 85' lang='lat' dir='ltr'><strong>ac</strong></span> <span class='ocrx_word' id='word_1_348' title='bbox 2759 2255 2988 2302; x_wconf 90' lang='lat' dir='ltr'><strong>mortem</strong></span> <span class='ocrx_word' id='word_1_349' title='bbox 3032 2249 3164 2318; x_wconf 90' lang='lat' dir='ltr'><strong>pati,</strong></span> <span class='ocrx_word' id='word_1_350' title='bbox 3209 2244 3338 2304; x_wconf 89' lang='lat' dir='ltr'><strong>illud</strong></span> <span class='ocrx_word' id='word_1_351' title='bbox 3373 2263 3472 2321; x_wconf 89' lang='lat' dir='ltr'><strong>pro</strong></span> 
     </span>
    </p>
   </div>
   <div class='ocr_carea' id='block_1_50' title="bbox 1896 2310 3470 2406">
    <p class='ocr_par' dir='ltr' id='par_1_50' title="bbox 1896 2310 3470 2406">
     <span class='ocr_line' id='line_1_51' title="bbox 1896 2310 3470 2406; baseline 0.006 -21"><span class='ocrx_word' id='word_1_352' title='bbox 1896 2310 2061 2388; x_wconf 66' lang='lat' dir='ltr'><strong>nobis</strong></span> <span class='ocrx_word' id='word_1_353' title='bbox 2080 2310 2249 2400; x_wconf 85' lang='lat' dir='ltr'><strong>dedit,</strong></span> <span class='ocrx_word' id='word_1_354' title='bbox 2278 2342 2356 2403; x_wconf 92' lang='lat' dir='ltr'><strong>et,</strong></span> <span class='ocrx_word' id='word_1_355' title='bbox 2382 2310 2540 2392; x_wconf 28' lang='lat' dir='ltr'><strong>utvait</strong></span> <span class='ocrx_word' id='word_1_356' title='bbox 2562 2335 2752 2392; x_wconf 87' lang='lat' dir='ltr'><strong>beatus</strong></span> <span class='ocrx_word' id='word_1_357' title='bbox 2783 2333 3004 2406; x_wconf 81' lang='lat' dir='ltr'><strong>Paulus,</strong></span> <span class='ocrx_word' id='word_1_358' title='bbox 3032 2310 3257 2397; x_wconf 68' lang='lat' dir='ltr'><strong>crucem</strong></span> <span class='ocrx_word' id='word_1_359' title='bbox 3303 2310 3470 2397; x_wconf 77' lang='lat' dir='ltr'><strong>susti-</strong></span> 
     </span>
    </p>
   </div>
   <div class='ocr_carea' id='block_1_51' title="bbox 1895 2421 3472 2496">
    <p class='ocr_par' dir='ltr' id='par_1_51' title="bbox 1895 2421 3472 2496">
     <span class='ocr_line' id='line_1_52' title="bbox 1895 2421 3472 2496; baseline 0.008 -21"><span class='ocrx_word' id='word_1_360' title='bbox 1895 2421 2013 2475; x_wconf 88' lang='lat' dir='ltr'><strong>nuit</strong></span> <span class='ocrx_word' id='word_1_361' title='bbox 2046 2422 2361 2478; x_wconf 82' lang='lat' dir='ltr'><strong>confusione</strong></span> <span class='ocrx_word' id='word_1_362' title='bbox 2389 2432 2694 2496; x_wconf 87' lang='lat' dir='ltr'><strong>contempta</strong></span> <span class='ocrx_word' id='word_1_363' title='bbox 2715 2424 2781 2482; x_wconf 80' lang='lat'><strong>&quot;.</strong></span> <span class='ocrx_word' id='word_1_364' title='bbox 2809 2426 2947 2494; x_wconf 82' lang='lat' dir='ltr'><strong>Quid</strong></span> <span class='ocrx_word' id='word_1_365' title='bbox 2971 2428 3114 2484; x_wconf 89' lang='lat' dir='ltr'><strong>enim</strong></span> <span class='ocrx_word' id='word_1_366' title='bbox 3134 2427 3158 2484; x_wconf 85' lang='lat'><strong>?</strong></span> <span class='ocrx_word' id='word_1_367' title='bbox 3178 2445 3286 2486; x_wconf 92' lang='lat' dir='ltr'><strong>non</strong></span> <span class='ocrx_word' id='word_1_368' title='bbox 3308 2430 3472 2486; x_wconf 86' lang='lat' dir='ltr'><strong>dede-</strong></span> 
     </span>
    </p>
   </div>
   <div class='ocr_carea' id='block_1_52' title="bbox 1893 2514 3468 2592">
    <p class='ocr_par' dir='ltr' id='par_1_52' title="bbox 1893 2514 3468 2592">
     <span class='ocr_line' id='line_1_53' title="bbox 1893 2514 3468 2592; baseline 0.008 -26"><span class='ocrx_word' id='word_1_369' title='bbox 1893 2525 1989 2566; x_wconf 87' lang='lat' dir='ltr'><strong>cus</strong></span> <span class='ocrx_word' id='word_1_370' title='bbox 2018 2521 2120 2578; x_wconf 92' lang='lat' dir='ltr'><strong>est,</strong></span> <span class='ocrx_word' id='word_1_371' title='bbox 2155 2523 2212 2568; x_wconf 88' lang='lat' dir='ltr'><strong>et</strong></span> <span class='ocrx_word' id='word_1_372' title='bbox 2241 2514 2484 2584; x_wconf 75' lang='lat' dir='ltr'><strong>quaedam</strong></span> <span class='ocrx_word' id='word_1_373' title='bbox 2520 2530 2688 2586; x_wconf 85' lang='lat' dir='ltr'><strong>prope</strong></span> <span class='ocrx_word' id='word_1_374' title='bbox 2718 2517 2967 2574; x_wconf 79' lang='lat' dir='ltr'><strong>confusio</strong></span> <span class='ocrx_word' id='word_1_375' title='bbox 2999 2520 3077 2575; x_wconf 89' lang='lat' dir='ltr'><strong>illi</strong></span> <span class='ocrx_word' id='word_1_376' title='bbox 3112 2521 3468 2592; x_wconf 89' lang='lat' dir='ltr'><strong>omnipotenti</strong></span> 
     </span>
    </p>
   </div>
   <div class='ocr_carea' id='block_1_53' title="bbox 1891 2601 3470 2684">
    <p class='ocr_par' dir='ltr' id='par_1_53' title="bbox 1891 2601 3470 2684">
     <span class='ocr_line' id='line_1_54' title="bbox 1891 2601 3470 2684; baseline 0.007 -27"><span class='ocrx_word' id='word_1_377' title='bbox 1891 2612 1947 2657; x_wconf 90' lang='lat' dir='ltr'><strong>ct</strong></span> <span class='ocrx_word' id='word_1_378' title='bbox 1974 2601 2288 2670; x_wconf 78' lang='lat' dir='ltr'><strong>viviﬁcanti,</strong></span> <span class='ocrx_word' id='word_1_379' title='bbox 2321 2601 2380 2659; x_wconf 70' lang='lat' dir='ltr'><strong>ct</strong></span> <span class='ocrx_word' id='word_1_380' title='bbox 2416 2612 2666 2660; x_wconf 89' lang='lat' dir='ltr'><strong>naturam</strong></span> <span class='ocrx_word' id='word_1_381' title='bbox 2714 2606 2934 2664; x_wconf 85' lang='lat' dir='ltr'><strong>habenti</strong></span> <span class='ocrx_word' id='word_1_382' title='bbox 2971 2619 3231 2666; x_wconf 88' lang='lat' dir='ltr'><strong>remotam</strong></span> <span class='ocrx_word' id='word_1_383' title='bbox 3273 2626 3303 2667; x_wconf 93' lang='lat' dir='ltr'><strong>a</strong></span> <span class='ocrx_word' id='word_1_384' title='bbox 3344 2628 3470 2684; x_wconf 88' lang='lat' dir='ltr'><strong>pas-</strong></span> 
     </span>
    </p>
   </div>
   <div class='ocr_carea' id='block_1_54' title="bbox 1892 2694 3543 2772">
    <p class='ocr_par' dir='ltr' id='par_1_54' title="bbox 1892 2694 3543 2772">
     <span class='ocr_line' id='line_1_55' title="bbox 1892 2694 3543 2772; baseline 0.004 -21"><span class='ocrx_word' id='word_1_385' title='bbox 1892 2695 2155 2762; x_wconf 91' lang='lat' dir='ltr'><strong>sionibus,</strong></span> <span class='ocrx_word' id='word_1_386' title='bbox 2195 2709 2262 2751; x_wconf 81' lang='lat' dir='ltr'><strong>ex</strong></span> <span class='ocrx_word' id='word_1_387' title='bbox 2291 2694 2527 2750; x_wconf 83' lang='lat' dir='ltr'><strong>humana</strong></span> <span class='ocrx_word' id='word_1_388' title='bbox 2565 2694 2880 2759; x_wconf 81' lang='lat' dir='ltr'><strong>inﬁrmitate</strong></span> <span class='ocrx_word' id='word_1_389' title='bbox 2915 2699 3091 2772; x_wconf 88' lang='lat' dir='ltr'><strong>putari</strong></span> <span class='ocrx_word' id='word_1_390' title='bbox 3125 2701 3467 2767; x_wconf 79' lang='lat' dir='ltr'><strong>cruciﬁxum,</strong></span> <span class='ocrx_word' id='word_1_391' title='bbox 3541 2763 3543 2765; x_wconf 56' lang='grc'><strong>,</strong></span> 
     </span>
    </p>
   </div>
   <div class='ocr_carea' id='block_1_55' title="bbox 1891 2791 3470 2870">
    <p class='ocr_par' dir='ltr' id='par_1_55' title="bbox 1891 2791 3470 2870">
     <span class='ocr_line' id='line_1_56' title="bbox 1891 2791 3470 2870; baseline 0.007 -29"><span class='ocrx_word' id='word_1_392' title='bbox 1891 2796 1945 2841; x_wconf 83' lang='grc' dir='ltr'><strong>ει</strong></span> <span class='ocrx_word' id='word_1_393' title='bbox 1993 2796 2220 2842; x_wconf 88' lang='lat' dir='ltr'><strong>mortem</strong></span> <span class='ocrx_word' id='word_1_394' title='bbox 2262 2791 2564 2845; x_wconf 87' lang='lat' dir='ltr'><strong>secundum</strong></span> <span class='ocrx_word' id='word_1_395' title='bbox 2609 2808 2824 2849; x_wconf 87' lang='lat' dir='ltr'><strong>carnem</strong></span> <span class='ocrx_word' id='word_1_396' title='bbox 2883 2793 3240 2866; x_wconf 79' lang='lat' dir='ltr'><strong>perpessum?</strong></span> <span class='ocrx_word' id='word_1_397' title='bbox 3284 2793 3470 2870; x_wconf 83' lang='lat' dir='ltr'><strong>Itaque</strong></span> 
     </span>
    </p>
   </div>
   <div class='ocr_carea' id='block_1_56' title="bbox 1891 2875 3466 2950">
    <p class='ocr_par' dir='ltr' id='par_1_56' title="bbox 1891 2875 3466 2950">
     <span class='ocr_line' id='line_1_57' title="bbox 1891 2875 3466 2950; baseline 0.006 -18"><span class='ocrx_word' id='word_1_398' title='bbox 1891 2878 2004 2947; x_wconf 92' lang='lat' dir='ltr'><strong>ipse</strong></span> <span class='ocrx_word' id='word_1_399' title='bbox 2026 2875 2188 2949; x_wconf 86' lang='lat' dir='ltr'><strong>plane</strong></span> <span class='ocrx_word' id='word_1_400' title='bbox 2215 2877 2341 2934; x_wconf 86' lang='lat' dir='ltr'><strong>dicit</strong></span> <span class='ocrx_word' id='word_1_401' title='bbox 2370 2896 2466 2950; x_wconf 90' lang='lat' dir='ltr'><strong>per</strong></span> <span class='ocrx_word' id='word_1_402' title='bbox 2509 2897 2693 2938; x_wconf 82' lang='lat' dir='ltr'><strong>vocem</strong></span> <span class='ocrx_word' id='word_1_403' title='bbox 2727 2883 2880 2941; x_wconf 68' lang='lat' dir='ltr'><strong>Isaiae</strong></span> <span class='ocrx_word' id='word_1_404' title='bbox 2910 2903 2922 2938; x_wconf 92' lang='lat'>:</span> <span class='ocrx_word' id='word_1_405' title='bbox 2966 2905 2984 2940; x_wconf 76' lang='grc' dir='ltr'><strong>ι</strong></span> <span class='ocrx_word' id='word_1_406' title='bbox 3020 2888 3245 2943; x_wconf 91' lang='lat' dir='ltr'><strong>Dorsum</strong></span> <span class='ocrx_word' id='word_1_407' title='bbox 3287 2903 3466 2944; x_wconf 88' lang='lat' dir='ltr'><strong>meum</strong></span> 
     </span>
    </p>
   </div>
   <div class='ocr_carea' id='block_1_57' title="bbox 1891 2965 3464 3045">
    <p class='ocr_par' dir='ltr' id='par_1_57' title="bbox 1891 2965 3464 3045">
     <span class='ocr_line' id='line_1_58' title="bbox 1891 2965 3464 3045; baseline 0.006 -24"><span class='ocrx_word' id='word_1_408' title='bbox 1891 2967 2012 3022; x_wconf 88' lang='lat' dir='ltr'><strong>dedi</strong></span> <span class='ocrx_word' id='word_1_409' title='bbox 2045 2968 2096 3022; x_wconf 91' lang='lat' dir='ltr'><strong>in</strong></span> <span class='ocrx_word' id='word_1_410' title='bbox 2122 2965 2358 3038; x_wconf 83' lang='lat' dir='ltr'><strong>ﬂagella,</strong></span> <span class='ocrx_word' id='word_1_411' title='bbox 2389 2977 2441 3024; x_wconf 92' lang='lat' dir='ltr'><strong>et</strong></span> <span class='ocrx_word' id='word_1_412' title='bbox 2461 2970 2713 3027; x_wconf 78' lang='lat' dir='ltr'><strong>maxillas</strong></span> <span class='ocrx_word' id='word_1_413' title='bbox 2749 2988 2898 3028; x_wconf 87' lang='lat' dir='ltr'><strong>meas</strong></span> <span class='ocrx_word' id='word_1_414' title='bbox 2925 2973 2991 3027; x_wconf 88' lang='lat' dir='ltr'><strong>ad</strong></span> <span class='ocrx_word' id='word_1_415' title='bbox 3017 2974 3198 3045; x_wconf 88' lang='lat' dir='ltr'><strong>alapas</strong></span> <span class='ocrx_word' id='word_1_416' title='bbox 3227 2993 3240 3030; x_wconf 90' lang='lat'>:</span> <span class='ocrx_word' id='word_1_417' title='bbox 3271 2975 3464 3031; x_wconf 73' lang='lat' dir='ltr'><strong>faciem</strong></span> 
     </span>
    </p>
   </div>
   <div class='ocr_carea' id='block_1_58' title="bbox 1892 3056 3460 3135">
    <p class='ocr_par' dir='ltr' id='par_1_58' title="bbox 1892 3056 3460 3135">
     <span class='ocr_line' id='line_1_59' title="bbox 1892 3056 3460 3135; baseline 0.003 -22"><span class='ocrx_word' id='word_1_418' title='bbox 1892 3070 2070 3114; x_wconf 91' lang='lat' dir='ltr'><strong>autem</strong></span> <span class='ocrx_word' id='word_1_419' title='bbox 2095 3073 2272 3114; x_wconf 89' lang='lat' dir='ltr'><strong>meam</strong></span> <span class='ocrx_word' id='word_1_420' title='bbox 2300 3074 2406 3113; x_wconf 93' lang='lat' dir='ltr'><strong>non</strong></span> <span class='ocrx_word' id='word_1_421' title='bbox 2435 3059 2608 3116; x_wconf 86' lang='lat' dir='ltr'><strong>averti</strong></span> <span class='ocrx_word' id='word_1_422' title='bbox 2630 3076 2660 3117; x_wconf 91' lang='lat' dir='ltr'><strong>a</strong></span> <span class='ocrx_word' id='word_1_423' title='bbox 2690 3059 3003 3119; x_wconf 87' lang='lat' dir='ltr'><strong>c0ni&#39;usione</strong></span> <span class='ocrx_word' id='word_1_424' title='bbox 3031 3074 3310 3135; x_wconf 90' lang='lat' dir='ltr'><strong>sputorum</strong></span> <span class='ocrx_word' id='word_1_425' title='bbox 3336 3056 3460 3120; x_wconf 64' lang='lat'><strong>&quot;.9</strong></span> 
     </span>
    </p>
   </div>
   <div class='ocr_carea' id='block_1_59' title="bbox 245 3145 1787 3228">
    <p class='ocr_par' dir='ltr' id='par_1_59' title="bbox 245 3145 1784 3228">
     <span class='ocr_line' id='line_1_60' title="bbox 245 3145 1784 3228; baseline 0.01 -34"><span class='ocrx_word' id='word_1_426' title='bbox 245 3145 511 3214; x_wconf 65' lang='grc' dir='ltr'><strong>πρόσωπόν</strong></span> <span class='ocrx_word' id='word_1_427' title='bbox 542 3161 639 3217; x_wconf 86' lang='grc' dir='ltr'><strong>μου</strong></span> <span class='ocrx_word' id='word_1_428' title='bbox 684 3148 786 3201; x_wconf 73' lang='grc' dir='ltr'><strong>οὐκ</strong></span> <span class='ocrx_word' id='word_1_429' title='bbox 834 3151 1168 3221; x_wconf 78' lang='grc' dir='ltr'><strong>ἀπέστρεψα</strong></span> <span class='ocrx_word' id='word_1_430' title='bbox 1211 3153 1320 3207; x_wconf 75' lang='grc' dir='ltr'><strong>ἀπὸ</strong></span> <span class='ocrx_word' id='word_1_431' title='bbox 1370 3154 1632 3227; x_wconf 75' lang='grc' dir='ltr'><strong>αἰσχύνης</strong></span> <span class='ocrx_word' id='word_1_432' title='bbox 1685 3158 1784 3228; x_wconf 84' lang='grc' dir='ltr'><strong>ἐμ-</strong></span> 
     </span>
    </p>
   </div>
   <div class='ocr_carea' id='block_1_60' title="bbox 1891 3145 3466 3228">
    <p class='ocr_par' dir='ltr' id='par_1_60' title="bbox 1891 3150 3466 3228">
     <span class='ocr_line' id='line_1_61' title="bbox 1891 3150 3466 3228; baseline 0.003 -22"><span class='ocrx_word' id='word_1_433' title='bbox 1891 3150 1956 3206; x_wconf 83' lang='lat' dir='ltr'><strong>Et</strong></span> <span class='ocrx_word' id='word_1_434' title='bbox 1985 3151 2178 3207; x_wconf 85' lang='lat' dir='ltr'><strong>iterum</strong></span> <span class='ocrx_word' id='word_1_435' title='bbox 2206 3165 2220 3203; x_wconf 89' lang='lat'><strong>:</strong></span> <span class='ocrx_word' id='word_1_436' title='bbox 2259 3168 2278 3203; x_wconf 82' lang='grc' dir='ltr'><strong>ι</strong></span> <span class='ocrx_word' id='word_1_437' title='bbox 2319 3150 2443 3208; x_wconf 90' lang='lat' dir='ltr'><strong>ideo</strong></span> <span class='ocrx_word' id='word_1_438' title='bbox 2477 3167 2581 3208; x_wconf 92' lang='lat' dir='ltr'><strong>non</strong></span> <span class='ocrx_word' id='word_1_439' title='bbox 2613 3169 2732 3209; x_wconf 92' lang='lat' dir='ltr'><strong>sum</strong></span> <span class='ocrx_word' id='word_1_440' title='bbox 2761 3153 3015 3210; x_wconf 79' lang='lat' dir='ltr'><strong>confusus</strong></span> <span class='ocrx_word' id='word_1_441' title='bbox 3036 3195 3051 3222; x_wconf 91' lang='lat'><strong>,</strong></span> <span class='ocrx_word' id='word_1_442' title='bbox 3083 3157 3175 3212; x_wconf 92' lang='lat' dir='ltr'><strong>sed</strong></span> <span class='ocrx_word' id='word_1_443' title='bbox 3203 3159 3353 3228; x_wconf 91' lang='lat' dir='ltr'><strong>posui</strong></span> <span class='ocrx_word' id='word_1_444' title='bbox 3386 3159 3466 3213; x_wconf 74' lang='lat' dir='ltr'><strong>In-</strong></span> 
     </span>
    </p>
   </div>
   <div class='ocr_carea' id='block_1_61' title="bbox 244 3236 1783 3320">
    <p class='ocr_par' dir='ltr' id='par_1_61' title="bbox 244 3236 1783 3320">
     <span class='ocr_line' id='line_1_62' title="bbox 244 3236 1783 3320; baseline 0.009 -35"><span class='ocrx_word' id='word_1_445' title='bbox 244 3236 566 3305; x_wconf 75' lang='grc' dir='ltr'><strong>πτυσμάτων.</strong></span> <span class='ocrx_word' id='word_1_446' title='bbox 593 3256 612 3290; x_wconf 80' lang='grc' dir='ltr'><strong>ι</strong></span> <span class='ocrx_word' id='word_1_447' title='bbox 635 3239 742 3292; x_wconf 74' lang='grc' dir='ltr'><strong>Καὶ</strong></span> <span class='ocrx_word' id='word_1_448' title='bbox 769 3240 952 3294; x_wconf 70' lang='grc' dir='ltr'><strong>πάλιν*</strong></span> <span class='ocrx_word' id='word_1_449' title='bbox 985 3261 1002 3293; x_wconf 84' lang='grc' dir='ltr'><strong>ι</strong></span> <span class='ocrx_word' id='word_1_450' title='bbox 1027 3243 1125 3296; x_wconf 81' lang='grc' dir='ltr'><strong>Διὰ</strong></span> <span class='ocrx_word' id='word_1_451' title='bbox 1150 3243 1304 3299; x_wconf 81' lang='grc' dir='ltr'><strong>τοῦτο</strong></span> <span class='ocrx_word' id='word_1_452' title='bbox 1330 3245 1431 3299; x_wconf 83' lang='grc' dir='ltr'><strong>οὐκ</strong></span> <span class='ocrx_word' id='word_1_453' title='bbox 1459 3247 1783 3320; x_wconf 78' lang='grc' dir='ltr'><strong>ἐνετράπην,</strong></span> 
     </span>
    </p>
   </div>
   <div class='ocr_carea' id='block_1_62' title="bbox 244 3321 1783 3409">
    <p class='ocr_par' dir='ltr' id='par_1_62' title="bbox 244 3321 1783 3409">
     <span class='ocr_line' id='line_1_63' title="bbox 244 3321 1783 3409; baseline 0.011 -34"><span class='ocrx_word' id='word_1_454' title='bbox 244 3321 340 3375; x_wconf 81' lang='grc' dir='ltr'><strong>ἀλλ’</strong></span> <span class='ocrx_word' id='word_1_455' title='bbox 379 3323 540 3396; x_wconf 82' lang='grc' dir='ltr'><strong>ἔθηκα</strong></span> <span class='ocrx_word' id='word_1_456' title='bbox 586 3327 655 3380; x_wconf 79' lang='grc' dir='ltr'><strong>τὸ</strong></span> <span class='ocrx_word' id='word_1_457' title='bbox 695 3330 992 3399; x_wconf 80' lang='grc' dir='ltr'><strong>πρόσωπόν</strong></span> <span class='ocrx_word' id='word_1_458' title='bbox 1048 3348 1149 3401; x_wconf 79' lang='grc' dir='ltr'><strong>μου</strong></span> <span class='ocrx_word' id='word_1_459' title='bbox 1183 3331 1258 3397; x_wconf 83' lang='grc' dir='ltr'><strong>ὼς</strong></span> <span class='ocrx_word' id='word_1_460' title='bbox 1292 3335 1519 3405; x_wconf 83' lang='grc' dir='ltr'><strong>στερεὰν</strong></span> <span class='ocrx_word' id='word_1_461' title='bbox 1553 3337 1783 3409; x_wconf 81' lang='grc' dir='ltr'><strong>πέτραν,</strong></span> 
     </span>
    </p>
   </div>
   <div class='ocr_carea' id='block_1_63' title="bbox 242 3415 1787 3498">
    <p class='ocr_par' dir='ltr' id='par_1_63' title="bbox 242 3415 1787 3498">
     <span class='ocr_line' id='line_1_64' title="bbox 242 3415 1787 3498; baseline 0.011 -32"><span class='ocrx_word' id='word_1_462' title='bbox 242 3415 321 3466; x_wconf 81' lang='grc' dir='ltr'><strong>καί</strong></span> <span class='ocrx_word' id='word_1_463' title='bbox 360 3416 647 3483; x_wconf 72' lang='grc' dir='ltr'><strong>ἐγνωνὸτι</strong></span> <span class='ocrx_word' id='word_1_464' title='bbox 687 3420 750 3473; x_wconf 86' lang='grc' dir='ltr'><strong>οὐ</strong></span> <span class='ocrx_word' id='word_1_465' title='bbox 799 3421 874 3493; x_wconf 78' lang='grc' dir='ltr'><strong>μὴ</strong></span> <span class='ocrx_word' id='word_1_466' title='bbox 921 3424 1300 3494; x_wconf 82' lang='grc' dir='ltr'><strong>καταισχυνθῶ</strong></span> <span class='ocrx_word' id='word_1_467' title='bbox 1325 3465 1340 3491; x_wconf 86' lang='grc'><strong>,</strong></span> <span class='ocrx_word' id='word_1_468' title='bbox 1395 3427 1475 3480; x_wconf 83' lang='grc' dir='ltr'><strong>’ότι</strong></span> <span class='ocrx_word' id='word_1_469' title='bbox 1513 3429 1721 3498; x_wconf 76' lang='grc' dir='ltr'><strong>ἐγγίζει</strong></span> <span class='ocrx_word' id='word_1_470' title='bbox 1758 3430 1787 3483; x_wconf 89' lang='lat'><strong>6</strong></span> 
     </span>
    </p>
   </div>
   <div class='ocr_carea' id='block_1_64' title="bbox 240 3505 1786 3591">
    <p class='ocr_par' dir='ltr' id='par_1_64' title="bbox 240 3505 1786 3591">
     <span class='ocr_line' id='line_1_65' title="bbox 240 3505 1786 3591; baseline 0.011 -33"><span class='ocrx_word' id='word_1_471' title='bbox 240 3505 503 3573; x_wconf 74' lang='grc' dir='ltr'><strong>δικαιώσας</strong></span> <span class='ocrx_word' id='word_1_472' title='bbox 555 3528 654 3583; x_wconf 77' lang='grc' dir='ltr'><strong>με.</strong></span> <span class='ocrx_word' id='word_1_473' title='bbox 691 3530 710 3564; x_wconf 73' lang='grc' dir='ltr'><strong>ι</strong></span> <span class='ocrx_word' id='word_1_474' title='bbox 747 3511 913 3566; x_wconf 88' lang='grc' dir='ltr'><strong>Ὅσον</strong></span> <span class='ocrx_word' id='word_1_475' title='bbox 961 3514 1061 3584; x_wconf 80' lang='grc' dir='ltr'><strong>μὲν</strong></span> <span class='ocrx_word' id='word_1_476' title='bbox 1103 3515 1210 3588; x_wconf 81' lang='grc' dir='ltr'><strong>γὰρ</strong></span> <span class='ocrx_word' id='word_1_477' title='bbox 1259 3509 1396 3591; x_wconf 77' lang='grc' dir='ltr'><strong>ἧκεν</strong></span> <span class='ocrx_word' id='word_1_478' title='bbox 1452 3519 1532 3583; x_wconf 75' lang='grc' dir='ltr'><strong>εἷς</strong></span> <span class='ocrx_word' id='word_1_479' title='bbox 1579 3533 1644 3588; x_wconf 89' lang='grc' dir='ltr'><strong>γε</strong></span> <span class='ocrx_word' id='word_1_480' title='bbox 1690 3521 1786 3586; x_wconf 84' lang='grc' dir='ltr'><strong>τὰς</strong></span> 
     </span>
    </p>
   </div>
   <div class='ocr_carea' id='block_1_65' title="bbox 251 3596 1784 3681">
    <p class='ocr_par' dir='ltr' id='par_1_65' title="bbox 251 3596 1784 3681">
     <span class='ocr_line' id='line_1_66' title="bbox 251 3596 1784 3681; baseline 0.01 -30"><span class='ocrx_word' id='word_1_481' title='bbox 251 3596 503 3672; x_wconf 71' lang='grc' dir='ltr'><strong>Ἑλλήνων,</strong></span> <span class='ocrx_word' id='word_1_482' title='bbox 525 3603 626 3674; x_wconf 69' lang='grc' dir='ltr'><strong>καὶ</strong></span> <span class='ocrx_word' id='word_1_483' title='bbox 649 3604 838 3674; x_wconf 81' lang='grc' dir='ltr'><strong>μέντοι</strong></span> <span class='ocrx_word' id='word_1_484' title='bbox 874 3606 967 3658; x_wconf 76' lang='grc' dir='ltr'><strong>καὶ</strong></span> <span class='ocrx_word' id='word_1_485' title='bbox 1000 3606 1270 3660; x_wconf 80' lang='grc' dir='ltr'><strong>Ἰουδαίων</strong></span> <span class='ocrx_word' id='word_1_486' title='bbox 1301 3610 1524 3674; x_wconf 85' lang='grc' dir='ltr'><strong>ἀνοσίας</strong></span> <span class='ocrx_word' id='word_1_487' title='bbox 1561 3612 1784 3681; x_wconf 76' lang='grc' dir='ltr'><strong>ἀγέλας,</strong></span> 
     </span>
    </p>
   </div>
   <div class='ocr_carea' id='block_1_66' title="bbox 244 3690 1785 3775">
    <p class='ocr_par' dir='ltr' id='par_1_66' title="bbox 244 3690 1785 3775">
     <span class='ocr_line' id='line_1_67' title="bbox 244 3690 1785 3775; baseline 0.01 -33"><span class='ocrx_word' id='word_1_488' title='bbox 244 3690 499 3747; x_wconf 71' lang='grc' dir='ltr'><strong>σκανδαλόν</strong></span> <span class='ocrx_word' id='word_1_489' title='bbox 519 3712 580 3749; x_wconf 85' lang='grc' dir='ltr'><strong>τε</strong></span> <span class='ocrx_word' id='word_1_490' title='bbox 604 3695 745 3766; x_wconf 80' lang='grc' dir='ltr'><strong>ὁμοῦ</strong></span> <span class='ocrx_word' id='word_1_491' title='bbox 782 3697 874 3750; x_wconf 83' lang='grc' dir='ltr'><strong>καὶ</strong></span> <span class='ocrx_word' id='word_1_492' title='bbox 909 3697 1090 3769; x_wconf 83' lang='grc' dir='ltr'><strong>μωρία</strong></span> <span class='ocrx_word' id='word_1_493' title='bbox 1120 3699 1430 3770; x_wconf 83' lang='grc' dir='ltr'><strong>νενόμισται</strong></span> <span class='ocrx_word' id='word_1_494' title='bbox 1450 3701 1520 3755; x_wconf 79' lang='grc' dir='ltr'><strong>’τὸ</strong></span> <span class='ocrx_word' id='word_1_495' title='bbox 1546 3704 1785 3775; x_wconf 80' lang='grc' dir='ltr'><strong>Χριστοῦ</strong></span> 
     </span>
    </p>
   </div>
   <div class='ocr_carea' id='block_1_67' title="bbox 241 3785 1784 3864">
    <p class='ocr_par' dir='ltr' id='par_1_67' title="bbox 241 3785 1784 3864">
     <span class='ocr_line' id='line_1_68' title="bbox 241 3785 1784 3864; baseline 0.008 -30"><span class='ocrx_word' id='word_1_496' title='bbox 241 3785 506 3855; x_wconf 77' lang='grc' dir='ltr'><strong>μυστήριον</strong></span> <span class='ocrx_word' id='word_1_497' title='bbox 524 3802 539 3817; x_wconf 78' lang='grc'><strong>⁸</strong></span> <span class='ocrx_word' id='word_1_498' title='bbox 576 3788 981 3858; x_wconf 79' lang='grc' dir='ltr'><strong>καταμειδιῶσι</strong></span> <span class='ocrx_word' id='word_1_499' title='bbox 1005 3790 1114 3861; x_wconf 82' lang='grc' dir='ltr'><strong>γάρ</strong></span> <span class='ocrx_word' id='word_1_500' title='bbox 1141 3791 1189 3844; x_wconf 86' lang='grc' dir='ltr'><strong>οἰ</strong></span> <span class='ocrx_word' id='word_1_501' title='bbox 1215 3790 1444 3855; x_wconf 81' lang='grc' dir='ltr'><strong>τάλανες</strong></span> <span class='ocrx_word' id='word_1_502' title='bbox 1472 3792 1568 3846; x_wconf 81' lang='grc' dir='ltr'><strong>τοῦ</strong></span> <span class='ocrx_word' id='word_1_503' title='bbox 1601 3794 1784 3864; x_wconf 79' lang='grc' dir='ltr'><strong>τιμίου</strong></span> 
     </span>
    </p>
   </div>
   <div class='ocr_carea' id='block_1_68' title="bbox 239 3879 1784 3955">
    <p class='ocr_par' dir='ltr' id='par_1_68' title="bbox 239 3879 1784 3955">
     <span class='ocr_line' id='line_1_69' title="bbox 239 3879 1784 3955; baseline 0.006 -24"><span class='ocrx_word' id='word_1_504' title='bbox 239 3879 472 3949; x_wconf 78' lang='grc' dir='ltr'><strong>σταυροῦ·</strong></span> <span class='ocrx_word' id='word_1_505' title='bbox 515 3880 798 3953; x_wconf 75' lang='grc' dir='ltr'><strong>ἐκϐέϐηκε</strong></span> <span class='ocrx_word' id='word_1_506' title='bbox 841 3881 898 3935; x_wconf 84' lang='grc' dir='ltr'><strong>δὲ</strong></span> <span class='ocrx_word' id='word_1_507' title='bbox 942 3881 1044 3952; x_wconf 72' lang='grc' dir='ltr'><strong>τῆς</strong></span> <span class='ocrx_word' id='word_1_508' title='bbox 1087 3882 1352 3955; x_wconf 81' lang='grc' dir='ltr'><strong>δοκούσης</strong></span> <span class='ocrx_word' id='word_1_509' title='bbox 1389 3885 1572 3949; x_wconf 82' lang='grc' dir='ltr'><strong>αὐτοῖς</strong></span> <span class='ocrx_word' id='word_1_510' title='bbox 1622 3887 1784 3941; x_wconf 82' lang='grc' dir='ltr'><strong>ἀσθε-</strong></span> 
     </span>
    </p>
   </div>
   <div class='ocr_carea' id='block_1_69' title="bbox 234 3968 1785 4049">
    <p class='ocr_par' dir='ltr' id='par_1_69' title="bbox 234 3968 1785 4049">
     <span class='ocr_line' id='line_1_70' title="bbox 234 3968 1785 4049; baseline 0.009 -31"><span class='ocrx_word' id='word_1_511' title='bbox 234 3968 362 4031; x_wconf 78' lang='grc' dir='ltr'><strong>νείας</strong></span> <span class='ocrx_word' id='word_1_512' title='bbox 400 3970 457 4023; x_wconf 74' lang='grc' dir='ltr'><strong>τὸ</strong></span> <span class='ocrx_word' id='word_1_513' title='bbox 487 3971 676 4042; x_wconf 74' lang='grc' dir='ltr'><strong>πέρας</strong></span> <span class='ocrx_word' id='word_1_514' title='bbox 710 3975 789 4036; x_wconf 83' lang='grc' dir='ltr'><strong>εἰς</strong></span> <span class='ocrx_word' id='word_1_515' title='bbox 833 3973 1085 4038; x_wconf 85' lang='grc' dir='ltr'><strong>εὐκλείας</strong></span> <span class='ocrx_word' id='word_1_516' title='bbox 1135 3974 1366 4046; x_wconf 79' lang='grc' dir='ltr'><strong>δύναμιν</strong></span> <span class='ocrx_word' id='word_1_517' title='bbox 1418 3977 1519 4048; x_wconf 83' lang='grc' dir='ltr'><strong>τῆς</strong></span> <span class='ocrx_word' id='word_1_518' title='bbox 1568 3978 1785 4049; x_wconf 78' lang='grc' dir='ltr'><strong>άληθῶς</strong></span> 
     </span>
    </p>
   </div>
   <div class='ocr_carea' id='block_1_70' title="bbox 235 4054 1782 4141">
    <p class='ocr_par' dir='ltr' id='par_1_70' title="bbox 235 4054 1782 4141">
     <span class='ocr_line' id='line_1_71' title="bbox 235 4054 1782 4141; baseline 0.009 -31"><span class='ocrx_word' id='word_1_519' title='bbox 235 4054 709 4135; x_wconf 62' lang='grc' dir='ltr'><strong>θεοπμπεπάτης.</strong></span> <span class='ocrx_word' id='word_1_520' title='bbox 740 4064 1180 4137; x_wconf 79' lang='grc' dir='ltr'><strong>Μεμαρτύρηται</strong></span> <span class='ocrx_word' id='word_1_521' title='bbox 1214 4067 1324 4140; x_wconf 81' lang='grc' dir='ltr'><strong>γὰρ</strong></span> <span class='ocrx_word' id='word_1_522' title='bbox 1360 4067 1450 4122; x_wconf 82' lang='grc' dir='ltr'><strong>διὰ</strong></span> <span class='ocrx_word' id='word_1_523' title='bbox 1479 4069 1579 4141; x_wconf 76' lang='grc' dir='ltr'><strong>τῆς</strong></span> <span class='ocrx_word' id='word_1_524' title='bbox 1604 4072 1667 4123; x_wconf 82' lang='grc' dir='ltr'><strong>ἐκ</strong></span> <span class='ocrx_word' id='word_1_525' title='bbox 1694 4089 1782 4124; x_wconf 80' lang='grc' dir='ltr'><strong>νε-</strong></span> 
     </span>
    </p>
   </div>
   <div class='ocr_carea' id='block_1_71' title="bbox 234 4155 1782 4233">
    <p class='ocr_par' dir='ltr' id='par_1_71' title="bbox 234 4155 1782 4233">
     <span class='ocr_line' id='line_1_72' title="bbox 234 4155 1782 4233; baseline 0.011 -30"><span class='ocrx_word' id='word_1_526' title='bbox 234 4155 358 4223; x_wconf 80' lang='grc' dir='ltr'><strong>κρῶν</strong></span> <span class='ocrx_word' id='word_1_527' title='bbox 397 4157 754 4222; x_wconf 78' lang='grc' dir='ltr'><strong>ἀναστάσεως</strong></span> <span class='ocrx_word' id='word_1_528' title='bbox 780 4200 794 4226; x_wconf 86' lang='grc'><strong>,</strong></span> <span class='ocrx_word' id='word_1_529' title='bbox 828 4160 912 4213; x_wconf 80' lang='grc' dir='ltr'><strong>ὅτι</strong></span> <span class='ocrx_word' id='word_1_530' title='bbox 940 4177 1000 4213; x_wconf 89' lang='grc' dir='ltr'><strong>τε</strong></span> <span class='ocrx_word' id='word_1_531' title='bbox 1039 4162 1125 4233; x_wconf 74' lang='grc' dir='ltr'><strong>εἴη</strong></span> <span class='ocrx_word' id='word_1_532' title='bbox 1155 4161 1310 4226; x_wconf 75' lang='grc' dir='ltr'><strong>Θεὸς,</strong></span> <span class='ocrx_word' id='word_1_533' title='bbox 1350 4165 1444 4217; x_wconf 71' lang='grc' dir='ltr'><strong>καὶ</strong></span> <span class='ocrx_word' id='word_1_534' title='bbox 1472 4164 1607 4217; x_wconf 86' lang='grc' dir='ltr'><strong>Θεοῦ</strong></span> <span class='ocrx_word' id='word_1_535' title='bbox 1640 4165 1782 4220; x_wconf 66' lang='grc' dir='ltr'><strong>κατὰ</strong></span> 
     </span>
    </p>
   </div>
   <div class='ocr_carea' id='block_1_72' title="bbox 232 4243 1779 4329">
    <p class='ocr_par' dir='ltr' id='par_1_72' title="bbox 232 4243 1779 4329">
     <span class='ocr_line' id='line_1_73' title="bbox 232 4243 1779 4329; baseline 0.009 -33"><span class='ocrx_word' id='word_1_536' title='bbox 232 4243 455 4316; x_wconf 67' lang='grc' dir='ltr'><strong>ἀλήθειαν</strong></span> <span class='ocrx_word' id='word_1_537' title='bbox 496 4250 637 4309; x_wconf 77' lang='grc' dir='ltr'>Υἱὸς</span> <span class='ocrx_word' id='word_1_538' title='bbox 658 4288 674 4312; x_wconf 83' lang='grc'><strong>,</strong></span> <span class='ocrx_word' id='word_1_539' title='bbox 723 4250 797 4314; x_wconf 81' lang='grc' dir='ltr'><strong>ὡς</strong></span> <span class='ocrx_word' id='word_1_540' title='bbox 846 4251 1080 4306; x_wconf 83' lang='grc' dir='ltr'><strong>θανάτου</strong></span> <span class='ocrx_word' id='word_1_541' title='bbox 1128 4255 1392 4322; x_wconf 78' lang='grc' dir='ltr'><strong>κρείττων</strong></span> <span class='ocrx_word' id='word_1_542' title='bbox 1426 4255 1519 4308; x_wconf 75' lang='grc' dir='ltr'><strong>καὶ</strong></span> <span class='ocrx_word' id='word_1_543' title='bbox 1553 4256 1779 4329; x_wconf 79' lang='grc' dir='ltr'><strong>φθορᾶς,</strong></span> 
     </span>
    </p>
   </div>
   <div class='ocr_carea' id='block_1_73' title="bbox 232 4336 1782 4418">
    <p class='ocr_par' dir='ltr' id='par_1_73' title="bbox 232 4336 1782 4418">
     <span class='ocr_line' id='line_1_74' title="bbox 232 4336 1782 4418; baseline 0.008 -30"><span class='ocrx_word' id='word_1_544' title='bbox 232 4336 307 4387; x_wconf 83' lang='grc' dir='ltr'><strong>καί</strong></span> <span class='ocrx_word' id='word_1_545' title='bbox 345 4338 472 4408; x_wconf 75' lang='grc' dir='ltr'><strong>όμοῦ</strong></span> <span class='ocrx_word' id='word_1_546' title='bbox 502 4336 587 4412; x_wconf 80' lang='grc' dir='ltr'><strong>τῷ</strong></span> <span class='ocrx_word' id='word_1_547' title='bbox 638 4341 995 4413; x_wconf 82' lang='grc' dir='ltr'><strong>Γεγεννηκότι</strong></span> <span class='ocrx_word' id='word_1_548' title='bbox 1024 4347 1415 4415; x_wconf 74' lang='grc' dir='ltr'><strong>προσκυνεῖται</strong></span> <span class='ocrx_word' id='word_1_549' title='bbox 1457 4349 1606 4418; x_wconf 69' lang='grc' dir='ltr'><strong>παρὰ</strong></span> <span class='ocrx_word' id='word_1_550' title='bbox 1647 4348 1782 4400; x_wconf 68' lang='grc' dir='ltr'><strong>πάνυ</strong></span> 
     </span>
    </p>
   </div>
   <div class='ocr_carea' id='block_1_74' title="bbox 231 4431 1778 4514">
    <p class='ocr_par' dir='ltr' id='par_1_74' title="bbox 231 4431 1778 4514">
     <span class='ocr_line' id='line_1_75' title="bbox 231 4431 1778 4514; baseline 0.008 -35"><span class='ocrx_word' id='word_1_551' title='bbox 231 4442 333 4480; x_wconf 81' lang='grc' dir='ltr'><strong>των.</strong></span> <span class='ocrx_word' id='word_1_552' title='bbox 362 4431 561 4485; x_wconf 80' lang='grc' dir='ltr'><strong>’Δκουε</strong></span> <span class='ocrx_word' id='word_1_553' title='bbox 615 4431 673 4484; x_wconf 75' lang='grc' dir='ltr'><strong>δὲ</strong></span> <span class='ocrx_word' id='word_1_554' title='bbox 721 4433 1149 4504; x_wconf 84' lang='grc' dir='ltr'><strong>διακεκραγότος</strong></span> <span class='ocrx_word' id='word_1_555' title='bbox 1179 4437 1311 4514; x_wconf 74' lang='grc' dir='ltr'><strong>ἡμῖν</strong></span> <span class='ocrx_word' id='word_1_556' title='bbox 1361 4437 1493 4490; x_wconf 78' lang='grc' dir='ltr'><strong>αὐτὸ</strong></span> <span class='ocrx_word' id='word_1_557' title='bbox 1525 4438 1590 4509; x_wconf 76' lang='grc' dir='ltr'><strong>δὴ</strong></span> <span class='ocrx_word' id='word_1_558' title='bbox 1621 4437 1778 4492; x_wconf 81' lang='grc' dir='ltr'><strong>τοῦτο</strong></span> 
     </span>
    </p>
   </div>
   <div class='ocr_carea' id='block_1_75' title="bbox 229 4520 1777 4604">
    <p class='ocr_par' dir='ltr' id='par_1_75' title="bbox 229 4520 1777 4604">
     <span class='ocr_line' id='line_1_76' title="bbox 229 4520 1777 4604; baseline 0.006 -28"><span class='ocrx_word' id='word_1_559' title='bbox 229 4520 525 4596; x_wconf 67' lang='grc' dir='ltr'><strong>Γράίιματος</strong></span> <span class='ocrx_word' id='word_1_560' title='bbox 555 4527 708 4600; x_wconf 74' lang='grc' dir='ltr'><strong>ἱεροῦ</strong></span> <span class='ocrx_word' id='word_1_561' title='bbox 727 4542 746 4560; x_wconf 73' lang='grc'>⁶</span> <span class='ocrx_word' id='word_1_562' title='bbox 786 4547 807 4582; x_wconf 69' lang='grc' dir='ltr'><strong>τ</strong></span> <span class='ocrx_word' id='word_1_563' title='bbox 835 4528 991 4584; x_wconf 76' lang='grc' dir='ltr'><strong>Οὕτω</strong></span> <span class='ocrx_word' id='word_1_564' title='bbox 1020 4529 1170 4600; x_wconf 78' lang='grc' dir='ltr'><strong>λέγει</strong></span> <span class='ocrx_word' id='word_1_565' title='bbox 1210 4530 1444 4604; x_wconf 80' lang='grc' dir='ltr'><strong>Κύριος·</strong></span> <span class='ocrx_word' id='word_1_566' title='bbox 1482 4532 1777 4600; x_wconf 71' lang='grc' dir='ltr'><strong>Ἀγιᾶσατε</strong></span> 
     </span>
    </p>
   </div>
   <div class='ocr_carea' id='block_1_76' title="bbox 228 4613 1778 4694">
    <p class='ocr_par' dir='ltr' id='par_1_76' title="bbox 228 4613 1778 4694">
     <span class='ocr_line' id='line_1_77' title="bbox 228 4613 1778 4694; baseline 0.008 -30"><span class='ocrx_word' id='word_1_567' title='bbox 228 4613 302 4666; x_wconf 76' lang='grc' dir='ltr'><strong>τὸν</strong></span> <span class='ocrx_word' id='word_1_568' title='bbox 325 4618 648 4685; x_wconf 75' lang='grc' dir='ltr'><strong>φαυλίζοντα</strong></span> <span class='ocrx_word' id='word_1_569' title='bbox 671 4620 772 4691; x_wconf 80' lang='grc' dir='ltr'><strong>τὴν</strong></span> <span class='ocrx_word' id='word_1_570' title='bbox 797 4619 974 4690; x_wconf 78' lang='grc' dir='ltr'><strong>ψυχὴν</strong></span> <span class='ocrx_word' id='word_1_571' title='bbox 1007 4620 1195 4685; x_wconf 82' lang='grc' dir='ltr'><strong>αὐτοῦ,</strong></span> <span class='ocrx_word' id='word_1_572' title='bbox 1231 4621 1322 4676; x_wconf 80' lang='grc' dir='ltr'><strong>τὸν</strong></span> <span class='ocrx_word' id='word_1_573' title='bbox 1355 4621 1778 4694; x_wconf 83' lang='grc' dir='ltr'><strong>βδελυσσόμενον</strong></span> 
     </span>
    </p>
   </div>
   <div class='ocr_carea' id='block_1_77' title="bbox 232 4703 1775 4785">
    <p class='ocr_par' dir='ltr' id='par_1_77' title="bbox 232 4703 1775 4785">
     <span class='ocr_line' id='line_1_78' title="bbox 232 4703 1775 4785; baseline 0.009 -29"><span class='ocrx_word' id='word_1_574' title='bbox 232 4703 315 4758; x_wconf 70' lang='grc' dir='ltr'><strong>ὑπὸ</strong></span> <span class='ocrx_word' id='word_1_575' title='bbox 355 4710 457 4763; x_wconf 83' lang='grc' dir='ltr'><strong>τῶν</strong></span> <span class='ocrx_word' id='word_1_576' title='bbox 502 4709 706 4774; x_wconf 83' lang='grc' dir='ltr'><strong>ἐθνῶν,</strong></span> <span class='ocrx_word' id='word_1_577' title='bbox 756 4710 864 4764; x_wconf 86' lang='grc' dir='ltr'><strong>τῶν</strong></span> <span class='ocrx_word' id='word_1_578' title='bbox 901 4710 1127 4780; x_wconf 82' lang='grc' dir='ltr'><strong>δούλων,</strong></span> <span class='ocrx_word' id='word_1_579' title='bbox 1162 4712 1272 4765; x_wconf 82' lang='grc' dir='ltr'><strong>τῶν</strong></span> <span class='ocrx_word' id='word_1_580' title='bbox 1315 4713 1588 4783; x_wconf 76' lang='grc' dir='ltr'><strong>ἀρχόντων</strong></span> <span class='ocrx_word' id='word_1_581' title='bbox 1640 4715 1775 4785; x_wconf 74' lang='grc'><strong>(57).</strong></span> 
     </span>
    </p>
   </div>
   <div class='ocr_carea' id='block_1_78' title="bbox 231 4798 1780 4876">
    <p class='ocr_par' dir='ltr' id='par_1_78' title="bbox 231 4798 1780 4876">
     <span class='ocr_line' id='line_1_79' title="bbox 231 4798 1780 4876; baseline 0.006 -26"><span class='ocrx_word' id='word_1_582' title='bbox 231 4798 440 4865; x_wconf 77' lang='grc' dir='ltr'><strong>Βασιλεῖς</strong></span> <span class='ocrx_word' id='word_1_583' title='bbox 465 4802 698 4872; x_wconf 52' lang='lat' dir='ltr'><strong>Movent</strong></span> <span class='ocrx_word' id='word_1_584' title='bbox 734 4803 916 4867; x_wconf 78' lang='grc' dir='ltr'><strong>αὐτὸν,</strong></span> <span class='ocrx_word' id='word_1_585' title='bbox 953 4803 1048 4856; x_wconf 79' lang='grc' dir='ltr'><strong>καὶ</strong></span> <span class='ocrx_word' id='word_1_586' title='bbox 1090 4804 1486 4876; x_wconf 78' lang='grc' dir='ltr'><strong>ἀναστήσονται</strong></span> <span class='ocrx_word' id='word_1_587' title='bbox 1519 4805 1780 4876; x_wconf 82' lang='grc' dir='ltr'><strong>ἄρχοντες</strong></span> 
     </span>
    </p>
   </div>
   <div class='ocr_carea' id='block_1_79' title="bbox 231 4893 1776 4968">
    <p class='ocr_par' dir='ltr' id='par_1_79' title="bbox 231 4893 1776 4968">
     <span class='ocr_line' id='line_1_80' title="bbox 231 4893 1776 4968; baseline 0.005 -26"><span class='ocrx_word' id='word_1_588' title='bbox 231 4893 306 4943; x_wconf 71' lang='grc' dir='ltr'><strong>καὶ</strong></span> <span class='ocrx_word' id='word_1_589' title='bbox 341 4896 812 4967; x_wconf 81' lang='grc' dir='ltr'><strong>προσκυνήσουσιν</strong></span> <span class='ocrx_word' id='word_1_590' title='bbox 856 4893 1023 4964; x_wconf 75' lang='grc' dir='ltr'><strong>αὐτῷ.</strong></span> <span class='ocrx_word' id='word_1_591' title='bbox 1071 4913 1090 4947; x_wconf 78' lang='grc' dir='ltr'><strong>ι</strong></span> <span class='ocrx_word' id='word_1_592' title='bbox 1149 4896 1497 4965; x_wconf 82' lang='grc' dir='ltr'><strong>ὐμολογεῖτε</strong></span> <span class='ocrx_word' id='word_1_593' title='bbox 1522 4936 1537 4961; x_wconf 91' lang='grc'><strong>,</strong></span> <span class='ocrx_word' id='word_1_594' title='bbox 1588 4897 1776 4968; x_wconf 72' lang='grc' dir='ltr'><strong>φησὶν,</strong></span> 
     </span>
    </p>
   </div>
   <div class='ocr_carea' id='block_1_80' title="bbox 229 4980 1776 5057">
    <p class='ocr_par' dir='ltr' id='par_1_80' title="bbox 229 4980 1776 5057">
     <span class='ocr_line' id='line_1_81' title="bbox 229 4980 1776 5057; baseline 0.005 -24"><span class='ocrx_word' id='word_1_595' title='bbox 229 4980 357 5048; x_wconf 70' lang='grc' dir='ltr'><strong>ἅγιον</strong></span> <span class='ocrx_word' id='word_1_596' title='bbox 392 4981 532 5040; x_wconf 75' lang='grc' dir='ltr'><strong>εἶναι</strong></span> <span class='ocrx_word' id='word_1_597' title='bbox 563 4986 708 5039; x_wconf 80' lang='grc' dir='ltr'><strong>κατὰ</strong></span> <span class='ocrx_word' id='word_1_598' title='bbox 744 4985 906 5056; x_wconf 77' lang='grc' dir='ltr'><strong>φύσιν</strong></span> <span class='ocrx_word' id='word_1_599' title='bbox 933 4985 1009 5048; x_wconf 86' lang='grc' dir='ltr'><strong>ὡς</strong></span> <span class='ocrx_word' id='word_1_600' title='bbox 1046 4986 1212 5040; x_wconf 82' lang='grc' dir='ltr'><strong>Θεόν’</strong></span> <span class='ocrx_word' id='word_1_601' title='bbox 1251 4986 1344 5041; x_wconf 82' lang='grc' dir='ltr'><strong>τὸν</strong></span> <span class='ocrx_word' id='word_1_602' title='bbox 1375 4987 1477 5057; x_wconf 78' lang='grc' dir='ltr'><strong>τὴν</strong></span> <span class='ocrx_word' id='word_1_603' title='bbox 1515 4987 1647 5041; x_wconf 79' lang='grc' dir='ltr'><strong>ἰδίαν</strong></span> <span class='ocrx_word' id='word_1_604' title='bbox 1672 4988 1776 5057; x_wconf 75' lang='grc' dir='ltr'><strong>ψυ-</strong></span> 
     </span>
    </p>
   </div>
   <div class='ocr_carea' id='block_1_81' title="bbox 230 5073 1776 5149">
    <p class='ocr_par' dir='ltr' id='par_1_81' title="bbox 230 5073 1776 5149">
     <span class='ocr_line' id='line_1_82' title="bbox 230 5073 1776 5149; baseline 0.006 -24"><span class='ocrx_word' id='word_1_605' title='bbox 230 5073 313 5144; x_wconf 67' lang='grc' dir='ltr'><strong>χὴν</strong></span> <span class='ocrx_word' id='word_1_606' title='bbox 339 5077 748 5146; x_wconf 73' lang='grc' dir='ltr'><strong>ἐκφαυλίζοντα,</strong></span> <span class='ocrx_word' id='word_1_607' title='bbox 797 5077 1067 5146; x_wconf 84' lang='grc' dir='ltr'><strong>τουτέστι,</strong></span> <span class='ocrx_word' id='word_1_608' title='bbox 1116 5079 1208 5132; x_wconf 80' lang='grc' dir='ltr'><strong>τὸν</strong></span> <span class='ocrx_word' id='word_1_609' title='bbox 1239 5079 1337 5149; x_wconf 83' lang='grc' dir='ltr'><strong>τῆς</strong></span> <span class='ocrx_word' id='word_1_610' title='bbox 1368 5079 1565 5134; x_wconf 77' lang='grc' dir='ltr'><strong>ἑαυτοῦ</strong></span> <span class='ocrx_word' id='word_1_611' title='bbox 1604 5098 1776 5135; x_wconf 83' lang='grc' dir='ltr'><strong>κατα-</strong></span> 
     </span>
    </p>
   </div>
   <div class='ocr_carea' id='block_1_82' title="bbox 232 5169 1771 5243">
    <p class='ocr_par' dir='ltr' id='par_1_82' title="bbox 232 5169 1771 5243">
     <span class='ocr_line' id='line_1_83' title="bbox 232 5169 1771 5243; baseline -0.009 -4"><span class='ocrx_word' id='word_1_612' title='bbox 232 5170 546 5237; x_wconf 60' lang='lat' dir='ltr'><strong>WW&#39;NW‘M</strong></span> <span class='ocrx_word' id='word_1_613' title='bbox 594 5170 793 5241; x_wconf 71' lang='grc' dir='ltr'><strong>ψυχῆς.</strong></span> <span class='ocrx_word' id='word_1_614' title='bbox 840 5169 1065 5224; x_wconf 86' lang='grc' dir='ltr'><strong>Τέθεικε</strong></span> <span class='ocrx_word' id='word_1_615' title='bbox 1108 5171 1217 5243; x_wconf 84' lang='grc' dir='ltr'><strong>γὰρ</strong></span> <span class='ocrx_word' id='word_1_616' title='bbox 1258 5171 1427 5243; x_wconf 77' lang='grc' dir='ltr'><strong>αὐτὴν</strong></span> <span class='ocrx_word' id='word_1_617' title='bbox 1474 5173 1615 5240; x_wconf 85' lang='grc' dir='ltr'><strong>ὑπὲρ</strong></span> <span class='ocrx_word' id='word_1_618' title='bbox 1661 5173 1771 5228; x_wconf 84' lang='grc' dir='ltr'><strong>τῶν</strong></span> 
     </span>
    </p>
   </div>
   <div class='ocr_carea' id='block_1_83' title="bbox 1889 3243 3464 3320">
    <p class='ocr_par' dir='ltr' id='par_1_83' title="bbox 1889 3243 3464 3320">
     <span class='ocr_line' id='line_1_84' title="bbox 1889 3243 3464 3320; baseline 0.005 -22"><span class='ocrx_word' id='word_1_619' title='bbox 1889 3243 2028 3298; x_wconf 89' lang='lat' dir='ltr'><strong>ciem</strong></span> <span class='ocrx_word' id='word_1_620' title='bbox 2059 3258 2232 3298; x_wconf 87' lang='lat' dir='ltr'><strong>meam</strong></span> <span class='ocrx_word' id='word_1_621' title='bbox 2265 3253 2323 3297; x_wconf 92' lang='lat' dir='ltr'><strong>ut</strong></span> <span class='ocrx_word' id='word_1_622' title='bbox 2352 3245 2540 3299; x_wconf 88' lang='lat' dir='ltr'><strong>duram</strong></span> <span class='ocrx_word' id='word_1_623' title='bbox 2586 3253 2818 3314; x_wconf 89' lang='lat' dir='ltr'><strong>petram,</strong></span> <span class='ocrx_word' id='word_1_624' title='bbox 2842 3255 2897 3303; x_wconf 85' lang='lat' dir='ltr'><strong>et</strong></span> <span class='ocrx_word' id='word_1_625' title='bbox 2925 3248 3148 3316; x_wconf 75' lang='lat' dir='ltr'><strong>cognovi</strong></span> <span class='ocrx_word' id='word_1_626' title='bbox 3179 3251 3321 3320; x_wconf 87' lang='lat' dir='ltr'><strong>quod</strong></span> <span class='ocrx_word' id='word_1_627' title='bbox 3357 3265 3464 3306; x_wconf 88' lang='lat' dir='ltr'><strong>non</strong></span> 
     </span>
    </p>
   </div>
   <div class='ocr_carea' id='block_1_84' title="bbox 1889 3335 3458 3412">
    <p class='ocr_par' dir='ltr' id='par_1_84' title="bbox 1889 3335 3458 3412">
     <span class='ocr_line' id='line_1_85' title="bbox 1889 3335 3458 3412; baseline 0.003 -18"><span class='ocrx_word' id='word_1_628' title='bbox 1889 3335 2211 3406; x_wconf 83' lang='lat' dir='ltr'><strong>cnnt‘undar,</strong></span> <span class='ocrx_word' id='word_1_629' title='bbox 2266 3339 2390 3409; x_wconf 91' lang='lat' dir='ltr'><strong>quia</strong></span> <span class='ocrx_word' id='word_1_630' title='bbox 2435 3354 2603 3410; x_wconf 88' lang='lat' dir='ltr'><strong>prope</strong></span> <span class='ocrx_word' id='word_1_631' title='bbox 2654 3350 2738 3396; x_wconf 86' lang='lat' dir='ltr'><strong>est</strong></span> <span class='ocrx_word' id='word_1_632' title='bbox 2780 3341 2869 3412; x_wconf 92' lang='lat' dir='ltr'><strong>qui</strong></span> <span class='ocrx_word' id='word_1_633' title='bbox 2909 3339 3169 3411; x_wconf 84' lang='lat' dir='ltr'><strong>justiiicat</strong></span> <span class='ocrx_word' id='word_1_634' title='bbox 3219 3344 3385 3400; x_wconf 78' lang='lat' dir='ltr'><strong>rue&quot;.</strong></span> <span class='ocrx_word' id='word_1_635' title='bbox 3439 3364 3458 3398; x_wconf 80' lang='grc' dir='ltr'><strong>ι</strong></span> 
     </span>
    </p>
   </div>
   <div class='ocr_carea' id='block_1_85' title="bbox 1887 3428 3465 3506">
    <p class='ocr_par' dir='ltr' id='par_1_85' title="bbox 1887 3428 3465 3506">
     <span class='ocr_line' id='line_1_86' title="bbox 1887 3428 3465 3506; baseline 0.004 -20"><span class='ocrx_word' id='word_1_636' title='bbox 1887 3428 2021 3486; x_wconf 88' lang='lat' dir='ltr'><strong>Nam</strong></span> <span class='ocrx_word' id='word_1_637' title='bbox 2047 3432 2189 3501; x_wconf 91' lang='lat' dir='ltr'><strong>quod</strong></span> <span class='ocrx_word' id='word_1_638' title='bbox 2223 3432 2419 3486; x_wconf 82' lang='lat' dir='ltr'><strong>attinet</strong></span> <span class='ocrx_word' id='word_1_639' title='bbox 2448 3431 2517 3486; x_wconf 82' lang='lat' dir='ltr'><strong>ad</strong></span> <span class='ocrx_word' id='word_1_640' title='bbox 2551 3433 2830 3504; x_wconf 76' lang='lat' dir='ltr'><strong>gentilium</strong></span> <span class='ocrx_word' id='word_1_641' title='bbox 2867 3445 3028 3506; x_wconf 84' lang='lat' dir='ltr'><strong>atque</strong></span> <span class='ocrx_word' id='word_1_642' title='bbox 3058 3436 3220 3491; x_wconf 88' lang='lat' dir='ltr'><strong>etiam</strong></span> <span class='ocrx_word' id='word_1_643' title='bbox 3253 3434 3465 3493; x_wconf 66' lang='lat' dir='ltr'><strong>Judaeu-</strong></span> 
     </span>
    </p>
   </div>
   <div class='ocr_carea' id='block_1_86' title="bbox 1892 3522 3464 3594">
    <p class='ocr_par' dir='ltr' id='par_1_86' title="bbox 1892 3522 3464 3594">
     <span class='ocr_line' id='line_1_87' title="bbox 1892 3522 3464 3594; baseline 0.005 -16"><span class='ocrx_word' id='word_1_644' title='bbox 1892 3522 2278 3594; x_wconf 28' lang='lat' dir='ltr'><strong>rum,impiam</strong></span> <span class='ocrx_word' id='word_1_645' title='bbox 2323 3526 2557 3592; x_wconf 88' lang='lat' dir='ltr'><strong>turbam,</strong></span> <span class='ocrx_word' id='word_1_646' title='bbox 2593 3527 2908 3582; x_wconf 84' lang='lat' dir='ltr'><strong>scandalum</strong></span> <span class='ocrx_word' id='word_1_647' title='bbox 2948 3529 3106 3584; x_wconf 88' lang='lat' dir='ltr'><strong>simul</strong></span> <span class='ocrx_word' id='word_1_648' title='bbox 3152 3537 3205 3585; x_wconf 92' lang='lat' dir='ltr'><strong>ct</strong></span> <span class='ocrx_word' id='word_1_649' title='bbox 3238 3531 3464 3586; x_wconf 82' lang='lat' dir='ltr'><strong>stultitia</strong></span> 
     </span>
    </p>
   </div>
   <div class='ocr_carea' id='block_1_87' title="bbox 1887 3614 3464 3689">
    <p class='ocr_par' dir='ltr' id='par_1_87' title="bbox 1887 3614 3464 3689">
     <span class='ocr_line' id='line_1_88' title="bbox 1887 3614 3464 3689; baseline 0.004 -21"><span class='ocrx_word' id='word_1_650' title='bbox 1887 3614 2257 3669; x_wconf 80' lang='lat' dir='ltr'><strong>existimatum</strong></span> <span class='ocrx_word' id='word_1_651' title='bbox 2290 3625 2373 3670; x_wconf 88' lang='lat' dir='ltr'><strong>est</strong></span> <span class='ocrx_word' id='word_1_652' title='bbox 2401 3615 2605 3672; x_wconf 89' lang='lat' dir='ltr'><strong>Christi</strong></span> <span class='ocrx_word' id='word_1_653' title='bbox 2641 3621 2981 3689; x_wconf 80' lang='lat' dir='ltr'><strong>mysterium.</strong></span> <span class='ocrx_word' id='word_1_654' title='bbox 3026 3619 3284 3674; x_wconf 82' lang='lat' dir='ltr'><strong>Derident</strong></span> <span class='ocrx_word' id='word_1_655' title='bbox 3310 3638 3464 3675; x_wconf 89' lang='lat' dir='ltr'><strong>nam-</strong></span> 
     </span>
    </p>
   </div>
   <div class='ocr_carea' id='block_1_88' title="bbox 1887 3703 3461 3778">
    <p class='ocr_par' dir='ltr' id='par_1_88' title="bbox 1887 3703 3461 3778">
     <span class='ocr_line' id='line_1_89' title="bbox 1887 3703 3461 3778; baseline 0.003 -20"><span class='ocrx_word' id='word_1_656' title='bbox 1887 3718 1994 3774; x_wconf 91' lang='lat' dir='ltr'><strong>que</strong></span> <span class='ocrx_word' id='word_1_657' title='bbox 2027 3703 2210 3760; x_wconf 88' lang='lat' dir='ltr'><strong>miseri</strong></span> <span class='ocrx_word' id='word_1_658' title='bbox 2237 3705 2601 3760; x_wconf 84' lang='lat' dir='ltr'><strong>venerandam</strong></span> <span class='ocrx_word' id='word_1_659' title='bbox 2638 3721 2894 3772; x_wconf 89' lang='lat' dir='ltr'><strong>cruccm;</strong></span> <span class='ocrx_word' id='word_1_660' title='bbox 2936 3709 3028 3763; x_wconf 89' lang='lat' dir='ltr'><strong>sed</strong></span> <span class='ocrx_word' id='word_1_661' title='bbox 3069 3707 3185 3778; x_wconf 78' lang='lat' dir='ltr'><strong>ejus</strong></span> <span class='ocrx_word' id='word_1_662' title='bbox 3229 3707 3461 3763; x_wconf 81' lang='lat' dir='ltr'><strong>inﬁrmi-</strong></span> 
     </span>
    </p>
   </div>
   <div class='ocr_carea' id='block_1_89' title="bbox 1886 3796 3461 3872">
    <p class='ocr_par' dir='ltr' id='par_1_89' title="bbox 1886 3796 3461 3872">
     <span class='ocr_line' id='line_1_90' title="bbox 1886 3796 3461 3872; baseline 0.004 -22"><span class='ocrx_word' id='word_1_663' title='bbox 1886 3796 2043 3865; x_wconf 87' lang='lat' dir='ltr'><strong>tatis,</strong></span> <span class='ocrx_word' id='word_1_664' title='bbox 2080 3807 2136 3850; x_wconf 93' lang='lat' dir='ltr'><strong>ut</strong></span> <span class='ocrx_word' id='word_1_665' title='bbox 2170 3797 2272 3866; x_wconf 87' lang='lat' dir='ltr'><strong>ipsi</strong></span> <span class='ocrx_word' id='word_1_666' title='bbox 2308 3797 2621 3866; x_wconf 78' lang='lat' dir='ltr'><strong>Opinantur,</strong></span> <span class='ocrx_word' id='word_1_667' title='bbox 2657 3799 2780 3852; x_wconf 80' lang='lat' dir='ltr'><strong>linis</strong></span> <span class='ocrx_word' id='word_1_668' title='bbox 2817 3800 2992 3855; x_wconf 82' lang='lat' dir='ltr'><strong>evasit</strong></span> <span class='ocrx_word' id='word_1_669' title='bbox 3036 3802 3101 3854; x_wconf 91' lang='lat' dir='ltr'><strong>ad</strong></span> <span class='ocrx_word' id='word_1_670' title='bbox 3139 3802 3461 3872; x_wconf 77' lang='lat' dir='ltr'><strong>magnitudi-</strong></span> 
     </span>
    </p>
   </div>
   <div class='ocr_carea' id='block_1_90' title="bbox 1887 3888 3463 3960">
    <p class='ocr_par' dir='ltr' id='par_1_90' title="bbox 1887 3888 3463 3960">
     <span class='ocr_line' id='line_1_91' title="bbox 1887 3888 3463 3960; baseline 0.002 -16"><span class='ocrx_word' id='word_1_671' title='bbox 1887 3904 2009 3944; x_wconf 90' lang='lat' dir='ltr'><strong>nem</strong></span> <span class='ocrx_word' id='word_1_672' title='bbox 2035 3888 2221 3959; x_wconf 80' lang='lat' dir='ltr'><strong>gloriae</strong></span> <span class='ocrx_word' id='word_1_673' title='bbox 2248 3904 2435 3945; x_wconf 87' lang='lat' dir='ltr'><strong>revera</strong></span> <span class='ocrx_word' id='word_1_674' title='bbox 2486 3891 2701 3945; x_wconf 66' lang='lat' dir='ltr'><strong>divinae.</strong></span> <span class='ocrx_word' id='word_1_675' title='bbox 2754 3890 2886 3945; x_wconf 77' lang='lat' dir='ltr'><strong>Nam</strong></span> <span class='ocrx_word' id='word_1_676' title='bbox 2925 3892 3333 3960; x_wconf 88' lang='lat' dir='ltr'><strong>comprobatum</strong></span> <span class='ocrx_word' id='word_1_677' title='bbox 3377 3903 3463 3948; x_wconf 88' lang='lat' dir='ltr'><strong>est</strong></span> 
     </span>
    </p>
   </div>
   <div class='ocr_carea' id='block_1_91' title="bbox 1887 3982 3458 4053">
    <p class='ocr_par' dir='ltr' id='par_1_91' title="bbox 1887 3982 3458 4053">
     <span class='ocr_line' id='line_1_92' title="bbox 1887 3982 3458 4053; baseline -0.001 -15"><span class='ocrx_word' id='word_1_678' title='bbox 1887 3997 1983 4053; x_wconf 89' lang='lat' dir='ltr'><strong>per</strong></span> <span class='ocrx_word' id='word_1_679' title='bbox 2012 3982 2474 4038; x_wconf 82' lang='lat' dir='ltr'><strong>resurrectionem</strong></span> <span class='ocrx_word' id='word_1_680' title='bbox 2497 3995 2564 4037; x_wconf 81' lang='lat' dir='ltr'><strong>ex</strong></span> <span class='ocrx_word' id='word_1_681' title='bbox 2594 3983 2822 4038; x_wconf 82' lang='lat' dir='ltr'><strong>mortuis</strong></span> <span class='ocrx_word' id='word_1_682' title='bbox 2847 3991 2901 4038; x_wconf 85' lang='lat' dir='ltr'><strong>et</strong></span> <span class='ocrx_word' id='word_1_683' title='bbox 2936 3983 3086 4037; x_wconf 90' lang='lat' dir='ltr'><strong>illum</strong></span> <span class='ocrx_word' id='word_1_684' title='bbox 3121 3998 3238 4038; x_wconf 87' lang='lat' dir='ltr'><strong>esse</strong></span> <span class='ocrx_word' id='word_1_685' title='bbox 3272 3983 3458 4050; x_wconf 86' lang='lat' dir='ltr'><strong>Deum,</strong></span> 
     </span>
    </p>
   </div>
   <div class='ocr_carea' id='block_1_92' title="bbox 1884 4070 3462 4146">
    <p class='ocr_par' dir='ltr' id='par_1_92' title="bbox 1884 4070 3462 4146">
     <span class='ocr_line' id='line_1_93' title="bbox 1884 4070 3462 4146; baseline 0.002 -17"><span class='ocrx_word' id='word_1_686' title='bbox 1884 4081 1939 4129; x_wconf 88' lang='lat' dir='ltr'><strong>et</strong></span> <span class='ocrx_word' id='word_1_687' title='bbox 1963 4073 2056 4133; x_wconf 88' lang='lat' dir='ltr'><strong>Dei</strong></span> <span class='ocrx_word' id='word_1_688' title='bbox 2086 4085 2274 4128; x_wconf 83' lang='lat' dir='ltr'><strong>revera</strong></span> <span class='ocrx_word' id='word_1_689' title='bbox 2300 4070 2524 4138; x_wconf 81' lang='lat' dir='ltr'><strong>Filium,</strong></span> <span class='ocrx_word' id='word_1_690' title='bbox 2553 4081 2613 4127; x_wconf 88' lang='lat' dir='ltr'><strong>ut</strong></span> <span class='ocrx_word' id='word_1_691' title='bbox 2641 4073 2735 4142; x_wconf 90' lang='lat' dir='ltr'><strong>qui</strong></span> <span class='ocrx_word' id='word_1_692' title='bbox 2774 4075 2962 4129; x_wconf 83' lang='lat' dir='ltr'><strong>mortis</strong></span> <span class='ocrx_word' id='word_1_693' title='bbox 2990 4076 3462 4146; x_wconf 85' lang='lat' dir='ltr'><strong>corruptionisquo</strong></span> 
     </span>
    </p>
   </div>
   <div class='ocr_carea' id='block_1_93' title="bbox 1883 4161 3492 4244">
    <p class='ocr_par' dir='ltr' id='par_1_93' title="bbox 1883 4161 3492 4244">
     <span class='ocr_line' id='line_1_94' title="bbox 1883 4161 3492 4244; baseline 0.001 -25"><span class='ocrx_word' id='word_1_694' title='bbox 1883 4163 2057 4219; x_wconf 82' lang='lat' dir='ltr'><strong>victor</strong></span> <span class='ocrx_word' id='word_1_695' title='bbox 2090 4161 2273 4229; x_wconf 78' lang='lat' dir='ltr'><strong>fuerit,</strong></span> <span class='ocrx_word' id='word_1_696' title='bbox 2301 4173 2356 4220; x_wconf 91' lang='lat' dir='ltr'><strong>et</strong></span> <span class='ocrx_word' id='word_1_697' title='bbox 2385 4162 2558 4217; x_wconf 84' lang='lat' dir='ltr'><strong>simul</strong></span> <span class='ocrx_word' id='word_1_698' title='bbox 2596 4178 2720 4218; x_wconf 91' lang='lat' dir='ltr'><strong>cum</strong></span> <span class='ocrx_word' id='word_1_699' title='bbox 2760 4163 2921 4244; x_wconf 82' lang='lat' dir='ltr'><strong>Patre</strong></span> <span class='ocrx_word' id='word_1_700' title='bbox 2958 4165 3026 4220; x_wconf 91' lang='lat' dir='ltr'><strong>ab</strong></span> <span class='ocrx_word' id='word_1_701' title='bbox 3056 4165 3307 4221; x_wconf 88' lang='lat' dir='ltr'><strong>omnibus</strong></span> <span class='ocrx_word' id='word_1_702' title='bbox 3366 4167 3492 4244; x_wconf 40' lang='lat' dir='ltr'><strong>ad-‘</strong></span> 
     </span>
    </p>
   </div>
   <div class='ocr_carea' id='block_1_94' title="bbox 1882 4241 3461 4325">
    <p class='ocr_par' dir='ltr' id='par_1_94' title="bbox 1882 4241 3461 4325">
     <span class='ocr_line' id='line_1_95' title="bbox 1882 4241 3461 4325; baseline 0.002 -13"><span class='ocrx_word' id='word_1_703' title='bbox 1882 4264 2089 4313; x_wconf 87' lang='lat' dir='ltr'><strong>oretur.</strong></span> <span class='ocrx_word' id='word_1_704' title='bbox 2129 4255 2271 4311; x_wconf 82' lang='lat' dir='ltr'><strong>Audi</strong></span> <span class='ocrx_word' id='word_1_705' title='bbox 2295 4264 2474 4310; x_wconf 90' lang='lat' dir='ltr'><strong>autem</strong></span> <span class='ocrx_word' id='word_1_706' title='bbox 2492 4269 2678 4311; x_wconf 90' lang='lat' dir='ltr'><strong>sacras</strong></span> <span class='ocrx_word' id='word_1_707' title='bbox 2709 4241 2944 4312; x_wconf 79' lang='lat' dir='ltr'><strong>Litteras</strong></span> <span class='ocrx_word' id='word_1_708' title='bbox 2969 4257 3073 4313; x_wconf 82' lang='lat' dir='ltr'><strong>hoc</strong></span> <span class='ocrx_word' id='word_1_709' title='bbox 3099 4258 3270 4325; x_wconf 79' lang='lat' dir='ltr'><strong>ipsum</strong></span> <span class='ocrx_word' id='word_1_710' title='bbox 3307 4259 3461 4316; x_wconf 88' lang='lat' dir='ltr'><strong>nobis</strong></span> 
     </span>
    </p>
   </div>
   <div class='ocr_carea' id='block_1_95' title="bbox 1882 4347 3461 4420">
    <p class='ocr_par' dir='ltr' id='par_1_95' title="bbox 1882 4347 3461 4420">
     <span class='ocr_line' id='line_1_96' title="bbox 1882 4347 3461 4420; baseline 0.004 -18"><span class='ocrx_word' id='word_1_711' title='bbox 1882 4347 2279 4420; x_wconf 83' lang='lat' dir='ltr'><strong>proclamantes</strong></span> <span class='ocrx_word' id='word_1_712' title='bbox 2313 4359 2328 4401; x_wconf 90' lang='lat'><strong>:</strong></span> <span class='ocrx_word' id='word_1_713' title='bbox 2367 4364 2387 4400; x_wconf 77' lang='grc' dir='ltr'><strong>ι</strong></span> <span class='ocrx_word' id='word_1_714' title='bbox 2415 4347 2505 4403; x_wconf 88' lang='lat' dir='ltr'><strong>Sic</strong></span> <span class='ocrx_word' id='word_1_715' title='bbox 2545 4348 2679 4403; x_wconf 87' lang='lat' dir='ltr'><strong>dicit</strong></span> <span class='ocrx_word' id='word_1_716' title='bbox 2740 4347 3000 4405; x_wconf 85' lang='lat' dir='ltr'><strong>Dominus</strong></span> <span class='ocrx_word' id='word_1_717' title='bbox 3046 4367 3060 4405; x_wconf 90' lang='lat'><strong>:</strong></span> <span class='ocrx_word' id='word_1_718' title='bbox 3114 4349 3461 4408; x_wconf 77' lang='lat' dir='ltr'><strong>Sanctiﬁcate</strong></span> 
     </span>
    </p>
   </div>
   <div class='ocr_carea' id='block_1_96' title="bbox 1885 4439 3460 4513">
    <p class='ocr_par' dir='ltr' id='par_1_96' title="bbox 1885 4439 3460 4513">
     <span class='ocr_line' id='line_1_97' title="bbox 1885 4439 3460 4513; baseline 0.003 -21"><span class='ocrx_word' id='word_1_719' title='bbox 1885 4439 2266 4512; x_wconf 86' lang='lat' dir='ltr'><strong>despicientem</strong></span> <span class='ocrx_word' id='word_1_720' title='bbox 2303 4440 2539 4494; x_wconf 86' lang='lat' dir='ltr'><strong>animam</strong></span> <span class='ocrx_word' id='word_1_721' title='bbox 2595 4456 2770 4507; x_wconf 90' lang='lat' dir='ltr'><strong>suam,</strong></span> <span class='ocrx_word' id='word_1_722' title='bbox 2821 4450 3162 4496; x_wconf 79' lang='lat' dir='ltr'><strong>exsecratum</strong></span> <span class='ocrx_word' id='word_1_723' title='bbox 3213 4457 3243 4495; x_wconf 88' lang='lat' dir='ltr'><strong>a</strong></span> <span class='ocrx_word' id='word_1_724' title='bbox 3286 4442 3460 4513; x_wconf 77' lang='lat' dir='ltr'><strong>genti-</strong></span> 
     </span>
    </p>
   </div>
   <div class='ocr_carea' id='block_1_97' title="bbox 1887 4521 3462 4604">
    <p class='ocr_par' dir='ltr' id='par_1_97' title="bbox 1887 4521 3462 4604">
     <span class='ocr_line' id='line_1_98' title="bbox 1887 4521 3462 4604; baseline 0.001 -17"><span class='ocrx_word' id='word_1_725' title='bbox 1887 4535 2004 4601; x_wconf 86' lang='lat' dir='ltr'><strong>bus,</strong></span> <span class='ocrx_word' id='word_1_726' title='bbox 2063 4535 2258 4600; x_wconf 88' lang='lat' dir='ltr'><strong>servis,</strong></span> <span class='ocrx_word' id='word_1_727' title='bbox 2315 4531 2670 4604; x_wconf 86' lang='lat' dir='ltr'><strong>principibus.</strong></span> <span class='ocrx_word' id='word_1_728' title='bbox 2719 4533 2894 4603; x_wconf 80' lang='lat' dir='ltr'><strong>Reges</strong></span> <span class='ocrx_word' id='word_1_729' title='bbox 2920 4521 3179 4589; x_wconf 84' lang='lat' dir='ltr'><strong>videbunt</strong></span> <span class='ocrx_word' id='word_1_730' title='bbox 3224 4546 3370 4598; x_wconf 90' lang='lat' dir='ltr'><strong>eum,</strong></span> <span class='ocrx_word' id='word_1_731' title='bbox 3408 4542 3462 4588; x_wconf 76' lang='lat' dir='ltr'><strong>et</strong></span> 
     </span>
    </p>
   </div>
   <div class='ocr_carea' id='block_1_98' title="bbox 1885 4623 3458 4694">
    <p class='ocr_par' dir='ltr' id='par_1_98' title="bbox 1885 4623 3458 4694">
     <span class='ocr_line' id='line_1_99' title="bbox 1885 4623 3458 4694; baseline -0.001 -14"><span class='ocrx_word' id='word_1_732' title='bbox 1885 4630 2220 4694; x_wconf 76' lang='lat' dir='ltr'><strong>consurgent</strong></span> <span class='ocrx_word' id='word_1_733' title='bbox 2241 4623 2536 4694; x_wconf 87' lang='lat' dir='ltr'><strong>principes,</strong></span> <span class='ocrx_word' id='word_1_734' title='bbox 2563 4634 2618 4679; x_wconf 88' lang='lat' dir='ltr'><strong>et</strong></span> <span class='ocrx_word' id='word_1_735' title='bbox 2643 4623 2942 4680; x_wconf 85' lang='lat' dir='ltr'><strong>adorabunt</strong></span> <span class='ocrx_word' id='word_1_736' title='bbox 2967 4639 3089 4680; x_wconf 91' lang='lat' dir='ltr'><strong>eum</strong></span> <span class='ocrx_word' id='word_1_737' title='bbox 3113 4624 3178 4679; x_wconf 81' lang='lat'><strong>&quot;’.</strong></span> <span class='ocrx_word' id='word_1_738' title='bbox 3222 4642 3240 4676; x_wconf 79' lang='grc' dir='ltr'><strong>ι</strong></span> <span class='ocrx_word' id='word_1_739' title='bbox 3278 4623 3458 4680; x_wconf 84' lang='lat' dir='ltr'><strong>Conti-</strong></span> 
     </span>
    </p>
   </div>
   <div class='ocr_carea' id='block_1_99' title="bbox 1853 4709 3456 4786">
    <p class='ocr_par' dir='ltr' id='par_1_99' title="bbox 1853 4709 3456 4786">
     <span class='ocr_line' id='line_1_100' title="bbox 1853 4709 3456 4786; baseline 0.002 -19"><span class='ocrx_word' id='word_1_740' title='bbox 1853 4715 2096 4780; x_wconf 74' lang='lat' dir='ltr'><strong>,temini,</strong></span> <span class='ocrx_word' id='word_1_741' title='bbox 2138 4715 2338 4784; x_wconf 89' lang='lat' dir='ltr'><strong>inquit,</strong></span> <span class='ocrx_word' id='word_1_742' title='bbox 2386 4724 2637 4770; x_wconf 89' lang='lat' dir='ltr'><strong>sanctum</strong></span> <span class='ocrx_word' id='word_1_743' title='bbox 2675 4727 2799 4770; x_wconf 83' lang='lat' dir='ltr'><strong>esse</strong></span> <span class='ocrx_word' id='word_1_744' title='bbox 2839 4709 3215 4786; x_wconf 78' lang='lat' dir='ltr'><strong>illumutpote</strong></span> <span class='ocrx_word' id='word_1_745' title='bbox 3247 4715 3456 4771; x_wconf 89' lang='lat' dir='ltr'><strong>Deum:</strong></span> 
     </span>
    </p>
   </div>
   <div class='ocr_carea' id='block_1_100' title="bbox 1885 4804 3456 4876">
    <p class='ocr_par' dir='ltr' id='par_1_100' title="bbox 1885 4804 3456 4876">
     <span class='ocr_line' id='line_1_101' title="bbox 1885 4804 3456 4876; baseline 0.001 -16"><span class='ocrx_word' id='word_1_746' title='bbox 1885 4804 2036 4860; x_wconf 91' lang='lat' dir='ltr'><strong>illum</strong></span> <span class='ocrx_word' id='word_1_747' title='bbox 2072 4805 2162 4876; x_wconf 87' lang='lat' dir='ltr'><strong>qui</strong></span> <span class='ocrx_word' id='word_1_748' title='bbox 2195 4820 2348 4861; x_wconf 89' lang='lat' dir='ltr'><strong>suam</strong></span> <span class='ocrx_word' id='word_1_749' title='bbox 2383 4806 2620 4861; x_wconf 88' lang='lat' dir='ltr'><strong>animam</strong></span> <span class='ocrx_word' id='word_1_750' title='bbox 2646 4807 2896 4876; x_wconf 86' lang='lat' dir='ltr'><strong>despicit,</strong></span> <span class='ocrx_word' id='word_1_751' title='bbox 2933 4808 3033 4862; x_wconf 85' lang='lat' dir='ltr'><strong>hoc</strong></span> <span class='ocrx_word' id='word_1_752' title='bbox 3056 4817 3162 4872; x_wconf 88' lang='lat' dir='ltr'><strong>est,</strong></span> <span class='ocrx_word' id='word_1_753' title='bbox 3186 4807 3275 4876; x_wconf 89' lang='lat' dir='ltr'><strong>qui</strong></span> <span class='ocrx_word' id='word_1_754' title='bbox 3304 4823 3456 4862; x_wconf 85' lang='lat' dir='ltr'><strong>suam</strong></span> 
     </span>
    </p>
   </div>
   <div class='ocr_carea' id='block_1_101' title="bbox 1883 4897 3455 4970">
    <p class='ocr_par' dir='ltr' id='par_1_101' title="bbox 1883 4897 3455 4970">
     <span class='ocr_line' id='line_1_102' title="bbox 1883 4897 3455 4970; baseline -0.001 -18"><span class='ocrx_word' id='word_1_755' title='bbox 1883 4897 2114 4952; x_wconf 91' lang='lat' dir='ltr'><strong>animam</strong></span> <span class='ocrx_word' id='word_1_756' title='bbox 2144 4899 2474 4968; x_wconf 50' lang='lat' dir='ltr'><strong>contemnit,</strong></span> <span class='ocrx_word' id='word_1_757' title='bbox 2501 4897 2636 4954; x_wconf 87' lang='lat' dir='ltr'><strong>Nam</strong></span> <span class='ocrx_word' id='word_1_758' title='bbox 2690 4898 2833 4953; x_wconf 87' lang='lat' dir='ltr'><strong>illam</strong></span> <span class='ocrx_word' id='word_1_759' title='bbox 2887 4914 2983 4970; x_wconf 90' lang='lat' dir='ltr'><strong>pro</strong></span> <span class='ocrx_word' id='word_1_760' title='bbox 3021 4899 3210 4954; x_wconf 90' lang='lat' dir='ltr'><strong>ovibus</strong></span> <span class='ocrx_word' id='word_1_761' title='bbox 3258 4901 3455 4968; x_wconf 87' lang='lat' dir='ltr'><strong>posuit,</strong></span> 
     </span>
    </p>
   </div>
   <div class='ocr_carea' id='block_1_102' title="bbox 1880 4989 3458 5062">
    <p class='ocr_par' dir='ltr' id='par_1_102' title="bbox 1880 4989 3458 5062">
     <span class='ocr_line' id='line_1_103' title="bbox 1880 4989 3458 5062; baseline 0.001 -18"><span class='ocrx_word' id='word_1_762' title='bbox 1880 5001 1938 5046; x_wconf 93' lang='lat' dir='ltr'><strong>ut</strong></span> <span class='ocrx_word' id='word_1_763' title='bbox 1971 4999 2160 5061; x_wconf 87' lang='lat' dir='ltr'><strong>pastor</strong></span> <span class='ocrx_word' id='word_1_764' title='bbox 2197 4990 2373 5062; x_wconf 85' lang='lat' dir='ltr'><strong>bonus</strong></span> <span class='ocrx_word' id='word_1_765' title='bbox 2399 4991 2445 5024; x_wconf 78' lang='grc'><strong>⁸⁸</strong></span> <span class='ocrx_word' id='word_1_766' title='bbox 2475 5011 2489 5047; x_wconf 89' lang='lat'><strong>:</strong></span> <span class='ocrx_word' id='word_1_767' title='bbox 2528 5007 2688 5062; x_wconf 90' lang='lat' dir='ltr'><strong>quem</strong></span> <span class='ocrx_word' id='word_1_768' title='bbox 2740 4989 3035 5048; x_wconf 71' lang='lat' dir='ltr'><strong>exsecrata:</strong></span> <span class='ocrx_word' id='word_1_769' title='bbox 3072 4991 3288 5061; x_wconf 88' lang='lat' dir='ltr'><strong>quidem</strong></span> <span class='ocrx_word' id='word_1_770' title='bbox 3333 5001 3458 5046; x_wconf 81' lang='lat' dir='ltr'><strong>sunt</strong></span> 
     </span>
    </p>
   </div>
   <div class='ocr_carea' id='block_1_103' title="bbox 1880 5060 3454 5153">
    <p class='ocr_par' dir='ltr' id='par_1_103' title="bbox 1880 5060 3454 5153">
     <span class='ocr_line' id='line_1_104' title="bbox 1880 5060 3454 5153; baseline 0 -17"><span class='ocrx_word' id='word_1_771' title='bbox 1880 5060 2088 5152; x_wconf 76' lang='lat' dir='ltr'><strong>gentes,</strong></span> <span class='ocrx_word' id='word_1_772' title='bbox 2137 5089 2192 5134; x_wconf 90' lang='lat' dir='ltr'><strong>et</strong></span> <span class='ocrx_word' id='word_1_773' title='bbox 2235 5060 2466 5138; x_wconf 79' lang='lat' dir='ltr'><strong>serviet</strong></span> <span class='ocrx_word' id='word_1_774' title='bbox 2517 5060 2749 5138; x_wconf 87' lang='lat' dir='ltr'><strong>ministri</strong></span> <span class='ocrx_word' id='word_1_775' title='bbox 2788 5082 2960 5153; x_wconf 82' lang='lat' dir='ltr'><strong>alapis</strong></span> <span class='ocrx_word' id='word_1_776' title='bbox 3005 5076 3454 5145; x_wconf 77' lang='lat' dir='ltr'><strong>deliouestarunt,</strong></span> 
     </span>
    </p>
   </div>
   <div class='ocr_carea' id='block_1_104' title="bbox 1879 5173 3456 5246">
    <p class='ocr_par' dir='ltr' id='par_1_104' title="bbox 1879 5173 3456 5246">
     <span class='ocr_line' id='line_1_105' title="bbox 1879 5173 3456 5246; baseline 0.002 -17"><span class='ocrx_word' id='word_1_777' title='bbox 1879 5189 2001 5229; x_wconf 92' lang='lat' dir='ltr'><strong>cum</strong></span> <span class='ocrx_word' id='word_1_778' title='bbox 2035 5173 2434 5230; x_wconf 68' lang='lat' dir='ltr'><strong>Pharisaeorum</strong></span> <span class='ocrx_word' id='word_1_779' title='bbox 2473 5175 2626 5230; x_wconf 87' lang='lat' dir='ltr'><strong>turba</strong></span> <span class='ocrx_word' id='word_1_780' title='bbox 2655 5175 2730 5230; x_wconf 91' lang='lat' dir='ltr'><strong>illi</strong></span> <span class='ocrx_word' id='word_1_781' title='bbox 2765 5175 2928 5246; x_wconf 90' lang='lat' dir='ltr'><strong>impie</strong></span> <span class='ocrx_word' id='word_1_782' title='bbox 2967 5174 3270 5232; x_wconf 87' lang='lat' dir='ltr'><strong>insultaret.</strong></span> <span class='ocrx_word' id='word_1_783' title='bbox 3301 5174 3456 5233; x_wconf 82' lang='lat' dir='ltr'><strong>Hunc</strong></span> 
     </span>
    </p>
   </div>
   <div class='ocr_carea' id='block_1_105' title="bbox 300 5320 3340 5401">
    <p class='ocr_par' dir='ltr' id='par_1_105' title="bbox 300 5320 3340 5401">
     <span class='ocr_line' id='line_1_106' title="bbox 300 5320 3340 5401; baseline 0.005 -23"><span class='ocrx_word' id='word_1_784' title='bbox 300 5320 341 5354; x_wconf 85' lang='lat'><strong>&quot;</strong></span> <span class='ocrx_word' id='word_1_785' title='bbox 370 5323 554 5381; x_wconf 77' lang='lat' dir='ltr'><strong>latth.</strong></span> <span class='ocrx_word' id='word_1_786' title='bbox 583 5341 750 5394; x_wconf 71' lang='lat' dir='ltr'><strong>nm,</strong></span> <span class='ocrx_word' id='word_1_787' title='bbox 778 5326 870 5382; x_wconf 67' lang='lat'><strong>46.</strong></span> <span class='ocrx_word' id='word_1_788' title='bbox 946 5328 992 5358; x_wconf 79' lang='grc'><strong>⁷⁸</strong></span> <span class='ocrx_word' id='word_1_789' title='bbox 1033 5325 1196 5383; x_wconf 83' lang='lat' dir='ltr'><strong>IIebr.</strong></span> <span class='ocrx_word' id='word_1_790' title='bbox 1231 5345 1328 5392; x_wconf 77' lang='lat' dir='ltr'><strong>xit,</strong></span> <span class='ocrx_word' id='word_1_791' title='bbox 1363 5329 1418 5381; x_wconf 72' lang='lat'><strong>2.</strong></span> <span class='ocrx_word' id='word_1_792' title='bbox 1494 5333 1538 5362; x_wconf 84' lang='lat'><strong>&quot;</strong></span> <span class='ocrx_word' id='word_1_793' title='bbox 1565 5329 1668 5383; x_wconf 74' lang='lat' dir='ltr'><strong>Isn.</strong></span> <span class='ocrx_word' id='word_1_794' title='bbox 1699 5345 1774 5395; x_wconf 81' lang='lat' dir='ltr'><strong>Li,</strong></span> <span class='ocrx_word' id='word_1_795' title='bbox 1805 5330 1860 5385; x_wconf 86' lang='lat'><strong>6.</strong></span> <span class='ocrx_word' id='word_1_796' title='bbox 1936 5331 1983 5363; x_wconf 84' lang='grc'><strong>⁷⁸</strong></span> <span class='ocrx_word' id='word_1_797' title='bbox 2016 5331 2144 5387; x_wconf 88' lang='lat' dir='ltr'><strong>ibid.</strong></span> <span class='ocrx_word' id='word_1_798' title='bbox 2181 5333 2289 5388; x_wconf 87' lang='lat'><strong>7-8.</strong></span> <span class='ocrx_word' id='word_1_799' title='bbox 2381 5334 2425 5364; x_wconf 85' lang='lat'><strong>&quot;</strong></span> <span class='ocrx_word' id='word_1_800' title='bbox 2456 5333 2558 5388; x_wconf 87' lang='lat' dir='ltr'><strong>Isa.</strong></span> <span class='ocrx_word' id='word_1_801' title='bbox 2595 5349 2740 5398; x_wconf 73' lang='grc' dir='ltr'><strong>κιιχ,</strong></span> <span class='ocrx_word' id='word_1_802' title='bbox 2774 5332 2826 5388; x_wconf 89' lang='lat'><strong>7.</strong></span> <span class='ocrx_word' id='word_1_803' title='bbox 2912 5333 2958 5364; x_wconf 87' lang='lat'><strong>&#39;°</strong></span> <span class='ocrx_word' id='word_1_804' title='bbox 2988 5333 3219 5401; x_wconf 76' lang='lat' dir='ltr'><strong>Joan.x,</strong></span> <span class='ocrx_word' id='word_1_805' title='bbox 3253 5339 3340 5393; x_wconf 84' lang='lat' dir='ltr'><strong>II.</strong></span> 
     </span>
    </p>
   </div>
   <div class='ocr_carea' id='block_1_106' title="bbox 1451 5478 2202 5541">
    <p class='ocr_par' dir='ltr' id='par_1_106' title="bbox 1451 5478 2202 5541">
     <span class='ocr_line' id='line_1_107' title="bbox 1451 5478 2202 5541; baseline 0 -1"><span class='ocrx_word' id='word_1_806' title='bbox 1451 5478 1612 5541; x_wconf 73' lang='lat' dir='ltr'><strong>ANT.</strong></span> <span class='ocrx_word' id='word_1_807' title='bbox 1653 5482 1928 5540; x_wconf 84' lang='lat' dir='ltr'><strong>AGELLII</strong></span> <span class='ocrx_word' id='word_1_808' title='bbox 1966 5484 2202 5540; x_wconf 65' lang='lat' dir='ltr'><strong>NOTAE.</strong></span> 
     </span>
    </p>
   </div>
   <div class='ocr_carea' id='block_1_107' title="bbox 291 5640 1764 5725">
    <p class='ocr_par' dir='ltr' id='par_1_107' title="bbox 291 5640 1764 5725">
     <span class='ocr_line' id='line_1_108' title="bbox 291 5640 1764 5725; baseline -0.003 -26"><span class='ocrx_word' id='word_1_809' title='bbox 291 5640 388 5724; x_wconf 60' lang='lat'><strong>(37)</strong></span> <span class='ocrx_word' id='word_1_810' title='bbox 419 5642 826 5725; x_wconf 52' lang='lat' dir='ltr'><strong>I’eculiarisest</strong></span> <span class='ocrx_word' id='word_1_811' title='bbox 857 5646 972 5700; x_wconf 80' lang='lat' dir='ltr'><strong>haec</strong></span> <span class='ocrx_word' id='word_1_812' title='bbox 1017 5645 1176 5725; x_wconf 78' lang='lat' dir='ltr'><strong>lectio</strong></span> <span class='ocrx_word' id='word_1_813' title='bbox 1205 5644 1430 5725; x_wconf 66' lang='lat' dir='ltr'><strong>Cyriiln,</strong></span> <span class='ocrx_word' id='word_1_814' title='bbox 1461 5658 1582 5725; x_wconf 80' lang='lat' dir='ltr'><strong>cum</strong></span> <span class='ocrx_word' id='word_1_815' title='bbox 1629 5641 1764 5725; x_wconf 55' lang='lat' dir='ltr'><strong>I:X_X</strong></span> 
     </span>
    </p>
   </div>
   <div class='ocr_carea' id='block_1_108' title="bbox 241 5705 1764 5787">
    <p class='ocr_par' dir='ltr' id='par_1_108' title="bbox 241 5705 1764 5787">
     <span class='ocr_line' id='line_1_109' title="bbox 241 5705 1764 5787; baseline 0.002 -27"><span class='ocrx_word' id='word_1_816' title='bbox 241 5705 459 5775; x_wconf 66' lang='lat' dir='ltr'><strong>habeant,</strong></span> <span class='ocrx_word' id='word_1_817' title='bbox 499 5725 551 5767; x_wconf 89' lang='lat' dir='ltr'><strong>ut</strong></span> <span class='ocrx_word' id='word_1_818' title='bbox 579 5715 690 5770; x_wconf 78' lang='lat' dir='ltr'><strong>fere</strong></span> <span class='ocrx_word' id='word_1_819' title='bbox 719 5715 770 5769; x_wconf 92' lang='lat' dir='ltr'><strong>in</strong></span> <span class='ocrx_word' id='word_1_820' title='bbox 821 5730 1006 5769; x_wconf 82' lang='lat' dir='ltr'><strong>eorum</strong></span> <span class='ocrx_word' id='word_1_821' title='bbox 1039 5717 1198 5770; x_wconf 86' lang='lat' dir='ltr'><strong>codd.</strong></span> <span class='ocrx_word' id='word_1_822' title='bbox 1245 5705 1458 5787; x_wconf 77' lang='lat' dir='ltr'><strong>Iegitur,</strong></span> <span class='ocrx_word' id='word_1_823' title='bbox 1513 5713 1602 5767; x_wconf 76' lang='grc' dir='ltr'><strong>τδν</strong></span> <span class='ocrx_word' id='word_1_824' title='bbox 1641 5712 1764 5764; x_wconf 70' lang='grc' dir='ltr'><strong>δοῦ-</strong></span> 
     </span>
    </p>
   </div>
   <div class='ocr_carea' id='block_1_109' title="bbox 518 5807 1259 5872">
    <p class='ocr_par' dir='ltr' id='par_1_109' title="bbox 518 5807 1259 5872">
     <span class='ocr_line' id='line_1_110' title="bbox 518 5807 1259 5872; baseline 0.009 -7"><span class='ocrx_word' id='word_1_825' title='bbox 518 5807 784 5868; x_wconf 66' lang='grc' dir='ltr'><strong>Ρλτιιοι..</strong></span> <span class='ocrx_word' id='word_1_826' title='bbox 823 5810 940 5870; x_wconf 76' lang='lat' dir='ltr'><strong>Gn.</strong></span> <span class='ocrx_word' id='word_1_827' title='bbox 991 5811 1259 5872; x_wconf 75' lang='lat' dir='ltr'><strong>LXXVI.</strong></span> 
     </span>
    </p>
   </div>
   <div class='ocr_carea' id='block_1_110' title="bbox 1881 5639 3454 5714">
    <p class='ocr_par' dir='ltr' id='par_1_110' title="bbox 1881 5639 3454 5714">
     <span class='ocr_line' id='line_1_111' title="bbox 1881 5639 3454 5714; baseline 0.006 -21"><span class='ocrx_word' id='word_1_828' title='bbox 1881 5639 1974 5714; x_wconf 58' lang='grc' dir='ltr'><strong>λον</strong></span> <span class='ocrx_word' id='word_1_829' title='bbox 2005 5640 2112 5714; x_wconf 85' lang='grc' dir='ltr'><strong>τῶν</strong></span> <span class='ocrx_word' id='word_1_830' title='bbox 2144 5641 2440 5712; x_wconf 80' lang='grc' dir='ltr'><strong>ἀρχόντων,</strong></span> <span class='ocrx_word' id='word_1_831' title='bbox 2485 5660 2686 5700; x_wconf 76' lang='lat' dir='ltr'><strong>seruum</strong></span> <span class='ocrx_word' id='word_1_832' title='bbox 2728 5647 3079 5714; x_wconf 78' lang='lat' dir='ltr'><strong>dominorum,</strong></span> <span class='ocrx_word' id='word_1_833' title='bbox 3112 5655 3171 5702; x_wconf 84' lang='lat' dir='ltr'><strong>ut</strong></span> <span class='ocrx_word' id='word_1_834' title='bbox 3207 5648 3368 5703; x_wconf 82' lang='lat' dir='ltr'><strong>etiam</strong></span> <span class='ocrx_word' id='word_1_835' title='bbox 3401 5646 3454 5702; x_wconf 87' lang='lat' dir='ltr'><strong>itt</strong></span> 
     </span>
    </p>
   </div>
   <div class='ocr_carea' id='block_1_111' title="bbox 1885 5711 2368 5782">
    <p class='ocr_par' dir='ltr' id='par_1_111' title="bbox 1885 5711 2368 5782">
     <span class='ocr_line' id='line_1_112' title="bbox 1885 5711 2368 5782; baseline 0.006 -18"><span class='ocrx_word' id='word_1_836' title='bbox 1885 5711 2122 5768; x_wconf 73' lang='lat' dir='ltr'><strong>llcltrmis</strong></span> <span class='ocrx_word' id='word_1_837' title='bbox 2154 5715 2180 5763; x_wconf 80' lang='grc' dir='ltr'><strong>Ιι</strong></span> <span class='ocrx_word' id='word_1_838' title='bbox 2205 5711 2368 5782; x_wconf 54' lang='lat' dir='ltr'><strong>gitur.</strong></span> 
     </span>
    </p>
   </div>
  </div>
