4002 6192
473 318 580 376 235

1504 307 1560 363 S.
1608 306 1879 365 CYRILLI
1919 306 2392 368 ALEXANDRINI
2430 302 2748 365 ARCHIEP.

3576 332 3595 351 κ
3640 308 3752 365 sas

478 434 732 488 videbunt
788 443 945 502 reges
1002 441 1056 485 et
1114 434 1491 498 consurgent:
1541 427 1687 483 hunc
1754 427 2055 483 adorabunt

2165 432 2473 503 προϐάτων,
2499 430 2577 497 ὡς
2624 431 2830 502 ποιμὴν
2862 414 3097 499 ἀγαθός·
3143 430 3203 483 ὃν
3256 418 3609 495 ἐϐδιλῦξαντο
3650 430 3753 499 μὶν

476 524 750 595 principes
800 530 1055 593 tanquam
1105 520 1301 587 Deum,
1337 520 1660 591 scilicctqui
1706 521 1771 575 ad
1805 521 2055 576 exinani‘

476 616 677 673 tionem
716 629 776 671 se
810 614 1099 686 deiecerit,
1132 622 1200 685 ut,
1231 626 1429 686 passus
1471 628 1636 669 carne
1670 623 1913 670 servaret
1963 629 2056 671 nr-

474 709 597 764 bem
623 718 916 763 terrarum.
951 705 1176 791 lliciiie
1206 712 1291 762 est
1325 702 1412 762 cui
1449 718 1547 774 pro
1572 706 1728 762 nobis
1748 704 1936 777 spinea
1964 718 2057 760 co-

475 813 611 857 rona
640 798 742 856 fuit
777 798 1165 870 circumposita
1188 814 1208 855 :
1232 798 1327 855 hic
1353 811 1459 854 non
1488 797 1627 854 alius
1648 797 1739 869 qui
1772 812 1840 854 ex
1873 798 2060 853 Imma-

478 894 650 950 nitate
676 892 896 963 quidem
928 891 1222 949 cruciﬁxus
1248 898 1354 956 est,
1379 898 1434 947 et
1455 890 1590 946 dixit
1615 906 1629 944 :
1661 909 1680 944 ι
1719 888 1860 947 Deus
1883 883 2055 958 mens,

478 986 620 1043 Deus
663 1000 838 1051 meus,
870 985 1061 1055 utquid
1104 1000 1191 1041 me
1228 984 1563 1055 dereliquiin
1585 983 1671 1038 “1
1703 1001 1722 1036 ι
1754 984 1946 1039 sed'ex
1974 982 2058 1039 dio

477 1079 701 1134 vinitate
727 1078 971 1135 cohibuit
1006 1076 1138 1134 solis
1180 1076 1383 1140 lumen,
1417 1086 1473 1132 et
1522 1072 1577 1131 in
1617 1074 1705 1132 die
1749 1075 1924 1131 media
1961 1090 2059 1132 no-

474 1181 616 1227 ctem
642 1170 844 1242 posuit,
868 1183 938 1225 ne
976 1169 1125 1226 illum
1149 1167 1455 1238 simplicem
1494 1167 1793 1235 hominem,
1815 1168 1979 1236 nuda,
2001 1177 2059 1223 ut

438 1322 443 1335 ,
478 1277 533 1321 ιιι
556 1261 1162 1333 asseris,conjunctioue
1181 1256 1343 1332 136
1360 1258 1722 1326 nobilitatum,
1742 1272 1846 1329 qua
1865 1273 2060 1332 nempe

476 1374 598 1416 cum
643 1357 736 1414 illo
765 1370 834 1426 ex
857 1354 971 1412 Deo
989 1354 1185 1426 ,Verbo
1213 1356 1284 1409 sit
1311 1353 1595 1424 copulatus
1615 1392 1632 1418 ,
1677 1353 2056 1416 confiteantur,

477 1450 572 1505 sed
610 1447 775 1504 Deum
819 1416 942 1503 esse
987 1416 1299 1509 credamus,
1338 1416 1396 1495 in
1424 1416 1626 1496 nostra
1649 1440 1863 1511 specie,
1906 1447 1962 1493 et
2003 1436 2057 1492 in

476 1539 652 1596 forma
678 1537 843 1603 servi,
867 1548 1138 1592 memores
1164 1533 1312 1588 illum
1336 1547 1435 1604 per
1467 1545 1655 1587 vocem
1682 1530 1956 1603 propincum
1979 1528 2061 1584 di-

478 1633 668 1688 xisse:
708 1647 728 1682 ι
766 1628 834 1685 Et
866 1628 1090 1684 induam
1134 1625 1335 1683 ctelum
1379 1624 1654 1693 tenebris,
1692 1631 1746 1679 et
1776 1637 1971 1693 ponam
2002 1629 2061 1676 ut

476 1736 696 1781 saccum
726 1719 1109 1778 vestimentum
1139 1717 1258 1787 ejus
1277 1716 1345 1771 ³⁸.
1379 1736 1399 1769 ι
1435 1718 1553 1788 Ipse
1585 1716 1729 1771 enim
1758 1717 1848 1784 qui
1883 1714 2062 1784 loque-

2159 525 2227 577 τά
2271 523 2422 597 ἔθνη,
2456 520 2633 578 δοῦλοι
2662 521 2719 579 δὲ
2765 521 2861 578 καὶ
2890 522 3166 595 ὑπηρέται
3197 520 3544 593 ῥαπίσμασιν
3589 518 3751 591 ὕϐρι-

2162 631 2263 669 σαν
2288 656 2302 681 ,
2337 618 2437 689 τῆς
2473 614 2584 671 τῶν
2622 615 2934 687 Φαρισαίων
2972 613 3216 687 πληθύος
3266 612 3498 676 ἀνοσίως
3527 613 3752 684 ἐμπαρ-

2158 707 2413 781 οινούσης
2438 709 2610 783 αὐτῷ.
2637 708 2840 764 Τοῦτον
2863 708 3086 779 ὄψονται
3113 704 3357 779 βασιλεῖς
3382 705 3482 761 καὶ
3511 707 3755 777 ἀναστή-

2160 820 2378 859 σονται*
2428 809 2608 877 τούτῳ
2654 806 3130 879 προσκυνήσουσιν
3175 803 3469 876 ἄρχοντες,
3518 802 3597 865 ὡς
3628 799 3755 871 Θεῷ

2157 896 2404 969 δηλονότι
2435 896 2753 969 καθιγμένῳ
2774 896 2913 967 πρὸς
2936 896 3192 961 κένωσιν,
3220 898 3310 952 ἴνα
3338 893 3530 949 παθὼν
3557 896 3751 967 σαρκὶ,

2157 984 2398 1073 διασῴσῃ
2442 990 2551 1063 τὴνπ
2581 991 2675 1045 ὑπ’
2709 990 2960 1063 οὐρανόν.
2997 983 3169 1054 οὗτος
3210 992 3238 1044 6
3283 987 3424 1060 ὑπὲρ
3457 988 3620 1060 ἡμῶν
3657 989 3756 1043 τὸν

2158 1083 2451 1140 ἀκάνθινον
2480 1084 2868 1157 ,περικείμενος
2902 1083 3167 1154 στέφανον
3186 1096 3203 1113 ο
3229 1073 3405 1148 οὗτος,
3436 1082 3538 1138 οὐκ
3565 1081 3753 1148 ἄλλος,

2158 1178 2188 1231 6
2236 1176 2643 1248 σταυρούμενος
2677 1177 2778 1248 μὲν
2808 1175 3171 1249 ἀνθρωπίνως
3217 1176 3313 1231 xal.
3341 1175 3516 1246 λέγων
3537 1191 3552 1206 '
3592 1193 3612 1228 ι
3646 1173 3756 1229 Θεέ

2163 1284 2290 1339 μου,
2322 1266 2425 1321 Θεέ
2463 1284 2589 1339 μου,
2634 1264 2726 1322 ῐνα
2757 1267 2810 1321 τί
2840 1283 2909 1339 με
2936 1264 3339 1337 ἐγκατέλιπες;
3378 1285 3398 1318 ι
3440 1265 3753 1321 συστέλλων

2158 1359 2217 1414 δὲ
2265 1358 2468 1425 θεῖκῶς
2513 1355 2607 1414 τοῦ
2653 1358 2810 1432 ἡλίου
2859 1357 2920 1413 τὸ
2967 1357 3103 1428 φῶς,
3136 1362 3231 1414 καὶ
3262 1360 3323 1413 ἐν
3368 1359 3554 1433 ᾑμέρᾳ
3605 1360 3756 1433 μέσῃ

2159 1451 2334 1508 νύκτα
2377 1452 2550 1518 τιθεὶς
2572 1440 2596 1520 ,’
2622 1452 2714 1507 ἵνα
2747 1451 2822 1524 μὴ
2846 1450 3135 1525 ἄνθρωπον
3164 1450 3355 1517 ἁπλῶς
3395 1452 3530 1526 ψιλῇ
3556 1494 3571 1521 ,
3603 1454 3755 1507 κατὰ

2163 1547 2245 1611 σὲ,
2276 1548 2540 1620 συναφείᾳ
2570 1546 2956 1619 τετιμημένον,
2978 1548 3043 1617 τῇ
3077 1544 3215 1617 πρός
3252 1546 3537 1616 γεβφημὶ,
3558 1545 3652 1600 τὸν
3682 1550 3757 1601 ἐκ
3810 1562 3814 1569 '

2160 1639 2295 1694 Θεοῦ
2316 1639 2509 1709 Λόγον,
2539 1638 2897 1710 ὁμολογῶμεν
2927 1637 3268 1693 αὐτόν·Θεδν
3289 1637 3347 1691 δὲ
3368 1638 3573 1710 μᾶλλον
3601 1634 3752 1692 εῖναι

2162 1731 2568 1803 πιστεύσωμεν,
2602 1733 2660 1789 ἐν
2687 1730 2820 1785 εῖδει
2851 1729 2930 1802 τῷ
2961 1731 3083 1785 καθ’
3119 1732 3291 1802 ἡμᾶς,
3327 1732 3424 1785 καὶ
3451 1733 3512 1785 ἐν
3539 1734 3605 1805 τῇ
3649 1733 3753 1787 τοῦ

477 1819 638 1872 batur
667 1814 843 1882 adest,
866 1822 922 1868 et
946 1812 1089 1883 quod
1110 1810 1240 1867 olim
1262 1819 1324 1865 ut
1346 1808 1485 1866 Deus
1509 1804 1627 1865 fore
1653 1806 2057 1877 prmttnnliavit,

2162 1823 2350 1878 δούλου
2403 1824 2612 1895 μορφῇ,
2659 1821 3002 1895 μεμνημένοι
3030 1821 3121 1875 διά
3154 1821 3339 1894 φωνῆς
3363 1822 3525 1892 ἀγίου
3556 1803 3752 1891 λὲγον-

475 1924 577 1965 sno
603 1917 848 1979 tempore
874 1903 1138 1993 implevit,
1177 1900 1470 1959 cruciﬁxus
1491 1899 1825 1956 humanitus.
1845 1897 2056 1963 Corium

368 2001 378 2009 ’
475 2014 713 2072 namque
771 1987 1160 2069 propemodum
1222 1992 1462 2049 tenebris
1526 2002 1776 2061 tanquam
1849 1987 2056 2057 lugubri

476 2102 627 2150 veste
668 2104 732 2147 se
762 2090 979 2157 induit;
1007 2082 1311 2159 soietiam,
1343 2099 1465 2140 cum
1518 2085 1796 2140 radiorum
1836 2097 2057 2139 suorum

476 2184 742 2255 fulgorem
775 2196 881 2238 non
922 2158 1165 2237 ultra'iis
1198 2179 1372 2245 daret,
1412 2176 1501 2247 qui
1539 2175 1798 2232 adversus
1844 2175 2062 2229 univer-

475 2291 663 2333 sorum
692 2270 976 2329 Dominum
1006 2287 1069 2327 ac
1100 2272 1263 2326 Deum
1303 2268 1614 2340 petulanter
1640 2265 1905 2323 insultare
1939 2265 2058 2321 ausi

476 2366 713 2431 fuerant,
746 2362 1004 2420 tenebras
1050 2362 1234 2417 animo
1279 2359 1495 2415 illorum
1550 2372 1617 2415 ac
1668 2358 1838 2414 tuenti
1882 2356 2062 2414 odua-

476 2451 685 2515 dendas
708 2454 1117 2527 prmnuntiavit.
1150 2452 1341 2509 Psallit
1368 2453 1512 2506 enim
1545 2452 1612 2507 de
1640 2451 1774 2522 ipsis
1803 2451 2059 2507 nimirum

476 2553 640 2607 etiam
666 2549 856 2605 beatus
886 2546 1096 2603 David:
1135 2564 1155 2598 ι
1202 2542 1575 2601 Obscurentur
1602 2540 1746 2601 oculi
1772 2556 1958 2600 eorum
1996 2558 2063 2600 ne

477 2645 716 2709 videant,
744 2651 798 2698 et
819 2642 1038 2698 dorsum
1069 2653 1256 2694 eorum
1293 2650 1511 2708 semper
1554 2638 1778 2694 incurva
1801 2637 1868 2692 ⁸³.
1901 2657 1920 2689 ι
1965 2635 2059 2692 Di-

478 2747 695 2809 rnptum
729 2743 815 2790 est
836 2733 1000 2789 etiam
1029 2731 1207 2787 velum
1254 2730 1467 2801 templi,
1509 2739 1567 2784 ut
1598 2728 1651 2785 in
1683 2745 1806 2786 eum
1838 2729 2062 2785 creden-

448 2832 624 2905 _tibns
650 2822 924 2900 detegeret
963 2826 1077 2895 iam
1126 2822 1326 2879 Sancta
1358 2833 1708 2891 sanctorum,
1764 2833 1817 2878 et
1871 2821 2061 2879 intima

478 2925 567 2981 illa
594 2921 896 2996 penetralia
929 2920 1330 2977 demonstraret
1364 2932 1379 2971 :
1427 2926 1685 2986 tanquam
1723 2930 1829 2970 non
1885 2916 2063 2970 adhuc

476 3017 715 3072 habente
745 3013 945 3069 staium
977 3010 1162 3082 priore
1187 3008 1277 3065 illo
1309 3007 1682 3074 tabernaculo,
1707 3006 1802 3063 sed
1830 3005 1944 3077 jam
1976 3022 2061 3062 re-

477 3110 652 3166 velata
679 3116 990 3164 sanctorum
1027 3104 1110 3161 via
1134 3102 1202 3171 “,
1242 3103 1502 3160 nimirum
1537 3100 1628 3157 illa
1669 3116 1790 3173 quae
1821 3102 1970 3157 ducit
2006 3102 2059 3157 in

479 3173 680 3259 Sancta
715 3208 1045 3258 sanctorum.
1099 3182 1305 3252 Sancta
1339 3193 1485 3250 enim
1516 3202 1635 3248 erat
1664 3190 1853 3264 procul
1897 3190 2061 3247 dubio

478 3296 598 3365 ipsa
627 3292 709 3348 lex
736 3302 975 3365 quoque,
1015 3285 1216 3359 quippe
1248 3298 1370 3357 qum
1389 3284 1616 3354 justiti-te
1666 3295 1783 3342 erat
1833 3284 2060 3352 arbitra,

476 3396 535 3440 et
568 3364 888 3455 paedagogus
927 3381 993 3435 ad
1047 3380 1321 3436 Christum
1348 3372 1438 3432 "z
1484 3377 1580 3432 sed
1625 3376 1780 3449 longe
1822 3376 2064 3433 sanctior

481 3473 803 3545 intelligitur
836 3473 924 3528 illa
958 3474 1010 3529 in
1056 3472 1273 3527 Christo
1306 3471 1436 3533 vita,
1467 3481 1522 3525 et
1553 3469 1646 3527 ilio
1671 3471 1738 3542 ⁸ἱιι
1772 3469 1979 3525 umbris
2009 3479 2062 3525 et

476 3565 666 3637 figuris
690 3564 834 3622 cultu
858 3563 1202 3635 praestantior
1231 3578 1295 3618 ac
1325 3563 1516 3617 melior
1542 3563 1588 3618 is
1621 3558 1714 3634 qui
1754 3561 1808 3617 in
1863 3561 2059 3633 spiritu

477 3670 533 3714 et
566 3659 793 3714 veritate
820 3654 1129 3712 exhibetur.
1164 3654 1246 3709 An
1286 3669 1416 3710 vero
1444 3671 1555 3709 non
1592 3654 1774 3710 divina
1809 3665 1865 3709 et
1896 3671 2060 3725 supra

478 3751 713 3808 hominis
771 3759 1019 3804 naturam
1049 3746 1313 3819 ejusmodi
1351 3756 1478 3802 sunt
1510 3747 1720 3817 opera?
1748 3763 1928 3802 nonne
1969 3763 2062 3801 sa-

477 3834 673 3909 lutaris
712 3842 801 3899 illa
846 3836 1029 3913 passio
1071 3840 1382 3896 versatilem
1434 3840 1581 3895 illum
1617 3841 1855 3912 giadintu
1905 3840 2062 3895 euhi-

478 3940 614 4007 bttit,
661 3950 718 3994 et
773 3937 1046 3993 hominem
1099 3952 1291 3991 rursus
1336 3935 1389 3989 in
1442 3936 1753 4007 paradisum
1804 3930 2061 3990 induxit?

352 4022 359 4033 ’
476 4031 623 4088 Dixit
653 4031 796 4088 enim
849 4028 1102 4086 Christus
1130 4028 1290 4084 simul
1320 4042 1583 4099 suspenso
1627 4027 1820 4082 latroni
1858 4045 1871 4081 :
1902 4045 1922 4078 ι
1953 4023 2062 4080 ilo-

477 4126 565 4181 die
597 4138 807 4179 mecum
840 4122 952 4176 eris
984 4120 1038 4174 in
1076 4122 1329 4193 paradiso
1354 4119 1420 4173 ⁸⁸.
1461 4138 1481 4173 ι
1518 4116 1712 4174 Nonne
1741 4116 1943 4173 aﬂ‘ulsit
1976 4114 2062 4173 his

475 4214 569 4286 qui
595 4215 649 4269 in
677 4212 920 4269 tenebris
945 4200 1126 4275 erant,
1156 4228 1277 4267 cum
1303 4220 1572 4282 potestate
1603 4210 1925 4275 inclamans,
1956 4206 2062 4265 lte-

476 4298 844 4363 velamini"?
887 4301 1181 4361 Evacnarit
1233 4305 1380 4358 enim
1433 4302 1640 4358 inferos
1692 4312 1750 4356 nt
1805 4295 1966 4368 Deus,
2009 4310 2063 4357 ct

476 4411 596 4462 eos.
639 4398 729 4468 qui
759 4396 831 4451 ibi
861 4406 1041 4459 erant,
1090 4412 1120 4450 a
1173 4396 1406 4451 vinculis
1447 4395 1708 4450 relaxavit
1734 4393 1801 4459 ἕδ.
1838 4395 1903 4449 Et
1948 4395 2063 4466 ipse

2159 1933 2254 1981 τος
2274 1932 2289 1948 ⁸
2328 1935 2348 1970 ι
2385 1916 2498 1971 Καὶ
2525 1914 2732 1970 ἐνδύσω
2759 1914 2851 1968 τὸν
2880 1914 3108 1987 οὐρανὸν
3133 1914 3345 1981 σκότος,
3369 1915 3465 1969 καὶ
3493 1914 3645 1988 θήσω
3666 1916 3753 1981 ὡς

2163 2009 2370 2064 σάκκον
2395 2008 2457 2062 τὸ
2487 2005 2838 2080 περιϐόλαιον
2885 2005 3073 2061 αὐτοῦ.
3113 2023 3132 2058 ι
3171 2006 3344 2071 Αὐτὸς
3377 2009 3486 2079 γὰρ
3517 2008 3544 2060 6
3569 2008 3754 2062 λαλῶν

2162 2100 2418 2172 πάρεστι,
2468 2099 2565 2152 καὶ
2609 2098 2639 2153 ὃ
2680 2097 2851 2153 πάλαι
2902 2098 3330 2170 προμεμήνυκεν
3371 2099 3630 2168 ἐσόμενον
3661 2100 3752 2162 ὡς

2160 2191 2318 2257 Θεὸς,
2351 2191 2639 2263 ἐπλήρωσε
2664 2189 2809 2243 κατὰ
2837 2190 3066 2261 καιροὺς
3094 2188 3454 2261 ἀνθρωπίνως
3480 2191 3717 2263 σταυροῦ
3736 2221 3753 2231 -

2163 2296 2346 2356 μενος.
2391 2282 2695 2354 Μονονουχὶ
2737 2280 2847 2353 γὰρ
2899 2279 3156 2335 πενθικὸν
3205 2280 3421 2351 ἱμάτιον
3455 2282 3483 2336 6
3516 2282 3753 2355 οὐρανὸς

2160 2375 2254 2431 τὸν
2286 2374 2478 2429 σκότον
2511 2374 2781 2446 ὑπέσχετο
2799 2389 2814 2402 °
2847 2373 2876 2427 6
2903 2370 3056 2445 ἥλιος
3084 2371 3141 2426 δέ
3168 2370 3278 2426 τῶν
3301 2370 3623 2428 ἀκτίνωνκτδ
3652 2374 3754 2428 σέ-

2162 2468 2261 2532 λας
2285 2466 2468 2522 οὐκέτι
2506 2465 2681 2530 διδοὺς
2708 2467 2819 2530 τοῖς
2847 2464 3249 2537 ἐμπαροινῆσαι
3276 2462 3632 2536 τετολμηκόσι
3662 2464 3754 2536 τῷ

2162 2560 2271 2616 τῶν
2299 2561 2437 2616 ὅλων
2460 2561 2709 2634 Δεσπότῃ
2735 2556 2830 2614 καὶ⁸
2855 2558 2996 2629 Θεῷ,
3013 2557 3105 2610 τὸν
3134 2556 3229 2631 είς
3245 2556 3367 2613 νοῦν
3396 2556 3488 2613 καὶ
3507 2557 3754 2630 καρδίαν

2163 2655 2425 2727 ἐσόμενον
2470 2652 2654 2720 αὐτοῖς
2698 2652 3479 2727 προκαταμεμήνυκεσκότον.
3531 2648 3753 2706 Ψάλλει

2162 2751 2273 2819 γάρ
2303 2764 2405 2801 που
2425 2744 2525 2802 καὶ
2548 2749 2577 2801 6
2608 2745 2879 2818 μακάριος
2903 2745 3071 2799 Δαϐὶδ
3104 2744 3234 2816 περὶ
3267 2742 3478 2799 αὒτῶνσ
3509 2761 3529 2795 ι
3550 2740 3750 2796 Σκοτι-

2165 2838 2451 2911 σθήτωσαν
2481 2838 2531 2892 οἱ
2575 2835 2847 2908 ὀφθαλμοὶ
2876 2833 3077 2900 αὐτῶν,
3110 2828 3215 2890 τοῦ
3246 2832 3322 2906 μὴ
3353 2831 3597 2905 βλέπειν,
3642 2833 3750 2887 καὶ

2161 2929 2255 2986 τὸν
2301 2922 2470 2986 νῖῖιτον
2508 2927 2689 2983 αὐτῶν
2732 2927 3028 2993 διαπαντὸς
3063 2926 3410 2999 σύγκαμψον.
3444 2946 3463 2979 ι
3508 2929 3747 3001 Διερρἠ

2162 3038 2327 3092 γνυτο
2370 3020 2432 3076 δέ
2479 3020 2573 3075 κσὶι
2618 3020 2680 3075 τὸ
2713 3021 3121 3092 καταπέτασμα
3164 3020 3260 3075 τοῦ
3310 3019 3467 3087 ναοῦ,
3512 3024 3625 3085 τοῖς
3662 3024 3749 3087 εἰς

2164 3115 2327 3170 αὐτὸν
2385 3117 2735 3169 πιστεύουσιν
2771 3114 3111 3169 ἐκκαλύπτον
3154 3114 3259 3188 ῆδη
3305 3113 3376 3169 τὰ
3413 3116 3585 3184 Ἅγια
3631 3114 3749 3169 τῶν

2167 3208 2358 3277 ἁγίων,
2405 3206 2500 3260 καὶ
2541 3206 2608 3261 τά
2650 3208 2906 3262 ἐσωτάτω
2952 3206 3232 3263 δεικνύον’
3284 3208 3594 3274 ὡςόὑκέτι
3643 3209 3749 3279 μὲν

2163 3298 2395 3371 ἐχούσης
2429 3300 2617 3354 στάσιν
2639 3300 2735 3370 τῆς
2767 3298 2993 3373 πρώτης
3021 3299 3248 3372 σκηνῆς,
3275 3298 3747 3372 πεφανερωμένης

2162 3389 2220 3446 δὲ
2255 3391 2356 3465 ῆδη
2383 3392 2482 3463 τῆς
2513 3389 2622 3445 τῶν
2657 3391 2828 3461 ἁγίων
2856 3390 3000 3455 ὁδοῦ,
3030 3391 3190 3461 δῆλον
3224 3391 3283 3446 δὲ
3313 3391 3394 3445 ὅτι
3429 3392 3530 3463 τῆς
3560 3392 3639 3454 εις
3674 3394 3752 3445 τά
3822 3454 3837 3463 ἱ

2167 3483 2334 3552 ’Ἅγια
2367 3484 2477 3538 τῶν
2503 3483 2697 3553 ἁγιωψ
2731 3484 2887 3552 ἅγιος
2912 3483 3013 3554 μὲν
3045 3483 3157 3556 γάρ
3184 3482 3628 3555 ὁμολογουμένως
3648 3483 3751 3556 καῖε

2164 3575 2192 3628 6
2220 3550 2381 3646 νόμος
2413 3570 2503 3647 ἦν,
2536 3550 2621 3628 ότι
2654 3575 2747 3628 καὶ
2766 3550 3429 3646 δικαιοσύνηςνπρῦτανις,
3455 3550 3657 3644 τγέγονε
3685 3550 3750 3627 δέ

2164 3669 2260 3723 καὶ
2319 3668 2669 3737 παιδαγωγὸς
2726 3668 2808 3732 εἰς
2858 3667 3124 3739 Χριστόν·
3182 3668 3458 3738 άγιωςέρα
3513 3684 3578 3736 γε
3636 3666 3752 3738 μὴν

2162 3760 2512 3831 ἁσυγκρίτως
2556 3762 2589 3832 ή
2625 3761 2683 3813 ἐν
2714 3750 2940 3833 Χριστῷ
2984 3762 3186 3815 νοεῖται
3233 3760 3348 3832 ζωὴ
3375 3801 3389 3824 ,
3421 3759 3516 3814 καὶ
3547 3758 3649 3830 τῆς
3685 3762 3753 3813 ἐν

2164 3856 2393 3927 σκηναῖς
2418 3851 2443 3926 Ῐ
2466 3855 2554 3907 la.
2590 3852 2815 3926 σκιαῖς]
2844 3854 2938 3906 καὶ¹
2963 3853 3153 3918 τύποις
3179 3853 3435 3924 λατρείας
3470 3870 3754 3927 προφερε-

2165 3946 2334 4017 στέρα
2376 3961 2437 3997 τε
2483 3944 2577 3998 καὶ
2623 3944 2680 3997 ἐν
2730 3943 3013 4016 ἀμείνοσιν
3055 3945 3089 4016 ἡ
3134 3946 3191 3997 ἐν
3230 3943 3503 4015 πνεύματί
3541 3961 3603 3997 τε
3651 3945 3755 3999 καὶ

2161 4036 2413 4111 ἀληθείᾳ..
2446 4035 2594 4110 Ἆρα
2636 4037 2759 4108 οὐχῖ
2803 4038 3119 4110 θεοπρεπῆ,
3156 4036 3254 4093 καὶ
3289 4036 3429 4109 ὺπέρ
3452 4034 3752 4109 ἀνθρώπου

2162 4130 2327 4200 φύσιν
2373 4129 2443 4183 τὰ
2469 4128 2649 4183 τοιάδε
2693 4127 2798 4182 τῶν
2833 4127 3276 4209 κατορθωμάτων
3302 4124 3411 4182 εἷεν
3440 4129 3541 4192 άν;
3570 4128 3646 4181 Οὐ
3683 4128 3753 4183 τὸ

2164 4224 2430 4291 σωτήριον
2462 4219 2633 4283 πάθος
2683 4217 3036 4290 δεδυσὼπηκε
3084 4219 3184 4290 μὲν
3220 4219 3321 4292 τὴν
3363 4217 3753 4290 στρεφομένην

2167 4311 2463 4383 ῥομφαίαν,
2497 4310 2850 4382 είσκεκόμικε
2884 4310 2941 4365 δὲ
2980 4298 3145 4366 πάλιν
3194 4312 3253 4365 ἐν
3299 4309 3379 4381 τῷ
3433 4311 3758 4384 παραδείσῳ

2162 4402 2255 4457 τὸν
2306 4403 2626 4476 άνθρωπον;
2665 4404 2810 4474 Ἔφη
2845 4403 2955 4475 γάρ
2983 4405 3011 4457 6
3038 4401 3271 4475 Χριστὸς
3318 4400 3398 4473 τῷ
3429 4419 3743 4473 συγκρεμα-

371 5439 374 5442 ~
482 5403 640 5485 137
664 5413 848 5480 fuisse,
874 5413 1031 5472 ﬁdem
1056 5417 1215 5472 faciet
1244 5417 1431 5472 beatus
1453 5413 1651 5470 Pauius
1672 5430 1794 5470 cum
1822 5416 2015 5473 scribit
2042 5435 2055 5470 :

477 4498 595 4546 erat
632 4487 725 4559 qui
783 4487 913 4543 olim
974 4488 1037 4542 ad
1092 4485 1549 4557 patientissimum
1600 4485 1703 4541 Joh
1759 4487 2059 4542 clamavit:

2170 4493 2316 4565 μένῳ
2344 4495 2544 4567 λῃστῇ·
2581 4513 2601 4547 ι
2635 4494 2886 4566 Σήμερον
2912 4492 3034 4567 μετ’
3061 4493 3200 4566 ἐμοῦ
3234 4495 3335 4567 {an
3366 4497 3425 4549 ἐν
3455 4493 3534 4566 τῷ
3566 4510 3761 4566 παρα-

482 4602 501 4635 ι
544 4578 750 4636 Venisti
781 4579 850 4635 ad
883 4577 1110 4633 fumium
1150 4578 1341 4645 maris,
1378 4586 1434 4632 et
1469 4578 1524 4632 in
1565 4579 1848 4648 profundis
1873 4580 2056 4650 abyssi

2166 4588 2348 4661 δείσῳ.
2383 4607 2401 4641 ι
2435 4590 2551 4643 Οὐκ
2579 4587 2867 4658 ἐπέλαμψε
2897 4590 3008 4651 τοῖς
3029 4588 3090 4643 ἐν
3122 4588 3320 4659 σκότῳ,
3352 4587 3472 4659 μετ’
3502 4587 3760 4654 ἐξουσίας

476 4668 876 4729 deamhuiasti?
908 4669 1314 4740 Aperiunturne
1364 4667 1461 4723 tibi
1505 4679 1650 4723 metu
1694 4676 1866 4740 porta:
1909 4687 2057 4724 mor-

456 4768 585 4835 ,tis,
641 4775 696 4819 et
745 4761 1015 4833 janitores
1060 4760 1283 4835 inferni,
1318 4770 1369 4817 te
1415 4772 1729 4833 conspecto,
1767 4774 1892 4818 sunt
1950 4773 2060 4820 ter-

475 4856 662 4913 riti”?
716 4874 741 4910 ι
771 4855 881 4912 Cur
925 4853 1089 4924 igitur
1131 4868 1221 4910 res
1265 4855 1402 4910 adeo
1450 4856 1663 4911 divinas
1700 4855 1790 4909 nui
1835 4870 1904 4912 ex
1954 4870 2057 4912 no-

473 4963 587 5007 stro
620 4963 851 5006 numero
881 4957 933 5003 et
967 4948 1171 5013 homini
1217 4946 1391 5003 solum
1426 4947 1662 5004 tribucre
1705 4965 1813 5004 non
1862 4950 2058 5006 erube-

474 5041 627 5100 scis?
660 5030 856 5113 'lpsnm
907 5054 1143 5110 namque
1201 5039 1294 5095 Dei
1327 5039 1585 5107 Verbum,
1638 5052 1858 5111 accepta
1908 5042 2053 5098 servi

476 5141 672 5201 torma,
698 5150 823 5190 cum
855 5134 1005 5189 carni
1037 5142 1094 5189 et
1122 5133 1373 5204 sanguini
1416 5136 1893 5202 communicasset,
1922 5151 2053 5206 pro-

478 5228 655 5297 prium
681 5243 877 5298 corpus
893 5237 1111 5297 propter
1128 5242 1228 5282 nos
1248 5227 1405 5281 morti
1427 5229 1556 5282 dare
1574 5244 1679 5281 non
1702 5228 1983 5300 refugisse,
2004 5239 2059 5285 et

476 5336 601 5377 cum
622 5331 767 5381 esset
785 5336 851 5377 ex
870 5332 1001 5378 natu
1011 5336 1067 5378 ra
1085 5322 1426 5394 impatibilis,
1445 5337 1610 5378 carne
1624 5338 1844 5393 passum
1862 5322 2059 5394 sponte

2164 4680 2454 4751 ἐπιφωνῶν
2505 4680 2605 4747 τὸ,
2657 4679 3137 4752 Ἀνακαλύφθητε;
3184 4678 3475 4735 Κεκένωκε
3509 4680 3622 4751 γὰρ
3659 4681 3761 4733 τὸν

2165 4773 2300 4847 ᾅδην
2326 4773 2401 4837 ὡς
2428 4772 2583 4837 Θεὸς,
2616 4774 2713 4827 καὶ
2740 4772 2957 4845 δεσμῶν
2986 4772 3157 4844 ἀνῆκε
3182 4769 3309 4836 τοὺς
3340 4772 3398 4826 ἐν
3428 4770 3578 4842 αὐτῷ
3598 4788 3612 4801 ·
3655 4770 3761 4826 καὶ

2167 4866 2343 4933 αὐτὸς,
2359 4863 2427 4938 ἧν
2444 4864 2479 4916 6
2510 4865 2678 4920 πάλαι
2706 4865 2846 4937 βοῶν
2871 4865 3008 4937 πρὸς
3039 4864 3130 4918 τὸν
3149 4861 3763 4935 τληπαθέστατονῚώϐ·

2172 4955 2405 5024 «Ἦλθες
2438 4961 2533 5013 ἐπὶ
2556 4958 2735 5030 πηγὴν
2768 4958 3066 5030 θαλάσσης,
3096 4959 3155 5011 ἐν
3186 4957 3243 5011 δὲ
3278 4955 3480 5028 ἴχνεσιν
3510 4956 3764 5011 ἀϐύσσου

2168 5048 2972 5125 περιεπάτησαςζἈνοίγονταί
3008 5066 3090 5102 σοι
3116 5048 3267 5119 φόϐῳ
3294 5047 3460 5101 πύλαι
3496 5047 3767 5116 θανάτου,

2166 5144 2406 5215 πυλωροὶ
2435 5143 2492 5196 δὲ
2520 5142 2648 5215 ᾅδου
2682 5142 2882 5204 ἰδόντες
2919 5158 2979 5195 σε
3006 5139 3287 5213 ἔπτηξαν;
3328 5160 3348 5193 ι
3380 5140 3446 5194 Τί
3473 5140 3661 5194 τοίνυν
3692 5138 3769 5195 τά

2165 5236 2247 5288 ἔτι
2278 5234 2387 5307 [ῐσ.
2421 5234 2589 5305 οὕτω]
2618 5220 2902 5307 θεοπρεπῆ
2932 5232 3041 5287 τῶν
3070 5232 3192 5288 καθ’
3219 5232 3367 5305 ἡμᾶς
3410 5232 3490 5284 ἐνὶ
3534 5231 3632 5283 καὶ
3660 5231 3755 5284 ἀν·

2167 5328 2372 5400 θρώπῳ
2399 5328 2548 5400 μόνῳ
2569 5329 2895 5400 προσνέμων
2926 5327 3029 5381 οὐκ
3052 5326 3312 5399 ἐρυθριᾷς
3332 5342 3348 5391 ;
3371 5325 3495 5379 Ὅτι
3532 5322 3642 5394 γὰρ
3664 5323 3773 5377 αὐ-

2166 5421 2257 5485 τὸς
2287 5423 2316 5475 6
2352 5420 2445 5475 τοῦ
2475 5421 2611 5475 Θεοῦ
2637 5421 2830 5491 Λόγος,
2866 5419 3084 5493 μορφὴν
3107 5419 3295 5474 δούλου
3327 5416 3532 5480 λαϐὼν,
3555 5415 3764 5487 σαρκός

483 5503 750 5562 «Gratias
797 5514 1017 5577 agentes
1068 5507 1244 5574 Patri,
1296 5507 1388 5577 qui
1440 5521 1537 5562 nos
1585 5506 1778 5578 dignos
1822 5505 1953 5562 fecit
2003 5507 2057 5562 iu

2167 5524 2227 5564 τε
2259 5514 2351 5565 καὶ
2380 5512 2608 5583 αἵματος
2650 5510 3068 5583 κεκοινωνηκὼς
3088 5551 3103 5577 ,
3142 5500 3412 5583 ἠνέσχετο
3446 5509 3547 5581 μὲν
3574 5506 3765 5561 δοῦναι

536 5688 581 5718 ⁵·
619 5684 807 5741 Matth.
839 5700 1011 5749 uvtt,
1034 5684 1122 5738 46.
1198 5684 1243 5758 ξ’
1271 5683 1374 5758 lsa.
1409 5703 1458 5749 ι,
1486 5685 1540 5740 3.
1617 5685 1662 5758 δέ
1693 5685 1833 5758 Psai.
1863 5702 2056 5758 ιτιὶίιιν

2162 5731 2166 5742 .
2246 5689 2292 5720 ’δ
2316 5687 2477 5743 liebr.
2514 5705 2590 5757 ts,
2620 5691 2674 5748 8.
2757 5692 2801 5723 ³³
2835 5689 3017 5747 Gaiat.
3049 5706 3137 5758 ιιι,
3171 5687 3263 5744 Ἥ.
3340 5685 3387 5720 ³⁸
3423 5685 3555 5742 an.
3598 5675 3767 5749 uttts

484 5759 565 5813 4.)
649 5758 696 5802 ’ἶ
718 5760 824 5814 lsa.
859 5771 1011 5825 χιιι,
1043 5758 1128 5810 ιυ.
1202 5756 1247 5789 ⁸⁸
1279 5758 1296 5812 ι
1329 5757 1471 5812 l’ctr.
1516 5773 1593 5826 ιιι,
1637 5757 1720 5812 19.
1797 5757 1842 5788 ’θ
1872 5756 1974 5813 Job
2039 5775 2059 5813 ι

2162 5774 2271 5824 rut,
2318 5758 2405 5827 Π,
2452 5756 2536 5815 i8.
