4002 6192
452 342 558 398 27.9
1480 326 1536 379 S.
1577 322 1855 380 CYllllLI-
1890 315 2359 374 ALEXANDRINI
2402 313 2721 370 AlllllllEP.
2875 375 2893 390 ο
3616 301 3729 355 250

454 455 739 514 suscitavit
794 454 968 515 Deus,
1030 447 1122 518 qui
1181 443 1444 507 cernitur,
1508 441 1598 509 qui
1660 438 1834 491 oculis
1901 437 2044 488 vidc-

2168 435 2363 502 Ἀρειε.
2417 428 2691 490 ιΤοῦτον,
2738 427 2912 495 φησὶ,
2961 424 3052 476 τὸν
3110 420 3318 490 Ἰησοῦν
3355 416 3647 486 ἀνέστησεν
3701 419 3732 469 6

457 564 546 604 ιυτ
569 548 636 611 η,
675 564 692 596 ι
730 522 820 612 qui
868 543 1013 609 ligno
1050 538 1275 592 suﬂixus
1298 535 1367 597 ”,
1397 532 1486 601 qui
1537 527 1783 583 manibus
1810 524 2033 579 Tltntnzn

2168 523 2275 585 lib;
2299 521 2391 573 τὸν
2424 519 2770 589 φαινόμενον,
2799 515 2985 569 τοῦτον
3016 513 3106 566 τὸν
3138 511 3415 582 ὁρώμενον
3439 510 3672 579 ὄμμασι,
3704 528 3724 560 ι

457 645 828 692 contrectatus
852 631 1031 691 fuit“.
1058 629 1147 699 qui
1192 629 1257 680 ad
1285 628 1457 696 ipsum
1481 619 1769 677 clamavit:
1798 639 1815 669 ι
1850 618 2037 688 Palpa,

2168 614 2237 667 ξὺν
2281 612 2425 683 ξύλῳ
2470 608 2915 682 προσηλωΘέντα,
2947 606 3038 659 τὸν
3067 606 3189 665 ταῖς
3218 602 3314 655 τοῦ
3350 602 3523 673 Θωμᾶ
3564 601 3737 671 ψηλαο

458 734 584 802 quia
624 728 848 799 spiritus
895 738 1113 779 carnem
1146 730 1199 775 et
1240 734 1361 773 ossa
1410 732 1513 770 non
1561 716 1747 783 habet,
1785 715 1923 771 sicut
1955 728 2038 764 me

2168 705 2393 776 ρηθέντα
2417 703 2594 774 χερσὶ,
2625 701 2718 754 τὸν
2748 700 2885 769 πρὸς
2915 698 3079 767 αύτδν
3108 695 3422 766 κεκραγότα
3441 709 3453 721 ·
3489 712 3508 745 ι
3544 694 3735 762 Ψηλάο

460 786 667 875 videtis.
688 818 891 872 habere
913 815 999 879 ης
1031 830 1049 864 ι
1087 812 1277 879 bisque
1306 821 1601 877 persuasus
1633 803 1931 874 discipulus
1954 800 2041 853 ille

2168 813 2344 866 ρησον,
2374 796 2456 849 ὅτι
2496 794 2716 864 πνεῦμα
2747 792 2926 863 σάρκα
2955 790 3048 844 καὶ
3077 789 3241 842 ὀστέα
3268 789 3371 841 ούκ
3396 787 3530 857 ἔχει,
3551 786 3738 849 καθὼς

465 912 705 975 vocibus,
737 918 790 963 et
821 904 1252 960 contrectatione
1287 899 1533 953 crncillxi
1564 897 1809 966 corporis
1845 896 1911 949 de
1952 906 2040 947 re-

2168 889 2245 959 μὲ
2267 888 2522 960 Θεωρεῖτε
2540 887 2734 957 ἔχοντα
2752 902 2764 915 ·
2782 903 2799 937 ι
2827 885 2923 938 καῖ
2938 882 3163 945 ταύταις
3183 882 3427 944 πεισθεὶς
3441 881 3471 932 6
3487 880 3740 951 μαθητὴς

465 1002 806 1061 surrectione
843 998 1043 1053 certior
1081 996 1273 1055 lactus,
1309 990 1707 1047 admirabilium
1737 1002 1919 1043 rerum
1963 983 2043 1039 ef-

2168 984 2260 1043 ἀῖς
2290 982 2518 1049 φωναῖς,
2544 978 2641 1032 καὶ
2673 980 2737 1047 τῇ
2773 976 3089 1047 ψηλαφήσει
3122 970 3414 1044 [περὶτῆς]
3446 971 3538 1024 τοῦ
3575 989 3744 1024 σταυ-

467 1097 726 1152 l’ectorem
787 1091 953 1146 Deum
999 1086 1379 1158 glorilit-abat:
1416 1103 1432 1133 ι
1470 1081 1729 1136 Dominus
1775 1092 1950 1143 meus,
1990 1085 2045 1129 et

2168 1072 2412 1135 ιωοέντος
2455 1070 2705 1141 σώματος
2742 1068 2987 1131 πεισθεὶς
3026 1066 3399 1127 ἀναστάσεως,
3433 1064 3524 1115 τὸν
3550 1080 3739 1133 παρα-

468 1189 609 1242 Deus
636 1200 812 1249 meus,
841 1182 937 1237 tibi
974 1180 1144 1250 gloria
1172 1178 1255 1231 “z
1294 1195 1311 1227 ι
1349 1190 1457 1229 non
1493 1173 1635 1242 quod
1666 1170 2045 1225 contrectaba-

469 1292 555 1334 tur
608 1274 885 1346 appellans
927 1272 1133 1335 Deum;
1193 1280 1366 1335 neque
1419 1265 1563 1318 enim
1618 1260 2047 1316 contrectatione

468 1369 724 1425 divinitas
762 1366 1061 1419 invenitur.
1099 1360 1164 1413 Et
1196 1367 1310 1427 post
1347 1357 1455 1410 alia
1487 1372 1504 1409 :
1533 1355 1614 1409 De
1655 1353 1757 1407 hoc
1793 1351 2045 1422 palpabili

468 1463 631 1517 etiam
683 1458 876 1514 Petrus
926 1455 1197 1509 clamabat
1228 1434 1294 1506 εἰ
1332 1449 1485 1504 llunc
1526 1447 1710 1502 Jesum
1765 1444 2049 1500 suscitavit

472 1552 690 1608 Deus".
723 1568 742 1601 ›
766 1577 835 1589 —-
881 1566 897 1599 ι
922 1545 1151 1600 Dextera
1177 1543 1341 1612 igitur
1367 1540 1457 1595 Dei
1504 1538 1773 1592 exaltatus
1794 1535 1864 1590 “.
1908 1554 1927 1587 ι
1957 1534 2052 1588 De-

472 1654 621 1697 xtera
650 1651 829 1701 autem
865 1652 1019 1707 opem
1052 1634 1256 1688 furente
1280 1632 1421 1685 Dens
1458 1627 1688 1683 Verbum
1717 1642 1823 1681 non
1843 1625 2049 1696 indige-

473 1739 600 1801 bat,
626 1730 769 1804 Ari.]

1119 1858 1268 1914 CAP.
1318 1855 1400 1911 \'l.

548 2003 788 2061 Suscitat
806 1998 1022 2070 quidem
1042 1994 1212 2051 Filius
1235 2003 1497 2056 mortuos,
1518 2003 1750 2058 eumque
1774 1996 1945 2044 morte
1960 2001 2055 2055 po-

478 2100 762 2155 tentiorem
784 2092 1110 2149 conlitemur
1128 2131 1142 2155 ,
1176 2099 1444 2142 memores
1471 2083 1616 2137 illum
1642 2080 1855 2136 disertis
1876 2079 2055 2133 verbis

478 2192 725 2247 dixisse:
766 2203 784 2237 ι
819 2184 931 2255 Ego
963 2197 1081 2236 sum
1119 2179 1450 2234 resurrectio
1489 2184 1544 2230 et
1582 2173 1691 2227 vita
1707 2172 1785 2237 ";
1818 2189 1837 2223 ι
1875 2180 2054 2224 tamen

480 2296 602 2334 cum
623 2279 815 2335 beatus
845 2274 1036 2328 Petrus
1064 2270 1219 2325 nobis
1248 2266 1558 2332 annuntiat,
1584 2263 1771 2318 dicens
1804 2283 1817 2316 :
1857 2278 1875 2311 ι
1902 2258 2057 2314 llunc

479 2370 663 2427 Jesum
707 2366 992 2424 suscitavit
1026 2363 1191 2426 Deus,
1225 2378 1244 2413 ι
1281 2360 1459 2429 ipsum
1510 2369 1630 2412 esse
1668 2354 1941 2410 credimus
1968 2349 2058 2406 Je-

480 2478 622 2529 sum,
672 2459 802 2514 illud
846 2457 987 2526 quod
1038 2455 1201 2508 homo
1244 2451 1444 2505 factum
1493 2456 1577 2502 est
1606 2445 1869 2501 Verbum.
1916 2442 2061 2509 Quo-

416 2538 417 2541 d
481 2554 643 2609 modo
666 2564 799 2622 ergo
831 2549 1153 2603 suscitatum
1187 2544 1362 2611 ipsum
1403 2555 1431 2593 a
1467 2538 1630 2593 Patre
1654 2538 1941 2607 quisquam
1974 2536 2061 2590 di-

479 2655 671 2710 cat,et
712 2644 831 2713 ejus
876 2641 1064 2695 dextra
1114 2630 1451 2689 exaltatum?
1494 2631 1608 2685 haec
1663 2642 1897 2698 namque
1931 2634 2062 2697 puto

483 2738 724 2809 apertius
777 2731 1102 2788 declaranda
1157 2739 1280 2781 esse
1333 2724 1399 2777 iis
1454 2723 1545 2792 qui
1602 2720 1906 2789 intelligere
1970 2734 2061 2772 nec

485 2838 713 2901 queunt,
748 2837 830 2889 ut,
864 2819 1111 2878 scandali
1142 2818 1433 2872 occasione
1483 2813 1719 2876 sublata,
1757 2821 1961 2866 rectam
2006 2821 2059 2865 et

484 2932 686 2979 certam
721 2914 967 2971 veritatis
996 2911 1139 2964 viam
1186 2908 1497 2962 reddamus.
1543 2904 1702 2958 Dedit
1740 2908 1871 2972 ergo
1905 2901 2061 2955 morti

485 3015 762 3087 proprium
784 3021 980 3076 corpus
1005 3004 1071 3057 ad
1098 3000 1366 3057 modicum
1385 3006 1594 3068 tempus
1614 3013 1636 3052 ς
1666 3013 1684 3048 ι
1710 2994 1897 3050 Gratia
1918 3009 2067 3048 nam-

484 3122 589 3177 que
618 3104 732 3167 Dei,
761 3120 780 3154 ι
812 3112 870 3154 ιιι
899 3097 1078 3168 inquit
1114 3091 1332 3158 Paulus,
1366 3109 1385 3143 ι
1405 3105 1504 3161 pro
1530 3089 1783 3146 omnibus
1824 3088 2065 3157 gustavit

2143 1163 2419 1232 δοξοποιδν
2434 1162 2737 1230 ὲδοξολόγει
2757 1160 2889 1215 Θεὸν
2911 1175 2927 1193 ο
2961 1178 2978 1210 ι
3000 1159 3060 1212 ὐ
3081 1157 3285 1229 Κύριός
3313 1174 3414 1227 μου
3438 1157 3532 1210 καὶ
3553 1158 3583 1209 6
3601 1156 3739 1217 Θεός

2146 1276 2273 1330 μου,
2294 1256 2420 1320 δόξα
2449 1272 2533 1308 σοι
2553 1271 2563 1283 ·
2580 1274 2597 1305 ι
2619 1255 2679 1307 ού
2706 1254 2766 1306 τὸ
2782 1252 3106 1324 ψηλαφηϐὲν
3129 1248 3557 1320 προσαγορεύων
3578 1248 3739 1301 Θεόνο

2148 1349 2269 1401 οὐδὲ
2312 1350 2421 1417 γάρ
2471 1346 2790 1418 ψηλαφήσει
2838 1344 3030 1413 Θεότης
3066 1342 3406 1413 εὑρίσκεται.
3446 1342 3553 1394 Kal
3606 1341 3744 1409 μεθ’

2132 1438 2343 1510 κὲτερα,
2394 1438 2532 1510 Περὶ
2579 1436 2674 1491 τοῦ
2707 1435 3031 1508 ψηλαφητοῦ
3084 1432 3274 1487 τούτου
3316 1434 3418 1485 καὶ
3460 1434 3488 1485 ὁ
3536 1434 3744 1503 Πέτρος

2150 1534 2300 1586 ἐϐόα.
2333 1531 2564 1585 ιΤοῦτον
2592 1529 2687 1583 τὸν
2716 1528 2925 1600 Ἰησούν
2952 1527 3247 1596 ἀνέστησεν
3272 1528 3300 1579 6
3322 1525 3508 1588 Θεός.»
3537 1557 3605 1565 -
3628 1527 3743 1596 ιΤῄ

2150 1624 2302 1694 δεξιᾷ
2333 1619 2426 1677 οῦν
2454 1622 2548 1675 τοῦ
2572 1621 2706 1675 Θεοῦ
2743 1619 2996 1690 ύψωθείς.
3026 1634 3044 1668 ι
3070 1618 3265 1683 Δεξιᾶς
3288 1617 3684 1690 δὲίβοηθούσης
3712 1620 3742 1670 6

2152 1717 2283 1779 Θεὸς
2314 1716 2485 1784 ⁴λόγος
2507 1698 2609 1768 οὐξι
2632 1712 2885 1784 ἔχρῃζεν,
2915 1712 3124 1783 ’Δρειε.

2752 1844 3012 1903 'ttssAA.
3054 1844 3141 1915 ς’.

2240 1987 2515 2057 Ἀνίστησι.
2551 1987 2649 2057 μὲν
2694 1987 2723 2039 6
2768 1985 2895 2049 Υἱὸς
2927 1986 3051 2048 τοὺς
3079 1984 3307 2053 νεκροὺς
3328 2027 3342 2051 ,
3378 1985 3474 2037 καὶ
3504 1984 3740 2038 Θανάτου

2158 2079 2443 2150 κρείττονα
2477 2078 2658 2147 φαμὲν
2688 2076 2955 2149 ὑπάρχειν
2998 2076 3162 2130 αὐτόν
3186 2092 3201 2107 ο
3251 2075 3580 2147 μεμνήμεθα
3626 2075 3745 2146 γὰρ

2158 2170 2462 2240 ἀναφανδὸν
2492 2169 2773 2241 εἰρηκότος
2795 2185 2808 2198 ·
2839 2188 2857 2221 ι
2881 2167 3025 2238 Ἐγώ
3049 2170 3164 2239 είμι
3196 2169 3230 2239 ἡ
3262 2168 3563 2230 ἀνάστασις
3589 2169 3682 2220 καλ⁵
3705 2170 3743 2238 ἡ

2158 2260 2272 2331 ζωή
2294 2276 2308 2289 ·
2346 2280 2365 2313 ι
2402 2260 2545 2331 πλὴν
2574 2260 2700 2313 ὃταν
2728 2261 2861 2329 ἡμῖν
2895 2259 2923 2312 6
2951 2258 3236 2321 Θεσπέσιος
3272 2259 3478 2326 Πέτρος
3508 2259 3747 2327 εὐαγγε-

2159 2351 2396 2424 λίξηται,
2438 2351 2644 2420 λέγων·
2704 2370 2723 2403 ι
2754 2352 2953 2405 Τοῦτον
2984 2352 3074 2405 τὸν
3114 2350 3324 2421 Ἰησοῦν
3368 2352 3664 2424 ἀνέστησεν
3716 2353 3749 2404 6

2159 2444 2315 2509 Θεὸς,
2338 2464 2357 2496 ι
2382 2444 2544 2498 αὐτὸν
2572 2440 2711 2499 εἶναι
2740 2444 3072 2515 πιστεύομεν
3112 2444 3317 2515 Ἰησοῦν
3350 2446 3439 2498 τὸν
3463 2444 3748 2516 ὲνανΘρω-

2162 2541 2415 2612 πήσαντα
2441 2540 2633 2608 Λόγον.
2664 2538 2790 2602 Πῶς
2816 2533 2908 2591 οὖν
2938 2536 3236 2608 ὲγηγέρθαι
3276 2537 3402 2607 φαίη
3431 2554 3515 2600 τις
3542 2537 3610 2590 ἂν
3639 2538 3753 2591 αύ-

2161 2632 2254 2685 τὸν
2304 2631 2456 2703 παρὰ
2486 2630 2578 2684 τοῦ
2612 2629 2845 2697 Πατρδς,
2878 2628 3127 2698 ὑψῶσθαί
3159 2645 3218 2680 τε
3250 2632 3313 2699 τῇ
3345 2627 3510 2681 αὑτοῦ
3550 2627 3750 2699 δεξιᾷς

2163 2727 2361 2796 χρῆναι
2392 2723 2501 2794 γὰρ
2548 2717 2700 2792 οἶμαι
2741 2721 2899 2774 ταυτὶ
2939 2720 3351 2790 διατρανοῦσθαι
3404 2719 3592 2789 σαφῶς
3630 2723 3751 2784 τοῖς

2164 2816 2266 2869 ούκ
2289 2815 2475 2885 ἔχουσι
2495 2817 2656 2878 νοεῖν,
2677 2814 2764 2867 ἵνα
2787 2814 2881 2867 καὶ
2904 2813 3004 2882 τὴν
3027 2812 3121 2866 τοῦ
3148 2813 3447 2866 σκανδάλου
3471 2812 3753 2883 πρόφασιν

2162 2905 2583 2974 ἀποκείραντες,
2608 2902 2778 2975 ὀρθὴν
2807 2902 2903 2956 καὶ
2929 2902 3343 2971 άπλανεστάτην
3371 2903 3470 2974 τὴν
3494 2903 3595 2974 τῆς
3620 2904 3753 2975 ἀλη-

2167 2995 2317 3058 Θείας
2342 2997 2714 3067 ἀποφήνωμεν
2735 2994 2874 3048 ὁδόν.
2901 2994 3111 3048 Δέδωκε
3146 2993 3323 3047 τοίνυν
3346 2995 3408 3047 τὸ
3437 2995 3565 3049 [διον
3589 2996 3754 3065 σῶμα

2166 3086 2242 3157 τῷ
2268 3086 2483 3157 Θανάτῳ
2515 3088 2650 3157 πρὸς
2685 3087 2858 3159 βραχύ
2881 3104 2893 3116 ’
2938 3105 2957 3139 ι
2993 3087 3191 3158 Χάριτι
3225 3087 3337 3159 γὰρ
3368 3087 3527 3153 Θεοῦ,
3551 3108 3568 3141 ι
3603 3089 3753 3143 καθά

486 3206 717 3251 mortem
743 3194 788 3249 ⁸.
817 3210 837 3244 ι
882 3188 1085 3246 Deinde
1104 3201 1241 3241 cum
1271 3185 1388 3254 ipse
1427 3190 1572 3238 esset
1619 3180 1708 3236 illa
1741 3181 2058 3235 viviﬁcatrix

2169 3196 2333 3248 φησιν
2362 3182 2389 3233 6
2416 3178 2647 3244 Παῦλος,
2678 3199 2694 3230 ι
2726 3179 2870 3250 ὑπὲρ
2911 3179 3111 3243 παντὸς
3146 3178 3413 3247 ἐγεύσατο
3440 3178 3691 3234 Θανάτου.
3721 3200 3746 3230 ο

487 3286 580 3340 Dei
627 3282 911 3350 Patrisque
957 3279 1155 3331 dextra
1198 3282 1359 3342 atque
1387 3270 1648 3341 potentia,
1690 3279 1863 3324 morte
1902 3278 2066 3337 atque

486 3374 830 3443 corruptione
869 3366 1137 3424 valentius
1182 3363 1315 3419 illud
1364 3358 1585 3427 ell'ecit;
1626 3360 1693 3414 ad
1734 3360 1897 3428 idque
1942 3373 2057 3414 cre-

487 3468 720 3523 dendum
765 3461 1005 3532 locuples
1046 3457 1205 3514 nobis
1241 3456 1358 3526 ipse
1395 3454 1552 3509 testis
1594 3452 1720 3517 erit,
1762 3453 1951 3505 dicens
1978 3448 2066 3503 .ln-

488 3561 659 3615 dazis:
695 3576 714 3609 t
748 3555 955 3611 Solvite
1003 3549 1262 3620 templum
1298 3548 1421 3611 hoc,
1453 3554 1507 3600 et
1558 3546 1609 3600 in
1658 3544 1830 3598 tribus
1876 3545 2066 3598 diebus
2113 3553 2120 3558 '

486 3651 739 3706 excitabo
797 3646 927 3701 illud
952 3645 995 3699 ³.
1043 3661 1063 3694 ι
1141 3640 1382 3705 lutellige
1430 3652 1561 3708 ergo
1608 3636 2066 3707 quemadmodum

490 3758 646 3795 suum
694 3757 753 3794 se
781 3736 1041 3807 templum
1077 3732 1435 3787 excitaturum
1484 3728 1787 3798 pollicetur,
1819 3725 2069 3797 quamvis

489 3834 633 3889 Deus
660 3848 723 3887 ac
749 3829 911 3884 Pater
937 3826 1150 3882 dicatur
1180 3812 1482 3877 excitasse:
1512 3820 1701 3874 dextra
1729 3833 1980 3888 namque,
2010 3825 2069 3870 ut

486 3925 622 3991 dixi,
675 3933 732 3979 et
790 3917 1035 3992 potentia
1087 3916 1267 3971 Patris
1319 3911 1405 3967 illa
1450 3910 1774 3966 vivillcatrix
1818 3919 1902 3966 est
1954 3910 2069 3981 ipse

486 4017 674 4073 Filius.

562 4108 722 4181 139
776 4105 961 4176 itaque
995 4099 1207 4159 etiamsi
1243 4096 1411 4154 divini
1444 4095 1587 4152 illius
1614 4093 1797 4164 templi
1829 4092 2072 4147 viviﬁca-

491 4203 690 4257 tiouem
738 4198 951 4253 ellicere
996 4194 1161 4249 Pater
1204 4192 1455 4252 dicatur,
1512 4186 1691 4242 elTecit
1740 4197 1919 4240 tamen
1975 4201 2073 4256 per

490 4295 729 4359 Filium;
764 4290 1119 4358 vicissimque
1158 4282 1377 4339 etiamsi
1423 4280 1568 4335 illam
1611 4278 1781 4333 Filius
1825 4278 2072 4334 elicuisse

492 4388 757 4450 videatur,
800 4398 904 4437 non
935 4390 1118 4434 tamen
1156 4377 1296 4432 citra
1342 4375 1558 4430 Patrem
1600 4371 1652 4424 in
1688 4370 1935 4441 Spiritu:
1965 4387 2069 4426 una

489 4478 636 4534 enim
677 4472 979 4531 divinitatis
1021 4480 1213 4525 natura
1253 4468 1308 4522 in
1332 4466 1512 4520 tribus
1534 4465 1774 4534 propriis
1807 4466 2067 4534 hyposta-

2169 3265 2302 3322 [εἶτα
2334 3270 2594 3339 ὑπάρχων
2642 3268 2805 3333 αὐτὸς
2836 3272 2868 3339 ἡ
2920 3269 3184 3334 ζωοποιδς
3220 3269 3313 3323 τοῦ
3344 3269 3482 3323 Θεοῦ
3508 3272 3603 3324 καὶ
3632 3271 3753 3323 Πα-

2168 3360 2295 3431 τρὸς
2315 3360 2464 3425 δεξιά
2497 3362 2591 3414 καὶ
2612 3361 2862 3431 δύναμις,
2890 3360 3097 3432 φθορᾶς
3115 3362 3215 3414 καὶ
3242 3361 3476 3415 Θανάτου
3503 3365 3755 3429 κρεῖττον

2168 3450 2451 3520 ἀπέφηνεν
2486 3451 2647 3503 αὑτό·
2684 3452 2779 3503 καὶ
2806 3451 2941 3520 πρός
2972 3468 3032 3519 γε
3058 3450 3216 3505 τοῦτο
3242 3454 3389 3522 ἡμᾶς
3421 3451 3757 3507 πιστώσεται

2167 3538 2341 3608 λέγων
2376 3540 2513 3606 πρὸς
2559 3540 2845 3604 Ἰουδαίους
2866 3559 2879 3572 ·
2936 3559 2955 3592 ι
2987 3541 3203 3596 Λύσατε
3256 3543 3348 3596 τὸν
3372 3544 3499 3597 ναὸν
3537 3545 3755 3609 τοῦτον,

2168 3632 2263 3685 καὶ
2310 3632 2368 3684 ἐν
2416 3633 2597 3703 τρισὶν
2643 3632 2881 3705 ἡμέραις
2931 3632 3109 3703 ὲγερῶ
3163 3634 3347 3688 αὐτόν.
3382 3654 3407 3687 ν»
3457 3635 3624 3699 Σύνες
3658 3633 3759 3690 οῦν

2138 3798 2149 3811 ι
2170 3728 2321 3792 ὅπως
2356 3728 2521 3791 αὐτὸς
2555 3728 2792 3799 ὲγείρειν
2824 3724 2915 3780 τόν
2950 3728 3142 3782 ἑαυτοῦ
3172 3729 3301 3782 ναὸν
3333 3728 3760 3797 ἐπαγγέλλεται,

2172 3819 2351 3874 καίτοι
2381 3817 2477 3872 τοῦ
2522 3818 2657 3873 Θεοῦ
2709 3819 2806 3871 καὶ
2846 3819 3059 3890 Πατρὸς
3089 3820 3391 3890 ἀναστῆσαι
3417 3820 3722 3890 λεγομένου
3745 3838 3759 3851 ”

2171 3910 2321 3976 δεξιὰ
2344 3910 2474 3983 γὰρ,
2499 3910 2575 3974 ὡς
2602 3910 2761 3981 ἔφην,
2800 3911 2919 3964 ἐστὶ
2955 3910 3051 3963 καὶ
3075 3909 3304 3982 δύναμις
3333 3908 3425 3963 τοῦ
3467 3909 3683 3982 Πατρδς
3724 3914 3758 3981 ἡ

2172 4001 2454 4069 ζωοποιὸς,
2481 4003 2510 4055 6
2537 4003 2683 4067 Υίός.

2244 4097 2409 4149 ’Ὥστε
2434 4096 2538 4151 κᾶν
2568 4097 2810 4167 ἐνεργεῖν
2832 4097 2860 4149 6
2887 4095 3077 4167 Πατὴρ
3104 4094 3328 4165 λέγηται
3357 4095 3455 4167 τὴν
3483 4095 3575 4149 τοῦ
3608 4095 3761 4150 Θείςυ

2171 4188 2300 4243 ναοῦ
2341 4187 2690 4259 {Commi-qam
2732 4188 3005 4257 ὲνήργηκε
3039 4187 3106 4240 δι’
3141 4185 3303 4240 Υἱοῦο
3353 4185 3455 4239 κᾶν
3488 4187 3536 4239 εί
3581 4186 3763 4258 ὁρῷτο

2173 4282 2333 4335 πάλιν
2362 4283 2391 4334 6
2427 4280 2554 4343 Υἱὸς
2586 4260 2907 4351 ἐνεργήσας,
2939 4279 3051 4333 ἀλλ’
3079 4280 3138 4332 ού
3169 4280 3291 4350 δίχα
3328 4278 3423 4332 τοῦ
3452 4280 3667 4349 Πατρὸς
3699 4282 3760 4333 ὲν

2173 4371 2475 4442 ῐΙνεύματι.
2527 4370 2643 4425 Μία
2694 4371 2803 4440 γὰρ
2856 4372 2890 4440 ἡ
2939 4370 3193 4441 Θεότητος
3247 4370 3447 4438 φύσις,
3491 4372 3549 4425 ὲν
3578 4372 3761 4442 τρισὶν

2173 4464 2536 4518 ύποστάσεσιν
2565 4464 2758 4527 ίδικαῖς
2787 4464 3078 4534 νοουμένη,
3104 4465 3198 4518 καὶ
3220 4463 3318 4535 τὴν
3340 4465 3425 4534 ἐφ’
3448 4465 3617 4519 άπασι
3645 4469 3762 4530 τοῖς

486 4569 641 4625 sibus
692 4564 1038 4634 intelligitur,
1087 4569 1143 4616 et
1194 4560 1247 4614 iu
1290 4556 1545 4612 omnibus
1608 4555 1768 4608 rebus
1814 4557 2062 4624 gerendis

2172 4557 2474 4628 δρωμένοις
2504 4558 2720 4625 κίνησίν
2754 4572 2813 4609 τε
2850 4557 2944 4609 καὶ
2978 4551 3258 4628 ἐνέργειαν
3306 4557 3527 4627 ἔχουσα,
3561 4560 3761 4631 νοητὴν

490 4669 695 4717 motum
739 4656 901 4711 habet
929 4664 1090 4723 atque
1129 4649 1524 4722 Operationem,
1566 4645 1864 4715 Spiritalem
1902 4647 2066 4700 nitui-

494 4769 612 4819 rum
649 4760 705 4805 et
732 4745 843 4803 Deo
879 4746 1118 4817 dignam.
1163 4742 1509 4799 Concedebat
1550 4757 1680 4812 ergo
1712 4755 1910 4808 corpus
1944 4754 2068 4808 pro-

492 4846 622 4916 pria:
664 4850 873 4897 natura
918 4839 1145 4910 legibus,
1177 4846 1231 4891 et
1284 4834 1475 4890 mortis
1509 4831 1868 4903 gustationem
1919 4835 2071 4888 exci-

417 4972 423 4978 .
492 4935 693 5004 piebat,
731 4932 893 5001 idque
922 4944 1047 4985 cum
1076 4929 1285 4983 unitum
1331 4923 1460 4979 illud
1495 4922 1729 4979 Verbum
1768 4932 2069 4994 opportune

494 5028 603 5097 pati
633 5027 872 5089 sineret;
906 5022 999 5078 sed
1028 5021 1078 5074 vi
1110 5020 1288 5073 divina
1323 5017 1457 5070 uniti
1494 5016 1603 5072 sibi
1640 5019 1936 5072 secundum
1967 5017 2068 5088 by-

496 5116 753 5186 postasim
787 5113 951 5170 Verbi
990 5110 1387 5165 viviﬁcabatur.
1421 5107 1618 5162 Totum
1648 5108 1811 5178 igitur
1839 5108 2064 5163 Emma-

496 5211 621 5263 nuel
661 5207 1029 5279 intelligimus,
1068 5203 1211 5273 quod
1265 5213 1349 5256 est
1392 5199 1831 5269 interpretatum,
1869 5199 2070 5255 Nabis-

495 5318 612 5354 cum
647 5300 805 5364 Deus,
835 5315 957 5355 cum
986 5300 1201 5353 beatum
1233 5294 1451 5350 Petrum
1478 5294 1748 5349 dicentem
1782 5294 2069 5349 audimus:

499 5414 518 5446 ι
556 5394 707 5449 Hunc
746 5390 929 5447 Jesum
966 5390 1247 5446 suscitavit
1278 5388 1454 5449 Deus;
1486 5404 1505 5439 ι
1535 5386 1753 5441 etiamsi
1802 5386 1953 5441 illum
1989 5387 2069 5440 vi-

496 5487 703 5543 sibilem
734 5485 885 5540 dicas
912 5494 966 5540 et
999 5484 1142 5554 ligno
1189 5478 1463 5548 sullixum,
1519 5478 1668 5535 illum
1695 5476 1921 5535 Thom
1955 5494 2073 5533 ma-

565 5694 611 5725 "
642 5691 761 5744 Act.
800 5702 920 5750 xm,
951 5685 1040 5739 50.

496 5765 541 5797 ’⁸
564 5764 702 5818 l’sal.
728 5749 1007 5823 cxvu,lli.
1081 5755 1125 5787 ”
1156 5751 1310 5807 Joan.
1338 5768 1412 5815 ιιι,
1438 5752 1527 5803 '25.
1608 5750 1622 5779 ⁸
1666 5749 1827 5805 llebr.
1868 5766 1928 5814 ιι,
1958 5752 2014 5806 9.

1138 5682 1184 5714 "
1220 5682 1339 5735 Act.
1370 5698 1420 5744 ν,
1461 5681 1550 5735 30.
1625 5680 1672 5712 “
1710 5677 1866 5733 Joan.
1904 5680 2109 5743 κτλ-33.
2187 5680 2232 5711 ⁸⁸
2264 5678 2480 5735 Luc.“

1156 5751 1310 5805 Joan.
1338 5768 1412 5805 ιιι.
1438 5752 1527 5803 '25.
1608 5750 1622 5779 ⁸
1666 5749 1827 5805 llebr.
1868 5766 1928 5805 ιι.
1958 5752 2014 5805 9.
2092 5751 2110 5779 ‘
2139 5747 2296 5805 Joau.
2335 5766 2394 5805 ιι.
2428 5753 2488 5805 l9

2174 4648 2419 4717 δηλονότι
2459 4649 2553 4701 καὶ
2602 4648 2904 4719 Θεοπρεπῆ.
2939 4648 3146 4701 υύκοῦν
3194 4648 3508 4722 παρεχώρει
3557 4649 3657 4721 μὲν
3699 4653 3763 4705 τὸ

2176 4740 2333 4810 σῶμα
2360 4742 2475 4804 τοῖς
2502 4740 2602 4809 τῆς
2636 4738 2770 4803 ίδίας
2802 4738 3017 4808 φύσεως
3046 4740 3256 4809 νόμοις,
3286 4743 3380 4795 καὶ
3406 4742 3506 4812 τὴν
3538 4743 3633 4795 τοῦ
3664 4742 3760 4795 Θαο

2175 4833 2338 4888 νάτου
2366 4833 2557 4895 γεῦσιν
2582 4832 2819 4904 ἐδέχετο,
2839 4833 2930 4887 καὶ
2955 4832 3115 4888 τοῦτο
3144 4833 3336 4889 παθεῖν
3359 4834 3581 4905 ἐφέντος
3610 4838 3763 4910 αὐτῷ

2175 4924 2460 4995 χρησίμως
2492 4922 2586 4976 τοῦ
2631 4922 2925 4987 ινωθέντος
2959 4922 3165 4991 Λόγου·
3201 4924 3320 4996 θείᾳ
3348 4942 3412 4995 γε
3448 4927 3558 4998 μὴν
3588 4927 3763 4992 ἔξω.

2176 5019 2380 5071 ποιεῖτο
2408 5017 2637 5087 δυνάμει
2670 5018 2737 5088 τῇ
2784 5015 2880 5070 τοῦ
2930 5016 3225 5080 ἒνωΘέντος
3265 5017 3415 5089 αὖτῷ
3461 5020 3586 5073 καθ’
3625 5021 3762 5081 ὑπόο

2176 5127 2363 5164 στασιν
2393 5109 2591 5178 Λόγου.
2618 5110 2777 5162 Ὀλον
2807 5104 2901 5163 οῦν
2940 5108 3170 5179 νοοῦμεν
3199 5111 3288 5163 τὸν
3327 5112 3699 5181 Ἐμμανουήλ,
3735 5114 3765 5167 6

2173 5203 2289 5254 ἐστι
2313 5200 2873 5272 μεθερμηνευόμενον,
2891 5204 3028 5257 Μεθ’
3046 5201 3217 5272 ήμῶν
3233 5206 3264 5257 ό
3284 5204 3449 5270 Θεὸς,
3464 5204 3593 5257 ὅταν
3608 5205 3767 5257 ἀκού-

2179 5311 2361 5365 σωμεν
2392 5294 2641 5363 λέγοντος
2668 5293 2763 5347 τοῦ
2793 5294 3083 5349 Θεσπεσίου
3114 5296 3323 5364 Πέτρου
3341 5313 3354 5326 ·
3395 5316 3414 5348 ι
3443 5295 3645 5350 Τοῦτον
3672 5297 3767 5350 τὸν

2190 5385 2395 5459 Ἰησοῦν
2423 5388 2724 5457 ἀνέστησεν
2760 5388 2788 5440 6
2818 5386 2951 5450 Θεὸς
2973 5404 2987 5419 ο
3013 5405 3032 5438 ι
3079 5388 3184 5440 κᾶν
3223 5388 3313 5439 τὸν
3352 5387 3633 5458 ὁρώμενον
3673 5388 3766 5440 λέ-

2178 5494 2302 5550 γῃς,
2332 5480 2425 5533 καὶ
2454 5478 2879 5552 προσηλωθέντα
2904 5478 2981 5550 τῷ
3009 5477 3172 5548 ξύλῳ,
3198 5480 3289 5532 τὸν
3321 5483 3440 5543 ταῖς
3465 5479 3558 5532 τοῦ
3592 5480 3768 5550 Θωμᾶ

2187 5680 2232 5711 ⁸⁸
2264 5678 2562 5740 Luc.xvn‘.
2599 5681 2683 5737 39.
2764 5683 2808 5714 "
2845 5681 3004 5736 Jnan.
3052 5699 3143 5745 xv,
3176 5683 3265 5738 28.
3344 5683 3388 5715 "
3419 5684 3540 5736 Act.
3582 5682 3763 5747 nil.
