4002 6192
216 262 292 318 ΞΗ

1285 270 1654 329 Αῡιέιιευε
1693 271 2100 330 NESTORIUM
2144 272 2273 330 LIB.
2315 271 2382 327 Ὺ.

3375 271 3487 328 262

214 379 579 453 ψηλαφηθέντα
598 380 829 452 χερσὶν,
846 381 999 436 οὐδὲν
1019 379 1182 455 ἦττον
1201 385 1365 454 ἡμεῖς
1386 386 1804 458 σεσαρκωμένον

1919 390 2069 445 nibus
2101 397 2525 455 contrectatum,
2553 385 2905 446 nihilominus
2936 387 3065 445 illud
3099 403 3165 444 ex
3195 385 3304 443 Deo
3326 387 3488 444 Patre

215 471 420 542 νοοῦμεν
451 471 543 524 τὸν
587 472 655 523 ὲκ
690 465 850 524 Θεοῖῖ
879 473 1095 544 Πατρός
1124 472 1317 542 Λόγον,
1359 476 1454 528 ἕνα
1487 493 1548 530 τε
1579 478 1674 531 καὶ
1708 478 1800 532 τὸν

220 566 362 618 αὐτὸν
395 562 779 641 ὁμολογοῦμεν
831 565 982 619 Υἱόν.
1026 565 1286 635 ’Λόρατος
1332 568 1443 640 γὰρ
1492 569 1591 640 τὴν
1641 569 1804 639 φύσιν

223 658 476 728 ἔιπάρχων,
506 657 747 724 γέγονεν
774 658 1002 729 ὁρατὸς,
1032 659 1116 712 ὅτι
1146 659 1243 713 καὶ
1273 659 1404 713 ἴδιον
1446 656 1515 732 ἦν
1543 661 1710 715 αὑτοῦ
1743 662 1806 715 τὸ

227 748 470 819 ὁρώμενον
519 747 710 818 σῶμα.
765 749 984 804 Tum:
1013 751 1145 820 γοῦν
1173 753 1202 805 6
1237 751 1382 816 θεῖος
1428 753 1561 824 ἡμῖν
1604 752 1801 808 Δαὸἱδο

232 858 247 891 ι
279 841 331 892 ὐ
360 839 485 901 Θεὸς
510 841 788 910 ἐμφανῶς
822 842 968 914 ἥξει,
995 844 1024 895 6
1048 841 1182 905 Θεὸς
1206 843 1389 914 ήμῶν,
1412 846 1506 896 καὶ
1535 845 1596 897 οὐ
1630 861 1808 916 παρα-

232 932 560 1002 σιωπήσεται.
589 951 608 983 ι
649 934 768 986 Καὶ
809 933 919 1005 μὴν
953 934 1047 987 καὶ
1081 935 1108 986 6
1143 935 1418 1006 μακάριος
1453 935 1802 1008 ’Λὸὁακούμ’

236 1048 254 1078 ι
283 1027 332 1078 '0
353 1025 476 1087 Θεὸς
514 1026 580 1077 ὲκ
607 1024 843 1096 Θαιμὰν
869 1026 1008 1097 ἦξει,
1039 1027 1132 1080 καὶ
1158 1029 1188 1081 6
1211 1026 1400 1096 ’Ἄγιος
1433 1025 1495 1091 ἐξ
1517 1027 1679 1100 ὅρους
1709 1044 1812 1082 καί

235 1117 434 1169 anxios
458 1116 671 1181 δασέως
688 1135 702 1147 ·
722 1137 742 1170 ι
773 1114 948 1181 Οὗτος
976 1118 1242 1189 ὑπάρχων
1266 1119 1362 1174 καὶ
1381 1120 1618 1191 ἀναφὴς,
1638 1119 1809 1186 ἁπτὸς

239 1209 463 1275 γενέσθαι
491 1211 715 1278 λέγεται
743 1211 842 1264 διὰ
864 1211 925 1274 τὸ
951 1211 1150 1265 ἐνωθὲν
1176 1212 1327 1283 αὐτῷ
1373 1213 1534 1284 σῶμα
1555 1232 1566 1245 ·
1604 1214 1806 1285 γράφει

245 1299 357 1366 γοῦν
392 1301 419 1353 6
452 1301 670 1364 Λουκᾶς
695 1317 709 1329 ·
752 1321 773 1353 ι
820 1302 1148 1376 Ἐπειδὴπερ
1208 1302 1396 1356 πολλοὶ
1443 1295 1808 1376 ἐπεχείρησαν

249 1394 584 1460 ἀνατάξασθαι
617 1394 886 1465 διήγησιν
915 1396 1044 1465 περὶ
1075 1396 1188 1448 τῶν
1222 1396 1808 1471 πεπληροφορημένων

253 1486 367 1554 ἡμῖν
405 1486 778 1556 πραγμάτων,
804 1483 989 1549 καθὼς
1025 1485 1332 1558 παρέδοσαν
1348 1488 1487 1559 ἡμῖν
1516 1490 1810 1562 οίαπήἀρο

256 1576 343 1645 χῆς
373 1577 628 1632 αὐτόπται
670 1578 767 1631 καὶ
805 1577 1075 1649 ὑπηρέται
1108 1579 1517 1651 γενόμενοι,τοῦ
1559 1580 1718 1648 λόγου
1741 1596 1754 1609 ·
1782 1601 1800 1634 ι

258 1668 342 1721 καὶ
367 1669 495 1740 πρός
524 1687 588 1738 γε
622 1671 779 1724 τοῦτό
810 1688 975 1741 φησιν
1014 1673 1043 1724 6
1078 1670 1240 1741 σοφὸς
1278 1672 1559 1744 Ἰωάννηςο
1599 1691 1616 1724 ι
1646 1675 1709 1728 Ὃ
1739 1669 1808 1746 ἦν

1910 479 2141 534 Verbum
2165 479 2523 550 intelligimus
2549 479 2910 546 incarnatum,
2945 493 3225 550 unumque
3256 488 3308 534 et
3331 493 3488 535 enm-

1904 575 2027 629 dem
2068 573 2261 629 Filium
2319 574 2645 630 confitemur
2677 609 2684 618 ι
2719 575 2851 629 lium
2891 575 3034 630 enim
3090 589 3188 645 per
3237 584 3486 628 naturam

1905 675 2052 722 esset
2089 665 2396 733 invisibilis,
2444 667 2617 722 factus
2665 667 3029 732 estwisibilis,
3066 666 3318 736 eo-quod
3368 665 3490 718 visi-

1909 759 2016 814 bile
2050 759 2179 815 illud
2219 775 2427 830 corpus
2443 759 2719 830 proprium
2759 759 2878 828 ejus
2907 769 3045 815 erat.
3077 758 3261 828 Itaque
3298 757 3489 811 beatus

1908 849 2078 906 David
2121 852 2302 921 psallit
2333 870 2346 908 :
2381 851 2598 907 «Dens
2625 851 2910 908 manifeste
2953 851 3154 913 veniet,
3200 849 3338 904 Deus
3385 863 3485 903 no-

1907 953 2041 1010 ster,
2081 953 2138 1025 et
2174 960 2280 1000 non
2314 945 2491 1000 silebit
2518 945 2566 1014 ³;
2599 956 2814 1016 satque
2844 945 3037 1001 etiam-
3065 944 3254 999 beatus
3309 942 3486 997 Haba-
3588 975 3591 977 ›
3627 982 3632 988 .

1909 1049 2008 1090 cuc
2027 1051 2084 1088 ενι
2112 1034 2253 1090 Deus
2283 1037 2350 1089 de
2371 1035 2615 1090 Theman
2645 1035 2847 1100 veniet,
2877 1045 2929 1090 et
2955 1033 3189 1091 Sanctus
3221 1034 3489 1088 de-monte

1909 1128 2196 1192 umbroso»,
2225 1125 2497 1182 condenso
2518 1127 2560 1181 δ.
2584 1145 2603 1178 ι
2630 1126 2750 1182 ,Ιιὶο
2776 1143 2898 1182 cum
2931 1135 3079 1182 esset
3104 1123 3488 1194 etiam-impal-

1911 1216 2126 1288 pabilis,
2171 1227 2392 1288 propter
2422 1219 2631 1274 unitum
2679 1218 2781 1274 sibi
2829 1233 3026 1289 corpus
3066 1216 3353 1288 palpabilis
3407 1216 3488 1272 fa-

1909 1321 2028 1366 ctus
2061 1325 2183 1367 esse
2225 1311 2444 1367 dicitur.
2478 1309 2652 1366 Lucas
2696 1320 2848 1366 certe
2900 1310 3091 1365 scribit
3119 1327 3132 1364 :
3167 1327 3186 1363 ι
3219 1309 3485 1378 Quoniam
3519 1343 3526 1349 -

1909 1403 2124 1472 quidem
2183 1403 2334 1458 multi
2382 1405 2563 1459 conati
2616 1413 2744 1459 sunt
2802 1403 3064 1459 ordinare
3119 1402 3486 1456 narrationem

1909 1509 2030 1565 quae
2063 1493 2117 1547 in
2149 1493 2306 1548 nobis
2343 1495 2625 1563 completa:
2669 1503 2797 1548 sunt
2825 1507 3030 1557 rerum,
3073 1493 3217 1549 sicut
3248 1491 3490 1548 tradide-

1912 1596 2038 1640 runt
2075 1585 2228 1640 nobis
2260 1585 2351 1654 qui
2386 1586 2456 1642 ab
2486 1585 2641 1641 initio
2681 1585 2782 1654 ipsi
2818 1585 3096 1650 viderunt,
3149 1594 3204 1640 et
3255 1583 3488 1638 ministri

1913 1675 2134 1730 luerunt
2171 1675 2439 1731 sermonis
2457 1675 2500 1730 ⁸.
2535 1693 2555 1728 ι
2609 1675 2806 1730 Adhzec
2855 1675 2930 1729 ait
2987 1675 3179 1729 beatus
3209 1671 3489 1728 Joannes:

263 1761 345 1813 ἀπ’
380 1761 563 1832 ἀρχῆς,
603 1763 1002 1834 ὃᾲκηκόαμεν,
1029 1762 1423 1836 όὲωράκαμεν
1469 1769 1584 1830 τοῖς
1612 1765 1813 1837 ὀφθαλο

1922 1785 1942 1819 ι
1973 1766 2127 1834 Quod
2172 1767 2271 1822 fuit
2318 1767 2388 1846 ab
2426 1767 2790 1838 initio,-quod
2809 1769 3135 1832 audivimus,
3167 1766 3312 1836 quod
3351 1765 3490 1820 vidi-

268 1856 374 1922 ps’t;
397 1854 566 1924 ἡμῶν,
588 1855 615 1907 6
634 1854 999 1926 ἐθεασάμεθα,
1016 1856 1122 1910 ,καὶ
1143 1857 1414 1930 αιρχεῐρες
1432 1858 1589 1931 ἡμῶν
1615 1859 1816 1930 ἐψηλά-

272 1963 430 2016 φησαν
460 1948 580 2019 περὶ
609 1947 700 2002 τοῦ
730 1949 903 2018 Λόγου
933 1949 1034 2019 τῆς
1077 1946 1259 2021 ζωῆς,
1277 1951 1370 2004 καὶ
1391 1951 1574 2023 ή-ζωὴ
1621 1954 1814 2021 ἐφανε-

285 2036 436 2106 ρώθη,
461 2041 548 2093 καὶ
585 2041 900 2111 ἑωράκαμεν
935 2043 1044 2095 καὶ·
1067 2043 1476 2115 μαρτυροῦμεν,
1509 2045 1603 2097 καὶ
1632 2045 1816 2114 ἀπαγ-

293 2127 525 2198 γελὶομεν
556 2131 684 2200 ὒμῐνε
699 2131 965 2203 τὴνρζωὴν
1015 2133 1129 2203 τὴν
1145 2132 1382 2198 αἰώνιον,
1416 2135 1540 2204 ἥτις
1579 2130 1648 2205 ἦν
1679 2135 1816 2206 πρὸς

305 2219 386 2272 τὴν
411 2223 606 2293 Πατέρα
641 2225 723 2278 καὶ
763 2224 1080 2296 ἐφανερώθη
1113 2227 1266 2297 ἡμῖν.
1299 2245 1317 2277 ι
1361 2226 1500 2279 Ἀλλ’
1525 2229 1574 2280 εἰ
1611 2227 1686 2299 μὴ
1719 2229 1814 2296 γέ-

307 2327 452 2377 γονεν
478 2313 626 2377 ἁπτός
650 2332 700 2367 τε
724 2318 808 2370 καὶ
838 2316 1048 2388 ὁρατὸς,
1085 2317 1160 2381 ὡς
1191 2317 1322 2372 ἴδιον
1356 2317 1497 2389 ἔχων
1521 2318 1583 2372 τὸ
1613 2319 1816 2374 ὑποπί-

305 2421 428 2456 πτον
447 2405 556 2476 ἁφῇ
579 2407 665 2459 καὶ
685 2409 854 2478 (Spissi.
875 2409 1046 2480 σῶμα,
1081 2409 1200 2474 πῶς
1226 2409 1495 2466 αὐτόπται
1521 2409 1615 2466 τοῦ
1641 2413 1814 2482 Λόγου

294 2495 565 2563 γεγόνασιν
578 2499 627 2549 οἱ
645 2500 884 2568 πάνσοφοι
903 2501 1131 2570 μαθηταί
1151 2518 1168 2568 ;
1189 2501 1312 2564 Πῶς
1327 2501 1384 2554 δὲ
1400 2501 1492 2555 καὶ
1506 2483 1815 2569 τεθέανται,

287 2587 369 2639 καὶ
383 2586 596 2658 ψηλαφῆ
605 2589 691 2642 σαί
711 2607 838 2658 φασι
865 2591 948 2644 τὸν
963 2593 1134 2662 Λόγον
1154 2593 1251 2662 τῆς
1269 2592 1438 2663 ζωῆς,
1455 2594 1576 2664 ἥτις
1591 2589 1660 2664 ἦν
1680 2594 1817 2664 πρὸς

280 2679 361 2731 τὸν
390 2679 613 2750 Πατέρα,
646 2684 728 2736 καὶ
760 2683 1078 2756 ἐφανερώθη
1113 2686 1277 2756 ήμίν;
1307 2684 1514 2741 Τοῦτον
1529 2681 1622 2739 οὖν
1653 2687 1818 2740 αὑτὸν

279 2768 358 2820 τὸν
372 2769 530 2822 ἁπτόν
547 2788 603 2824 τε
626 2772 713 2826 καὶ
741 2774 960 2840 ὁρατὸν,
977 2774 1069 2826 τὸν
1089 2774 1169 2846 τῷ
1199 2773 1341 2845 ξύλῳ
1368 2775 1816 2847 προσηλωμένον,

276 2862 465 2930 ἐπέγνω
508 2863 602 2933 μὲν
624 2866 650 2918 6
689 2864 914 2936 Θωμᾶς,
941 2865 1213 2936 ὡμολόγει
1247 2866 1304 2919 δὲ
1335 2868 1430 2920 καὶ
1464 2867 1610 2938 μάλα
1641 2865 1817 2940 ὀρθῶς

274 2953 391 3006 Θεὸν
433 2955 521 3007 καὶ
568 2955 784 3028 Κύριον.
837 2958 981 3029 Ἔφη
1035 2957 1147 3030 γὰρ
1195 2957 1389 3022 εὐθύς·
1430 2977 1448 3010 ι
1508 2958 1816 3029 ’θ’Κύριός

277 3063 365 3114 μου
390 3048 476 3100 καὶ
501 3050 528 3100 6
557 3047 682 3113 Θεός
701 3068 801 3121 μου
820 3065 833 3080 ·
848 3069 866 3102 ι
889 3045 1012 3104 εἶτα
1042 3051 1178 3122 πρὸς
1197 3051 1360 3104 αὐτὸν
1378 3053 1406 3104 6
1429 3051 1629 3122 Κύριος
1659 3054 1690 3122 ἡ
1700 3052 1815 3122 μῶν

285 3138 469 3209 Ἰησοῦς
493 3142 719 3213 Χριστός
745 3157 760 3171 ⁸
799 3163 817 3193 ι
848 3143 974 3195 ’Ότι
997 3141 1249 3214 ἑώρακας
1279 3161 1378 3214 με,
1403 3144 1774 3208 πεπίστευκας
1797 3160 1812 3175 ο

274 3233 503 3303 μακάριοι
531 3238 576 3288 oi
615 3237 689 3307 μὴ
736 3235 1073 3308 ἑωρακότες,
1117 3237 1211 3289 καὶ
1257 3235 1672 3299 πιστεύσαντες.
1698 3254 1716 3286 ι
1751 3236 1816 3288 Τί

272 3328 647 3394 πιστεύσαντες.
679 3329 803 3383 εἰπέ
832 3347 923 3400 μοι
945 3347 960 3394 ;
986 3325 1132 3401 'Apa
1151 3330 1249 3401 οὐχ
1275 3327 1512 3394 ὅτιθεὸς
1532 3327 1608 3381 ὣν
1633 3327 1814 3400 φύσει,

269 3419 344 3472 τὸν
369 3420 486 3474 ἴδιον
510 3423 572 3476 ἐκ
610 3421 824 3494 νεκρῶν
849 3421 1116 3493 ἀνέστησε
1147 3420 1307 3488 ναόν;
1335 3419 1534 3497 Καίτοι
1563 3419 1818 3491 πῶς.ἀμ-

270 3511 457 3582 φῦιογον
498 3515 559 3568 τὸ
615 3513 853 3585 πρᾶγμά
884 3514 1068 3578 iactv;
1105 3513 1243 3569 Ἀλλ’
1265 3515 1294 3568 6
1331 3512 1567 3586 χρηστὸς
1595 3511 1816 3578 οὑτοσὶ,

271 3605 514 3675 μονονουχὶ
575 3609 703 3670 ταῖς
755 3604 871 3659 τοῦ.
914 3604 1162 3677 μαθητοῦ
1213 3607 1418 3675 φωναῖς
1473 3602 1820 3676 ὲπερυθριῶν

265 3695 538 3762 ἀσυνέτως,
566 3699 691 3770 Οὐχ
733 3698 1077 3770 ὡμολόγησε,
1123 3700 1310 3770 φησὶν.
1359 3697 1544 3764 αὐτὸν,
1591 3699 1676 3752 ὅτι
1723 3697 1820 3752 καὶ⁸

269 3787 438 3857 Κύριος
477 3793 578 3845 καὶ
617 3789 752 3855 Θεός
801 3793 1012 3844 ἐστινό
1052 3789 1399 3862 πρωτότοκος
1450 3791 1515 3844 ὲκ
1567 3788 1778 3862 νεκρῶν
1801 3805 1815 3818 ·

267 3879 581 3950 παρατρέπει
625 3878 682 3932 δὲ
717 3878 918 3947 μᾶλλον
947 3880 1040 3933 ἐπὶ
1069 3879 1132 3933 τὸ
1163 3877 1314 3950 αὐτῷ
1351 3877 1541 3932 δοκοῦν
1583 3877 1681 3950 τὴν
1725 3877 1818 3931 τοῦ

267 3967 396 4037 λόγου
413 3972 669 4043 δύναμιν,
696 3971 791 4026 καί
822 3988 1006 4042 φησιν,
1031 3972 1114 4025 ὅτι
1139 3970 1232 4024 τὸν
1260 3969 1686 4041 παραδοξοποιὸν
1714 3969 1820 4022 ἐδο-

267 4061 438 4132 ξολόγει
458 4065 622 4129 Θεὸν,
648 4063 884 4133 λέγωνί
905 4064 964 4117 ’0
989 4063 1190 4135 Κύριός
1215 4081 1314 4135 μου
1344 4065 1436 4118 καὶ
1454 4063 1481 4116 6
1501 4063 1630 4128 Θεός
1659 4080 1814 4134 μου.»

267 4156 586 4225 Προσεπὰγει
615 4156 674 4210 δὲ
716 4157 960 4220 τούτοιςο
990 4157 1064 4211 Οὐ
1096 4159 1158 4210 τὸ
1184 4156 1509 4227 ψηλαφηθὲν
1550 4173 1821 4227 προσαγο-

267 4247 413 4318 ,c-zzimv
439 4251 610 4306 Θεόν·
642 4250 703 4304 οὐ
736 4249 848 4321 γὰρ
889 4249 1202 4321 ψηλαφήσει
1249 4248 1452 4320 Θεότης
1482 4247 1818 4318 εὑρίσκεται.

275 4341 535 4415 Ἐπιτιμᾷς
582 4337 675 4397 οὖν
706 4341 798 4413 τῷ
847 4341 1086 4414 μαθητῇ,
1135 4342 1258 4395 εἰπέ
1309 4359 1438 4413 μοι,
1489 4340 1692 4412 Κύριον
1727 4341 1822 4394 καὶ

1918 1873 2037 1912 ιηιιε
2071 1857 2242 1913 oculis
2287 1860 2511 1924 nostris,
2552 1859 2694 1928 quod
2743 1860 3140 1928 perspeximus,
3193 1865 3246 1910 et
3299 1869 3490 1910 manus

1918 1960 2617 2008 nostramontreetavernnt
2657 1953 2724 2010 de
2753 1952 2934 2010 Verbo
2967 1954 3116 2017 vitae,
3147 1961 3201 2007 et
3233 1952 3341 2005 vita
3376 1966 3491 2004 ma-

1917 2041 2165 2097 nilestata
2193 2053 2297 2108 est,
2333 2044 2651 2107 stridimus
2674 2053 2730 2100 et
2770 2054 3054 2110 testamur,
3092 2053 3150 2100 et
3193 2043 3488 2098 annuntia-

1917 2150 2042 2188 mns
2067 2135 2219 2190 vobis
2243 2135 2408 2191 vitam
2455 2149 2738 2205 aeternam,
2766 2153 2889 2208 qua:
2909 2146 3036 2193 erat
3065 2137 3206 2208 apud
3247 2135 3489 2201 Patrem,

1915 2236 1972 2280 ct
2019 2228 2273 2297 apparuit
2320 2227 2474 2283 nobis
2498 2229 2541 2283 ⁸.
2579 2248 2598 2281 ι
2653 2227 2782 2296 Sed,
2810 2229 2922 2286 nisi»
2972 2227 3162 2284 luisset
3215 2227 3494 2298 palpabilis

1916 2331 2081 2391 atque
2135 2321 2423 2388 visibilis,.
2458 2331 2647 2392 utpote
2695 2337 2896 2393 corpus
2945 2325 3222 2392 proprium
3287 2322 3494 2376 habens

1919 2411 2082 2465 tactui
2127 2411 2375 2480 visuique
2409 2412 2738 2480 subjectum,
2783 2412 3058 2481 quomodo
3101 2407 3490 2478 sapientissimi

1917 2504 1997 2558 illi
2023 2503 2274 2573 discipuli
2319 2502 2580 2558 vidissent
2607 2487 2868 2566 Verbum,
2899 2500 3174 2571 quomodo
3220 2500 3385 2554 etiam
3432 2512 3492 2553 se

1917 2597 2253 2669 perspexisse
2291 2603 2347 2652 et
2393 2601 2764 2651 contrectasse
2794 2593 3039 2650 dicerent
3065 2593 3302 2650 Verbum
3338 2593 3494 2658 vitae,

1916 2703 2037 2759 quae
2077 2696 2197 2742 erat
2237 2687 2379 2758 apud
2425 2685 2662 2751 Patrem,
2708 2695 2764 2742 et
2792 2687 3046 2759 apparuit
3095 2687 3297 2742 nobis?
3340 2684 3492 2742 Hunc

1919 2778 2081 2848 igitur
2113 2777 2289 2848 ipsum
2330 2777 2780 2834 contrectabilem
2823 2786 2986 2848 atque
3028 2776 3318 2840 visibilem,
3351 2779 3494 2832 hunc

1917 2869 2006 2939 qui
2033 2867 2176 2938 ligno
2201 2867 2423 2924 sullixus
2446 2868 2646 2935 fuerat,
2676 2869 2914 2924 Thomas
2942 2869 3180 2938 agnovit,
3213 2883 3277 2922 ac
3301 2870 3490 2924 rectis-

1918 2959 2058 3017 sime
2109 2960 2277 3014 Deum
2335 2973 2398 3014 ac
2451 2957 2738 3013 Dominum
2786 2958 3058 3015 fatebatur
3099 2976 3116 3015 :
3159 2958 3301 3014 dixit
3347 2959 3490 3014 enim

1919 3049 2175 3105 continuo
2205 3047 2401 3120 ειω
2430 3066 2449 3100 ι
2475 3046 2734 3103 Dominus
2758 3061 2931 3113 meus,
2955 3057 3010 3102 et
3033 3046 3173 3102 Deus
3197 3062 3349 3103 meus
3369 3048 3392 3079 "
3416 3064 3434 3112 ;
3465 3066 3487 3100 ι

1918 3141 2113 3197 deinde
2155 3141 2222 3195 ad
2278 3141 2428 3194 illum
2463 3127 2725 3194 Dominus
2758 3146 2948 3194 noster
2991 3137 3163 3193 Jesus.
3191 3139 3488 3195 Christus:

1923 3249 1943 3283 ι
1974 3231 2132 3297 Quia,
2181 3230 2378 3300 inquit,
2433 3228 2616 3284 vidisti
2673 3241 2782 3294 me,
2842 3226 3124 3283 credidisti
3158 3245 3173 3282 :
3203 3228 3347 3282 beati
3398 3228 3490 3298 qui

1921 3340 2024 3378 non
2055 3323 2336 3389 viderunt,
2350 3331 2404 3378 et
2433 3321 2777 3377 crediderunt
2796 3321 2838 3374 ⁸.
2870 3337 2890 3373 ι
2915 3318 3080 3387 Quid,
3105 3335 3233 3390 rogo
3267 3328 3339 3385 te,
3371 3335 3493 3374 cre-

1919 3414 2208 3470 diderunt?
2240 3428 2418 3469 nonne
2449 3413 2615 3484 quod,
2643 3426 2765 3468 cum
2808 3410 2954 3468 Deus
2982 3420 3130 3466 esset
3161 3426 3228 3465 ex
3279 3421 3493 3476 Italtlrn,

1921 3507 2192 3578 proprium
2228 3507 2485 3575 templum
2534 3505 2792 3561 excitavit
2841 3519 2873 3559 a
2921 3504 3188 3560 mortuis?
3224 3505 3388 3576 Atqui
3432 3521 3494 3561 ea

1922 3615 2012 3655 res
2055 3599 2182 3670 quid
2230 3598 2598 3668 ambiguitatis
2651 3598 2855 3655 habet?
2909 3596 3016 3654 Sed
3060 3598 3151 3654 hic
3198 3599 3370 3654 bonus
3415 3598 3496 3653 vir

1921 3692 2305 3763 propemodum
2367 3691 2436 3746 de
2495 3690 2744 3761 discipuli
2797 3692 3025 3746 vocibus
3075 3689 3243 3746 stulte
3291 3689 3494 3744 erube-

1920 3801 2102 3849 scens,
2135 3799 2243 3839 non
2267 3782 2551 3838 confessus
2578 3792 2684 3849 est,
2708 3782 2902 3852 inquit,
2935 3782 3223 3838 Dominum
3249 3790 3304 3837 et
3327 3781 3494 3836 Deum

1919 3892 2042 3933 esse
2075 3876 2221 3931 illum
2252 3873 2671 3945 primogenitum
2709 3888 2776 3928 ex
2813 3873 3078 3939 mortuis;
3115 3873 3207 3926 sed
3241 3873 3342 3926 vim
3378 3888 3494 3928 ser-

1922 3967 2097 4023 monis
2126 3967 2388 4036 pervertit
2420 3966 2487 4020 ad
2529 3979 2684 4019 suam
2730 3961 3066 4032 opinionem.
3104 3973 3157 4016 et
3197 3963 3296 4026 ait,
3327 3962 3492 4016 Deum

1921 4057 2320 4112 admirabilium
2366 4070 2588 4126 operum
2624 4052 2932 4109 effectorem
2979 4050 3339 4121 gloriﬁcasse,
3371 4067 3492 4106 cum

1922 4149 2060 4206 dixit
2088 4165 2103 4204 :
2136 4167 2155 4201 ι
2186 4147 2445 4203 Dominus
2473 4161 2646 4210 meus,
2676 4154 2730 4200 et
2761 4143 2904 4200 Deus
2943 4159 3119 4199 meus.
3150 4163 3171 4197 ι
3202 4142 3297 4198 llis
3328 4144 3494 4198 etiam

1923 4241 2113 4313 adjicit
2141 4259 2156 4298 :
2186 4241 2305 4298 Non
2338 4239 2480 4312 quod
2516 4237 2957 4294 contrectabatur
2995 4235 3273 4308 appellans
3304 4234 3496 4302 Deum,

1924 4351 2028 4392 non
2082 4334 2225 4390 enim
2272 4330 2708 4389 contrectatione
2756 4329 3012 4385 divinitas
3061 4329 3352 4382 invenitur.
3393 4329 3498 4380 Ac-

262 4432 374 4487 θεὺν
417 4434 742 4506 ὀνομάζοντι
771 4435 860 4488 τὸν
890 4434 1154 4505 Χριστόν;
1195 4434 1388 4489 Καίτοι
1417 4434 1653 4505 δέδειχεν
1689 4435 1816 4506 ἡμῖν

1923 4440 2152 4484 cusasne
2178 4424 2522 4496 discipulum,
2569 4423 2656 4478 dic
2689 4421 2844 4489 mihi,
2888 4420 3034 4493 quod
3067 4419 3345 4476 Christum
3391 4419 3499 4474 Do.

264 4525 435 4592 ἀρτίως
457 4529 484 4580 6
517 4524 703 4592 λόγος.
748 4525 830 4577 ὅτι
861 4523 992 4588 Θεὸς
1023 4524 1098 4577 ὢν
1136 4525 1277 4579 κατὰ
1313 4522 1474 4594 φύσιν
1517 4525 1545 4577 ό
1583 4526 1823 4595 Μονογε-

265 4613 359 4684 vix,
382 4610 597 4687 ἀναφὴς
629 4617 723 4670 καὶ
751 4617 1000 4688 ἀόρατος,
1042 4616 1214 4680 ἁπτὸς
1242 4617 1435 4690 γέγονε
1477 4617 1570 4671 καὶ
1603 4617 1819 4687 ὁρατός.

267 4707 410 4764 Ὀταν
439 4710 494 4764 δὲ
531 4709 724 4780 λέγῃς·
755 4710 832 4762 Οὐ
860 4709 969 4781 γὰρ
998 4708 1308 4780 ψηλαφήσει
1350 4708 1554 4782 Θεότης
1573 4709 1822 4780 εὑρίσκε-

265 4814 358 4863 ται,
385 4802 550 4856 πάλιν
578 4802 754 4854 ἐκεῖνο
779 4798 1043 4871 ἐροῦμεν
1076 4798 1142 4852 Τί
1174 4800 1570 4870 παρωσάμενος
1601 4800 1700 4870 τὴν
1745 4800 1823 4853 οι-
1876 4857 1878 4860 ,

267 4893 522 4962 κονομῖαν,
552 4892 626 4956 ὡς
656 4891 787 4961 περὶ
813 4893 1026 4961 γυμνῆς
1053 4891 1277 4963 διαλέγῃ
1304 4891 1591 4963 θεότητος;
1621 4894 1699 4956 εἰς
1729 4891 1824 4962 λή-

268 4981 350 5052 ῡην
385 4985 437 5039 δὲ
478 4986 672 5055 ὥσπερ
716 4980 1018 5054 ἐληλακὼς,
1059 4984 1140 5036 ὄτι
1167 4983 1258 5035 καὶ
1289 4982 1576 5054 ἐσαρκὼθη
1625 4985 1715 5035 καὶ
1744 4985 1826 5035 ὲν.

267 5075 601 5149 ηνθρὼπησεν
627 5079 655 5129 6
674 5075 884 5146 ἀναφὴς
913 5074 1006 5127 καὶ
1031 5073 1341 5144 ἀσώματος,
1367 5075 1468 5128 οὐκ
1496 5075 1665 5147 ἀνέχῃ
1690 5074 1824 5127 Θεὸν

268 5160 616 5235 ὀνομαζούσης
640 5164 803 5219 αὐτὸν
831 5164 930 5235 τῆς
956 5163 1317 5218 θεοπνεύστου
1347 5165 1590 5234 Γραφῆς,
1622 5163 1711 5218 διά
1740 5182 1822 5220 τοι

268 5251 319 5304 τὸ
347 5254 722 5327 ὲψηλαφῆσθαι
749 5255 935 5328 σαρκὶ,
963 5248 1143 5324 ὧφθαί
1174 5271 1233 5307 τε
1263 5255 1465 5325 ὁμοίως
1499 5258 1611 5320 τοῖς
1644 5255 1822 5324 ἁγίοις

267 5343 564 5411 ἀποστόλοις
587 5365 601 5412 ;
638 5348 776 5401 Ἀλλ’
804 5349 966 5419 ἡμεῖς
993 5364 1079 5417 γε,
1106 5340 1287 5410 ὦτᾶν,
1309 5347 1548 5418 όμοῦγτῴ
1571 5347 1824 5419 μακαρίῳ

268 5433 439 5508 Θωμᾷ,
465 5438 554 5492 τὸν
576 5437 654 5510 τῷ
677 5438 819 5510 ξύλῳ
848 5438 1294 5510 προσηλωμένον,
1315 5438 1406 5491 τὸν
1429 5437 1823 5511 ψηλαφηθέντα

270 5531 459 5596 χερσὶν,
483 5530 798 5602 ἑωραμένον
830 5547 889 5584 τε
919 5534 1031 5593 τοῖς
1059 5530 1420 5599 ἀνθρωπίνοις
1443 5530 1674 5600 ὄμμασι,
1709 5533 1825 5593 ταῖς

1397 5708 1414 5737 ⁸
1448 5705 1574 5763 Luc.
1613 5725 1649 5776 ι,
1690 5709 1738 5776 l,
1765 5712 1817 5764 :1.

335 5698 354 5730 ⁸
380 5706 516 5763 Psal.
553 5711 770 5776 3th,5.
852 5711 871 5740 ³
913 5708 1110 5765 11.ιι›;ι‹·.
1153 5725 1231 5777 ιιι,
1263 5710 1314 5763 5.

1928 4520 2133 4577 tninum
2167 4533 2232 4573 ac
2258 4517 2426 4572 Deum
2457 4515 2732 4586 appellet?
2775 4515 2938 4584 Atqui
2971 4514 3220 4586 proximo
3251 4526 3503 4568 sermone

1927 4613 2357 4668 demonstratum
2409 4617 2522 4676 est,
2575 4609 2722 4663 illum
2768 4606 3141 4677 unigenitum,
3187 4620 3307 4661 cum
3359 4613 3505 4660 esset

1925 4705 2220 4760 secundum
2256 4713 2502 4757 naturam
2525 4701 2689 4775 Deus,
2721 4699 3083 4770 lmpalpabilis
3107 4706 3164 4753 et
3192 4695 3501 4758 invisibilis,

1927 4797 2248 4871 palpabilem
2279 4808 2400 4848 esse
2435 4791 2635 4848 factum
2682 4801 2738 4846 et
2767 4789 3052 4845 visibilem.
3091 4787 3224 4844 Cum
3263 4799 3392 4839 vero
3423 4784 3503 4840 di-

1933 4891 2012 4945 cis
2043 4907 2056 4942 :
2087 4886 2202 4942 Non
2236 4885 2383 4942 enim
2421 4881 2858 4938 contrectatione
2895 4879 3164 4935 Divinitas
3207 4875 3501 4941 invenitur,

1933 4980 2062 5036 illud
2090 4993 2121 5035 e
2154 4975 2431 5033 contrario
2458 4976 2703 5030 dicemus
2731 4989 2745 5025 :
2777 4971 2939 5040 Quid,
2974 4968 3381 5039 dispensatione
3423 4981 3505 5022 reo

1925 5049 2098 5143 jecta,
2118 5079 2375 5140 tanquam
2400 5067 2468 5122 de
2495 5064 2640 5122 nuda
2664 5062 2952 5120 divinitate
2974 5060 3203 5115 disseris
3223 5096 3240 5122 ,
3273 5067 3328 5114 et
3350 5057 3508 5128 quasi
3535 5108 3538 5112 .

1930 5163 2126 5220 oblitus
2159 5173 2214 5218 et
2254 5161 2595 5219 incarnatum
2643 5155 2835 5222 fuisse,
2885 5162 2942 5207 et
2990 5151 3262 5207 hominem
3304 5150 3502 5205 factum

1931 5256 2078 5311 illum
2104 5251 2503 5324 impalpahilem
2535 5258 2590 5304 et
2614 5251 3014 5316 incorporeum,
3053 5258 3238 5300 sacras
3269 5241 3505 5297 Litteras

1932 5361 2038 5402 non
2069 5345 2308 5401 sustines
2337 5357 2458 5411 qua:
2498 5339 2651 5393 illum
2687 5337 2854 5391 Deum
2897 5336 3192 5408 appellant,
3217 5346 3501 5405 propterea

1932 5439 2074 5509 quod
2104 5452 2268 5492 carne
2307 5435 2379 5490 sit
2404 5439 2794 5494 contrectatus,
2822 5439 2877 5485 et
2907 5430 3054 5483 visus
3095 5428 3166 5482 sit
3199 5428 3331 5482 item
3373 5439 3501 5479 san-

1935 5532 2036 5584 ctis
2064 5525 2360 5600 apostolis?
2393 5524 2500 5581 Sed
2552 5538 2671 5590 nos,
2715 5537 2748 5580 o
2793 5523 2876 5577 vir
2903 5520 3138 5592 egregie,
3174 5519 3334 5577 simul
3375 5531 3497 5574 cum

1897 5710 1914 5737 "
1952 5707 2150 5764 lJoan.
2190 5725 2227 5773 I,
2290 5708 2342 5761 2.
2420 5708 2437 5737 ⁷
2469 5705 2624 5762 Joan.
2655 5721 2744 5770 xx,
2777 5704 2868 5770 ‘28,
2907 5704 2996 5757 “29.
3072 5703 3090 5732 ¹¹
3129 5700 3256 5756 ibid.
