4002 6192
493 279 603 338 263

1601 288 1877 358 ογιιιιιι
1915 285 2386 344 ΑιεχΑΝοιιιΝι
2426 288 2748 346 ARCHIEP.

3651 295 3686 350 ἓ
3700 296 3765 357 Η

491 401 653 456 beato
686 401 912 468 Thema,
960 406 1108 461 illum
1144 409 1292 479 ligno
1321 411 1596 479 sufﬁxum,
1633 413 1786 468 illum
1825 412 2055 468 manibus

2181 412 2331 484 αύτῷ
2381 414 2719 486 πρεπούσαις
2768 412 3067 485 εὐφημίαις
3101 412 3492 481 στεφαεηῦντές
3539 431 3761 482 φαμεν·

491 501 911 561 contrectatum,
959 507 1423 574 conspectumque
1451 506 1706 560 humanis
1745 506 1940 570 oculis,
1987 504 2070 559 di-

489 583 613 648 guis
631 582 882 642 laudibus
903 587 1237 648 honorantes
1260 593 1490 650 dicimus
1520 617 1531 652 :
1561 613 1582 648 ι
1607 596 1870 651 Dominus
1893 611 2068 664 meus,

486 681 545 728 et
568 672 710 730 Deus
741 691 914 734 meus.
949 698 968 732 ι
1008 681 1085 736 Ac
1121 683 1165 737 si
1194 685 1465 756 quispiam
1497 689 1664 752 dicat,
1703 689 1793 742 Dei
1835 689 2067 761 Verbum

487 778 654 823 carne
684 771 897 841 propria
939 788 1183 844 passum,
1227 791 1351 833 eum
1389 779 1614 851 dignum
1649 797 1769 836 esse
1803 781 2068 852 approba-

490 855 658 924 tione,
691 870 802 914 eta
839 879 966 918 vero
1014 880 1177 922 sensu
1213 869 1436 926 minime
1488 871 1765 938 aberrare,
1819 889 1942 928 eum
1989 873 2070 926 sic

487 962 704 1018 quoquc
755 952 886 1007 illud
933 960 1196 1012 manserit
1246 960 1567 1030 impatibile,
1615 980 1826 1018 rursum
1876 980 1942 1019 ex
1985 965 2069 1020 his

485 1053 608 1106 quin
647 1039 760 1110 ipse
798 1045 1092 1114 scripsisti,
1126 1058 1220 1104 aut
1259 1051 1442 1107 dixisti
1496 1055 1549 1108 in
1573 1054 1854 1110 .Ecclesiis
1893 1071 2068 1110 cona-

486 1130 586 1184 bor
617 1135 924 1190 ostendere.
962 1136 1284 1198 Laudandos
1334 1159 1567 1215 namque
1611 1160 1800 1202 censes
1845 1159 2066 1205 sanctos

484 1219 673 1278 Patres
706 1235 922 1283 nostros
967 1229 1096 1285 olim
1142 1232 1196 1286 in
1232 1233 1414 1291 Nicaea
1451 1238 1730 1308 collectos,
1764 1242 1940 1313 utqui
1977 1257 2067 1298 ac-

484 1325 730 1371 curatam
779 1329 834 1374 et
880 1323 1118 1392 undique
1163 1327 1454 1397 expolitam
1483 1330 1632 1387 Fidei
1666 1333 2062 1391 confessionem

483 1408 783 1478 ediderint;
817 1415 911 1468 scd
942 1430 1052 1492 non,
1073 1417 1148 1472 ita
1180 1429 1239 1474 ut
1269 1421 1348 1476 illi
1371 1423 1565 1490 sentis,
1597 1425 1821 1482 minime
1847 1444 1862 1482 :
1888 1443 2066 1498 neque

481 1500 665 1556 animo
693 1501 745 1557 in
769 1506 1015 1562 veritatis
1041 1509 1312 1581 dogmatis
1347 1513 1454 1570 ﬁxo
1477 1529 1623 1574 recte
1653 1518 1858 1589 ingredi
1887 1522 2062 1590 cupis,

487 1591 632 1683 εδει]
679 1592 957 1652 claudicas
1003 1602 1401 1669 quodammodo
1449 1607 1714 1664 ambabus
1753 1609 2064 1683 suﬁ‘ragini-

2180 523 2198 554 ι
2221 505 2280 558 Ὀ
2311 504 2514 573 Κύριός
2553 521 2655 574 μου
2690 504 2786 559 καὶ
2813 505 2842 558 ὁ
2875 504 3006 568 Θεὸς
3044 522 3201 575 μου.»
3233 506 3356 558 Ὅτι
3384 504 3440 557 δὲ
3474 504 3577 557 κᾶν
3607 504 3658 558 εί
3675 519 3766 568 τις

2173 597 2320 666 λέγοι
2351 598 2516 668 σαρκὶ
2545 600 2611 670 τῇ
2643 597 2750 670 ἰδίᾳ
2783 596 2975 651 παθεῖν
3003 595 3094 650 τὸν
3124 595 3222 650 τοῦ
3255 595 3392 650 Θεοῦ
3425 595 3619 664 Λόγον,
3659 597 3762 649 οὖν

2126 701 2129 703 ’
2172 691 2240 745 ἂν
2272 693 2594 762 ἀμοιρήσειε
2628 692 2722 745 τοῦ
2752 692 2845 745 καὶ
2879 689 3220 746 ἐπαινεῖσθαι
3251 688 3383 753 δεῖν,
3414 689 3511 745 καὶ
3541 690 3760 758 φρονεῖν

2173 782 2394 837 ἑλέσθαι
2422 784 2493 836 τὰ
2525 782 2701 852 ἀληθῆ
2745 782 3046 854 (μεμένηκε
3082 780 3193 852 γὰρ
3239 781 3338 834 καὶ
3380 778 3556 842 οὕτως
3611 779 3763 832 am-

2172 875 2318 946 θὴς),
2353 874 2693 946 πειράσομαι
2722 872 3036 938 καταδεῖξαι
3065 872 3248 936 πάλιν,
3278 873 3336 938 ἐξ
3369 867 3444 926 ὧν
3473 871 3765 943 γέγραφας

2169 966 2351 1030 αὐτὸς,
2382 965 2549 1037 ἢγουν
2578 965 2712 1038 ἔφης
2729 967 2787 1018 ὲν
2829 964 3202 1048 Ἐκκλησίαις.
3239 963 3495 1017 Ἐπαίνου
3523 964 3622 1033 μὲν
3649 963 3764 1032 γὰρ

2169 1059 2340 1125 ἀξιοῖς
2379 1060 2505 1122 τοὺς
2533 1058 2723 1127 ἁγίους
2755 1057 3006 1129 Πατέρας
3043 1055 3229 1128 ἡμῶν,
3268 1057 3396 1119 τοὺς
3424 1056 3483 1108 ἓν
3511 1054 3577 1124 γέ
3611 1071 3761 1126 φημι

2165 1154 2232 1223 τῇ
2283 1151 2537 1204 Νικαέων
2597 1151 2738 1204 κατά
2799 1150 3028 1220 καιροὺς
3087 1147 3632 1218 συναγηγερμένους,
3681 1146 3764 1210 ὡς

2168 1245 2371 1316 ἀκριϐῆ
2397 1246 2490 1298 καὶ
2515 1241 2999 1316 τετορ[ν]ευμένην
3048 1242 3148 1312 τῆς
3184 1241 3421 1304 πίστεως
3467 1242 3604 1310 ἡμῖν
3653 1238 3762 1310 τὴν

2166 1337 2458 1408 ὁμολογίαν
2504 1332 2564 1390 εὗ
2615 1337 2758 1407 μάλα
2799 1335 3209 1406 πεποιημένους
3239 1351 3251 1365 ·
3293 1331 3647 1404 πεφρόνηκάς
3687 1347 3760 1400 γε

2169 1428 2278 1500 μὴν
2317 1430 2377 1483 ού
2407 1429 2477 1483 τὰ
2521 1428 2747 1482 ἐκείνων
2794 1428 2991 1480 ποθέν·
3025 1425 3150 1481 οὔτε
3187 1424 3296 1496 μὴν
3329 1428 3442 1488 τοῖς
3475 1425 3576 1494 τῆς
3619 1425 3757 1500 ἀλης

2167 1522 2318 1586 θείας
2367 1522 2636 1592 δίγμασιν
2674 1521 2955 1592 ἐνερείσας
3011 1519 3106 1573 τὸν
3168 1517 3314 1582 νοῦν,
3364 1517 3502 1589 ὀρθὰ
3548 1515 3758 1586 βαίνειν

2166 1613 2485 1684 ἐπιθυμεῖς,
2541 1631 2559 1664 ι
2593 1611 2854 1682 χωλεύεις
2896 1610 2954 1664 δὲ
2997 1609 3188 1680 ὥσπερ
3233 1609 3581 1679 ἀμφοτέραις
3628 1609 3758 1671 ταῖς

483 1680 603 1746 bus,
638 1701 657 1736 ι
696 1695 768 1740 τοι
821 1699 906 1745 est
948 1693 1251 1762 scriptum’
1287 1707 1384 1753 :et
1436 1710 1598 1755 rectae
1641 1703 1741 1757 via:
1788 1680 2055 1761 amatores

2169 1680 2398 1775 ἰγνύαις,
2431 1723 2450 1757 ι
2490 1680 2630 1757 κατά
2659 1703 2720 1757 τὸ
2748 1701 3137 1774 γεγραμμένον
3157 1718 3170 1732 ⁸
3196 1703 3310 1764 τοῖς
3337 1701 3434 1770 μὲν
3457 1699 3557 1770 τῆς
3595 1698 3757 1772 ὀρθό-

482 1772 858 1843 imprudenter
923 1785 1216 1858 objurgans
1246 1831 1261 1854 ,

482 1863 638 1937 ιιι
672 1876 928 1940 tauquam
975 1891 1162 1934 verum
1214 1882 1547 1954 conﬁrmas;
1579 1887 1688 1942 imo
1723 1904 1851 1944 vero
1887 1907 1954 1946 ne
2005 1894 2057 1946 in

417 1970 419 1972 ‘
480 1957 548 2013 iis
580 1954 958 2035 quidem'qua:
995 1970 1204 2039 dixisti,
1237 1979 1664 2045 permanendum
1714 1989 1904 2050 putas;
1936 2000 2057 2038 nam

479 2049 698 2109 invenio
724 2065 776 2110 te
804 2059 870 2113 de
899 2064 1106 2120 sanctis
1132 2065 1383 2123 Patribus
1406 2071 1589 2127 dicere
1620 2093 1632 2128 :

550 2143 792 2204 Nssrou.
845 2149 1155 2226 [Quoniam
1189 2175 1320 2216 vero
1361 2162 1407 2216 si
1438 2164 1740 2231 dixissent,
1775 2167 2059 2226 Credimus

477 2237 532 2291 in
583 2255 751 2297 unum
804 2243 972 2300 Deum
1027 2249 1296 2316 Verbum,
1333 2251 1572 2309 futurum
1628 2267 1746 2312 erat
1796 2270 1855 2314 ut
1911 2267 2058 2317 mors

473 2329 672 2387 divinae
709 2345 916 2394 natura;
965 2340 1329 2408 tribueretur,
1369 2346 1487 2402 ideo
1539 2364 1737 2404 nomen
1781 2353 2059 2422 accipiunt

475 2435 768 2480 commune
790 2468 806 2493 ,
850 2445 1080 2502 nempe,
1117 2434 1276 2492 Jesus
1309 2438 1589 2506 Christus,
1617 2450 1676 2496 ut
1701 2452 1755 2498 et
1786 2456 2056 2500 mortuum

474 2513 624 2570 illum
652 2519 1059 2591 signiﬁcarent,
1096 2535 1150 2582 et
1175 2528 1324 2583 illum
1357 2545 1459 2586 non
1502 2542 1796 2590 mortuum.
1827 2536 1926 2592 His
1961 2541 2059 2593 ad-

463 2606 585 2676 jicit
616 2623 635 2663 :
666 2610 851 2684 Itaque
881 2618 1104 2686 perinde
1137 2635 1200 2677 ac
1217 2622 1261 2677 si
1292 2624 1413 2692 quis
1438 2625 1578 2681 dicat
1606 2643 1622 2683 :
1655 2627 1750 2683 llle
1780 2629 1941 2688 homo
1975 2643 2060 2689 est

476 2710 743 2770 mortuus,
789 2711 1038 2776 quamvis
1080 2714 1262 2768 anima
1319 2717 1390 2772 sit
1451 2718 1817 2790 immortalis;
1875 2733 2054 2780 tamen

471 2794 599 2863 quia
634 2810 830 2853 nomen
863 2800 1004 2856 dixit
1052 2805 1196 2874 quod
1244 2806 1517 2877 signiﬁcat
1548 2811 1684 2868 duas
1717 2822 1976 2882 naturas,
2003 2826 2059 2873 et

473 2899 672 2957 corpus
697 2891 841 2959 quod
875 2894 1107 2951 moritur
1137 2908 1193 2954 et
1221 2902 1458 2957 animam
1514 2904 1904 2973 immortalem,
1935 2907 2057 2966 ideo

474 2974 606 3031 nihil
633 2987 718 3034 est
746 2982 969 3051 periculi
998 2985 1050 3041 in
1079 3001 1141 3043 ea
1165 3003 1298 3047 voce
1335 3007 1352 3045 :
1392 3001 1686 3065 utrumque
1716 2995 1862 3052 enim
1893 3012 2056 3053 voca-

1341 1791 1483 1860 qsod
1553 1794 1647 1849 tibi
1714 1797 1815 1866 ipsi
1883 1799 2055 1867 placet

2164 1814 2328 1868 τητος
2373 1799 2629 1867 ἐρασταῖς
2687 1794 2966 1857 ἀσυνέτως
3016 1794 3312 1864 ἐπιτιμῶν,
3359 1792 3644 1864 κρατύνων
3684 1808 3756 1860 γε

2166 1890 2275 1962 μὴν
2303 1890 2379 1954 ὡς
2408 1888 2605 1960 ἀληθὲς
2633 1887 2694 1941 τὸ
2726 1887 2875 1958 αὐτῷ
2921 1904 3003 1940 σοι
3033 1885 3259 1941 δοκοῦνο
3298 1886 3499 1955 μᾶλλον
3539 1885 3596 1943 δὲ
3628 1883 3758 1940 οὐδὲ

2162 1975 2242 2044 οἷς
2264 1979 2426 2043 αὐτὸς
2448 1979 2584 2049 ἔφης
2608 1978 2870 2048 ἐμμένειν
2897 1976 3091 2042 ἀξιῶνο
3114 1976 3357 2048 εὑρίσκω
3387 1975 3496 2048 γὰρ
3523 1975 3755 2045 λέγοντο.

2164 2071 2291 2141 περί
2318 2069 2426 2122 τῶν
2447 2068 2620 2134 ἁγίων
2643 2067 2930 2138 Πατέρωνο

2233 2159 2488 2233 [Ἐπειδὴ
2538 2158 2648 2230 γὰρ
2700 2157 2808 2230 [ἵσ.
2839 2158 2911 2230 εί]
2947 2157 3252 2228 εἰρήκασιν,
3282 2157 3365 2210 ὅτι
3412 2156 3755 2227 Πιστεύομεν

2163 2255 2244 2317 εἰς
2271 2253 2368 2310 ἕνα
2389 2251 2522 2305 Θεὸν
2550 2251 2743 2320 Λόγον,
2774 2250 2998 2322 ἔμελλεν
3026 2252 3055 2303 ὁ
3097 2249 3326 2313 θάνατος
3350 2252 3417 2322 τῇ
3452 2249 3574 2322 θείᾳ.
3602 2249 3756 2316 λογι-

2163 2345 2353 2410 ζεσθαι
2377 2343 2561 2415 φύσει,
2583 2343 2754 2414 ὄνομα
2784 2343 3030 2412 δέχονται
3057 2343 3236 2397 κοινὸν
3265 2343 3348 2409 τὺ,
3377 2343 3613 2414 Χριστος
3643 2343 3754 2414 Ἰη-

2164 2437 2312 2505 σοῦς,
2339 2438 2427 2492 ἵνα
2451 2438 2547 2492 καὶ
2578 2436 2668 2490 τὸν
2695 2435 3041 2491 ἀποθανόντα
3071 2436 3378 2506 σημάνωσι,
3411 2435 3502 2489 καὶ
3535 2434 3629 2488 τὸν
3669 2435 3758 2506 μὴ

2161 2532 2520 2588 ἀποθανόντα.
2540 2530 2913 2600 Προσεπάγει
2931 2529 2998 2583 δὲ
3015 2533 3248 2593 τούτοις
3267 2545 3280 2558 ·
3310 2529 3467 2582 Ὥστε
3489 2527 3646 2591 εἴτις
3659 2527 3759 2581 λέο

2160 2643 2266 2695 γοι,
2306 2626 2364 2680 ’0
2387 2626 2533 2678 δεῖνα
2552 2624 2837 2696 ἄνθρωπος
2868 2622 3129 2687 ἀπέθανε,
3161 2623 3338 2675 καίτοι
3367 2623 3397 2692 ἡ
3427 2619 3574 2692 ψυχὴ
3612 2619 3764 2675 ἀθά.-

2161 2717 2318 2780 νατός
2362 2719 2531 2780 ἐστιν,
2571 2715 2688 2769 ἀλλ’
2710 2713 2900 2784 ἐπειδὴ
2930 2712 2990 2766 τὸ
3021 2712 3193 2782 ὄνομα
3226 2708 3345 2765 εἷπε
3373 2713 3436 2765 τὸ
3478 2713 3756 2782 σημαῖνον

2158 2809 2259 2872 τὰς
2283 2807 2376 2862 δύο
2404 2807 2617 2878 φύσεις,
2645 2805 2742 2859 καὶ⁹
2769 2804 2832 2864 τὸ
2861 2804 3024 2876 σῶμα
3052 2804 3115 2858 τὸ
3136 2802 3499 2875 ἀποθνῆσκον,
3529 2804 3625 2856 καὶ
3647 2803 3758 2875 τὴν

2159 2897 2339 2969 ψυχὴν
2369 2895 2468 2968 τὴν
2514 2895 2802 2959 ἀθάνατον,
2830 2893 2932 2947 οὐκ
2961 2892 3074 2964 ἔχει
3103 2891 3352 2946 κίνδυνον
3377 2893 3410 2962 ἡ
3437 2891 3589 2961 φωνή
3609 2905 3621 2918 ⁸
3655 2889 3754 2944 ἀν-

2160 2983 2378 3063 θρωπος
2410 2989 2521 3060 γὰρ
2564 2986 2817 3042 καλεῖται
2849 2985 3164 3057 ἀμφότερα,
3199 2984 3292 3038 καὶ
3331 2982 3395 3036 τδ
3439 2981 3620 3053 σῶμα,
3651 2981 3753 3034 καὶ

475 3069 796 3139 turhomo,
839 3085 894 3131 et
921 3090 1121 3148 corpus
1170 3089 1226 3136 et
1278 3084 1459 3139 anima
1501 3104 1516 3153 ;
1555 3087 1629 3142 ita
1681 3087 1850 3159 igitur
1900 3090 2055 3147 etiam

2171 3083 2373 3156 ἡψυχή
2397 3099 2411 3113 ·
2433 3081 2579 3135 οὕτω
2608 3080 2793 3134 τοίνυν
2825 3080 2921 3137 καὶ
2944 3077 2974 3132 ὁ
3008 3077 3180 3150 μάτας
3206 3077 3415 3139 ἐκεῖνος
3456 3072 3615 3148 χορὸς
3640 3071 3760 3146 ἔφη,

475 3175 700 3232 magnus
721 3164 810 3222 ille
843 3169 1042 3225 chorus
1067 3170 1136 3226 de
1163 3173 1383 3232 Christo
1415 3176 1572 3232 dixit.
1603 3177 1622 3249 ]

1104 3307 1255 3362 CAP.
1297 3308 1404 3365 νη.

540 3437 677 3492 Cum
731 3438 807 3493 illi
869 3440 1149 3498 Christum
1207 3446 1391 3502 Jesum
1443 3448 1731 3521 dixerunt,
1765 3471 1869 3512 non
1919 3458 2057 3515 duos

473 3525 613 3584 illius
651 3531 878 3584 seorsim
905 3571 922 3597 ,
949 3533 1042 3603 qui
1079 3549 1367 3594 commune
1397 3539 1662 3599 haberent
1694 3547 1798 3604 hoc
1827 3563 2047 3618 nomen,

471 3618 722 3677 Christus
748 3619 945 3691 Iesus,
973 3627 1067 3681 sed
1093 3627 1222 3685 illud
1251 3645 1316 3686 ex
1355 3630 1464 3689 Deo
1508 3635 1748 3693 Verbum
1783 3639 2054 3697 hominem

472 3711 675 3768 factum
703 3715 1075 3786 signiﬁcasse,
1107 3735 1532 3797 repugnaturum
1569 3730 1665 3799 qui
1695 3733 1870 3801 sapiat
1908 3743 2056 3792 certe

469 3813 605 3873 puto
652 3806 928 3862 neminem
956 3824 970 3862 :
999 3824 1064 3866 ac
1096 3823 1293 3882 praeter
1329 3831 1390 3872 ea
1433 3833 1554 3889 qtae
1591 3821 1701 3892 jam
1737 3823 1879 3880 dicta
1907 3837 2052 3892 sunt,

469 3897 572 3952 hac
598 3897 663 3953 de
704 3913 764 3955 re
790 3899 942 3969 plura
967 3902 1144 3960 adhuc
1180 3905 1385 3965 referre
1421 3912 1583 3967 verba
1606 3954 1623 3978 ,
1652 3929 2050 3985 supervacuum

468 3987 561 4054 sit,
594 3991 810 4061 Opinor.
850 3990 1232 4054 Verumtamen
1295 4000 1340 4056 si
1385 4000 1453 4057 iis
1498 4017 1618 4074 qua:
1667 4005 1809 4062 dicta
1866 4017 1995 4064 sunt
2024 4025 2054 4065 a

469 4082 662 4148 nobis,
716 4087 1032 4155 persuaderi
1089 4090 1184 4147 tibi
1242 4108 1347 4148 non
1406 4103 1585 4165 potest
1635 4107 1696 4154 ut
1756 4101 2047 4175 intelligas,

464 4173 682 4230 etiamsi
721 4177 968 4235 dicamus
1020 4181 1196 4252 ipsum
1255 4185 1352 4242 Dei
1387 4187 1648 4256 Verbum,
1680 4203 1907 4264 propter
1936 4173 2052 4251 tuos

463 4278 630 4318 carne
669 4280 922 4336 passum,
950 4270 1301 4331 nihilominus
1333 4276 1461 4332 illud
1491 4294 1521 4332 a
1551 4281 1709 4336 nobis
1757 4283 2052 4355 impatibile

467 4364 723 4424 tanquam
754 4356 922 4414 Deum
959 4364 1163 4418 servari
1190 4403 1206 4430 ,
1239 4365 1431 4422 saltem
1469 4369 1576 4424 tuis
1603 4371 1825 4430 vocibus
1851 4373 2050 4446 largire

2165 3175 2298 3247 περὶ
2327 3170 2616 3246 Χριστοῦ.]

2273 3302 2275 3304 ’
2765 3309 3018 3364 ΚΕΦΛΛ.
3056 3309 3131 3361 Z".

2232 3455 2356 3510 Ὅτι
2405 3454 2504 3525 μὲν
2545 3449 2781 3525 Χριστὸν
2839 3447 3064 3521 Ἰησοῦντ
3102 3445 3502 3518 ὀνομάσαντες,
3537 3444 3598 3498 οὐ
3639 3442 3740 3498 δύο

2162 3548 2256 3603 καὶ
2283 3547 2388 3603 ἀνά
2427 3545 2593 3619 μέρος
2621 3543 2792 3608 υἱοὺς,
2829 3540 3017 3596 καινὸν
3046 3538 3284 3638 ῐχοντας
3307 3537 3481 3638 ὖνομα
3503 3535 3755 3638 malim:

2162 3640 2286 3705 στδς
2321 3638 2552 3712 Ἰησοῦς,
2579 3635 3044 3708 ὲνηνθρωπηκὸτα
3066 3632 3125 3686 δὲ
3159 3631 3374 3734 μᾶλλσῖ
3387 3630 3482 3684 τὸν
3509 3628 3754 3734 tat-8m?

2159 3731 2334 3800 Λόγον
2389 3727 2932 3800 κατασημαίνουσιν,
2966 3722 3244 3793 ἀνταίρειν
3321 3716 3480 3791 οἶμαι
3533 3718 3644 3822 τιῦν
3684 3716 3752 3822 εὖ

2161 3819 2502 3894 φρονούντων
2539 3819 2768 3873 ούδέναο
2798 3815 3004 3878 καὶτὸ,
3046 3813 3126 3867 ἔτι
3175 3813 3422 3884 μακροὺς
3460 3809 3590 3879 περὶ
3623 3809 3755 3862 τού-

2157 3933 2266 3970 των
2303 3915 2452 3986 ἡμᾶς
2492 3911 2810 3981 ἀντεξάγειν
2844 3909 3038 3978 λόγους
3069 3906 3207 4005 πρὸς
3233 3907 3365 4005 τοῖς.
3383 3904 3755 4005 ἠδη-γεγενη-

2161 4006 2362 4078 μένοις,
2395 4003 2650 4076 περιττδν
2678 3997 2832 4073 οἶμαί
2863 4015 2988 4054 που.
3019 3997 3168 4069 Πλὴν
3199 3999 3250 4051 εί
3281 3998 3395 4064 τοῖς
3419 3995 3556 4068 πρὸς
3582 3995 3617 4065 ή
3628 3995 3754 4066 μῶν

2157 4100 2258 4154 οὐκ
2291 4097 2569 4169 ἀναπείθη
2594 4095 2796 4165 λόγοις,
2826 4092 2906 4158 εἷς
2931 4110 2996 4163 γε
3035 4092 3097 4146 τδ
3131 4091 3351 4191 ἑλέσθαι
3389 4090 3630 4191 ιρρονεῖν,
3663 4088 3756 4191 63-:

2157 4193 2263 4248 κᾶν
2305 4192 2556 4263 λέγωμεν
2603 4186 2770 4260 σαρκὶ
2820 4185 3156 4241 πεπονθέναι
3199 4183 3269 4239 δι’
3307 4185 3465 4256 ἡμᾶς
3510 4183 3603 4236 τὸν
3644 4183 3750 4235 τοῦ

2157 4285 2294 4342 Θεοῦ
2340 4285 2538 4354 Λόγον,
2584 4281 2774 4352 ἀπαθῆ
2819 4280 2916 4336 καὶ
2960 4279 3106 4334 οὕτω
3142 4277 3421 4350 τηροῦμεν
3469 4275 3632 4332 αὐτὸν
3665 4273 3753 4339 ὡς

2157 4381 2290 4434 Θεόν
2309 4396 2324 4413 ο
2359 4379 2462 4432 κᾶν
2494 4375 2626 4447 γοῦν
2655 4377 2778 4440 ταῖς
2811 4371 3042 4429 σεαυτοῦ
3075 4370 3304 4444 χαρίζου
3336 4371 3562 4439 φωναῖς,
3592 4367 3654 4422 τὸ
3684 4363 3749 4420 εὖ

465 4455 526 4498 ιιι
562 4457 710 4502 recte
750 4451 976 4521 prolatas
1011 4454 1318 4514 vidcantur.
1377 4457 1530 4516 Sicut
1561 4462 1706 4518 enim
1736 4466 1829 4537 qui
1866 4443 2049 4524 homi-

2162 4443 2730 4544 mnatﬁcﬁatcoxeiv.
2757 4468 2974 4538 Ὥσπερ
3006 4443 3116 4537 γὰρ
3217 4463 3512 4536 ἄνθρωπον
3549 4459 3749 4528 εἰπὼν,

465 4549 590 4591 nem
615 4539 788 4606 dixit,
819 4541 979 4597 simul
1012 4559 1135 4600 cum
1167 4561 1398 4617 corpore
1427 4551 1750 4624 signiﬁcavit
1782 4558 2045 4627 animam,

463 4631 715 4700 quamvis
745 4631 862 4688 haec
912 4646 1159 4693 naturam
1200 4640 1395 4698 habeat
1435 4645 1507 4700 ab
1538 4661 1603 4702 eo
1627 4648 1929 4722 diversam,
1972 4655 2049 4713 ita

467 4729 548 4791 ut,
573 4723 790 4783 etiamsi
821 4741 1018 4794 corpus
1052 4731 1286 4791 fortasse
1333 4736 1568 4808 alicujus
1619 4753 1894 4802 mortuum
1925 4733 2048 4807 esse

465 4813 712 4882 dlcatur,
748 4827 895 4876 totus
925 4821 975 4876 id
1015 4822 1176 4882 homo
1219 4841 1412 4896 passus
1453 4846 1560 4887 non
1605 4835 1840 4894 absurde
1882 4839 2046 4898 intel-

462 4904 700 4978 ligatur,
730 4913 978 4980 quamvis
1017 4917 1252 4972 animam
1310 4920 1506 4978 habeat
1560 4926 1700 4982 haud
1749 4933 1908 4987 morti
1951 4934 2049 4989 ob-

462 5001 680 5059 noxiam
720 5002 767 5038 “
805 5021 820 5069 ;
857 5005 935 5062 sic
979 5023 1040 5062 se
1088 5024 1173 5065 res
1219 5011 1381 5068 habet
1425 5016 1477 5069 in
1518 5019 1761 5075 omnium
1804 5034 2046 5081 nostrum

465 5089 748 5151 Salvatore
795 5094 1037 5154 Christo.
1089 5098 1223 5154 Nam
1272 5103 1396 5174 quia
1441 5105 1573 5162 illud
1615 5123 1683 5163 ex
1727 5109 1840 5167 Deo
1887 5113 2046 5171 Patre

465 5180 736 5250 Verbum,
782 5199 842 5244 ut
882 5207 1024 5261 saepe
1066 5193 1340 5259 diximus,
1395 5200 1666 5270 particeps
1722 5201 1821 5259 fuit
1863 5208 2044 5264 carnis

463 5287 518 5332 et
559 5282 838 5350 sanguinis
902 5285 1154 5342 similiter
1190 5303 1255 5343 ac
1295 5305 1432 5354 nos,
1465 5300 1521 5347 et
1555 5309 1753 5364 corpus
1799 5298 1928 5353 illud
1975 5315 2042 5356 ex

464 5381 653 5426 sancta
689 5370 914 5444 Virgine
941 5378 1045 5432 sibi
1068 5380 1358 5448 proprium
1395 5383 1523 5438 fecit
1544 5426 1560 5450 ,
1587 5395 1642 5441 et
1668 5389 1741 5443 ita
1781 5390 1922 5447 ﬁlius
1949 5391 2047 5448 lto-

467 5464 631 5519 minis
657 5475 740 5520 est
771 5465 944 5524 factus
975 5486 990 5535 ;
1023 5470 1125 5526 hac
1154 5473 1219 5527 de
1245 5488 1433 5540 causa,
1460 5485 1671 5534 mortua
1701 5479 1818 5549 ejus
1856 5499 2041 5552 carne,

461 5569 606 5612 vene
662 5556 808 5613 illius
850 5559 1066 5617 unionis
1115 5563 1280 5620 ratio
1312 5567 1621 5636 passionem
1670 5573 1771 5646 ipsi
1834 5577 2041 5646 tribuit,

537 5729 559 5760 ’
585 5735 651 5792 111
690 5736 827 5810 Reg.
869 5738 1148 5824 xvm,~2l.
1229 5743 1272 5774 '°
1298 5741 1461 5800 llcbr.
1495 5762 1552 5814 ιι,
1586 5749 1671 5805 l5.

2162 4566 2504 4637 συνεσήμανε
2537 4560 2615 4633 τῷ
2639 4558 2856 4631 σώματι
2888 4559 2982 4631 τὴν
3010 4556 3210 4629 ψυχὴν,
3239 4556 3418 4610 καίτοι
3451 4556 3547 4627 τὴν
3580 4551 3751 4623 φύσιν

2157 4660 2514 4731 ὑπάρχουσαν
2555 4654 2824 4726 ἐτεροφυᾶ
2861 4652 2993 4723 παρ’
3029 4649 3182 4714 αὐτὸ,
3228 4649 3331 4704 κᾶν
3359 4650 3409 4704 ει
3441 4648 3655 4716 λέγοιτο
3685 4646 3752 4700 τὸ

2155 4753 2251 4812 τοῦ
2296 4753 2467 4814 δεῖνος
2502 4748 2663 4820 σῶμα
2691 4746 2855 4818 τυχὸν
2899 4745 3214 4809 ἀποθανεῖν,
3258 4742 3396 4806 ὅλως
3443 4739 3602 4795 τοῦτο
3647 4756 3749 4792 πε.

2158 4844 2371 4908 πονθὼς
2399 4845 2428 4896 ὁ
2472 4841 2760 4911 ἄνθρωπος
2802 4838 2962 4892 vocis”
2999 4836 3066 4891 ἂν
3114 4834 3371 4900 εἰκότως,
3419 4833 3600 4887 καίτοι
3641 4831 3735 4884 θαι

2113 4961 2116 4966 ’
2158 4941 2322 4995 νάτου
2353 4937 2453 4990 οὐκ
2484 4935 2623 5006 ἔχων
2660 4931 2917 5006 δεκτικὴν
2956 4931 3055 5000 τὴν
3091 4928 3302 4999 ψυχὴνο
3335 4925 3481 4981 οὕτω
3520 4925 3616 4979 καὶ
3652 4924 3744 4978 ὲπῖ

2155 5033 2252 5086 τοῦ
2287 5030 2504 5087 πάντων
2533 5025 2694 5098 ήμῶν
2729 5025 2985 5095 Σωτῆρος
3021 5021 3282 5092 Χριστοῦ.
3319 5019 3537 5089 Ἐπειδὴ
3579 5017 3691 5088 γὰρ
3720 5017 3750 5070 ὀ

2155 5125 2221 5179 ὲκ
2245 5123 2380 5178 Θεοῦ
2411 5118 2620 5190 Harpe;
2653 5117 2846 5186 Λόγος,
2873 5114 3019 5169 καθὰ
3059 5111 3383 5175 πλειστάκις
3413 5111 3740 5181 εἰρήκαμεν,

2157 5217 2495 5288 μετέσχηκεν
2525 5213 2758 5284 αἵματος
2786 5211 2882 5263 καὶ
2910 5207 3114 5280 σαρκὸς
3143 5202 3546 5278 παραπλησίως
3585 5202 3747 5272 ἡμῖν,

2154 5306 2318 5376 σῶμά
2342 5324 2400 5360 τε
2434 5305 2565 5360 ἴδιον
2600 5303 2899 5372 ἐποιήσατο
2926 5299 2987 5354 τὸ
3017 5300 3082 5352 ὲκ
3111 5299 3212 5369 τῆς
3244 5296 3407 5396 ἁγίας
3438 5291 3754 5396 Παρθένου,¹

2151 5399 2531 5472 κεχρημάτικὲ
2579 5413 2638 5450 τε
2684 5393 2830 5448 οὕτω
2864 5392 2958 5452 καὶ
3007 5390 3121 5454 υἱὸς
3172 5385 3490 5459 ἀνθρώπου·
3533 5385 3745 5453 ταύτης

2149 5491 2313 5544 ἕνεκα
2360 5491 2464 5560 τῆς
2510 5487 2694 5552 αἰτίας
2730 5483 3114 5555 ἀποθανούσης
3149 5481 3313 5536 αὑτοῦ
3360 5479 3460 5550 τῆς
3499 5475 3743 5548 σαρκὸς,

2151 5583 2301 5656 αὐτῷ
2331 5584 2432 5658 μὲν
2463 5583 2524 5638 τὸ
2555 5580 2730 5646 πάθος
2754 5583 2783 5636 ὁ
2814 5579 2915 5650 τῆς
2943 5575 3179 5650 ἀληθοῦς
3222 5573 3474 5643 ἑνότητος
3503 5569 3743 5625 ἀνάπτει
