4002 6192
234 274 329 331 ιισ

1323 269 1697 330 Αυνειιευδ
1732 265 2144 325 Νεδτοιιιυιι
2190 266 2318 324 LIB.
2364 266 2424 322 γ.

3420 263 3527 325 246

238 392 404 455 λόγος·
438 385 545 452 ἐξω
575 401 642 452 γε
681 384 804 454 μὴν
840 379 950 439 οἶδε
983 382 1342 454 μεμενηκότα
1377 383 1468 437 τοῦ
1507 383 1720 448 παθεῖν,
1753 382 1836 436 ὅτι

1951 380 2188 450 quamvis
2240 381 2369 438 illud
2421 390 2578 436 extra
2614 379 2924 448 passionem
2978 378 3246 435 mansis‘se
3295 382 3526 441 noverit.

238 482 322 534 καὶ
350 479 478 540 Θεός
509 478 629 530 ἐστι
673 476 831 531 κατά
867 478 1032 544 φύσιν
1079 475 1174 528 καὶ⁴
1208 473 1346 545 ζωή.
1387 475 1496 529 Καὶ
1527 474 1656 544 γοῦν
1684 477 1714 528 ό
1749 473 1837 528 θε-

242 571 447 632 σπέσιος
478 567 696 637 Πέτρος
723 566 995 636 τοιαύτην
1015 567 1147 636 ἡμῖν
1171 565 1495 636 παρατιθεὶς
1537 566 1638 638 τὴν
1672 585 1840 636 μυστο

243 660 490 730 ιγωτίαν,
531 652 639 712 ὧδὲ
688 660 772 730 πή
817 677 955 730 φησι
995 658 1126 727 περὶ
1164 657 1326 715 αὐτοῦ
1353 659 1465 722 τοῖς
1494 658 1846 714 πιστεύουσιν

249 756 313 816 εἰς
345 750 535 807 αὐτόν’
574 769 595 804 s
634 751 742 804 ’ον
777 751 885 804 οὐκ
930 750 1132 813 εἰδότες
1173 751 1427 818 ἀγαπᾶτε
1450 766 1462 780 ·
1497 752 1577 814 εἰς
1622 750 1681 803 ὃν
1717 751 1841 822 ἄρτι

251 845 316 913 μὴ
355 843 608 914 ὁρῶντες,
634 841 1006 906 πιστεύοντες
1034 842 1114 904 δέ,
1146 841 1478 910 ἀγαλλιᾶσθε
1510 842 1653 914 χαρᾷ
1683 843 1842 898 dvex-

250 937 449 1008 λαλὴτῳ
473 935 570 989 καὶ
609 935 1022 1005 δεδοξασμένῃ,
1051 935 1410 1005 κομιζόμενοι
1464 935 1526 988 τὸ
1558 935 1712 998 τέλος
1739 933 1842 1004 τῆς

253 1031 498 1091 πίστεως,
546 1028 846 1098 σωτηρίαν
890 1027 1103 1097 ψυχῶν.
1152 1028 1289 1100 Περὶ
1330 1023 1397 1100 ἧς
1447 1027 1724 1098 σωτηρίας
1755 1027 1844 1090 e5-

255 1115 512 1189 εζὴτησαν
545 1118 646 1172 καὶ
677 1116 1063 1188 ἐξηραύνησαν
1085 1116 1387 1188 προφῆται,
1415 1118 1464 1172 οἱ
1491 1117 1619 1187 περὶ
1642 1117 1739 1188 τῆς
1761 1117 1842 1180 εἰς

259 1211 391 1278 ἡμᾶς
420 1211 638 1280 χάριτος
687 1207 1202 1282 προφητεύσαντες,
1230 1209 1561 1280 ἐρευνῶντες
1587 1209 1668 1273 εἰς
1699 1208 1840 1276 τινα,

263 1301 294 1373 ἧ
320 1303 466 1354 ποῖον.
483 1302 684 1372 καιρὸν
713 1301 910 1371 ἐδήλου
933 1300 997 1356 τὸ
1027 1301 1086 1354 ἐν
1108 1301 1293 1368 αὐτοῖς
1320 1301 1550 1372 Πνεῦμα
1579 1300 1850 1372 Χριστοῦ,

271 1394 774 1465 πῳμαρτυρόμενον
803 1394 875 1448 τὰ
909 1393 990 1455 εἰς
1013 1392 1249 1463 Χριστὸν
1271 1392 1595 1464 παθήματα,
1622 1393 1718 1448 καὶ
1745 1394 1843 1457 τὰς

272 1487 395 1557 μετά
409 1486 574 1541 ταῦτα
599 1486 769 1552 δόξας
787 1503 800 1515 ·
831 1481 912 1548 οἷς
932 1485 1324 1556 ἀπεκαλύφθη,
1357 1487 1438 1542 ὅτι
1465 1486 1562 1556 οὐχ
1603 1486 1840 1551 ἑαυτοῖς,

271 1579 466 1648 quivit:
490 1578 780 1648 διηκόνουν
833 1575 997 1641 αὐτὰ,
1042 1576 1078 1632 ἀ
1118 1575 1213 1630 νῦν
1244 1578 1380 1652 ἡμῖν
1425 1577 1708 1650 ἀνηγγέλη
1755 1578 1844 1634 διὰ

275 1671 370 1724 τῶν
414 1670 928 1740 εὐαγγελισαμένων
973 1670 1122 1740 ἡμᾶς
1167 1669 1303 1738 (58),
1366 1669 1648 1740 Πνεύματι
1701 1670 1844 1740 ἁγίῳ

279 1766 616 1822 ἀποσταλέντι
652 1765 748 1818 ἀπ’
774 1763 1033 1834 ούρανοῦ,
1059 1764 1137 1825 εἰς
1163 1761 1198 1815 ἃ
1227 1760 1588 1831 ἐπιθυμοῦσιν
1621 1762 1844 1829 ἄγγελοι
1878 1741 1918 1795 Β

283 1859 604 1929 παρακύψαι.
627 1879 647 1910 ι
684 1856 926 1918 Ἀκούεις
957 1856 1106 1918 ὅπως
1139 1855 1198 1909 τὸ
1228 1853 1455 1924 Πνεῦμα
1476 1853 1713 1926 Χριστοῦ
1751 1854 1844 1907 καὶ

288 1953 344 2004 ἐν
379 1954 482 2015 τοῖς
521 1952 692 2020 ἁγίοις
735 1950 1049 2024 προφήταις
1077 1943 1166 2019 ἦν,
1217 1947 1743 2018 προανακεκράγασι
1788 1945 1844 1999 δὲ

294 2043 361 2095 sit
393 2045 465 2106 εἰς
493 2045 712 2115 Χριστὸν
735 2043 1060 2114 παθήματα,
1111 2040 1205 2093 καὶ
1238 2039 1336 2103 τὰς
1373 2041 1510 2110 μετά
1548 2031 1722 2094 ταῦτα
1755 2038 1846 2092 δό-

311 2130 562 2206 ξαςςἋεΐ
599 2132 684 2190 οὖν
713 2136 779 2199 ὡς
821 2135 1112 2207 ἄνθρωπον
1144 2132 1328 2196 ἁπλῶς
1364 2132 1504 2200 ὑπὲρ
1548 2129 1705 2201 ἡμῶν
1749 2146 1846 2183 πε-

323 2227 539 2280 πονθότα
575 2227 648 2298 τῷ
683 2229 857 2300 ιόσμῳ
889 2225 1375 2296 διακηρύττοντεςς
1408 2224 1502 2277 καὶ
1534 2223 1694 2278 τοῦτό
1727 2225 1846 2277 ἐστι

327 2319 383 2372 τὸ
414 2322 680 2389 μυστήριον
709 2321 760 2374 τὸ
783 2321 866 2374 διὰ
892 2319 1002 2373 τῶν
1037 2318 1208 2386 ἁγίων
1235 2314 1394 2387 ἡμῶν
1423 2314 1739 2374 ἀποστόλων
1783 2331 1844 2372 τε

320 2413 414 2464 καὶ
439 2413 805 2480 circinatio-43v
851 2415 904 2466 ἐν
943 2413 1124 2468 πίστει
1171 2409 1565 2482 δεδωρημένον,
1617 2409 1712 2463 καὶ
1763 2411 1846 2473 εἰς

307 2503 475 2560 ταῦτα
525 2506 825 2576 παρακύψαι
857 2509 1005 2574 φησιν
1043 2504 1332 2574 ἐπιθυμεῖν
1361 2504 1488 2566 τοὺς
1535 2502 1844 2570 ἀγγέλους;

302 2593 488 2646 Καίτοι
517 2594 633 2657 πῶς
657 2596 749 2648 οὐκ
777 2595 1068 2664 ἀπόεὶητος
1093 2593 1181 2664 εἴη
1212 2593 1350 2658 am
1381 2591 1544 2662 μέχρι
1573 2589 1638 2662 δὴ
1669 2590 1846 2660 μόνων

295 2681 397 2736 τῶν
424 2683 520 2752 τῆς
549 2684 950 2756 ἀνθρωπύτητος
977 2687 1119 2756 ὅρων
1148 2684 1248 2755 τὴν
1278 2683 1373 2739 τοῖ’)
1417 2683 1721 2754 μυστηρίου
1755 2683 1849 2738 δύο

292 2792 446 2844 νιμιν
477 2776 802 2830 κατακλείειν
844 2776 1177 2848 ἐπιχειρῶν;
1219 2774 1390 2839 Αὐτὸς
1439 2793 1460 2827 ι
1487 2777 1515 2830 ό
1555 2775 1614 2830 ἐν
1662 2777 1845 2846 μορφῇ

290 2867 378 2923 τοῦ
402 2867 540 2921 Gesti
565 2869 650 2922 καὶ
683 2869 895 2940 Πατρός
945 2868 1208 2939 ὑπάρχων
1241 2865 1372 2928 Θεὸς
1419 2865 1591 2934 Λόγος
1615 2905 1632 2929 ,
1685 2865 1847 2922 κεκέ-

291 2976 448 3014 νωγεν
490 2959 690 3023 ἑαυτὸν,
722 2959 940 3030 μορφὴν
967 2958 1155 3014 δούλου
1195 2956 1400 3024 λαϐὼν,
1431 2958 1525 3014 καὶ
1563 2957 1664 3031 τὴν
1707 2957 1850 3012 κατά

1942 492 2066 532 cum
2097 484 2154 532 et
2183 476 2324 531 Deus
2349 475 2422 532 sit
2445 475 2742 534 secundum
2772 483 3046 539 naturam,
3073 482 3130 528 et
3159 471 3290 527 vita.
3339 471 3528 542 itaque

1944 570 2134 628 beatus
2189 568 2381 626 Petrus
2420 583 2545 626 cum
2601 566 2872 638 ejusmodi
2925 565 3168 638 mysterii
3225 565 3526 620 doctrinam

1945 662 2101 716 nobis
2122 669 2471 729 proponeret,
2497 659 2578 715 sic
2605 657 2719 714 fere
2745 658 2815 714 de
2837 658 2928 713 illo
2951 658 3002 712 in
3030 673 3152 712 eum
3182 657 3529 713 credentibus

1943 753 2075 808 dicit
2103 770 2120 810 ι
2156 772 2174 810 ι
2211 753 2380 820 Quem
2417 767 2541 808 cum
2574 765 2681 807 non
2713 749 2958 806 videritis
2989 749 3232 818 diligitis,
3277 749 3334 804 in
3365 765 3526 819 quem

1944 861 2088 901 nunc
2129 862 2347 916 quoque
2383 862 2488 904 non
2536 846 2780 902 videntes
2815 842 3038 898 creditis
3061 882 3077 909 ,
3102 843 3390 902 credentes
3431 856 3530 898 au-

1945 949 2053 995 tem
2101 939 2389 998 cxsultatis
2432 938 2615 994 laetitia
2668 935 3017 994 inenarrabili
3057 934 3214 1007 152
3241 943 3297 990 et
3327 934 3527 1005 gloriﬁ-

1943 1041 2090 1095 cata,
2122 1040 2463 1101 rcportantcs
2493 1032 2652 1086 tinem
2683 1029 2806 1086 iidei
2834 1039 3050 1094 vestrm,
3078 1028 3305 1084 salutem
3331 1028 3531 1082 anima-

1946 1137 2065 1176 rum
2102 1131 2426 1177 vestrarum.
2485 1121 2556 1176 De
2581 1136 2684 1190 qua
2710 1120 2940 1176 salutem
2971 1120 3347 1190 esquislerunt
3370 1127 3532 1186 atque

1944 1214 2171 1272 scrutati
2235 1224 2363 1269 sunt
2421 1213 2734 1284 prophetat,
2769 1211 2864 1282 qui
2911 1211 2978 1268 de
3037 1211 3220 1266 futura
3273 1211 3330 1265 in
3381 1209 3533 1264 vobis

1945 1307 2118 1377 gratia
2183 1307 2650 1378 prophetaverunt
2698 1323 2712 1372 ;
2768 1312 3074 1362 scrutantes
3124 1302 3179 1358 in
3235 1301 3380 1372 quod
3449 1302 3532 1356 vel

1943 1396 2104 1466 quale
2150 1405 2362 1466 tempus
2413 1395 2749 1466 signiﬁcaret
2794 1395 2846 1449 in
2887 1395 2968 1450 eis
3013 1393 3251 1464 Spiritus
3303 1392 3530 1457 Christi,

1947 1488 2320 1556 praenuntiatus
2357 1503 2419 1544 ea
2456 1504 2575 1558 qua:
2605 1488 2657 1542 in
2711 1486 2929 1542 Christo
2974 1496 3108 1542 sunt
3152 1487 3434 1555 passiones
3475 1493 3532 1542 et

1947 1581 2277 1649 posteriores
2300 1580 2500 1650 glorias
2533 1597 2548 1646 ;
2581 1579 2778 1649 quibus
2811 1578 3108 1634 revelatum
3139 1588 3240 1645 est,
3269 1579 3393 1648 quia
3423 1593 3528 1634 non

1947 1669 2321 1740 sibimetipsis,
2349 1669 2505 1725 nobis
2531 1679 2708 1724 autem
2743 1669 3126 1725 ministrabant
3152 1684 3214 1724 ea
3240 1683 3362 1739 qua
3385 1684 3531 1724 nunc

1949 1761 2101 1816 vobis
2156 1762 2398 1817 nuntiata
2433 1769 2558 1820 sunt
2591 1776 2688 1831 per
2735 1775 2832 1817 eos
2886 1761 2976 1831 qui
3015 1759 3532 1832 evaiigelizsverunt

1947 1853 2100 1908 vobis
2130 1853 2332 1924 Spiritu
2368 1863 2556 1911 sancto
2591 1855 2758 1910 misso
2784 1853 2850 1909 de
2881 1853 3041 1919 cado,
3068 1855 3119 1908 in
3155 1869 3277 1922 quae
3312 1853 3529 1910 deside-

1949 1957 2068 2000 rant
2090 1946 2265 2016 angeli
2298 1947 2606 2017 prospicere
2634 1945 2697 1999 ιι.
2742 1964 2762 1996 ι
2793 1945 2963 2001 Audis
2988 1955 3046 2000 ut
3073 1945 3306 2015 Spiritus
3325 1945 3530 2004 Christi

1948 2040 2002 2094 in
2042 2039 2244 2095 sanctis
2292 2039 2571 2110 prophetis
2619 2040 2812 2104 fuerit,
2847 2048 3012 2108 utque
3055 2038 3130 2093 illi
3180 2038 3534 2108 pradiserint

1945 2146 2041 2188 eas
2093 2146 2212 2202 qua:
2241 2130 2294 2187 in
2341 2130 2560 2187 Christo
2611 2141 2738 2187 sunt
2799 2131 3079 2202 passiones
3105 2139 3161 2186 et
3199 2131 3532 2202 posteriores

1948 2223 2148 2294 glorias
2181 2223 2203 2276 ?
2232 2222 2384 2280 itane
2416 2223 2568 2293 quasi
2599 2223 2871 2279 hominem
2909 2224 3208 2295 simplicem
3250 2240 3351 2295 pro
3376 2223 3533 2282 nobis

1947 2331 2165 2386 passum
2189 2317 2307 2374 orbi
2349 2318 2706 2387 praedicarent
2733 2317 2761 2372 τ
2783 2319 2942 2388 idque
2973 2327 3059 2375 est
3085 2319 3402 2391 mysterium
3433 2331 3532 2388 per

1948 2417 2168 2464 sanctos
2213 2404 2484 2478 apostolos
2515 2416 2568 2464 et
2601 2410 2964 2481 evangelistas
2987 2411 3040 2464 in
3073 2410 3176 2465 iide
3220 2410 3440 2474 datum,
3470 2420 3532 2464 et

1948 2499 2003 2554 in
2031 2500 2167 2564 haec,
2189 2499 2364 2568 inquit
2395 2499 2707 2554 desiderare
2726 2499 2943 2568 angelos
2970 2500 3282 2570 prospicere
3307 2500 3331 2554 τ
3362 2500 3531 2572 Atqui

1948 2590 2220 2657 quomodo
2241 2604 2348 2644 non
2387 2589 2458 2643 sit
2485 2589 2842 2657 repudiandus
2867 2591 2958 2661 qui
2993 2591 3116 2646 vim:
3148 2591 3283 2645 tanti
3329 2599 3532 2663 mystc-

1951 2681 2013 2735 rii
2034 2680 2087 2736 in
2110 2679 2243 2737 solis
2266 2679 2621 2738 humanitatis
2644 2682 2892 2742 terminis
2918 2683 3244 2738 concludere
3263 2683 3534 2739 conatur?

1951 2772 2069 2842 ipse
2095 2791 2114 2825 ι
2143 2773 2316 2844 quiin
2353 2770 2528 2828 forma
2553 2771 2645 2829 Dei
2677 2782 2734 2829 et
2754 2773 2928 2831 Patris
2959 2784 3078 2830 erat
3103 2775 3243 2831 Deus
3269 2773 3532 2841 Verbum,

1949 2867 2245 2924 exinanivit
2277 2869 2622 2939 semetipsum
2647 2908 2663 2934 ,
2685 2868 2915 2923 formam
2952 2869 3096 2924 ser-vi
3119 2867 3390 2938 accipiens
3408 2868 3474 2934 ⁸⁸,
3512 2887 3531 2919 ι

1951 2967 2004 3013 et
2044 2957 2187 3012 illam
2222 2959 2520 3014 secundum
2577 2974 2800 3016 carnem
2831 2961 3170 3016 nativitatem
3224 2960 3392 3018 subiit
3439 2974 3538 3030 pro

290 3053 458 3125 σάριια
485 3052 726 3124 γέννησιν
775 3052 1161 3124 ύπομεμίνηκε
1200 3051 1268 3106 δι’
1317 3053 1466 3122 ἡμᾶς
1491 3068 1504 3083 ·
1547 3052 1712 3116 αὐτὸς
1752 3052 1848 3105 πέο

1953 3048 2141 3112 nobis,
2183 3049 2300 3118 ipse
2339 3062 2529 3120 passus
2578 3058 2662 3104 est
2701 3063 2799 3118 pro
2855 3047 3012 3105 trabis
3068 3051 3286 3120 propitia
3333 3065 3536 3117 sartio,

292 3144 471 3197 πονοεν
502 3144 634 3216 ὑπὲρ
668 3144 825 3216 ἡμῶν
859 3147 924 3215 τῇ
971 3144 1076 3214 ἰδίᾳ
1106 3143 1292 3214 σαρκὶ,
1324 3143 1421 3198 καὶ
1455 3142 1655 3198 ἀνεϐίω
1685 3143 1847 3199 πάλιν

287 3232 356 3296 ὡς
396 3234 831 3300 θεὸς,κενώσας
872 3235 964 3288 τὸν
1008 3233 1161 3305 ᾆδην,
1210 3233 1306 3287 καὶ
1346 3232 1586 3305 εἰρηκὼς
1629 3238 1743 3298 τοῖς
1791 3237 1849 3289 ἐν

287 3325 511 3396 δεσμοῖςο
540 3346 556 3379 ι
582 3325 890 3391 Ἐξέλθετε·
915 3325 1010 3378 καὶ
1034 3327 1145 3388 τοῖς
1171 3325 1230 3377 ἐν
1251 3323 1332 3395 τῷ
1362 3323 1546 3377 σκότει
1571 3341 1584 3354 ·
1624 3325 1850 3378 Ἀνικαο

288 3412 653 3484 λύφθητε.›-Τί
677 3415 854 3469 τοίνυν
895 3413 1223 3485 ἀνατρέπειν
1252 3415 1555 3484 ἐπιχειρεῖς
1583 3413 1681 3485 τὴν
1707 3413 1852 3468 οὓτω

287 3506 467 3578 σεπτὴν
498 3508 594 3562 καὶ
626 3507 957 3578 ἀξιάγαστον
988 3507 1323 3578 οἰκονομίαν,
1354 3506 1422 3559 δι’
1448 3501 1516 3579 ἦς
1549 3508 1644 3561 καὶ
1680 3508 1850 3561 σεσώ-

287 3598 462 3668 σμεθα,
492 3603 592 3654 καὶ
627 3601 826 3664 παντὸς
859 3602 990 3653 εῐσω
1019 3599 1324 3670 γεχόναμεν
1349 3595 1596 3666 ἀγαθοῦ;
1634 3598 1698 3650 Τί
1742 3600 1853 3671 γὰρ

285 3690 342 3744 δι’
365 3692 520 3764 αὐτῆς
549 3693 954 3763 ἐκερδὼαμεν,
983 3691 1106 3766 εἴσῃ
1122 3709 1210 3745 τοι
1232 3689 1328 3744 καὶ
1354 3689 1500 3762 μάλα
1527 3690 1735 3761 σαφῶς,
1756 3691 1854 3745 ὡδὶ

284 3784 602 3855 γεγραφότος
631 3783 725 3837 τοῦ
756 3782 1028 3854 μακαρίου
1063 3781 1278 3836 Παύλου
1299 3795 1311 3808 ⁸
1354 3802 1372 3835 ι
1403 3783 1512 3836 Καὶ
1539 3784 1690 3853 ἡμᾶς
1721 3800 1852 3836 ποτε

283 3873 423 3940 bna;
467 3875 1065 3948 ἀπηλλοτριωμένους,
1117 3876 1213 3929 καλ⁵
1261 3873 1493 3946 ἐχθροὺς
1537 3877 1602 3946 τῇ
1642 3875 1854 3947 διανοίᾳ

284 3968 334 4020 ἐν
359 3972 454 4033 τοῖς
493 3970 689 4042 ἔργοις
717 3972 829 4032 τοῖς
858 3971 1134 4039 πονηροῖς,
1159 3968 1277 4021 νυνὶ
1302 3966 1362 4020 δέ
1405 3966 1853 4037 ἀποκατήλλαξεν

285 4059 335 4110 ἐν
358 4059 429 4131 τῷ
459 4061 684 4134 σώματι
718 4061 818 4131 τῆς
866 4061 1067 4131 σαρκὸς
1100 4043 1268 4112 αύτοῧ
1319 4058 1411 4112 διὰ
1459 4058 1554 4112 τοῦ
1579 4057 1851 4126 θανάτου,

285 4155 625 4226 παραστῆσαι
665 4155 814 4224 ἡμᾶς
843 4153 1030 4220 ἁγίους
1051 4191 1066 4216 ,
1117 4153 1213 4206 καὶ
1241 4151 1528 4222 ἀμώμους,
1556 4150 1651 4204 καὶ
1691 4149 1853 4220 ἀνεγ-

283 4243 492 4315 κλήτους
524 4245 655 4298 κατ’
688 4244 919 4297 ἐνώπιον
948 4241 1135 4309 αὐτοῦ,
1165 4243 1218 4296 si
1242 4259 1306 4312 γε
1349 4242 1640 4312 ἐπιμένετε
1672 4244 1739 4313 τῇ
1772 4241 1856 4294 πί-

283 4350 403 4388 στει.
429 4355 448 4390 s
498 4335 720 4391 Οὐκοῦν
748 4336 960 4406 ὀνίνησι
997 4335 1094 4407 μὲν
1123 4337 1156 4407 ὴ
1191 4335 1374 4399 πίστις
1403 4336 1529 4398 τοὺς
1555 4334 1854 4389 ἀσάλευτον

1953 3141 2239 3198 ει-ἰιοτιιιιι
2283 3151 2343 3195 ιιι
2380 3143 2522 3196 Deus
2574 3139 2793 3206 revixit,
2826 3139 3101 3196 evacuatis
3149 3139 3362 3204 inieris,
3411 3153 3536 3196 suis

1952 3232 2181 3288 dixisset
2207 3251 2226 3284 ι
2249 3233 2318 3288 iis
2341 3233 2433 3304 qui
2459 3233 2513 3288 in
2541 3232 2996 3288 vinculiserant:
3037 3232 3194 3288 Exite
3221 3250 3250 3300 ;.
3273 3243 3327 3287 et
3354 3232 3422 3292 iis
3443 3234 3538 3302 qui

1953 3325 2009 3380 in
2045 3323 2285 3380 tenebris
2307 3333 2462 3379 erant
2493 3341 2507 3378 :
2542 3323 2879 3380 Bevciamini
2900 3324 2966 3379 ut
3007 3342 3026 3376 ι
3053 3322 3166 3380 Cur
3191 3324 3356 3394 igitur
3383 3339 3542 3380 ever-

1954 3427 2070 3474 tere
2109 3419 2316 3473 moliris
2365 3418 2819 3488 dispensationem
2865 3418 3000 3472 adeo
3044 3427 3329 3488 augustam
3376 3425 3542 3486 atque

1954 3509 2326 3564 admirabilem
2349 3547 2365 3574 ,
2383 3523 2494 3579 .per
2522 3523 2684 3578 quam
2720 3506 2855 3562 salvi
2881 3505 3011 3563 iacti
3046 3522 3264 3572 sumus,
3295 3513 3351 3562 et
3377 3519 3541 3562 omne

1956 3599 2155 3655 bonum
2206 3598 2538 3654 consecuti?
2587 3597 2725 3666 Quid
2778 3599 2922 3654 enim
2976 3598 3148 3668 ipsius
3193 3613 3297 3668 ope
3347 3597 3538 3654 lucrati

1956 3692 2144 3757 simus,
2177 3691 2518 3762 apertissime
2543 3706 2840 3763 cognosces
2863 3705 2930 3747 ex
2954 3691 3115 3747 beato
3139 3689 3305 3746 Paulo
3337 3692 3428 3760 qui
3460 3690 3543 3747 sic

1955 3785 2172 3855 scripsit
2205 3803 2234 3839 :.
2257 3803 2275 3837 ι
2316 3783 2380 3839 Ει
2405 3799 2502 3840 nos
2531 3800 2652 3840 cum
2685 3799 2930 3840 essemus
2968 3784 3222 3852 alienati,
3244 3794 3299 3840 et
3335 3783 3541 3840 inimici

1955 3891 2154 3943 seusu,.
2176 3877 2226 3930 in
2256 3876 2512 3946 aperihus
2541 3877 2694 3930 malis
2719 3891 2739 3928 :
2768 3891 2912 3930 nime
2951 3884 3130 3930 autem
3175 3875 3544 3930 reconciliavit

1958 3966 2010 4018 in
2039 3979 2265 4033 corpore
2287 3964 2468 4019 cautis
2501 3980 2614 4019 sua:
2643 3981 2739 4032 per
2766 3975 3014 4031 mortem,
3044 3974 3101 4018 ut
3125 3963 3407 4018 exhiberet
3445 3978 3544 4018 nos

1956 4065 2174 4111 sanctos
2205 4067 2261 4112 et
2305 4057 2680 4111 innnaculatos
2715 4065 2769 4111 et
2807 4055 3314 4124 irrcprebcnsibiics
3351 4069 3539 4110 coram

1957 4148 2074 4219 ipso
2104 4169 2119 4205 :
2157 4150 2200 4206 si
2235 4159 2412 4204 tamen
2458 4149 2785 4217 permanetis
2819 4150 2871 4202 in
2910 4148 3013 4204 [ide
3042 4149 3109 4200 “.
3145 4165 3171 4199 ι.
3213 4146 3356 4216 Ergo
3406 4146 3539 4202 iides

1957 4241 2175 4312 quidem
2201 4241 2353 4310 juvat
2379 4258 2474 4300 eos
2516 4241 2608 4311 qui
2643 4239 2787 4294 illam
2837 4233 3046 4294 ﬁrmam
3079 4253 3299 4295 servare
3339 4249 3545 4296 statue-

1961 4335 2068 4389 rint
2099 4351 2117 4400 ;
2148 4334 2243 4389 sed
2286 4334 2572 4403 quomodo?
2598 4332 2748 4404 juvet
2768 4371 2784 4396 ,
2828 4333 3019 4387 beatus
3052 4329 3299 4388 Joannes
3347 4334 3546 4389 asserit

282 4427 430 4500 αὐτὴν
474 4429 774 4498 ἑλομένους
805 4429 992 4501 τηρεῖν
1015 4445 1029 4458 ·
1061 4426 1271 4497 ὀνίνησι
1301 4427 1358 4480 δέ
1401 4426 1544 4480 κατά
1577 4425 1698 4480 τίνα
1727 4430 1848 4497 τρό-

1961 4442 2082 4481 cum
2131 4426 2308 4482 dicit:
2343 4444 2363 4479 ι
2392 4426 2526 4494 Quis
2569 4435 2752 4481 autem
2791 4438 2874 4481 est
2911 4425 3003 4495 qui
3050 4425 3220 4480 vincit
3259 4425 3544 4492 mundum,

282 4531 387 4578 πον,
410 4521 436 4570 ό
466 4517 752 4585 πάνσοφος
778 4518 926 4586 ἡμᾶς
963 4517 1217 4588 Ἰωάννης
1250 4515 1607 4581 πιστώσεται,
1643 4516 1816 4584 λέγων
1835 4533 1849 4547 ·

287 4623 304 4656 ι
328 4607 416 4669 Τίς
445 4608 501 4662 δέ
539 4609 691 4660 ἐστιν
720 4607 748 4660 ὁ
774 4605 939 4662 νικῶν
963 4607 1053 4661 τὸν
1082 4608 1306 4678 κόσμον,
1336 4609 1383 4660 εἰ
1416 4606 1492 4677 μὴ
1519 4609 1548 4660 ὁ
1579 4607 1852 4661 πιστεύων

279 4687 351 4750 ὃτι
383 4698 597 4768 Ἰησοῦς
635 4700 786 4752 ἐστιν
835 4699 863 4750 ό
910 4698 1035 4761 Υἱὸς
1081 4697 1174 4751 τοῦ
1223 4697 1388 4763 Θεοῦ;
1421 4690 1592 4762 Οὗτός
1645 4699 1792 4752 ἐστιν
1824 4701 1852 4752 ό

281 4787 433 4842 ἐλοὼν
460 4791 531 4845 δι’
564 4789 753 4854 ὓδατος
784 4791 879 4843 καὶ
915 4791 1168 4861 αἵματος,
1213 4791 1420 4861 Ἰησοῦς
1455 4791 1718 4861 Χριστόςο
1752 4792 1854 4846 οὐκ

282 4881 332 4932 ἐν
362 4882 434 4952 τῷ
468 4882 628 4935 ὕδατι
661 4881 840 4952 μόνον,
864 4881 977 4934 ἀλλ’
1001 4883 1058 4933 ἐν
1083 4880 1160 4952 τῷ
1191 4881 1342 4935 ὕδατι
1370 4883 1464 4935 καὶ
1504 4883 1730 4952 αἵματι·
1763 4887 1856 4938 καὶ

280 4973 332 5025 τὸ
374 4975 602 5044 [1νεῦμά
632 4977 778 5026 ἐστιν
811 4975 843 5044 ἡ
874 4971 1130 5044 ἀλήθεια,
1171 4973 1252 5025 ὅτι
1299 4975 1448 5041 τρεῖς
1491 4975 1854 5045 μαρτυροῦσι,

279 5065 334 5118 τὸ
349 5066 595 5138 Πνεῦμα,
623 5066 684 5119 τὸ
712 5064 876 5136 ὕδωρ,
906 5065 1002 5118 καὶ
1026 5064 1085 5117 τὺ
1107 5058 1264 5135 αἷμα.
1301 5065 1410 5117 Καὶ
1443 5067 1493 5118 οἱ
1526 5070 1675 5136 τρεῖς
1705 5067 1765 5120 τὸ
1791 5069 1850 5120 ἓν

349 5249 384 5278 ¹¹
423 5248 616 5302 iPelr.
649 5264 686 5313 1,
724 5247 882 5302 8-12.

1962 4519 2063 4574 nisi
2087 4521 2177 4590 qui
2216 4519 2388 4575 credit
2419 4519 2565 4590 quod
2587 4517 2746 4574 Jesus
2790 4528 2877 4575 est
2916 4515 3087 4573 Filius
3129 4518 3269 4574 Dei?
3318 4517 3417 4574 Hic
3459 4528 3548 4574 est

1959 4610 2050 4679 qui
2099 4609 2246 4664 venit
2276 4625 2371 4680 per
2396 4624 2591 4680 aquam
2631 4593 3018 4679 etsanguinem
3055 4606 3216 4665 Jesus
3244 4608 3498 4664 Christus
3523 4651 3538 4664 .

1963 4718 2068 4756 non
2109 4702 2160 4756 iu
2194 4718 2332 4772 aqua
2376 4701 2589 4770 solum,
2632 4703 2726 4757 sed
2775 4703 2828 4758 in
2883 4717 3024 4770 aqua
3048 4711 3102 4755 et
3136 4705 3420 4772 sanguine.
3481 4700 3547 4754 Et

1963 4794 2199 4864 Spiritus
2228 4803 2312 4850 est
2338 4793 2563 4862 veritas,
2597 4793 2723 4863 quia
2766 4801 2879 4849 tres
2915 4791 3074 4864 143
3102 4799 3228 4846 sunt
3259 4791 3352 4860 qui
3387 4790 3545 4846 testi-

1964 4886 2205 4941 monium
2240 4885 2526 4956 perhibent
2551 4927 2579 4954 ,.
2603 4885 2872 4956 Spiritus,
2904 4895 2960 4939 et
2994 4898 3168 4954 aqua,
3202 4895 3255 4938 et
3276 4883 3496 4951 sanguis
3523 4897 3544 4936 :

1963 4989 2019 5032 et
2061 4977 2112 5031 bi
2156 4987 2270 5034 tres
2315 4992 2482 5032 unum
2538 4985 2687 5033 sunt.
2740 4975 2796 5032 Si
2849 4973 3220 5032 testimonium
3267 4973 3544 5028 hominum

1963 5069 2290 5138 accipimus,
2327 5068 2695 5124 testimonium
2744 5067 2837 5122 Dei
2891 5065 3066 5135 majus
3121 5074 3206 5119 est
3235 5079 3250 5132 ;
3279 5063 3406 5136 quia
3444 5063 3546 5118 hoc

961 5249 1003 5284 "
1034 5247 1263 5317 Philipp.
1301 5263 1357 5310 ιι,
1384 5245 1438 5313 6,
1477 5246 1526 5301 7.
1607 5247 1652 5278 ¹³
1683 5249 1782 5304 lsn.
1819 5266 1966 5314 xux,
2009 5251 2059 5304 9.
2143 5251 2184 5282 “
2218 5251 2425 5306 Coloss.
2461 5267 2499 5318 ι,
2531 5252 2726 5305 21-25.

1535 5401 1693 5458 ΑΝΤ.
1737 5402 2008 5459 AGELLii
2053 5406 2282 5474 NOTAE.

349 5577 460 5648 (38)
497 5580 587 5634 Sic
619 5579 896 5634 habebant
923 5579 1078 5632 codd.
1113 5579 1297 5648 Cyriili
1335 5579 1478 5632 hunc
1511 5579 1687 5632 locum
1720 5580 1846 5646 Epi-

284 5650 427 5717 stula:
454 5649 474 5702 ι
502 5651 639 5704 beati
673 5649 817 5704 Petri
851 5665 970 5717 cap.
997 5663 1031 5700 ι.
1069 5651 1334 5703 Czeterum
1361 5659 1415 5700 et
1441 5651 1650 5716 vulgaza
1679 5651 1844 5703 editio

287 5715 492 5784 Latina,
519 5731 570 5778 et
608 5722 766 5777 codd.
819 5715 995 5776 Gnéci
1032 5719 1362 5776 Testamenti
1398 5715 1549 5786 Novi,
1595 5731 1646 5774 ut
1695 5719 1842 5775 Vati-

1953 5598 2127 5660 cauus
2151 5587 2322 5660 codex
2347 5585 2774 5660 “antiquissimus
2803 5587 2999 5660 habent
3036 5589 3274 5642 secunda
3302 5602 3542 5660 persona

1956 5653 2234 5724 ἀνηγγέλη
2267 5654 2396 5723 ὑμῖν
2423 5667 2472 5709 et
2500 5653 3019 5729 εὐαγγελισαμένου
3043 5659 3206 5728 ὑμᾶς.
