4002 6192
440 288 548 346 9ιῖ

1431 290 1490 345 8.
1532 287 1807 347 CYRILLI
1846 285 2313 344 ALEXANDRINI
2353 288 2670 347 ARCHIEP.

3594 278 3711 346 2t8

438 407 525 452 est
566 394 936 452 testimonium
983 395 1075 452 Del
1113 396 1239 468 quia
1274 398 1599 458 testiﬁcatus
1626 410 1711 457 est
1765 400 1834 456 de
1884 401 2013 457 Filio

2121 402 2279 457 εἰσιν.
2310 403 2373 456 Ei
2401 403 2501 475 τὴν
2531 403 2835 476 μαρτυρίαν
2861 402 2972 457 τῶν
2998 398 3311 473 ἀνθρώπων
3330 400 3708 473 λαμϐάνομεν,

437 505 557 545 suo.
609 488 711 555 Qui
739 490 911 545 credit
950 490 1004 545 in
1036 490 1230 546 Filium
1276 493 1404 558 Dei,
1444 493 1607 549 habet
1646 494 2015 551 testimonium

440 580 491 633 in
514 592 574 634 se
596 579 752 649 ipso;
784 578 875 650 qui
901 594 1005 636 non
1031 582 1202 638 credit
1224 582 1351 651 Deo,
1378 585 1691 641 mendacem
1719 587 1847 642 fecit
1868 602 2014 649 eum,

436 672 528 741 qui
567 686 673 726 non
714 672 884 728 credit
919 671 972 728 iu
1008 673 1375 735 testimonium
1411 675 1553 746 quod
1587 672 1905 733 testiﬁcath
1932 687 2019 734 est

437 763 504 818 de
533 762 671 819 Filio
699 763 879 819 suo“.
917 782 937 817 ι
990 765 1107 832 Quo
1154 767 1313 823 modo
1360 777 1538 825 autem
1592 769 1734 827 Deus
1762 786 1828 827 ac
1858 771 2016 828 Pater

438 853 762 910 testiﬁcatus
781 856 935 911 sitde
954 856 1093 914 Filio
1118 873 1216 914 suo
1234 902 1250 925 ,
1274 860 1469 918 beatus
1507 861 1745 921 Joannes
1774 864 2014 934 Baptista

438 945 593 1000 nobis
626 946 956 1014 declarabit,
987 948 1176 1006 dicens
1202 968 1216 1006 :
1252 969 1271 1003 ι
1311 952 1378 1007 Et
1406 967 1507 1023 ego
1533 955 1841 1011 nesciebam
1866 972 2012 1021 eum,

437 1035 531 1090 sed
560 1037 648 1105 qui
684 1038 830 1094 misit
859 1054 946 1095 me
974 1040 1250 1112 baptizare
1286 1044 1339 1098 in
1369 1059 1543 1115 aqua,
1573 1046 1663 1101 ille
1685 1047 1818 1103 mihi
1842 1048 2009 1104 dixit:

441 1126 613 1196 Super
670 1144 828 1200 quem
894 1133 1096 1209 videris
1155 1133 1419 1204 Spiritum
1479 1137 1897 1194 descendentem
1959 1152 2014 1196 et

439 1228 743 1275 manentem
788 1236 952 1292 super
976 1240 1097 1279 eum
1121 1265 1136 1290 ,
1158 1225 1245 1282 hic
1278 1234 1362 1282 est
1396 1227 1487 1297 qui
1526 1227 1777 1298 baptizat-
1803 1230 1853 1284 in
1886 1230 2013 1301 Spi-

437 1308 541 1362 ritu
584 1320 791 1369 sancto.
846 1313 913 1369 Et
950 1330 1049 1386 ego
1081 1315 1223 1382 vidi,
1253 1326 1309 1372 et
1340 1318 1704 1375 testimonium
1745 1321 2009 1391 perhibui,

434 1398 563 1468 quia
602 1401 691 1457 hic
734 1412 818 1459 est
856 1404 1025 1462 Filius
1070 1406 1163 1463 Dei
1196 1407 1260 1462 “.
1309 1427 1329 1462 ι
1380 1408 1774 1467 Testimonium
1832 1413 2013 1482 itaque

437 1491 751 1556 perhibetur
797 1494 1023 1553 Domino
1074 1508 1261 1555 uestro
1317 1497 1445 1557 Jesu
1495 1502 1713 1558 Christo
1749 1513 1803 1559 et
1837 1502 2012 1562 Patris

437 1596 569 1638 voce
587 1625 603 1650 ,
641 1584 780 1655 quod
821 1586 936 1656 ejus
962 1587 1131 1646 Filius
1153 1589 1225 1647 sit
1253 1600 1442 1646 natura
1461 1600 1517 1648 et
1537 1594 1833 1650 secundum
1862 1597 2009 1652 verin

438 1681 603 1729 tatem
636 1714 644 1723 .
672 1675 1038 1732 testimonium
1081 1693 1293 1750 quoque
1323 1680 1673 1738 nihilominus
1701 1684 2012 1754 perhibetur

436 1777 575 1833 aqua
604 1772 661 1819 et
688 1767 950 1837 sanguine
972 1777 1027 1824 et
1054 1769 1260 1839 Spiritu
1292 1785 1306 1823 :
1336 1780 1393 1827 et
1413 1783 1597 1828 sancta
1628 1752 1847 1845 quidem
1869 1792 2008 1847 aqua
2042 1752 2083 1808 Β

436 1862 655 1920 peccata
698 1857 1032 1913 credentium
1073 1861 1369 1931 abstergit,
1401 1863 1639 1920 viviﬁcat
1693 1876 1872 1923 autem
1912 1868 2011 1924 ho-

435 1942 609 2000 mines
633 1946 723 2015 qui
754 1958 880 2004 sunt
908 1962 1081 2021 super
1104 1960 1325 2019 terram,
1350 1967 1450 2009 suo
1476 1957 1773 2028 sanguine,
1801 1973 1865 2015 ac
1897 1960 2011 2016 Deo

435 2034 731 2108 coniungit.
784 2038 890 2095 Sed
932 2042 1057 2113 q-uia
1100 2053 1186 2099 est
1214 2046 1507 2101 secundum
1554 2060 1802 2104 naturam
1845 2049 2007 2118 Deus,

435 2127 599 2182 etiam
649 2131 822 2186 sancti
866 2130 1105 2204 Spiritus
1154 2151 1349 2192 munus
1408 2138 1623 2196 abunde
1676 2139 1924 2212 largitur,
1956 2153 2009 2197 et

439 2226 693 2290 tanquam
731 2225 1007 2294 proprium
1039 2227 1089 2281 in
1118 2226 1329 2283 animas
1371 2230 1707 2287 credentium
1756 2232 2006 2301 eﬁundit,

437 2318 497 2365 ut
527 2311 645 2369 illos
674 2322 789 2370 tum
821 2316 1016 2373 divina:
1050 2326 1257 2374 παίω-οε
1297 2321 1475 2377 socios
1505 2321 1700 2379 eﬁiciat
1721 2365 1736 2391 ,
1770 2332 1882 2379 tum
1917 2341 2011 2397 spe

437 2400 739 2459 futurorum
772 2408 1034 2463 bonorum
1083 2420 1329 2465 coronet.
1378 2412 1553 2468 Unum
1584 2414 1749 2483 igitur
1782 2417 2009 2473 conﬁte-

436 2507 559 2548 mur
609 2494 807 2551 Filium
861 2496 1138 2553 Christum
1201 2499 1385 2556 Jesum
1434 2504 1755 2571 Dominum,
1791 2507 1845 2563 id
1902 2520 2008 2571 est,

436 2582 564 2637 illud
600 2584 694 2641 Dei
731 2586 965 2643 Verbum
1009 2590 1283 2647 hominem
1335 2591 1533 2649 factum
1561 2603 1615 2651 et
1651 2596 2010 2666 incarnatum,

434 2687 491 2731 et
544 2677 691 2734 hunc
760 2681 1121 2750 cruciﬁxum,
1153 2692 1209 2740 et
1239 2696 1618 2756 resurgentem
1685 2704 1715 2743 a
1757 2694 2010 2759 mortuis,

436 2777 828 2840 venturumque
862 2786 963 2828 suo
1002 2782 1245 2845 tempore
1288 2775 1342 2830 in
1394 2776 1562 2847 gloria
1611 2778 1702 2835 Dei
1746 2788 1802 2835 et
1839 2780 2013 2840 Patris

435 2870 557 2911 cum
601 2860 807 2916 sanctis
834 2862 1060 2933 angelis.
1116 2864 1217 2920 Per
1251 2865 1461 2935 ipsum,
1491 2875 1694 2922 etcum
1724 2868 1869 2939 ipso,
1898 2870 2010 2928 Deo

434 2957 490 3004 et
508 2948 653 3005 Patri
677 2951 845 3021 gloria
868 2968 991 3009 cum
1014 2964 1204 3011 sancto
1226 2956 1431 3027 Spiritu
1459 2957 1512 3012 in
1544 2960 1763 3017 saecula.
1810 2963 2006 3020 Amen.

2119 496 2154 565 ὴ
2193 495 2469 566 μαρτυρία
2516 494 2609 548 ⁸νοῦ
2641 495 2775 549 Θεοῦ
2845 494 2925 548 ἔτι
2976 492 3177 564 μείζων
3210 492 3396 545 ἔστιν’
3444 493 3528 546 ὅτι
3563 493 3710 563 αὕτη

2118 585 2265 637 ἐστὶν
2297 587 2329 656 ὴ
2364 585 2641 657 μαρτυρία
2669 586 2763 639 τοῦ
2805 584 2965 649 Θεοῦ,
2997 584 3079 637 ὅτι
3120 581 3523 654 μεμαρτύρηκε
3572 582 3710 653 περὶ

2115 673 2211 725 τοῦ
2240 672 2375 727 Υίοῦ
2409 673 2606 728 αὐτοῦ’
2634 676 2663 729 6
2692 674 2965 730 πιστεύων
3006 676 3095 737 είς-
3117 674 3210 726 τὸν
3242 674 3375 726 ne»
3398 673 3494 726 τοῦ
3542 673 3705 737 Θεοῦ,

2116 763 2229 833 ἔχει
2276 763 2379 835 τὴν
2432 765 2739 838 μαρτυρίαν
2785 766 2845 820 ἐν
2886 764 3092 835 ἑαυτῷ-⁸
3124 765 3153 818 6
3197 763 3287 837 [HL
3313 764 3591 818 πιστεύων
3623 764 3711 836 τῷ

2115 854 2256 926 Θεῷ,
2285 855 2527 928 ψεύστην
2562 857 2864 928 πεποίηκεν
2904 856 3090 921 αὐτὸν,
3132 856 3217 909 ὅτι
3246 855 3706 909 ούκ.ὲπίστευσεν

2115 948 2196 1011 εἰς
2226 947 2327 1018 τὴν
2362 947 2694 1019 μαρτυρίαν,
2723 948 2802 1020 ἢν.
2827 946 3255 1020 μεμαρτύρηκεν
3287 948 3417 1019 περὶ
3444 947 3541 1001 τοῦ
3569 948 3706 1001 Υἱοῦ

2114 1039 2301 1095 αὐτοῦ.
2317 1058 2335 1092 ι
2359 1040 2775 1113 Μβμαρτύρηκε-
2795 1041 2852 1094 δὲ
2883 1041 3006 1095 τίνα
3031 1040 3234 1112 τρόπον
3261 1042 3288 1094 6
3310 1040 3447 1105 Θεὸς
3472 1041 3569 1095 καὶ
3591 1042 3710 1095 [Ια-

2112 1130 2217 1203 τὴρ
2243 1131 2322 1203 τῶ
2347 1132 2483 1204 Υίῷ,
2507 1135 2760 1205 σαφηνιεῖ
2779 1134 2956 1202 λέγων
2979 1134 3007 1187 ὁ
3039 1132 3327 1196 Θεσπέσιος
3356 1135 3489 1203 ἡμῖν
3518 1133 3708 1187 Ἰωάν-

2112 1240 2211 1294 νης
2256 1226 2284 1278 6
2329 1225 2674 1296 Βατπιστήςσ
2713 1244 2732 1277 ‹
2760 1224 2935 1293 Κάγὼ
2975 1225 3076 1279 οὐκ
3112 1224 3261 1295 ⁴ξιπδειν
3309 1225 3497 1287 αὑτὸν,
3529 1225 3644 1280 ἀλλ’
3674 1228 3707 1279 6

2113 1315 2340 1387 πέμψας
2368 1334 2435 1388 με
2471 1316 2754 1388 βαπτίζειν
2782 1296 2964 1381 ῦδατι,
2990 1317 3199 1381 ἐκεῖνός
3233 1334 3324 1387 μοι
3354 1313 3542 1371 εἶπεν·
3581 1318 3703 1386 Ἐφ’

2111 1405 2171 1460 ὃν
2199 1405 2273 1461 ἂν
2307 1406 2422 1479 ίδῃς
2454 1407 2516 1461 τὸ
2548 1406 2777 1479 Πνεῦμα
2805 1408 3131 1463 καταϐαῖνον
3161 1408 3254 1461 καὶ
3286 1408 3447 1479 μένον
3480 1410 3565 1461 ἐπ’
3596 1412 3702 1463 αύ-

2110 1499 2225 1565 τδν,
2268 1492 2423 1565 οὗτός
2475 1501 2624 1556 ἐστιν
2666 1501 2695 1555 6
2729 1500 3009 1572 βαπτίζων
3058 1503 3116 1555 ὲν
3168 1500 3244 1572 τῷ
3293 1500 3572 1572 Πνεύματι
3620 1504 3711 1574 τῷ

2110 1590 2273 1663 ἁγίῳ.
2304 1592 2414 1645 Καὶ
2441 1592 2553 1662 ἐγὼ
2581 1592 2822 1665 ἑώρακα,
2855 1595 2948 1648 καὶ
2980 1593 3406 1667 μεμαρτύρηκα,
3434 1596 3516 1649 ὅτι
3540 1590 3703 1660 οὗτός

2110 1673 2259 1737 ἐστιν
2283 1683 2316 1736 6
2342 1683 2471 1747 Υἱὸς
2500 1683 2596 1737 τοῦ
2636 1684 2796 1739 Θεοῦ.
2828 1705 2846 1737 ι
2876 1686 3253 1757 Μαρτυρεῖται
3277 1686 3457 1739 τοίνυν
3484 1686 3580 1740 καὶ
3608 1687 3705 1740 διὰ

2111 1775 2210 1846 τῆς
2252 1774 2348 1828 τοῦ
2395 1775 2611 1847 Πατρδς
2662 1776 2861 1847 φωνῆς
2891 1777 2920 1829 6
2968 1775 3174 1847 Κύριος
3224 1776 3385 1846 ἡμῶν
3418 1777 3625 1848 Ἰησοῦς
3669 1782 3703 1832 ὁ

2112 1865 2367 1936 Χριστὸς,
2392 1867 2474 1919 ὅτι
2512 1866 2672 1937 φύσει
2697 1884 2759 1921 τε
2792 1867 2888 1922 καὶ
2919 1868 3061 1921 κατὰ
3092 1866 3354 1939 ἀλήθειαν
3386 1868 3513 1932 Υἱός
3548 1870 3704 1924 ἐστιν

2111 1958 2309 2013 αὑτοῦ·
2345 1962 2709 2032 μαρτυρεῖται
2734 1960 2793 2014 δὲ
2818 1960 2975 2014 οὐδὲν
2996 1954 3173 2029 ἦττον.
3188 1960 3285 2015 διά.
3302 1978 3363 2014 τε
3386 1961 3480 2015 τοῦ
3506 1961 3706 2027 ὓδατος

2114 2051 2206 2104 καὶ
2246 2049 2340 2103 τοῦ
2387 2052 2650 2121 αἵματος,
2699 2053 2795 2106 καὶ
2840 2052 2943 2108 τοῦ.
2971 2052 3316 2124 Πνεύματος.
3345 2054 3545 2108 ’Υδατι
3595 2056 3700 2126 μὲν

2111 2140 2191 2209 τῷ
2233 2141 2376 2213 ἁγίῳ
2402 2142 2696 2215 διασμήχει
2726 2144 2837 2197 τῶν
2867 2144 3232 2199 πιστευόντων
3258 2145 3359 2209 τὰς
3390 2146 3696 2218 ἁμαρτίας,

2119 2232 2379 2298 ζωοποιεῑ
2400 2234 2457 2287 δὲ
2490 2235 2579 2291 διὰ
2610 2234 2704 2289 τοῦ
2734 2236 2865 2290 ἰδίου
2901 2237 3133 2307 αἵματος
3164 2236 3264 2292 καὶ
3284 2237 3545 2291 συνάπτει
3576 2238 3703 2309 Θεῷ

2116 2326 2243 2390 τοὺς
2272 2328 2365 2380 ἐπὶ
2392 2328 2490 2397 τῆς
2520 2330 2643 2399 γῆς.
2684 2327 2900 2401 Ἐπειδὴ
2928 2328 2984 2382 δέ
3012 2330 3127 2382 ἐστι
3172 2328 3315 2383 κατὰ
3355 2329 3517 2398 φύσιν
3541 2330 3699 2397 Θεὸς,

2118 2418 2213 2471 καὶ
2232 2418 2331 2490 τὴν
2352 2417 2446 2472 τοῦ
2472 2419 2629 2488 ἁγίου
2656 2418 2969 2489 [Ινεύματὸς
2994 2418 3260 2491 χορηγίαν
3278 2424 3514 2476 ποιεῖται
3540 2422 3707 2476 πλου-

2120 2509 2271 2574 σίως,
2301 2510 2377 2574 ὡς
2406 2509 2535 2564 ἴδιον
2554 2511 2687 2564 αὐτὸ
2704 2514 2821 2575 ταῖς
2841 2511 2951 2565 τῶν
2969 2511 3337 2567 πιστευόντων
3360 2512 3566 2583 ὲκχέων
3587 2514 3704 2583 ψυ-

2115 2606 2238 2673 χαῖς
2268 2602 2418 2668 θείας
2444 2621 2506 2658 τε
2545 2603 2761 2673 φύσεως
2794 2603 3080 2668 κοινωνοὺς
3113 2603 3450 2672 ἀποφαίνων,
3481 2604 3576 2657 καὶ
3618 2607 3699 2676 τῇ

2112 2694 2233 2748 τῶν
2252 2696 2526 2767 ἐσομένων
2555 2696 2775 2766 ἀγαθῶν
2805 2695 2981 2749 ἑλπίδι
3013 2694 3315 2765 στεφανῶν.
3339 2696 3480 2750 Ἕνα
3508 2695 3701 2749 τοίνυν

2111 2785 2491 2859 ὁμολογοῦμεν
2507 2786 2634 2841 Υίδν
2663 2785 2898 2859 Χριστὸν
2929 2786 3137 2858 Ἰησοῦν
3164 2787 3261 2841 καὶ
3283 2786 3509 2859 Κύριον,
3536 2804 3702 2842 τουτ-

2111 2876 2251 2945 έστι,
2288 2878 2380 2933 τὸν
2408 2878 2505 2933 τοῦ
2543 2878 2681 2934 Θεοῦ
2721 2880 2896 2950 Λόγον
2929 2880 3435 2953 ὲνανθρωπήσαντα
3470 2881 3567 2936 καὶ
3598 2899 3700 2935 σσ-

2112 2969 2486 3043 σαρκωμένον,
2518 2972 2614 3026 xui.
2654 2971 2844 3028 τοῦτον
2880 2972 3311 3045 ἐσταυρωμένον,
3342 2974 3700 3044 καὶὲγηγιρο

435 3037 595 3112 μένον
620 3041 686 3096 ὲκ
715 3042 945 3113 νεκρῶν,
970 3044 1169 3116 ἥξοντα
1190 3063 1249 3101 τε
1283 3047 1427 3102 κατὰ
1450 3052 1677 3121 καιροὺς
1736 3055 1795 3107 ὲν
1826 3057 1893 3127 τῇ
1919 3055 2045 3130 δόξῃ
2080 3037 2344 3115 τοῦ-Θεοῦ
2375 3037 2478 3118 καὶή
2534 3063 2748 3136 Πατρὸς
2786 3064 2926 3135 μετὰ
2964 3037 3074 3118 τῶν
3101 3037 3273 3133 ἀίγίων
3297 3037 3704 3134 6779.65.66

432 3135 597 3192 αὑτοῦ
627 3155 687 3191 τε
713 3155 810 3194 και
834 3142 930 3196 σὺν
952 3140 1100 3214 αύτῷ
1122 3142 1198 3214 τῷ
1221 3141 1341 3214 Θεῷ
1366 3146 1459 3199 καὶ
1482 3146 1658 3219 Πατρὶ
1683 3149 1716 3219 ἡ
1743 3148 1869 3216 δόξα
1901 3153 1999 3207 σὺν
2037 3154 2177 3229 ἁγίῳ
2204 3157 2483 3232 Πνεύματι
2511 3160 2593 3223 είς
2620 3135 2747 3225 τοῦς
2775 3158 2997 3223 αἰῶνας.
3034 3158 3226 3230 Ἀμήν.

507 3284 552 3317 ¹⁸
580 3288 601 3347 ι
632 3290 789 3355 Jonn.
826 3310 876 3367 vi,
904 3296 1059 3355 5-10.
1139 3299 1182 3330 ¹⁸
1210 3297 1368 3377 Joan.
1408 3316 1444 3365 ι,
1473 3301 1563 3368 53,
1591 3304 1682 3371 54.
