4002 6192
260 279 356 336 253

1465 278 1576 336 DIA
1588 278 1820 338 LOGUS
1858 279 2004 337 CUM
2045 279 2412 338 NES‘I‘ORIO.

3471 283 3577 341 ειει

259 393 382 447 Τίνα
410 387 506 448 οῦν
533 391 758 458 ἐσθίεις
781 437 799 462 ,
829 395 1082 467 αίρετικέ
1109 413 1123 462 ;
1151 395 1252 464 τὴν
1291 396 1544 468 θεότητα,
1577 399 1608 468 ἢ
1651 399 1752 467 τὴν
1786 399 1862 454 ἀν-

1987 411 2124 456 trem
2155 400 2224 466 'f.
2285 402 2429 468 Quid
2462 417 2596 470 ergo
2639 403 2972 468 manduca,
3009 417 3042 458 ο
3089 400 3383 459 hteretice?
3436 400 3576 455 divi-

261 483 621 556 θρωπότητα;
657 486 788 540 Οὐκ
854 483 978 541 εἶπε
1031 487 1142 559 γὰρ
1185 488 1213 540 6
1245 489 1504 560 Χριστὸς,
1539 490 1596 544 ’0
1642 489 1874 560 τρώγων

264 594 359 648 μου
390 575 488 648 τὴν
520 575 804 650 θεότητα,
839 578 982 635 ἀλλὰ
1017 579 1154 650 ,Τὴν
1185 581 1385 652 σάρκα.

323 668 482 723 ΚΥΡ.
528 670 682 739 Ἐγὼ
746 673 862 743 μὲν
922 673 1104 727 τιίστει
1165 673 1568 746 μεταλαμϐάνει)
1621 677 1722 748 τὴν
1777 676 1873 730 τοῦ

257 760 516 824 ζωοποιοῦ
555 763 754 831 Λόγου
790 764 1175 829 ζωοποιοῦσαν
1216 765 1430 838 σάρκα·
1471 767 1596 822 ὅθεν
1628 771 1655 822 6
1681 768 1872 840 Σωτὴρ

257 850 383 921 ἔφη’
421 871 440 905 ι
487 851 556 908 0!
599 855 910 921 ἐσθίοντες
957 859 1022 911 ὲκ
1059 856 1251 911 τούτου
1301 858 1397 912 τοῦ
1448 858 1636 931 ἄρτου,
1676 861 1742 914 οὑ
1794 862 1872 934 μὴ

257 946 560 1013 γεύσωνται
593 948 857 1006 Θανάτου
897 953 980 1015 είς
1025 953 1117 1007 τὸν
1149 953 1325 1007 αίῶνα
1347 969 1360 981 ·
1403 973 1422 1005 ι
1459 955 1509 1007 οἱ
1543 955 1600 1009 δὲ
1635 955 1872 1022 ἀναξίως

264 1039 814 1110 μεταλαμϐάνοντες,
848 1044 935 1098 διὰ
959 1044 1060 1115 τῆς
1093 1045 1378 1109 ἀπειθείας
1418 1046 1796 1120 κριθήσονται.

331 1129 530 1185 ΝΕΣΤ.
565 1151 584 1183 ι
611 1133 845 1205 Κύριος
872 1135 1188 1189 ἀπέσταλκέ
1227 1154 1294 1207 με
1325 1136 1500 1189 καὶτὸ
1523 1139 1748 1210 Πνεῦμα
1776 1141 1872 1194 αὖ·

266 1223 389 1277 τοῦ·
444 1225 681 1296 Πνεῦμα
741 1228 963 1298 Κυρίου
1019 1228 1107 1282 ἐπ’
1157 1229 1278 1300 ἐμὲ,
1321 1223 1380 1283 οῦ
1427 1231 1637 1285 εἵνεκεν
1686 1231 1868 1302 ἔχρισὲ

273 1334 364 1388 με’
397 1337 416 1369 r
446 1319 542 1372 καὶ
591 1319 688 1373 δια
736 1321 906 1375 τοῦτό
933 1339 1134 1392 φησιν’
1177 1341 1194 1373 ι
1227 1324 1458 1394 Ἔχρισέ
1495 1342 1556 1378 σε
1590 1327 1618 1379 6
1644 1326 1801 1393 Θεὸς,
1840 1329 1868 1381 6

272 1410 391 1474 Θεός
421 1428 538 1475 σου,
566 1411 762 1466 ἔλαιον
817 1413 1197 1482 ἀγαλλιάσεως
1229 1416 1382 1486 παρὰ
1426 1417 1554 1480 τοὺς
1603 1419 1869 1489 μετόχους

273 1518 392 1557 σουο
440 1523 458 1555 ι
488 1504 602 1558 νόει
663 1501 770 1560 οὖν
818 1507 910 1560 τὸν
954 1506 1271 1578 χρισθέντα,
1318 1508 1573 1579 ὁμολόγει
1623 1509 1714 1564 τὸν
1750 1510 1870 1582 χρία

277 1613 451 1660 σαντα,
483 1599 579 1651 καὶ
611 1598 923 1670 προσ-κύνει
955 1600 1048 1653 τὸν
1081 1602 1208 1653 ναὸν
1241 1601 1328 1656 διὰ
1354 1602 1442 1654 τὸν
1461 1603 1520 1656 ἐν
1543 1603 1697 1675 αὐτῷ
1735 1623 1868 1660 κατ-

277 1705 535 1744 οικουντα.

1980 492 2226 557 nitatem,
2253 507 2320 546 an
2353 493 2908 549 ltumanitatent‘mon
2949 496 3095 550 enim
3122 491 3528 549 dixitChristus
3555 511 3570 548 :

1979 582 2079 650 Qui
2116 582 2409 639 manducat
2435 599 2609 639 meam
2633 585 2991 654 divinitatem,
3021 587 3140 650 sed,
3183 600 3426 640 carnem.

2047 673 2206 728 CVR.
2243 674 2354 743 Ego
2383 675 2486 730 {ide
2516 675 2719 742 recipio
2764 675 3090 729 viviﬁcantis
3123 671 3288 732 Verbi
3319 689 3567 730 carnem.

1976 765 2131 821 Unde
2156 764 2414 822 Servatur
2437 767 2547 820 ait:
2593 785 2611 818 ι
2645 765 2746 833 Qui
2787 765 3116 822 manducant
3160 782 3228 824 ex
3251 765 3371 821 ~hoc
3407 779 3567 836 parte,

1977 875 2080 914 non
2116 862 2408 932 gustabunt
2455 869 2687 914 mortem
2722 859 2774 913 in
2831 871 3095 914 :eternum
3132 859 3201 912 ".
3244 876 3263 911 ι
3294 857 3396 924 Qui
3437 873 3569 912 vero

1975 952 2191 1024 indigne
2259 960 2502 1016 sumunt,
2569 959 2791 1020 propter
2846 949 3288 1006 incredulitatem
3357 948 3568 1018 judica-

1975 1049 2197 1102 buntur.

2043 1137 2243 1193 NEST.
2282 1155 2299 1188 ι
2344 1137 2603 1190 Dominus
2633 1135 2780 1191 misit
2836 1149 2920 1188 me
2966 1140 3021 1187 et
3073 1133 3307 1204 Spiritus
3354 1131 3472 1200 ejus
3496 1133 3562 1187 '°.

1975 1229 2213 1298 Spiritus
2267 1227 2477 1282 Domini
2528 1239 2698 1296 super
2757 1241 2861 1290 me,
2926 1235 3146 1294 prepter
3205 1225 3346 1293 quod
3411 1223 3564 1278 unxit

1972 1321 2142 1374 me“.
2170 1337 2189 1370 ›
2221 1319 2448 1388 Ideoque
2478 1317 2611 1372 dixit
2641 1334 2654 1370 :
2695 1335 2714 1368 ι
2762 1316 2926 1371 Unxit
2952 1326 3003 1370 te
3051 1316 3210 1377 Dens,
3244 1316 3380 1370 Deus
3412 1323 3565 1380 tuus,

1972 1413 2092 1469 oleo
2123 1413 2320 1466 ltetitize
2371 1427 2480 1480 pra:
2516 1411 2862 1465 consortibus
2895 1410 3002 1464 tuis
3032 1410 3132 1462 ³⁸.)
3163 1409 3404 1480 Intelligo
3429 1425 3558 1480 ergo

1973 1515 2220 1565 unctum,
2241 1501 2500 1556 conﬁtere
2525 1510 2832 1569 ungentem,
2868 1501 3035 1554 adora
3056 1499 3312 1570 templum
3340 1509 3566 1570 propter

1973 1608 2097 1647 eum
2134 1592 2224 1661 qui
2261 1592 2313 1645 in
2341 1592 2456 1661 ipso
2496 1591 2726 1645 habitat.

347 1780 504 1834 ΚΥΡ.
546 1779 692 1850 Ἐγὼ
728 1783 796 1834 ἐκ
831 1781 1154 1852 Πνεῦματος
1191 1782 1348 1851 ἁγίου
1387 1784 1481 1838 καὶ
1506 1786 1728 1858 Μαρίας
1764 1789 1862 1860 τῆς

2037 1769 2199 1827 CVII.
2259 1770 2369 1840 Ego
2410 1785 2475 1824 ex
2512 1780 2702 1824 sancto
2752 1767 2956 1840 Spiritu
3007 1776 3060 1822 et
3110 1766 3282 1821 Maria
3340 1767 3561 1838 Virgine

285 1873 552 1944 Παρθένου
573 1875 672 1928 ἕνα
709 1875 842 1929 Υἱὸν
873 1875 939 1928 ὲκ
977 1875 1070 1929 δύο
1095 1876 1342 1946 ὁμολογῶ
1367 1895 1381 1910 ⁸
1417 1878 1510 1932 τὸν
1540 1880 1636 1934 ἕνα
1664 1882 1744 1946 εἰς
1771 1882 1865 1936 δύο

290 1966 347 2018 οὗ
381 1966 586 2038 διαιρῶ.

364 2054 553 2113 ΝΕΣΤ.
584 2061 706 2128 Πῶς
739 2061 964 2131 ἀγνοεῖν
1016 2060 1196 2130 λέγεις
1227 2062 1331 2134 τὴν.
1351 2062 1520 2136 ὥραν,
1557 2063 1624 2137 ἢν
1653 2067 1681 2120 6
1737 2067 1866 2131 Υίδς

305 2146 406 2201 ὀῦκ
432 2147 584 2219 οἶδεν,
625 2155 670 2206 εί
719 2154 800 2225 μὴ
847 2155 1010 2225 μόνος
1045 2157 1073 2208 6
1129 2157 1361 2228 Πατήρ;
1409 2160 1478 2212 Ἢ
1539 2159 1659 2225 πῶς
1708 2159 1864 2226 εἰδὼς

323 2241 551 2310 ἀρνεῖται
579 2243 707 2316 loud.
751 2246 1030 2320 ἄρχεται];
1066 2250 1134 2302 Ἣ
1167 2250 1242 2320 μὴ
1287 2250 1464 2316 εἰδὼς,
1506 2252 1624 2316 πῶς
1657 2247 1862 2326 ἐκλήθη

327 2334 485 2402 σοφία
533 2337 613 2388 καὶ
657 2338 875 2408 δύναμις
919 2340 1059 2393 Θεοῦ
1115 2342 1143 2394 6
1191 2345 1292 2414 τῆς
1344 2343 1570 2412 ἀγνοίας
1621 2346 1886 2417 μετέχων,

330 2423 471 2495 (σεδ.
506 2427 590 2480 τὸν
616 2430 1146 2504 ἀγνοίαςμετέχοπα
1173 2434 1404 2506 τόπονη

374 2605 535 2661 ΚΥΡ.
562 2610 674 2663 Οὐκ
725 2613 906 2679 ἀγνοεῖ
933 2613 1104 2676 ὁΥἰὸς
1143 2614 1236 2667 τοῦ
1283 2615 1430 2668 Θεοῦ.
1451 2615 1549 2687 τὴν
1585 2614 1758 2690 ὥραν,
1793 2615 1863 2669 τὰ

297 2695 468 2750 πάντα
497 2698 650 2764 εἰδὼς
693 2703 785 2754 καὶ
814 2703 948 2773 ἔχων
977 2707 1034 2758 ὲν
1069 2706 1247 2777 ἑαυτῴ
1279 2707 1370 2760 τὸν
1395 2708 1639 2780 Πατέρα,
1680 2707 1863 2772 καθὼς

291 2788 445 2851 αὐτὸς
470 2784 617 2844 εἶπεν
642 2808 656 2820 ·
698 2812 717 2844 ι
756 2795 945 2859 Οὐδεὶς
977 2797 1236 2866 γινώσκει
1266 2800 1357 2854 τὸν
1385 2801 1628 2870 Πατέρα,
1659 2802 1712 2855 εί.
1735 2802 1810 2873 μὴ
1835 2804 1862 2855 6

290 2877 444 2944 Υἱός·
493 2901 510 2933 ι
548 2886 709 2956 μόνος
737 2879 838 2959 τὴν
887 2889 1049 2957 φύσιν
1075 2890 1169 2944 τοῦ
1214 2892 1429 2962 Πατρός
1456 2893 1715 2962 γινώσκει
1762 2893 1871 2963 τὴν

289 2976 387 3044 πρὸ
414 2977 648 3057 πάντων,
684 2981 777 3034 καὶ
816 2982 880 3035 τὸ
905 2983 1061 3046 τέλος
1087 2983 1184 3040 τοῦ
1229 2985 1426 3050 αἰῶνος
1454 2987 1648 3056 ἀγνοεῖ
1673 2988 1704 3040 6
1734 2987 1861 3054 Υἱὸς

283 3066 370 3119 τοῦ
397 3067 566 3129 Θεοῦ;
623 3072 712 3129 Μὴ
749 3073 964 3129 γένοιτο
983 3091 997 3105 ο
1033 3075 1147 3129 ἀλλ’
1177 3077 1364 3129 ἀγνοεῖ
1397 3076 1496 3129 μὲν
1526 3079 1554 3129 ὁ
1595 3077 1738 3129 κατὰ
1764 3077 1856 3129 νά-

551 3087 566 3134 ;
623 3076 713 3143 Μὴ
749 3076 997 3141 γένοιτοο
1033 3076 1147 3129 ἀλλ’
1177 3077 1364 3144 ἀγνοεῖ
1396 3076 1496 3148 μὲν
1526 3079 1554 3130 ὁ
1595 3077 1738 3132 κατὰ
1764 3077 1856 3148 χά·

579 3165 638 3218 οὐ
687 3165 870 3235 μέντοι
905 3183 970 3234 γε
1018 3170 1046 3222 6
1082 3168 1223 3223 κατὰ
1254 3168 1450 3238 φύσιν·
1505 3169 1648 3230 κατὰ
1698 3170 1861 3238 χάριν

1990 3085 2016 3124 s
2060 3076 2149 3136 qui
2185 3076 2484 3120 secundum
2520 3076 2748 3131 gratiam
2777 3076 2863 3112 est
2919 3076 3085 3120 Iulus,
3144 3076 3250 3109 nou
3313 3076 3555 3120 μι-υισυιυ

1991 3160 2060 3215 Ile
2112 3158 2212 3238 qui
2235 3153 2537 3211 secundum
2584 3161 2879 3222 naturam.
2904 3147 3076 3204 Porro
3107 3144 3400 3201 secundum
3427 3156 3555 3212 gra-

288 3179 366 3234 ριν
394 3162 539 3230 Υἱὸς,
579 3165 638 3218 οὐ
687 3165 870 3235 μέντοι
905 3183 970 3234 γε
1018 3170 1046 3222 6
1082 3168 1223 3223 κατὰ
1254 3168 1450 3238 φύσιν·
1505 3169 1648 3230 κατὰ
1698 3170 1861 3242 χάριν

281 3251 431 3323 ἡμεῖς
461 3257 631 3326 ἐσμεν
674 3256 1002 3325 ἀγνοοῦντες
1039 3258 1100 3311 τὸ
1137 3261 1268 3325 πᾶν,
1293 3261 1389 3313 καὶ
1431 3260 1599 3332 μηδὲν
1634 3261 1862 3316 ἐπιστά-

282 3364 417 3417 μενοι
450 3350 585 3420 περὶ
616 3350 684 3404 τὰ
713 3351 840 3420 τέλη
862 3351 963 3405 τοῦ
984 3352 1200 3417 αἰῶνος.

341 3437 546 3495 ΝΕΣΤ.
570 3441 820 3506 Φυσικῶς
852 3442 1130 3514 πεινῶμεν
1156 3444 1250 3498 καὶ
1273 3443 1519 3517 διψῶμεν
1543 3447 1638 3500 καὶ⁵
1663 3446 1862 3501 καθεύ-

277 3524 448 3598 δομεν,
492 3530 554 3582 οὐ
580 3530 775 3603 γνώμῃ
810 3531 970 3586 τοῦτο
1004 3534 1328 3604 πάσχοντες,
1368 3535 1488 3609 ἀλλί
1512 3536 1730 3609 ἀνάγκῃ
1760 3537 1862 3608 φύ-

279 3635 405 3686 αξως
454 3622 845 3693 ὑποκείμενον
880 3624 933 3678 τί
963 3619 1095 3692 οὖν;
1127 3600 1488 3699 εὑρεθήσεταί
1537 3627 1668 3692 Θεὸς
1694 3630 1862 3698 ἀναγ-

278 3716 555 3778 naturai;
587 3715 774 3786 νόμοις
801 3716 1202 3793 ἐξακολουθῶν;
1237 3719 1330 3791 Μὴ
1353 3719 1586 3788 γένοιτο.

338 3806 514 3862 ΚΥΡ.
551 3807 742 3878 Ἡμεῖς
772 3809 870 3881 μὲν
910 3810 1155 3877 φυσικῶς
1183 3811 1458 3882 πεινῶμεν
1497 3812 1592 3866 καὶ
1618 3811 1860 3884 διψῶμεν

275 3901 359 3955 καὶ
388 3899 760 3972 καθεύῥομεν,
781 3904 841 3956 οὐ
862 3903 1080 3975 γνώμῃ,
1107 3903 1224 3957 ἀλλ’
1253 3903 1471 3989 ἀνάγκῃ
1499 3903 1716 3974 φύσεως
1743 3905 1860 3958 δου-

275 3991 520 4057 λεύοντες
545 4011 558 4022 ·
606 3995 765 4058 αὐτὸς
803 3995 860 4052 δὲ
909 3996 1013 4051 οὐκ
1041 3995 1277 4071 ἀνάγκῃ,
1315 3995 1454 4049 ἀλλὰ
1498 3995 1727 4069 γνώμῃ·
1765 3997 1861 4050 καὶ

275 4085 376 4157 γὰρ
410 4087 481 4140 ὲκ
510 4087 672 4138 πέντε
709 4087 890 4158 ἄρτων
915 4089 1389 4162 πεντακισχιλίους
1417 4090 1734 4160 ὲχόρτασεν,
1764 4088 1860 4141 καί

274 4178 328 4245 ἐξ
359 4179 510 4237 ἑπτὰ,
534 4178 699 4234 πάλιν
727 4180 1201 4250 τετρακισχιλίους
1223 4198 1236 4211 ·
1270 4180 1432 4245 αὐτὸς
1469 4175 1623 4234 εἶπεν
1649 4198 1663 4212 ·
1695 4199 1714 4233 r
1751 4179 1858 4233 Οὑ-

270 4274 378 4336 6a);
415 4271 690 4353 λαμᾶάνει
717 4273 818 4346 τὴν
854 4271 1036 4343 ψυχήν
1083 4289 1186 4343 μου
1235 4275 1331 4328 ἀπ’
1362 4273 1520 4342 ἐμοῦ,
1564 4272 1680 4328 ἀλλ’
1730 4273 1862 4327 ὅταν

273 4363 413 4418 θέλω
449 4363 717 4436 λαμσάνω
738 4365 938 4435 αὐτήν·
979 4381 998 4415 ι
1027 4363 1204 4427 οὐδεὶς
1229 4364 1286 4417 δὲ
1319 4363 1606 4437 ἄνθρωπος
1635 4363 1860 4420 δύναται

269 4456 428 4514 τοῦτο
470 4458 721 4530 ποιῆσαι,
754 4460 803 4515 εἰ
835 4457 914 4529 μὴ
939 4457 970 4510 6
995 4458 1158 4527 μόνος
1183 4457 1447 4528 Χριστός.

343 4725 549 4782 ΝΕΣΤ.
591 4725 789 4795 Δέγεις
821 4725 907 4780 ὅτι
955 4723 1158 4780 ἔπαθεν
1203 4727 1232 4780 6
1268 4725 1438 4791 Υἱόςς
1470 4724 1712 4780 Ἔπαθεν
1765 4723 1860 4779 οὖν

273 4818 366 4872 καὶ
389 4821 419 4873 6
451 4818 646 4890 Πατήρ
665 4833 678 4847 ’
717 4819 768 4872 εί
789 4817 848 4872 δὲ
871 4817 1052 4887 λέγεις
1093 4819 1176 4872 ὅτι
1203 4819 1232 4871 6
1261 4817 1451 4890 Πατὴρ
1489 4819 1589 4872 οὐκ
1633 4818 1857 4885 ἔπαθεν,

274 4912 611 4984 ἐτεροούσιον
641 4911 806 4966 αὐτοῦ
837 4912 1147 4982 πεποίηκας
1167 4911 1260 4965 τὸν
1285 4911 1435 4966 Υίόν.
1683 4893 1688 4901 ’

341 5003 504 5056 ΚΥΡ.
549 5003 688 5056 Οῦτε
738 5001 831 5056 τὸν
864 5001 1086 5075 Πατέρα
1126 5003 1271 5072 λέγω
1303 5002 1567 5075 παθητὸν,
1606 5001 1731 5056 οὒτε
1763 5001 1854 5056 τὸν

276 5094 400 5148 Tim
431 5095 616 5166 ἀπαθῆ
643 5112 656 5127 ο
685 5096 801 5150 ἀλλ’
819 5098 1027 5160 ἀπαθὲς
1051 5097 1154 5168 μὲν
1183 5097 1244 5150 τὸ
1269 5096 1446 5162 Θείον,
1471 5097 1555 5150 ὅτι
1585 5097 1681 5150 καὶ
1705 5095 1853 5150 ἀσώ-

282 5202 443 5256 ματον
470 5205 482 5217 ο
511 5186 756 5258 παθητὸς
785 5186 844 5239 δὲ
872 5187 901 5239 6
930 5185 1134 5258 Κύριος
1166 5185 1255 5240 διὰ
1280 5185 1379 5257 τὴν
1413 5185 1613 5259 σάρκα.

342 5362 542 5418 ΝΕΣΤ.
590 5362 733 5432 Ἐγὼ
758 5365 818 5417 οὐ
851 5364 997 5434 λέγω
1015 5363 1109 5418 τὸν
1127 5363 1300 5432 Λόγον
1332 5363 1513 5435 σάρκα
1538 5362 1852 5434 γενόμενον,

275 5453 392 5507 οὐδὲ
427 5455 668 5510 παθόντα
691 5476 704 5487 ·
739 5456 952 5523 ἀπαθὲς
978 5457 1087 5530 γὰρ
1109 5456 1171 5514 τὸ
1194 5457 1369 5521 Θεῖον,
1390 5456 1484 5508 καὶ
1508 5454 1698 5508 παθῶν
1720 5454 1854 5508 ἀνώ-

341 5661 387 5690 ²⁶
419 5658 577 5718 Joan.
603 5675 679 5721 vr,
711 5660 800 5715 57.
873 5663 920 5694 ²⁹
945 5660 1098 5718 Joan.
1129 5680 1201 5726 vr,
1235 5663 1321 5720 59.
1403 5662 1448 5693 ³⁰
1478 5661 1581 5716 Isa.
1610 5677 1798 5723 XLVIII,
1833 5659 1917 5715 I6.
1993 5660 2035 5692 "
2076 5658 2180 5715 Isa.
2209 5676 2320 5724 LXI,
2354 5659 2374 5713 'I
2418 5676 2432 5723 ;
2465 5657 2596 5713 Luc.
2635 5674 2707 5720 tv,
2761 5658 2843 5713 I8.

275 5730 437 5789 Marc.
480 5747 598 5800 xm,
630 5731 719 5786 32.
799 5732 842 5764 ”
869 5731 1026 5789 Joan.
1060 5751 1110 5802 tt,
1143 5733 1231 5789 '58.
1283 5733 1358 5790 ,.³³
1388 5731 1576 5789 Matth.
1613 5749 1685 5798 ιιι,
1718 5733 1808 5785 27.

1984 5729 2127 5786 dare.
2159 5746 2232 5794 VI.
2271 5730 2358 5787 Il.
2437 5731 2479 5763 ³⁷
2508 5729 2694 5786 Matth.
2725 5745 2816 5794 xv,
2850 5727 2940 5784 5G.

1972 1881 2135 1918 unum
2193 1863 2388 1918 Filium
2424 1877 2491 1916 ex
2548 1861 2760 1916 duobus
2813 1859 3098 1915 conﬁteor.
3134 1857 3310 1912 Unum
3339 1859 3389 1912 in
3422 1859 3560 1914 duos

1970 1973 2075 2011 non
2115 1955 2314 2010 divido.

2039 2046 2238 2100 NEST.
2280 2046 2560 2116 Quomodo
2595 2040 2814 2116 (illum)
2846 2041 3096 2112 ignorare
3149 2041 3287 2096 dicis
3335 2041 3554 2102 horam,

1967 2155 2129 2208 quam
2195 2155 2385 2207 reapse
2436 2138 2606 2192 Filius
2666 2134 2915 2201 nescivit,
2961 2134 3128 2187 Pater
3172 2142 3355 2188 autem
3407 2135 3555 2188 Solus

1967 2231 2122 2284 scivit
2149 2229 2238 2284 ‘3?
2283 2231 2387 2283 Aut
2420 2229 2712 2298 quomodo,
2759 2227 2806 2281 si
2833 2225 3000 2280 Filius
3026 2223 3207 2291 scivit,
3232 2225 3282 2278 id
3312 2223 3559 2294 negavit?

1971 2321 2063 2375 Vel
2094 2323 2138 2377 si
2187 2337 2374 2377 revera
2418 2322 2669 2384 nescivit,
2709 2317 2980 2389 quomodo
3021 2316 3319 2384 appellatus
3353 2321 3436 2370 est
3462 2331 3546 2369 suo

1967 2414 2166 2480 pientia
2201 2429 2265 2468 ac
2291 2415 2462 2467 virtus
2496 2413 2612 2476 Dei,
2642 2411 2687 2464 is
2716 2409 2806 2479 qui
2826 2405 3056 2462 inscitia:
3075 2417 3285 2474 partem
3317 2406 3554 2476 aliquam

1967 2504 2196 2559 habuit?

2044 2601 2205 2660 CYR.
2245 2599 2361 2654 Non
2403 2601 2616 2668 ignorat
2643 2596 2735 2651 Dei
2775 2595 2943 2650 Filius
2983 2595 3170 2649 horam
3197 2632 3210 2656 ,
3243 2590 3334 2660 qui
3365 2589 3554 2643 omnia

1967 2699 2118 2755 novit
2145 2695 2418 2764 habetque
2441 2691 2492 2745 in
2543 2706 2601 2745 se
2643 2691 2758 2759 ipso
2800 2689 3016 2742 Patrem
3045 2686 3112 2749 “,
3165 2695 3224 2739 ut
3271 2683 3386 2752 ipse
3430 2682 3551 2736 ait:

1970 2811 1987 2844 ι
2019 2790 2189 2845 Nemo
2218 2787 2366 2842 novit
2395 2785 2609 2839 Patrem
2637 2779 3016 2836 nisiFilius”.
3058 2799 3076 2832 ι
3121 2776 3279 2832 Solus
3312 2776 3428 2845 ipse
3453 2788 3554 2828 na-

1965 2895 2140 2938 turam
2167 2880 2346 2934 Patris
2381 2877 2663 2947 cognoscit
2719 2891 2838 2945 quae
2875 2884 2958 2931 est
2984 2884 3109 2928 ante
3134 2869 3342 2935 omnia,
3373 2865 3554 2922 steculi

1966 2990 2092 3031 vero
2121 2973 2277 3028 ﬁnem
2303 2968 2474 3024 Filius
2496 2969 2585 3022 Dei
2615 2965 2872 3036 ignorat?
2898 2963 3090 3018 Absit!
3119 2963 3340 3031 Ignorat
3369 2957 3556 3026 utique

1967 3069 2016 3124 is
2060 3066 2149 3136 qui
2185 3062 2484 3120 secundum
2520 3061 2748 3131 gratiam
2777 3065 2863 3112 est
2919 3055 3085 3120 Illius,
3144 3069 3250 3109 non
3312 3049 3556 3120 profecto

1971 3253 2102 3307 tiam
2139 3233 2238 3304 nos
2277 3259 2494 3309 sumus,
2516 3245 2606 3314 qui
2656 3241 2899 3296 funditus
2945 3240 3281 3310 ignoramus,
3316 3233 3557 3304 nihilque

1923 3399 1932 3408 κ
1969 3345 2036 3400 ad
2079 3343 2238 3398 linem
2257 3337 2438 3396 seculi
2461 3336 2739 3407 pertinens
2778 3333 3007 3389 scimus.

2039 3433 2244 3491 NEST.
2277 3428 2612 3498 Naturaliter
2643 3425 2944 3503 esurimus,
2962 3423 3202 3485 sitimus,
3239 3429 3403 3491 atque
3430 3417 3558 3472 dur-

1971 3528 2190 3592 mimus,
2251 3523 2396 3580 haud
2449 3520 2747 3576 deliberate
2800 3518 2853 3572 id
2906 3524 3148 3588 agentes,
3201 3513 3298 3568 sed
3350 3520 3558 3566 naturae

1971 3619 2296 3677 necessitate
2323 3625 2574 3686 cogente.
2601 3611 2743 3678 Quid
2787 3624 2915 3680 ergo
2937 3610 2968 3663 ?'
2990 3607 3129 3662 Num
3156 3606 3298 3660 Deus
3336 3618 3557 3672 compo-

1971 3714 2144 3768 rietur
2177 3707 2500 3778 cogentibus
2535 3703 2744 3774 legibus
2775 3699 3199 3772 obtemperare?
3228 3697 3417 3753 Absit!

2038 3800 2201 3860 CVR.
2235 3801 2342 3855 Nos
2359 3797 2577 3870 quidem
2623 3794 2948 3850 naturaliter
2988 3793 3280 3855 esurimus,
3317 3789 3555 3856 sitimus,
3647 3787 3649 3792 ’

1968 3908 2127 3965 atque
2156 3892 2477 3954 dormimus,
2517 3904 2622 3942 non
2649 3898 2860 3956 sponte,
2883 3885 2979 3939 sed
3008 3893 3219 3938 natura:
3242 3878 3556 3936 necessitati

1969 3981 2447 4052 servienteszipse
2501 3993 2633 4034 vero
2679 3992 2785 4031 non
2831 3983 3086 4038 coactus,
3119 3973 3214 4027 sed
3259 3980 3452 4040 sponte
3504 3969 3555 4022 id

1968 4074 2372 4145 experiebatur.
2408 4069 2554 4126 Idem
2591 4069 2792 4138 quippe
2822 4074 2906 4120 est
2937 4065 3030 4145 qui
3066 4065 3307 4133 quinque
3325 4057 3557 4128 panibus

1967 4162 2205 4233 quinque
2264 4158 2431 4214 millia
2494 4157 2772 4213 hominum
2837 4153 3103 4209 saturavit
3133 4149 3197 4215 ³⁵,
3251 4159 3304 4206 et
3359 4163 3551 4204 rursus

1967 4264 2172 4325 septem
2220 4252 2449 4324 panibus
2514 4249 2680 4305 millia
2747 4254 2981 4320 quatuor
3010 4245 3080 4299 ³⁷.
3146 4243 3291 4298 Idem
3345 4240 3483 4296 dixit
3535 4255 3554 4295 :

1974 4367 1992 4399 ι
2033 4343 2205 4403 Nemo
2227 4344 2368 4400 tollit
2413 4343 2650 4398 animam
2685 4356 2861 4397 meam
2890 4355 2918 4395 a
2951 4351 3058 4404 me,
3083 4336 3201 4402 sed,
3243 4349 3366 4391 cum
3411 4330 3555 4397 volo,

1967 4453 2089 4493 eam
2147 4443 2396 4508 pono;et
2453 4448 2669 4498 rursus,
2705 4447 2828 4489 cum
2878 4430 3024 4496 volo,
3071 4443 3229 4484 sumo
3281 4440 3400 4482 eam
3432 4423 3500 4478 ³⁸.
3532 4440 3554 4476 ι
3655 4499 3660 4502 γ

1967 4529 2160 4584 Nullus
2208 4539 2388 4583 autem
2444 4527 2550 4582 hoc
2591 4540 2754 4598 agere
2807 4533 2986 4596 potest
3027 4523 3211 4587 homo,
3263 4519 3367 4575 nisi
3419 4531 3558 4574 unus

1965 4621 2238 4676 Christus.
2392 4681 2401 4694 .

2041 4709 2242 4766 NEST.
2294 4708 2391 4766 Ais
2435 4707 2632 4764 Filium
2663 4720 2883 4778 passum
2926 4701 3321 4760 esseiPassus
3375 4699 3561 4768 itaque

1965 4803 2126 4857 etiam
2153 4801 2314 4855 Pater
2347 4808 2452 4854 est.
2478 4797 2631 4865 Quod
2654 4797 2699 4853 si
2731 4810 2892 4866 negas
2917 4795 3135 4849 Patrem
3158 4807 3279 4847 esse
3297 4802 3553 4858 passum,

1967 4897 2196 4950 diversae
2226 4893 2294 4948 ab
2317 4907 2382 4948 eo
2407 4891 2726 4946 substantia:
2763 4888 2963 4943 Filium
2998 4900 3120 4940 esse
3151 4883 3372 4940 asseris.

2036 4987 2198 5043 CVR.
2230 4984 2419 5054 Neque
2463 4983 2678 5038 Patrem
2713 4980 3024 5052 passibilem
3057 4979 3204 5039 dico,
3239 4988 3417 5044 neque
3462 4971 3556 5025 Fi-

1962 5079 2090 5134 lium
2118 5076 2504 5150 impassibilem
2533 5094 2547 5130 :
2584 5076 2679 5131 sed
2705 5070 3053 5143 itnpassibilis
3092 5067 3390 5133 estdeitas,
3425 5067 3553 5138 quia

1961 5173 2319 5243 incorporea;
2357 5167 2630 5239 passibilis
2675 5181 2802 5221 vero
2849 5162 3112 5216 Dominus
3162 5168 3387 5231 propter
3431 5173 3557 5243 care

1961 5281 2104 5319 nem.
3543 5241 3546 5244 ἥ

2025 5354 2228 5411 NEST.
2261 5355 2372 5426 Ego
2401 5369 2505 5408 non
2530 5351 2618 5406 aio
2644 5349 2883 5405 Verbum
2911 5347 3118 5404 factum
3158 5361 3279 5404 esse
3300 5360 3546 5404 carnem.

1961 5462 2135 5517 neque
2189 5462 2454 5518 passum;
2489 5452 2574 5499 est
2627 5440 2770 5500 enim
2833 5439 3189 5511 impassibilis
3238 5437 3452 5503 deitas;
3493 5445 3549 5490 et

2938 5658 2982 5690 ³⁸
3008 5654 3154 5713 Psal.
3194 5667 3339 5714 Iuv,
3375 5649 3465 5703 28.
3499 5647 3546 5680 ⁸⁸

3043 5726 3087 5758 ⁸⁸
3118 5726 3274 5781 Joan.
3321 5739 3374 5785 τι,
3417 5721 3487 5775 I8.
