4002 6192
394 254 497 330 απ

1403 276 1461 332 8.
1503 276 1778 333 CYRILLI
1818 278 2287 345 ALEXANDRINI
2331 286 2655 343 ARCHIEP.

3563 289 3664 344 εδδ

393 390 642 460 superior
661 388 879 445 cuilibet
899 389 1137 458 passioni
1165 400 1269 457 est,
1296 407 1380 449 res
1412 394 1780 465 impassibilis.
1809 398 1973 452 Porro

2078 419 2237 473 τερος
2273 405 2301 457 ὁ
2326 404 2573 476 ἀπαθήςο
2608 403 2832 476 παθητὴ
2878 402 2936 458 δι
2968 405 3103 477 σάρξ
3135 405 3229 457 καὶ
3258 400 3425 475 θνητὴ
3456 402 3669 473 ἀνθρωο

394 481 664 551 passibilis
698 490 781 535 est
804 496 951 547 caro,
979 491 1033 537 et
1066 482 1308 538 mortalis
1350 483 1584 540 humana
1610 495 1828 541 natura.

460 570 978 629 CYR.Cnutitemur
1034 590 1133 630 nos
1176 590 1391 645 quoque
1435 576 1826 647 impassibilem
1856 594 1977 636 esse

391 663 646 719 deitatem
680 679 695 730 ;
728 664 822 719 sed
845 674 1026 722 tamen
1073 667 1125 719 in
1175 681 1342 721 carne
1397 668 1705 737 passionem
1740 672 1975 739 excepit.

2080 496 2212 549 πίνη
2245 494 2427 549 φύσις.

2128 496 2175 545 ίν
2300 496 2313 510 ’
2385 513 2427 549 ⁸.

2152 512 2763 652 ΙὲΥἷῗσξΘμολογοῦμεν
2797 582 2891 635 καὶ
2935 582 3097 652 ἡμεῖς
3128 582 3341 647 ἀπαθὲς
3379 582 3440 637 τὸ
3488 584 3666 645 Θεῑον,

2076 673 2165 727 διὰ
2197 674 2255 727 δὲ
2287 674 2388 744 τῆς
2437 674 2639 746 σαρκὸς
2684 674 3008 739 κατεδέξατο
3056 676 3228 739 πάθος
3253 692 3268 705 ·
3312 675 3455 736 ὃθεν.
3487 697 3504 728 ι
3537 678 3671 748 Χρι-

398 754 548 810 Unde
572 756 699 810 illud
730 775 743 811 :
775 776 794 808 ι
832 758 1049 811 Christo
1080 773 1177 828 pro
1208 760 1364 815 nobis
1390 760 1441 814 in
1475 776 1639 816 carne
1672 763 1913 832 passo”.
1948 782 1967 816 ι

2078 765 2206 819 στοῦ
2246 766 2511 830 παθόντος
2558 768 2721 838 σαρκὶ¹
2752 766 2892 837 ὑπὲρ
2942 766 3097 838 ἡμῶν
3123 784 3137 799 ο
3176 787 3192 819 ι
3230 766 3291 820 τὸ
3319 767 3399 831 δὲ,
3424 768 3666 845 Χριστὸς

393 846 591 900 Christi

654 856 832 901 autem
872 849 1193 903 vocabulum
1257 850 1399 905 haud
1451 851 1688 905 alienum
1728 852 1838 907 Deo
1866 863 1969 909 est.

396 936 684 1005 Apostolus
736 938 882 992 enim
933 938 1132 994 Paulus
1176 940 1347 995 dicit:
1388 960 1407 994 ι
1457 942 1532 996 Ex
1571 944 1768 1013 quibus
1819 944 1979 999 Chri-

2074 858 2175 911 ούκ
2207 857 2487 927 ἀλλότριον
2530 858 2664 912 Θεοῦ
2707 859 2879 929 ὄνομα
2900 875 2913 887 ·
2941 859 2970 911 ὁ
3002 859 3111 931 γὰρ
3133 860 3433 923 ἀπόστολος
3460 860 3669 943 uuam;

2088 964 2304 1018 φησιν’(
2339 948 2429 1013 Ἐξ
2459 943 2533 1002 ὧν
2562 950 2589 1002 ό
2616 949 2865 1021 Χριστὸς,
2893 950 2922 1003 ό
2952 949 3027 1002 ῶν
3052 952 3143 1004 ἐπὶ
3167 952 3384 1005 πάντων
3410 951 3541 1015 Θεὸς
3570 952 3664 1005 εύο

398 1037 536 1091 stus,
601 1026 694 1094 qui
755 1037 840 1082 est
892 1045 1056 1100 super
1109 1034 1293 1088 omnia
1350 1031 1491 1090 Deus
1556 1036 1872 1093 benedictus
1924 1037 1973 1091 in

2085 1038 2312 1109 λογητδς
2341 1041 2421 1103 εἰς
2448 1041 2575 1105 τοὺς
2605 1041 2830 1104 αἰῶνας.
2873 1042 3069 1114 Ἀμήν.
3094 1062 3111 1096 ι

398 1116 593 1170 saecula
619 1117 683 1170 “.
712 1118 903 1175 Amen.
957 1142 976 1173 ι

2996 1252 3055 1275 ο-

407 1329 3657 1384 %

696 1506 1096 1699 ΤΟΥ
1196 1501 1776 1641 ΑΥΤΟΥ
1854 1503 2378 1641 ΑΡΙοΥ
2456 1508 3320 1648 ΚΥΡΙΛΑΟΥ

1447 1741 2020 1797 ΑΡΧιΕΠιΣΚΟΠΟΥ
2055 1740 2579 1796 ΑΛΕΞΑΝΔΡΕΙΔΣ

1840 1906 2210 1993 ΛΟΓΟΣ

549 2090 720 2141 ΚΔΙἈ
768 2088 899 2142 NN
937 2088 1049 2143 ΜΗ
1081 2089 1593 2144 ΒΟΥΛΟΜΕΝΩΝ
1628 2090 2070 2144 ΟΜΟΛΟΓΕΙΝ
2112 2091 2491 2145 ΘΕΟΤΟΚΟΝ
2528 2090 2673 2145 ΤΗΝ
2704 2093 2805 2146 ΑΓ
2806 2093 2944 2147 IAN
2977 2093 3369 2148 ΠΑΡΘΕΝΟΝ

1073 2420 1706 2537 EJUSDEM
1802 2423 2321 2538 SANCTI
2406 2421 2993 2537 CYRILLI

1530 2640 2052 2701 ARCIllEPlSCOPl
2092 2642 2567 2700 ALEXANDRlNl

635 3009 1027 3070 ADVERSUS
1078 3008 1466 3071 NOLENTES
1515 3011 1920 3073 CONFITERI
1969 3011 2320 3073 SANCTAM
2372 3008 2755 3072 VIRGINEM
2798 3010 2979 3072 ESSE
3028 3010 3441 3074 DEIPARAM.

700 3182 849 3245 (Ang.
875 3182 989 3243 Mn,
1017 3181 1142 3233 Bibl.
1200 3194 1325 3233 nova
1360 3184 1468 3230 PP.
1508 3181 1568 3240 ll,
1597 3181 1675 3241 75,
1713 3194 1775 3230 ex
1824 3181 1933 3231 cod.
1968 3180 2079 3231 Vat.
2105 3180 2147 3231 Δ
2178 3180 2310 3241 1451,
2335 3179 2363 3228 f.
2396 3178 2500 3241 l3l,
2531 3185 2585 3231 et
2610 3180 2716 3230 cod.
2757 3179 2922 3231 Ottob.
2954 3181 2993 3229 B
3020 3181 3099 3241 30,
3143 3180 3175 3229 f.
3201 3179 3333 3243 566.)

466 3481 655 3554 lui:
695 3481 748 3536 1.
788 3480 991 3537 Norunt
1016 3483 1207 3539 medici
1239 3484 1593 3554 praecaveutia
1625 3484 1837 3540 morbos
1868 3483 1963 3537 atl-

2136 3488 2204 3535 α’.
2240 3482 2448 3534 Ἴσασιν
2468 3477 2667 3549 ἰατρῶν
2690 3477 2874 3541 παῖδες
2896 3475 3313 3547 προφυλακτικὰ
3334 3475 3444 3529 τῶν
3466 3475 3661 3530 παθῶν

390 3570 622 3641 jutoria;
683 3573 881 3628 etenim
939 3575 1136 3643 praavia
1190 3584 1307 3629 arte
1352 3583 1602 3630 avertunt
1656 3575 1971 3645 impendens

395 3665 671 3731 damnum,
705 3674 757 3719 et
794 3663 1129 3719 diversarum
1157 3666 1547 3721 medicinarum
1580 3666 1972 3736 compositione

395 3756 707 3810 morborum
743 3756 963 3811 vincunt
994 3759 1278 3812 smvitiam.
1316 3758 1627 3814 Praevident
1672 3759 1833 3813 etiam
1869 3772 1971 3827 gu-

394 3848 709 3903 bernalures
754 3863 1125 3917 saepenumero
1171 3860 1454 3905 ventorum
1506 3849 1830 3906 mutationes
1874 3866 1972 3906 usu

393 3941 592 4005 edocti,
636 3948 690 3994 et
736 3940 988 3996 idoneum
1034 3942 1260 4011 tempori
1308 3943 1633 3998 adhibentes
1666 3942 1971 4008 consilium,

396 4030 690 4085 immunem
721 4031 1003 4101 naufragio
1033 4041 1202 4088 ratem
1238 4049 1358 4088 cum
1396 4034 1488 4089 Dei
1519 4034 1721 4090 auxilio
1753 4049 1973 4089 conser-

398 4130 547 4176 vant.
598 4121 789 4177 Parem
834 4124 1133 4180 animarum
1188 4137 1496 4182 nostrarum
1549 4140 1740 4196 gerens
1787 4142 1972 4181 curam

398 4209 559 4277 Deus,
610 4214 853 4281 pradicit
910 4215 1076 4270 nobis
1128 4217 1481 4272 tentationum
1542 4217 1861 4283 periculum,
1914 4227 1976 4272 ut

395 4304 595 4358 damno
608 4314 732 4358 ante
744 4305 1176 4373 experimentum
1194 4309 1405 4378 cognito
1420 4308 1579 4378 hujus
1592 4309 1880 4363 discrimen
1898 4318 1977 4362 tu-

397 4402 453 4443 m
478 4391 730 4446 vitemus.
748 4392 1059 4450 Noviteuim
1080 4396 1219 4452 Deus
1234 4411 1426 4453 cuncta
1445 4409 1735 4469 antequam
1763 4399 1972 4466 ﬁant“;

400 4483 542 4537 haud
576 4483 883 4552 conjectura
921 4528 936 4551 ,
976 4494 1033 4539 ttt
1073 4488 1317 4555 praedicti
1359 4488 1626 4553 homines,
1672 4491 1801 4561 quid
1843 4490 1977 4547 utile

397 4574 469 4627 sit
502 4584 789 4644 reputans;
828 4577 921 4629 sed
958 4578 1276 4646 prtevisione
1305 4579 1413 4634 Deo
1439 4580 1601 4650 digna
1645 4596 1734 4637 res
1763 4581 1976 4636 futuras

394 4682 747 4736 cognoscens.
798 4666 889 4723 Sic
935 4669 1098 4722 etiam
1145 4669 1351 4739 judicii.
1388 4666 1516 4725 ante
1560 4680 1770 4741 tempus
1822 4673 1977 4729 nobis

395 4759 657 4830 supplicia
710 4759 1058 4823 monstravit,
1108 4770 1168 4815 ut
1220 4759 1481 4815 malorum
1533 4762 1727 4819 timore
1755 4765 1973 4832 eruditi,

2075 3571 2413 3644 βοηθήματα,
2472 3574 2537 3641 τῇ
2593 3570 2760 3643 τέχνῃ
2804 3569 3323 3641 προαναστέλλοντες
3375 3566 3472 3639 τὴν
3530 3569 3658 3639 μέλα

2072 3668 2268 3720 λονσαν
2292 3665 2520 3737 βλάϐην,
2548 3666 2641 3719 καὶ
2671 3668 2734 3735 τῇ
2762 3664 2870 3718 τῶν
2896 3664 3169 3736 διαφόρων
3199 3665 3506 3735 φαρμάκων
3535 3679 3659 3716 συνο

2074 3760 2221 3812 θέσει
2246 3758 2346 3829 τὴν
2370 3757 2480 3811 τῶν
2516 3756 2705 3810 παθῶν
2736 3757 2994 3820 νικῶντες
3026 3756 3352 3827 ἀγριότηταο
3387 3754 3665 3826 προορῶσι

2073 3852 2168 3905 καὶ
2196 3850 2529 3922 κυϐερνῆται
2574 3848 2836 3911 πολλάκις
2866 3847 2962 3911 τὰς
2988 3847 3096 3900 τῶν
3133 3846 3456 3917 πνευμάτων
3492 3863 3661 3916 μετα-

2074 3943 2239 4006 ϐολὰς
2265 3942 2370 3996 ὑπὸ
2398 3944 2499 4013 τῆς
2531 3941 2823 4013 συνηθείας
2842 3938 3221 4010 ὁδηγούμενοι,
3251 3940 3347 3991 καὶ
3369 3938 3465 4009 τὴν
3486 3954 3653 4008 προσ·

2074 4038 2317 4109 ήκουσαν
2356 4037 2420 4106 τῇ
2462 4034 2621 4107 χρείᾳ
2654 4033 2971 4104 ποιούμενοι
3004 4032 3285 4102 πρόνοιαν,
3317 4030 3664 4101 ὰναυάγητον

2072 4128 2134 4181 τὸ
2170 4127 2377 4198 σκάφος
2417 4130 2483 4197 τῇ
2534 4125 2629 4179 τοῦ
2677 4126 2811 4179 Θεοῦ
2853 4125 3143 4201 συνεργεζᾳ.
3178 4123 3659 4193 διαφυλάττουσιν

2072 4219 2345 4291 τοσαύτην
2388 4218 2498 4272 τῶν
2538 4218 2826 4289 ἡμετέρων
2857 4218 3042 4288 ψυχῶν
3091 4219 3119 4270 ὁ
3160 4216 3292 4279 Θεὸς
3336 4212 3669 4284 ποιούμενος

2076 4312 2353 4385 πρόνοιαν,
2394 4310 2651 4383 προλέγει
2700 4309 2809 4363 τῶν
2848 4306 3174 4381 πειρασμῶν
3205 4308 3336 4378 ἡμῖν
3361 4306 3452 4359 τὸν
3480 4304 3663 4357 κινδυ-

2074 4420 2185 4468 νον,
2246 4398 2332 4455 ἵνα
2389 4401 2651 4471 μαθόντες
2703 4400 2809 4472 πρὸ
2866 4403 2967 4471 τῆς
3021 4399 3216 4470 πείρας
3271 4397 3370 4469 τὴν
3430 4393 3659 4466 βλάϐην,

2075 4492 2333 4562 ἀσφαλῶς
2364 4493 2455 4545 τὸν
2481 4492 2545 4544 ἐκ
2578 4490 2782 4561 ταύτης
2822 4489 3175 4559 διαφύγωμεν
3204 4487 3465 4542 κίνδυνον.
3504 4483 3663 4540 Οἶδεν

2075 4583 2184 4655 γὰρ
2215 4582 2284 4635 τὰ
2312 4581 2489 4634 πάντα
2521 4580 2645 4649 πρὶν
2667 4580 2933 4647 γενέσεως
2960 4577 3160 4641 αὐτῶν,
3192 4579 3254 4629 οὐ
3283 4578 3479 4648 στόχῳ.
3498 4573 3667 4628 καθά-

2078 4692 2183 4746 περ
2210 4675 2404 4727 ὲκεῖνοι
2432 4673 2496 4725 κδ
2527 4672 2800 4743 χρήσιμον
2832 4671 3205 4740 λογιζόμενος,
3240 4669 3376 4722 ἀλλὰ
3409 4666 3662 4735 προγνώο

2078 4782 2161 4818 σει
2189 4764 2488 4835 θεοπρεπεῖ
2524 4761 2809 4831 γινώσκων
2840 4761 2908 4814 τὰ
2937 4761 3199 4832 μέλλοντα
3220 4776 3231 4787 ·
3268 4758 3411 4812 οὕτω
3438 4760 3530 4811 καὶ
3559 4761 3664 4828 τῆς

399 4854 591 4906 horum
637 4850 793 4907 facile
844 4853 1245 4921 perpessionem
1278 4854 1571 4921 fugiamus.
1609 4835 1797 4926 Neque
1848 4872 1973 4911 vero

2078 4852 2311 4923 κρίσεως
2357 4854 2489 4923 ἡμῖν
2535 4851 2779 4917 ἐπέδειξε
2816 4852 2925 4923 προ·
2964 4850 3157 4921 καιροῦ
3195 4850 3266 4903 τὰ
3302 4849 3661 4920 κολαστήρια,

397 4943 575 4997 set-ius
604 4958 765 5011 quam
797 4952 921 4997 ante
957 4942 1097 4997 dicta
1129 4942 1377 5013 praedixit
1404 4943 1655 4999 Christus
1691 4946 1735 4975 δ’
1762 4947 1974 5000 futuros

2079 4947 2155 5010 ὠς
2192 4944 2259 5000 ἂν
2304 4944 2380 5016 τῷ
2412 4945 2560 5015 φόϐῳ
2594 4944 2701 4997 τῶν
2751 4944 2940 4998 δεινῶν
2985 4942 3387 5005 παιδευθέντες,
3437 4940 3536 5011 τὴν
3595 4940 3663 4992 ἐκ

468 5120 512 5152 ³⁹
548 5119 563 5172 l
595 5120 740 5175 Pctr.
776 5138 846 5186 tv,
877 5122 923 5176 Ι.
1005 5122 1049 5153 ⁸ο
1083 5120 1235 5175 Rom.
1268 5137 1345 5185 ts,
1380 5121 1431 5175 5.
1470 5122 1509 5153 "‘
1548 5123 1680 5177 Duu.
1720 5139 1838 5187 xm,
1872 5123 1959 5177 42.

2078 5127 2081 5152 ¹
2114 5122 2303 5213 Matth.
2341 5136 2490 5187 sxw,
2532 5120 2620 5176 21‘.

471 5276 697 5348 (Ιλᾼείι
727 5279 792 5331 de
820 5278 1045 5346 Deipara
1070 5276 1301 5348 Cyrillus
1321 5279 1480 5331 etiam
1514 5294 1765 5332 sermone
1793 5278 1814 5331 l
1844 5293 1972 5333 con-

402 5345 487 5399 tra‘
530 5345 875 5409 Nestorium,
914 5345 1129 5403 necnon
1168 5349 1220 5401 in
1267 5347 1493 5415 epistola
1561 5349 1862 5415 dogmatica
1902 5349 1970 5402 ad

400 5415 690 5487 Egyptios
718 5417 1027 5487 monachos,
1062 5432 1181 5486 qua:
1209 5426 1293 5471 est
1324 5416 1376 5471 in
1412 5417 1601 5472 ordine
1623 5419 1969 5487 epistolarum

402 5482 594 5557 prima.
642 5482 924 5557 Magniﬁce
975 5482 1103 5539 vero
1157 5487 1411 5549 celebrat,
1444 5496 1499 5541 et
1555 5482 1715 5542 tertio
1758 5503 1974 5557 quoque

403 5554 568 5607 verbo
600 5554 834 5622 appellat
865 5554 1169 5628 Deiparom,
1202 5559 1253 5610 in
1284 5558 1529 5612 oratione
1560 5558 1739 5628 habita
1775 5554 1969 5628 Ephesi

402 5641 585 5695 miram
635 5628 859 5694 synodo.
893 5625 1245 5695 Addelueum
1300 5628 1562 5679 orationis
1594 5627 1618 5679 1
1657 5626 1730 5681 De
1754 5625 1859 5695 [ide
1904 5628 1973 5681 ad

407 5693 745 5765 Reginus,“
784 5694 849 5751 £7
882 5708 1004 5764 sqq.
1049 5694 1216 5750 l‘orro
1261 5704 1317 5750 ut
1359 5696 1643 5751 orthodoxi
1695 5693 1975 5769 sanctique

2077 5278 2325 5333 homines
2375 5277 2741 5333 beatissimam
2778 5277 3003 5333 Mariam
3036 5278 3184 5331 omni
3219 5277 3373 5330 laude
3415 5278 3667 5331 cumula-

2077 5358 2225 5413 runt,
2259 5350 2330 5402 ita
2361 5350 2599 5417 perversi
2624 5350 2825 5417 quique
2851 5348 3086 5417 haeretici
3112 5363 3232 5401 eam
3264 5348 3661 5417 vituperarunt,

2079 5432 2274 5487 nempe
2324 5416 2519 5488 praeter
2567 5416 2896 5481 Nestorium,
2948 5416 3228 5471 Manichzei
3273 5429 3327 5470 et
3382 5416 3660 5488 lenuocla-

2079 5498 2196 5553 size,
2236 5496 2293 5541 ut
2319 5486 2470 5542 novis
2492 5503 2590 5542 nos
2623 5489 2966 5542 documentis
2987 5486 3413 5542 demonstraturi
3446 5501 3655 5541 sumus.

2080 5555 2216 5611 Nam
2276 5559 2403 5628 quid
2463 5559 2792 5628 recentiores
2845 5559 3008 5611 etiam
3064 5556 3284 5611 Lutlteri
3339 5568 3393 5609 et
3446 5556 3658 5628 Calviui

2081 5637 2243 5683 secta:
2292 5627 2552 5682 adversus
2583 5627 2642 5682 Β.
2674 5627 2855 5681 Mariae
2901 5629 3161 5685 honorem
3207 5630 3313 5683 sint
3363 5641 3523 5691 ausa,
3576 5627 3659 5681 di-

2081 5715 2205 5753 cere
2244 5699 2626 5768 pt-Opcumdum
2652 5696 2803 5753 nefas
2831 5712 2931 5754 εει.
