4002 6192
275 319 370 373 237
1397 319 1588 387 ριιοο
1629 320 1691 379 Β.
1735 319 1873 376 MAR

1992 318 2101 373 SIT
2143 320 2462 378 DHPARA.

3451 325 3556 378 258

277 435 469 489 τούτων
524 432 782 498 εὐκόλως
837 435 1112 508 τιμωρίαν
1170 438 1534 511 ἐκφύγωμενο
1617 440 1771 494 οὐδὲν
1822 440 1873 494 δὲ

1985 443 2427 511 pseudoehristos
2481 451 2536 498 et
2593 440 3108 513 pseudomagistros,
3168 441 3260 511 qui
3322 441 3557 497 haereses

275 522 428 597 ἦττον
455 525 552 578 καὶ
603 524 781 580 τοῦτο
823 527 962 597 πρὸς
1010 530 1122 592 τοῖς
1174 528 1356 591 ἄλλοις
1404 531 1754 602 προείρηκεν,
1795 531 1877 594 ῶς

279 621 481 673 ἔσονται
527 617 932 691 ψευδόχριστοι
975 621 1073 674 καὶ
1121 621 1632 690 ψευδοδιδάσκαλοι,
1683 623 1878 688 οἵτινες

281 711 706 781 παρεισάξουσιν
758 711 1010 780 αἱρέσεις
1050 713 1348 778 ἀπωλείας.
1389 715 1550 770 αὐτὸν
1587 716 1679 770 τδν
1718 716 1878 786 μόνον

283 804 548 874 Δεσπότην
577 801 680 856 καὶ
718 802 936 874 Κύριον
963 804 1124 873 ἡμῶν
1173 803 1379 875 Ἰησοῦν
1407 807 1643 879 Χριστὸν
1681 805 1876 878 ἀρνού-

287 912 425 963 μενοι
450 910 465 923 ·
527 893 627 946 καὶ
688 895 887 948 πολλοὶ
943 892 1472 966 ἐξακολουθήσουσιν
1530 897 1708 952 αὐτῶν
1759 899 1878 962 ταῖς

287 986 605 1054 ἀσελγείαις,
660 986 736 1040 δι’
792 986 892 1050 οὓς
935 988 970 1058 ἠ
1005 987 1133 1052 δόξα
1184 989 1285 1058 τῆς
1341 989 1600 1060 ἀληθείας
1641 990 1881 1061 βλασφη-

291 1078 640 1147 μισθήσεται’
702 1079 799 1131 ἵνα
850 1079 1058 1131 τούτων
1103 1081 1564 1150 παραγενομένων
1613 1081 1878 1151 μηδαμῶς

291 1168 648 1240 ἀπατώμεθα,
703 1172 846 1234 ,τοῖς
911 1168 1179 1242 ὀλεθρίοις
1233 1171 1414 1225 αὐτῶν
1483 1173 1879 1236 ὑποπίπτοντες

294 1260 551 1329 δ’ἑγμασιν.

357 1351 421 1420 β’.
472 1348 853 1420 Πεπλήρωται
903 1348 961 1402 δέ
1017 1347 1120 1418 τῆς
1178 1350 1535 1423 προρρήσεως
1577 1349 1638 1404 τὸ
1682 1350 1875 1422 ἔργον

302 1441 475 1494 πολλαὶ
507 1441 617 1512 γὰρ
667 1440 821 1493 κατά
867 1439 1060 1512 καιρὸν
1111 1441 1487 1511 ἐπανέστησαν
1522 1441 1763 1512 αἱρέσεις
1808 1443 1875 1512 τῇ

303 1533 384 1589 τοῦ
429 1532 559 1588 Θεοῦ
621 1533 954 1604 Ἐκκλησία,
997 1535 1096 1604 τὴν
1148 1533 1316 1605 ὀρθὴν
1357 1534 1658 1607 παραλύειν
1713 1534 1876 1588 πολυ-

304 1627 500 1696 τρόπως
540 1624 864 1696 βιαζόμεναι
901 1625 1104 1691 πίστινς
1145 1620 1219 1679 ῶν
1260 1627 1293 1697 ἡ
1339 1625 1442 1696 μὲν
1471 1627 1563 1680 τὸν
1599 1626 1694 1679 τοῦ
1739 1626 1874 1680 Θεοῦ

309 1720 460 1788 Λόγον
485 1719 631 1783 ξένον
667 1718 1022 1771 παντάπασιν
1052 1718 1150 1788 τῆς
1186 1719 1443 1791 πατρῴας
1476 1720 1664 1784 obsta;
1697 1719 1874 1787 λέγειν

1977 535 2236 590 exitiosas
2277 535 2553 604 invehent,
2591 535 2764 605 ipsum
2799 535 3017 589 unicum
3057 550 3236 603 regem
3268 550 3330 588 ac
3373 534 3556 588 Domi-

1977 644 2104 687 num
2137 638 2378 684 nostrum
2406 627 2590 684 .lesum
2621 629 2897 684 Christum
2929 637 3214 699 negantes;
3249 629 3556 697 multosque

1978 719 2094 774 fate
2115 719 2305 773 horum
2328 719 2708 788 improbitatcs
2727 728 3112 784 assectaturos,
3137 709 3367 787 quorum
3391 733 3555 773 causa

1978 813 2223 867 veritatis
2267 812 2433 883 gloria
2476 812 2780 868 convicium
2831 811 3088 882 patietur.
3132 809 3408 875 Praedisit,
3468 809 3555 863 in-

1977 918 2169 973 quam.
2215 918 2287 957 ne
2320 918 2441 957 cum
2473 903 2526 957 hi
2559 902 2990 972 supervenerint,
3024 901 3211 956 fraude
3251 904 3556 956 circumve-

1978 995 2214 1060 niantur,
2247 994 2473 1062 perditis
2512 993 2753 1064 ipsorum
2802 994 3147 1066 dogmatibus
3177 1003 3392 1048 nosmet
3424 993 3555 1048 sub-

1974 1084 2275 1140 mittentes.

2047 1351 2102 1404 2.
2147 1348 2474 1403 Vaticininm
2515 1356 2694 1403 antem
2737 1349 2790 1403 in
2828 1364 2940 1405 rem
2973 1348 3350 1404 collatum-est.
3383 1349 3558 1405 Multa:

1970 1443 2122 1496 enim
2151 1456 2246 1510 per
2281 1449 2523 1510 tempora
2551 1445 2752 1496 exorta:
2781 1449 2904 1496 sunt
2951 1441 3184 1495 haereses
3223 1441 3277 1495 in
3316 1440 3555 1497 Ecclesia

1977 1533 2095 1599 Dei,
2140 1543 2345 1590 rectam
2385 1532 2679 1588 dissolvere
2721 1533 2879 1589 ﬁdem
2921 1533 3272 1588 multifariam
3307 1543 3552 1598 conatm;

1977 1639 2205 1695 quarum
2234 1623 2340 1678 alia
2382 1623 2477 1679 Dei
2532 1621 2764 1679 Verbum
2799 1622 3038 1679 'alienum
3076 1640 3300 1696 prorsus
3331 1636 3554 1696 paterna

1979 1715 2280 1772 substantia
2300 1714 2489 1770 dicere
2518 1729 2648 1769 ausa
2675 1723 2788 1781 est;
2827 1714 2930 1769 alia
2964 1715 3198 1785 Spiritus
3237 1713 3552 1783 dignitatem

311 1811 638 1880 τετόλμηκεν,
659 1811 692 1878 ἡ
723 1809 782 1860 δὲ
815 1806 908 1860 τοῦ
941 1807 1258 1877 Πνεύματος
1274 1808 1371 1880 τὴν
1398 1809 1554 1876 ἀξίαν
1582 1808 1870 1878 ἠγνόηκεν,

1977 1823 2079 1861 non
2103 1807 2350 1878 agnovit;
2381 1805 2482 1860 alia
2510 1805 2673 1861 Verbi
2702 1804 2966 1862 adventus
2986 1806 3269 1861 veritatem
3296 1804 3553 1875 negavit:

313 1903 348 1972 ι,
371 1901 434 1954 ’δὲ
469 1901 562 1970 τῆς
596 1898 889 1968 ἐπιδημίας
928 1897 1024 1950 τοῦ
1069 1897 1244 1966 Λόγου
1292 1900 1571 1970 ἠρνήσατο
1609 1898 1705 1969 τὴν
1740 1897 1873 1968 ἀλή-

322 1994 484 2045 θειαν·
543 1991 736 2062 ἐσχάτη
795 1989 853 2043 δὲ
918 1987 1110 2042 πασῶν
1149 1989 1406 2062 καθάπερ
1462 1988 1868 2063 τρυγίαςμοό.

332 2084 372 2135 Λ
401 2084 598 2152 τρυγίος
619 2123 634 2145 ,
677 2081 714 2134 Β
746 2077 994 2153 τρυγία]
1042 2079 1149 2134 τῶν
1193 2081 1418 2147 κακῶν,
1458 2084 1492 2152 ἡ
1535 2081 1630 2134 νῦν
1665 2081 1868 2136 ἀναπέ-

347 2192 519 2240 φανται
569 2174 875 2245 βλασφημία
899 2215 916 2240 ,
999 2173 1077 2245 μὴ
1144 2173 1477 2244 ,γεγενῆσθαι
1540 2174 1632 2228 τόν
1699 2175 1872 2244 Λόγον

351 2264 635 2333 ἄνθρωπον,
673 2266 773 2318 ἀλλ’
839 2265 896 2317 ἐν
967 2262 1244 2335 ἀνθρώπῳ
1296 2265 1612 2334 γεννηθέντι
1659 2268 1722 2320 ἐκ
1771 2283 1870 2333 γυ-

355 2349 524 2418 ναικός
575 2357 868 2426 ἱνῳκηκέναι
931 2355 1199 2424 λέγουσαο
1269 2355 1345 2418 ὡς
1401 2355 1586 2410 λοιπὸν
1634 2359 1728 2420 -είς
1779 2357 1873 2412 δύο

348 2445 434 2496 τὸν
493 2445 582 2498 ἕνα
645 2446 848 2515 Χριστὸν
904 2447 989 2500 διὰ
1046 2447 1207 2500 τοῦτο
1273 2447 1612 2518 μερίζεσθαι,
1677 2450 1758 2514 είς
1809 2467 1870 2504 τε

340 2535 479 2597 θεὸν,
520 2537 674 2606 φημὶ,
709 2537 1092 2609 καὶᾶνθρωπον
1119 2555 1133 2568 ·
1165 2537 1286 2591 ἐστι
1321 2537 1379 2592 δὲ
1417 2537 1574 2602 τοῦτο
1605 2539 1708 2609 τῆς
1738 2543 1873 2595 ἀπο-

330 2627 569 2696 στολικῆς
594 2627 926 2692 διδασκαλίας
951 2629 1257 2700 ἀλλότριον,
1292 2628 1620 2702 δαιμονικῆς
1649 2630 1706 2685 δὲ
1735 2633 1869 2702 μᾶλ-

325 2720 405 2772 λον
436 2719 662 2782 ἐπινοίας
685 2721 972 2792 έιρεύρεσις
994 2738 1007 2750 ·
1052 2721 1341 2793 ἄνθρωπον
1381 2721 1481 2792 μὲν
1508 2722 1618 2795 γὰρ
1659 2723 1750 2779 τὸν
1777 2724 1870 2778 τοῦ

321 2810 442 2864 Θεοῦ
468 2811 629 2879 Λόγον
667 2810 760 2866 ἐπὶ
803 2813 1086 2885 συντελείᾳ
1125 2813 1235 2868 τῶν
1283 2815 1496 2870 αἰώνων
1525 2817 1817 2887 γενόμενον
1843 2821 1872 2872 6

318 2902 446 2966 θεῖος
483 2905 605 2974 ἡμῖν
645 2901 1063 2974 εὐαγγελίζεται
1101 2905 1277 2975 λόγος,
1327 2908 1428 2961 οὐκ
1464 2909 1552 2972 εἰς
1583 2908 1870 2978 ἀνθρώπου

320 2995 664 3058 μεταϐαλόντα
702 2997 887 3066 φύσιν,
924 2996 1060 3052 ἀλλὰ
1097 2997 1300 3069 ταύτην
1342 2998 1422 3061 είς
1473 2997 1669 3052 ἐαυτὸν
1701 3015 1872 3070 προσ-

316 3083 586 3157 λαϐόμενον
604 3103 617 3118 ’
647 3089 921 3160 ἄτρεπτος
941 3089 1054 3160 γὰρ
1081 3088 1317 3160 ὑπάρχει
1356 3088 1452 3142 καὶ
1478 3088 1835 3154 ἀναλλοίωτος
1853 3106 1866 3120 ·
1897 3123 1940 3182 C

314 3177 360 3230 εί
385 3178 456 3242 δὲ,
485 3178 723 3250 καθάπερ
766 3179 967 3232 ἐκεῖνοί
1005 3197 1188 3248 φασιν,
1224 3182 1314 3244 είς
1343 3179 1638 3250 ἄνθρωπον
1673 3183 1738 3235 ἐκ
1774 3199 1870 3250 γυο

313 3270 478 3334 ναικὸς
508 3271 764 3343 τεχθέντα
803 3273 836 3342 ἡ
883 3271 1006 3324 θεία
1039 3271 1262 3340 γέγονεν
1298 3272 1666 3341 ἐπιφοίτησις,
1712 3271 1874 3325 τοῦτο

310 3362 392 3413 καὶ
409 3362 463 3414 ἐν
483 3366 594 3427 τοῖς
628 3363 942 3434 προφήταις
970 3362 1369 3430 πᾶσινιέγίνετο
1393 3377 1407 3394 ο
1426 3362 1538 3415 ¹ἔδει
1564 3363 1871 3434 τοιγαροῦν,

310 3451 443 3522 εἶπερ
481 3451 659 3516 οὕτως
703 3453 944 3521 ἐγένετο,
995 3454 1415 3525 μεμερισμένως
1446 3453 1686 3508 ’ἑκάστου
1725 3457 1872 3525 παρὰ

310 3541 369 3613 τῇ
400 3543 508 3616 θείᾳ
539 3545 740 3616 Γραφῇ
767 3545 867 3608 τὰς
905 3545 1196 3616 ὁμολογίας
1228 3545 1582 3616 εὑρίσκεσθαι
1603 3562 1617 3576 ⁸
1641 3546 1746 3599 -καὶ
1779 3548 1872 3600 τὸν

1975 1908 2266 1969 postrema,
2299 1898 2540 1977 omnium
2568 1897 2736 1952 veluti
2765 1897 3029 1954 malorum
3067 1897 3304 1961 sentina,
3339 1895 3555 1950 hodier-

1976 2004 2042 2042 na
2072 1989 2322 2060 apparuit
2353 1988 2709 2060 blasphemia,
2745 2004 2866 2060 qua:
2897 1989 2972 2044 ait
3021 1989 3260 2044 Verbum
3297 2004 3403 2042 non
3431 2001 3553 2043 esse

1963 2080 2242 2137 hominem
2274 2081 2494 2147 factum,
2541 2081 2636 2138 sed
2665 2086 2718 2138 in
2756 2082 2978 2138 homine
3005 2096 3069 2136 ex
3115 2080 3340 2136 muliere
3370 2079 3552 2149 genito

1973 2171 2304 2229 habitavisse
2349 2191 2372 2227 Δε
2429 2173 2573 2228 unde
2621 2173 2973 2243 consequitur
3024 2173 3078 2228 in
3135 2171 3274 2227 duos
3331 2169 3550 2226 unicum

1971 2263 2246 2320 Christum
2279 2265 2484 2322 idcirco
2518 2266 2706 2332 dividi,
2739 2265 2792 2320 in
2827 2265 2994 2321 Deum
3030 2265 3150 2320 dico
3181 2272 3345 2334 atque
3373 2262 3554 2318 homi-

1972 2371 2120 2412 nem.
2143 2355 2248 2411 Est
2278 2368 2470 2412 autem‘
2485 2359 2587 2413 hoc
2609 2357 2678 2412 ab
2700 2357 2992 2428 apostolica
3018 2355 3263 2412 doctrina
3290 2355 3548 2420 alienum,

1973 2454 2028 2501 et
2057 2445 2308 2502 diabolici
2334 2447 2512 2516 potius
2542 2447 2742 2514 ingenii
2773 2447 3069 2501 inventum.
3111 2443 3354 2513 Namque
3376 2443 3552 2498 homi-

1966 2538 2096 2593 nem
2132 2539 2334 2593 factum
2363 2554 2483 2593 esse
2511 2536 2860 2592 DeiVerhum
2894 2539 2944 2592 in
2970 2537 3076 2592 fine
3098 2536 3442 2601 seculorum,
3473 2535 3553 2588 di-

1959 2633 2130 2687 -vinus
2153 2631 2314 2697 nobis
2346 2645 2526 2687 sermo
2564 2632 2778 2685 nuntiat
2805 2630 2875 2696 ”,
2910 2645 3016 2684 non
3050 2643 3180 2686 sane
3215 2628 3361 2699 quod
3407 2642 3467 2682 se
3497 2627 3552 2681 in

1973 2724 2208 2781 hominis
2240 2735 2490 2780 naturam
2522 2724 2836 2791 mutaverit,
2867 2725 2960 2779 sed
2986 2725 3114 2794 quia
3159 2723 3300 2777 hanc
3331 2720 3434 2777 sibi
3463 2735 3555 2775 as-

1973 2815 2265 2882 sumpserit
2292 2831 2307 2869 :
2335 2824 2418 2870 est
2444 2815 2589 2871 enim
2637 2813 2874 2871 Verbum
2905 2813 3222 2870 invertibile
3259 2819 3422 2882 atque
3450 2811 3557 2866 int-

1974 2904 2250 2960 mutabile.
2277 2904 2429 2971 Quod
2462 2907 2529 2972 si,
2568 2914 2628 2960 ut
2652 2906 2738 2962 isti
2775 2908 2948 2971 aiunt,
2985 2905 3190 2961 homini
3227 2921 3295 2960 ex
3335 2903 3558 2960 muliere

1974 3005 2128 3067 parto
2157 2997 2298 3052 Deus
2319 2997 2656 3065 supervenit,
2691 2996 2831 3050 idem
2867 2998 2970 3052 hoc
2997 2999 3208 3052 cunctis
3249 3010 3402 3065 mque
3435 3009 3558 3065 pro-

1976 3089 2154 3159 phetis
2189 3089 2390 3165 accidit
2431 3106 2445 3144 :
2481 3102 2811 3158 prorsusque
2843 3089 3228 3157 oporteret,‘si
3265 3100 3351 3141 res
3380 3085 3457 3140 ita
3499 3100 3559 3140 se

1980 3182 2226 3245 haberet,
2257 3194 2501 3236 seorsum
2533 3179 2956 3250 uniuscujusque
2983 3180 3036 3233 in
3063 3179 3244 3234 divina
3273 3176 3560 3246 Scriptura

1979 3272 2351 3328 confessiones
2379 3271 2705 3342 comperiri;
2747 3281 2803 3327 et
2830 3271 3064 3327 alterum
3092 3270 3312 3341 quidem
3355 3267 3558 3340 sigilla-

1981 3364 2077 3418 tim
2123 3378 2219 3433 per
2249 3362 2491 3431 seipsum
2524 3376 2621 3416 ceu
2664 3359 2756 3416 Dei
2799 3360 3034 3416 Verbum
3077 3356 3387 3424 decantari;
3427 3356 3562 3410 alte-

1981 3469 2100 3510 rum
2121 3468 2252 3509 vero
2275 3467 2372 3507 ceu
2394 3451 2699 3515 hominem,
2721 3460 2777 3506 et
2807 3466 2873 3507 ex
2904 3461 3092 3506 nostro
3116 3464 3346 3523 numero
3369 3462 3560 3514 unum,

1980 3547 2159 3603 verbis
2189 3559 2310 3616 quae
2333 3545 2607 3600 hominem
2640 3543 2854 3612 decent.
2886 3543 3211 3612 gloriﬁcare.

311 3638 396 3707 μὲν
439 3639 535 3711 ἰδία
571 3641 702 3694 καθ’
749 3641 938 3694 ἐαυτὸν
993 3641 1068 3705 ὡς
1113 3641 1247 3696 Θεοῦ
1282 3642 1458 3712 Λόγον
1505 3643 1879 3715 ἁνυμνείσθσιι.⁵
1921 3647 2012 3702 τὸν
2053 3645 2112 3699 δὲ
2175 3643 2250 3708 ὡς
2307 3641 2592 3714 ἄνθρωπον
2634 3642 2728 3696 καὶ
2775 3642 2873 3695 ἕνα
2918 3642 3027 3697 τῶν
3079 3641 3202 3696 καθ’
3249 3642 3400 3712 ἡμᾶς
3449 3643 3560 3704 τοῖς

589 3731 864 3802 πρέπουσι
901 3731 1220 3796 δοξάζεσθαι
1246 3731 1445 3803 λόγοις.

367 3831 426 3893 γ’.
475 3823 623 3879 Ἀλλ’
683 3825 782 3896 οὐχ
807 3825 978 3888 οὕτως
999 3828 1131 3895 ἡμῖν
1153 3827 1202 3880 οί
1228 3826 1514 3881 ἀπόστολοι
1539 3828 1637 3900 τὴν
1662 3829 1878 3884 εὐθεῖαν

308 3912 614 3986 εὖαγγελίαν
657 3916 962 3987 ἐκήρυξαν,
999 3916 1113 3970 ἀλλ’
1151 3916 1248 3970 ἕνα
1287 3917 1526 3990 Χριστὸν
1555 3920 1688 3974 Θεὸν
1739 3921 1874 3991 ὁμοῦ

285 4009 387 4060 ’καὶ
415 4008 705 4081 ἄνθρωπον
742 4005 834 4061 τὸν
868 4008 1030 4062 αὐτὸν
1063 4009 1521 4079 παραδεδώκασι·
1578 4012 1670 4066 καὶ
1715 4012 1873 4081 τοῦτο

311 4099 469 4167 σαφῶς
507 4103 535 4154 6
577 4098 681 4169 μὲν
703 4097 962 4166 ’θεολόγος
995 4097 1246 4171 Ἰωᾶννης
1274 4102 1331 4154 ἐν
1357 4101 1707 4179 Εὑαγγελίοις
1734 4103 1874 4158 διδά-

309 4201 406 4242 σκει
427 4189 610 4260 λέγων
631 4205 645 4218 ο
681 4209 698 4241 ι
723 4191 819 4243 Ἐν
865 4191 1008 4262 ἀρχῇ
1038 4185 1105 4262 ἦν
1133 4193 1160 4244 6
1187 4192 1379 4262 Λόγος,
1412 4194 1506 4246 καὶ
1539 4195 1568 4248 ό
1607 4194 1779 4264 Λόγος
1804 4191 1870 4266 ἦν

308 4281 421 4352 πρὸς
453 4283 546 4337 τὸν
603 4281 734 4336 Θεὸν
759 4326 773 4346 ,
823 4282 916 4335 καὶ
954 4281 1082 4345 Θεὸς
1133 4279 1201 4353 ἦν
1231 4285 1259 4336 6
1297 4285 1502 4352 Λόγοςο
1537 4305 1556 4338 ι
1607 4281 1706 4339 εἴθ’
1745 4287 1870 4357 ἑξῆς

305 4373 498 4442 ἐπάγων
517 4393 536 4408 ·
589 4393 606 4426 ι
628 4374 736 4427 και
759 4377 788 4428 6
807 4374 982 4442 Λόγος
1005 4373 1140 4446 σὰρξ
1171 4376 1407 4443 ἐγένετο,
1448 4379 1541 4430 καὶ
1563 4378 1870 4451 ἐσκήνωσεν

2055 3824 2109 3880 5.
2151 3821 2314 3891 Atqui
2354 3835 2460 3876 non
2506 3819 2579 3874 ita
2616 3819 2770 3874 nobis
2802 3827 3011 3874 rectam
3061 3822 3423 3890 prmdicavere
3468 3825 3552 3880 ιιοο

1980 3917 2215 3974 ctrinam
2263 3912 2515 3982 apostoli,
2561 3912 2657 3966 sed
2701 3925 2868 3964 unum
2896 3911 3255 3979 eumdemque
3285 3913 3560 3970 Christum

1976 4006 2147 4061 Deum
2187 4001 2349 4058 simul
2393 4011 2450 4056 et
2499 3998 2772 4055 hominem
2809 4013 2931 4053 esse
2968 3998 3310 4053 tradiderunt
3353 4001 3558 4073 :idque

1978 4094 2460 4169 apertetheologus
2479 4091 2716 4146 Joannes
2740 4091 2793 4143 in
2813 4088 3115 4161 Evangeliis
3138 4090 3315 4158 docet,
3333 4093 3520 4151 dicens
3543 4113 3558 4151 ε

1982 4209 2001 4242 ι
2033 4187 2088 4243 ln
2117 4186 2384 4260 principio
2420 4181 2611 4256 lue
2639 4191 2758 4238 erat
2790 4178 3047 4246 Verbum,
3079 4190 3136 4236 et
3177 4179 3411 4238 Verbum
3443 4198 3558 4240 erat

1977 4281 2118 4350 apud
2171 4277 2363 4346 Deum,
2414 4288 2469 4333 et
2509 4277 2650 4331 Deus
2702 4282 2821 4330 erat
2879 4271 3112 4327 Verbum
3159 4274 3226 4330 “.
3268 4294 3288 4328 ι
3363 4277 3560 4335 Deinde

1977 4374 2182 4428 addens
2235 4388 2301 4426 ει
2330 4369 2398 4425 Et
2425 4368 2658 4424 Verbum
2707 4379 2838 4421 caro
2893 4363 3093 4419 factum
3141 4373 3246 4430 est,
3299 4375 3352 4422 et
3403 4368 3560 4424 Itahi.

303 4462 351 4515 ἐν
371 4464 508 4535 ἡμῖν.
548 4485 570 4516 s
605 4467 664 4519 '0
689 4465 744 4518 δὲ
777 4443 1299 4536 ίεροκήρυξνηαῦλος
1321 4464 1604 4536 ’Ἑϐραίοις
1633 4443 1873 4524 ἐπιστέλ-

1985 4443 2223 4520 tavit’in
2269 4460 2495 4517 nobis.»
2540 4457 2708 4513 Sacer
2760 4471 2976 4528 quoque
3026 4471 3203 4525 praaco
3251 4456 3452 4514 Paulus
3505 4463 3558 4516 in

304 4551 370 4607 λει
411 4555 628 4625 λέγων’
701 4575 720 4608 ι
755 4557 910 4610 Ἐπεὶ
952 4550 1046 4609 οὖν
1098 4557 1166 4610 τὰ
1226 4559 1415 4612 παιδία
1477 4560 1870 4633 κεκοινώνηκεν

304 4645 512 4718 αἰματος
544 4649 641 4702 καὶ
676 4648 877 4718 σαρκὸς
907 4689 921 4714 ,
971 4650 1066 4702 καὶ
1095 4650 1257 4713 αὐτὸς
1291 4651 1692 4723 παραπλησίως
1738 4671 1870 4723 μετ-

305 4739 411 4811 έσχε
463 4741 584 4794 τῶν
643 4739 844 4792 αὐτῶν.
874 4759 892 4790 ι
959 4739 1204 4803 ’Ἀκούεις
1253 4741 1401 4804 ὅπως
1454 4742 1482 4793 6
1520 4738 1524 4742 ’
1541 4741 1640 4812 μὲν
1691 4743 1870 4815 σάρκα

305 4831 617 4902 γεγενῆσθαι
647 4830 738 4883 τδν
770 4831 964 4900 Λόγον,
995 4831 1026 4882 6
1064 4831 1120 4884 δὲ
1153 4831 1316 4884 πάλιν
1343 4831 1503 4886 αὐτὸν
1542 4832 1651 4886 τῶν
1689 4833 1869 4887 αὐτῶν

307 4922 630 4994 μετασχόντα
659 4919 881 4991 εἴρηκεν
909 4936 923 4986 ;
952 4919 1018 4975 Εί
1045 4919 1103 4973 δὲ
1133 4920 1424 4992 ἄνθρωπος
1460 4924 1558 4994 μὲν
1589 4926 1652 4977 ἐκ
1683 4940 1870 4987 γυναι-

307 5013 385 5074 κὸς
420 5017 447 5066 6
478 5012 692 5082 Ἰησοῦς
723 5011 942 5083 ἐτέχθη,
977 5011 1116 5083 μετὰ
1162 5012 1218 5066 δὲ
1266 5013 1440 5068 ταῦτα
1487 5017 1520 5084 ἡ
1556 5014 1649 5068 τοῦ
1689 5015 1865 5084 Λόγου

306 5102 506 5170 γέγονεν
536 5101 672 5174 πρὸς
697 5101 863 5155 αὐτὸν
900 5101 1263 5172 ἐπιφοίτησις,
1303 5102 1410 5156 ἔδει
1435 5103 1684 5175 καθάπερ
1717 5103 1868 5173 εἴρη-

308 5207 402 5252 ται,
436 5193 530 5246 δύο
569 5192 664 5246 καὶ
711 5192 892 5261 πάντη
932 5193 1359 5262 μεμερισμένως
1400 5195 1537 5266 πρὸς
1589 5196 1734 5248 ᾶπαν
1769 5195 1868 5258 τὰς

307 5280 577 5355 ὁμολογίας
632 5282 985 5354 εὑρίσκεσθαι
1012 5301 1026 5315 ο
1085 5285 1202 5337 νυνὶ
1256 5284 1314 5338 δὲ
1357 5286 1460 5356 τῆς
1505 5285 1865 5341 θεοπνεύστου

309 5376 512 5447 Γραφῆς
552 5376 971 5447 κοινολογούσης
1023 5376 1093 5429 τά
1137 5393 1199 5429 τε
1242 5379 1310 5448 τῇ
1357 5375 1572 5446 θεότητι
1623 5379 1867 5446 φυσικῶς

305 5467 751 5536 ἁρμόζοντα,,καὶ
783 5467 856 5521 τὰ
903 5470 967 5538 τῇ
1015 5465 1304 5537 ἀνθρώπου
1353 5466 1633 5538 πρέποντα
1680 5467 1862 5537 φύσει,

307 5560 503 5631 καθαρά
525 5562 626 5632 τῆς
653 5559 902 5624 ἐνῶσεως
931 5561 967 5630 ή
1009 5558 1296 5630 οἰκονομία
1326 5559 1663 5629 εὑρίσκεται.
1693 5560 1864 5614 Ὅταν

1977 4555 2307 4628 Epistolaad
2333 4552 2590 4607 Hebraeos
2612 4549 2798 4604 scribit
2823 4567 2837 4603 :
2867 4565 2886 4600 ι
2910 4546 3045 4615 Quia
3067 4563 3198 4620 ergo
3225 4552 3376 4619 pueri
3407 4555 3558 4607 carni

1975 4658 2031 4702 et
2063 4644 2309 4714 sanguini
2339 4640 2900 4703 communicaverunt,
2946 4645 3002 4693 et
3034 4638 3151 4709 ipse
3190 4639 3442 4696 similiter
3467 4659 3562 4695 ea-

1977 4741 2099 4795 dem
2141 4734 2488 4806 participavit
2514 4732 2582 4784 “.
2625 4749 2644 4782 ι
2685 4729 2882 4785 Audin'
2909 4729 3178 4798 quomodo
3221 4729 3309 4784 ille
3341 4731 3557 4799 quidem

1975 4830 2216 4886 Verbum
2252 4842 2470 4884 carnem
2499 4839 2620 4880 esse
2658 4823 2883 4887 factum,
2919 4821 3010 4876 hic
3047 4831 3228 4877 autem
3263 4822 3440 4878 denuo
3481 4823 3559 4877 ait

1979 4926 2156 4990 ipsum
2192 4921 2306 4974 haec
2339 4917 2528 4974 eadem
2565 4914 3010 4988 participavisse?
3038 4912 3191 4980 Quod
3217 4909 3280 4969 si'
3299 4914 3459 4969 homo
3490 4929 3557 4970 ex

1979 5014 2204 5070 muliere
2245 5011 2406 5068 Jesus
2455 5010 2636 5066 editus
2684 5017 2788 5073 est,
2845 5006 3041 5062 deinde
3095 5019 3227 5060 vero
3280 5003 3442 5060 Verbi
3502 5007 3558 5062 in

1983 5109 2160 5178 ipsum
2209 5105 2472 5161 adventus
2516 5103 2764 5172 contigit,
2824 5107 3142 5169 oporteret,
3191 5109 3250 5152 ut
3299 5099 3554 5168 diximus,

1975 5200 2110 5254 duas
2134 5197 2354 5254 omnino
2391 5196 2646 5264 omnique
2673 5195 2725 5248 in
2760 5207 2818 5247 re
2852 5189 3142 5260 separatim
3184 5189 3556 5248 confessiones

1977 5289 2262 5360 comperiri
2304 5308 2319 5346 :
2371 5301 2512 5344 nunc
2551 5293 2777 5345 contra,
2820 5295 2943 5337 cum
2991 5280 3250 5336 divinitus
3295 5283 3554 5352 inspirata

1977 5379 2258 5449 Scriptura
2289 5374 2654 5434 communiter
2688 5369 3004 5441 pronuntiet
3049 5376 3164 5426 tum
3205 5385 3324 5442 quae
3365 5372 3552 5427 deitati

1975 5471 2297 5525 naturaliter
2338 5465 2692 5530 conveniunt,
2751 5473 2864 5518 tum
2917 5463 3082 5518 etiam
3133 5478 3253 5534 qua
3315 5463 3553 5520 hominis

1973 5567 2277 5631 congruunt
2305 5565 2539 5624 natura,
2569 5555 2850 5627 perspicua
2876 5554 3298 5626 deprehenditur
3328 5555 3553 5613 unitatis

374 5737 419 5768 ει
440 5737 598 5795 ιιι-ιη.
628 5755 703 5805 ιι,
727 5723 824 5794 es.
901 5737 948 5771 ιδ
979 5737 1130 5794 ιοειη.
1168 5754 1206 5803 ι,
1244 5736 1294 5790 t.
1325 5735 1370 5768 ι·
1400 5736 1529 5792 ibid.
1568 5736 1652 5792 ιι.
1733 5736 1776 5768 ιε
1808 5732 1873 5790 In

2012 5751 2072 5801 ιι,
2112 5733 2194 5792 M.
