4002 6192
339 304 460 364 ,259

1357 297 1729 357 S..CYRILL|
1770 296 2246 355 ALEXANDRINI
2285 296 2612 355 ARCHIEP.

3524 298 3633 352 εοο

349 417 514 476 ratio.
547 415 680 472 Cum
711 427 841 484 ergo
873 411 1031 468 audis
1063 366 1381 483 Apostolum
1413 413 1680 469 dicentem
1721 429 1735 466 :
1781 433 1797 466 ι
1830 413 1932 468 Ex-

2042 413 2223 468 τοὶνυν
2245 411 2491 486 ἀκούσῃς
2511 415 2607 469 τοῦ
2635 414 2960 470 Ἀποστόλου
2985 413 3259 484 λέγοντος
3291 432 3309 465 ι
3333 358 3635 484 Προσδεχχόο⁴

352 517 664 583 spectantes
693 505 906 561 beatam
935 520 1110 576 spem,
1135 519 1193 563 et
1222 506 1720 563 manifestationem
1757 507 1943 577 gloria:

321 603 533 682 ,magni
561 601 656 655 Dei
681 615 745 656 ac
773 600 1084 656 Servatoris
1113 602 1285 655 nostri
1315 598 1444 657 Jesu
1475 599 1680 657 Christi
1706 601 1806 665 ‘7,»
1835 615 1940 655 non

352 707 406 762 te
431 695 595 766 pudet
633 708 896 760 separare
927 707 959 748 a
989 694 1168 751 Verbo
1198 692 1387 749 Jesum
1412 692 1435 746 ?
1461 693 1581 748 Non
1612 695 1757 749 enim
1785 692 1939 756 dixit,

345 787 527 857 magni
559 786 652 842 Dei
693 784 896 842 in‘Jesu
921 785 1169 852 Christo,
1193 786 1288 843 sed
1315 787 1565 842 eumdem
1594 795 1653 842 et
1689 785 1858 841 Deum
1888 795 1944 842 et

347 881 532 939 Jesum
583 879 901 951 praedicavit
953 896 969 935 :
1015 879 1244 949 ideoque
1295 879 1508 935 unicam
1554 893 1768 950 quoque
1809 877 1946 932 dixit

243 1035 249 1050 ί
351 972 879 1028 manifestationem.

242 1053 244 1056 ’
419 1067 476 1122 4.
519 1064 797 1120 Interdum
849 1079 981 1121 vero
1027 1065 1094 1120 iis
1141 1065 1304 1119 etiam
1355 1077 1476 1134 qua:
1515 1070 1644 1116 sunt
1693 1063 1943 1116 humanae

353 1164 563 1208 natura!
601 1153 844 1223 propria,
880 1153 974 1207 Dei
1017 1148 1437 1223 appellationem
1483 1151 1733 1206 attribuit
1761 1138 1942 1207 divina
1975 1169 1994 1190 ο

353 1245 659 1314 Scriptura.
703 1241 841 1296 Nam
879 1257 1003 1297 cum
1051 1233 1366 1297 Servatoris
1401 1241 1584 1311 passio
1615 1243 1683 1296 de
1726 1241 1944 1297 deitatis

349 1345 546 1391 natura
591 1333 817 1405 intelligi
849 1348 1078 1404 prorsus
1129 1343 1387 1405 nequeat,
1419 1341 1582 1404 atque
1620 1333 1675 1387 in
1717 1348 1945 1403 corpore

351 1427 728 1504 tantummodo
745 1426 1030 1496 passiones
1052 1435 1286 1494 peracta:
1306 1423 1543 1489 fuerint;
1567 1430 1804 1478 attamen
1815 1423 1941 1492 quia

351 1535 477 1574 cum
511 1535 576 1574 eo
597 1527 684 1574 est
714 1517 1064 1589 inseparabili
1104 1517 1435 1572 adunatione
1462 1516 1662 1581 deitas,
1708 1533 1727 1568 t
1753 1515 1812 1570 Si
1845 1531 1940 1570 co-

347 1609 726 1681 gnovissent,»
759 1608 937 1679 inquit
961 1608 1274 1678 Apostolus,
1313 1621 1623 1677 «nunquam
1655 1605 1939 1662 Dominum

349 1701 535 1771 glorias
569 1700 972 1755 crucifixissent
1003 1699 1070 1753 ⁸⁸.
1112 1716 1131 1752 ι
1174 1697 1362 1754 Viden’
1403 1698 1698 1768 quatnodo,
1738 1698 1941 1750 aduna-

2047 525 2201 578 μενοι
2223 509 2321 579 τὴν
2358 509 2638 581 μακαρίαν
2665 507 2882 572 ἐλπίδα,
2915 509 3010 562 καὶ
3039 507 3141 580 τὴν
3172 506 3496 576 ἐπιφάνειαν
3531 509 3637 578 τῆς

2043 599 2204 672 δόξης
2239 600 2334 653 τοῦ
2387 601 2628 672 μεγάλου
2667 599 2804 654 Θεοῦ
2833 600 2927 654 καὶ
2960 598 3215 671 Σωτῆρος
3257 597 3416 670 ἡμῶν
3456 599 3635 669 Ἰησοῦ

2044 695 2288 766 Χριστοῦ
2311 711 2326 726 ο
2369 692 2502 769 »ἆρ’
2525 697 2626 750 οὑκ
2659 695 2919 767 ἐρυθριᾷς
2939 693 3167 766 διαιρῶν
3203 691 3298 746 τοῦ
3329 692 3504 761 Λόγου
3543 692 3636 746 τὸν

2021 817 2024 819 λ
2057 785 2303 857 Ἰησοῦνξ
2347 789 2420 841 Οὺ
2463 787 2574 860 γάρ
2603 784 2780 852 εἶπεν,
2819 785 2914 841 τοῦ
2966 785 3206 858 μεγάλου
3259 783 3398 838 Θεοῦ
3436 783 3530 836 τοῦ
3577 783 3637 836 έν

2055 879 2232 951 Ἰησοῦ
2273 879 2519 952 Χριστῷ,
2563 879 2702 934 ἀλλὰ
2731 880 2836 932 Τὸν
2873 878 3040 931 αὑτὸν
3089 877 3224 934 Θεὸν
3268 876 3364 930 καὶ
3422 872 3636 946 Ἰησοῦν

2043 970 2310 1042 ἐκήρυξεν
2328 989 2341 1003 ο
2370 971 2451 1024 διὸ
2477 973 2572 1025 καὶ
2608 971 2736 1043 μίαν
2761 969 2861 1042 τὴν
2891 969 3216 1039 ἐπιφάνειαν
3243 969 3485 1038 εἴρηκεν.

2119 1063 2186 1116 δ’.
2215 1065 2374 1118 Ἔστι
2399 1063 2456 1117 δὲ
2491 1065 2580 1118 ὅτε
2603 1065 2700 1118 καὶ
2721 1062 2792 1116 τὰ
2816 1063 2916 1134 τῆς
2947 1061 3369 1135 ἁνθρωπότητος
3397 1059 3526 1123 ἴδια,
3564 1062 3636 1130 τῇ

2041 1155 2136 1209 τοῦ
2162 1156 2298 1210 Θεοῦ
2338 1157 2683 1229 προσηγορίᾳ
2725 1158 2758 1228 ἡ
2799 1156 2918 1210 θεία
2950 1155 3211 1227 κηρύττει
3261 1154 3451 1225 Γραφὴ
3475 1170 3488 1185 ο
3535 1153 3636 1206 τοῦ

2043 1245 2154 1316 γὰρ
2180 1247 2450 1318 σωτηρίου
2482 1246 2688 1311 πάθους
2707 1250 2775 1318 τῇ
2797 1247 2894 1317 τῆς
2919 1245 3170 1315 θεότητος
3195 1244 3353 1314 φύσει
3379 1243 3638 1313 οὐδαμῶς

2045 1337 2285 1392 νοεῖσθαι
2333 1339 2656 1410 δυναμένου,
2705 1341 2785 1403 εἰς
2817 1338 2873 1391 δὲ
2908 1337 2968 1391 τὸ
3004 1337 3163 1414 σῶμα
3197 1336 3477 1399 παντελῶς
3524 1335 3636 1389 τῶν

2045 1429 2387 1500 παθημάτων
2404 1429 2808 1501 γεγενημένων,
2836 1429 2926 1483 διὰ
2949 1429 3010 1482 τὸ
3049 1429 3290 1481 συνεῖναι
3313 1415 3638 1496 ἀχωρίστως

2046 1521 2168 1575 καθ’
2188 1522 2382 1575 ἕνωσιν
2403 1521 2553 1592 αὐτῷ
2581 1523 2679 1594 τὴν
2701 1521 2951 1588 θεότητα,
2989 1540 3007 1573 t
3029 1521 3092 1574 Ei
3119 1520 3364 1591 ἔγνωσαν
3382 1539 3428 1583 ,ι
3465 1519 3636 1589 φησὶν

2043 1615 2072 1668 ὁ
2111 1613 2454 1679 Ἀπόστολος,
2493 1633 2510 1664 ι
2532 1615 2632 1668 οὑκ
2671 1613 2737 1667 ἂν
2770 1613 2860 1667 τὸν
2892 1613 3097 1685 Κύριον
3123 1613 3221 1682 τῆς
3247 1611 3407 1680 δόξης
3433 1608 3637 1662 ὲσταύο

2051 1722 2252 1776 ρωσαν.
2279 1725 2298 1758 ι
2339 1706 2503 1776 Ὁρᾷς
2525 1705 2671 1768 ὅπως
2707 1703 3023 1772 κοινολογεῐ,
3053 1705 3152 1773 τῆς
3182 1698 3426 1763 ένώσεως
3449 1699 3632 1768 χάριν,

351 1795 516 1847 tionis
543 1808 728 1859 causa,
761 1808 1105 1848 communem
1133 1791 1264 1846 facit
1296 1789 1364 1845 de
1394 1791 1614 1845 Christo
1639 1789 1932 1844 confessio-

2043 1798 2143 1868 τὴν
2197 1798 2277 1862 εἰς
2319 1797 2409 1850 τὸν
2464 1797 2702 1865 Χριστὸν
2761 1795 3052 1866 ὁμολογίαν
3101 1797 3201 1864 τῆς
3265 1790 3638 1858 άποστολικῆς

349 1901 473 1939 netu
503 1885 812 1954 aposwlicze
857 1886 1120 1940 doctrina:
1147 1883 1364 1938 sermo?
1389 1881 1506 1937 Non
1539 1883 1682 1938 enim
1713 1881 1944 1950 simplex

349 1974 515 2029 homo
535 1973 832 2046 aliquando
858 1974 962 2029 l'uit
992 1973 1176 2040 Jesus,
1207 1985 1336 2028 ante
1362 1972 1457 2028 Dei
1485 1987 1609 2026 cum
1642 1973 1760 2042 ipso
1789 1987 1946 2026 com-

349 2067 660 2123 munionem
702 2079 757 2122 et
803 2067 1232 2136 adunationem;
1275 2066 1375 2122 sed
1427 2066 1572 2122 idem
1603 2063 1864 2130 Verbum,
1887 2064 1943 2120 in

348 2159 521 2228 ipsam
555 2161 795 2214 .beatam
844 2157 1129 2232 Virginem
1187 2160 1450 2225 veniens,
1504 2158 1783 2229 proprium
1840 2155 1942 2212 sibi

351 2252 609 2322 templum
639 2240 724 2308 ex“
744 2250 988 2322 Virginis
1015 2253 1318 2307 substantia
1344 2252 1600 2322 sumpsit,
1635 2249 1944 2322 prodiitqne

347 2359 413 2404 ex
433 2358 497 2397 ea
521 2345 683 2398 homo
706 2344 926 2414 quidem
949 2353 1218 2420 quatenus
1241 2343 1590 2410 cernebatur,
1617 2339 1945 2399 intrinsecus

347 2444 529 2490 autem
575 2449 740 2490 verus
771 2435 1045 2490 exsistens
1084 2435 1230 2490 Deus
1271 2452 1287 2491 :
1337 2435 1567 2505 ideoque
1610 2430 1774 2491 etiam
1823 2445 1946 2506 post

347 2538 585 2598 partum,
615 2527 881 2600 virginem
909 2529 1257 2584 conservavit
1277 2537 1560 2598 parentem
1589 2540 1768 2596 suam,
1799 2529 1943 2600 quod

345 2622 555 2678 de.alio
587 2623 812 2677 nemine
859 2633 1172 2678 sanctorum
1213 2621 1483 2676 usuvenit.
1515 2619 1650 2676 Nam
1684 2625 1811 2692 quia
1853 2623 1943 2678 isti

347 2723 540 2769 natura
575 2713 822 2769 homines
853 2725 1032 2780 erant,
1080 2713 1370 2767 humanam
1415 2726 1714 2782 paremque
1753 2707 1944 2768 omnes

347 2807 685 2862 nativitatem
737 2806 914 2862 sortiti
962 2815 1110 2861 sunt.
1173 2804 1268 2876 llle
1315 2814 1520 2868 autem,
1571 2805 1700 2876 quia
1751 2814 1943 2860 natura

347 2900 491 2956 Deus
515 2908 656 2967 erat,
689 2906 968 2968 assumpta
991 2899 1156 2952 etiam
1182 2896 1450 2952 extremls
1485 2896 1822 2966 temporibus
1845 2898 1942 2951 hu-

347 2993 630 3058 manitate,
677 3005 872 3046 novam
908 3005 1020 3061 pra:
1051 2989 1274 3060 reliquis
1305 2988 1559 3044 omnibus
1603 2989 1940 3043 nativitatem

351 3100 464 3156 pra:
497 3099 556 3140 se
609 3085 753 3141 tulit.
799 3083 942 3155 Ergo
987 3094 1133 3139 recte
1178 3091 1235 3138 et
1283 3081 1515 3150 Dcipara
1563 3091 1617 3135 et
1663 3079 1941 3150 virginalis

346 3188 542 3242 mater,
568 3181 722 3232 beata
752 3177 867 3232 haec
895 3177 1019 3246 jure
1043 3176 1250 3244 optimo
1278 3174 1504 3228 dicenda
1525 3183 1628 3227 est.
1655 3170 1770 3226 Non
1792 3176 1936 3227 enim

346 3270 511 3325 homo
539 3270 772 3338 simplex
803 3277 942 3334 erat,
978 3282 1140 3336 quem
1167 3268 1280 3336 ipsa
1308 3267 1549 3336 perperit
1580 3263 1758 3321 Jesns.

415 3451 472 3506 5.
512 3448 614 3516 Qui
644 3447 789 3502 enim
815 3447 865 3500 id
898 3445 1092 3501 ﬂeret?
1125 3445 1396 3514 sihuidem
1425 3444 1491 3497 ad
1526 3443 1687 3513 hujus
1713 3454 1934 3514 operam

345 3547 410 3598 ac
437 3550 760 3612 potestatem
793 3537 886 3591 illa
920 3536 1083 3591 etiam
1127 3550 1248 3605 qua:
1288 3544 1413 3588 ante
1457 3536 1750 3590 adventum
1789 3535 1933 3590 facta

347 3631 588 3694 fuerunt,
619 3629 802 3685 divina
837 3627 1122 3696 Scriptura
1160 3625 1351 3681 reiert.
1387 3625 1525 3680 Ecce
1559 3628 1704 3680 enim
1745 3628 1934 3682 beatus

345 3724 643 3795 discipulus
675 3720 843 3776 ludas
882 3736 1074 3790 magna
1111 3734 1242 3773 voce
1280 3719 1435 3773 nobis
1467 3719 1605 3774 hanc
1647 3720 1808 3774 ﬁdem
1845 3721 1930 3776 in-

344 3819 563 3875 clamat.
606 3815 743 3871 Nam
778 3830 982 3881 rerum,
1012 3829 1132 3883 qua:
1174 3813 1359 3869 multis
1387 3815 1636 3870 mtatibus
1673 3826 1800 3869 ante
1833 3832 1930 3870 na-

344 3912 610 3968 tivitatem
633 3925 698 3964 ex
725 3907 948 3977 Virgine
976 3919 1114 3963 acta:
1141 3919 1289 3973 sunt,
1319 3907 1528 3962 faciens
1573 3911 1927 3975 mentionem,

311 4019 320 4032 ··
340 4007 421 4062 sic
447 4005 525 4060 ait
548 4021 563 4059 :
588 4021 607 4056 t
631 4003 991 4059 Commonere
1021 4011 1200 4056 autem
1233 4015 1328 4055 vos
1355 4001 1496 4066 volo,
1531 4003 1768 4057 scientes
1798 4003 1930 4058 alio-

343 4100 432 4170 qui
452 4098 657 4165 omnia,
689 4097 949 4166 quoniam
977 4093 1135 4150 Jesus
1169 4095 1422 4165 populum
1447 4096 1511 4149 de
1537 4108 1679 4150 terra
1704 4095 1925 4167 Atigypti

340 4192 578 4257 salvans,
602 4193 842 4246 secundo
874 4205 970 4245 eos
1004 4191 1094 4257 qui
1129 4205 1233 4241 non
1266 4188 1614 4243 crediderunt
1653 4191 1880 4259 perdidit
1909 4207 1924 4258 ;

339 4282 563 4352 angelos
600 4297 727 4336 vero
770 4281 860 4350 qui
900 4295 1005 4333 non
1040 4288 1392 4333 servaverunt
1446 4278 1622 4333 suum‘
1649 4281 1926 4349 principa-

342 4387 474 4438 tum,
525 4373 621 4427 sed
675 4372 955 4442 proprium
1007 4371 1337 4424 domicilium
1385 4365 1816 4440 dereliquerunt,
1872 4375 1922 4428 in

2045 1889 2391 1953 διδασκαλίας
2421 1890 2449 1942 ὁ
2493 1889 2686 1958 λόγος;
2735 1887 2813 1943 ού
2859 1887 2968 1959 γὰρ
3009 1885 3295 1956 ἄνθρωπος
3341 1883 3440 1953 μὲν
3477 1880 3635 1949 ψιλὸς

2060 1981 2266 2053 Ἰησοῦς
2296 1975 2538 2055 ὑπῆρξέν
2568 1998 2698 2036 ποτε
2729 1981 2836 2050 πρὸ
2863 1979 2965 2052 τῆς
2990 1977 3084 2033 τοῦ
3122 1976 3259 2032 θεοῦ
3291 1975 3432 2045 πρὸς
3468 1975 3635 2029 αὑτὸν

2045 2074 2334 2139 κοινωνίας
2383 2091 2441 2128 τε
2490 2076 2584 2128 καὶ
2638 2072 2905 2138 ἑνώσεως,
2943 2071 3057 2126 ἀλλ’
3089 2069 3251 2134 αὐτὸς
3298 2070 3327 2122 δ
3365 2068 3540 2137 Λόγος
3573 2069 3636 2122 ὲν

2045 2166 2182 2238 αὐτῇ
2211 2168 2276 2238 τῇ
2311 2165 2560 2237 μακαρίᾳ.
2587 2164 2853 2238 Παρθένῳ
2879 2163 3193 2233 γενόμενος,
3226 2161 3318 2215 τὸν
3346 2160 3477 2214 ἴδιον
3502 2158 3632 2211 ναὸν

2045 2241 2225 2330 έαυτῷ
2285 2261 2351 2312 ἐκ
2403 2259 2502 2329 τῆς
2556 2257 2746 2321 οὐσίας
2795 2256 2896 2328 τῆς
2933 2255 3210 2326 Παρθένου
3263 2252 3479 2318 ἔλαϐεν,
3537 2251 3634 2304 καὶ

2045 2350 2314 2424 προῆλθεν
2359 2350 2417 2415 ἐξ
2447 2349 2617 2422 αὐτῆς
2643 2349 2930 2421 ἄνθρωπος
2957 2349 3056 2420 μὲν
3087 2347 3286 2414 ἔξωθεν
3321 2341 3635 2415 θεωρούμε-

2045 2461 2158 2508 νος,
2201 2443 2411 2497 ενδοθεν
2457 2443 2512 2497 δὲ
2565 2441 2699 2507 Θεὸς
2751 2441 3016 2516 ὑπάρχων
3066 2440 3356 2512 ἀληθινός·
3412 2440 3492 2494 διὸ
3535 2440 3637 2493 καὶ

2049 2535 2186 2606 μετὰ
2209 2535 2269 2588 τὸ
2290 2535 2568 2606 τεχθῆναι,
2597 2535 2866 2605 παρθένον
2880 2533 2980 2608 τὴν
3009 2533 3274 2588 τεκοῦσαν
3302 2533 3632 2604 τετήρηκεν,

2044 2629 2180 2701 ὅπερ
2243 2628 2332 2680 ἐπ’
2392 2625 2608 2692 οὐδενὸς
2667 2625 2776 2681 τῶν
2833 2627 3009 2682 ἄλλων
3071 2627 3243 2697 ἁγίων
3308 2626 3629 2696 γεγένηται.

2057 2721 2276 2792 Ἐπειδὴ
2308 2721 2418 2793 γὰρ
2458 2722 2658 2776 ἐκεῖνοι
2703 2721 2806 2793 τὴν
2841 2713 3004 2791 φύσιν
3051 2720 3298 2791 ὑπῆρχον
3326 2718 3632 2789 ἄνθρωποι,

2043 2813 2392 2884 ἀνθρωπίνην
2445 2812 2542 2865 καὶ
2575 2813 2698 2884 ῐσην
2737 2812 2841 2885 τὴν
2875 2812 3090 2881 γένεσιν
3125 2811 3318 2882 ἔλαχον
3366 2809 3630 2872 ἅπαντες.

2027 2900 2198 2970 Οὗτος
2225 2906 2281 2959 δὲ
2303 2905 2490 2977 ἐπειδὴ
2512 2905 2652 2958 κατὰ
2681 2903 2843 2973 φύσιν
2861 2905 3104 2975 ὑπῆρχεν
3128 2903 3282 2968 Θεὸς,
3307 2903 3633 2976 προσλαϐὼν

2043 3001 2100 3052 ὲν
2146 2999 2322 3070 χρόνῳ
2362 2999 2576 3070 ἐσχάτῳ
2617 2997 2712 3052 καὶ
2751 2993 2813 3053 τδ
2856 2997 3216 3072 ἀνθρώπινον,
3269 2998 3430 3070 ξένην
3479 2997 3634 3066 παρὰ

2044 3089 2255 3152 πάντας
2306 3088 2404 3159 τὴν
2457 3091 2520 3142 ἐκ
2562 3091 2661 3161 τῆς
2690 3089 2967 3160 Παρθένου
3018 3089 3235 3160 γένεσιν
3286 3088 3632 3154 ἐπεδείξατοο

2041 3179 2238 3233 οὑκοῦν
2277 3179 2503 3244 εἰκότως
2548 3179 2930 3244 κα“ιΘεοτόκος
2974 3182 3067 3234 καὶ
3111 3179 3556 3252 παρθενομῆτωρ
3594 3181 3631 3252 ἡ

2043 3273 2292 3343 μακαρία
2321 3272 2546 3336 δικαίως
2575 3271 2641 3326 ἂν
2665 3272 2903 3342 λέγοιτο’
2929 3273 2989 3326 ού
3013 3273 3123 3345 γὰρ
3149 3272 3437 3344 ἄνθρωπος
3473 3273 3631 3344 ψιλὸς

2036 3361 2105 3436 ἦν
2137 3367 2165 3418 ὁ
2191 3363 2405 3435 τεχθεὶς
2436 3365 2494 3432 ἐξ
2529 3365 2704 3436 αὐτῆς
2754 3365 2984 3438 Ἰησοῦς.

2108 3457 2168 3511 ε’.
2214 3458 2340 3522 Πῶς
2365 3461 2503 3530 γάρς
2533 3461 2668 3513 ὅπου
2696 3460 2790 3512 καὶ
2820 3461 2926 3531 πρὸ
2955 3461 3052 3532 τῆς
3087 3461 3379 3534 ἐπιδημίας
3397 3478 3631 3535 γεγενη-

2039 3551 2198 3623 μένα,
2223 3555 2288 3624 τῇ
2314 3552 2502 3606 τούτου
2539 3553 2791 3624 ἐνεργείᾳ
2819 3555 2912 3607 καὶ
2943 3555 3164 3626 ἐξουσίᾳ
3197 3557 3232 3626 ἡ
3259 3556 3378 3609 θεία
3413 3574 3630 3628 προσα-

2035 3644 2261 3713 ναφέρει
2287 3645 2478 3716 Γραφή
2501 3661 2514 3675 ⁸
2547 3646 2643 3699 καὶ
2665 3647 2797 3714 γοῦν
2840 3646 3041 3710 Ἰούδας
3073 3649 3102 3701 δ
3140 3648 3411 3720 μακάριος
3442 3649 3628 3722 μαθη-

2033 3735 2131 3806 τὴς
2186 3735 2584 3806 μεγαλοςρώνως
2621 3740 2754 3810 ἡμῖν
2790 3739 2887 3810 τὴν
2925 3741 3179 3814 τοιαύτην
3241 3743 3627 3814 παραδέδωκεν

2033 3829 2214 3880 πίστιν
2238 3844 2252 3858 ο
2287 3829 2395 3881 τῶν
2428 3829 2536 3901 γὰρ
2570 3831 2675 3901 πρὸ
2703 3832 2916 3894 πολλῶν,
2936 3835 3136 3902 γενεῶν
3166 3836 3266 3907 τῆς
3311 3838 3375 3890 ἐκ
3403 3839 3625 3910 Παρθέ-

2033 3938 2124 3974 νου
2158 3922 2384 3993 προόδου
2415 3926 2784 3995 μεμνημένος,
2814 3911 2957 3981 οὖτω
2989 3929 3152 4001 φησίν
3175 3945 3187 3958 ⁸
3223 3950 3241 3981 ι
3276 3931 3622 4003 ’Υπομνῆσαι

2031 4013 2089 4066 δὲ
2121 4014 2266 4085 ὑμᾶς
2302 4007 2585 4086 βούλομαι,
2624 4018 2833 4082 εἰδότας
2881 4019 3117 4088 ἅπαντα,
3163 4023 3244 4076 ὅτι
3289 4023 3493 4095 Ἰησοῦς
3535 4026 3616 4096 (l)

2029 4104 2155 4159 λαὸν
2191 4108 2254 4158 ἐκ
2279 4106 2384 4176 γῆς
2406 4107 2695 4177 ,Αἰγύπτου
2727 4110 2927 4179 σώσας,
2966 4113 3028 4167 τὸ
3070 4113 3324 4186 δεύτερον
3367 4118 3495 4181 τοὺς
3539 4121 3619 4189 μὴ

2031 4199 2430 4263 πιστεύσαντας
2462 4201 2744 4256 ἀπώλεσεν
2765 4220 2777 4232 ⁸
2811 4205 3078 4274 ἀγγέλους
3111 4225 3170 4260 τε
3192 4211 3318 4272 τοὺς
3347 4209 3420 4280 μὴ
3447 4213 3619 4282 τηρή-

2031 4307 2233 4354 σαντας
2273 4293 2373 4363 τὴν
2405 4292 2614 4346 ἑαυτῶν
2647 4295 2845 4367 ἀρχὴν,
2890 4297 3025 4352 ἀλλὰ
3063 4299 3510 4372 ἀπολ[ε]ιπὸντας
3555 4304 3618 4356 τὸ

2027 4377 2160 4437 ἴδιον
2195 4385 2539 4457 οἰκητήριον,
2567 4389 2648 4452 είς
2673 4391 2856 4461 κρίσιν
2883 4393 3126 4465 μεγάλης
3161 4395 3373 4467 ἡμέρας
3397 4396 3617 4467 δεσμοῖς

332 4463 600 4534 judicium
637 4463 816 4533 magni
860 4462 990 4526 diei,
1031 4461 1262 4516 vinculis
1307 4465 1527 4517 tmernis
1554 4463 1654 4517 sub
1692 4465 1924 4534 caligine

2039 4475 2221 4540 ἆῖδίοις
2247 4477 2352 4531 ὑπὸ
2376 4477 2538 4548 ζόφον
2563 4461 2894 4554 τετήρηκεν,
2914 4504 2931 4536 ι
2968 4461 3031 4538 Εἰ
3070 4461 3128 4539 δὲ
3154 4461 3439 4558 ἀνθρωπον
3461 4461 3616 4559 ψιλὸν

341 4557 633 4613 reservavit
659 4557 726 4610 ".
755 4575 772 4608 ι
811 4555 962 4622 Quod
993 4555 1040 4609 si
1087 4553 1391 4623 simplicem
1442 4554 1714 4611 hominem
1763 4559 1919 4614 beata

342 4649 504 4719 Virgo
537 4643 1060 4719 peperissetJesmn,
1091 4645 1232 4700 hunc
1262 4656 1441 4700 autem
1471 4647 1604 4701 dicit
1627 4647 1920 4718 discipulus

336 4745 402 4797 de
433 4740 812 4811 Egyptiorum
854 4751 1013 4792 manu
1062 4733 1317 4790 lsraelem
1367 4735 1700 4800 liberavisse,
1744 4745 1917 4808 pop..-

335 4840 554 4906 lumqne
582 4849 681 4906 per
707 4836 982 4889 desertum
1015 4832 1341 4898 ductavisse,
1384 4833 1512 4902 quin
1548 4842 1602 4888 et
1639 4844 1918 4904 portento-

401 5012 446 5047 "
479 5013 585 5069 Tit.
613 5025 680 5080 ιι,
713 5011 814 5068 15.’
867 5009 914 5042 ⁸⁸
945 5006 1113 5065 lCor.
1160 5025 1218 5074 tt,
1252 5010 1307 5064 8.
1384 5010 1431 5042 ⁵⁸
1471 5010 1594 5066 Jud.
1627 5011 1681 5068 6.

401 5188 478 5258 (Ι)
517 5187 905 5243 Animadverte
947 5190 1184 5258 primum
1230 5187 1386 5242 citari
1414 5203 1466 5258 κε
1503 5189 1708 5258 Cyrillo
1756 5187 1908 5244 Indae

333 5257 654 5328 Epistulam,
706 5259 846 5328 quod
897 5259 1030 5314 facit
1079 5261 1248 5316 etiam
1299 5261 1352 5313 in
1401 5257 1812 5327 Proapltonetico
1839 5262 1908 5314 ad

335 5329 706 5398 Theodosium.
746 5344 800 5397 p.
847 5329 934 5384 77.
985 5330 1188 5384 Deinde
1245 5347 1341 5398 pro
1393 5333 1663 5392 communi
1722 5330 1910 5386 Graeca

332 5401 563 5453 lectione
597 5396 821 5471 Κύριος,
861 5403 1086 5455 observa
1134 5396 1457 5455 vocabulum
1498 5399 1726 5471 Ἰησοῦς,
1762 5403 1904 5469 quod

332 5473 492 5525 habet
510 5469 710 5542 reapse
731 5470 977 5542 vulgatus
1006 5471 1466 5542 noster_Latinus,
1503 5469 1833 5542 suifragaute
1853 5474 1902 5523 ei

330 5556 453 5594 cum
483 5538 686 5611 Cyrillo
731 5541 894 5593 etiam
939 5543 1130 5597 codice
1174 5539 1270 5611 Cr.
1303 5541 1568 5611 principe
1589 5555 1653 5596 ac
1678 5538 1902 5597 “celebri

335 5609 688 5681 Vaticano,_et
718 5611 988 5681 nonnullis
1011 5611 1132 5665 aliis
1151 5610 1245 5664 Gr.
1279 5612 1420 5681 apud
1450 5609 1516 5664 cl.
1547 5609 1901 5666 Scholtzium.

333 5681 500 5735 Porro
532 5681 575 5734 si
597 5679 724 5735 Jesu
770 5695 865 5748 pro
890 5679 1074 5744 .lusue,
1105 5693 1163 5733 ut
1203 5679 1439 5752 nonnulli
1474 5683 1786 5752 esisthnant
1811 5699 1905 5752 pn-

333 5756 496 5816 nttut',
538 5753 583 5808 is
619 5753 837 5821 quidem
889 5753 1018 5816 dux,
1057 5753 1222 5820 lignra
1267 5751 1476 5807 Domini
1507 5750 1634 5806 Jcsu
1678 5750 1905 5809 credi-n-

2028 4567 2214 4623 ἔτεκεν
2249 4571 2282 4641 ἡ
2317 4573 2563 4644 μακαρία
2604 4575 2881 4647 Παρθένος
2926 4578 3016 4632 τὸν
3067 4581 3295 4652 Ἰησοῦν,
3337 4581 3526 4637 τοῦτον
3557 4585 3616 4638 δέ

2028 4676 2193 4729 φησιν
2223 4663 2250 4714 6
2280 4663 2549 4734 μαθητὴς,
2573 4665 2673 4736 τῆς
2694 4668 3009 4735 Αἰγυπτίων
3048 4671 3230 4743 χειρὸς
3260 4672 3351 4725 τὸν
3398 4674 3616 4745 Ἰσραὴλ

2026 4751 2491 4825 ἐλευθερώσαντα,
2541 4757 2635 4810 καὶ
2673 4759 2978 4829 ἡγούμενον
3015 4761 3110 4815 τοῦ
3163 4762 3293 4818 λαοῦ
3337 4767 3478 4820 κατὰ
3515 4766 3615 4838 τὴν

2026 4839 2250 4912 ἔρημον,
2271 4842 2328 4908 ὃς
2347 4844 2441 4898 καὶ
2459 4845 2568 4912 τῶν
2587 4846 2971 4922 τεραστ[ε]ίων
2991 4851 3235 4909 ἐπετέλει
3251 4855 3315 4909 τὰ
3335 4843 3606 4927 θαύματα,

2017 5191 2252 5283 ilus-3st.
2271 5191 2632 5283 Quanquam
2656 5211 2847 5283 reapse
2889 5200 3122 5283 Movses,
3154 5222 3256 5262 non
3281 5173 3479 5283 AJosue,
3513 5229 3617 5283 po-

2018 5263 2202 5346 pulum
2235 5279 2298 5317 ex
2340 5262 2848 5346 Egyptueripuil;
2891 5262 3179 5346 Διιιιῖιιοιιιιο
3223 5262 3608 5342 ιιιίιιιιῖῖοξιῖε

2021 5332 2248 5422 rebelles
2277 5332 2842 5422 angelogiadninferos'
2873 5332 3124 5422 detrusii.
3158 5332 3396 5422 Plurimi
3416 5332 3608 5422 igitur:

2015 5405 2431 5487 utnnunc‘etjant
2453 5405 2720 5487 'Cyrillns,
2750 5423 2898 5487 re_cto
2928 5429 2990 5471 ac
3023 5418 3301 5487 primitivo
3327 5405 3606 5479 suiSui}:

2015 5473 2999 5563 telliguntnbicJDonIIinninLJes‘nm,
3023 5473 3036 5487 ’
3052 5492 3143 5563 qui
3178 5473 3600 5563 ὑπέρείῖἶῇεέίο

2015 5543 2487 5632 ιιοριιίοὼίηίοίξτωο
2517 5548 2654 5632 Δ(ιιιι
2685 5549 2804 5604 fuit.
2853 5553 2967 5610 Nisi
2987 5543 3602 5632 ’ράιιυξζῆἱιὸιιῖιὶἑὶῦ

2015 5614 2412 5705 quodammodo
2446 5626 2895 5705 estapersonam
2937 5614 3126 5685 ιι·ῑὲτηὶ
3176 5614 3604 5705 Verbi—angelus

2015 5693 2120 5736 dux
2165 5689 2612 5751 repraesentabat.
