3966 6194
1925 189 1955 223 Δ

325 285 408 342 ,οι
985 265 991 269 '
1389 265 1579 334 quon
1615 265 1674 318 ιι.
1719 262 1862 318 MAR

1977 260 2086 316 SIT
2131 257 2448 314 DEIPARA.
3439 254 3547 313 563

327 401 416 476 πρὸ
438 393 690 454 τοσούτων
720 389 924 462 γενεῶν
967 389 1175 466 τῆςςὲκ
1211 387 1500 458 Παρθιεννυ⁸
1518 386 1824 458 γεννησεως
1849 402 1862 416 ·

1971 399 2089 437 rum
2126 380 2495 454 miracula‘tot
2521 387 2644 435 ante
2670 380 3004 436 nativitatem
3027 395 3092 438 ex
3123 378 3341 452 Virgine
3369 385 3548 437 artati.

327 472 412 550 ποῦ
433 489 602 545 τοῦτον
621 487 729 557 ἄρα
758 483 881 538 κατ’
915 482 1160 544 ἐκείνους
1186 479 1312 544 τοὺς
1345 479 1567 550 χρόνους
1604 477 1862 548 ὑπάρχει.»

1974 477 2078 531 bus
2105 473 2424 545 patravisse,
2455 472 2672 528 ubinam
2690 474 2832 529 hunc
2874 474 3204 545 temporibus
3249 474 3355 530 illis
3381 479 3550 534 exsti-

328 586 549 641 δώσουσιν
569 595 582 644 ;
607 577 737 631 πότε
753 576 810 630 δὲ
826 574 925 646 τῆς
943 573 1212 642 γενέσεως
1243 571 1341 644 τὴν
1370 570 1543 643 ἀρχὴν
1569 569 1862 640 ἐσχηκόταῖ

1976 567 2107 623 tisse
2149 566 2494 622 concedent?
2545 566 2812 622 undenam
2868 581 3044 624 autem
3089 569 3387 626 nativitatis
3439 588 3550 627 sum

335 672 492 728 ὓύκέτι
517 669 620 739 γὰρ
653 667 841 730 αὐτοῖς
871 665 1028 735 λόγος
1065 664 1416 735 συγχωρήσει
1447 661 1646 730 λέγειν,
1681 661 1745 712 ἐκ
1773 659 1862 728 τῆς

1973 658 2244 728 originem
2272 657 2542 712 traxisse?
2566 656 2750 728 Neque
2775 658 2919 713 enim
2952 661 3081 729 ipsis
3109 663 3249 717 ratio
3277 666 3551 732 permittet

333 763 622 836 παρθενικῆς
663 759 897 830 προόδου
942 758 1040 829 τὴν
1071 757 1247 829 ἀρχὴν
1276 754 1370 809 τοῦ
1404 749 1545 808 εἶναι
1588 751 1862 821 εἰληφότα.

1968 749 2156 806 dicere
2183 751 2328 804 illum
2353 764 2416 804 ex
2448 747 2670 819 Virgine
2695 750 2906 806 initium
2925 753 3214 808 exsistendi
3235 757 3530 826 sumpsisse

331 854 702 911 Διὼσκέτωσαν
724 850 910 904 τοίνυν
940 851 988 902 οἱ
1011 848 1121 902 τῶν
1147 846 1333 900 κακῶν
1362 847 1654 918 ἐφευρεταὶ
1675 842 1875 914 δογμά-

332 965 433 1008 των,
464 946 581 998 πότε
603 943 706 1014 τῆς
735 941 1009 1010 γενέσεως
1035 939 1132 1010 τὴν
1158 939 1334 1010 ἀρχὴν
1355 930 1509 1000 οὗτος
1531 941 1558 991 6
1587 937 1682 992 ἄνθ
1691 953 1873 1008 ρωπος

334 1041 555 1109 ἔσχηκεν,
590 1033 695 1088 ποῦ
727 1033 784 1088 δὲ
815 1034 910 1086 καὶ
943 1032 1000 1085 ὲν
1026 1034 1169 1085 τίσιν
1196 1031 1304 1101 ἄρα
1343 1029 1569 1083 διετέλει
1597 1027 1873 1090 τοσούτοις

335 1128 494 1181 ἔτεσιν.
529 1123 665 1178 Ἀλλ’
699 1123 798 1176 οὐκ
835 1123 915 1176 ἔτι
948 1121 1138 1175 τοῦτον
1175 1121 1461 1192 ἄνθρωπον
1490 1117 1628 1172 εἶναι
1670 1118 1778 1172 τῶν
1811 1113 1869 1170 εὖ

335 1218 632 1292 φρονούντων
665 1234 752 1280 τις
784 1217 922 1287 ἐρεῖ,
975 1214 1034 1278 ὃς
1084 1215 1178 1268 καὶ
1211 1215 1321 1278 τοῖς
1354 1211 1496 1267 κατὰ
1542 1209 1603 1266 τὸ
1643 1211 1871 1266 παλαιὸν

337 1312 694 1382 ἁμαρτήσασιν,
716 1307 812 1360 καὶ
833 1307 894 1360 τὸ
915 1306 1046 1359 ἴδιον
1067 1301 1509 1377 ἀπολ[ε]ιποῦσιν
1529 1303 1868 1372 οἰκητήριον,

337 1405 386 1457 ὲκ
412 1403 514 1456 τότε
549 1400 652 1464 τὰς
699 1384 972 1471 τιμωρίας
1021 1396 1245 1469 ὥρισεν,
1297 1397 1392 1450 καὶ
1430 1397 1530 1468 τῆς
1557 1395 1870 1464 Αἰγυπτίων

338 1494 481 1565 χειρὸς
521 1491 735 1565 Ἰσραὴλ
767 1491 995 1559 ἐνδόξως
1020 1487 1274 1564 ἐρύσατο.
1311 1491 1372 1544 Εἰ
1397 1489 1579 1543 τοίνυν
1605 1488 1746 1542 κατὰ
1770 1486 1869 1558 τὴν

338 1585 478 1639 αὐτῶν
503 1585 727 1649 ἔκδοσιν,
759 1581 884 1638 οῦτε
911 1585 941 1636 6
973 1583 1106 1647 Θεὸς
1132 1583 1306 1651 Λόγος
1339 1581 1680 1635 ὑπονοεῖσθαι
1709 1580 1869 1634 δύνα-

340 1693 427 1740 ται,
449 1676 522 1730 διὰ
547 1676 603 1730 τὸ
623 1675 716 1730 τὸν
743 1674 808 1727 ὲκ
838 1675 938 1745 τῆς
977 1673 1256 1746 Παρθένου
1293 1671 1555 1743 τεχθέντα
1601 1666 1739 1726 εἶναι
1778 1669 1870 1724 τὸν

1975 841 2364 896 Demonstrent
2419 839 2614 913 144d
2665 841 2848 912 itaque
2898 859 3186 912 pravorum
3241 847 3548 917 dogmatum

1975 933 2309 998 inventores,
2335 932 2477 988 unde
2510 943 2662 988 ortus
2692 935 2775 989 sui
2801 935 3123 1008 principium
3155 937 3242 994 hic
3265 939 3425 994 homo
3451 942 3550 996 ha-

1971 1023 2190 1088 buerit;
2229 1024 2447 1078 ubinam
2493 1023 2756 1094 quibusve
2797 1026 2854 1080 in
2899 1025 3031 1081 locis
3063 1035 3140 1082 tot
3177 1031 3334 1085 annis
3376 1031 3462 1088 hic
3493 1048 3552 1089 se

1973 1116 2326 1171 continuerit.
2374 1114 2479 1170 Sed
2519 1115 2630 1186 jam
2678 1130 2837 1172 nemo
2881 1131 3047 1175 sanus
3082 1119 3225 1176 hunc
3271 1122 3416 1178 dicet
3457 1125 3554 1180 ho-

1973 1208 2194 1274 minem,
2227 1207 2400 1276 quiet
2439 1205 2567 1262 olim
2612 1211 2963 1278 peccantibus
3006 1225 3273 1283 suumque
3325 1215 3553 1272 domicio

1972 1299 2100 1354 lium
2129 1297 2510 1354 deserentibus
2529 1312 2718 1368 ptenas
2738 1298 3062 1369 decreverit,
3091 1313 3144 1357 et
3173 1318 3237 1358 ex
3274 1304 3555 1378 Egyptio—

1974 1405 2092 1448 rum
2121 1408 2279 1448 manu
2307 1391 2564 1449 lsraelem
2592 1393 2878 1464 splendide
2903 1396 3189 1466 eripuerit.
3223 1397 3280 1454 Si
3308 1415 3438 1471 ergo
3465 1417 3554 1460 se-

1947 1485 2205 1541 'cundum
2232 1485 2470 1554 ipsorum
2492 1485 2920 1551 concessionem,
2951 1503 3124 1559 neque
3153 1487 3294 1547 Deus
3315 1490 3551 1550 Verbum

1972 1575 2119 1634 credi
2145 1584 2321 1648 potest
2349 1575 2526 1645 Jesus,
2552 1587 2774 1647 propter
2797 1581 2914 1648 ejus
2939 1595 3005 1636 ex
3036 1580 3259 1654 Virgine
3293 1586 3553 1642 nativita-

1973 1680 2118 1736 tem;
2157 1685 2331 1740 neque
2364 1684 2554 1725 rursus
2601 1670 2765 1725 homo
2797 1685 2918 1727 esse
2947 1684 3122 1743 potest
3158 1677 3250 1746 qui
3287 1679 3552 1750 ejusmodi

351 1766 536 1839 Ἰησοῦν,
564 1765 688 1821 οὔτε
712 1765 1002 1839 ἄνθρωπος
1041 1764 1205 1819 πάλιν
1247 1765 1275 1817 6
1320 1761 1495 1816 ταῦτα
1528 1763 1862 1834 θαυματουρ·

1975 1761 2218 1833 prodigia
2254 1761 2488 1817 ediderit
2519 1761 2757 1834 (etenim
2793 1764 2860 1819 ab
2893 1764 3130 1822 hominis
3167 1779 3358 1824 natura
3391 1783 3442 1827 et
3477 1773 3554 1827 fa-

344 1857 482 1927 γήσας
527 1857 686 1928 (ξένα
736 1856 849 1927 γὰρ
897 1858 997 1928 τῆς
1051 1855 1340 1928 ἀνθρώπου
1394 1855 1608 1925 φύσεώς
1658 1873 1718 1909 τε
1773 1856 1868 1908 καὶ

347 1948 571 2021 δδνάμεως
597 1953 664 2006 τὰ
694 1950 1068 2024 προειρημένα
1101 1947 1478 2020 καθέστηκεν),
1519 1947 1640 2003 τίνα
1683 1946 1866 2001 λοιπὸν

353 2041 580 2110 ὲπινσῆσαι
598 2043 784 2097 οὐσίαν
816 2042 992 2112 τούτῳ
1018 2040 1112 2094 καὶ
1141 2040 1295 2106 τάξιν
1327 2041 1646 2112 δυνήσονται
1673 2057 1689 2107 ;

421 2134 479 2198 ς’.
507 2135 624 2188 Ἀλλ’
645 2137 808 2206 ἡμεῖς
833 2133 902 2187 τὰ
922 2132 1125 2186 τούτων
1153 2134 1374 2204 ῥήματα.
1393 2132 1662 2204 τοσαύτης
1682 2133 1868 2196 ἀνοίας

371 2223 449 2274 aut
485 2224 861 2297 παραφροσύνης
897 2224 1131 2296 ὁρῶντες
1181 2223 1379 2294 μεστὰ,
1423 2223 1522 2278 καὶ
1561 2219 1760 2296 οἷάπερ
1807 2225 1865 2277 ὲν

371 2312 526 2380 ὕπνοις
547 2319 622 2369 καὶ
648 2318 774 2390 μέθη
800 2317 939 2388 πρὸς
972 2315 1151 2370 αὐτῶν
1183 2315 1474 2389 λεγόμενα,
1520 2316 1732 2381 τούτοις
1765 2317 1865 2389 μὲν

361 2406 483 2459 κατὰ
510 2407 592 2478 τὴν
618 2407 700 2462 τοῦ
729 2409 978 2484 Σωτῆρος
1012 2407 1246 2481 ἐροῦμεν
1283 2409 1469 2481 φωνήν
1488 2427 1502 2441 ·
1537 2428 1556 2462 ι
1581 2409 1864 2464 Πλανᾶσθε

351 2497 419 2569 μὴ
440 2498 614 2563 εἰδότες
635 2501 728 2564 τὰς
746 2501 985 2573 Γραφὰς,
1010 2500 1142 2572 μηδὲ
1165 2499 1262 2572 τὴν
1283 2501 1512 2573 δύναμιν
1538 2501 1634 2556 τοῦ
1660 2501 1794 2556 Θεοῦ
1812 2520 1858 2555 ο»

337 2589 409 2642 διὸ
430 2591 482 2661 δὴ
509 2592 760 2664 ἐκνήψατε
788 2593 1035 2661 δικαίως,
1061 2594 1157 2647 καὶ
1186 2593 1260 2664 μὴ
1295 2592 1662 2666 ἁμαρτάνετε,
1691 2595 1866 2664 ἀγνω-

338 2679 438 2734 σίαν
458 2681 575 2736 Θεοῦ
601 2686 681 2748 είς
703 2684 958 2738 τοσοῦτον
990 2685 1349 2755 νοσήσαντεςο
1385 2679 1558 2755 ὀρθῶς
1591 2684 1648 2739 δὲ
1680 2685 1860 2751 πάλιν,

331 2774 409 2826 καὶ
457 2775 522 2840 ὡς
567 2776 993 2850 προαποδέδοται
1033 2775 1135 2847 τῆς
1185 2776 1432 2840 ἑνώσεως
1470 2776 1718 2842 νοοῦντες
1762 2777 1862 2850 τὴν

321 2864 472 2931 δόξαν,
500 2865 620 2920 Θεόν
674 2884 738 2920 τε
794 2867 880 2920 ἀεὶ
907 2865 1037 2919 ὄντα
1091 2865 1309 2934 τοῦτον,
1349 2867 1639 2938 γενόμενον
1667 2868 1722 2922 δὲ
1773 2869 1862 2922 ἐπ’

1970 1851 2174 1909 cultate
2201 1869 2320 1923 quae
2353 1869 2513 1924 supra
2541 1853 2778 1910 diximus
2805 1855 3146 1928 abhorrent),
3164 1860 3374 1930 qualem
3403 1865 3556 1920 deni-

1968 1963 2074 2018 que
2103 1955 2360 2017 poterunt
2390 1946 2550 2016 hujus
2578 1961 2698 2003 esse
2723 1947 3082 2016 substantiam
3114 1962 3170 2008 et
3189 1957 3555 2016 conditionem

1966 2040 2324 2097 existimare?

2038 2132 2092 2188 6.
2136 2132 2240 2188 Sed
2265 2133 2409 2188 enim
2446 2147 2542 2190 nos
2569 2133 2763 2189 horum
2795 2134 2958 2192 verba
2987 2137 3122 2195 adeo
3145 2139 3428 2198 dementia:
3458 2145 3554 2201 de-

1963 2223 2185 2296 liriique
2232 2225 2387 2296 plena
2436 2236 2748 2295 cernentes,
2785 2241 2848 2284 ac
2890 2229 3056 2287 veluti
3089 2247 3119 2286 a
3160 2233 3555 2291 somniantibus

1965 2317 2304 2387 ebriosisque
2351 2323 2628 2383 eructata,
2674 2318 2760 2374 his
2789 2318 2944 2388 juxta
2990 2321 3302 2378 Servatoris
3332 2322 3553 2378 effatum

1966 2409 2210 2462 dicemus
2235 2425 2249 2462 :
2281 2425 2300 2459 ι
2321 2405 2556 2475 Erratis,
2577 2409 2888 2465 nescientes
2912 2411 3229 2482 Scripturas
3251 2428 3426 2484 neque
3447 2417 3555 2470 vir-

1969 2507 2136 2553 tutem
2172 2497 2266 2554 Dei
2290 2497 2358 2552 ‘°.
2395 2516 2414 2551 ι
2451 2498 2578 2554 Ideo
2609 2509 2667 2553 ut
2698 2516 2796 2570 par
2821 2512 2904 2556 est
2940 2504 3207 2561 edormite
3249 2508 3550 2579 crapulam,

1965 2600 2022 2645 et
2051 2590 2218 2645 nolite
2255 2605 2503 2660 peccare,
2539 2599 2685 2646 tanta
2717 2593 2794 2648 rei
2825 2593 3024 2650 divinae
3058 2597 3365 2666 ignorantia
3406 2600 3554 2657 laboo

1965 2691 2168 2738 rantes.
2200 2681 2308 2737 Sed
2343 2691 2491 2738 recte
2533 2683 2738 2752 potius,
2783 2695 2945 2756 atque
2975 2696 3031 2742 ut
3064 2687 3174 2759 jam
3211 2691 3556 2748 demonstra-

1965 2783 2076 2827 tum
2123 2789 2152 2827 a
2203 2773 2360 2828 nobis
2399 2773 2517 2838 fuit,
2562 2773 2910 2831 adunationis
2955 2777 3182 2847 gloriam
3227 2783 3551 2853 cogitantes.

1962 2865 2105 2919 hunc
2137 2874 2191 2919 et
2231 2865 2399 2920 Deum
2425 2880 2643 2946 semper
2669 2865 2857 2934 fuisse,
2885 2879 2938 2923 et
2968 2881 3244 2939 postremo
3281 2874 3551 2931 hominem

321 2956 532 3028 ἐσχάτων
558 2957 661 3012 καὶ
702 2957 991 3029 ἄνθρωπον
1031 2958 1384 3028 ἐπιστάμενοι
1407 2998 1420 3022 ,
1455 2959 1728 3030 ἀτρέπτου
1767 2961 1862 3014 καὶ

1968 2971 2176 3028 quoque
2223 2955 2424 3013 factum
2473 2968 2875 3028 agnoscentes,
2924 2959 2997 3014 ita
3046 2971 3227 3018 tamen
3278 2974 3335 3020 ut
3385 2965 3555 3035 ipsius

321 3049 646 3105 ἁναλὶοιῶτου
682 3048 1048 3121 φυλαχθείσης
1079 3050 1243 3104 αὑτοῦ
1268 3048 1368 3121 τῆς
1397 3050 1672 3122 θεότητος,
1695 3052 1858 3106 αὐτὸν

1968 3050 2344 3106 invertibiliter
2399 3058 2455 3106 et
2521 3051 2929 3108 immutabiliter
2983 3067 3304 3112 conservata
3375 3061 3551 3114 deitas

319 3141 397 3196 tul.
420 3141 524 3196 τότε
558 3142 664 3214 τῆς
694 3141 756 3208 ἐξ
793 3140 1069 3210 Αἰγύπτου
1113 3143 1334 3212 πορείας
1367 3141 1460 3196 τοῦ
1504 3142 1719 3214 Ἰσραὴλ
1751 3139 1862 3196 Σω-

1968 3142 2159 3210 fuerit,
2194 3145 2446 3198 eumdem
2488 3153 2542 3198 et
2589 3152 2717 3200 tunc
2762 3145 2975 3200 Israelis
3023 3159 3088 3200 ex
3119 3145 3354 3220 Egypto
3388 3167 3552 3207 exce-

315 3235 434 3305 τῆρα
457 3236 832 3307 πιστεύωμεν·
875 3234 962 3288 ἀεὶ
999 3234 1096 3308 μὲν
1123 3233 1218 3288 τοῦ
1247 3228 1459 3308 Πατρὸς
1499 3235 1626 3289 ὄντα
1667 3236 1858 3304 Λόγον,

313 3327 391 3380 καὶ
418 3327 540 3396 φῶς,
568 3329 665 3383 καὶ
691 3326 1058 3397 ἀπαύγασμα,
1086 3328 1176 3379 καὶ
1203 3327 1302 3397 τῆς
1335 3325 1671 3398 θεοπρεποῦς
1703 3325 1862 3399 δόξης

313 3415 392 3485 τὴν
417 3415 732 3470 δυναστείαν
756 3415 949 3486 ἔχοντα
969 3432 984 3445 ·
1017 3414 1097 3467 διὸ
1129 3414 1191 3486 δὴ
1223 3416 1319 3469 καὶ
1357 3416 1542 3485 ἔλεγεν
1570 3416 1646 3487 τῷ
1679 3433 1860 3486 μακα-

309 3507 395 3579 ρίῳ
422 3510 620 3582 Μωῦσῇ
645 3527 659 3541 ·
703 3527 725 3560 ι
757 3507 900 3576 Ἐγώ
929 3509 1041 3578 ειμι
1075 3509 1101 3561 ό
1127 3506 1263 3561 ὤν’»
1304 3511 1418 3572 καὶ,
1460 3529 1478 3561 ι
1503 3508 1644 3578 Ἐγὼ
1669 3512 1697 3563 6
1728 3511 1860 3575 Θεὸς

319 3601 555 3674 ’Δόρααμη
579 3603 681 3658 καὶ
701 3601 836 3665 Θεὸς
870 3599 1071 3661 Ἰσαὰκ,
1098 3601 1190 3654 καὶ
1212 3601 1345 3665 Θεὸς
1383 3601 1578 3656 Ἰακώϐ
1598 3619 1610 3632 °
1635 3621 1654 3656 ›
1685 3605 1784 3674 τὴν
1804 3603 1860 3656 δὲ

305 3691 382 3746 τοῦ
410 3694 526 3748 Υίοῦ
556 3691 941 3767 προσηγορίαν
979 3691 1358 3763 προσλαϐόντα
1398 3694 1494 3764 μὲν
1526 3695 1614 3748 ὅτε
1638 3695 1860 3763 γέγονεν

305 3786 582 3857 ἅνθρωπος,
613 3785 727 3858 τῆς
755 3786 813 3839 δὲ
842 3783 1089 3847 ὲνώσεως
1121 3785 1305 3857 χάριν,
1339 3788 1432 3840 καὶ
1481 3785 1568 3840 διὰ
1597 3787 1657 3840 τὸ
1696 3789 1860 3842 αὐτὸν

297 3874 558 3947 ἄνθρωπον
595 3875 960 3947 γεγενῆσθαι,
983 3875 1096 3928 ἀλλ’
1127 3876 1226 3929 οὐκ
1261 3879 1318 3929 ὲν
1360 3876 1629 3948 ἀνθρώπῳ
1657 3879 1862 3948 ἐνῳκη-

301 3968 460 4022 κέναι·
485 3973 579 4024 καὶ
612 3969 688 4023 τὰ
728 3969 872 4032 τότε,
903 3967 995 4021 καὶ
1022 3968 1092 4020 τὰ
1137 3967 1234 4022 νῦν
1280 3971 1347 4040 τῇ
1384 3967 1558 4040 Ἰησοῦ
1607 3970 1699 4023 καὶ
1734 3971 1862 4040 Χρι-

300 4060 404 4116 στοῦ
441 4063 796 4136 προσηγορίᾳ
838 4059 1148 4124 ἀκολούθως
1195 4062 1300 4116 ὑπὸ
1349 4063 1452 4134 τῆς
1498 4062 1857 4118 θεοπνεύστου

298 4151 490 4227 Γραςῆς
520 4155 918 4225 δοξαζόμενον.
1121 4213 1126 4219 ε

351 4247 407 4311 ζ’.
438 4250 546 4304 Καὶ
591 4248 736 4320 γοῦν
791 4250 889 4320 τὴν
935 4251 1192 4322 τοιαύτην
1234 4249 1492 4305 ὑπόθεσιν
1545 4250 1718 4317 ἔξεστι
1768 4249 1859 4304 διὰ

291 4338 526 4396 πλειόνων
557 4343 799 4412 θεωρεῖν
835 4343 938 4395 ὑπὸ
972 4343 1081 4396 τῶν
1109 4344 1280 4410 ἁγίων
1319 4345 1732 4415 κηρυττομένην
1765 4345 1858 4396 ἀν-

285 4429 410 4502 δρῶν
430 4449 444 4464 ⁶
470 4433 565 4490 τοῦ
617 4436 728 4506 μὲν
774 4434 1046 4504 Ἱερεμίου
1077 4436 1376 4507 διαρρήδην
1410 4435 1639 4505 βοῶντος
1659 4453 1672 4466 ·
1711 4455 1728 4488 ι
1753 4429 1856 4488 05-
1889 4464 1934 4519 D

286 4539 359 4587 τος
383 4528 409 4579 6
437 4527 571 4591 Θεὸς
610 4527 800 4599 ἡμῶν,
841 4529 902 4580 οὐ
945 4528 1331 4599 λογισθήσεται
1374 4530 1561 4600 ἔτερος
1594 4529 1732 4601 πρὸς
1761 4530 1860 4582 αὖ·

286 4615 392 4667 τύνο
433 4619 669 4690 ἐξεῦρεν
725 4620 904 4672 πᾶσαν
951 4621 1069 4674 ὁδὸν
1119 4623 1463 4693 ἐπιστήμης,
1501 4622 1596 4674 καὶ
1657 4621 1856 4674 ἔδωκεν

283 4708 430 4779 αὐτὴν
464 4710 676 4765 Ἰακὼϐ
721 4709 800 4779 τῷ
838 4711 988 4763 παιᾶ
1027 4710 1192 4764 αὑτοῦ
1215 4755 1228 4778 ,
1257 4697 1586 4784 καὶίσραὴλ
1616 4711 1693 4782 τῷ
1723 4714 1859 4781 ἢγα-

283 4803 490 4873 πημένῳ
516 4803 613 4857 ὑπ’
646 4802 816 4857 αὐτοῦ
837 4819 850 4832 ·
897 4803 1036 4873 μετὰ
1069 4803 1241 4857 ταῦτα
1277 4805 1369 4858 ἐπὶ
1401 4806 1501 4873 τῆς
1530 4805 1633 4874 γῆς
1677 4803 1857 4872 ὦψθηο

278 4893 488 4957 καὶτοῖς
515 4891 841 4965 ἀνθρώποις
869 4895 1280 4965 συνανεστράφη
1303 4911 1315 4924 ·
1332 4913 1349 4945 ι
1386 4891 1479 4946 τοῦ
1504 4893 1560 4946 δὲ
1583 4891 1858 4962 ύμνογρά·

278 4998 364 5051 pou
385 4986 773 5060 μελῳδοῦντος
815 4985 1034 5038 Δαϐίδσι
1057 4988 1259 5057 Μήτηρ
1287 4987 1360 5056 (Ι)
1390 4986 1526 5041 Σιὼν
1552 4987 1696 5056 spei"
1732 4985 1858 5041 Ἀν-

1963 3234 2144 3288 deutis
2195 3235 2544 3290 Servatorem
2614 3235 2940 3299 credamus,
2999 3249 3320 3308 semperque
3375 3239 3554 3296 Patris

1967 3324 2200 3380 Verbum
2237 3325 2425 3390 fuisse,
2458 3327 2638 3382 lumen
2673 3336 2836 3398 atque
2877 3327 3244 3398 splendorem,
3284 3341 3340 3386 et
3378 3333 3553 3404 dignae

1966 3417 2074 3473 Deo
2105 3419 2292 3488 gloria:
2334 3428 2652 3488 potestatem
2706 3419 2948 3475 tenuisse
2981 3437 2996 3476 :
3033 3421 3265 3491 ideoque
3306 3435 3360 3480 et
3395 3427 3553 3483 beato

1964 3503 2130 3582 Moysi
2161 3513 2378 3567 dicebat
2409 3530 2422 3566 :
2457 3530 2476 3560 ι
2507 3511 2618 3583 Ego
2641 3527 2758 3568 sum
2785 3514 2877 3584 qui
2902 3529 3020 3570 sum
3045 3513 3120 3580 ⁸¹;
3157 3535 3174 3568 ι
3202 3527 3256 3572 et
3288 3533 3387 3590 ego
3413 3521 3553 3576 Deus

1961 3601 2278 3666 Abrahami,
2303 3612 2358 3658 et
2381 3601 2520 3657 Deus
2547 3602 2740 3671 lsaaci,
2775 3613 2830 3659 et
2857 3603 3000 3660 Deus
3021 3603 3207 3662 Jacobi
3231 3609 3277 3691 ξ’
3308 3632 3320 3664 :
3348 3619 3397 3663 et
3429 3609 3550 3668 Filii

1963 3693 2177 3763 quidem
2207 3709 2401 3749 nomen
2427 3704 2552 3749 tunc
2583 3697 2880 3765 sumpsisse
2903 3712 3024 3752 cum
3058 3697 3235 3754 factus
3257 3710 3339 3755 est
3367 3703 3552 3770 homo,

1963 3787 2307 3842 adunationis
2351 3788 2542 3856 gratia,
2583 3798 2636 3842 et
2689 3790 2814 3857 quia
2855 3788 3148 3844 humanam
3183 3794 3550 3849 conditionem

1963 3878 2292 3947 assumpsit,
2345 3894 2452 3932 non
2497 3879 2549 3933 in
2594 3880 3128 3936 homine-habitavit
3173 3901 3187 3937 :
3239 3894 3293 3938 et
3331 3884 3458 3940 olim
3498 3898 3553 3940 et

1962 3984 2106 4024 nunc
2128 3971 2230 4025 sub
2267 3967 2396 4024 Jesu
2438 3971 2753 4040 Christique
2802 3972 3160 4041 appellatione
3183 3975 3252 4030 ab
3291 3976 3550 4046 iuSpirata

1962 4064 2224 4120 divinitus
2257 4063 2539 4132 Scriptura
2576 4075 2939 4121 consectanee
2969 4065 3281 4138 gloriﬁcari.

2036 4239 2088 4296 7.
2130 4239 2307 4310 Atque
2333 4239 2434 4294 hoc
2470 4247 2847 4309 argumentum
2879 4237 3126 4307 pluribus
3157 4239 3339 4295 verbis
3369 4239 3552 4297 videre

1962 4332 2090 4389 licet
2115 4349 2144 4388 a
2165 4333 2372 4388 sanctis
2389 4331 2522 4385 viris
2550 4331 2936 4401 prwtlieatum;
2969 4327 3204 4385 Ieremia
3227 4334 3442 4400 quidem
3469 4335 3552 4390 di-

1962 4435 2107 4480 serte
2143 4424 2452 4480 clamante:
2495 4440 2513 4475 ι
2547 4421 2642 4476 Hie
2670 4421 2812 4476 Deus
2842 4431 3030 4476 noster
3059 4432 3163 4488 est,
3201 4440 3374 4494 neque
3413 4426 3552 4484 alius

1964 4521 2252 4588 quisquam
2276 4529 2397 4570 cum
2425 4529 2487 4571 eo
2510 4514 2916 4584 comparabitur
2943 4532 2957 4568 :
2991 4514 3105 4584 ipse
3132 4531 3347 4572 omnem
3381 4519 3553 4574 scien-

1965 4611 2053 4666 tia:
2073 4610 2324 4666 semitam
2346 4607 2639 4673 adiuveuit,
2667 4607 2997 4675 tradiditque
3023 4622 3141 4661 eam
3162 4607 3364 4664 Jacobo
3384 4627 3550 4680 puero

1961 4716 2082 4766 suo,
2111 4712 2166 4756 et
2195 4699 2378 4756 lsraeli
2416 4699 2612 4754 dilecto
2653 4714 2772 4754 suo.
2800 4697 2933 4754 Post
2975 4699 3090 4754 hac
3123 4701 3176 4755 in
3221 4711 3361 4755 terra
3402 4702 3549 4756 visus

1962 4802 2063 4856 est,
2108 4785 2318 4856 etcum
2375 4791 2686 4847 hominibus
2743 4803 3100 4850 conversatus
3134 4803 3218 4848 est
3247 4789 3324 4856 ³⁹;
3365 4811 3382 4843 ι
3434 4801 3545 4846 ιιιιη

1961 4888 2121 4942 etiam
2163 4885 2573 4957 hymnographo
2607 4895 2838 4941 canente
2873 4885 3073 4941 Davide
3116 4902 3129 4938 :
3169 4905 3188 4936 ‹
3216 4881 3386 4938 Mater
3415 4882 3544 4938 Sion

1963 4983 2104 5034 dicet
2127 4999 2140 5036 :
2164 4978 2357 5044 Homo,
2377 4987 2432 5033 et
2451 4978 2612 5034 homo
2631 4988 2788 5032 natus
2805 4987 2889 5032 est
2906 4977 2958 5031 in
2982 4991 3068 5041 ea,
3087 4985 3140 5029 et
3163 4975 3276 5044 ipse
3303 4972 3546 5027 fundavit

339 5143 383 5174 "
415 5147 614 5202 Matth.
648 5159 790 5209 ιιιι,
819 5143 910 5200 29.
985 5146 1029 5179 ⁸⁸
1068 5143 1240 5201 Exod.
1275 5161 1357 5212 ιιι,
1396 5146 1482 5202 lt.
1555 5146 1602 5177 "
1645 5099 1773 5198 ibid.
1813 5144 1862 5198 6.

1970 5142 1990 5173 ³
2021 5141 2229 5196 Baruch
2273 5155 2353 5205 ιιι,
2391 5139 2578 5196 56438.
2647 5158 2652 5163 ·

329 5304 402 5375 (ι)
418 5304 495 5359 lta
530 5307 734 5376 μήτηρ
754 5305 951 5376 habent
988 5303 1190 5360 Greca:
1214 5304 1500 5376 editiones,
1523 5302 1684 5357 etiam
1705 5301 1854 5355 Vati-

269 5387 412 5429 cana.
438 5375 541 5430 Sicf
561 5375 769 5446 legisse
790 5375 1036 5446 videmus
1054 5379 1216 5429 etiam
1239 5375 1496 5446 Cyrillum
1512 5412 1527 5434 .
1559 5387 1858 5446 magnoque

269 5461 482 5514 puniero
521 5443 728 5501 Patres
749 5443 971 5499 Latinos
998 5447 1138 5514 apud
1163 5443 1524 5505 Sabaterium,
1551 5443 1642 5510 qui
1675 5453 1858 5514 vetere

269 5511 390 5567 Itala
447 5517 761 5570 utebantur
817 5511 1076 5570 editione.
1128 5515 1336 5583 Vulgati
1384 5515 1650 5582 interpres
1702 5512 1858 5583 lectio

264 5587 538 5656 numquid,
566 5599 683 5655 pro
707 5596 900 5656 mater,
941 5586 1168 5656 deducta
1205 5582 1300 5656 est
1326 5584 1510 5656 exp?)
1542 5585 1630 5654 τῇ,
1668 5583 1752 5637 vel
1780 5582 1854 5653 μή

267 5670 336 5726 τι,
370 5654 428 5710 ut
470 5654 894 5726 cognoscimus
921 5669 987 5710 ex
1017 5654 1248 5726 Origene
1290 5655 1344 5710 in
1393 5654 1670 5726 "emptis.
1703 5663 1758 5707 et
1789 5667 1857 5706 ex

269 5721 603 5797 Hieronyqu
666 5727 806 5796 apud
850 5721 1212 5782 Nobilium'iu
1262 5726 1385 5781 adu.
1447 5725 1510 5781 ad
1564 5724 1851 5782 Sixtinam.

1966 5301 2286 5356 Doctissime
2319 5314 2450 5355 vero
2487 5296 2728 5367 disputat
2773 5295 2840 5350 de
2870 5294 3229 5367 hacriectione
3264 5294 3354 5367 _J_o.
3387 5293 3544 5367 Bapt.

1963 5372 2195 5436 Branca,
2255 5365 2628 5425 Ambrosianum
2679 5366 2809 5422 olim
2867 5365 3210 5436 bibliotheca
3259 5365 3544 5422 llediolani

1965 5435 2272 5511 praefectus,
2312 5441 2362 5511 in
2397 5453 2612 5511 magno,
2638 5451 2957 5511 quanquam
3010 5435 3548 5511 imperfecto,_opere

1964 5505 2065 5565 suo
2111 5505 2267 5581 quod
2311 5505 2590 5576 inscripsit
2622 5507 2701 5562 De
2751 5505 3024 5581 sacrorum
3057 5506 3312 5561 librorum
3341 5505 3548 5581 Latiare

1963 5577 2186 5652 vulgat—ae
2215 5581 2462 5636 editionis
2492 5581 2831 5648 auctoritate,
2865 5579 2959 5636 lib.
2987 5593 3069 5650 ιιι,
3098 5588 3240 5648 part.
3274 5595 3312 5646 ι,
3337 5593 3458 5648 cap.
3487 5577 3543 5630 5.

1964 5669 2015 5708 ι).
2047 5652 2145 5708 157
2185 5665 2340 5708 seua.

1964 5669 2015 5724 ρ.
2047 5652 2145 5708 157
2185 5665 2340 5722 seqq.
