4002 6192
385 268 491 327 935

1381 264 1440 321 S.
1480 262 1753 321 CYBILLI
1792 256 2264 317 ALEXANDRINI
2305 259 2624 316 ARClllEP.

3532 258 3638 311 εςι

381 406 496 446 eam
531 386 835 444 Altissimus
862 388 929 441 ".
960 405 977 440 ι
1012 386 1125 443 Hoc
1151 401 1277 442 vero
1305 386 1434 456 quid
1477 386 1621 440 aliud
1660 386 1953 457 significat,

2069 383 2280 454 θρωπος
2323 383 2431 453 (1)⁶
2470 381 2563 435 καὶ
2611 378 2900 449 ἄνθρωπος
2947 372 3212 445 ὲγεννὴθη
3239 373 3295 424 ἐν
3336 373 3475 444 αὐτῇ
3501 415 3516 438 ,
3553 376 3648 427 καὶ

382 484 481 538 nisi
516 482 761 537 eumdem
793 496 911 536 esse
942 480 1111 536 Deum
1159 490 1214 536 ct
1260 479 1576 535 hominem?
1609 479 1814 534 Etenim
1869 479 1965 532 Ιιο-

383 576 605 635 minem,
653 572 923 642 simulque
954 572 1310 636 Altissimum,
1341 571 1791 639 fundatorcmque
1827 568 1963 624 late-

380 676 487 718 tnr.
519 663 705 734 Neque
734 665 934 729 secius,
970 662 1020 717 in
1053 662 1158 716 alio
1185 676 1398 731 quoque
1431 660 1635 731 psalmo
1673 658 1962 715 indivisnm

379 756 603 809 unitatis
632 770 936 808 sermonem
966 753 1222 819 retinens,
1261 753 1494 809 hominis
1519 752 1868 823 proprietatis
1896 750 1963 805 ad

382 846 546 901 Deum
579 848 703 899 item
750 845 980 899 Verbum
1025 844 1229 899 referre
1260 845 1613 914 comperitur,
1645 843 1787 898 haud
1814 843 1967 911 equi-

379 940 501 993 dem
531 938 957 992 substantiarum
1001 935 1370 991 confusionem
1408 937 1689 1000 invehens,
1722 936 1814 990 sed
1841 935 1968 989 sub-

378 1031 700 1085 stantiarum
731 1028 1078 1083 adunationis
1123 1029 1387 1084 rationem
1438 1029 1662 1083 habens.
1713 1026 1805 1083 Sic
1833 1041 1966 1095 ergo

378 1124 454 1177 ait
488 1124 539 1177 in
572 1138 691 1177 xuv
727 1122 935 1191 psalmo
964 1139 979 1176 :
1011 1140 1029 1173 ι
1064 1122 1232 1176 Sedes
1273 1130 1382 1187 tua,
1427 1121 1590 1188 Deus,
1625 1122 1676 1176 in
1708 1119 1963 1197 sarculum

377 1215 561 1269 srecnli
593 1233 605 1269 :
646 1216 795 1283 virga
823 1212 1168 1279 directionis,
1204 1212 1357 1282 virga
1387 1214 1535 1283 regni
1570 1213 1644 1266 tui
1680 1229 1695 1267 :
1727 1200 1964 1266 dilexisti

371 1305 659 1374 justitiam,
698 1314 753 1359 et
792 1302 955 1359 odisti
986 1304 1331 1373 iniquitatem
1365 1322 1379 1357 :
1408 1312 1703 1373 propterea
1733 1305 1887 1356 unxit
1915 1311 1966 1356 te

380 1400 541 1463 Dens,
564 1397 704 1451 Deus
726 1407 867 1461 tuus,
884 1397 1002 1451 oleo
1024 1395 1223 1450 laetitia:
1244 1412 1352 1464 prae
1372 1395 1717 1451 consortibus
1743 1394 1924 1450 tuis".
1942 1412 1960 1444 ι

380 1485 576 1543 Viden‘
605 1489 877 1557 quomodo
895 1486 1061 1541 Deum
1096 1484 1334 1541 Verbum
1368 1485 1671 1556 appellans,
1692 1484 1967 1554 Deumque

378 1590 430 1636 et
481 1594 661 1650 regem
697 1578 986 1645 confitens,
1037 1593 1211 1647 neque
1254 1586 1432 1632 tamen
1476 1577 1743 1641 dividens,
1793 1590 1967 1645 neque

381 1670 607 1724 alteram
650 1684 938 1739 personam
988 1670 1042 1723 in
1089 1685 1212 1723 eum
1254 1669 1565 1733 conferens,
1613 1668 1967 1723 nihilominus

2074 475 2237 538 αὐτὸς
2270 470 2627 544 ὲθεμελίωσεν
2655 466 2823 539 αὐτὴν
2845 471 2873 522 6
2899 464 3161 537 ’Υψιστος
3185 479 3198 496 ⁸
3230 485 3247 518 ι
3278 458 3433 518 τοῦτο
3457 466 3565 537 γὰρ
3596 466 3649 518 τί

2071 567 2137 620 ἂν
2169 567 2252 637 εἴη
2292 564 2503 636 ἕτερον,
2538 563 2651 618 ἁλλ’
2692 558 2725 633 ἢ
2762 562 2844 614 ὅτι
2887 556 3048 622 αὐτὸς
3082 554 3320 629 ὑπάρχει
3357 555 3507 621 Θεὸς,
3556 554 3652 611 καὶ

2072 658 2388 731 ἄνθρωπος;
2428 656 2750 727 Ἀνθρωπον
2766 652 2894 723 γάρ,
2920 653 3013 705 καὶ
3040 652 3327 720 ’Υψιστον,
3367 653 3461 703 καὶ
3490 650 3653 721 θεμε-

2071 748 2269 819 λιωτην
2310 748 2400 800 τὸν
2434 746 2593 799 αὐτὸν
2626 744 2975 817 ὡμολόγησεν
3000 761 3015 773 ·
3062 742 3215 795 οὐδὲν
3249 742 3306 794 δὲ
3349 736 3511 813 ἦττον
3558 745 3655 795 καὶ

2071 840 2129 891 ἐν
2152 838 2325 909 ἑτέρῳ
2356 836 2555 908 ψαλμῷ
2598 836 2905 907 ἀδιαίρετον
2938 835 3038 905 τῆς
3072 828 3322 895 ένὼσεως
3368 832 3657 902 φυλάττων

2071 932 2162 985 τὸν
2185 931 2364 998 λόγον,
2398 929 2465 982 τὰ
2490 930 2588 1000 τῆς
2622 928 3042 999 ἁνθρωπότητος
3069 927 3177 979 ίδια
3202 925 3276 989 ὡς
3312 926 3460 996 αὐτῷ
3492 926 3657 979 πάλιν

2070 1024 2149 1094 τῷ
2172 1022 2291 1094 Θεῷ
2340 1022 2498 1093 Λόγῳ
2527 1021 2815 1093 ἀναφέρων
2849 1019 3185 1091 εὑρίσκεται,
3213 1019 3272 1071 οὐ
3312 1018 3420 1071 τῶν
3450 1017 3659 1071 οὐσιῶν

2074 1115 2337 1186 σύγχυσιν
2372 1111 2760 1186 ἐργαζόμενος,
2807 1108 2945 1165 ἀλλὰ
2982 1109 3081 1181 τῆς
3119 1109 3365 1173 ἑνώσεως
3406 1111 3516 1163 τῶν
3558 1110 3654 1162 οὑ-

2074 1207 2205 1261 σιῶν
2256 1202 2635 1276 ἐπιγινώσκων
2665 1203 2754 1257 τὸν
2801 1201 2989 1272 λόγον·
3048 1199 3195 1271 λέγει
3223 1199 3512 1272 τοιγαροῦν
3557 1201 3656 1255 οὗ-

2072 1316 2180 1363 τως
2207 1300 2265 1351 ἐν
2302 1299 2383 1369 μδ¹
2416 1296 2648 1369 ψαλμῷ·
2688 1317 2705 1348 ι
2747 1295 2802 1349 Ὀ
2835 1292 3022 1366 θρόνος
3059 1309 3176 1358 σου,
3208 1292 3237 1346 6
3264 1290 3414 1357 Θεὸς,
3453 1294 3532 1356 είς
3558 1291 3657 1346 τὸν

2072 1390 2245 1446 αίῶνα
2278 1388 2374 1443 τοῦ
2418 1389 2648 1452 αἰῶνος“
2687 1387 2883 1459 ῥάϐδος
2926 1384 3225 1454 εὐθύτητος
3254 1383 3288 1454 ἡ
3326 1380 3519 1455 ῥάϐδος
3550 1382 3655 1454 τῆς

2073 1482 2351 1553 βασιλείας
2384 1496 2476 1534 σου
2499 1497 2511 1509 ·
2537 1480 2832 1549 ἠγάπησας
2853 1471 3224 1544 δικαιοσύνην,
3252 1475 3347 1528 καὶ
3382 1474 3654 1544 ἐμίσησας

2074 1575 2287 1630 ἀδικίαν
2308 1592 2318 1604 ’
2350 1568 2437 1627 διὰ
2459 1570 2617 1626 τοῦτο
2641 1568 2856 1642 ἔχρισέν
2879 1587 2936 1622 σε
2957 1567 3109 1632 Θεὸς,
3134 1570 3161 1620 6
3179 1567 3310 1628 Θεός
3328 1583 3447 1629 σου,
3469 1565 3653 1618 ἔλαιον

2072 1667 2447 1736 ἀγαλλιάσεως
2482 1664 2635 1737 παρὰ
2670 1665 2797 1728 τοὺς
2838 1662 3095 1735 μετόχους
3128 1678 3244 1714 σου.
3270 1679 3287 1711 ι
3308 1660 3469 1730 Ὁρᾷς
3499 1658 3655 1721 ὅπως

388 1768 611 1812 unctum
638 1758 813 1811 dixit?
862 1756 1148 1827 Expliceut
1191 1758 1348 1813 nobis
1392 1758 1558 1827 igitur
1597 1758 1724 1827 quid
1758 1758 1829 1813 sit
1868 1756 1962 1812 hoc

2072 1759 2163 1814 τὸν
2193 1760 2362 1828 Λόγον
2398 1758 2730 1829 θεολογήσας
2754 1756 2857 1827 (2),
2885 1754 3017 1808 Θεόν
3046 1770 3108 1806 τε
3128 1752 3222 1806 καὶ
3256 1750 3481 1822 βασιλέα
3516 1751 3653 1819 όμο-

378 1847 596 1903 elTatum
623 1856 713 1912 ;et
735 1851 1007 1916 quomodo
1033 1846 1291 1911 Verbum,
1320 1864 1441 1903 cum
1477 1842 1616 1902 Deus
1651 1856 1818 1913 esset,
1861 1862 1964 1901 un-

378 1951 526 1994 etum
556 1940 755 1997 fuerit:
789 1938 890 1993 nisi
922 1937 1045 2009 quia
1086 1953 1307 2008 prorsus
1353 1939 1492 1993 idem
1522 1950 1662 2003 erat,
1698 1940 1789 2008 qui
1823 1938 1965 1994 servi

381 2030 608 2085 formam
635 2028 738 2085 sibi
764 2029 1034 2093 induerat,
1063 2030 1146 2083 cui
1174 2040 1227 2084 et
1260 2029 1496 2085 chrisma
1521 2028 1800 2095 suscipere
1830 2045 1965 2085 con-

380 2121 849 2176 venientissimum
876 2120 1000 2174 fuit?
1034 2121 1187 2188 Quod
1210 2120 1253 2174 si
1283 2119 1422 2174 forte
1448 2120 1710 2186 dixerint,
1737 2130 1961 2191 prapte‘r

379 2228 531 2267 suam
573 2212 625 2266 in
667 2212 923 2277 homine,
961 2222 1019 2267 ut
1055 2212 1152 2283 ipsi
1200 2211 1637 2277 hallucinantur,
1690 2212 1966 2266 inhabita-

382 2306 606 2370 tionem,
627 2304 792 2360 Verbi
816 2318 1100 2375 personam
1124 2304 1438 2359 chrismatis
1463 2305 1635 2359 instar
1657 2305 1964 2372 exstitisse;

383 2396 436 2449 hi
470 2396 650 2451 sciant
676 2396 862 2462 velim,
897 2394 1345 2451 inhabitationem
1382 2412 1485 2451 non
1526 2397 1592 2452 de
1619 2398 1837 2454 Christo
1872 2397 1966 2453 sed

381 2489 446 2542 de
484 2488 763 2558 prophetis
801 2488 1030 2558 aliisque
1075 2486 1276 2543 sanctis
1319 2488 1423 2543 dici
1467 2506 1482 2544 :
1519 2490 1805 2558 praedictas
1840 2505 1968 2545 vero

382 2580 684 2634 locutiones
706 2596 1034 2648 magnopere
1051 2581 1318 2635 excedere
1337 2578 1753 2637 inhabitationis
1778 2578 1967 2637 termi-

382 2684 480 2723 nos
511 2670 624 2723 sive
653 2670 788 2723 vim.
818 2666 1007 2740 1“:
1032 2669 1173 2739 Ergo
1199 2672 1300 2724 etsi
1328 2667 1539 2724 Densin
1570 2668 1771 2726 sanctis
1794 2672 1971 2725 omni-

382 2764 482 2816 bus
510 2761 735 2824 habitat,
761 2762 925 2830 hique
943 2761 1265 2815 sanctiﬁcati
1293 2771 1421 2816 sunt
1446 2770 1500 2816 et
1520 2762 1860 2829 uncti,nemo
1891 2772 1971 2817 ta-

383 2867 509 2905 men
554 2866 707 2921 aaque
755 2866 817 2905 ac
853 2853 967 2922 ipse
998 2852 1369 2906 sanctiﬁcatus
1399 2858 1703 2921 unctusque
1746 2848 1966 2909 dicitur.

381 2942 439 2998 Si
467 2958 596 3014 ergo
630 2944 740 3008 isti,
767 2946 832 2996 ad
863 2950 1176 2999 sanctorum
1207 2943 1645 3011 similitudinem,
1671 2944 1724 3001 in
1750 2945 1969 3001 Christo

382 3049 599 3106 quoque
638 3035 972 3092 inhabitasse
1008 3036 1176 3093 Deum
1206 3037 1382 3102 aiunt,
1418 3038 1687 3093 constabit
1716 3038 1967 3093 omnibus

381 3130 620 3200 ipsorum
667 3131 1067 3202 irreligiositas,
1114 3132 1182 3187 ab
1229 3132 1522 3202 apostolica
1565 3132 1811 3187 doctrina
1854 3142 1967 3186 toto

381 3226 521 3280 casio
553 3225 837 3279 aberrans.

454 3421 508 3478 8.
542 3421 755 3477 Etenim
779 3424 843 3477 de
866 3421 1142 3493 prophetis
1171 3420 1498 3490 Christoque
1522 3421 1800 3479 disserens
1828 3422 1967 3478 Pau-

382 3512 491 3580 lus,
527 3515 819 3568 inimanem
860 3513 1020 3583 huius
1058 3513 1126 3567 ab
1165 3512 1273 3567 illis
1322 3513 1684 3568 diﬂerenliam
1724 3530 1824 3570 nos
1864 3519 1963 3570 do-

385 3615 492 3670 cet,
521 3605 657 3675 ejus,
697 3606 944 3674 inquam,
972 3604 1063 3674 qui
1086 3614 1282 3659 unctus
1298 3606 1521 3660 dicitur.
1555 3604 1965 3676 Namquehunc

386 3698 601 3769 quidem
629 3708 685 3753 et
714 3696 908 3751 Filium
951 3707 1004 3752 et
1032 3694 1213 3753 Patris
1236 3696 1607 3766 splendorem,
1642 3708 1697 3753 et
1736 3700 1963 3769 ﬁguram

385 3793 699 3846 substantia:
750 3791 955 3860 ipsius,
1010 3790 1134 3846 illos
1187 3799 1367 3845 autem
1410 3791 1707 3860 prophetas
1749 3799 1960 3846 tantum

386 3882 622 3952 appellat
654 3900 668 3937 :
704 3883 1011 3951 mirumque
1058 3891 1162 3946 est,
1204 3882 1347 3951 quod
1386 3882 1532 3936 inter
1569 3892 1648 3937 tot
1686 3882 1961 3949 sublimia,

387 3976 658 4031 unctionis
698 3990 913 4046 quoque
965 3975 1105 4029 idem
1151 3973 1283 4031 facit
1328 3972 1680 4030 mentionem.
1716 3993 1737 4028 ι
1780 3975 1970 4031 Multi-

386 4066 577 4121 farinm
613 4070 780 4131 enim,
828 4066 1026 4136 inquit,
1078 4067 1372 4139 multisque
1425 4067 1601 4122 modis
1651 4066 1779 4123 olim
1821 4068 1963 4122 Dens

387 4158 597 4211 locutus
623 4158 870 4227 patribus
898 4172 993 4227 per
1026 4160 1346 4227 prophetas,
1380 4160 1696 4213 novissimis
1730 4160 1962 4214 hisdic-

383 4248 483 4301 bus
506 4247 714 4301 locutus
738 4258 821 4301 est
840 4248 995 4301 nobis
1013 4262 1108 4315 per
1128 4247 1345 4310 Filium.
1370 4264 1527 4318 quem
1552 4248 1961 4303 constituithaz-

386 4335 568 4387 t'edem
616 4336 996 4388 universorum
1026 4374 1040 4397 ,
1086 4350 1180 4403 per
1243 4350 1401 4403 quem
1443 4332 1786 4388 fecitsatcula
1819 4350 1833 4387 :
1870 4336 1959 4403 qui

2066 1848 2325 1919 λογήσας,
2350 1849 2409 1901 οὑ
2438 1842 2647 1910 διελὼν,
2667 1845 2787 1899 οὐδὲ
2810 1845 2895 1897 ἓτε
2908 1861 2998 1916 ρον
3019 1842 3310 1913 πρόσωπον
3332 1839 3653 1907 εἰσενέγκας

2066 1942 2235 2013 αὐτῷ,
2266 1942 2360 1996 καὶ
2390 1940 2452 1994 τὸ
2502 1938 2789 2011 κεχρῖσθαι
2823 1938 3075 2007 είρηκεν;
3117 1932 3438 2003 Λεγέτωσαν
3464 1928 3559 1987 οὖν
3595 1928 3653 1983 τί

2068 2026 2213 2083 ἐστιν
2232 2031 2293 2083 τὸ
2321 2029 2616 2100 λεγόμενον
2636 2043 2651 2059 ⁸
2685 2026 2802 2091 πῶς
2821 2026 2877 2080 δὲ
2903 2026 3034 2088 Θεὸς
3060 2022 3134 2077 ῶν
3160 2025 3187 2078 6
3213 2023 3384 2092 Λόγος
3412 2023 3650 2092 ἐχρίετο,

2066 2122 2181 2177 ἁλλ’
2222 2122 2253 2194 ἢ
2289 2122 2506 2186 πάντως
2529 2121 2610 2175 ὅτι
2641 2118 2803 2183 αὐτὸς
2824 2113 2891 2190 ἦν
2913 2120 2940 2170 6
2962 2116 3058 2188 τὴν
3086 2115 3178 2170 τοῦ
3211 2111 3397 2169 δούλου
3434 2115 3654 2185 μορφὴν

2068 2208 2506 2285 ἐνδυσάμενος,ᾖ
2538 2212 2630 2266 καὶ
2661 2211 2720 2265 τὸ
2749 2208 2959 2282 χρίσμα
2977 2207 3276 2278 λαμϐάνειν
3310 2207 3393 2277 εἴη
3422 2206 3487 2258 ἁν
3518 2221 3653 2275 πρε-

2069 2304 2449 2371 πωδέστατον;
2499 2304 2620 2357 Κᾶν
2663 2302 2772 2375 γὰρ
2818 2300 3051 2369 λέγωσιν
3089 2299 3177 2353 διὰ
3228 2298 3327 2369 τὴν
3367 2297 3502 2367 πρὸς
3556 2298 3653 2349 τὸν

2069 2392 2355 2469 ἄνθρωπον
2382 2395 2677 2466 ἐνοίκησιν,
2707 2394 2783 2457 ὼς
2809 2394 2963 2447 αὐτοὶ
2987 2392 3321 2458 πλανῶνται,
3338 2390 3445 2443 ’τοῦ
3473 2390 3650 2457 Λόγου

2024 2534 2029 2537 ν
2071 2485 2362 2561 πρόσωπον
2384 2490 2444 2543 τὸ
2469 2487 2678 2562 χρίσμα
2698 2486 2973 2557 λέγεσθαι,
3002 2481 3420 2557 μανθανέτωσαν
3440 2484 3652 2553 ὅτιπερ

2069 2579 2341 2651 ἐνοίκησις
2371 2582 2483 2634 οὐκ·
2520 2579 2613 2634 ἐπὶ
2660 2574 2755 2634 τοῦ
2792 2576 3051 2651 Χριστοῦ,
3087 2574 3204 2633 ἁλλ’
3236 2575 3329 2629 ἐπὶ
3370 2575 3475 2629 τῶν
3507 2590 3653 2645 προ-

2070 2672 2257 2742 φητῶν
2282 2672 2377 2726 καὶ
2403 2670 2512 2724 τῶν
2543 2668 2719 2725 ἄλλων
2748 2668 2917 2740 ἁγίων
2937 2669 3177 2739 λέγεται,
3203 2666 3296 2721 καὶ
3324 2664 3652 2738 ὑπερϐαίνει

2071 2763 2275 2835 σφόδρα
2307 2763 2433 2827 τοὺς
2458 2764 2554 2835 τῆς
2576 2761 2904 2834 ἐνοικήσεως
2932 2764 3090 2833 ὅρους
3111 2760 3172 2815 τὸ
3195 2760 3512 2831 λεγόμενον·
3551 2759 3653 2813 καὶ

2068 2856 2198 2925 γοῦν
2257 2857 2639 2927 ἐνοικήσαντος
2668 2855 2760 2909 τοῦ
2812 2851 2946 2909 Θεοῦ
2985 2856 3043 2911 ἐν
3086 2858 3197 2918 τοῖς
3237 2854 3411 2924 ἁγίοις
3460 2855 3648 2918 πᾶσιν,

2069 2944 2446 3017 ἁγιαζομένων
2484 2964 2544 3000 τε
2574 2945 2668 3000 καὶ
2694 2947 3016 3019 χριομένων,
3048 2947 3108 3000 οὗ
3130 2948 3349 3016 λέγεται
3381 2946 3457 3011 ὡς
3487 2947 3651 3010 αὐτὸς

2072 3036 2429 3109 ἁγιαζόμενος
2461 3036 2494 3109 ἢ
2530 3034 2848 3110 χριόμενος·
2875 3040 2922 3092 εί
2957 3034 3056 3109 μὲν
3084 3036 3177 3092 οὖν
3206 3034 3328 3092 καθ’
3356 3036 3653 3109 ὁμοιότητα

2069 3128 2178 3182 τῶν
2214 3129 2407 3197 ἁγίων,
2443 3130 2539 3183 καὶ
2577 3130 2664 3183 ἐπ’
2708 3114 2872 3183 αὑτοῦ
2910 3127 3010 3202 τὴν
3048 3127 3324 3201 ἐνοίκησιν
3371 3126 3648 3199 λέγουσιν,

2068 3216 2290 3290 ἔκδηλος
2317 3220 2349 3291 ή
2385 3217 2612 3275 ἀσέϐεια
2636 3218 2804 3275 πᾶσιν
2833 3221 3007 3287 ἔσται,
3032 3219 3128 3276 καὶ
3154 3220 3253 3293 τῆς
3281 3220 3652 3293 ἁποστολικῆς

2066 3310 2417 3375 διδασκαλίας
2450 3312 2732 3377 παντελῶς
2764 3309 3041 3384 ἀλλοτρία.

2134 3429 2205 3493 η’.
2245 3423 2383 3494 Περὶ
2419 3423 2518 3494 μὲν
2543 3423 2657 3505 γάρ
2680 3424 2785 3477 τῶν
2814 3425 3131 3496 προφητῶν,
3156 3426 3251 3480 καὶ
3274 3426 3367 3478 τοῦ
3404 3423 3648 3497 Χριστοῦ

2065 3514 2445 3584 διαλεγόμενος
2464 3518 2492 3569 6
2517 3516 2750 3580 Παῦλος,
2778 3516 3105 3587 ἀσύγκριτον
3135 3517 3327 3571 τούτου
3351 3518 3485 3589 πρὸς
3507 3519 3652 3571 ὲκεί-

2065 3622 2189 3667 νους
2220 3604 2485 3676 διαφορὰν
2508 3607 2654 3676 ἡμᾶς
2677 3604 2939 3670 ἐδίδαξεν,
2965 3606 3110 3675 λέγω
3137 3607 3201 3679 δὴ
3222 3600 3317 3660 τοῦ
3350 3606 3651 3676 λεγομένου

2065 3694 2374 3767 κεχρῖσθαι·
2417 3695 2509 3749 τὸν
2534 3696 2634 3767 μὲν
2660 3698 2789 3769 γὰρ,
2816 3697 2946 3751 Υἱδν
2970 3699 3064 3751 καὶ
3091 3697 3187 3751 τοῦ
3227 3698 3438 3770 Πατρδς
3468 3697 3653 3750 άπαύο

2065 3804 2257 3859 γασμα
2288 3789 2382 3841 καὶ
2422 3789 2751 3860 χαρακτῆρα
2775 3789 2877 3860 τῆς
2907 3790 3262 3854 ὑποστάσεως
3292 3789 3457 3844 αὑτοῦ
3476 3806 3489 3820 ⁸
3518 3791 3654 3853 τοὺς

2063 3879 2141 3943 δέ,
2179 3881 2465 3950 προφήτας
2497 3871 2819 3951 ὠνόμασενσ
2849 3881 2941 3935 καὶ
2979 3881 3040 3935 τό
3085 3899 3149 3949 γε
3185 3882 3522 3954 θαυμαστὸν,
3561 3882 3654 3935 ὅτι

2067 3970 2208 4041 μετὰ
2240 3972 2448 4027 τούτων
2482 3973 2593 4027 τῶν
2625 3973 2870 4046 ὑψηλῶν,
2903 3974 2997 4029 τοῦ
3039 3976 3341 4048 χρίσματος
3367 3976 3460 4029 καὶ
3484 3974 3653 4040 αὐτὸς

2064 4062 2502 4134 ἐμνημόνευσεν·
2554 4085 2571 4116 ι
2604 4065 2937 4138 Πολυμερῶς
2967 4059 3099 4139 γάρ,
3133 4068 3318 4137 φησιν,
3347 4068 3441 4120 καὶ
3478 4066 3653 4119 πολυ-

2062 4156 2279 4227 τρόπως
2308 4158 2479 4211 πάλαι
2513 4158 2541 4210 6
2576 4158 2707 4221 Θεὸς
2731 4158 2973 4231 λαλήσας
3002 4162 3112 4223 τοῖς
3143 4160 3413 4232 πατράσιν
3448 4161 3503 4213 ἐν
3534 4162 3651 4222 τοῖς

2064 4248 2393 4317 προφήταις,
2427 4250 2515 4301 ἐπ’
2546 4250 2788 4319 ἐσχάτων
2825 4251 2933 4303 τῶν
2958 4251 3181 4322 ⁴ἡμερῶν
3216 4249 3419 4304 τούτων
3453 4250 3651 4318 ἐλάληο

2066 4352 2157 4389 σεν
2185 4339 2316 4407 ἡμῖν
2342 4340 2401 4389 ἐν
2428 4338 2564 4408 Υῑῷ,
2588 4339 2645 4392 ὃν
2667 4340 2830 4411 ἔθηκε
2859 4342 3198 4412 κληρονόμον
3226 4343 3462 4406 πάντων,
3493 4341 3560 4394 δι’
3582 4334 3650 4394 οὗ

383 4438 506 4477 cum
543 4424 614 4477 sit
647 4422 903 4492 splendor
933 4422 1117 4490 gloria:
1154 4434 1209 4476 et
1259 4427 1429 4493 tigura
1475 4426 1790 4480 substantiae
1818 4426 1953 4495 ejus,

2069 4428 2286 4496 ἐποίησε
2325 4430 2449 4492 τοὺς
2478 4430 2679 4495 αίῶνας
2699 4448 2714 4465 ι
2743 4432 2800 4495 ὃς
2833 4432 2908 4485 ῶν
2936 4432 3280 4504 ἀπαύγασμα
3321 4432 3420 4501 τῆς
3462 4431 3586 4503 δὸξη
3600 4450 3647 4497 ς,

384 4520 717 4583 portansque
750 4512 929 4567 omnia
963 4514 1126 4565 verbo
1166 4514 1385 4568 virtutis
1415 4529 1546 4578 sure,
1598 4526 1718 4579 post
1757 4530 1944 4585 purga-

384 4604 583 4657 tionem
615 4611 959 4673 peccatorum
989 4602 1206 4669 l‘actam,
1226 4604 1473 4658 consedit
1497 4606 1551 4659 in
1582 4605 1809 4660 dextera
1837 4622 1953 4659 mu-

378 4692 591 4763 jestatis
622 4692 674 4745 in
697 4691 925 4746 excelsis
952 4692 1020 4746 ".
1058 4710 1076 4744 ι
1108 4692 1175 4747 Et
1218 4692 1380 4761 paulo
1426 4702 1548 4763 post
1588 4695 1662 4749 ait
1692 4709 1706 4743 :
1744 4713 1763 4747 ι
1795 4695 1858 4749 Et
1888 4698 1954 4750 ad

383 4785 605 4856 angelos
635 4785 852 4854 quidem
887 4784 1018 4839 dicit
1051 4802 1064 4839 :
1097 4786 1198 4851 Qui
1234 4785 1363 4839 facit
1392 4786 1613 4855 angelos
1630 4802 1758 4843 suos
1790 4788 1956 4857 spiri-

385 4888 491 4943 tus,
529 4886 583 4932 et
616 4877 897 4931 ministros
938 4892 1067 4932 suos
1113 4878 1388 4930 llanunam
1424 4878 1596 4946 ignis;
1648 4880 1715 4933 ad
1753 4875 1950 4933 Filium

382 4980 563 5025 autem
607 4985 622 5022 :
655 4970 909 5024 Thronns
961 4978 1103 5031 tuus,
1141 4967 1315 5033 Deus,
1353 4969 1405 5022 in
1438 4968 1694 5023 saeculum
1724 4971 1907 5025 sasculi
1938 4988 1952 5035 ;

384 5062 533 5132 virga
561 5061 852 5132 mquitatis,
885 5061 1033 5131 virga
1076 5060 1226 5129 regni
1264 5060 1362 5113 tui.
1397 5059 1954 5129 Dilexistijustitiarn.

384 5162 441 5207 et
464 5154 626 5207 odisti
654 5154 994 5221 iniquitatem
1021 5168 1035 5204 :
1071 5163 1355 5222 propterea
1384 5151 1541 5204 unxit
1568 5162 1620 5205 te
1653 5152 1791 5205 Deus
1817 5150 1957 5206 Dens

389 5252 512 5298 tuus
560 5243 681 5297 oleo
730 5244 1118 5300 exsultationis
1145 5259 1255 5313 pra:
1304 5242 1662 5314 participibus
1704 5243 1895 5296 tuis".
1932 5261 1949 5292 ι

2060 4519 2154 4569 καὶ
2181 4520 2470 4590 χαρακτὴρ
2502 4519 2603 4589 τῆς
2641 4522 2991 4587 ὑποστάσεως
3035 4524 3225 4586 αὑτοῦ,
3264 4523 3445 4596 φέρων
3484 4539 3546 4576 τε
3576 4523 3653 4574 τὰ

2067 4610 2247 4662 πάντα
2269 4609 2348 4680 τῷ
2376 4612 2583 4682 ῥήματι
2611 4613 2711 4683 τῆς
2747 4614 3031 4685 δυνάμεως
3077 4616 3265 4680 αὑτοῦ,
3301 4614 3652 4701 καθαρισμὸν

2062 4701 2171 4752 τῶν
2204 4701 2487 4772 ἁμαρτιῶν
2533 4704 2924 4776 ποιησάμενος,
2972 4706 3228 4760 ἐκάθισεν
3256 4711 3314 4760 ἐν
3347 4704 3498 4776 δεξιᾷ
3543 4706 3649 4774 τῆς

2068 4792 2465 4864 μεγαλωσύνης
2496 4796 2552 4848 ὲν
2584 4795 2827 4868 ὑψηλοῖς.
2873 4816 2891 4849 ι
2942 4798 3054 4851 Καὶ
3103 4798 3223 4868 μετ’
3253 4798 3411 4867 ὀλίγα
3443 4798 3607 4868 φησίν
3633 4814 3650 4828 °

2070 4903 2086 4933 ι
2123 4884 2232 4940 Καὶ
2265 4886 2403 4957 πρὸς
2438 4888 2537 4958 μὲν
2570 4890 2697 4952 τοὺς
2732 4888 2998 4957 ἀγγέλους
3029 4890 3213 4958 λέγει·
3243 4890 3302 4943 ’0
3325 4888 3493 4943 ποιῶν
3522 4890 3654 4953 τοὺς

2063 4976 2327 5045 ἀγγέλους
2356 4978 2522 5032 αὑτοῦ
2558 4980 2864 5050 πνεύματα,
2903 4982 2998 5035 καὶ
3027 4982 3153 5045 τοὺς
3181 4982 3531 5052 λειτουργοὺς
3554 4980 3655 5032 αὐ-

2062 5067 2156 5120 τοῦ
2189 5069 2359 5141 πυρὸς
2392 5071 2594 5139 φλόγα’
2629 5072 2769 5143 πρὸς
2796 5072 2853 5127 δὲ
2877 5073 2968 5127 τὸν
2989 5074 3148 5128 Υἱόν⁶
3193 5074 3252 5127 '0
3279 5073 3465 5144 θρόνος
3499 5089 3591 5125 σου
3626 5074 3654 5124 6

2056 5157 2217 5241 Θεὸς,
2245 5162 2324 5223 εἰς
2353 5162 2444 5215 τὸν
2476 5161 2650 5216 αίῶνα
2674 5163 2771 5217 τοῦ
2802 5164 2998 5228 αίῶνος
3018 5182 3032 5195 ·
3068 5166 3265 5237 ῥάϐδος
3290 5164 3585 5235 εὐθύτητος
3616 5165 3654 5232 ἡ

2067 5246 2262 5314 ῥάϐδος
2302 5251 2398 5319 τῆς
2444 5252 2720 5322 βασιλείας
2753 5271 2848 5307 σου
2872 5272 2885 5287 ·
2936 5257 3235 5328 ἠγάπησας
3273 5240 3671 5328 δικαιοσύνηνξ

454 5418 505 5452 ⁸⁵
541 5417 679 5473 Psal.
715 5435 935 5487 Lxxxvt,
961 5420 1014 5476 5.
1090 5422 1138 5453 "
1170 5421 1313 5477 Psal.
1354 5434 1496 5485 κων,
1530 5420 1581 5483 7,
1611 5419 1659 5473 8.
1744 5419 1791 5450 ⁵⁸
1824 5416 1962 5475 llcbr

2104 5422 2217 5475 1-7.
2297 5424 2341 5453 ιν
2382 5425 2508 5479 ibid.
2548 5425 2602 5492 8,
2634 5425 2716 5501 9.~

388 5658 393 5663 ,
462 5597 628 5672 (Ι)1ιιι
658 5598 1122 5672 interpnugiturin
1146 5606 1377 5672 utroque
1393 5598 1577 5672 (ἰγτῇΠί
1596 5572 1801 5665 codice,
1828 5612 1955 5653 ncc-

394 5667 498 5727 non
523 5667 580 5726 in
613 5667 851 5726 editione
880 5667 1134 5723 Vaticana
1156 5667 1450 5723 llibltoruni
1473 5670 1805 5726 Grmcorunt.

2136 5598 2211 5665 (ξ)
2240 5596 2413 5653 Simili
2460 5600 2731 5654 locutione
2782 5603 2951 5658 utitur
3004 5603 3267 5664 Eusebius
3313 5608 3366 5665 in
3408 5609 3648 5667 secundo

2065 5664 2412 5733 Tlteophania:
2452 5671 2772 5739 fragmento.
