  <div class='ocr_page' id='page_1' title='image "/cluster/home/n/w/nwhite01/storage/ocr_20150623/76/hvd.32044073501439/140.png"; bbox 0 0 3966 6194; ppageno 0'>
   <div class='ocr_carea' id='block_1_1' title="bbox 274 223 1840 300">
    <p class='ocr_par' dir='ltr' id='par_1_1' title="bbox 274 231 1840 300">
     <span class='ocr_line' id='line_1_1' title="bbox 274 231 1840 300; baseline -0.01 0"><span class='ocrx_word' id='word_1_1' title='bbox 274 243 356 300; x_wconf 71' lang='grc' dir='ltr'><strong>2ίό</strong></span> <span class='ocrx_word' id='word_1_2' title='bbox 1308 232 1494 300; x_wconf 88' lang='lat' dir='ltr'><strong>QUOD</strong></span> <span class='ocrx_word' id='word_1_3' title='bbox 1537 233 1594 286; x_wconf 86' lang='grc' dir='ltr'><strong>Β.</strong></span> <span class='ocrx_word' id='word_1_4' title='bbox 1641 231 1840 286; x_wconf 73' lang='lat' dir='ltr'><strong>MARIA</strong></span> 
     </span>
    </p>
   </div>
   <div class='ocr_carea' id='block_1_2' title="bbox 1889 223 3455 300">
    <p class='ocr_par' dir='ltr' id='par_1_2' title="bbox 1896 223 3455 284">
     <span class='ocr_line' id='line_1_2' title="bbox 1896 223 3455 284; baseline -0.004 0"><span class='ocrx_word' id='word_1_5' title='bbox 1896 227 2002 284; x_wconf 86' lang='lat' dir='ltr'><strong>SIT</strong></span> <span class='ocrx_word' id='word_1_6' title='bbox 2046 227 2364 284; x_wconf 72' lang='lat' dir='ltr'><strong>DEIPARA.</strong></span> <span class='ocrx_word' id='word_1_7' title='bbox 3349 223 3385 278; x_wconf 68' lang='grc'><strong>2⁸.</strong></span> <span class='ocrx_word' id='word_1_8' title='bbox 3413 231 3455 279; x_wconf 64' lang='grc' dir='ltr'>τι</span> 
     </span>
    </p>
   </div>
   <div class='ocr_carea' id='block_1_3' title="bbox 276 337 1842 431">
    <p class='ocr_par' dir='ltr' id='par_1_3' title="bbox 276 349 1842 431">
     <span class='ocr_line' id='line_1_3' title="bbox 276 349 1842 431; baseline -0.011 -12"><span class='ocrx_word' id='word_1_9' title='bbox 276 366 348 420; x_wconf 73' lang='grc' dir='ltr'><strong>καὶ</strong></span> <span class='ocrx_word' id='word_1_10' title='bbox 380 358 618 431; x_wconf 71' lang='grc' dir='ltr'>ὲμίσηςας</span> <span class='ocrx_word' id='word_1_11' title='bbox 643 353 855 409; x_wconf 81' lang='grc' dir='ltr'><strong>ἀδικίαν</strong></span> <span class='ocrx_word' id='word_1_12' title='bbox 880 366 893 380; x_wconf 86' lang='lat'><strong>&#39;</strong></span> <span class='ocrx_word' id='word_1_13' title='bbox 925 352 1012 405; x_wconf 74' lang='grc' dir='ltr'><strong>διὰ</strong></span> <span class='ocrx_word' id='word_1_14' title='bbox 1036 350 1193 404; x_wconf 88' lang='grc' dir='ltr'>τοῦτο</span> <span class='ocrx_word' id='word_1_15' title='bbox 1223 349 1435 421; x_wconf 71' lang='grc' dir='ltr'>ἔχρισέν</span> <span class='ocrx_word' id='word_1_16' title='bbox 1469 369 1526 404; x_wconf 91' lang='grc' dir='ltr'><strong>σε</strong></span> <span class='ocrx_word' id='word_1_17' title='bbox 1550 352 1577 404; x_wconf 84' lang='grc' dir='ltr'>ὁ</span> <span class='ocrx_word' id='word_1_18' title='bbox 1607 350 1736 413; x_wconf 77' lang='grc' dir='ltr'>Θεὸς</span> <span class='ocrx_word' id='word_1_19' title='bbox 1762 351 1788 402; x_wconf 87' lang='grc' dir='ltr'>ὁ</span> <span class='ocrx_word' id='word_1_20' title='bbox 1817 356 1842 412; x_wconf 75' lang='grc' dir='ltr'>,Α</span> 
     </span>
    </p>
   </div>
   <div class='ocr_carea' id='block_1_4' title="bbox 1891 337 3457 431">
    <p class='ocr_par' dir='ltr' id='par_1_4' title="bbox 1895 337 3457 414">
     <span class='ocr_line' id='line_1_4' title="bbox 1895 337 3457 414; baseline -0.005 -12"><span class='ocrx_word' id='word_1_21' title='bbox 1895 347 2090 404; x_wconf 85' lang='lat' dir='ltr'><strong>Cernis</strong></span> <span class='ocrx_word' id='word_1_22' title='bbox 2141 360 2305 414; x_wconf 68' lang='lat' dir='ltr'><strong>(luam</strong></span> <span class='ocrx_word' id='word_1_23' title='bbox 2367 341 2541 397; x_wconf 89' lang='lat' dir='ltr'><strong>aliena</strong></span> <span class='ocrx_word' id='word_1_24' title='bbox 2589 339 2659 393; x_wconf 83' lang='lat' dir='ltr'><strong>sit</strong></span> <span class='ocrx_word' id='word_1_25' title='bbox 2706 353 2734 392; x_wconf 89' lang='lat' dir='ltr'><strong>a</strong></span> <span class='ocrx_word' id='word_1_26' title='bbox 2783 337 3001 393; x_wconf 99' lang='lat' dir='ltr'><strong>Christo</strong></span> <span class='ocrx_word' id='word_1_27' title='bbox 3047 337 3457 395; x_wconf 86' lang='lat' dir='ltr'><strong>inhahitationis</strong></span> 
     </span>
    </p>
   </div>
   <div class='ocr_carea' id='block_1_5' title="bbox 273 431 1839 518">
    <p class='ocr_par' dir='ltr' id='par_1_5' title="bbox 273 441 1788 518">
     <span class='ocr_line' id='line_1_5' title="bbox 273 441 1788 518; baseline -0.007 -13"><span class='ocrx_word' id='word_1_28' title='bbox 273 457 377 518; x_wconf 82' lang='grc' dir='ltr'>Θεός</span> <span class='ocrx_word' id='word_1_29' title='bbox 416 466 498 506; x_wconf 89' lang='grc' dir='ltr'><strong>σου</strong></span> <span class='ocrx_word' id='word_1_30' title='bbox 543 447 719 500; x_wconf 73' lang='grc' dir='ltr'>ἔλαιον</span> <span class='ocrx_word' id='word_1_31' title='bbox 765 443 1140 514; x_wconf 77' lang='grc' dir='ltr'><strong>ἀγαλλιάσεως</strong></span> <span class='ocrx_word' id='word_1_32' title='bbox 1174 442 1325 511; x_wconf 75' lang='grc' dir='ltr'><strong>παρὰ</strong></span> <span class='ocrx_word' id='word_1_33' title='bbox 1352 443 1478 504; x_wconf 75' lang='grc' dir='ltr'>τοὺς</span> <span class='ocrx_word' id='word_1_34' title='bbox 1526 441 1788 512; x_wconf 83' lang='grc' dir='ltr'><strong>μετόχους</strong></span> 
     </span>
    </p>
   </div>
   <div class='ocr_carea' id='block_1_6' title="bbox 1889 431 3455 518">
    <p class='ocr_par' dir='ltr' id='par_1_6' title="bbox 1897 431 3455 504">
     <span class='ocr_line' id='line_1_6' title="bbox 1897 431 3455 504; baseline -0.005 -10"><span class='ocrx_word' id='word_1_35' title='bbox 1897 437 2188 494; x_wconf 84' lang='lat' dir='ltr'><strong>deﬁnitio?</strong></span> <span class='ocrx_word' id='word_1_36' title='bbox 2220 435 2373 504; x_wconf 86' lang='lat' dir='ltr'><strong>Quod</strong></span> <span class='ocrx_word' id='word_1_37' title='bbox 2401 434 2447 489; x_wconf 92' lang='lat' dir='ltr'><strong>si</strong></span> <span class='ocrx_word' id='word_1_38' title='bbox 2481 433 2565 488; x_wconf 91' lang='lat' dir='ltr'><strong>hic</strong></span> <span class='ocrx_word' id='word_1_39' title='bbox 2598 432 2781 487; x_wconf 91' lang='lat' dir='ltr'><strong>dicant</strong></span> <span class='ocrx_word' id='word_1_40' title='bbox 2813 431 3264 486; x_wconf 89' lang='lat' dir='ltr'><strong>inhahitationem</strong></span> <span class='ocrx_word' id='word_1_41' title='bbox 3315 432 3455 488; x_wconf 86' lang='lat' dir='ltr'><strong>haud</strong></span> 
     </span>
    </p>
   </div>
   <div class='ocr_carea' id='block_1_7' title="bbox 276 521 1842 606">
    <p class='ocr_par' dir='ltr' id='par_1_7' title="bbox 276 531 1791 606">
     <span class='ocr_line' id='line_1_7' title="bbox 276 531 1791 606; baseline -0.007 -12"><span class='ocrx_word' id='word_1_42' title='bbox 276 561 406 599; x_wconf 78' lang='grc' dir='ltr'>σου.)</span> <span class='ocrx_word' id='word_1_43' title='bbox 439 539 659 606; x_wconf 86' lang='grc' dir='ltr'>Θεωρεῖς</span> <span class='ocrx_word' id='word_1_44' title='bbox 706 535 781 598; x_wconf 83' lang='grc' dir='ltr'>ὡς</span> <span class='ocrx_word' id='word_1_45' title='bbox 814 533 1020 602; x_wconf 79' lang='grc' dir='ltr'>σφόδρα</span> <span class='ocrx_word' id='word_1_46' title='bbox 1060 531 1339 601; x_wconf 82' lang='grc' dir='ltr'>ἀλλότριος</span> <span class='ocrx_word' id='word_1_47' title='bbox 1386 532 1479 584; x_wconf 72' lang='grc' dir='ltr'><strong>ἐπὶ</strong></span> <span class='ocrx_word' id='word_1_48' title='bbox 1514 531 1610 585; x_wconf 90' lang='grc' dir='ltr'><strong>τοῦ</strong></span> <span class='ocrx_word' id='word_1_49' title='bbox 1655 533 1791 602; x_wconf 83' lang='grc' dir='ltr'>Χρι-</span> 
     </span>
    </p>
   </div>
   <div class='ocr_carea' id='block_1_8' title="bbox 1890 521 3456 606">
    <p class='ocr_par' dir='ltr' id='par_1_8' title="bbox 1896 521 3456 599">
     <span class='ocr_line' id='line_1_8' title="bbox 1896 521 3456 599; baseline -0.004 -15"><span class='ocrx_word' id='word_1_50' title='bbox 1896 541 2152 599; x_wconf 82' lang='lat' dir='ltr'><strong>tanquam</strong></span> <span class='ocrx_word' id='word_1_51' title='bbox 2183 529 2234 582; x_wconf 93' lang='lat' dir='ltr'><strong>in</strong></span> <span class='ocrx_word' id='word_1_52' title='bbox 2265 527 2471 583; x_wconf 79' lang='lat' dir='ltr'><strong>sanctis</strong></span> <span class='ocrx_word' id='word_1_53' title='bbox 2501 564 2516 590; x_wconf 95' lang='lat'><strong>,</strong></span> <span class='ocrx_word' id='word_1_54' title='bbox 2571 526 2662 579; x_wconf 89' lang='lat' dir='ltr'><strong>sed</strong></span> <span class='ocrx_word' id='word_1_55' title='bbox 2710 538 2829 577; x_wconf 88' lang='lat' dir='ltr'><strong>eam</strong></span> <span class='ocrx_word' id='word_1_56' title='bbox 2871 537 2990 593; x_wconf 67' lang='lat' dir='ltr'><strong>quae</strong></span> <span class='ocrx_word' id='word_1_57' title='bbox 3015 521 3157 577; x_wconf 80' lang='lat' dir='ltr'><strong>facta</strong></span> <span class='ocrx_word' id='word_1_58' title='bbox 3199 522 3362 577; x_wconf 82' lang='lat' dir='ltr'><strong>fuerit</strong></span> <span class='ocrx_word' id='word_1_59' title='bbox 3389 535 3456 578; x_wconf 78' lang='lat' dir='ltr'><strong>ex</strong></span> 
     </span>
    </p>
   </div>
   <div class='ocr_carea' id='block_1_9' title="bbox 275 615 1841 696">
    <p class='ocr_par' dir='ltr' id='par_1_9' title="bbox 275 617 1789 696">
     <span class='ocr_line' id='line_1_9' title="bbox 275 617 1789 696; baseline -0.001 -22"><span class='ocrx_word' id='word_1_60' title='bbox 275 631 376 686; x_wconf 73' lang='grc' dir='ltr'><strong>ατοῦ</strong></span> <span class='ocrx_word' id='word_1_61' title='bbox 398 632 422 682; x_wconf 76' lang='grc' dir='ltr'><strong><em>ὁ</em></strong></span> <span class='ocrx_word' id='word_1_62' title='bbox 449 627 536 696; x_wconf 79' lang='grc' dir='ltr'><strong>τῆς</strong></span> <span class='ocrx_word' id='word_1_63' title='bbox 561 623 887 694; x_wconf 78' lang='grc' dir='ltr'><strong>ἐνοικήσεως</strong></span> <span class='ocrx_word' id='word_1_64' title='bbox 918 621 1076 691; x_wconf 86' lang='grc' dir='ltr'>ὄρος;</span> <span class='ocrx_word' id='word_1_65' title='bbox 1110 621 1170 672; x_wconf 84' lang='lat' dir='ltr'><strong>El</strong></span> <span class='ocrx_word' id='word_1_66' title='bbox 1197 619 1254 672; x_wconf 81' lang='grc' dir='ltr'><strong>δὲ</strong></span> <span class='ocrx_word' id='word_1_67' title='bbox 1281 618 1526 687; x_wconf 85' lang='grc' dir='ltr'>λέγουσιν</span> <span class='ocrx_word' id='word_1_68' title='bbox 1554 617 1789 672; x_wconf 76' lang='grc' dir='ltr'>ἐνταῦθα</span> 
     </span>
    </p>
   </div>
   <div class='ocr_carea' id='block_1_10' title="bbox 1890 615 3456 696">
    <p class='ocr_par' dir='ltr' id='par_1_10' title="bbox 1893 615 3456 692">
     <span class='ocr_line' id='line_1_10' title="bbox 1893 615 3456 692; baseline -0.004 -13"><span class='ocrx_word' id='word_1_69' title='bbox 1893 622 2274 692; x_wconf 86' lang='lat' dir='ltr'><strong>conjunctione</strong></span> <span class='ocrx_word' id='word_1_70' title='bbox 2298 619 2460 675; x_wconf 86' lang='lat' dir='ltr'><strong>Verbi</strong></span> <span class='ocrx_word' id='word_1_71' title='bbox 2493 632 2612 673; x_wconf 91' lang='lat' dir='ltr'><strong>cum</strong></span> <span class='ocrx_word' id='word_1_72' title='bbox 2654 615 2875 672; x_wconf 80' lang='lat' dir='ltr'><strong>homine</strong></span> <span class='ocrx_word' id='word_1_73' title='bbox 2927 617 2993 671; x_wconf 90' lang='lat' dir='ltr'><strong>de</strong></span> <span class='ocrx_word' id='word_1_74' title='bbox 3040 615 3263 688; x_wconf 75' lang='lat' dir='ltr'><strong>Virgine</strong></span> <span class='ocrx_word' id='word_1_75' title='bbox 3306 629 3456 681; x_wconf 89' lang='lat' dir='ltr'><strong>nato,</strong></span> 
     </span>
    </p>
   </div>
   <div class='ocr_carea' id='block_1_11' title="bbox 274 709 1840 794">
    <p class='ocr_par' dir='ltr' id='par_1_11' title="bbox 274 709 1788 794">
     <span class='ocr_line' id='line_1_11' title="bbox 274 709 1788 794; baseline -0.009 -19"><span class='ocrx_word' id='word_1_76' title='bbox 274 723 350 794; x_wconf 77' lang='grc' dir='ltr'>τὴν</span> <span class='ocrx_word' id='word_1_77' title='bbox 370 719 610 786; x_wconf 72' lang='grc' dir='ltr'>ἐνοίκησιν</span> <span class='ocrx_word' id='word_1_78' title='bbox 646 715 720 784; x_wconf 75' lang='grc' dir='ltr'>μὴ</span> <span class='ocrx_word' id='word_1_79' title='bbox 755 715 866 774; x_wconf 81' lang='grc' dir='ltr'>τοῖς</span> <span class='ocrx_word' id='word_1_80' title='bbox 894 711 1068 779; x_wconf 82' lang='grc' dir='ltr'><strong>ἁγίοις</strong></span> <span class='ocrx_word' id='word_1_81' title='bbox 1088 710 1306 780; x_wconf 82' lang='grc' dir='ltr'>ὁμοίως.</span> <span class='ocrx_word' id='word_1_82' title='bbox 1339 709 1475 762; x_wconf 81' lang='grc' dir='ltr'><strong>ἀλλὰ</strong></span> <span class='ocrx_word' id='word_1_83' title='bbox 1500 709 1621 763; x_wconf 88' lang='grc' dir='ltr'>καθ’</span> <span class='ocrx_word' id='word_1_84' title='bbox 1654 709 1788 763; x_wconf 71' lang='grc' dir='ltr'>ἕνω-</span> 
     </span>
    </p>
   </div>
   <div class='ocr_carea' id='block_1_12' title="bbox 1892 709 3458 794">
    <p class='ocr_par' dir='ltr' id='par_1_12' title="bbox 1895 710 3458 794">
     <span class='ocr_line' id='line_1_12' title="bbox 1895 710 3458 794; baseline -0.003 -26"><span class='ocrx_word' id='word_1_85' title='bbox 1895 715 2285 783; x_wconf 76' lang='lat' dir='ltr'><strong>respoutlemus</strong></span> <span class='ocrx_word' id='word_1_86' title='bbox 2313 711 2510 766; x_wconf 91' lang='lat' dir='ltr'><strong>nullam</strong></span> <span class='ocrx_word' id='word_1_87' title='bbox 2543 710 2710 765; x_wconf 87' lang='lat' dir='ltr'><strong>licere</strong></span> <span class='ocrx_word' id='word_1_88' title='bbox 2739 719 2860 778; x_wconf 89' lang='lat' dir='ltr'><strong>post</strong></span> <span class='ocrx_word' id='word_1_89' title='bbox 2890 718 3107 794; x_wconf 81' lang='lat' dir='ltr'><strong>partum</strong></span> <span class='ocrx_word' id='word_1_90' title='bbox 3136 712 3318 766; x_wconf 84' lang='lat' dir='ltr'><strong>dicere</strong></span> <span class='ocrx_word' id='word_1_91' title='bbox 3375 712 3458 763; x_wconf 80' lang='lat' dir='ltr'><strong>fa-</strong></span> 
     </span>
    </p>
   </div>
   <div class='ocr_carea' id='block_1_13' title="bbox 277 787 1843 875">
    <p class='ocr_par' dir='ltr' id='par_1_13' title="bbox 277 787 1789 875">
     <span class='ocr_line' id='line_1_13' title="bbox 277 787 1789 875; baseline -0.015 -11"><span class='ocrx_word' id='word_1_92' title='bbox 277 787 442 869; x_wconf 46' lang='lat' dir='ltr'><strong>cum</strong></span> <span class='ocrx_word' id='word_1_93' title='bbox 474 808 635 874; x_wconf 81' lang='grc' dir='ltr'>Λόγον</span> <span class='ocrx_word' id='word_1_94' title='bbox 670 805 806 875; x_wconf 81' lang='grc' dir='ltr'>πρὸς</span> <span class='ocrx_word' id='word_1_95' title='bbox 835 801 1121 872; x_wconf 76' lang='grc' dir='ltr'>ἄνθρωπον</span> <span class='ocrx_word' id='word_1_96' title='bbox 1149 803 1213 854; x_wconf 86' lang='grc' dir='ltr'>ὲκ</span> <span class='ocrx_word' id='word_1_97' title='bbox 1253 800 1350 870; x_wconf 84' lang='grc' dir='ltr'><strong>τῆς</strong></span> <span class='ocrx_word' id='word_1_98' title='bbox 1388 800 1664 871; x_wconf 79' lang='grc' dir='ltr'><strong>Παρθένου</strong></span> <span class='ocrx_word' id='word_1_99' title='bbox 1701 817 1789 853; x_wconf 87' lang='grc' dir='ltr'><strong>τε-</strong></span> 
     </span>
    </p>
   </div>
   <div class='ocr_carea' id='block_1_14' title="bbox 1894 787 3460 875">
    <p class='ocr_par' dir='ltr' id='par_1_14' title="bbox 1899 787 3460 872">
     <span class='ocr_line' id='line_1_14' title="bbox 1899 787 3460 872; baseline -0.005 -10"><span class='ocrx_word' id='word_1_100' title='bbox 1899 814 2042 862; x_wconf 91' lang='lat' dir='ltr'><strong>ctam</strong></span> <span class='ocrx_word' id='word_1_101' title='bbox 2074 805 2535 872; x_wconf 87' lang='lat' dir='ltr'><strong>coniunctionem,</strong></span> <span class='ocrx_word' id='word_1_102' title='bbox 2569 802 2671 856; x_wconf 89' lang='lat' dir='ltr'><strong>nisi</strong></span> <span class='ocrx_word' id='word_1_103' title='bbox 2702 816 2817 856; x_wconf 91' lang='lat' dir='ltr'><strong>eam</strong></span> <span class='ocrx_word' id='word_1_104' title='bbox 2837 787 2956 871; x_wconf 69' lang='lat' dir='ltr'><strong>quae</strong></span> <span class='ocrx_word' id='word_1_105' title='bbox 2994 816 3060 855; x_wconf 79' lang='lat' dir='ltr'><strong>ex</strong></span> <span class='ocrx_word' id='word_1_106' title='bbox 3087 802 3256 870; x_wconf 88' lang='lat' dir='ltr'><strong>gratia</strong></span> <span class='ocrx_word' id='word_1_107' title='bbox 3284 808 3338 854; x_wconf 87' lang='lat' dir='ltr'><strong>et</strong></span> <span class='ocrx_word' id='word_1_108' title='bbox 3366 801 3460 855; x_wconf 86' lang='lat' dir='ltr'><strong>Dei</strong></span> 
     </span>
    </p>
   </div>
   <div class='ocr_carea' id='block_1_15' title="bbox 274 891 1840 975">
    <p class='ocr_par' dir='ltr' id='par_1_15' title="bbox 274 891 1792 975">
     <span class='ocr_line' id='line_1_15' title="bbox 274 891 1792 975; baseline -0.012 -18"><span class='ocrx_word' id='word_1_109' title='bbox 274 905 430 975; x_wconf 80' lang='grc' dir='ltr'>χθέντα</span> <span class='ocrx_word' id='word_1_110' title='bbox 453 897 798 967; x_wconf 84' lang='grc' dir='ltr'>γεγενῆσθαι,</span> <span class='ocrx_word' id='word_1_111' title='bbox 845 895 906 947; x_wconf 82' lang='grc' dir='ltr'><strong>οὐ</strong></span> <span class='ocrx_word' id='word_1_112' title='bbox 937 892 1158 946; x_wconf 80' lang='grc' dir='ltr'>δυνατὸν</span> <span class='ocrx_word' id='word_1_113' title='bbox 1195 892 1292 963; x_wconf 83' lang='grc' dir='ltr'><strong>μὲν</strong></span> <span class='ocrx_word' id='word_1_114' title='bbox 1339 891 1476 961; x_wconf 85' lang='grc' dir='ltr'><strong>μετὰ</strong></span> <span class='ocrx_word' id='word_1_115' title='bbox 1511 891 1608 962; x_wconf 79' lang='grc' dir='ltr'>τὴν</span> <span class='ocrx_word' id='word_1_116' title='bbox 1658 893 1792 945; x_wconf 84' lang='grc' dir='ltr'>ἁπο-</span> 
     </span>
    </p>
   </div>
   <div class='ocr_carea' id='block_1_16' title="bbox 1893 891 3459 975">
    <p class='ocr_par' dir='ltr' id='par_1_16' title="bbox 1893 893 3459 968">
     <span class='ocr_line' id='line_1_16' title="bbox 1893 893 3459 968; baseline -0.002 -17"><span class='ocrx_word' id='word_1_117' title='bbox 1893 897 2306 968; x_wconf 86' lang='lat' dir='ltr'><strong>participatione</strong></span> <span class='ocrx_word' id='word_1_118' title='bbox 2330 896 2408 961; x_wconf 84' lang='lat' dir='ltr'><strong>lit,</strong></span> <span class='ocrx_word' id='word_1_119' title='bbox 2455 893 2762 963; x_wconf 89' lang='lat' dir='ltr'><strong>cuiusmodi</strong></span> <span class='ocrx_word' id='word_1_120' title='bbox 2793 908 2982 950; x_wconf 80' lang='lat' dir='ltr'><strong>rursus</strong></span> <span class='ocrx_word' id='word_1_121' title='bbox 3022 893 3108 950; x_wconf 91' lang='lat' dir='ltr'><strong>aio</strong></span> <span class='ocrx_word' id='word_1_122' title='bbox 3153 893 3298 948; x_wconf 87' lang='lat' dir='ltr'><strong>illam</strong></span> <span class='ocrx_word' id='word_1_123' title='bbox 3334 909 3459 949; x_wconf 86' lang='lat' dir='ltr'><strong>sau-</strong></span> 
     </span>
    </p>
   </div>
   <div class='ocr_carea' id='block_1_17' title="bbox 276 981 1842 1064">
    <p class='ocr_par' dir='ltr' id='par_1_17' title="bbox 276 981 1790 1064">
     <span class='ocr_line' id='line_1_17' title="bbox 276 981 1790 1064; baseline -0.006 -19"><span class='ocrx_word' id='word_1_124' title='bbox 276 993 429 1064; x_wconf 75' lang='grc' dir='ltr'>κύησιν</span> <span class='ocrx_word' id='word_1_125' title='bbox 469 991 655 1042; x_wconf 74' lang='grc' dir='ltr'>ἕνωσιν</span> <span class='ocrx_word' id='word_1_126' title='bbox 702 984 881 1055; x_wconf 80' lang='grc' dir='ltr'><strong>ἀληθῆ</strong></span> <span class='ocrx_word' id='word_1_127' title='bbox 931 983 1206 1052; x_wconf 89' lang='grc' dir='ltr'>λέγεσθαι,</span> <span class='ocrx_word' id='word_1_128' title='bbox 1239 981 1354 1035; x_wconf 80' lang='grc' dir='ltr'>ἀλλ’</span> <span class='ocrx_word' id='word_1_129' title='bbox 1407 982 1440 1052; x_wconf 85' lang='grc' dir='ltr'>ἢ</span> <span class='ocrx_word' id='word_1_130' title='bbox 1497 983 1656 1052; x_wconf 88' lang='grc' dir='ltr'>μόνον</span> <span class='ocrx_word' id='word_1_131' title='bbox 1693 982 1790 1054; x_wconf 79' lang='grc' dir='ltr'><strong>τήν</strong></span> 
     </span>
    </p>
   </div>
   <div class='ocr_carea' id='block_1_18' title="bbox 1032 981 2598 1064">
    <p class='ocr_par' dir='ltr' id='par_1_18' title="bbox 1032 981 2598 1054">
     <span class='ocr_line' id='line_1_18' title="bbox 1032 981 2598 1054; baseline 0.003 -20"><span class='ocrx_word' id='word_1_132' title='bbox 1032 983 1206 1047; x_wconf 84' lang='grc' dir='ltr'>εσθαι,</span> <span class='ocrx_word' id='word_1_133' title='bbox 1239 981 1354 1035; x_wconf 80' lang='grc' dir='ltr'>ἀλλ’</span> <span class='ocrx_word' id='word_1_134' title='bbox 1407 982 1440 1052; x_wconf 86' lang='grc' dir='ltr'>ἢ</span> <span class='ocrx_word' id='word_1_135' title='bbox 1497 983 1656 1052; x_wconf 86' lang='grc' dir='ltr'>μόνον</span> <span class='ocrx_word' id='word_1_136' title='bbox 1693 982 1790 1054; x_wconf 78' lang='grc' dir='ltr'><strong>τήν</strong></span> <span class='ocrx_word' id='word_1_137' title='bbox 1891 997 2100 1043; x_wconf 87' lang='lat' dir='ltr'><strong>etorum</strong></span> <span class='ocrx_word' id='word_1_138' title='bbox 2125 1001 2244 1042; x_wconf 86' lang='lat' dir='ltr'><strong>eum</strong></span> <span class='ocrx_word' id='word_1_139' title='bbox 2275 985 2385 1042; x_wconf 91' lang='lat' dir='ltr'><strong>Deo</strong></span> <span class='ocrx_word' id='word_1_140' title='bbox 2411 985 2598 1040; x_wconf 80' lang='lat' dir='ltr'><strong>fuisse.</strong></span> 
     </span>
    </p>
   </div>
   <div class='ocr_carea' id='block_1_19' title="bbox 276 1074 2485 1152">
    <p class='ocr_par' dir='ltr' id='par_1_19' title="bbox 276 1074 2485 1152">
     <span class='ocr_line' id='line_1_19' title="bbox 276 1074 2485 1152; baseline -0.013 -15"><span class='ocrx_word' id='word_1_141' title='bbox 276 1084 384 1137; x_wconf 71' lang='grc' dir='ltr'>κατὰ</span> <span class='ocrx_word' id='word_1_142' title='bbox 406 1081 542 1152; x_wconf 81' lang='grc' dir='ltr'>χάριν</span> <span class='ocrx_word' id='word_1_143' title='bbox 572 1079 670 1132; x_wconf 72' lang='grc' dir='ltr'><strong>καὶ</strong></span> <span class='ocrx_word' id='word_1_144' title='bbox 706 1077 939 1149; x_wconf 78' lang='grc' dir='ltr'>μετοχὴν</span> <span class='ocrx_word' id='word_1_145' title='bbox 972 1075 1066 1128; x_wconf 88' lang='grc' dir='ltr'><strong>τοῦ</strong></span> <span class='ocrx_word' id='word_1_146' title='bbox 1100 1074 1255 1139; x_wconf 91' lang='grc' dir='ltr'>Θεοῦ,</span> <span class='ocrx_word' id='word_1_147' title='bbox 1287 1075 1363 1136; x_wconf 81' lang='grc' dir='ltr'><strong>ὡς</strong></span> <span class='ocrx_word' id='word_1_148' title='bbox 1403 1076 1460 1126; x_wconf 82' lang='grc' dir='ltr'>ὲν</span> <span class='ocrx_word' id='word_1_149' title='bbox 1487 1078 1596 1137; x_wconf 86' lang='grc' dir='ltr'>τοῖς</span> <span class='ocrx_word' id='word_1_150' title='bbox 1619 1075 1790 1144; x_wconf 80' lang='grc' dir='ltr'>ἁγίοις</span> <span class='ocrx_word' id='word_1_151' title='bbox 2478 1076 2485 1092; x_wconf 76' lang='grc' dir='ltr'><strong>ι</strong></span> 
     </span>
    </p>
   </div>
   <div class='ocr_carea' id='block_1_20' title="bbox 280 1173 648 1240">
    <p class='ocr_par' dir='ltr' id='par_1_20' title="bbox 280 1173 648 1240">
     <span class='ocr_line' id='line_1_20' title="bbox 280 1173 648 1240; baseline -0.016 -12"><span class='ocrx_word' id='word_1_152' title='bbox 280 1175 403 1228; x_wconf 69' lang='grc' dir='ltr'>πάλιν</span> <span class='ocrx_word' id='word_1_153' title='bbox 430 1173 648 1240; x_wconf 78' lang='grc' dir='ltr'>ἐγένετο.</span> 
     </span>
    </p>
   </div>
   <div class='ocr_carea' id='block_1_21' title="bbox 329 1245 1895 1332">
    <p class='ocr_par' dir='ltr' id='par_1_21' title="bbox 329 1256 1791 1332">
     <span class='ocr_line' id='line_1_21' title="bbox 329 1256 1791 1332; baseline -0.005 -14"><span class='ocrx_word' id='word_1_154' title='bbox 329 1267 380 1318; x_wconf 84' lang='grc' dir='ltr'><strong>θ’.</strong></span> <span class='ocrx_word' id='word_1_155' title='bbox 399 1266 452 1320; x_wconf 76' lang='grc' dir='ltr'><strong>ΕΞ</strong></span> <span class='ocrx_word' id='word_1_156' title='bbox 470 1265 519 1316; x_wconf 80' lang='grc' dir='ltr'><strong>δὲ</strong></span> <span class='ocrx_word' id='word_1_157' title='bbox 544 1261 778 1316; x_wconf 79' lang='grc' dir='ltr'>ἐνταῦθα</span> <span class='ocrx_word' id='word_1_158' title='bbox 804 1262 902 1332; x_wconf 78' lang='grc' dir='ltr'><strong>τὴν</strong></span> <span class='ocrx_word' id='word_1_159' title='bbox 930 1261 1206 1330; x_wconf 74' lang='grc' dir='ltr'>ἐνοίκησιν</span> <span class='ocrx_word' id='word_1_160' title='bbox 1223 1261 1420 1313; x_wconf 85' lang='grc' dir='ltr'>’ἐνωσιν</span> <span class='ocrx_word' id='word_1_161' title='bbox 1443 1256 1580 1314; x_wconf 72' lang='grc' dir='ltr'>εἶναι</span> <span class='ocrx_word' id='word_1_162' title='bbox 1605 1259 1791 1327; x_wconf 86' lang='grc' dir='ltr'>λέγου-</span> 
     </span>
    </p>
   </div>
   <div class='ocr_carea' id='block_1_22' title="bbox 1894 1245 3460 1332">
    <p class='ocr_par' dir='ltr' id='par_1_22' title="bbox 1962 1245 3460 1316">
     <span class='ocr_line' id='line_1_22' title="bbox 1962 1245 3460 1316; baseline -0.004 -12"><span class='ocrx_word' id='word_1_163' title='bbox 1962 1251 2014 1304; x_wconf 87' lang='grc'><strong>9.</strong></span> <span class='ocrx_word' id='word_1_164' title='bbox 2044 1250 2194 1316; x_wconf 86' lang='lat' dir='ltr'><strong>Quod</strong></span> <span class='ocrx_word' id='word_1_165' title='bbox 2231 1249 2274 1303; x_wconf 90' lang='lat' dir='ltr'><strong>si</strong></span> <span class='ocrx_word' id='word_1_166' title='bbox 2320 1246 2584 1303; x_wconf 88' lang='lat' dir='ltr'><strong>vocabulo</strong></span> <span class='ocrx_word' id='word_1_167' title='bbox 2634 1245 2984 1300; x_wconf 85' lang='lat' dir='ltr'><strong>habitationis</strong></span> <span class='ocrx_word' id='word_1_168' title='bbox 3027 1245 3460 1314; x_wconf 88' lang='lat' dir='ltr'><strong>coniunctionem</strong></span> 
     </span>
    </p>
   </div>
   <div class='ocr_carea' id='block_1_23' title="bbox 284 1337 1850 1425">
    <p class='ocr_par' dir='ltr' id='par_1_23' title="bbox 284 1351 1791 1425">
     <span class='ocr_line' id='line_1_23' title="bbox 284 1351 1791 1425; baseline -0.003 -16"><span class='ocrx_word' id='word_1_169' title='bbox 284 1357 454 1424; x_wconf 78' lang='grc' dir='ltr'>σιν,οὖκ</span> <span class='ocrx_word' id='word_1_170' title='bbox 487 1358 538 1408; x_wconf 85' lang='grc' dir='ltr'>ὲν</span> <span class='ocrx_word' id='word_1_171' title='bbox 562 1357 630 1425; x_wconf 84' lang='grc' dir='ltr'>τῇ</span> <span class='ocrx_word' id='word_1_172' title='bbox 673 1353 956 1424; x_wconf 85' lang='grc' dir='ltr'>Παρθένῳ,</span> <span class='ocrx_word' id='word_1_173' title='bbox 992 1353 1126 1406; x_wconf 78' lang='grc' dir='ltr'><strong>ἀλλὰ</strong></span> <span class='ocrx_word' id='word_1_174' title='bbox 1165 1352 1301 1423; x_wconf 77' lang='grc' dir='ltr'>μετὰ</span> <span class='ocrx_word' id='word_1_175' title='bbox 1343 1353 1403 1405; x_wconf 82' lang='grc' dir='ltr'><strong>τὸ</strong></span> <span class='ocrx_word' id='word_1_176' title='bbox 1441 1352 1697 1423; x_wconf 83' lang='grc' dir='ltr'>τεχθῆναι</span> <span class='ocrx_word' id='word_1_177' title='bbox 1733 1351 1791 1418; x_wconf 78' lang='grc' dir='ltr'><strong>ἐξ</strong></span> 
     </span>
    </p>
   </div>
   <div class='ocr_carea' id='block_1_24' title="bbox 1897 1337 3463 1425">
    <p class='ocr_par' dir='ltr' id='par_1_24' title="bbox 1897 1337 3463 1410">
     <span class='ocr_line' id='line_1_24' title="bbox 1897 1337 3463 1410; baseline -0.001 -16"><span class='ocrx_word' id='word_1_178' title='bbox 1897 1340 2196 1410; x_wconf 84' lang='lat' dir='ltr'><strong>intelligunt</strong></span> <span class='ocrx_word' id='word_1_179' title='bbox 2214 1354 2316 1395; x_wconf 92' lang='lat' dir='ltr'><strong>nou</strong></span> <span class='ocrx_word' id='word_1_180' title='bbox 2334 1339 2477 1392; x_wconf 88' lang='lat' dir='ltr'><strong>illam</strong></span> <span class='ocrx_word' id='word_1_181' title='bbox 2495 1338 2637 1391; x_wconf 90' lang='lat' dir='ltr'><strong>intra</strong></span> <span class='ocrx_word' id='word_1_182' title='bbox 2658 1337 2933 1406; x_wconf 77' lang='lat' dir='ltr'><strong>Virginem</strong></span> <span class='ocrx_word' id='word_1_183' title='bbox 2959 1339 3178 1402; x_wconf 82' lang='lat' dir='ltr'><strong>factam,</strong></span> <span class='ocrx_word' id='word_1_184' title='bbox 3203 1340 3297 1392; x_wconf 90' lang='lat' dir='ltr'><strong>sed</strong></span> <span class='ocrx_word' id='word_1_185' title='bbox 3317 1348 3463 1407; x_wconf 88' lang='lat' dir='ltr'><strong>post-</strong></span> 
     </span>
    </p>
   </div>
   <div class='ocr_carea' id='block_1_25' title="bbox 284 1431 1850 1515">
    <p class='ocr_par' dir='ltr' id='par_1_25' title="bbox 284 1440 1790 1515">
     <span class='ocr_line' id='line_1_25' title="bbox 284 1440 1790 1515; baseline -0.004 -16"><span class='ocrx_word' id='word_1_186' title='bbox 284 1446 428 1515; x_wconf 68' lang='grc' dir='ltr'>αὐτῆς,</span> <span class='ocrx_word' id='word_1_187' title='bbox 453 1445 570 1514; x_wconf 77' lang='grc' dir='ltr'>φέρε</span> <span class='ocrx_word' id='word_1_188' title='bbox 614 1445 709 1496; x_wconf 68' lang='grc' dir='ltr'><strong>καὶ</strong></span> <span class='ocrx_word' id='word_1_189' title='bbox 750 1440 895 1494; x_wconf 84' lang='grc' dir='ltr'>οῦτω</span> <span class='ocrx_word' id='word_1_190' title='bbox 919 1441 978 1494; x_wconf 82' lang='grc' dir='ltr'><strong>τὸ</strong></span> <span class='ocrx_word' id='word_1_191' title='bbox 1009 1440 1298 1511; x_wconf 87' lang='grc' dir='ltr'>λεγόμενον</span> <span class='ocrx_word' id='word_1_192' title='bbox 1327 1440 1691 1510; x_wconf 80' lang='grc' dir='ltr'>ἐξετάσωμεν.</span> <span class='ocrx_word' id='word_1_193' title='bbox 1727 1440 1790 1494; x_wconf 79' lang='lat' dir='ltr'><strong>El</strong></span> 
     </span>
    </p>
   </div>
   <div class='ocr_carea' id='block_1_26' title="bbox 1893 1431 3459 1515">
    <p class='ocr_par' dir='ltr' id='par_1_26' title="bbox 1893 1431 3459 1502">
     <span class='ocr_line' id='line_1_26' title="bbox 1893 1431 3459 1502; baseline 0.001 -17"><span class='ocrx_word' id='word_1_194' title='bbox 1893 1431 2222 1502; x_wconf 80' lang='lat' dir='ltr'><strong>quamJesus</strong></span> <span class='ocrx_word' id='word_1_195' title='bbox 2249 1433 2316 1486; x_wconf 90' lang='lat' dir='ltr'><strong>de</strong></span> <span class='ocrx_word' id='word_1_196' title='bbox 2345 1432 2459 1500; x_wconf 91' lang='lat' dir='ltr'><strong>ipsa</strong></span> <span class='ocrx_word' id='word_1_197' title='bbox 2491 1440 2649 1485; x_wconf 85' lang='lat' dir='ltr'><strong>natus</strong></span> <span class='ocrx_word' id='word_1_198' title='bbox 2677 1431 2872 1494; x_wconf 81' lang='lat' dir='ltr'><strong>fuerat,</strong></span> <span class='ocrx_word' id='word_1_199' title='bbox 2907 1443 3026 1499; x_wconf 88' lang='lat' dir='ltr'><strong>age,</strong></span> <span class='ocrx_word' id='word_1_200' title='bbox 3067 1431 3119 1485; x_wconf 93' lang='lat' dir='ltr'><strong>id</strong></span> <span class='ocrx_word' id='word_1_201' title='bbox 3146 1445 3361 1500; x_wconf 86' lang='lat' dir='ltr'><strong>quoque</strong></span> <span class='ocrx_word' id='word_1_202' title='bbox 3393 1431 3459 1486; x_wconf 87' lang='lat' dir='ltr'><strong>ad</strong></span> 
     </span>
    </p>
   </div>
   <div class='ocr_carea' id='block_1_27' title="bbox 285 1521 1851 1609">
    <p class='ocr_par' dir='ltr' id='par_1_27' title="bbox 285 1532 1795 1609">
     <span class='ocr_line' id='line_1_27' title="bbox 285 1532 1795 1609; baseline -0.003 -20"><span class='ocrx_word' id='word_1_203' title='bbox 285 1537 347 1589; x_wconf 69' lang='grc' dir='ltr'><strong>διὰ</strong></span> <span class='ocrx_word' id='word_1_204' title='bbox 364 1537 488 1588; x_wconf 81' lang='grc' dir='ltr'>τοῦτο</span> <span class='ocrx_word' id='word_1_205' title='bbox 509 1537 582 1598; x_wconf 84' lang='grc' dir='ltr'><strong>είς</strong></span> <span class='ocrx_word' id='word_1_206' title='bbox 611 1535 672 1587; x_wconf 74' lang='grc' dir='ltr'>τὸ</span> <span class='ocrx_word' id='word_1_207' title='bbox 707 1533 802 1586; x_wconf 84' lang='grc' dir='ltr'><strong>τοῦ</strong></span> <span class='ocrx_word' id='word_1_208' title='bbox 834 1532 1003 1609; x_wconf 76' lang='grc' dir='ltr'>Λόγου</span> <span class='ocrx_word' id='word_1_209' title='bbox 1036 1532 1332 1603; x_wconf 82' lang='grc' dir='ltr'>πρόσωπον</span> <span class='ocrx_word' id='word_1_210' title='bbox 1361 1533 1422 1584; x_wconf 85' lang='grc' dir='ltr'><strong>τὸ</strong></span> <span class='ocrx_word' id='word_1_211' title='bbox 1451 1533 1659 1602; x_wconf 87' lang='grc' dir='ltr'>χρίσμα</span> <span class='ocrx_word' id='word_1_212' title='bbox 1721 1532 1795 1586; x_wconf 86' lang='grc' dir='ltr'>εί-</span> 
     </span>
    </p>
   </div>
   <div class='ocr_carea' id='block_1_28' title="bbox 1893 1521 3459 1609">
    <p class='ocr_par' dir='ltr' id='par_1_28' title="bbox 1894 1521 3459 1594">
     <span class='ocr_line' id='line_1_28' title="bbox 1894 1521 3459 1594; baseline 0.001 -18"><span class='ocrx_word' id='word_1_213' title='bbox 1894 1524 2154 1577; x_wconf 86' lang='lat' dir='ltr'><strong>trutinam</strong></span> <span class='ocrx_word' id='word_1_214' title='bbox 2185 1525 2579 1592; x_wconf 81' lang='lat' dir='ltr'><strong>expendamus.</strong></span> <span class='ocrx_word' id='word_1_215' title='bbox 2617 1523 2674 1577; x_wconf 91' lang='lat' dir='ltr'><strong>Si</strong></span> <span class='ocrx_word' id='word_1_216' title='bbox 2709 1523 2913 1578; x_wconf 88' lang='lat' dir='ltr'><strong>idcirco</strong></span> <span class='ocrx_word' id='word_1_217' title='bbox 2937 1523 3003 1579; x_wconf 90' lang='lat' dir='ltr'><strong>de</strong></span> <span class='ocrx_word' id='word_1_218' title='bbox 3034 1521 3198 1578; x_wconf 81' lang='lat' dir='ltr'><strong>Verbi</strong></span> <span class='ocrx_word' id='word_1_219' title='bbox 3228 1539 3459 1594; x_wconf 81' lang='lat' dir='ltr'><strong>persona</strong></span> 
     </span>
    </p>
   </div>
   <div class='ocr_carea' id='block_1_29' title="bbox 288 1614 1854 1698">
    <p class='ocr_par' dir='ltr' id='par_1_29' title="bbox 288 1621 1792 1698">
     <span class='ocr_line' id='line_1_29' title="bbox 288 1621 1792 1698; baseline -0.003 -20"><span class='ocrx_word' id='word_1_220' title='bbox 288 1627 436 1698; x_wconf 74' lang='grc' dir='ltr'>ρῆσθαι</span> <span class='ocrx_word' id='word_1_221' title='bbox 466 1626 726 1694; x_wconf 82' lang='grc' dir='ltr'>λέγουσιν,</span> <span class='ocrx_word' id='word_1_222' title='bbox 763 1624 851 1676; x_wconf 83' lang='grc' dir='ltr'><strong>διὰ</strong></span> <span class='ocrx_word' id='word_1_223' title='bbox 899 1623 960 1675; x_wconf 77' lang='grc' dir='ltr'>τὸ</span> <span class='ocrx_word' id='word_1_224' title='bbox 1008 1626 1246 1676; x_wconf 85' lang='grc' dir='ltr'>συνεῖναι</span> <span class='ocrx_word' id='word_1_225' title='bbox 1277 1623 1370 1675; x_wconf 79' lang='grc' dir='ltr'><strong>καὶ</strong></span> <span class='ocrx_word' id='word_1_226' title='bbox 1416 1621 1679 1692; x_wconf 82' lang='grc' dir='ltr'><strong>ἡνῶσθαι,</strong></span> <span class='ocrx_word' id='word_1_227' title='bbox 1713 1623 1792 1684; x_wconf 87' lang='grc' dir='ltr'>ὠς</span> 
     </span>
    </p>
   </div>
   <div class='ocr_carea' id='block_1_30' title="bbox 1896 1614 3462 1698">
    <p class='ocr_par' dir='ltr' id='par_1_30' title="bbox 1896 1614 3462 1684">
     <span class='ocr_line' id='line_1_30' title="bbox 1896 1614 3462 1684; baseline 0.001 -16"><span class='ocrx_word' id='word_1_228' title='bbox 1896 1615 2208 1670; x_wconf 89' lang='lat' dir='ltr'><strong>unctionem</strong></span> <span class='ocrx_word' id='word_1_229' title='bbox 2237 1614 2584 1684; x_wconf 78' lang='lat' dir='ltr'><strong>przedicatam</strong></span> <span class='ocrx_word' id='word_1_230' title='bbox 2609 1615 2782 1677; x_wconf 87' lang='lat' dir='ltr'><strong>aiunt,</strong></span> <span class='ocrx_word' id='word_1_231' title='bbox 2809 1615 2936 1684; x_wconf 84' lang='lat' dir='ltr'><strong>quia</strong></span> <span class='ocrx_word' id='word_1_232' title='bbox 2968 1614 3315 1683; x_wconf 89' lang='lat' dir='ltr'><strong>coniunctum</strong></span> <span class='ocrx_word' id='word_1_233' title='bbox 3342 1616 3462 1670; x_wconf 85' lang='lat' dir='ltr'><strong>uni-</strong></span> 
     </span>
    </p>
   </div>
   <div class='ocr_carea' id='block_1_31' title="bbox 289 1705 1855 1787">
    <p class='ocr_par' dir='ltr' id='par_1_31' title="bbox 289 1707 1855 1787">
     <span class='ocr_line' id='line_1_31' title="bbox 289 1707 1855 1787; baseline -0.005 -17"><span class='ocrx_word' id='word_1_234' title='bbox 289 1719 400 1770; x_wconf 75' lang='grc' dir='ltr'>ιιὺτοί</span> <span class='ocrx_word' id='word_1_235' title='bbox 423 1735 552 1787; x_wconf 68' lang='grc' dir='ltr'>φασι,</span> <span class='ocrx_word' id='word_1_236' title='bbox 581 1716 661 1786; x_wconf 80' lang='grc' dir='ltr'><strong>τῷ</strong></span> <span class='ocrx_word' id='word_1_237' title='bbox 689 1714 962 1785; x_wconf 80' lang='grc' dir='ltr'>ἀνθρώπῳ</span> <span class='ocrx_word' id='word_1_238' title='bbox 986 1715 1075 1767; x_wconf 80' lang='grc' dir='ltr'><strong>τὸν</strong></span> <span class='ocrx_word' id='word_1_239' title='bbox 1099 1715 1290 1782; x_wconf 80' lang='grc' dir='ltr'>Λόγον,</span> <span class='ocrx_word' id='word_1_240' title='bbox 1315 1714 1529 1777; x_wconf 82' lang='grc' dir='ltr'>πάντως</span> <span class='ocrx_word' id='word_1_241' title='bbox 1557 1714 1639 1767; x_wconf 82' lang='grc' dir='ltr'>ὅτι</span> <span class='ocrx_word' id='word_1_242' title='bbox 1671 1713 1789 1784; x_wconf 85' lang='grc' dir='ltr'>μεθ’</span> <span class='ocrx_word' id='word_1_243' title='bbox 1826 1707 1855 1762; x_wconf 80' lang='grc' dir='ltr'><strong><em>Ε</em></strong></span> 
     </span>
    </p>
   </div>
   <div class='ocr_carea' id='block_1_32' title="bbox 1898 1705 3464 1787">
    <p class='ocr_par' dir='ltr' id='par_1_32' title="bbox 1898 1705 3464 1775">
     <span class='ocr_line' id='line_1_32' title="bbox 1898 1705 3464 1775; baseline 0.002 -15"><span class='ocrx_word' id='word_1_244' title='bbox 1898 1715 2123 1774; x_wconf 91' lang='lat' dir='ltr'><strong>tumque</strong></span> <span class='ocrx_word' id='word_1_245' title='bbox 2153 1705 2337 1770; x_wconf 80' lang='lat' dir='ltr'><strong>fuerit,</strong></span> <span class='ocrx_word' id='word_1_246' title='bbox 2368 1713 2430 1759; x_wconf 92' lang='lat' dir='ltr'><strong>ut</strong></span> <span class='ocrx_word' id='word_1_247' title='bbox 2453 1705 2552 1775; x_wconf 89' lang='lat' dir='ltr'><strong>ipsi</strong></span> <span class='ocrx_word' id='word_1_248' title='bbox 2584 1706 2758 1774; x_wconf 91' lang='lat' dir='ltr'><strong>aiunt,</strong></span> <span class='ocrx_word' id='word_1_249' title='bbox 2813 1706 3017 1761; x_wconf 87' lang='lat' dir='ltr'><strong>homini</strong></span> <span class='ocrx_word' id='word_1_250' title='bbox 3071 1707 3322 1774; x_wconf 87' lang='lat' dir='ltr'><strong>Verbum,</strong></span> <span class='ocrx_word' id='word_1_251' title='bbox 3349 1723 3464 1763; x_wconf 80' lang='lat' dir='ltr'><strong>om-</strong></span> 
     </span>
    </p>
   </div>
   <div class='ocr_carea' id='block_1_33' title="bbox 289 1795 1855 1877">
    <p class='ocr_par' dir='ltr' id='par_1_33' title="bbox 289 1805 1791 1877">
     <span class='ocr_line' id='line_1_33' title="bbox 289 1805 1791 1877; baseline -0.001 -17"><span class='ocrx_word' id='word_1_252' title='bbox 289 1809 434 1861; x_wconf 77' lang='grc' dir='ltr'>Ξνωτιν</span> <span class='ocrx_word' id='word_1_253' title='bbox 468 1809 615 1862; x_wconf 74' lang='grc' dir='ltr'>αὑτὸν</span> <span class='ocrx_word' id='word_1_254' title='bbox 668 1806 952 1876; x_wconf 87' lang='grc' dir='ltr'>κεχρίσθαι</span> <span class='ocrx_word' id='word_1_255' title='bbox 997 1807 1175 1868; x_wconf 83' lang='grc' dir='ltr'>λέγειν</span> <span class='ocrx_word' id='word_1_256' title='bbox 1203 1805 1260 1868; x_wconf 82' lang='grc' dir='ltr'><strong>ἐξ</strong></span> <span class='ocrx_word' id='word_1_257' title='bbox 1281 1806 1526 1877; x_wconf 75' lang='grc' dir='ltr'>ἀνάγκης</span> <span class='ocrx_word' id='word_1_258' title='bbox 1558 1807 1791 1877; x_wconf 82' lang='grc' dir='ltr'>ἀπαιτη-</span> 
     </span>
    </p>
   </div>
   <div class='ocr_carea' id='block_1_34' title="bbox 1899 1795 3465 1877">
    <p class='ocr_par' dir='ltr' id='par_1_34' title="bbox 1899 1795 3465 1867">
     <span class='ocr_line' id='line_1_34' title="bbox 1899 1795 3465 1867; baseline 0.001 -16"><span class='ocrx_word' id='word_1_259' title='bbox 1899 1797 2026 1852; x_wconf 92' lang='lat' dir='ltr'><strong>nino</strong></span> <span class='ocrx_word' id='word_1_260' title='bbox 2065 1805 2187 1866; x_wconf 92' lang='lat' dir='ltr'><strong>post</strong></span> <span class='ocrx_word' id='word_1_261' title='bbox 2233 1795 2672 1863; x_wconf 86' lang='lat' dir='ltr'><strong>coniunctionem</strong></span> <span class='ocrx_word' id='word_1_262' title='bbox 2709 1797 2881 1867; x_wconf 88' lang='lat' dir='ltr'><strong>ipsum</strong></span> <span class='ocrx_word' id='word_1_263' title='bbox 2916 1809 3132 1852; x_wconf 90' lang='lat' dir='ltr'><strong>unctum</strong></span> <span class='ocrx_word' id='word_1_264' title='bbox 3164 1797 3328 1852; x_wconf 75' lang='lat' dir='ltr'><strong>fuisse</strong></span> <span class='ocrx_word' id='word_1_265' title='bbox 3385 1799 3465 1852; x_wconf 87' lang='lat' dir='ltr'><strong>di-</strong></span> 
     </span>
    </p>
   </div>
   <div class='ocr_carea' id='block_1_35' title="bbox 293 1887 1859 1969">
    <p class='ocr_par' dir='ltr' id='par_1_35' title="bbox 293 1897 1790 1969">
     <span class='ocr_line' id='line_1_35' title="bbox 293 1897 1790 1969; baseline 0 -19"><span class='ocrx_word' id='word_1_266' title='bbox 293 1898 520 1968; x_wconf 78' lang='grc' dir='ltr'>θήτονται’</span> <span class='ocrx_word' id='word_1_267' title='bbox 547 1899 634 1952; x_wconf 80' lang='grc' dir='ltr'><strong>τὸν</strong></span> <span class='ocrx_word' id='word_1_268' title='bbox 663 1898 775 1968; x_wconf 72' lang='grc' dir='ltr'><strong>γὰρ</strong></span> <span class='ocrx_word' id='word_1_269' title='bbox 816 1897 948 1950; x_wconf 78' lang='grc' dir='ltr'>Θεὸν</span> <span class='ocrx_word' id='word_1_270' title='bbox 983 1897 1154 1965; x_wconf 81' lang='grc' dir='ltr'>Λόγον</span> <span class='ocrx_word' id='word_1_271' title='bbox 1201 1900 1229 1952; x_wconf 85' lang='grc' dir='ltr'>ὁ</span> <span class='ocrx_word' id='word_1_272' title='bbox 1264 1899 1570 1969; x_wconf 79' lang='grc' dir='ltr'><strong>προφήτης,</strong></span> <span class='ocrx_word' id='word_1_273' title='bbox 1603 1898 1683 1950; x_wconf 75' lang='grc' dir='ltr'>ἔτι</span> <span class='ocrx_word' id='word_1_274' title='bbox 1727 1915 1790 1966; x_wconf 91' lang='grc' dir='ltr'><strong>γε</strong></span> 
     </span>
    </p>
   </div>
   <div class='ocr_carea' id='block_1_36' title="bbox 1893 1887 3459 1969">
    <p class='ocr_par' dir='ltr' id='par_1_36' title="bbox 1893 1887 3459 1960">
     <span class='ocr_line' id='line_1_36' title="bbox 1893 1887 3459 1960; baseline 0.001 -19"><span class='ocrx_word' id='word_1_275' title='bbox 1893 1903 2017 1943; x_wconf 87' lang='lat' dir='ltr'><strong>cere</strong></span> <span class='ocrx_word' id='word_1_276' title='bbox 2049 1889 2360 1944; x_wconf 88' lang='lat' dir='ltr'><strong>necessario</strong></span> <span class='ocrx_word' id='word_1_277' title='bbox 2386 1897 2668 1958; x_wconf 78' lang='lat' dir='ltr'><strong>cogentur.</strong></span> <span class='ocrx_word' id='word_1_278' title='bbox 2697 1888 2832 1943; x_wconf 84' lang='lat' dir='ltr'><strong>Nam</strong></span> <span class='ocrx_word' id='word_1_279' title='bbox 2867 1888 3032 1944; x_wconf 90' lang='lat' dir='ltr'><strong>Deum</strong></span> <span class='ocrx_word' id='word_1_280' title='bbox 3063 1887 3296 1944; x_wconf 89' lang='lat' dir='ltr'><strong>Verbum</strong></span> <span class='ocrx_word' id='word_1_281' title='bbox 3331 1905 3459 1960; x_wconf 79' lang='lat' dir='ltr'><strong>pro-</strong></span> 
     </span>
    </p>
   </div>
   <div class='ocr_carea' id='block_1_37' title="bbox 302 1978 1868 2061">
    <p class='ocr_par' dir='ltr' id='par_1_37' title="bbox 302 1988 1792 2061">
     <span class='ocr_line' id='line_1_37' title="bbox 302 1988 1792 2061; baseline -0.001 -18"><span class='ocrx_word' id='word_1_282' title='bbox 302 1991 510 2061; x_wconf 68' lang='grc' dir='ltr'>μὴνκιὶὸ</span> <span class='ocrx_word' id='word_1_283' title='bbox 540 1989 859 2052; x_wconf 80' lang='grc' dir='ltr'>’Λπόστολος</span> <span class='ocrx_word' id='word_1_284' title='bbox 891 1989 1243 2060; x_wconf 86' lang='grc' dir='ltr'>θεολογήσας,</span> <span class='ocrx_word' id='word_1_285' title='bbox 1282 1988 1431 2060; x_wconf 70' lang='grc' dir='ltr'>αὐτῷ</span> <span class='ocrx_word' id='word_1_286' title='bbox 1462 1991 1558 2045; x_wconf 58' lang='grc' dir='ltr'><strong>κα)⁸</strong></span> <span class='ocrx_word' id='word_1_287' title='bbox 1584 1989 1645 2043; x_wconf 80' lang='grc' dir='ltr'><strong>τὸ</strong></span> <span class='ocrx_word' id='word_1_288' title='bbox 1675 1990 1792 2061; x_wconf 85' lang='grc' dir='ltr'>χρί-</span> 
     </span>
    </p>
   </div>
   <div class='ocr_carea' id='block_1_38' title="bbox 1893 1978 3459 2061">
    <p class='ocr_par' dir='ltr' id='par_1_38' title="bbox 1893 1978 3459 2050">
     <span class='ocr_line' id='line_1_38' title="bbox 1893 1978 3459 2050; baseline 0.001 -18"><span class='ocrx_word' id='word_1_289' title='bbox 1893 1979 2078 2046; x_wconf 87' lang='lat' dir='ltr'><strong>pheta,</strong></span> <span class='ocrx_word' id='word_1_290' title='bbox 2110 1992 2210 2033; x_wconf 92' lang='lat' dir='ltr'><strong>nec</strong></span> <span class='ocrx_word' id='word_1_291' title='bbox 2239 1991 2344 2032; x_wconf 92' lang='lat' dir='ltr'><strong>non</strong></span> <span class='ocrx_word' id='word_1_292' title='bbox 2374 1978 2665 2046; x_wconf 81' lang='lat' dir='ltr'><strong>Apostolus</strong></span> <span class='ocrx_word' id='word_1_293' title='bbox 2715 1979 3018 2050; x_wconf 89' lang='lat' dir='ltr'><strong>theologico</strong></span> <span class='ocrx_word' id='word_1_294' title='bbox 3064 1994 3314 2034; x_wconf 89' lang='lat' dir='ltr'><strong>sermone</strong></span> <span class='ocrx_word' id='word_1_295' title='bbox 3363 1981 3459 2034; x_wconf 89' lang='lat' dir='ltr'><strong>de-</strong></span> 
     </span>
    </p>
   </div>
   <div class='ocr_carea' id='block_1_39' title="bbox 307 2069 1873 2152">
    <p class='ocr_par' dir='ltr' id='par_1_39' title="bbox 307 2079 1791 2152">
     <span class='ocr_line' id='line_1_39' title="bbox 307 2079 1791 2152; baseline 0.003 -22"><span class='ocrx_word' id='word_1_296' title='bbox 307 2096 392 2147; x_wconf 73' lang='grc' dir='ltr'><strong>σμα</strong></span> <span class='ocrx_word' id='word_1_297' title='bbox 417 2081 618 2152; x_wconf 59' lang='grc' dir='ltr'>τανερῶς</span> <span class='ocrx_word' id='word_1_298' title='bbox 640 2080 936 2150; x_wconf 79' lang='grc' dir='ltr'>ἀνέθηκεν.</span> <span class='ocrx_word' id='word_1_299' title='bbox 973 2080 1036 2133; x_wconf 81' lang='lat' dir='ltr'><strong>Ei</strong></span> <span class='ocrx_word' id='word_1_300' title='bbox 1093 2080 1274 2134; x_wconf 82' lang='grc' dir='ltr'>τοίνυν</span> <span class='ocrx_word' id='word_1_301' title='bbox 1311 2079 1398 2132; x_wconf 86' lang='grc' dir='ltr'><strong>διὰ</strong></span> <span class='ocrx_word' id='word_1_302' title='bbox 1438 2079 1538 2152; x_wconf 83' lang='grc' dir='ltr'>τὴν</span> <span class='ocrx_word' id='word_1_303' title='bbox 1575 2081 1791 2144; x_wconf 73' lang='grc' dir='ltr'>ἕνωσιν,</span> 
     </span>
    </p>
   </div>
   <div class='ocr_carea' id='block_1_40' title="bbox 1892 2069 3458 2152">
    <p class='ocr_par' dir='ltr' id='par_1_40' title="bbox 1892 2069 3458 2136">
     <span class='ocr_line' id='line_1_40' title="bbox 1892 2069 3458 2136; baseline 0.001 -11"><span class='ocrx_word' id='word_1_304' title='bbox 1892 2071 2157 2136; x_wconf 84' lang='lat' dir='ltr'><strong>scribens,</strong></span> <span class='ocrx_word' id='word_1_305' title='bbox 2179 2069 2356 2125; x_wconf 90' lang='lat' dir='ltr'><strong>eidem</strong></span> <span class='ocrx_word' id='word_1_306' title='bbox 2374 2069 2535 2125; x_wconf 79' lang='lat' dir='ltr'><strong>etiam</strong></span> <span class='ocrx_word' id='word_1_307' title='bbox 2559 2071 2870 2126; x_wconf 90' lang='lat' dir='ltr'><strong>unctionem</strong></span> <span class='ocrx_word' id='word_1_308' title='bbox 2892 2071 3176 2130; x_wconf 75' lang='lat' dir='ltr'><strong>manifeste</strong></span> <span class='ocrx_word' id='word_1_309' title='bbox 3195 2075 3458 2128; x_wconf 85' lang='lat' dir='ltr'><strong>attribuit.</strong></span> 
     </span>
    </p>
   </div>
   <div class='ocr_carea' id='block_1_41' title="bbox 315 2159 3464 2244">
    <p class='ocr_par' dir='ltr' id='par_1_41' title="bbox 315 2159 3464 2244">
     <span class='ocr_line' id='line_1_41' title="bbox 315 2159 3464 2244; baseline -0.001 -23"><span class='ocrx_word' id='word_1_310' title='bbox 315 2171 449 2223; x_wconf 63' lang='lat' dir='ltr'><strong>iui-.b</strong></span> <span class='ocrx_word' id='word_1_311' title='bbox 472 2177 670 2227; x_wconf 68' lang='grc' dir='ltr'>συνεῖναι</span> <span class='ocrx_word' id='word_1_312' title='bbox 695 2173 859 2226; x_wconf 78' lang='grc' dir='ltr'>αὐτὸν</span> <span class='ocrx_word' id='word_1_313' title='bbox 878 2172 956 2243; x_wconf 81' lang='grc' dir='ltr'><strong>τῷ</strong></span> <span class='ocrx_word' id='word_1_314' title='bbox 979 2171 1270 2242; x_wconf 83' lang='grc' dir='ltr'><strong>ἀνθρώπῳ,</strong></span> <span class='ocrx_word' id='word_1_315' title='bbox 1295 2171 1357 2224; x_wconf 82' lang='grc' dir='ltr'><strong>τὸ</strong></span> <span class='ocrx_word' id='word_1_316' title='bbox 1386 2172 1478 2224; x_wconf 83' lang='grc' dir='ltr'><strong>τοῦ</strong></span> <span class='ocrx_word' id='word_1_317' title='bbox 1500 2171 1791 2244; x_wconf 84' lang='grc' dir='ltr'>ἀνθρώπου</span> <span class='ocrx_word' id='word_1_318' title='bbox 1894 2160 1952 2216; x_wconf 87' lang='lat' dir='ltr'><strong>Si</strong></span> <span class='ocrx_word' id='word_1_319' title='bbox 1988 2160 2129 2216; x_wconf 80' lang='lat' dir='ltr'><strong>forte</strong></span> <span class='ocrx_word' id='word_1_320' title='bbox 2169 2161 2336 2230; x_wconf 79' lang='lat' dir='ltr'><strong>igitur</strong></span> <span class='ocrx_word' id='word_1_321' title='bbox 2377 2169 2598 2231; x_wconf 88' lang='lat' dir='ltr'><strong>propter</strong></span> <span class='ocrx_word' id='word_1_322' title='bbox 2638 2159 3098 2230; x_wconf 90' lang='lat' dir='ltr'><strong>coniunctionem,</strong></span> <span class='ocrx_word' id='word_1_323' title='bbox 3144 2171 3198 2218; x_wconf 89' lang='lat' dir='ltr'><strong>et</strong></span> <span class='ocrx_word' id='word_1_324' title='bbox 3242 2173 3464 2231; x_wconf 83' lang='lat' dir='ltr'><strong>propter</strong></span> 
     </span>
    </p>
   </div>
   <div class='ocr_carea' id='block_1_42' title="bbox 321 2253 1887 2335">
    <p class='ocr_par' dir='ltr' id='par_1_42' title="bbox 321 2259 1792 2335">
     <span class='ocr_line' id='line_1_42' title="bbox 321 2259 1792 2335; baseline 0.003 -22"><span class='ocrx_word' id='word_1_325' title='bbox 321 2259 380 2329; x_wconf 76' lang='grc' dir='ltr'>τῷ</span> <span class='ocrx_word' id='word_1_326' title='bbox 408 2264 523 2331; x_wconf 55' lang='grc' dir='ltr'>,λόγῳ</span> <span class='ocrx_word' id='word_1_327' title='bbox 551 2265 938 2335; x_wconf 71' lang='grc' dir='ltr'>προσάπτουσιν</span> <span class='ocrx_word' id='word_1_328' title='bbox 971 2266 1020 2316; x_wconf 82' lang='grc' dir='ltr'>οἱ</span> <span class='ocrx_word' id='word_1_329' title='bbox 1068 2263 1235 2332; x_wconf 80' lang='grc' dir='ltr'>ἁγιοι,</span> <span class='ocrx_word' id='word_1_330' title='bbox 1272 2263 1409 2333; x_wconf 86' lang='grc' dir='ltr'><strong>μετὰ</strong></span> <span class='ocrx_word' id='word_1_331' title='bbox 1450 2264 1548 2334; x_wconf 82' lang='grc' dir='ltr'><strong>τήν</strong></span> <span class='ocrx_word' id='word_1_332' title='bbox 1595 2264 1792 2318; x_wconf 74' lang='grc' dir='ltr'>ἕνωσιν</span> 
     </span>
    </p>
   </div>
   <div class='ocr_carea' id='block_1_43' title="bbox 1898 2253 3464 2335">
    <p class='ocr_par' dir='ltr' id='par_1_43' title="bbox 1898 2253 3464 2323">
     <span class='ocr_line' id='line_1_43' title="bbox 1898 2253 3464 2323; baseline 0 -14"><span class='ocrx_word' id='word_1_333' title='bbox 1898 2253 2011 2323; x_wconf 85' lang='lat' dir='ltr'><strong>eius</strong></span> <span class='ocrx_word' id='word_1_334' title='bbox 2046 2268 2169 2308; x_wconf 90' lang='lat' dir='ltr'><strong>cum</strong></span> <span class='ocrx_word' id='word_1_335' title='bbox 2195 2253 2417 2308; x_wconf 88' lang='lat' dir='ltr'><strong>homine</strong></span> <span class='ocrx_word' id='word_1_336' title='bbox 2441 2253 2908 2318; x_wconf 77' lang='lat' dir='ltr'><strong>coexsistentiam,</strong></span> <span class='ocrx_word' id='word_1_337' title='bbox 2957 2254 3098 2323; x_wconf 87' lang='lat' dir='ltr'><strong>quod</strong></span> <span class='ocrx_word' id='word_1_338' title='bbox 3119 2263 3202 2308; x_wconf 89' lang='lat' dir='ltr'><strong>est</strong></span> <span class='ocrx_word' id='word_1_339' title='bbox 3233 2255 3464 2309; x_wconf 87' lang='lat' dir='ltr'><strong>hominis</strong></span> 
     </span>
    </p>
   </div>
   <div class='ocr_carea' id='block_1_44' title="bbox 322 2343 1888 2426">
    <p class='ocr_par' dir='ltr' id='par_1_44' title="bbox 322 2352 1789 2426">
     <span class='ocr_line' id='line_1_44' title="bbox 322 2352 1789 2426; baseline 0.004 -24"><span class='ocrx_word' id='word_1_340' title='bbox 322 2352 426 2404; x_wconf 73' lang='grc' dir='ltr'>αὐτὸ</span> <span class='ocrx_word' id='word_1_341' title='bbox 448 2353 494 2404; x_wconf 72' lang='grc' dir='ltr'>τὸ</span> <span class='ocrx_word' id='word_1_342' title='bbox 515 2355 680 2424; x_wconf 69' lang='grc' dir='ltr'>χρίσμα</span> <span class='ocrx_word' id='word_1_343' title='bbox 708 2353 1039 2424; x_wconf 86' lang='grc' dir='ltr'>γεγενῆσθαι</span> <span class='ocrx_word' id='word_1_344' title='bbox 1071 2354 1288 2418; x_wconf 79' lang='grc' dir='ltr'>πάντως</span> <span class='ocrx_word' id='word_1_345' title='bbox 1325 2353 1752 2426; x_wconf 84' lang='grc' dir='ltr'>ὁμολογήσουσιν</span> <span class='ocrx_word' id='word_1_346' title='bbox 1777 2372 1789 2384; x_wconf 77' lang='grc' dir='ltr'><strong>ο</strong></span> 
     </span>
    </p>
   </div>
   <div class='ocr_carea' id='block_1_45' title="bbox 1897 2343 3463 2426">
    <p class='ocr_par' dir='ltr' id='par_1_45' title="bbox 1897 2343 3463 2418">
     <span class='ocr_line' id='line_1_45' title="bbox 1897 2343 3463 2418; baseline 0.001 -21"><span class='ocrx_word' id='word_1_347' title='bbox 1897 2345 2172 2413; x_wconf 77' lang='lat' dir='ltr'><strong>proprium</strong></span> <span class='ocrx_word' id='word_1_348' title='bbox 2203 2343 2381 2399; x_wconf 87' lang='lat' dir='ltr'><strong>Verbo</strong></span> <span class='ocrx_word' id='word_1_349' title='bbox 2401 2347 2814 2418; x_wconf 81' lang='lat' dir='ltr'><strong>accommodant</strong></span> <span class='ocrx_word' id='word_1_350' title='bbox 2854 2344 3097 2414; x_wconf 70' lang='lat' dir='ltr'><strong>prmdicti</strong></span> <span class='ocrx_word' id='word_1_351' title='bbox 3123 2347 3320 2410; x_wconf 88' lang='lat' dir='ltr'><strong>sancti,</strong></span> <span class='ocrx_word' id='word_1_352' title='bbox 3356 2345 3463 2398; x_wconf 84' lang='lat' dir='ltr'><strong>uti-</strong></span> 
     </span>
    </p>
   </div>
   <div class='ocr_carea' id='block_1_46' title="bbox 312 2435 1878 2518">
    <p class='ocr_par' dir='ltr' id='par_1_46' title="bbox 312 2443 1791 2518">
     <span class='ocr_line' id='line_1_46' title="bbox 312 2443 1791 2518; baseline 0.003 -24"><span class='ocrx_word' id='word_1_353' title='bbox 312 2446 351 2494; x_wconf 84' lang='grc' dir='ltr'>εξ</span> <span class='ocrx_word' id='word_1_354' title='bbox 375 2443 420 2494; x_wconf 72' lang='grc' dir='ltr'><strong>δὲ</strong></span> <span class='ocrx_word' id='word_1_355' title='bbox 453 2447 567 2513; x_wconf 66' lang='grc' dir='ltr'>μετὰ</span> <span class='ocrx_word' id='word_1_356' title='bbox 591 2450 678 2515; x_wconf 67' lang='grc' dir='ltr'><strong>τὴν</strong></span> <span class='ocrx_word' id='word_1_357' title='bbox 709 2449 896 2500; x_wconf 73' lang='grc' dir='ltr'>ἓνωσιν</span> <span class='ocrx_word' id='word_1_358' title='bbox 931 2447 1235 2518; x_wconf 81' lang='grc' dir='ltr'>κέχρισται,</span> <span class='ocrx_word' id='word_1_359' title='bbox 1272 2447 1370 2518; x_wconf 83' lang='grc' dir='ltr'><strong>τὴν</strong></span> <span class='ocrx_word' id='word_1_360' title='bbox 1404 2447 1458 2500; x_wconf 77' lang='grc' dir='ltr'><strong>δὲ</strong></span> <span class='ocrx_word' id='word_1_361' title='bbox 1505 2447 1698 2500; x_wconf 78' lang='grc' dir='ltr'>ἕνωσιν</span> <span class='ocrx_word' id='word_1_362' title='bbox 1729 2448 1791 2499; x_wconf 71' lang='grc' dir='ltr'><strong>οὐ</strong></span> 
     </span>
    </p>
   </div>
   <div class='ocr_carea' id='block_1_47' title="bbox 1900 2435 3466 2518">
    <p class='ocr_par' dir='ltr' id='par_1_47' title="bbox 1900 2435 3466 2504">
     <span class='ocr_line' id='line_1_47' title="bbox 1900 2435 3466 2504; baseline 0.002 -17"><span class='ocrx_word' id='word_1_363' title='bbox 1900 2449 2004 2504; x_wconf 83' lang='lat' dir='ltr'><strong>que</strong></span> <span class='ocrx_word' id='word_1_364' title='bbox 2030 2443 2150 2503; x_wconf 93' lang='lat' dir='ltr'><strong>post</strong></span> <span class='ocrx_word' id='word_1_365' title='bbox 2183 2435 2616 2502; x_wconf 91' lang='lat' dir='ltr'><strong>coniunctionem</strong></span> <span class='ocrx_word' id='word_1_366' title='bbox 2666 2435 2839 2502; x_wconf 91' lang='lat' dir='ltr'><strong>ipsum</strong></span> <span class='ocrx_word' id='word_1_367' title='bbox 2863 2435 3098 2490; x_wconf 88' lang='lat' dir='ltr'><strong>chrisma</strong></span> <span class='ocrx_word' id='word_1_368' title='bbox 3123 2435 3321 2490; x_wconf 82' lang='lat' dir='ltr'><strong>factum</strong></span> <span class='ocrx_word' id='word_1_369' title='bbox 3346 2450 3466 2490; x_wconf 82' lang='lat' dir='ltr'><strong>esse</strong></span> 
     </span>
    </p>
   </div>
   <div class='ocr_carea' id='block_1_48' title="bbox 301 2524 1867 2611">
    <p class='ocr_par' dir='ltr' id='par_1_48' title="bbox 301 2534 1792 2611">
     <span class='ocr_line' id='line_1_48' title="bbox 301 2534 1792 2611; baseline 0.003 -26"><span class='ocrx_word' id='word_1_370' title='bbox 301 2534 530 2604; x_wconf 71' lang='grc' dir='ltr'>βούλονται</span> <span class='ocrx_word' id='word_1_371' title='bbox 575 2539 740 2607; x_wconf 78' lang='grc' dir='ltr'>λέγειν</span> <span class='ocrx_word' id='word_1_372' title='bbox 769 2540 901 2611; x_wconf 77' lang='grc' dir='ltr'>πρὶν</span> <span class='ocrx_word' id='word_1_373' title='bbox 951 2541 1015 2592; x_wconf 83' lang='grc' dir='ltr'>ὲκ</span> <span class='ocrx_word' id='word_1_374' title='bbox 1046 2537 1147 2607; x_wconf 88' lang='grc' dir='ltr'><strong>τῆς</strong></span> <span class='ocrx_word' id='word_1_375' title='bbox 1189 2536 1465 2608; x_wconf 80' lang='grc' dir='ltr'>Παρθένου</span> <span class='ocrx_word' id='word_1_376' title='bbox 1500 2536 1756 2607; x_wconf 83' lang='grc' dir='ltr'>τεχθῆναι</span> <span class='ocrx_word' id='word_1_377' title='bbox 1777 2577 1792 2602; x_wconf 93' lang='grc'><strong>,</strong></span> 
     </span>
    </p>
   </div>
   <div class='ocr_carea' id='block_1_49' title="bbox 1897 2524 3463 2611">
    <p class='ocr_par' dir='ltr' id='par_1_49' title="bbox 1897 2524 3463 2596">
     <span class='ocr_line' id='line_1_49' title="bbox 1897 2524 3463 2596; baseline 0.003 -18"><span class='ocrx_word' id='word_1_378' title='bbox 1897 2539 2120 2592; x_wconf 85' lang='lat' dir='ltr'><strong>prorsus</strong></span> <span class='ocrx_word' id='word_1_379' title='bbox 2153 2524 2578 2580; x_wconf 80' lang='lat' dir='ltr'><strong>conﬁtebuntur.</strong></span> <span class='ocrx_word' id='word_1_380' title='bbox 2627 2524 2745 2579; x_wconf 82' lang='lat' dir='ltr'><strong>Jam</strong></span> <span class='ocrx_word' id='word_1_381' title='bbox 2778 2527 2821 2581; x_wconf 88' lang='lat' dir='ltr'><strong>si</strong></span> <span class='ocrx_word' id='word_1_382' title='bbox 2865 2538 2986 2596; x_wconf 92' lang='lat' dir='ltr'><strong>post</strong></span> <span class='ocrx_word' id='word_1_383' title='bbox 3025 2528 3463 2596; x_wconf 86' lang='lat' dir='ltr'><strong>coniunctionem</strong></span> 
     </span>
    </p>
   </div>
   <div class='ocr_carea' id='block_1_50' title="bbox 292 2615 1858 2698">
    <p class='ocr_par' dir='ltr' id='par_1_50' title="bbox 292 2626 1795 2698">
     <span class='ocr_line' id='line_1_50' title="bbox 292 2626 1795 2698; baseline 0.002 -21"><span class='ocrx_word' id='word_1_384' title='bbox 292 2627 388 2680; x_wconf 66' lang='grc' dir='ltr'>οὐδὲ</span> <span class='ocrx_word' id='word_1_385' title='bbox 428 2629 751 2698; x_wconf 77' lang='grc' dir='ltr'>Χριστοτόκος</span> <span class='ocrx_word' id='word_1_386' title='bbox 779 2630 964 2683; x_wconf 75' lang='grc' dir='ltr'>οὐκέτι</span> <span class='ocrx_word' id='word_1_387' title='bbox 1014 2628 1152 2698; x_wconf 77' lang='grc' dir='ltr'>πρὸς</span> <span class='ocrx_word' id='word_1_388' title='bbox 1207 2627 1386 2681; x_wconf 73' lang='grc' dir='ltr'>αὐτῶν</span> <span class='ocrx_word' id='word_1_389' title='bbox 1437 2629 1470 2698; x_wconf 82' lang='grc' dir='ltr'>ἡ</span> <span class='ocrx_word' id='word_1_390' title='bbox 1519 2626 1795 2697; x_wconf 88' lang='grc' dir='ltr'>Παρθένος</span> 
     </span>
    </p>
   </div>
   <div class='ocr_carea' id='block_1_51' title="bbox 1902 2615 3468 2698">
    <p class='ocr_par' dir='ltr' id='par_1_51' title="bbox 1902 2615 3468 2688">
     <span class='ocr_line' id='line_1_51' title="bbox 1902 2615 3468 2688; baseline 0.004 -18"><span class='ocrx_word' id='word_1_391' title='bbox 1902 2615 2052 2673; x_wconf 80' lang='lat' dir='ltr'><strong>Iesus</strong></span> <span class='ocrx_word' id='word_1_392' title='bbox 2080 2625 2278 2672; x_wconf 90' lang='lat' dir='ltr'><strong>unctus</strong></span> <span class='ocrx_word' id='word_1_393' title='bbox 2309 2616 2426 2681; x_wconf 80' lang='lat' dir='ltr'><strong>fuit,</strong></span> <span class='ocrx_word' id='word_1_394' title='bbox 2460 2616 2896 2688; x_wconf 91' lang='lat' dir='ltr'><strong>coniunctionem</strong></span> <span class='ocrx_word' id='word_1_395' title='bbox 2931 2628 3110 2675; x_wconf 90' lang='lat' dir='ltr'><strong>autem</strong></span> <span class='ocrx_word' id='word_1_396' title='bbox 3138 2620 3337 2675; x_wconf 90' lang='lat' dir='ltr'><strong>nullam</strong></span> <span class='ocrx_word' id='word_1_397' title='bbox 3385 2623 3468 2677; x_wconf 85' lang='lat' dir='ltr'><strong>di-</strong></span> 
     </span>
    </p>
   </div>
   <div class='ocr_carea' id='block_1_52' title="bbox 288 2709 1854 2785">
    <p class='ocr_par' dir='ltr' id='par_1_52' title="bbox 288 2709 1796 2782">
     <span class='ocr_line' id='line_1_52' title="bbox 288 2709 1796 2782; baseline 0.003 -23"><span class='ocrx_word' id='word_1_398' title='bbox 288 2709 718 2782; x_wconf 81' lang='grc' dir='ltr'>ὁμολογηθήσεται·</span> <span class='ocrx_word' id='word_1_399' title='bbox 775 2715 824 2766; x_wconf 78' lang='grc' dir='ltr'>εἰ</span> <span class='ocrx_word' id='word_1_400' title='bbox 875 2713 984 2782; x_wconf 75' lang='grc' dir='ltr'><strong>γὰρ</strong></span> <span class='ocrx_word' id='word_1_401' title='bbox 1033 2711 1418 2780; x_wconf 85' lang='grc' dir='ltr'>Χριστοτόκος,</span> <span class='ocrx_word' id='word_1_402' title='bbox 1452 2709 1670 2773; x_wconf 86' lang='grc' dir='ltr'>πάντως</span> <span class='ocrx_word' id='word_1_403' title='bbox 1713 2710 1796 2763; x_wconf 84' lang='grc' dir='ltr'><strong>ὅτι</strong></span> 
     </span>
    </p>
   </div>
   <div class='ocr_carea' id='block_1_53' title="bbox 1901 2709 3467 2785">
    <p class='ocr_par' dir='ltr' id='par_1_53' title="bbox 1903 2709 3467 2785">
     <span class='ocr_line' id='line_1_53' title="bbox 1903 2709 3467 2785; baseline 0.003 -21"><span class='ocrx_word' id='word_1_404' title='bbox 1903 2724 2030 2765; x_wconf 91' lang='lat' dir='ltr'><strong>cere</strong></span> <span class='ocrx_word' id='word_1_405' title='bbox 2069 2709 2258 2765; x_wconf 76' lang='lat' dir='ltr'><strong>volunt</strong></span> <span class='ocrx_word' id='word_1_406' title='bbox 2308 2718 2437 2764; x_wconf 88' lang='lat' dir='ltr'><strong>ante</strong></span> <span class='ocrx_word' id='word_1_407' title='bbox 2494 2709 2616 2779; x_wconf 89' lang='lat' dir='ltr'><strong>eius</strong></span> <span class='ocrx_word' id='word_1_408' title='bbox 2643 2725 2710 2766; x_wconf 83' lang='lat' dir='ltr'><strong>ex</strong></span> <span class='ocrx_word' id='word_1_409' title='bbox 2755 2709 2974 2782; x_wconf 78' lang='lat' dir='ltr'><strong>Virgine</strong></span> <span class='ocrx_word' id='word_1_410' title='bbox 3012 2723 3190 2768; x_wconf 88' lang='lat' dir='ltr'><strong>ortum</strong></span> <span class='ocrx_word' id='word_1_411' title='bbox 3223 2753 3238 2778; x_wconf 93' lang='lat'><strong>,</strong></span> <span class='ocrx_word' id='word_1_412' title='bbox 3284 2717 3467 2785; x_wconf 83' lang='lat' dir='ltr'><strong>sequi-</strong></span> 
     </span>
    </p>
   </div>
   <div class='ocr_carea' id='block_1_54' title="bbox 283 2799 1849 2876">
    <p class='ocr_par' dir='ltr' id='par_1_54' title="bbox 283 2800 1792 2870">
     <span class='ocr_line' id='line_1_54' title="bbox 283 2800 1792 2870; baseline 0.003 -20"><span class='ocrx_word' id='word_1_413' title='bbox 283 2801 356 2852; x_wconf 72' lang='grc' dir='ltr'>κιιὶ</span> <span class='ocrx_word' id='word_1_414' title='bbox 379 2800 599 2867; x_wconf 81' lang='grc' dir='ltr'>Θεοτόκος</span> <span class='ocrx_word' id='word_1_415' title='bbox 619 2821 634 2834; x_wconf 91' lang='grc'><strong>·</strong></span> <span class='ocrx_word' id='word_1_416' title='bbox 667 2805 715 2856; x_wconf 83' lang='grc' dir='ltr'><strong>εί</strong></span> <span class='ocrx_word' id='word_1_417' title='bbox 748 2803 803 2856; x_wconf 82' lang='grc' dir='ltr'><strong>δὲ</strong></span> <span class='ocrx_word' id='word_1_418' title='bbox 834 2803 895 2856; x_wconf 79' lang='grc' dir='ltr'><strong>οὐ</strong></span> <span class='ocrx_word' id='word_1_419' title='bbox 931 2801 1212 2867; x_wconf 87' lang='grc' dir='ltr'>Θεοτόκος,</span> <span class='ocrx_word' id='word_1_420' title='bbox 1243 2801 1364 2854; x_wconf 82' lang='grc' dir='ltr'>οὐδὲ</span> <span class='ocrx_word' id='word_1_421' title='bbox 1396 2801 1754 2870; x_wconf 80' lang='grc' dir='ltr'>Χριστοτόκος</span> <span class='ocrx_word' id='word_1_422' title='bbox 1778 2840 1792 2855; x_wconf 94' lang='grc'><strong>.</strong></span> 
     </span>
    </p>
   </div>
   <div class='ocr_carea' id='block_1_55' title="bbox 1897 2799 3463 2876">
    <p class='ocr_par' dir='ltr' id='par_1_55' title="bbox 1899 2799 3463 2876">
     <span class='ocr_line' id='line_1_55' title="bbox 1899 2799 3463 2876; baseline 0.003 -20"><span class='ocrx_word' id='word_1_423' title='bbox 1899 2811 1988 2856; x_wconf 91' lang='lat' dir='ltr'><strong>tur</strong></span> <span class='ocrx_word' id='word_1_424' title='bbox 2041 2809 2100 2854; x_wconf 91' lang='lat' dir='ltr'><strong>ut</strong></span> <span class='ocrx_word' id='word_1_425' title='bbox 2153 2801 2241 2855; x_wconf 88' lang='lat' dir='ltr'><strong>isti</strong></span> <span class='ocrx_word' id='word_1_426' title='bbox 2304 2815 2370 2856; x_wconf 89' lang='lat' dir='ltr'><strong>ne</strong></span> <span class='ocrx_word' id='word_1_427' title='bbox 2441 2799 2835 2872; x_wconf 87' lang='lat' dir='ltr'><strong>Christiparam</strong></span> <span class='ocrx_word' id='word_1_428' title='bbox 2903 2803 3120 2872; x_wconf 84' lang='lat' dir='ltr'><strong>quidem</strong></span> <span class='ocrx_word' id='word_1_429' title='bbox 3175 2803 3463 2876; x_wconf 79' lang='lat' dir='ltr'><strong>Virginem</strong></span> 
     </span>
    </p>
   </div>
   <div class='ocr_carea' id='block_1_56' title="bbox 283 2890 1849 2966">
    <p class='ocr_par' dir='ltr' id='par_1_56' title="bbox 283 2890 1797 2966">
     <span class='ocr_line' id='line_1_56' title="bbox 283 2890 1797 2966; baseline 0.001 -24"><span class='ocrx_word' id='word_1_430' title='bbox 283 2891 329 2943; x_wconf 79' lang='lat' dir='ltr'><strong>Ei</strong></span> <span class='ocrx_word' id='word_1_431' title='bbox 347 2893 436 2963; x_wconf 68' lang='grc' dir='ltr'>γὰρ</span> <span class='ocrx_word' id='word_1_432' title='bbox 459 2895 510 2948; x_wconf 76' lang='grc' dir='ltr'>τὸ</span> <span class='ocrx_word' id='word_1_433' title='bbox 535 2896 744 2966; x_wconf 74' lang='grc' dir='ltr'>χρίσμα</span> <span class='ocrx_word' id='word_1_434' title='bbox 781 2895 918 2966; x_wconf 75' lang='grc' dir='ltr'>μετὰ</span> <span class='ocrx_word' id='word_1_435' title='bbox 949 2894 1046 2964; x_wconf 83' lang='grc' dir='ltr'>τὴν</span> <span class='ocrx_word' id='word_1_436' title='bbox 1080 2893 1398 2958; x_wconf 74' lang='grc' dir='ltr'>ἓνωσιν,καὶ</span> <span class='ocrx_word' id='word_1_437' title='bbox 1425 2892 1513 2946; x_wconf 85' lang='grc' dir='ltr'><strong>διὰ</strong></span> <span class='ocrx_word' id='word_1_438' title='bbox 1533 2890 1688 2946; x_wconf 86' lang='grc' dir='ltr'>τοῦτο</span> <span class='ocrx_word' id='word_1_439' title='bbox 1718 2894 1797 2956; x_wconf 77' lang='grc' dir='ltr'>εἰς</span> 
     </span>
    </p>
   </div>
   <div class='ocr_carea' id='block_1_57' title="bbox 1902 2890 3468 2966">
    <p class='ocr_par' dir='ltr' id='par_1_57' title="bbox 1902 2891 3468 2961">
     <span class='ocr_line' id='line_1_57' title="bbox 1902 2891 3468 2961; baseline 0.002 -13"><span class='ocrx_word' id='word_1_440' title='bbox 1902 2893 2281 2948; x_wconf 76' lang='lat' dir='ltr'><strong>conﬁteantur.</strong></span> <span class='ocrx_word' id='word_1_441' title='bbox 2327 2891 2460 2944; x_wconf 86' lang='lat' dir='ltr'><strong>Nam</strong></span> <span class='ocrx_word' id='word_1_442' title='bbox 2518 2892 2563 2946; x_wconf 92' lang='lat' dir='ltr'><strong>si</strong></span> <span class='ocrx_word' id='word_1_443' title='bbox 2597 2891 2959 2960; x_wconf 85' lang='lat' dir='ltr'><strong>Christipara,</strong></span> <span class='ocrx_word' id='word_1_444' title='bbox 3000 2908 3228 2961; x_wconf 89' lang='lat' dir='ltr'><strong>prorsus</strong></span> <span class='ocrx_word' id='word_1_445' title='bbox 3262 2907 3315 2950; x_wconf 91' lang='lat' dir='ltr'><strong>et</strong></span> <span class='ocrx_word' id='word_1_446' title='bbox 3345 2895 3468 2951; x_wconf 87' lang='lat' dir='ltr'><strong>Dei-</strong></span> 
     </span>
    </p>
   </div>
   <div class='ocr_carea' id='block_1_58' title="bbox 277 2979 1843 3057">
    <p class='ocr_par' dir='ltr' id='par_1_58' title="bbox 277 2979 1796 3055">
     <span class='ocr_line' id='line_1_58' title="bbox 277 2979 1796 3055; baseline 0.001 -22"><span class='ocrx_word' id='word_1_447' title='bbox 277 2979 323 3033; x_wconf 75' lang='grc' dir='ltr'>τὸ</span> <span class='ocrx_word' id='word_1_448' title='bbox 339 2982 415 3034; x_wconf 82' lang='grc' dir='ltr'><strong>τοῦ</strong></span> <span class='ocrx_word' id='word_1_449' title='bbox 441 2984 595 3052; x_wconf 82' lang='grc' dir='ltr'>Λόγου</span> <span class='ocrx_word' id='word_1_450' title='bbox 631 2984 923 3055; x_wconf 81' lang='grc' dir='ltr'>πρόσωπον</span> <span class='ocrx_word' id='word_1_451' title='bbox 947 2985 1104 3038; x_wconf 83' lang='grc' dir='ltr'>τοῦτο</span> <span class='ocrx_word' id='word_1_452' title='bbox 1124 2984 1367 3052; x_wconf 86' lang='grc' dir='ltr'>λέγεται,</span> <span class='ocrx_word' id='word_1_453' title='bbox 1389 2983 1488 3055; x_wconf 83' lang='grc' dir='ltr'><strong>τὴν</strong></span> <span class='ocrx_word' id='word_1_454' title='bbox 1513 2983 1569 3037; x_wconf 79' lang='grc' dir='ltr'><strong>δὲ</strong></span> <span class='ocrx_word' id='word_1_455' title='bbox 1602 2983 1796 3038; x_wconf 72' lang='grc' dir='ltr'>ἕνωσιν</span> 
     </span>
    </p>
   </div>
   <div class='ocr_carea' id='block_1_59' title="bbox 1903 2979 3469 3057">
    <p class='ocr_par' dir='ltr' id='par_1_59' title="bbox 1903 2982 3469 3057">
     <span class='ocr_line' id='line_1_59' title="bbox 1903 2982 3469 3057; baseline 0.002 -21"><span class='ocrx_word' id='word_1_456' title='bbox 1903 2999 2032 3054; x_wconf 87' lang='lat' dir='ltr'><strong>para</strong></span> <span class='ocrx_word' id='word_1_457' title='bbox 2090 3001 2104 3036; x_wconf 90' lang='lat'><strong>:</strong></span> <span class='ocrx_word' id='word_1_458' title='bbox 2171 2982 2216 3037; x_wconf 92' lang='lat' dir='ltr'><strong>si</strong></span> <span class='ocrx_word' id='word_1_459' title='bbox 2274 2983 2450 3037; x_wconf 88' lang='lat' dir='ltr'><strong>minus</strong></span> <span class='ocrx_word' id='word_1_460' title='bbox 2519 2983 2992 3053; x_wconf 85' lang='lat' dir='ltr'><strong>Deipara,utique</strong></span> <span class='ocrx_word' id='word_1_461' title='bbox 3032 3000 3130 3041; x_wconf 90' lang='lat' dir='ltr'><strong>nec</strong></span> <span class='ocrx_word' id='word_1_462' title='bbox 3164 2986 3469 3057; x_wconf 81' lang='lat' dir='ltr'><strong>Christipa-</strong></span> 
     </span>
    </p>
   </div>
   <div class='ocr_carea' id='block_1_60' title="bbox 280 3062 1846 3150">
    <p class='ocr_par' dir='ltr' id='par_1_60' title="bbox 280 3063 1846 3148">
     <span class='ocr_line' id='line_1_60' title="bbox 280 3063 1846 3148; baseline 0.002 -22"><span class='ocrx_word' id='word_1_463' title='bbox 280 3075 388 3141; x_wconf 78' lang='grc' dir='ltr'>μετὰ</span> <span class='ocrx_word' id='word_1_464' title='bbox 415 3077 499 3147; x_wconf 78' lang='grc' dir='ltr'>τὴν</span> <span class='ocrx_word' id='word_1_465' title='bbox 521 3080 579 3132; x_wconf 82' lang='grc' dir='ltr'>ὲκ</span> <span class='ocrx_word' id='word_1_466' title='bbox 604 3080 712 3148; x_wconf 81' lang='grc' dir='ltr'><strong>τῆς</strong></span> <span class='ocrx_word' id='word_1_467' title='bbox 748 3076 1023 3147; x_wconf 79' lang='grc' dir='ltr'>Παρθένου</span> <span class='ocrx_word' id='word_1_468' title='bbox 1057 3076 1312 3148; x_wconf 81' lang='grc' dir='ltr'>γέννησιν</span> <span class='ocrx_word' id='word_1_469' title='bbox 1343 3076 1668 3148; x_wconf 75' lang='grc' dir='ltr'>γεγενῆσθαι</span> <span class='ocrx_word' id='word_1_470' title='bbox 1705 3075 1795 3129; x_wconf 84' lang='grc' dir='ltr'><strong>λέ·</strong></span> <span class='ocrx_word' id='word_1_471' title='bbox 1827 3063 1846 3122; x_wconf 89' lang='grc'><strong>(</strong></span> 
     </span>
    </p>
   </div>
   <div class='ocr_carea' id='block_1_61' title="bbox 1900 3062 3466 3150">
    <p class='ocr_par' dir='ltr' id='par_1_61' title="bbox 1903 3075 3466 3150">
     <span class='ocr_line' id='line_1_61' title="bbox 1903 3075 3466 3150; baseline 0.003 -18"><span class='ocrx_word' id='word_1_472' title='bbox 1903 3094 1983 3132; x_wconf 77' lang='lat' dir='ltr'><strong>ra.</strong></span> <span class='ocrx_word' id='word_1_473' title='bbox 2035 3075 2170 3131; x_wconf 82' lang='lat' dir='ltr'><strong>Nam</strong></span> <span class='ocrx_word' id='word_1_474' title='bbox 2237 3076 2281 3130; x_wconf 90' lang='lat' dir='ltr'><strong>si</strong></span> <span class='ocrx_word' id='word_1_475' title='bbox 2315 3075 2502 3130; x_wconf 89' lang='lat' dir='ltr'><strong>unctio</strong></span> <span class='ocrx_word' id='word_1_476' title='bbox 2565 3085 2688 3145; x_wconf 90' lang='lat' dir='ltr'><strong>post</strong></span> <span class='ocrx_word' id='word_1_477' title='bbox 2713 3077 3151 3147; x_wconf 88' lang='lat' dir='ltr'><strong>coniunctionem</strong></span> <span class='ocrx_word' id='word_1_478' title='bbox 3178 3080 3297 3146; x_wconf 81' lang='lat' dir='ltr'><strong>fuit,</strong></span> <span class='ocrx_word' id='word_1_479' title='bbox 3339 3096 3466 3150; x_wconf 91' lang='lat' dir='ltr'><strong>pro-</strong></span> 
     </span>
    </p>
   </div>
   <div class='ocr_carea' id='block_1_62' title="bbox 274 3167 1840 3241">
    <p class='ocr_par' dir='ltr' id='par_1_62' title="bbox 274 3167 1797 3241">
     <span class='ocr_line' id='line_1_62' title="bbox 274 3167 1797 3241; baseline 0.001 -23"><span class='ocrx_word' id='word_1_480' title='bbox 274 3180 439 3235; x_wconf 78' lang='grc' dir='ltr'>τουσιν,</span> <span class='ocrx_word' id='word_1_481' title='bbox 465 3169 573 3223; x_wconf 78' lang='grc' dir='ltr'>οὐδὲ</span> <span class='ocrx_word' id='word_1_482' title='bbox 623 3169 990 3241; x_wconf 87' lang='grc' dir='ltr'>Χριστοτόκος</span> <span class='ocrx_word' id='word_1_483' title='bbox 1022 3168 1206 3222; x_wconf 81' lang='grc' dir='ltr'>οὐκέτι</span> <span class='ocrx_word' id='word_1_484' title='bbox 1249 3167 1602 3240; x_wconf 77' lang='grc' dir='ltr'>εὑρεθήσεται</span> <span class='ocrx_word' id='word_1_485' title='bbox 1621 3185 1635 3199; x_wconf 84' lang='grc'><em>’</em></span> <span class='ocrx_word' id='word_1_486' title='bbox 1667 3169 1714 3221; x_wconf 83' lang='grc' dir='ltr'><strong>εί</strong></span> <span class='ocrx_word' id='word_1_487' title='bbox 1741 3167 1797 3221; x_wconf 83' lang='grc' dir='ltr'><strong>δὲ</strong></span> 
     </span>
    </p>
   </div>
   <div class='ocr_carea' id='block_1_63' title="bbox 1901 3167 3467 3241">
    <p class='ocr_par' dir='ltr' id='par_1_63' title="bbox 1901 3167 3467 3240">
     <span class='ocr_line' id='line_1_63' title="bbox 1901 3167 3467 3240; baseline 0.003 -18"><span class='ocrx_word' id='word_1_488' title='bbox 1901 3180 2190 3240; x_wconf 88' lang='lat' dir='ltr'><strong>ptereaque</strong></span> <span class='ocrx_word' id='word_1_489' title='bbox 2219 3169 2270 3221; x_wconf 92' lang='lat' dir='ltr'><strong>in</strong></span> <span class='ocrx_word' id='word_1_490' title='bbox 2299 3167 2462 3223; x_wconf 79' lang='lat' dir='ltr'><strong>Verbi</strong></span> <span class='ocrx_word' id='word_1_491' title='bbox 2491 3182 2777 3236; x_wconf 84' lang='lat' dir='ltr'><strong>personam</strong></span> <span class='ocrx_word' id='word_1_492' title='bbox 2809 3183 2871 3223; x_wconf 86' lang='lat' dir='ltr'><strong>ea</strong></span> <span class='ocrx_word' id='word_1_493' title='bbox 2901 3179 3206 3238; x_wconf 88' lang='lat' dir='ltr'><strong>reputatur,</strong></span> <span class='ocrx_word' id='word_1_494' title='bbox 3241 3171 3467 3240; x_wconf 83' lang='lat' dir='ltr'><strong>coniun-</strong></span> 
     </span>
    </p>
   </div>
   <div class='ocr_carea' id='block_1_64' title="bbox 275 3258 1841 3332">
    <p class='ocr_par' dir='ltr' id='par_1_64' title="bbox 275 3258 1798 3332">
     <span class='ocr_line' id='line_1_64' title="bbox 275 3258 1798 3332; baseline 0.002 -23"><span class='ocrx_word' id='word_1_495' title='bbox 275 3258 594 3328; x_wconf 82' lang='grc' dir='ltr'>Χριστοτόκος,</span> <span class='ocrx_word' id='word_1_496' title='bbox 624 3264 726 3316; x_wconf 76' lang='grc' dir='ltr'><strong>καὶ</strong></span> <span class='ocrx_word' id='word_1_497' title='bbox 747 3261 1008 3326; x_wconf 87' lang='grc' dir='ltr'>Θεοτόκος</span> <span class='ocrx_word' id='word_1_498' title='bbox 1029 3277 1044 3292; x_wconf 68' lang='grc' dir='ltr'>θ</span> <span class='ocrx_word' id='word_1_499' title='bbox 1075 3260 1169 3315; x_wconf 85' lang='grc' dir='ltr'><strong>τοῦ</strong></span> <span class='ocrx_word' id='word_1_500' title='bbox 1199 3259 1308 3331; x_wconf 88' lang='grc' dir='ltr'><strong>γὰρ</strong></span> <span class='ocrx_word' id='word_1_501' title='bbox 1351 3260 1652 3332; x_wconf 77' lang='grc' dir='ltr'>χρίσματος</span> <span class='ocrx_word' id='word_1_502' title='bbox 1692 3259 1798 3331; x_wconf 75' lang='grc' dir='ltr'>πρὸ</span> 
     </span>
    </p>
   </div>
   <div class='ocr_carea' id='block_1_65' title="bbox 1901 3258 3467 3332">
    <p class='ocr_par' dir='ltr' id='par_1_65' title="bbox 1901 3261 3467 3330">
     <span class='ocr_line' id='line_1_65' title="bbox 1901 3261 3467 3330; baseline 0.001 -15"><span class='ocrx_word' id='word_1_503' title='bbox 1901 3261 2135 3315; x_wconf 79' lang='lat' dir='ltr'><strong>ctionem</strong></span> <span class='ocrx_word' id='word_1_504' title='bbox 2170 3267 2353 3314; x_wconf 88' lang='lat' dir='ltr'><strong>autem</strong></span> <span class='ocrx_word' id='word_1_505' title='bbox 2392 3270 2508 3330; x_wconf 91' lang='lat' dir='ltr'><strong>post</strong></span> <span class='ocrx_word' id='word_1_506' title='bbox 2545 3261 2886 3316; x_wconf 81' lang='lat' dir='ltr'><strong>nativitatem</strong></span> <span class='ocrx_word' id='word_1_507' title='bbox 2919 3275 2982 3315; x_wconf 80' lang='lat' dir='ltr'><strong>ex</strong></span> <span class='ocrx_word' id='word_1_508' title='bbox 3014 3261 3235 3329; x_wconf 79' lang='lat' dir='ltr'><strong>Virgine</strong></span> <span class='ocrx_word' id='word_1_509' title='bbox 3271 3262 3467 3318; x_wconf 82' lang='lat' dir='ltr'><strong>factam</strong></span> 
     </span>
    </p>
   </div>
   <div class='ocr_carea' id='block_1_66' title="bbox 275 3350 1841 3427">
    <p class='ocr_par' dir='ltr' id='par_1_66' title="bbox 275 3350 1798 3427">
     <span class='ocr_line' id='line_1_66' title="bbox 275 3350 1798 3427; baseline 0 -21"><span class='ocrx_word' id='word_1_510' title='bbox 275 3350 350 3420; x_wconf 78' lang='grc' dir='ltr'><strong>τῆς</strong></span> <span class='ocrx_word' id='word_1_511' title='bbox 363 3352 580 3420; x_wconf 81' lang='grc' dir='ltr'>ἐνώσεως</span> <span class='ocrx_word' id='word_1_512' title='bbox 615 3354 696 3427; x_wconf 80' lang='grc' dir='ltr'>μὴ</span> <span class='ocrx_word' id='word_1_513' title='bbox 731 3355 1032 3426; x_wconf 82' lang='grc' dir='ltr'>δυναμένου</span> <span class='ocrx_word' id='word_1_514' title='bbox 1064 3355 1324 3420; x_wconf 82' lang='grc' dir='ltr'>νοεῖσθαι,</span> <span class='ocrx_word' id='word_1_515' title='bbox 1357 3357 1405 3407; x_wconf 90' lang='grc' dir='ltr'><strong>εί</strong></span> <span class='ocrx_word' id='word_1_516' title='bbox 1435 3354 1798 3426; x_wconf 81' lang='grc' dir='ltr'>Χριστοτόκος</span> 
     </span>
    </p>
   </div>
   <div class='ocr_carea' id='block_1_67' title="bbox 1901 3350 3467 3427">
    <p class='ocr_par' dir='ltr' id='par_1_67' title="bbox 1901 3351 3467 3422">
     <span class='ocr_line' id='line_1_67' title="bbox 1901 3351 3467 3422; baseline 0.002 -16"><span class='ocrx_word' id='word_1_517' title='bbox 1901 3353 2106 3415; x_wconf 92' lang='lat' dir='ltr'><strong>dicunt,</strong></span> <span class='ocrx_word' id='word_1_518' title='bbox 2130 3367 2197 3406; x_wconf 86' lang='lat' dir='ltr'><strong>ne</strong></span> <span class='ocrx_word' id='word_1_519' title='bbox 2229 3351 2618 3421; x_wconf 82' lang='lat' dir='ltr'><strong>Christiparam</strong></span> <span class='ocrx_word' id='word_1_520' title='bbox 2648 3352 2867 3422; x_wconf 86' lang='lat' dir='ltr'><strong>quidem</strong></span> <span class='ocrx_word' id='word_1_521' title='bbox 2897 3367 3017 3408; x_wconf 86' lang='lat' dir='ltr'><strong>esse</strong></span> <span class='ocrx_word' id='word_1_522' title='bbox 3047 3355 3467 3422; x_wconf 90' lang='lat' dir='ltr'><strong>comperiemus.</strong></span> 
     </span>
    </p>
   </div>
   <div class='ocr_carea' id='block_1_68' title="bbox 273 3440 1839 3518">
    <p class='ocr_par' dir='ltr' id='par_1_68' title="bbox 273 3443 1795 3518">
     <span class='ocr_line' id='line_1_68' title="bbox 273 3443 1795 3518; baseline 0.001 -22"><span class='ocrx_word' id='word_1_523' title='bbox 273 3443 580 3514; x_wconf 75' lang='grc' dir='ltr'>ήιίαρθένος,</span> <span class='ocrx_word' id='word_1_524' title='bbox 621 3449 684 3500; x_wconf 84' lang='grc' dir='ltr'>ὲν</span> <span class='ocrx_word' id='word_1_525' title='bbox 719 3447 856 3518; x_wconf 79' lang='grc' dir='ltr'>αὐτῇ</span> <span class='ocrx_word' id='word_1_526' title='bbox 915 3445 978 3516; x_wconf 82' lang='grc' dir='ltr'><strong>δὴ</strong></span> <span class='ocrx_word' id='word_1_527' title='bbox 1025 3446 1126 3518; x_wconf 87' lang='grc' dir='ltr'><strong>τῆς</strong></span> <span class='ocrx_word' id='word_1_528' title='bbox 1175 3444 1422 3508; x_wconf 82' lang='grc' dir='ltr'>ένώσεως</span> <span class='ocrx_word' id='word_1_529' title='bbox 1463 3444 1795 3516; x_wconf 79' lang='grc' dir='ltr'>γενομένης,</span> 
     </span>
    </p>
   </div>
   <div class='ocr_carea' id='block_1_69' title="bbox 1904 3440 3470 3518">
    <p class='ocr_par' dir='ltr' id='par_1_69' title="bbox 1904 3440 3470 3514">
     <span class='ocr_line' id='line_1_69' title="bbox 1904 3440 3470 3514; baseline 0.004 -18"><span class='ocrx_word' id='word_1_530' title='bbox 1904 3440 2072 3496; x_wconf 88' lang='lat' dir='ltr'><strong>Secus</strong></span> <span class='ocrx_word' id='word_1_531' title='bbox 2115 3441 2159 3496; x_wconf 89' lang='lat' dir='ltr'><strong>si</strong></span> <span class='ocrx_word' id='word_1_532' title='bbox 2214 3441 2548 3512; x_wconf 86' lang='lat' dir='ltr'><strong>Christipara</strong></span> <span class='ocrx_word' id='word_1_533' title='bbox 2586 3454 2692 3508; x_wconf 89' lang='lat' dir='ltr'><strong>est,</strong></span> <span class='ocrx_word' id='word_1_534' title='bbox 2752 3457 2883 3499; x_wconf 89' lang='lat' dir='ltr'><strong>sane</strong></span> <span class='ocrx_word' id='word_1_535' title='bbox 2926 3453 2981 3498; x_wconf 90' lang='lat' dir='ltr'><strong>et</strong></span> <span class='ocrx_word' id='word_1_536' title='bbox 3033 3443 3286 3514; x_wconf 75' lang='lat' dir='ltr'><strong>Deipara.</strong></span> <span class='ocrx_word' id='word_1_537' title='bbox 3337 3446 3470 3502; x_wconf 90' lang='lat' dir='ltr'><strong>Cum</strong></span> 
     </span>
    </p>
   </div>
   <div class='ocr_carea' id='block_1_70' title="bbox 270 3532 1836 3609">
    <p class='ocr_par' dir='ltr' id='par_1_70' title="bbox 270 3532 1798 3609">
     <span class='ocr_line' id='line_1_70' title="bbox 270 3532 1798 3609; baseline 0.001 -24"><span class='ocrx_word' id='word_1_538' title='bbox 270 3532 410 3588; x_wconf 80' lang='grc' dir='ltr'>οὐκέτι</span> <span class='ocrx_word' id='word_1_539' title='bbox 437 3538 744 3609; x_wconf 80' lang='grc' dir='ltr'>ἄνθρωπον,</span> <span class='ocrx_word' id='word_1_540' title='bbox 770 3539 845 3601; x_wconf 83' lang='grc' dir='ltr'>ὡς</span> <span class='ocrx_word' id='word_1_541' title='bbox 874 3537 1026 3591; x_wconf 80' lang='grc' dir='ltr'>αὐτοί</span> <span class='ocrx_word' id='word_1_542' title='bbox 1065 3555 1252 3606; x_wconf 81' lang='grc' dir='ltr'>φασιν,</span> <span class='ocrx_word' id='word_1_543' title='bbox 1279 3536 1394 3589; x_wconf 81' lang='grc' dir='ltr'><strong>ἀλλ’</strong></span> <span class='ocrx_word' id='word_1_544' title='bbox 1430 3537 1700 3590; x_wconf 78' lang='grc' dir='ltr'>ἑνωθέντα</span> <span class='ocrx_word' id='word_1_545' title='bbox 1721 3536 1798 3606; x_wconf 81' lang='grc' dir='ltr'><strong>τῷ</strong></span> 
     </span>
    </p>
   </div>
   <div class='ocr_carea' id='block_1_71' title="bbox 1907 3532 3473 3609">
    <p class='ocr_par' dir='ltr' id='par_1_71' title="bbox 1907 3532 3473 3607">
     <span class='ocr_line' id='line_1_71' title="bbox 1907 3532 3473 3607; baseline 0.004 -20"><span class='ocrx_word' id='word_1_546' title='bbox 1907 3533 2044 3587; x_wconf 86' lang='lat' dir='ltr'><strong>enim</strong></span> <span class='ocrx_word' id='word_1_547' title='bbox 2063 3533 2244 3588; x_wconf 88' lang='lat' dir='ltr'><strong>unctio</strong></span> <span class='ocrx_word' id='word_1_548' title='bbox 2268 3543 2395 3588; x_wconf 84' lang='lat' dir='ltr'><strong>ante</strong></span> <span class='ocrx_word' id='word_1_549' title='bbox 2422 3532 2856 3602; x_wconf 86' lang='lat' dir='ltr'><strong>coniunctionem</strong></span> <span class='ocrx_word' id='word_1_550' title='bbox 2884 3536 3111 3605; x_wconf 82' lang='lat' dir='ltr'><strong>cogitari</strong></span> <span class='ocrx_word' id='word_1_551' title='bbox 3136 3553 3242 3592; x_wconf 89' lang='lat' dir='ltr'><strong>non</strong></span> <span class='ocrx_word' id='word_1_552' title='bbox 3269 3540 3473 3607; x_wconf 89' lang='lat' dir='ltr'><strong>possit,</strong></span> 
     </span>
    </p>
   </div>
   <div class='ocr_carea' id='block_1_72' title="bbox 272 3621 1838 3698">
    <p class='ocr_par' dir='ltr' id='par_1_72' title="bbox 272 3621 1796 3698">
     <span class='ocr_line' id='line_1_72' title="bbox 272 3621 1796 3698; baseline 0.002 -23"><span class='ocrx_word' id='word_1_553' title='bbox 272 3621 392 3693; x_wconf 70' lang='grc' dir='ltr'><strong>Λόγῳ</strong></span> <span class='ocrx_word' id='word_1_554' title='bbox 409 3630 735 3698; x_wconf 85' lang='grc' dir='ltr'>γεννήσασα,</span> <span class='ocrx_word' id='word_1_555' title='bbox 762 3627 1022 3690; x_wconf 86' lang='grc' dir='ltr'>Θεοτόκος</span> <span class='ocrx_word' id='word_1_556' title='bbox 1049 3626 1269 3690; x_wconf 81' lang='grc' dir='ltr'><strong>δικαίως</strong></span> <span class='ocrx_word' id='word_1_557' title='bbox 1294 3625 1358 3680; x_wconf 81' lang='grc' dir='ltr'>ἂν</span> <span class='ocrx_word' id='word_1_558' title='bbox 1381 3626 1614 3695; x_wconf 86' lang='grc' dir='ltr'>λέγοιτο·</span> <span class='ocrx_word' id='word_1_559' title='bbox 1639 3625 1692 3678; x_wconf 82' lang='grc' dir='ltr'><strong>εί</strong></span> <span class='ocrx_word' id='word_1_560' title='bbox 1712 3643 1796 3694; x_wconf 87' lang='grc' dir='ltr'><strong>γε,</strong></span> 
     </span>
    </p>
   </div>
   <div class='ocr_carea' id='block_1_73' title="bbox 1907 3621 3473 3698">
    <p class='ocr_par' dir='ltr' id='par_1_73' title="bbox 1907 3622 3473 3695">
     <span class='ocr_line' id='line_1_73' title="bbox 1907 3622 3473 3695; baseline 0.004 -19"><span class='ocrx_word' id='word_1_561' title='bbox 1907 3625 1946 3676; x_wconf 86' lang='lat' dir='ltr'><strong>si</strong></span> <span class='ocrx_word' id='word_1_562' title='bbox 1975 3622 2324 3691; x_wconf 87' lang='lat' dir='ltr'><strong>Christipara</strong></span> <span class='ocrx_word' id='word_1_563' title='bbox 2354 3632 2440 3678; x_wconf 90' lang='lat' dir='ltr'><strong>est</strong></span> <span class='ocrx_word' id='word_1_564' title='bbox 2467 3623 2656 3694; x_wconf 85' lang='lat' dir='ltr'><strong>Virgo,</strong></span> <span class='ocrx_word' id='word_1_565' title='bbox 2708 3626 2963 3694; x_wconf 80' lang='lat' dir='ltr'><strong>intraque</strong></span> <span class='ocrx_word' id='word_1_566' title='bbox 3011 3642 3130 3682; x_wconf 83' lang='lat' dir='ltr'><strong>eam</strong></span> <span class='ocrx_word' id='word_1_567' title='bbox 3161 3628 3473 3695; x_wconf 85' lang='lat' dir='ltr'><strong>coniunctio</strong></span> 
     </span>
    </p>
   </div>
   <div class='ocr_carea' id='block_1_74' title="bbox 271 3714 1837 3790">
    <p class='ocr_par' dir='ltr' id='par_1_74' title="bbox 271 3714 1796 3790">
     <span class='ocr_line' id='line_1_74' title="bbox 271 3714 1796 3790; baseline 0.003 -24"><span class='ocrx_word' id='word_1_568' title='bbox 271 3714 413 3779; x_wconf 73' lang='grc' dir='ltr'>καθὼς</span> <span class='ocrx_word' id='word_1_569' title='bbox 436 3718 745 3789; x_wconf 84' lang='grc' dir='ltr'>ἔμπροσθεν</span> <span class='ocrx_word' id='word_1_570' title='bbox 771 3718 1007 3790; x_wconf 72' lang='grc' dir='ltr'>εἴρηται,</span> <span class='ocrx_word' id='word_1_571' title='bbox 1037 3715 1137 3788; x_wconf 79' lang='grc' dir='ltr'><strong>τήν</strong></span> <span class='ocrx_word' id='word_1_572' title='bbox 1169 3717 1362 3771; x_wconf 70' lang='grc' dir='ltr'>ἕνωσιν</span> <span class='ocrx_word' id='word_1_573' title='bbox 1397 3717 1590 3788; x_wconf 88' lang='grc' dir='ltr'>ἀληθῆ,</span> <span class='ocrx_word' id='word_1_574' title='bbox 1613 3718 1709 3770; x_wconf 73' lang='grc' dir='ltr'>καὶ</span> <span class='ocrx_word' id='word_1_575' title='bbox 1737 3717 1796 3770; x_wconf 81' lang='grc' dir='ltr'><strong>οὐ</strong></span> 
     </span>
    </p>
   </div>
   <div class='ocr_carea' id='block_1_75' title="bbox 1907 3714 3473 3790">
    <p class='ocr_par' dir='ltr' id='par_1_75' title="bbox 1907 3715 3473 3783">
     <span class='ocr_line' id='line_1_75' title="bbox 1907 3715 3473 3783; baseline 0.003 -15"><span class='ocrx_word' id='word_1_576' title='bbox 1907 3715 2049 3770; x_wconf 81' lang='lat' dir='ltr'><strong>facta</strong></span> <span class='ocrx_word' id='word_1_577' title='bbox 2090 3715 2227 3780; x_wconf 79' lang='lat' dir='ltr'><strong>fuit,</strong></span> <span class='ocrx_word' id='word_1_578' title='bbox 2259 3729 2318 3768; x_wconf 91' lang='lat' dir='ltr'><strong>ea</strong></span> <span class='ocrx_word' id='word_1_579' title='bbox 2372 3731 2492 3770; x_wconf 80' lang='lat' dir='ltr'><strong>cum</strong></span> <span class='ocrx_word' id='word_1_580' title='bbox 2545 3731 2652 3770; x_wconf 86' lang='lat' dir='ltr'><strong>non</strong></span> <span class='ocrx_word' id='word_1_581' title='bbox 2698 3718 2970 3772; x_wconf 88' lang='lat' dir='ltr'><strong>hominem</strong></span> <span class='ocrx_word' id='word_1_582' title='bbox 2998 3757 3013 3781; x_wconf 93' lang='lat'><strong>,</strong></span> <span class='ocrx_word' id='word_1_583' title='bbox 3051 3727 3108 3772; x_wconf 85' lang='lat' dir='ltr'><strong>ut</strong></span> <span class='ocrx_word' id='word_1_584' title='bbox 3153 3719 3241 3775; x_wconf 85' lang='lat' dir='ltr'><strong>isti</strong></span> <span class='ocrx_word' id='word_1_585' title='bbox 3271 3720 3422 3773; x_wconf 88' lang='lat' dir='ltr'><strong>aiunt</strong></span> <span class='ocrx_word' id='word_1_586' title='bbox 3457 3759 3473 3783; x_wconf 93' lang='lat'><strong>,</strong></span> 
     </span>
    </p>
   </div>
   <div class='ocr_carea' id='block_1_76' title="bbox 268 3803 1834 3879">
    <p class='ocr_par' dir='ltr' id='par_1_76' title="bbox 268 3803 1795 3877">
     <span class='ocr_line' id='line_1_76' title="bbox 268 3803 1795 3877; baseline 0.004 -24"><span class='ocrx_word' id='word_1_587' title='bbox 268 3803 471 3876; x_wconf 72' lang='grc' dir='ltr'>καθάπερ</span> <span class='ocrx_word' id='word_1_588' title='bbox 508 3811 567 3862; x_wconf 85' lang='grc' dir='ltr'>ὲν</span> <span class='ocrx_word' id='word_1_589' title='bbox 609 3810 732 3871; x_wconf 83' lang='grc' dir='ltr'>τοῖς</span> <span class='ocrx_word' id='word_1_590' title='bbox 771 3807 948 3876; x_wconf 79' lang='grc' dir='ltr'>ἁγίοις</span> <span class='ocrx_word' id='word_1_591' title='bbox 1003 3806 1275 3876; x_wconf 88' lang='grc' dir='ltr'>λέγουσιν.</span> <span class='ocrx_word' id='word_1_592' title='bbox 1314 3805 1484 3860; x_wconf 85' lang='grc' dir='ltr'>Τοῦτο</span> <span class='ocrx_word' id='word_1_593' title='bbox 1507 3806 1564 3860; x_wconf 88' lang='grc' dir='ltr'><strong>δέ</strong></span> <span class='ocrx_word' id='word_1_594' title='bbox 1595 3823 1795 3877; x_wconf 83' lang='grc' dir='ltr'>φαμεν,</span> 
     </span>
    </p>
   </div>
   <div class='ocr_carea' id='block_1_77' title="bbox 1908 3803 3474 3879">
    <p class='ocr_par' dir='ltr' id='par_1_77' title="bbox 1908 3805 3474 3879">
     <span class='ocr_line' id='line_1_77' title="bbox 1908 3805 3474 3879; baseline 0.002 -19"><span class='ocrx_word' id='word_1_595' title='bbox 1908 3807 1996 3861; x_wconf 89' lang='lat' dir='ltr'><strong>sed</strong></span> <span class='ocrx_word' id='word_1_596' title='bbox 2026 3807 2240 3860; x_wconf 92' lang='lat' dir='ltr'><strong>unitum</strong></span> <span class='ocrx_word' id='word_1_597' title='bbox 2279 3805 2454 3861; x_wconf 86' lang='lat' dir='ltr'><strong>Verbo</strong></span> <span class='ocrx_word' id='word_1_598' title='bbox 2477 3806 2753 3862; x_wconf 86' lang='lat' dir='ltr'><strong>Christum</strong></span> <span class='ocrx_word' id='word_1_599' title='bbox 2785 3809 3325 3878; x_wconf 87' lang='lat' dir='ltr'><strong>pepererit,Deipara</strong></span> <span class='ocrx_word' id='word_1_600' title='bbox 3350 3811 3474 3879; x_wconf 83' lang='lat' dir='ltr'><strong>iure</strong></span> 
     </span>
    </p>
   </div>
   <div class='ocr_carea' id='block_1_78' title="bbox 267 3888 1833 3968">
    <p class='ocr_par' dir='ltr' id='par_1_78' title="bbox 267 3888 1798 3968">
     <span class='ocr_line' id='line_1_78' title="bbox 267 3888 1798 3968; baseline 0.007 -27"><span class='ocrx_word' id='word_1_601' title='bbox 267 3888 328 3942; x_wconf 73' lang='grc' dir='ltr'>ὅτι</span> <span class='ocrx_word' id='word_1_602' title='bbox 354 3895 404 3947; x_wconf 81' lang='grc' dir='ltr'><strong>οὐ</strong></span> <span class='ocrx_word' id='word_1_603' title='bbox 426 3895 643 3950; x_wconf 84' lang='grc' dir='ltr'>δυνατὸν</span> <span class='ocrx_word' id='word_1_604' title='bbox 678 3897 876 3950; x_wconf 75' lang='grc' dir='ltr'>ἕνωσιν</span> <span class='ocrx_word' id='word_1_605' title='bbox 905 3896 1079 3966; x_wconf 78' lang='grc' dir='ltr'>ἀληθῆ</span> <span class='ocrx_word' id='word_1_606' title='bbox 1101 3895 1279 3964; x_wconf 88' lang='grc' dir='ltr'>λέγειν</span> <span class='ocrx_word' id='word_1_607' title='bbox 1312 3896 1448 3966; x_wconf 85' lang='grc' dir='ltr'>μετὰ</span> <span class='ocrx_word' id='word_1_608' title='bbox 1479 3896 1577 3968; x_wconf 80' lang='grc' dir='ltr'>τὴν</span> <span class='ocrx_word' id='word_1_609' title='bbox 1604 3895 1798 3968; x_wconf 87' lang='grc' dir='ltr'>γέννη-</span> 
     </span>
    </p>
   </div>
   <div class='ocr_carea' id='block_1_79' title="bbox 1906 3888 3472 3968">
    <p class='ocr_par' dir='ltr' id='par_1_79' title="bbox 1906 3897 3472 3966">
     <span class='ocr_line' id='line_1_79' title="bbox 1906 3897 3472 3966; baseline 0.001 -15"><span class='ocrx_word' id='word_1_610' title='bbox 1906 3899 2114 3952; x_wconf 88' lang='lat' dir='ltr'><strong>dicetur</strong></span> <span class='ocrx_word' id='word_1_611' title='bbox 2147 3915 2161 3960; x_wconf 86' lang='lat'><strong>;</strong></span> <span class='ocrx_word' id='word_1_612' title='bbox 2202 3897 2504 3966; x_wconf 88' lang='lat' dir='ltr'><strong>siquidem,</strong></span> <span class='ocrx_word' id='word_1_613' title='bbox 2546 3907 2605 3952; x_wconf 92' lang='lat' dir='ltr'><strong>ut</strong></span> <span class='ocrx_word' id='word_1_614' title='bbox 2633 3907 2791 3953; x_wconf 91' lang='lat' dir='ltr'><strong>antea</strong></span> <span class='ocrx_word' id='word_1_615' title='bbox 2826 3901 3026 3954; x_wconf 86' lang='lat' dir='ltr'><strong>dictum</strong></span> <span class='ocrx_word' id='word_1_616' title='bbox 3067 3909 3192 3964; x_wconf 90' lang='lat' dir='ltr'><strong>est,</strong></span> <span class='ocrx_word' id='word_1_617' title='bbox 3237 3901 3305 3954; x_wconf 92' lang='lat' dir='ltr'><strong>de</strong></span> <span class='ocrx_word' id='word_1_618' title='bbox 3349 3916 3472 3955; x_wconf 77' lang='lat' dir='ltr'><strong>vera</strong></span> 
     </span>
    </p>
   </div>
   <div class='ocr_carea' id='block_1_80' title="bbox 268 3985 1834 4059">
    <p class='ocr_par' dir='ltr' id='par_1_80' title="bbox 268 3985 1801 4056">
     <span class='ocr_line' id='line_1_80' title="bbox 268 3985 1801 4056; baseline 0.007 -26"><span class='ocrx_word' id='word_1_619' title='bbox 268 3993 354 4030; x_wconf 81' lang='grc' dir='ltr'>σιν·</span> <span class='ocrx_word' id='word_1_620' title='bbox 386 3985 535 4053; x_wconf 71' lang='grc' dir='ltr'>ἡμεῖς</span> <span class='ocrx_word' id='word_1_621' title='bbox 582 3987 642 4039; x_wconf 83' lang='grc' dir='ltr'><strong>δὲ</strong></span> <span class='ocrx_word' id='word_1_622' title='bbox 675 3986 783 4039; x_wconf 79' lang='grc' dir='ltr'><strong>οὐκ</strong></span> <span class='ocrx_word' id='word_1_623' title='bbox 827 3985 1117 4056; x_wconf 81' lang='grc' dir='ltr'>ἄνθρωπον</span> <span class='ocrx_word' id='word_1_624' title='bbox 1167 3985 1286 4056; x_wconf 79' lang='grc' dir='ltr'><strong>Θεῷ</strong></span> <span class='ocrx_word' id='word_1_625' title='bbox 1333 3986 1622 4052; x_wconf 81' lang='grc' dir='ltr'>ένωθέντα,</span> <span class='ocrx_word' id='word_1_626' title='bbox 1665 3986 1801 4040; x_wconf 81' lang='grc' dir='ltr'>ἁλλὰ</span> 
     </span>
    </p>
   </div>
   <div class='ocr_carea' id='block_1_81' title="bbox 1907 3985 3473 4059">
    <p class='ocr_par' dir='ltr' id='par_1_81' title="bbox 1907 3989 3473 4059">
     <span class='ocr_line' id='line_1_81' title="bbox 1907 3989 3473 4059; baseline 0.001 -17"><span class='ocrx_word' id='word_1_627' title='bbox 1907 3989 2261 4054; x_wconf 85' lang='lat' dir='ltr'><strong>adunatioue,</strong></span> <span class='ocrx_word' id='word_1_628' title='bbox 2291 4003 2394 4042; x_wconf 89' lang='lat' dir='ltr'><strong>non</strong></span> <span class='ocrx_word' id='word_1_629' title='bbox 2428 3998 2608 4043; x_wconf 91' lang='lat' dir='ltr'><strong>autem</strong></span> <span class='ocrx_word' id='word_1_630' title='bbox 2643 3990 2708 4044; x_wconf 91' lang='lat' dir='ltr'><strong>de</strong></span> <span class='ocrx_word' id='word_1_631' title='bbox 2755 3989 2844 4043; x_wconf 89' lang='lat' dir='ltr'><strong>illa</strong></span> <span class='ocrx_word' id='word_1_632' title='bbox 2899 4005 3020 4059; x_wconf 69' lang='lat' dir='ltr'><strong>qua:</strong></span> <span class='ocrx_word' id='word_1_633' title='bbox 3068 3991 3120 4044; x_wconf 89' lang='lat' dir='ltr'><strong>in</strong></span> <span class='ocrx_word' id='word_1_634' title='bbox 3152 3991 3361 4046; x_wconf 87' lang='lat' dir='ltr'><strong>sanctis</strong></span> <span class='ocrx_word' id='word_1_635' title='bbox 3396 3993 3473 4054; x_wconf 83' lang='lat' dir='ltr'><strong>tit,</strong></span> 
     </span>
    </p>
   </div>
   <div class='ocr_carea' id='block_1_82' title="bbox 266 4067 1832 4150">
    <p class='ocr_par' dir='ltr' id='par_1_82' title="bbox 266 4067 1798 4149">
     <span class='ocr_line' id='line_1_82' title="bbox 266 4067 1798 4149; baseline 0.007 -28"><span class='ocrx_word' id='word_1_636' title='bbox 266 4067 367 4123; x_wconf 74' lang='grc' dir='ltr'>Θεὸν</span> <span class='ocrx_word' id='word_1_637' title='bbox 390 4077 450 4128; x_wconf 71' lang='grc' dir='ltr'>τὰ</span> <span class='ocrx_word' id='word_1_638' title='bbox 476 4077 803 4148; x_wconf 76' lang='grc' dir='ltr'>ἀνθρώπινα</span> <span class='ocrx_word' id='word_1_639' title='bbox 836 4077 1274 4148; x_wconf 78' lang='grc' dir='ltr'>προσλαϐόμενον</span> <span class='ocrx_word' id='word_1_640' title='bbox 1295 4078 1517 4149; x_wconf 78' lang='grc' dir='ltr'>οἴδαμεν</span> <span class='ocrx_word' id='word_1_641' title='bbox 1539 4079 1629 4132; x_wconf 84' lang='grc' dir='ltr'><strong>τὸν</strong></span> <span class='ocrx_word' id='word_1_642' title='bbox 1662 4080 1798 4148; x_wconf 86' lang='grc' dir='ltr'>Χρι-</span> 
     </span>
    </p>
   </div>
   <div class='ocr_carea' id='block_1_83' title="bbox 1913 4067 3479 4150">
    <p class='ocr_par' dir='ltr' id='par_1_83' title="bbox 1913 4078 3479 4150">
     <span class='ocr_line' id='line_1_83' title="bbox 1913 4078 3479 4150; baseline 0.001 -17"><span class='ocrx_word' id='word_1_643' title='bbox 1913 4082 2217 4148; x_wconf 76' lang='lat' dir='ltr'><strong>loftuuntur.</strong></span> <span class='ocrx_word' id='word_1_644' title='bbox 2254 4078 2367 4134; x_wconf 82' lang='lat' dir='ltr'><strong>Hoc</strong></span> <span class='ocrx_word' id='word_1_645' title='bbox 2400 4088 2579 4134; x_wconf 90' lang='lat' dir='ltr'><strong>autem</strong></span> <span class='ocrx_word' id='word_1_646' title='bbox 2609 4079 2862 4146; x_wconf 89' lang='lat' dir='ltr'><strong>dicimus,</strong></span> <span class='ocrx_word' id='word_1_647' title='bbox 2893 4080 3018 4150; x_wconf 85' lang='lat' dir='ltr'><strong>quia</strong></span> <span class='ocrx_word' id='word_1_648' title='bbox 3051 4080 3165 4135; x_wconf 82' lang='lat' dir='ltr'><strong>ﬁeri</strong></span> <span class='ocrx_word' id='word_1_649' title='bbox 3199 4083 3396 4150; x_wconf 89' lang='lat' dir='ltr'><strong>nequit</strong></span> <span class='ocrx_word' id='word_1_650' title='bbox 3421 4091 3479 4136; x_wconf 92' lang='lat' dir='ltr'><strong>ut</strong></span> 
     </span>
    </p>
   </div>
   <div class='ocr_carea' id='block_1_84' title="bbox 264 4164 1830 4244">
    <p class='ocr_par' dir='ltr' id='par_1_84' title="bbox 264 4164 1802 4242">
     <span class='ocr_line' id='line_1_84' title="bbox 264 4164 1802 4242; baseline 0.002 -21"><span class='ocrx_word' id='word_1_651' title='bbox 264 4164 376 4226; x_wconf 74' lang='grc' dir='ltr'>στὸν.</span> <span class='ocrx_word' id='word_1_652' title='bbox 401 4167 538 4236; x_wconf 81' lang='grc' dir='ltr'>λέγω</span> <span class='ocrx_word' id='word_1_653' title='bbox 580 4170 650 4242; x_wconf 82' lang='grc' dir='ltr'><strong>δὴ</strong></span> <span class='ocrx_word' id='word_1_654' title='bbox 695 4170 876 4239; x_wconf 89' lang='grc' dir='ltr'>σῶμα,</span> <span class='ocrx_word' id='word_1_655' title='bbox 924 4170 1018 4222; x_wconf 67' lang='grc' dir='ltr'><strong>καὶ</strong></span> <span class='ocrx_word' id='word_1_656' title='bbox 1045 4170 1246 4240; x_wconf 76' lang='grc' dir='ltr'>ψυχὴν,</span> <span class='ocrx_word' id='word_1_657' title='bbox 1296 4171 1387 4224; x_wconf 78' lang='grc' dir='ltr'>καὶ</span> <span class='ocrx_word' id='word_1_658' title='bbox 1428 4169 1553 4224; x_wconf 84' lang='grc' dir='ltr'>νοῦν</span> <span class='ocrx_word' id='word_1_659' title='bbox 1581 4169 1802 4233; x_wconf 86' lang='grc' dir='ltr'>τελείως</span> 
     </span>
    </p>
   </div>
   <div class='ocr_carea' id='block_1_85' title="bbox 1912 4164 3478 4244">
    <p class='ocr_par' dir='ltr' id='par_1_85' title="bbox 1912 4175 3478 4244">
     <span class='ocr_line' id='line_1_85' title="bbox 1912 4175 3478 4244; baseline 0 -16"><span class='ocrx_word' id='word_1_660' title='bbox 1912 4191 2032 4229; x_wconf 82' lang='lat' dir='ltr'><strong>vera</strong></span> <span class='ocrx_word' id='word_1_661' title='bbox 2065 4175 2325 4229; x_wconf 88' lang='lat' dir='ltr'><strong>adunatio</strong></span> <span class='ocrx_word' id='word_1_662' title='bbox 2354 4184 2472 4244; x_wconf 89' lang='lat' dir='ltr'><strong>post</strong></span> <span class='ocrx_word' id='word_1_663' title='bbox 2518 4175 2858 4230; x_wconf 78' lang='lat' dir='ltr'><strong>nativitatem</strong></span> <span class='ocrx_word' id='word_1_664' title='bbox 2901 4176 3132 4230; x_wconf 89' lang='lat' dir='ltr'><strong>dicatur.</strong></span> <span class='ocrx_word' id='word_1_665' title='bbox 3189 4175 3296 4232; x_wconf 88' lang='lat' dir='ltr'><strong>Nos</strong></span> <span class='ocrx_word' id='word_1_666' title='bbox 3349 4191 3478 4231; x_wconf 89' lang='lat' dir='ltr'><strong>vero</strong></span> 
     </span>
    </p>
   </div>
   <div class='ocr_carea' id='block_1_86' title="bbox 263 4258 1829 4336">
    <p class='ocr_par' dir='ltr' id='par_1_86' title="bbox 263 4258 1802 4332">
     <span class='ocr_line' id='line_1_86' title="bbox 263 4258 1802 4332; baseline 0.006 -26"><span class='ocrx_word' id='word_1_667' title='bbox 263 4258 396 4323; x_wconf 76' lang='grc' dir='ltr'>χωρὶς</span> <span class='ocrx_word' id='word_1_668' title='bbox 440 4260 727 4329; x_wconf 78' lang='grc' dir='ltr'>ἁμαρτίας</span> <span class='ocrx_word' id='word_1_669' title='bbox 779 4258 1032 4313; x_wconf 79' lang='grc' dir='ltr'>ἑνοῦσθαι</span> <span class='ocrx_word' id='word_1_670' title='bbox 1073 4263 1139 4330; x_wconf 82' lang='grc' dir='ltr'>τῇ</span> <span class='ocrx_word' id='word_1_671' title='bbox 1202 4260 1333 4330; x_wconf 64' lang='grc' dir='ltr'>ἁγίᾳ.</span> <span class='ocrx_word' id='word_1_672' title='bbox 1388 4261 1666 4332; x_wconf 82' lang='grc' dir='ltr'>Παρθένῳ.</span> <span class='ocrx_word' id='word_1_673' title='bbox 1703 4263 1802 4316; x_wconf 76' lang='grc' dir='ltr'><strong>Διὰ</strong></span> 
     </span>
    </p>
   </div>
   <div class='ocr_carea' id='block_1_87' title="bbox 1911 4258 3477 4336">
    <p class='ocr_par' dir='ltr' id='par_1_87' title="bbox 1911 4266 3477 4336">
     <span class='ocr_line' id='line_1_87' title="bbox 1911 4266 3477 4336; baseline 0.001 -16"><span class='ocrx_word' id='word_1_674' title='bbox 1911 4282 2010 4320; x_wconf 88' lang='lat' dir='ltr'><strong>non</strong></span> <span class='ocrx_word' id='word_1_675' title='bbox 2047 4267 2321 4320; x_wconf 90' lang='lat' dir='ltr'><strong>hominem</strong></span> <span class='ocrx_word' id='word_1_676' title='bbox 2377 4266 2485 4321; x_wconf 83' lang='lat' dir='ltr'><strong>Deo</strong></span> <span class='ocrx_word' id='word_1_677' title='bbox 2527 4267 2758 4333; x_wconf 90' lang='lat' dir='ltr'><strong>unitum,</strong></span> <span class='ocrx_word' id='word_1_678' title='bbox 2789 4266 2883 4322; x_wconf 91' lang='lat' dir='ltr'><strong>sed</strong></span> <span class='ocrx_word' id='word_1_679' title='bbox 2930 4267 3096 4321; x_wconf 90' lang='lat' dir='ltr'><strong>Deum</strong></span> <span class='ocrx_word' id='word_1_680' title='bbox 3146 4268 3238 4336; x_wconf 91' lang='lat' dir='ltr'><strong>qui</strong></span> <span class='ocrx_word' id='word_1_681' title='bbox 3285 4269 3477 4322; x_wconf 84' lang='lat' dir='ltr'><strong>huma-</strong></span> 
     </span>
    </p>
   </div>
   <div class='ocr_carea' id='block_1_88' title="bbox 260 4345 1826 4450">
    <p class='ocr_par' dir='ltr' id='par_1_88' title="bbox 260 4345 1801 4423">
     <span class='ocr_line' id='line_1_88' title="bbox 260 4345 1801 4423; baseline 0.008 -29"><span class='ocrx_word' id='word_1_682' title='bbox 260 4345 384 4399; x_wconf 77' lang='grc' dir='ltr'>τοῦτο</span> <span class='ocrx_word' id='word_1_683' title='bbox 411 4351 510 4403; x_wconf 75' lang='grc' dir='ltr'>κᾶν</span> <span class='ocrx_word' id='word_1_684' title='bbox 543 4351 843 4423; x_wconf 81' lang='grc' dir='ltr'>ἄνθρωπον</span> <span class='ocrx_word' id='word_1_685' title='bbox 873 4350 1113 4422; x_wconf 80' lang='grc' dir='ltr'>ἀκούσῃς</span> <span class='ocrx_word' id='word_1_686' title='bbox 1144 4351 1234 4404; x_wconf 77' lang='grc' dir='ltr'>τὸν</span> <span class='ocrx_word' id='word_1_687' title='bbox 1267 4351 1500 4420; x_wconf 78' lang='grc' dir='ltr'>Χριστὸν</span> <span class='ocrx_word' id='word_1_688' title='bbox 1537 4353 1801 4423; x_wconf 78' lang='grc' dir='ltr'>ὀνομαζό-</span> 
     </span>
    </p>
   </div>
   <div class='ocr_carea' id='block_1_89' title="bbox 1912 4345 3478 4450">
    <p class='ocr_par' dir='ltr' id='par_1_89' title="bbox 1912 4358 3478 4428">
     <span class='ocr_line' id='line_1_89' title="bbox 1912 4358 3478 4428; baseline 0.003 -18"><span class='ocrx_word' id='word_1_689' title='bbox 1912 4359 2127 4412; x_wconf 85' lang='lat' dir='ltr'><strong>nitatem</strong></span> <span class='ocrx_word' id='word_1_690' title='bbox 2159 4359 2468 4426; x_wconf 88' lang='lat' dir='ltr'><strong>assumpsit.</strong></span> <span class='ocrx_word' id='word_1_691' title='bbox 2505 4359 2596 4428; x_wconf 90' lang='lat' dir='ltr'><strong>qui</strong></span> <span class='ocrx_word' id='word_1_692' title='bbox 2624 4372 2840 4427; x_wconf 90' lang='lat' dir='ltr'><strong>corpus,</strong></span> <span class='ocrx_word' id='word_1_693' title='bbox 2881 4358 3197 4428; x_wconf 88' lang='lat' dir='ltr'><strong>inquam,et</strong></span> <span class='ocrx_word' id='word_1_694' title='bbox 3241 4361 3478 4415; x_wconf 73' lang='lat' dir='ltr'><strong>animum</strong></span> 
     </span>
    </p>
   </div>
   <div class='ocr_carea' id='block_1_90' title="bbox 263 4439 1829 4521">
    <p class='ocr_par' dir='ltr' id='par_1_90' title="bbox 263 4439 1802 4511">
     <span class='ocr_line' id='line_1_90' title="bbox 263 4439 1802 4511; baseline 0.008 -24"><span class='ocrx_word' id='word_1_695' title='bbox 263 4447 407 4500; x_wconf 69' lang='grc' dir='ltr'>μενον,</span> <span class='ocrx_word' id='word_1_696' title='bbox 439 4440 510 4510; x_wconf 83' lang='grc' dir='ltr'>μὴ</span> <span class='ocrx_word' id='word_1_697' title='bbox 542 4439 912 4493; x_wconf 81' lang='grc' dir='ltr'>ὲπιλανθὰνου</span> <span class='ocrx_word' id='word_1_698' title='bbox 939 4442 1020 4494; x_wconf 82' lang='grc' dir='ltr'><strong>ὅτι</strong></span> <span class='ocrx_word' id='word_1_699' title='bbox 1049 4441 1143 4494; x_wconf 75' lang='grc' dir='ltr'>καὶ</span> <span class='ocrx_word' id='word_1_700' title='bbox 1183 4441 1316 4506; x_wconf 85' lang='grc' dir='ltr'>Θεὸς</span> <span class='ocrx_word' id='word_1_701' title='bbox 1344 4443 1565 4511; x_wconf 86' lang='grc' dir='ltr'>γέγονεν</span> <span class='ocrx_word' id='word_1_702' title='bbox 1585 4462 1596 4474; x_wconf 75' lang='grc' dir='ltr'><strong><em>ο</em></strong></span> <span class='ocrx_word' id='word_1_703' title='bbox 1628 4443 1802 4510; x_wconf 72' lang='grc' dir='ltr'>οὕτως</span> 
     </span>
    </p>
   </div>
   <div class='ocr_carea' id='block_1_91' title="bbox 1910 4439 3476 4521">
    <p class='ocr_par' dir='ltr' id='par_1_91' title="bbox 1911 4448 3476 4521">
     <span class='ocr_line' id='line_1_91' title="bbox 1911 4448 3476 4521; baseline 0.001 -18"><span class='ocrx_word' id='word_1_704' title='bbox 1911 4464 1974 4504; x_wconf 87' lang='lat' dir='ltr'><strong>ac</strong></span> <span class='ocrx_word' id='word_1_705' title='bbox 2007 4459 2240 4503; x_wconf 91' lang='lat' dir='ltr'><strong>mentem</strong></span> <span class='ocrx_word' id='word_1_706' title='bbox 2275 4448 2511 4519; x_wconf 80' lang='lat' dir='ltr'><strong>perfecte</strong></span> <span class='ocrx_word' id='word_1_707' title='bbox 2543 4452 2596 4504; x_wconf 91' lang='lat' dir='ltr'><strong>in</strong></span> <span class='ocrx_word' id='word_1_708' title='bbox 2643 4461 2828 4505; x_wconf 88' lang='lat' dir='ltr'><strong>sancta</strong></span> <span class='ocrx_word' id='word_1_709' title='bbox 2884 4451 3104 4521; x_wconf 85' lang='lat' dir='ltr'><strong>Virgine</strong></span> <span class='ocrx_word' id='word_1_710' title='bbox 3134 4451 3237 4506; x_wconf 85' lang='lat' dir='ltr'><strong>sibi</strong></span> <span class='ocrx_word' id='word_1_711' title='bbox 3282 4454 3476 4518; x_wconf 78' lang='lat' dir='ltr'><strong>univit,</strong></span> 
     </span>
    </p>
   </div>
   <div class='ocr_carea' id='block_1_92' title="bbox 257 4523 1823 4614">
    <p class='ocr_par' dir='ltr' id='par_1_92' title="bbox 257 4523 1803 4607">
     <span class='ocr_line' id='line_1_92' title="bbox 257 4523 1803 4607; baseline 0.014 -37"><span class='ocrx_word' id='word_1_712' title='bbox 257 4523 579 4599; x_wconf 71' lang='grc' dir='ltr'>ἐπιστάμενος</span> <span class='ocrx_word' id='word_1_713' title='bbox 609 4534 640 4585; x_wconf 78' lang='grc' dir='ltr'>ὁ</span> <span class='ocrx_word' id='word_1_714' title='bbox 703 4532 972 4602; x_wconf 84' lang='grc' dir='ltr'>μακάριος</span> <span class='ocrx_word' id='word_1_715' title='bbox 998 4531 1234 4598; x_wconf 84' lang='grc' dir='ltr'>Παῦλος,</span> <span class='ocrx_word' id='word_1_716' title='bbox 1269 4536 1400 4587; x_wconf 77' lang='grc' dir='ltr'>ποτὲ</span> <span class='ocrx_word' id='word_1_717' title='bbox 1429 4536 1484 4588; x_wconf 84' lang='grc' dir='ltr'><strong>δὲ</strong></span> <span class='ocrx_word' id='word_1_718' title='bbox 1513 4534 1647 4589; x_wconf 87' lang='grc' dir='ltr'>Θεὸν</span> <span class='ocrx_word' id='word_1_719' title='bbox 1673 4537 1803 4607; x_wconf 80' lang='grc' dir='ltr'>ἐκή-</span> 
     </span>
    </p>
   </div>
   <div class='ocr_carea' id='block_1_93' title="bbox 1914 4523 3480 4614">
    <p class='ocr_par' dir='ltr' id='par_1_93' title="bbox 1916 4545 3480 4614">
     <span class='ocr_line' id='line_1_93' title="bbox 1916 4545 3480 4614; baseline -0.001 -14"><span class='ocrx_word' id='word_1_720' title='bbox 1916 4546 2062 4600; x_wconf 90' lang='lat' dir='ltr'><strong>hunc</strong></span> <span class='ocrx_word' id='word_1_721' title='bbox 2095 4545 2374 4600; x_wconf 78' lang='lat' dir='ltr'><strong>Christum</strong></span> <span class='ocrx_word' id='word_1_722' title='bbox 2411 4559 2532 4600; x_wconf 89' lang='lat' dir='ltr'><strong>esse</strong></span> <span class='ocrx_word' id='word_1_723' title='bbox 2557 4546 2782 4600; x_wconf 83' lang='lat' dir='ltr'><strong>scimus.</strong></span> <span class='ocrx_word' id='word_1_724' title='bbox 2819 4547 3107 4614; x_wconf 75' lang='lat' dir='ltr'><strong>Propterea</strong></span> <span class='ocrx_word' id='word_1_725' title='bbox 3138 4546 3352 4601; x_wconf 81' lang='lat' dir='ltr'><strong>etiamsi</strong></span> <span class='ocrx_word' id='word_1_726' title='bbox 3386 4551 3480 4601; x_wconf 89' lang='lat' dir='ltr'><strong>ho-</strong></span> 
     </span>
    </p>
   </div>
   <div class='ocr_carea' id='block_1_94' title="bbox 260 4624 1826 4700">
    <p class='ocr_par' dir='ltr' id='par_1_94' title="bbox 260 4624 1802 4700">
     <span class='ocr_line' id='line_1_94' title="bbox 260 4624 1802 4700; baseline -0.001 -18"><span class='ocrx_word' id='word_1_727' title='bbox 260 4631 443 4681; x_wconf 70' lang='grc' dir='ltr'>ρυττενο</span> <span class='ocrx_word' id='word_1_728' title='bbox 480 4641 498 4672; x_wconf 80' lang='grc' dir='ltr'><strong>ι</strong></span> <span class='ocrx_word' id='word_1_729' title='bbox 535 4625 877 4700; x_wconf 76' lang='grc' dir='ltr'>Μνημονευε</span> <span class='ocrx_word' id='word_1_730' title='bbox 928 4624 1058 4694; x_wconf 83' lang='grc' dir='ltr'>γὰρ,</span> <span class='ocrx_word' id='word_1_731' title='bbox 1095 4625 1279 4694; x_wconf 73' lang='grc' dir='ltr'>φησὶν,</span> <span class='ocrx_word' id='word_1_732' title='bbox 1327 4626 1531 4695; x_wconf 82' lang='grc' dir='ltr'>Ἰησοῦν</span> <span class='ocrx_word' id='word_1_733' title='bbox 1566 4627 1802 4698; x_wconf 82' lang='grc' dir='ltr'>Χριστὸν</span> 
     </span>
    </p>
   </div>
   <div class='ocr_carea' id='block_1_95' title="bbox 1915 4624 3481 4700">
    <p class='ocr_par' dir='ltr' id='par_1_95' title="bbox 1915 4634 3481 4700">
     <span class='ocr_line' id='line_1_95' title="bbox 1915 4634 3481 4700; baseline 0 -11"><span class='ocrx_word' id='word_1_734' title='bbox 1915 4636 2109 4690; x_wconf 90' lang='lat' dir='ltr'><strong>minem</strong></span> <span class='ocrx_word' id='word_1_735' title='bbox 2142 4634 2382 4690; x_wconf 89' lang='lat' dir='ltr'><strong>audieris</strong></span> <span class='ocrx_word' id='word_1_736' title='bbox 2407 4635 2682 4690; x_wconf 90' lang='lat' dir='ltr'><strong>Christum</strong></span> <span class='ocrx_word' id='word_1_737' title='bbox 2714 4636 3003 4700; x_wconf 81' lang='lat' dir='ltr'><strong>nominari,</strong></span> <span class='ocrx_word' id='word_1_738' title='bbox 3043 4652 3110 4690; x_wconf 93' lang='lat' dir='ltr'><strong>ne</strong></span> <span class='ocrx_word' id='word_1_739' title='bbox 3139 4637 3481 4692; x_wconf 79' lang='lat' dir='ltr'><strong>obliviscaris</strong></span> 
     </span>
    </p>
   </div>
   <div class='ocr_carea' id='block_1_96' title="bbox 255 4709 1821 4798">
    <p class='ocr_par' dir='ltr' id='par_1_96' title="bbox 255 4709 1793 4798">
     <span class='ocr_line' id='line_1_96' title="bbox 255 4709 1793 4798; baseline 0.006 -36"><span class='ocrx_word' id='word_1_740' title='bbox 255 4709 591 4798; x_wconf 55' lang='grc' dir='ltr'>ξηγερμένον</span> <span class='ocrx_word' id='word_1_741' title='bbox 624 4717 697 4767; x_wconf 84' lang='grc' dir='ltr'>ὲκ</span> <span class='ocrx_word' id='word_1_742' title='bbox 726 4714 959 4786; x_wconf 84' lang='grc' dir='ltr'>νεκρῶν,</span> <span class='ocrx_word' id='word_1_743' title='bbox 991 4717 1086 4770; x_wconf 78' lang='grc' dir='ltr'><strong>καὶ</strong></span> <span class='ocrx_word' id='word_1_744' title='bbox 1110 4718 1175 4770; x_wconf 81' lang='grc' dir='ltr'>ἐκ</span> <span class='ocrx_word' id='word_1_745' title='bbox 1217 4716 1528 4787; x_wconf 67' lang='grc' dir='ltr'>σπέρματος</span> <span class='ocrx_word' id='word_1_746' title='bbox 1557 4719 1740 4771; x_wconf 79' lang='grc' dir='ltr'>Δαϐίδ.</span> <span class='ocrx_word' id='word_1_747' title='bbox 1777 4737 1793 4770; x_wconf 75' lang='lat' dir='ltr'><strong>t</strong></span> 
     </span>
    </p>
   </div>
   <div class='ocr_carea' id='block_1_97' title="bbox 1910 4709 3476 4798">
    <p class='ocr_par' dir='ltr' id='par_1_97' title="bbox 1910 4727 3476 4798">
     <span class='ocr_line' id='line_1_97' title="bbox 1910 4727 3476 4798; baseline 0 -16"><span class='ocrx_word' id='word_1_748' title='bbox 1910 4729 2156 4782; x_wconf 90' lang='lat' dir='ltr'><strong>eumdem</strong></span> <span class='ocrx_word' id='word_1_749' title='bbox 2191 4737 2245 4782; x_wconf 94' lang='lat' dir='ltr'><strong>et</strong></span> <span class='ocrx_word' id='word_1_750' title='bbox 2274 4727 2442 4782; x_wconf 85' lang='lat' dir='ltr'><strong>Deum</strong></span> <span class='ocrx_word' id='word_1_751' title='bbox 2469 4742 2611 4783; x_wconf 88' lang='lat' dir='ltr'><strong>esse.</strong></span> <span class='ocrx_word' id='word_1_752' title='bbox 2644 4728 2737 4783; x_wconf 79' lang='lat' dir='ltr'><strong>Rei</strong></span> <span class='ocrx_word' id='word_1_753' title='bbox 2763 4728 2928 4798; x_wconf 87' lang='lat' dir='ltr'><strong>probe</strong></span> <span class='ocrx_word' id='word_1_754' title='bbox 2958 4729 3207 4783; x_wconf 91' lang='lat' dir='ltr'><strong>conscius</strong></span> <span class='ocrx_word' id='word_1_755' title='bbox 3241 4728 3440 4782; x_wconf 85' lang='lat' dir='ltr'><strong>Paulus</strong></span> <span class='ocrx_word' id='word_1_756' title='bbox 3462 4767 3476 4789; x_wconf 89' lang='lat'><strong>.</strong></span> 
     </span>
    </p>
   </div>
   <div class='ocr_carea' id='block_1_98' title="bbox 253 4795 1819 4890">
    <p class='ocr_par' dir='ltr' id='par_1_98' title="bbox 253 4795 1804 4890">
     <span class='ocr_line' id='line_1_98' title="bbox 253 4795 1804 4890; baseline 0.006 -38"><span class='ocrx_word' id='word_1_757' title='bbox 253 4795 338 4890; x_wconf 66' lang='grc' dir='ltr'><strong>Καὶ</strong></span> <span class='ocrx_word' id='word_1_758' title='bbox 361 4805 514 4858; x_wconf 68' lang='grc' dir='ltr'>πάλιν</span> <span class='ocrx_word' id='word_1_759' title='bbox 535 4821 550 4836; x_wconf 65' lang='grc' dir='ltr'>θ</span> <span class='ocrx_word' id='word_1_760' title='bbox 594 4825 614 4857; x_wconf 70' lang='grc' dir='ltr'><strong>ι</strong></span> <span class='ocrx_word' id='word_1_761' title='bbox 640 4807 706 4858; x_wconf 90' lang='grc' dir='ltr'>Ὁ</span> <span class='ocrx_word' id='word_1_762' title='bbox 734 4806 790 4858; x_wconf 82' lang='grc' dir='ltr'><strong>δὲ</strong></span> <span class='ocrx_word' id='word_1_763' title='bbox 813 4805 948 4868; x_wconf 79' lang='grc' dir='ltr'>Θεὸς</span> <span class='ocrx_word' id='word_1_764' title='bbox 975 4808 1066 4859; x_wconf 54' lang='grc' dir='ltr'><strong>καὶ⁵</strong></span> <span class='ocrx_word' id='word_1_765' title='bbox 1095 4807 1188 4860; x_wconf 77' lang='grc' dir='ltr'><strong>τὸν</strong></span> <span class='ocrx_word' id='word_1_766' title='bbox 1207 4809 1410 4878; x_wconf 81' lang='grc' dir='ltr'>Κύριον</span> <span class='ocrx_word' id='word_1_767' title='bbox 1440 4809 1684 4878; x_wconf 80' lang='grc' dir='ltr'>ἤγειρεν,</span> <span class='ocrx_word' id='word_1_768' title='bbox 1710 4811 1804 4862; x_wconf 78' lang='grc' dir='ltr'><strong>καὶ</strong></span> 
     </span>
    </p>
   </div>
   <div class='ocr_carea' id='block_1_99' title="bbox 1897 4795 3463 4890">
    <p class='ocr_par' dir='ltr' id='par_1_99' title="bbox 1907 4819 3463 4890">
     <span class='ocr_line' id='line_1_99' title="bbox 1907 4819 3463 4890; baseline -0.002 -17"><span class='ocrx_word' id='word_1_769' title='bbox 1907 4819 2065 4873; x_wconf 85' lang='lat' dir='ltr'><strong>modo</strong></span> <span class='ocrx_word' id='word_1_770' title='bbox 2094 4820 2266 4887; x_wconf 88' lang='lat' dir='ltr'><strong>ipsum</strong></span> <span class='ocrx_word' id='word_1_771' title='bbox 2306 4820 2471 4874; x_wconf 84' lang='lat' dir='ltr'><strong>Deum</strong></span> <span class='ocrx_word' id='word_1_772' title='bbox 2497 4820 2865 4890; x_wconf 85' lang='lat' dir='ltr'><strong>proclamabat</strong></span> <span class='ocrx_word' id='word_1_773' title='bbox 2896 4837 2908 4872; x_wconf 91' lang='lat'><strong>:</strong></span> <span class='ocrx_word' id='word_1_774' title='bbox 2949 4840 2967 4872; x_wconf 80' lang='grc' dir='ltr'>ι</span> <span class='ocrx_word' id='word_1_775' title='bbox 3001 4820 3270 4875; x_wconf 77' lang='lat' dir='ltr'><strong>Memento</strong></span> <span class='ocrx_word' id='word_1_776' title='bbox 3293 4819 3463 4882; x_wconf 89' lang='lat' dir='ltr'><strong>enim,</strong></span> 
     </span>
    </p>
   </div>
   <div class='ocr_carea' id='block_1_100' title="bbox 250 4889 1816 4977">
    <p class='ocr_par' dir='ltr' id='par_1_100' title="bbox 250 4889 1802 4968">
     <span class='ocr_line' id='line_1_100' title="bbox 250 4889 1802 4968; baseline 0.006 -25"><span class='ocrx_word' id='word_1_777' title='bbox 250 4889 367 4955; x_wconf 74' lang='grc' dir='ltr'>ἡμᾶς</span> <span class='ocrx_word' id='word_1_778' title='bbox 398 4895 672 4968; x_wconf 79' lang='grc' dir='ltr'>ἐξεγείρει</span> <span class='ocrx_word' id='word_1_779' title='bbox 707 4897 794 4951; x_wconf 82' lang='grc' dir='ltr'><strong>διὰ</strong></span> <span class='ocrx_word' id='word_1_780' title='bbox 833 4897 934 4967; x_wconf 81' lang='grc' dir='ltr'><strong>τῆς</strong></span> <span class='ocrx_word' id='word_1_781' title='bbox 969 4897 1250 4968; x_wconf 85' lang='grc' dir='ltr'>δυνάμεως</span> <span class='ocrx_word' id='word_1_782' title='bbox 1288 4899 1474 4952; x_wconf 76' lang='grc' dir='ltr'>αὑτοῦ.</span> <span class='ocrx_word' id='word_1_783' title='bbox 1503 4919 1521 4950; x_wconf 85' lang='grc'><strong>›</strong></span> <span class='ocrx_word' id='word_1_784' title='bbox 1561 4899 1802 4964; x_wconf 78' lang='grc' dir='ltr'>Ἀκούεις</span> 
     </span>
    </p>
   </div>
   <div class='ocr_carea' id='block_1_101' title="bbox 1917 4889 3483 4977">
    <p class='ocr_par' dir='ltr' id='par_1_101' title="bbox 1917 4889 3483 4977">
     <span class='ocr_line' id='line_1_101' title="bbox 1917 4889 3483 4977; baseline 0.001 -17"><span class='ocrx_word' id='word_1_785' title='bbox 1917 4909 2102 4977; x_wconf 74' lang='lat' dir='ltr'><strong>inquit,</strong></span> <span class='ocrx_word' id='word_1_786' title='bbox 2132 4909 2316 4963; x_wconf 83' lang='lat' dir='ltr'><strong>Jesum</strong></span> <span class='ocrx_word' id='word_1_787' title='bbox 2351 4889 2624 4965; x_wconf 85' lang='lat' dir='ltr'><strong>Christum</strong></span> <span class='ocrx_word' id='word_1_788' title='bbox 2675 4911 2994 4965; x_wconf 85' lang='lat' dir='ltr'><strong>suscitatqu</strong></span> <span class='ocrx_word' id='word_1_789' title='bbox 3043 4924 3108 4962; x_wconf 79' lang='lat' dir='ltr'><strong>ex</strong></span> <span class='ocrx_word' id='word_1_790' title='bbox 3145 4907 3396 4970; x_wconf 86' lang='lat' dir='ltr'><strong>mortuis,</strong></span> <span class='ocrx_word' id='word_1_791' title='bbox 3427 4919 3483 4962; x_wconf 88' lang='lat' dir='ltr'><strong>et</strong></span> 
     </span>
    </p>
   </div>
   <div class='ocr_carea' id='block_1_102' title="bbox 252 4979 1818 5074">
    <p class='ocr_par' dir='ltr' id='par_1_102' title="bbox 252 4979 1802 5074">
     <span class='ocr_line' id='line_1_102' title="bbox 252 4979 1802 5074; baseline 0.01 -46"><span class='ocrx_word' id='word_1_792' title='bbox 252 4979 322 5031; x_wconf 70' lang='grc' dir='ltr'>τὸν</span> <span class='ocrx_word' id='word_1_793' title='bbox 345 4986 402 5074; x_wconf 64' lang='grc' dir='ltr'><strong>εκ</strong></span> <span class='ocrx_word' id='word_1_794' title='bbox 424 4990 752 5060; x_wconf 77' lang='grc' dir='ltr'>σπέρματος</span> <span class='ocrx_word' id='word_1_795' title='bbox 783 4988 969 5054; x_wconf 74' lang='grc' dir='ltr'><strong>Δαῦὶδ,</strong></span> <span class='ocrx_word' id='word_1_796' title='bbox 988 4989 1082 5044; x_wconf 83' lang='grc' dir='ltr'>καὶ</span> <span class='ocrx_word' id='word_1_797' title='bbox 1101 4991 1167 5042; x_wconf 83' lang='grc' dir='ltr'>ὲκ</span> <span class='ocrx_word' id='word_1_798' title='bbox 1193 4989 1403 5060; x_wconf 83' lang='grc' dir='ltr'>νεκρῶν</span> <span class='ocrx_word' id='word_1_799' title='bbox 1430 4992 1802 5061; x_wconf 77' lang='grc' dir='ltr'>ἐγηγερμένον</span> 
     </span>
    </p>
   </div>
   <div class='ocr_carea' id='block_1_103' title="bbox 1909 4979 3475 5074">
    <p class='ocr_par' dir='ltr' id='par_1_103' title="bbox 1909 4999 3475 5074">
     <span class='ocr_line' id='line_1_103' title="bbox 1909 4999 3475 5074; baseline -0.001 -23"><span class='ocrx_word' id='word_1_800' title='bbox 1909 5000 1972 5053; x_wconf 87' lang='lat' dir='ltr'><strong>de</strong></span> <span class='ocrx_word' id='word_1_801' title='bbox 2022 5003 2226 5056; x_wconf 89' lang='lat' dir='ltr'><strong>semine</strong></span> <span class='ocrx_word' id='word_1_802' title='bbox 2283 5002 2496 5056; x_wconf 87' lang='lat' dir='ltr'><strong>Davidis</strong></span> <span class='ocrx_word' id='word_1_803' title='bbox 2552 5001 2754 5074; x_wconf 60' lang='grc'><strong>1441⁸</strong></span> <span class='ocrx_word' id='word_1_804' title='bbox 2788 5011 2964 5056; x_wconf 89' lang='lat' dir='ltr'><strong>ortum</strong></span> <span class='ocrx_word' id='word_1_805' title='bbox 3003 5000 3069 5052; x_wconf 84' lang='grc'><strong>⁵⁸.</strong></span> <span class='ocrx_word' id='word_1_806' title='bbox 3120 4999 3475 5066; x_wconf 83' lang='lat' dir='ltr'><strong>llursusque:</strong></span> 
     </span>
    </p>
   </div>
   <div class='ocr_carea' id='block_1_104' title="bbox 251 5072 1817 5162">
    <p class='ocr_par' dir='ltr' id='par_1_104' title="bbox 251 5072 886 5149">
     <span class='ocr_line' id='line_1_104' title="bbox 251 5072 886 5149; baseline -0.008 -12"><span class='ocrx_word' id='word_1_807' title='bbox 251 5072 400 5140; x_wconf 65' lang='grc' dir='ltr'>σιῖοῶς</span> <span class='ocrx_word' id='word_1_808' title='bbox 427 5079 850 5149; x_wconf 84' lang='grc' dir='ltr'>κηρυττόμενον</span> <span class='ocrx_word' id='word_1_809' title='bbox 872 5095 886 5143; x_wconf 88' lang='grc'><strong>;</strong></span> 
     </span>
    </p>
   </div>
   <div class='ocr_carea' id='block_1_105' title="bbox 1913 5072 3479 5162">
    <p class='ocr_par' dir='ltr' id='par_1_105' title="bbox 1915 5091 3479 5162">
     <span class='ocr_line' id='line_1_105' title="bbox 1915 5091 3479 5162; baseline 0.001 -20"><span class='ocrx_word' id='word_1_810' title='bbox 1915 5111 1933 5142; x_wconf 75' lang='grc' dir='ltr'>ι</span> <span class='ocrx_word' id='word_1_811' title='bbox 1972 5091 2114 5146; x_wconf 86' lang='lat' dir='ltr'><strong>Deus</strong></span> <span class='ocrx_word' id='word_1_812' title='bbox 2147 5101 2328 5148; x_wconf 90' lang='lat' dir='ltr'><strong>autem</strong></span> <span class='ocrx_word' id='word_1_813' title='bbox 2354 5093 2445 5162; x_wconf 93' lang='lat' dir='ltr'><strong>qui</strong></span> <span class='ocrx_word' id='word_1_814' title='bbox 2480 5092 2764 5148; x_wconf 86' lang='lat' dir='ltr'><strong>Dominum</strong></span> <span class='ocrx_word' id='word_1_815' title='bbox 2795 5091 3100 5154; x_wconf 72' lang='lat' dir='ltr'><strong>suscitavit,</strong></span> <span class='ocrx_word' id='word_1_816' title='bbox 3133 5104 3233 5143; x_wconf 88' lang='lat' dir='ltr'><strong>nos</strong></span> <span class='ocrx_word' id='word_1_817' title='bbox 3266 5105 3479 5160; x_wconf 86' lang='lat' dir='ltr'><strong>quoque</strong></span> 
     </span>
    </p>
   </div>
   <div class='ocr_carea' id='block_1_106' title="bbox 1909 5181 3480 5242">
    <p class='ocr_par' dir='ltr' id='par_1_106' title="bbox 1909 5181 3480 5242">
     <span class='ocr_line' id='line_1_106' title="bbox 1909 5181 3480 5242; baseline 0.004 -8"><span class='ocrx_word' id='word_1_818' title='bbox 1909 5184 2106 5238; x_wconf 81' lang='lat' dir='ltr'><strong>virtute</strong></span> <span class='ocrx_word' id='word_1_819' title='bbox 2136 5200 2230 5238; x_wconf 85' lang='lat' dir='ltr'><strong>sua</strong></span> <span class='ocrx_word' id='word_1_820' title='bbox 2263 5185 2490 5240; x_wconf 88' lang='lat' dir='ltr'><strong>suscitat</strong></span> <span class='ocrx_word' id='word_1_821' title='bbox 2536 5185 2604 5242; x_wconf 83' lang='lat'><strong>&quot;.</strong></span> <span class='ocrx_word' id='word_1_822' title='bbox 2669 5204 2688 5235; x_wconf 74' lang='grc' dir='ltr'><strong>ι</strong></span> <span class='ocrx_word' id='word_1_823' title='bbox 2725 5183 2917 5237; x_wconf 83' lang='lat' dir='ltr'><strong>Audin‘</strong></span> <span class='ocrx_word' id='word_1_824' title='bbox 2955 5184 3104 5236; x_wconf 90' lang='lat' dir='ltr'><strong>illum</strong></span> <span class='ocrx_word' id='word_1_825' title='bbox 3156 5181 3224 5236; x_wconf 82' lang='lat' dir='ltr'><strong>de</strong></span> <span class='ocrx_word' id='word_1_826' title='bbox 3270 5184 3480 5240; x_wconf 83' lang='lat' dir='ltr'><strong>semine</strong></span> 
     </span>
    </p>
   </div>
   <div class='ocr_carea' id='block_1_107' title="bbox 1911 5258 3342 5342">
    <p class='ocr_par' dir='ltr' id='par_1_107' title="bbox 1911 5258 3342 5342">
     <span class='ocr_line' id='line_1_107' title="bbox 1911 5258 3342 5342; baseline 0 -15"><span class='ocrx_word' id='word_1_827' title='bbox 1911 5274 2152 5339; x_wconf 81' lang='lat' dir='ltr'><strong>Davidis,</strong></span> <span class='ocrx_word' id='word_1_828' title='bbox 2185 5284 2239 5329; x_wconf 90' lang='lat' dir='ltr'><strong>et</strong></span> <span class='ocrx_word' id='word_1_829' title='bbox 2268 5293 2332 5330; x_wconf 86' lang='lat' dir='ltr'><strong>ex</strong></span> <span class='ocrx_word' id='word_1_830' title='bbox 2361 5275 2590 5331; x_wconf 89' lang='lat' dir='ltr'><strong>mortuis</strong></span> <span class='ocrx_word' id='word_1_831' title='bbox 2616 5275 2934 5330; x_wconf 86' lang='lat' dir='ltr'><strong>suscitatum</strong></span> <span class='ocrx_word' id='word_1_832' title='bbox 2977 5258 3342 5342; x_wconf 74' lang='lat' dir='ltr'><strong>proclamari?</strong></span> 
     </span>
    </p>
   </div>
   <div class='ocr_carea' id='block_1_108' title="bbox 301 5338 1867 5435">
    <p class='ocr_par' dir='ltr' id='par_1_108' title="bbox 301 5338 1804 5430">
     <span class='ocr_line' id='line_1_108' title="bbox 301 5338 1804 5430; baseline 0.012 -35"><span class='ocrx_word' id='word_1_833' title='bbox 301 5338 346 5396; x_wconf 81' lang='grc' dir='ltr'><strong>ι’.</strong></span> <span class='ocrx_word' id='word_1_834' title='bbox 371 5342 498 5397; x_wconf 84' lang='grc' dir='ltr'>Ὅτε</span> <span class='ocrx_word' id='word_1_835' title='bbox 533 5346 728 5399; x_wconf 86' lang='grc' dir='ltr'>τοίνυν</span> <span class='ocrx_word' id='word_1_836' title='bbox 761 5347 1010 5418; x_wconf 76' lang='grc' dir='ltr'>ἐναργῶς</span> <span class='ocrx_word' id='word_1_837' title='bbox 1040 5349 1438 5421; x_wconf 84' lang='grc' dir='ltr'>ἀποδέδεικται,</span> <span class='ocrx_word' id='word_1_838' title='bbox 1458 5355 1558 5409; x_wconf 86' lang='grc' dir='ltr'><strong>οὐκ</strong></span> <span class='ocrx_word' id='word_1_839' title='bbox 1587 5357 1804 5430; x_wconf 84' lang='grc' dir='ltr'>ἄνθρω-</span> 
     </span>
    </p>
   </div>
   <div class='ocr_carea' id='block_1_109' title="bbox 1911 5338 3477 5435">
    <p class='ocr_par' dir='ltr' id='par_1_109' title="bbox 1986 5364 3477 5435">
     <span class='ocr_line' id='line_1_109' title="bbox 1986 5364 3477 5435; baseline 0.003 -19"><span class='ocrx_word' id='word_1_840' title='bbox 1986 5364 2070 5417; x_wconf 80' lang='grc'><strong>10.</strong></span> <span class='ocrx_word' id='word_1_841' title='bbox 2104 5365 2236 5418; x_wconf 89' lang='lat' dir='ltr'><strong>Cum</strong></span> <span class='ocrx_word' id='word_1_842' title='bbox 2267 5365 2449 5435; x_wconf 89' lang='lat' dir='ltr'><strong>itaque</strong></span> <span class='ocrx_word' id='word_1_843' title='bbox 2490 5367 2918 5420; x_wconf 87' lang='lat' dir='ltr'><strong>demonstratum</strong></span> <span class='ocrx_word' id='word_1_844' title='bbox 2949 5364 3231 5420; x_wconf 82' lang='lat' dir='ltr'><strong>evidenter</strong></span> <span class='ocrx_word' id='word_1_845' title='bbox 3269 5365 3339 5420; x_wconf 86' lang='lat' dir='ltr'><strong>sit</strong></span> <span class='ocrx_word' id='word_1_846' title='bbox 3371 5382 3477 5422; x_wconf 90' lang='lat' dir='ltr'><strong>non</strong></span> 
     </span>
    </p>
   </div>
   <div class='ocr_carea' id='block_1_110' title="bbox 241 5433 1807 5528">
    <p class='ocr_par' dir='ltr' id='par_1_110' title="bbox 241 5433 1795 5512">
     <span class='ocr_line' id='line_1_110' title="bbox 241 5433 1795 5512; baseline 0.001 -18"><span class='ocrx_word' id='word_1_847' title='bbox 241 5445 338 5497; x_wconf 65' lang='grc' dir='ltr'><strong>παῖ.</strong></span> <span class='ocrx_word' id='word_1_848' title='bbox 366 5433 439 5499; x_wconf 85' lang='grc' dir='ltr'>ὠς</span> <span class='ocrx_word' id='word_1_849' title='bbox 468 5439 691 5490; x_wconf 74' lang='grc' dir='ltr'>ἐκεῖνοι</span> <span class='ocrx_word' id='word_1_850' title='bbox 724 5438 1054 5508; x_wconf 77' lang='grc' dir='ltr'>νομίζουσιν,</span> <span class='ocrx_word' id='word_1_851' title='bbox 1086 5441 1199 5494; x_wconf 83' lang='grc' dir='ltr'><strong>ἀλλ’</strong></span> <span class='ocrx_word' id='word_1_852' title='bbox 1235 5443 1266 5495; x_wconf 81' lang='grc' dir='ltr'>ὁ</span> <span class='ocrx_word' id='word_1_853' title='bbox 1307 5445 1474 5512; x_wconf 76' lang='grc' dir='ltr'>ἀΐδιος</span> <span class='ocrx_word' id='word_1_854' title='bbox 1527 5447 1620 5502; x_wconf 77' lang='grc' dir='ltr'><strong>τοῦ</strong></span> <span class='ocrx_word' id='word_1_855' title='bbox 1655 5447 1795 5504; x_wconf 73' lang='grc' dir='ltr'>Θεοῦ</span> 
     </span>
    </p>
   </div>
   <div class='ocr_carea' id='block_1_111' title="bbox 1910 5433 3476 5528">
    <p class='ocr_par' dir='ltr' id='par_1_111' title="bbox 1912 5433 3476 5528">
     <span class='ocr_line' id='line_1_111' title="bbox 1912 5433 3476 5528; baseline 0.003 -18"><span class='ocrx_word' id='word_1_856' title='bbox 1912 5457 2205 5525; x_wconf 90' lang='lat' dir='ltr'><strong>hominem,</strong></span> <span class='ocrx_word' id='word_1_857' title='bbox 2239 5468 2298 5512; x_wconf 91' lang='lat' dir='ltr'><strong>ut</strong></span> <span class='ocrx_word' id='word_1_858' title='bbox 2330 5433 2415 5512; x_wconf 70' lang='lat' dir='ltr'><strong>isti</strong></span> <span class='ocrx_word' id='word_1_859' title='bbox 2444 5465 2656 5528; x_wconf 88' lang='lat' dir='ltr'><strong>putant,</strong></span> <span class='ocrx_word' id='word_1_860' title='bbox 2679 5457 2774 5515; x_wconf 90' lang='lat' dir='ltr'><strong>sed</strong></span> <span class='ocrx_word' id='word_1_861' title='bbox 2801 5459 3190 5528; x_wconf 87' lang='lat' dir='ltr'><strong>sempiternum</strong></span> <span class='ocrx_word' id='word_1_862' title='bbox 3228 5457 3319 5514; x_wconf 86' lang='lat' dir='ltr'><strong>Dei</strong></span> <span class='ocrx_word' id='word_1_863' title='bbox 3349 5457 3476 5514; x_wconf 76' lang='lat' dir='ltr'><strong>Ver-</strong></span> 
     </span>
    </p>
   </div>
   <div class='ocr_carea' id='block_1_112' title="bbox 295 5615 1343 5687">
    <p class='ocr_par' dir='ltr' id='par_1_112' title="bbox 295 5615 1343 5687">
     <span class='ocr_line' id='line_1_112' title="bbox 295 5615 1343 5687; baseline 0.006 -13"><span class='ocrx_word' id='word_1_864' title='bbox 295 5615 337 5647; x_wconf 87' lang='grc'><strong><em>⁸³</em></strong></span> <span class='ocrx_word' id='word_1_865' title='bbox 367 5617 404 5674; x_wconf 84' lang='grc' dir='ltr'><strong>Π</strong></span> <span class='ocrx_word' id='word_1_866' title='bbox 436 5618 584 5678; x_wconf 79' lang='lat' dir='ltr'><strong>Tim.</strong></span> <span class='ocrx_word' id='word_1_867' title='bbox 627 5636 694 5684; x_wconf 83' lang='lat' dir='ltr'><strong>ll,</strong></span> <span class='ocrx_word' id='word_1_868' title='bbox 725 5620 775 5674; x_wconf 87' lang='lat'><strong>8.</strong></span> <span class='ocrx_word' id='word_1_869' title='bbox 851 5623 896 5654; x_wconf 80' lang='lat'><strong>”</strong></span> <span class='ocrx_word' id='word_1_870' title='bbox 923 5620 964 5675; x_wconf 92' lang='lat' dir='ltr'><strong>ll</strong></span> <span class='ocrx_word' id='word_1_871' title='bbox 987 5623 1111 5678; x_wconf 85' lang='lat' dir='ltr'><strong>Cor.</strong></span> <span class='ocrx_word' id='word_1_872' title='bbox 1154 5641 1226 5687; x_wconf 88' lang='lat' dir='ltr'><strong>tv.</strong></span> <span class='ocrx_word' id='word_1_873' title='bbox 1257 5625 1343 5680; x_wconf 67' lang='grc'><strong>14.</strong></span> 
     </span>
    </p>
   </div>
   <div class='ocr_carea' id='block_1_113' title="bbox 619 5715 3082 5793">
    <p class='ocr_par' dir='ltr' id='par_1_113' title="bbox 619 5715 3082 5793">
     <span class='ocr_line' id='line_1_113' title="bbox 619 5715 3082 5793; baseline 0.006 -16"><span class='ocrx_word' id='word_1_874' title='bbox 619 5715 893 5777; x_wconf 70' lang='lat' dir='ltr'><strong>Parnm.</strong></span> <span class='ocrx_word' id='word_1_875' title='bbox 939 5717 1051 5777; x_wconf 79' lang='lat' dir='ltr'><strong>Gn.</strong></span> <span class='ocrx_word' id='word_1_876' title='bbox 1096 5717 1353 5780; x_wconf 75' lang='lat' dir='ltr'><strong>LXXVI.</strong></span> <span class='ocrx_word' id='word_1_877' title='bbox 3049 5741 3082 5793; x_wconf 84' lang='lat'><strong>9</strong></span> 
     </span>
    </p>
   </div>
  </div>
