4002 6192
450 295 551 353 2θῖ

1438 285 1494 343 S.
1532 286 1806 345 CYRILLI
1842 286 2313 345 ALEXANDRINI
2350 289 2674 348 ARCHIEP.

3597 293 3704 352 963

450 410 576 463 bum
606 405 961 459 humanatum
988 414 1052 456 ex
1091 398 1309 470 Virgine
1339 400 1630 469 prodiisse,
1670 403 1930 455 recedant
1964 401 2016 456 hi

2127 402 2293 470 Λόγος
2319 403 2754 474 ὲνανθρωπὴσας
2781 403 2932 457 ἐστὶν
2965 403 2993 456 ό
3036 403 3099 455 ὲκ
3127 400 3222 471 τῆς
3256 399 3538 473 Παρθένου
3567 419 3704 469 προ-

449 502 516 555 ab
547 512 734 553 errore
750 509 868 560 suo,
888 493 1239 550 etJudaicam
1263 492 1531 548 insaniam
1553 494 1828 550 omittant.
1862 513 1881 545 ι
1907 492 2020 549 Nisi

447 590 589 645 enim
618 586 866 642 conversi
904 585 1123 651 fuerint,
1156 583 1397 655 gladium
1436 600 1593 640 suum
1621 585 1889 642 adversus
1920 600 2016 640 eos

447 679 850 751 splendiﬁcabit
882 676 1253 732 Dominus‘h
1281 674 1413 731 Nam
1457 677 1601 746 quod
1632 676 1847 733 illorum
1867 675 2019 732 blas-

445 774 715 843 pbemiam
765 772 883 825 sine
909 769 1017 824 ﬁne
1050 784 1160 825 non
1190 770 1262 823 sit
1284 769 1616 839 perlaturus,
1631 776 1687 823 et
1713 770 1856 839 quod
1881 784 2020 825 nou-

447 866 550 922 nisi
582 862 994 934 longanimitate
1021 876 1115 916 sua
1173 877 1318 917 nunc
1360 861 1529 916 etiam
1584 861 1843 931 patiatur,
1896 861 2018 916 audi

445 954 571 1024 quid
598 968 693 1023 per
717 953 932 1007 beatum
961 952 1281 1021 prophetam
1310 951 1477 1014 dicat,
1499 959 1553 1004 ut
1581 951 1842 1007 ultionem
1864 965 2018 1007 suam

336 1080 340 1084 -
443 1054 564 1114 post
594 1043 853 1097 toleratos
883 1042 974 1097 diu
1020 1041 1162 1107 illos,
1219 1042 1312 1112 qui
1352 1041 1405 1096 in
1458 1041 1661 1096 malitia
1701 1055 2018 1111 persevera-

442 1144 590 1203 runt,
623 1135 958 1190 demonstret
990 1149 1005 1186 :
1039 1151 1058 1185 ι
1094 1133 1285 1199 Tacui,
1333 1134 1545 1223 i‘nquit,
1593 1134 1688 1189 sed
1723 1150 1849 1188 num
1892 1148 2019 1201 per-

440 1237 605 1298 petuo
628 1226 817 1281 tacebo
852 1239 916 1279 ac
969 1224 1257 1280 tolerabo?
1305 1224 1527 1281 Patiens
1558 1225 1630 1279 fui
1664 1225 2019 1294 parturientis

441 1323 635 1375 instar.
672 1317 826 1372 Nune
872 1316 1151 1387 dissipabo
1178 1325 1233 1371 et
1272 1317 1563 1373 exsiccabo
1602 1317 1785 1385 simul,
1833 1317 2019 1372 deser-

441 1415 567 1469 taho
601 1421 810 1468 montes
832 1420 888 1466 et
918 1410 1107 1476 colles,
1141 1418 1370 1466 etomne
1398 1426 1621 1480 gramen
1645 1410 1863 1465 illorum
1891 1425 2017 1465 are-

441 1505 657 1572 faciam,
692 1517 885 1574 ponam
923 1500 1144 1555 [lumina
1182 1502 1233 1555 in
1265 1500 1505 1568 insulas,
1554 1509 1611 1556 et
1651 1501 1874 1571 paludes
1922 1515 2018 1554 ex-

440 1610 691 1652 arescere
732 1593 926 1649 faciam
973 1592 1040 1647 “.
1082 1611 1100 1645 ι
1152 1590 1337 1661 Neque
1377 1606 1535 1648 secus
1564 1593 2016 1661 praeclarissimns

454 1685 735 1756 llymnisla
765 1682 1000 1739 celerem
1034 1682 1322 1750 impiorum
1362 1682 1661 1751 perniciem
1689 1680 1809 1736 fore
1836 1682 2010 1748 docet,

2124 493 2319 561 ελθὼν,
2354 495 2916 565 μεταγινωσκέτωσαν
2938 497 2987 549 οἱ
3017 493 3449 565 πεπλανημένοι,
3482 495 3576 547 ml
3603 494 3705 566 τῆς

2136 584 2432 657 Ἰουδαϊκῆς
2469 586 2655 651 ἀνοίας
2697 586 3013 658 ληγέτωσαν
3034 603 3046 616 ·
3090 605 3109 638 ι
3148 586 3274 639 Ἐὰν
3305 584 3416 655 γὰρ
3463 585 3540 655 μὴ
3586 586 3708 638 ὲπι-

2125 677 2456 750 στραφῶσιν,
2491 678 2590 749 τὴν
2641 678 2921 749 ῥομφαίαν
2973 675 3137 731 αὐτοῦ
3173 676 3293 731 κατ’
3337 675 3521 730 αὐτῶν
3556 676 3709 730 στιλο

2124 767 2289 822 ϐώσει
2321 767 2547 839 Κύριος.
2582 786 2601 819 ι
2632 768 2757 822 Ὅτι
2782 766 2892 837 γὰρ
2908 767 3008 821 οὐκ
3031 770 3109 833 είς
3134 767 3286 831 τέλος
3317 767 3499 822 αὐτῶν
3521 758 3711 835 sese:

2119 877 2210 914 ται
2264 858 2751 931 βλασφημούντων,
2793 860 2889 913 ml
2919 860 3009 914 διὰ
3050 857 3436 931 μακροθυμίαν
3474 858 3554 912 ἔτι
3608 860 3710 912 ml

2122 951 2219 1005 νῦν
2257 951 2512 1022 ἀνέχεται
2568 950 3031 1022 βλασφημούντων
3055 990 3070 1015 ,
3120 950 3285 1005 ἄκουε
3313 948 3368 1003 τί
3417 966 3583 1021 φησιν
3616 951 3712 1005 διὰ

2121 1043 2213 1098 τοῦ
2247 1044 2521 1116 μακαρίου
2572 1032 3124 1116 προφήτου,’τὴνιὲκ
3166 1042 3266 1113 τῆς
3318 1042 3516 1112 ἀνοχῆς
3565 1044 3711 1113 πρὸς

2121 1138 2247 1201 τοὺς
2286 1137 2646 1208 ἐπιμένοντας
2685 1138 2751 1206 τῇ
2790 1134 2964 1206 κακίᾳ
3018 1134 3368 1205 ἐπαγομένην
3416 1134 3705 1205 ἐκδίκησιν

2118 1229 2293 1301 δηλῶν
2313 1246 2326 1262 ·
2366 1250 2383 1281 ι
2419 1228 2756 1299 Ἑσιώπησα,
2787 1226 2943 1295 φησί’
2975 1225 3050 1297 μὴ
3077 1227 3172 1280 ml
3194 1225 3282 1279 ἀεὶ
3320 1225 3703 1297 σιωπήσομαι,

2120 1322 2215 1376 ml
2240 1319 2536 1391 ἁνέξομαι;
2571 1319 2954 1390 Ἐκαρτέρησα
2991 1316 3067 1380 ώς
3092 1319 3126 1387 ή
3171 1316 3439 1369 τίκτουσα
3503 1316 3706 1386 ἐκστή-

2121 1412 2334 1466 σωηιαῖ⁹
2366 1409 2585 1482 ξηρανῶ
2618 1409 2755 1480 ἅμα,
2808 1408 2903 1461 καὶ
2951 1405 3230 1478 ὲρημώσω
3267 1405 3369 1475 ὅρη
3416 1406 3513 1459 καὶ
3576 1405 3707 1474 βου-

2119 1505 2263 1568 νούς,
2287 1504 2383 1557 ml
2408 1503 2588 1557 πάντα
2610 1502 2699 1557 τὸν
2729 1501 2923 1573 χόρτον
2945 1498 3124 1562 αὐτῶν
3152 1497 3373 1569 ξηρανῶ
3392 1512 3405 1525 ·
3430 1497 3522 1549 ml
3549 1496 3707 1567 θήσω

2119 1594 2399 1665 ποταμοὺς
2450 1595 2529 1657 είς
2576 1593 2796 1664 νήσους,
2828 1591 2925 1645 καὶ
2956 1589 3052 1660 ’έλη
3098 1589 3337 1659 ξηρανῶ.
3386 1607 3405 1641 ι
3445 1588 3610 1641 Οὐδὲν
3643 1586 3708 1639 δὲ

2116 1681 2279 1758 ἧττον
2306 1687 2401 1739 ml
2428 1687 2456 1740 ό
2485 1684 2759 1746 θειότατος
2786 1680 3063 1752 Ὑμνῳδὸς
3101 1682 3322 1750 ταχεῖαν
3352 1678 3460 1732 τῶν
3487 1676 3709 1732 ἀσεϐῶν

439 1778 541 1832 etsi
571 1790 664 1832 eos
698 1774 977 1844 aliquanto
1020 1782 1263 1843 tempore
1301 1783 1522 1843 propter
1556 1773 1652 1828 Dei
1690 1773 2017 1845 longanimi-

2127 1756 2360 1834 διδάσκει
2393 1776 2491 1847 τὴν
2523 1774 2826 1840 ἀπώλειαν,
2858 1773 2960 1829 κᾶν
2994 1772 3135 1844 πρὸς
3159 1772 3344 1840 ὀλίγον
3372 1770 3461 1824 διὰ
3494 1786 3710 1842 μακρο-

441 1877 608 1922 tatem
637 1866 900 1921 valituros
930 1866 1006 1920 ait
1034 1887 1051 1919 .-
1083 1882 1102 1917 ι
1140 1863 1256 1919 Vidi
1282 1865 1426 1920 enim
1455 1865 1679 1934 impium
1705 1865 2016 1934 superexal-

440 1967 632 2025 talum,
678 1966 733 2012 et
762 1956 1032 2011 elevatum
1060 1953 1200 2009 sicut
1240 1953 1432 2009 cedros
1467 1954 1657 2010 Libani
1696 1969 1711 2007 :
1744 1962 1799 2010 et
1838 1963 2018 2009 trans-

384 2064 399 2077 “
440 2049 538 2118 ivi,
573 2056 630 2103 et
689 2061 818 2103 ecce
854 2061 960 2101 non
1002 2053 1120 2102 erat
1161 2061 1175 2099 :
1212 2044 1436 2114 quaesivi
1478 2060 1601 2101 eum
1629 2084 1646 2112 ,
1688 2053 1745 2102 et
1779 2058 1887 2101 non
1930 2054 2018 2101 est

440 2142 691 2197 inventus
721 2139 873 2197 locus
903 2139 1021 2209 eius
1052 2139 1118 2192 ".
1165 2156 1185 2192 ι

512 2232 601 2286 Η.
637 2232 764 2287 Haec
791 2232 935 2287 enim
982 2240 1036 2286 et
1084 2229 1189 2285 alia
1244 2228 1553 2299 huiusmodi
1604 2229 1912 2286 communia
1952 2230 2020 2286 iis

440 2325 694 2379 onmihus
720 2332 866 2388 sunt,
896 2323 990 2394 qui
1047 2332 1209 2377 recta:
1260 2322 1382 2377 ﬁdei
1424 2322 1735 2392 dispergere
1773 2322 2021 2377 nituntur

439 2414 602 2482 ovile,
631 2411 792 2468 sicuti
826 2421 882 2467 et
930 2411 1315 2482 praedictarum
1362 2412 1643 2466 lmreseon
1694 2410 1879 2467 exitus
1925 2425 2020 2468 os-

442 2507 633 2563 tendit.
666 2504 804 2572 Quid
825 2503 972 2558 enim
1003 2501 1233 2573 profecit
1278 2501 1393 2556 Arii
1445 2502 1596 2572 impii
1641 2503 1838 2558 error?
1880 2502 2020 2570 Quid

442 2597 718 2665 Eunomii,
746 2604 801 2651 et
833 2595 1046 2651 illorum
1077 2595 1170 2665 qui
1202 2595 1256 2649 in
1302 2604 1550 2649 sanctum
1583 2592 1847 2664 Spiritum
1876 2595 2023 2649 blas-

441 2691 788 2760 phemarunt,
814 2695 872 2742 et
932 2686 1084 2741 Pauli
1141 2686 1565 2751 Samosatensis,
1602 2695 1658 2742 et
1694 2686 2023 2757 Apollinaris

445 2779 653 2836 insania
680 2779 703 2832 ?
732 2778 941 2848 Quippe
970 2777 1026 2833 hi
1060 2791 1253 2833 omnes
1279 2786 1336 2832 et
1377 2778 1433 2832 in
1474 2779 1736 2849 praesenti
1771 2780 2024 2850 turpissi-

445 2887 592 2928 mum
622 2871 781 2926 ﬁnem
811 2870 958 2926 nacti
1007 2879 1156 2934 sunt,
1205 2878 1370 2940 atque
1421 2868 1813 2925 ecclesiasticis
1848 2872 2021 2940 septis

447 2967 604 3040 cjecti
639 2965 855 3021 fuerunt
878 3004 893 3031 ,
922 2973 978 3018 et
1008 2974 1161 3019 extra
1206 2965 1486 3019 cmlestem
1535 2962 2023 3034 primogenitorum

2121 1868 2321 1940 θυμίαν
2354 1866 2490 1922 Θεοῦ
2534 1866 2827 1938 ίσχύσωσιν
2852 1880 2866 1895 ·
2918 1884 2937 1916 ι
2979 1864 3116 1918 Ἴδον
3147 1861 3273 1933 ,γὰρ
3319 1861 3496 1931 ἀσεϐῆ
3530 1861 3708 1930 ὑπερ-

2124 1960 2259 2030 υψού
2271 1976 2451 2031 μενον,
2486 1959 2580 2013 ml
2605 1958 2967 2030 ἐπαιρόμενον
2994 1957 3071 2021 ὡς
3099 1956 3199 2020 τὰς
3220 1955 3445 2026 κέδρους
3475 1952 3570 2008 τοῦ
3609 1954 3710 2007 Δι-

2120 2053 2286 2107 ϐόινου
2308 2069 2321 2083 ο
2354 2051 2449 2105 ml
2469 2049 2769 2122 παρῆλθον,
2801 2049 2899 2103 καὶ
2932 2047 3041 2101 ἰδοὺ
3069 2048 3169 2101 οὐκ
3200 2041 3301 2117 ἦν’
3332 2044 3429 2098 ml
3456 2044 3706 2116 ἐζήτησα

2120 2144 2306 2209 αὐτὸν,
2335 2144 2431 2198 ml
2450 2143 2549 2214 οὐχ
2578 2142 2781 2215 εὑρέθη
2803 2145 2831 2197 ὁ
2857 2142 3022 2205 τόπος
3051 2138 3240 2193 αὐτοῦ.
3273 2157 3293 2190 ι

2194 2242 2284 2291 ια’.
2310 2236 2491 2290 Ταῦτα
2512 2235 2622 2307 γὰρ
2651 2235 2747 2291 ml
2766 2235 2838 2289 τὰ
2861 2233 3086 2288 τοιαῦτα
3108 2230 3265 2285 κοινὰ
3292 2229 3511 2283 πάντων
3532 2227 3708 2289 ἐστὶν,

2121 2328 2236 2382 ὅσοι
2266 2327 2387 2399 ιτῆς
2437 2327 2720 2391 εὐσεϐείας
2775 2323 3186 2397 διασκορπίζειν
3238 2319 3584 2392 ἐπιχειροῦσι
3642 2320 3710 2370 τὸ

2123 2422 2394 2492 ποίμνιον,
2425 2418 2616 2491 ὥσπερ
2663 2413 2757 2474 οὐν
2789 2418 2886 2472 ml
2938 2415 3048 2471 τῶν
3091 2401 3503 2487 προειρημένων
3551 2410 3712 2481 αἱρέ-

2125 2530 2265 2567 σεων
2291 2512 2353 2567 τὸ
2378 2513 2531 2575 τέλος
2564 2509 2858 2575 ἐπέδειξεν.
2897 2507 2964 2562 Τί
2995 2508 3104 2580 γὰρ
3129 2505 3340 2577 ὤνησεν
3363 2504 3461 2575 τῆς
3489 2504 3712 2575 Ἀρείου

2124 2603 2443 2667 δυσσεϐείας
2471 2605 2506 2675 ἡ
2540 2602 2753 2674 πλάνη;
2809 2599 2862 2654 τί
2901 2600 3013 2670 δὲή
3049 2598 3342 2668 Εὐνομίου,
3375 2595 3468 2650 ml
3501 2594 3615 2648 τῶν
3642 2594 3717 2648 τὸ

2126 2696 2353 2768 Πνεῦμα
2383 2696 2444 2751 τὸ
2485 2695 2639 2764 ἅγιον
2671 2691 3135 2765 βλασφημούντων
3155 2732 3171 2757 ,
3208 2689 3302 2743 ml
3328 2687 3422 2742 τοῦ
3452 2688 3714 2758 Σαμόσα-

2124 2790 2262 2855 τέως
2309 2788 2544 2852 Παύλου,
2575 2786 2670 2840 καὶ
2705 2783 2801 2838 τοῦ
2847 2781 3190 2852 καλουμένου
3238 2778 3618 2849 Ἀπολιναρίου
3670 2780 3707 2846 ἡ

2127 2879 2525 2953 παραφροσύνη
2549 2895 2562 2944 ;
2591 2877 2799 2940 Πάντες
2834 2874 2944 2945 γὰρ
2969 2868 3116 2928 οὗτοι
3147 2873 3244 2925 ml
3273 2873 3331 2925 ὲν
3359 2869 3440 2941 τῷ
3472 2869 3712 2941 παρόντι

2128 2972 2495 3028 ἐπονείδιστον
2516 2969 2669 3033 τέλος
2708 2967 3033 3038 ἐσχήκασιν,
3064 2965 3161 3020 ml
3189 2962 3296 3018 τῶν
3325 2963 3713 3035 ἐκκλησιαστι-

448 3057 745 3114 Ecclesiam
776 3055 1128 3127 projicientur
1153 3070 1169 3121 ;
1195 3052 1361 3109 deleti
1392 3062 1523 3108 sunt
1558 3053 1626 3107 de
1660 3052 1803 3107 libro
1833 3054 2020 3108 viven-

2129 3066 2241 3122 κῶν
2297 3062 2599 3135 περιϐόλων
2632 3057 2969 3129 ἐξώσθησαν,
3004 3058 3098 3111 καὶ
3140 3056 3240 3128 τῆς
3281 3056 3340 3109 ὲν
3370 3055 3616 3126 οὐρανοῖς
3650 3055 3714 3108 δὲ

450 3152 583 3205 tium
610 3148 678 3215 “,
722 3155 778 3203 et
815 3160 940 3201 cum
989 3144 1155 3212 justis’
1205 3159 1312 3200 non
1361 3144 1692 3199 scribentur.
1737 3141 1884 3198 Idem
1929 3144 2028 3200 hos

449 3255 667 3311 quoque
700 3244 883 3293 manet
928 3236 1092 3301 ﬁnis;
1141 3236 1248 3291 nisi
1304 3236 1445 3289 forte
1500 3235 1688 3289 statim
1734 3226 2027 3290 amentiam

450 3346 603 3387 suam
632 3334 991 3399 agnoscentes
1022 3364 1038 3391 ,
1093 3325 1223 3381 illuc
1279 3325 1426 3381 unde
1470 3324 1792 3380 exciderunt
1829 3325 2028 3380 reverti

454 3421 781 3493 sategerint,
825 3419 860 3473 ii
897 3418 1203 3490 praesertim
1242 3417 1335 3487 qui
1379 3431 1670 3488 pravarum
1710 3418 2028 3488 opinionum

453 3522 704 3567 auctores
734 3509 896 3580 primi
953 3509 1309 3565 exstiterunt.
1352 3508 1591 3565 Audient
1634 3512 1780 3565 enim
1832 3524 2029 3580 prope-

452 3603 668 3659 modum
707 3603 900 3656 horum
931 3599 1129 3671 singuli
1164 3599 1433 3656 dicentem
1469 3600 1573 3655 sibi
1618 3600 1973 3657 Servatorem
2004 3618 2018 3654 :

457 3714 477 3748 ι
521 3691 985 3762 Quemadmodum
1019 3690 1402 3747 vestimentum
1449 3706 1646 3747 cruore
1685 3692 2026 3762 inquinatum

453 3801 559 3842 non
591 3784 964 3852 mundabitur,
1016 3783 1097 3838 sic
1144 3795 1213 3836 ne
1260 3792 1314 3837 tu
1360 3781 1578 3853 quidem
1612 3785 1846 3840 mundus
1870 3785 2024 3854 eris;

449 3879 577 3952 quia
610 3877 883 3948 regionem
912 3890 1087 3931 meam
1111 3875 1358 3942 vastasti,
1384 3875 1640 3947 populum
1669 3892 1849 3933 meum
1888 3879 2031 3934 occi-

448 3968 598 4032 disti,
654 3981 760 4021 non
814 3963 1159 4033 permanebis
1208 3964 1262 4019 in
1313 3974 1583 4020 aeternum
1624 3968 1935 4039 tempus“.
2000 3987 2021 4023 ι

447 4058 556 4115 Nos
587 4072 715 4115 vero
753 4057 843 4127 qui
872 4056 1029 4112 ﬁdem
1061 4063 1304 4138 nostram
1352 4071 1519 4128 super
1562 4057 1825 4115 immobili
1871 4066 2024 4130 petra

447 4152 695 4208 stabilem
723 4149 1134 4213 ardiﬁcavimus,
1183 4147 1253 4203 ad
1285 4148 1444 4204 ﬁnem
1481 4165 1654 4219 usque
1699 4151 2029 4222 religiosita-

450 4251 556 4294 tcm
585 4254 769 4295 veram
798 4252 1184 4292 conservemus
1204 4276 1222 4304 ,
1258 4238 1565 4292 nullatenus
1602 4238 1671 4293 ab
1698 4240 2026 4296 adversariis

450 4330 681 4393 turbati,
733 4329 827 4384 sed
875 4342 1006 4398 erga
1067 4327 1355 4382 Dominum
1408 4329 1729 4385 charltatem
1758 4371 1773 4397 ,
1809 4331 2023 4390 invictae

2127 3158 2238 3212 τῶν
2286 3154 2646 3227 πρωτοτόκων
2682 3149 3007 3222 Ἐκκλησίας
3054 3147 3163 3213 ἔξω
3202 3147 3527 3219 ριφήσονται
3552 3162 3567 3176 ·
3613 3146 3710 3210 ἑξ-

2127 3248 2465 3321 ηλείφθησαν
2487 3246 2601 3317 γὰρ
2628 3244 2694 3297 ὲκ
2719 3242 2902 3315 βίϐλου
2926 3240 3166 3307 ζώντων,
3196 3241 3291 3293 ml
3322 3239 3461 3311 μετὰ
3484 3239 3712 3294 δικαίων

2126 3342 2227 3395 οὐκ
2247 3339 2711 3409 ὲγγραφήσονται.
2737 3335 2811 3388 Τὸ
2830 3333 2888 3387 δὲ
2916 3332 3047 3387 αὐτὸ
3071 3332 3165 3385 ml
3190 3331 3413 3395 τούτους
3433 3331 3679 3397 ἐκδέξετε
3694 3351 3713 3383 ι

2126 3430 2299 3495 τέλος,
2327 3430 2376 3481 εἱ
2409 3426 2483 3498 μὴ
2514 3426 2624 3498 ἄρα
2654 3425 2848 3478 θᾶττον
2875 3421 2978 3491 τῆς
3017 3420 3203 3482 ἀνοίας
3228 3419 3485 3483 λαϐόντες
3510 3418 3710 3488 αίσθη-

2129 3536 2236 3585 σιν,
2262 3517 2580 3573 ἐπανελθεῖν
2607 3514 2729 3570 ὅθεν
2757 3513 3023 3579 ἐξέπεσαν
3051 3511 3448 3576 σπουδάσωσιν,
3473 3509 3566 3564 ml
3596 3510 3712 3580 μά-

2126 3613 2285 3667 λιστα
2315 3612 2441 3672 τοὺς
2474 3608 2750 3680 ἀρχηγοὺς
2777 3605 2880 3676 τῆς
2898 3601 3317 3674 κακοφροσύνης
3340 3601 3669 3672 γενομένους
3692 3618 3707 3631 ο

2127 3702 2452 3758 ἀκούσονται
2473 3699 2583 3770 γὰρ
2617 3697 2902 3769 μονονουχὶ
2938 3694 3035 3749 ml
3064 3695 3270 3747 τούτων
3296 3693 3530 3756 ἕκαστος
3554 3690 3715 3760 παρὰ

2124 3795 2221 3850 τοῦ
2276 3795 2559 3865 Σωτῆρος·
2607 3809 2626 3843 ι
2653 3792 2749 3843 Ὃν
2779 3788 2984 3860 τρόπον
3035 3788 3249 3856 ἱμάτιον
3276 3787 3334 3840 ὲν
3365 3785 3561 3854 αἵματι
3607 3802 3713 3839 στε-

2127 3887 2404 3961 φυρμένον
2437 3886 2539 3940 οὐκ
2591 3882 2745 3937 ἔσται
2800 3879 3062 3951 καθαρὸν,
3110 3876 3285 3943 οὓτως
3319 3877 3441 3931 οὐδὲ
3489 3876 3554 3931 σὺ
3602 3875 3711 3947 ἔσῃ

2126 3980 2393 4051 καθαρόςο
2429 3976 2565 4031 διότι
2596 3976 2695 4048 τὴν
2723 3976 2827 4045 γῆν
2860 3989 2962 4044 μου
2994 3970 3303 4034 ἀπώλεσας,
3330 3970 3426 4023 ml
3454 3969 3546 4022 τὸν
3570 3968 3709 4022 λαόν

2130 4090 2233 4143 μου
2268 4071 2628 4133 ἀπέκτεινας
2672 4067 2736 4121 οὐ
2787 4065 2862 4138 μὴ
2898 4063 3086 4136 μείνῃς
3113 4064 3196 4125 είς
3236 4061 3329 4115 τὸν
3366 4058 3538 4114 αἰῶνα
3574 4060 3714 4131 χρόα

2127 4181 2240 4219 νον.
2271 4182 2290 4216 ι
2327 4164 2522 4234 Ἦμείς
2541 4162 2598 4215 δὲ
2646 4160 2697 4214 οί
2718 4159 2816 4229 τὴν
2834 4156 3045 4214 ἑαυτῶν
3073 4153 3362 4210 πίστινὲπὶ
3375 4152 3472 4224 τὴν
3486 4153 3710 4224 ἀρραγῆ

2128 4254 2337 4324 πέτραν
2383 4252 2844 4323 οἰκοδομήσαντες
2878 4249 3127 4322 βεϐαίαν,
3179 4247 3341 4319 μέχρι
3383 4246 3572 4310 τέλους
3601 4246 3710 4318 τὴν

2127 4343 2409 4398 εὐσέϐειαν
2436 4343 2891 4413 διαφυλάξωμεν,
2931 4340 3196 4414 μηδαμῶς
3237 4339 3344 4393 ὑπὸ
3390 4339 3502 4393 τῶν
3548 4340 3712 4392 ἐναν-

447 4430 741 4477 armaturae
769 4420 944 4474 instar
967 4419 1251 4483 habentes,
1282 4418 1338 4474 in
1386 4420 1506 4490 ipso
1561 4435 1778 4493 semper
1821 4424 2020 4497 glorie-

2127 4437 2257 4491 τίων
2291 4434 2700 4507 θορυϐούμενοι,
2725 4434 2861 4489 ἀλλὰ
2879 4434 2978 4506 τὴν
3007 4435 3087 4498 είς
3108 4433 3200 4487 τὸν
3234 4431 3448 4504 Κύριον·
3479 4431 3712 4500 ἀγάπην

449 4527 589 4578 mur,
606 4512 880 4580 propheta:
899 4511 1061 4563 verba
1086 4509 1467 4577 decantantes,
1490 4521 1545 4567 et
1572 4513 2015 4572 adversariorum

446 4604 836 4676 ignobilitatem
860 4600 1185 4656 irridentes:
1228 4620 1247 4653 ι
1278 4600 1567 4658 Nobiscum
1595 4603 1757 4662 Deus.
1786 4588 2040 4675 Scitote,

445 4696 651 4769 populi,
686 4704 743 4751 et
768 4692 1149 4763 deprimamini
1171 4712 1186 4762 ;
1211 4694 1306 4765 qui
1337 4695 1584 4753 valuistis
1604 4737 1620 4763 ,
1668 4708 1859 4769 postea
1887 4705 2020 4760 estis

445 4788 687 4859 depressi
717 4803 731 4840 :
765 4794 821 4840 et
854 4785 900 4839 si
939 4784 1136 4841 iterum
1168 4785 1652 4859 valueritis,:eque
1677 4791 1968 4849 vincemini
1998 4812 2013 4862 ;

446 4888 499 4933 et
530 4878 574 4932 si
599 4876 727 4946 quid
756 4873 1189 4930 deliberaveritis
1210 4914 1225 4940 ,
1257 4876 1551 4933 consilium
1581 4890 1823 4937 vestrum
1853 4883 2017 4941 dissi-

447 4970 593 5039 pabit
627 4966 917 5034 Dominus;
960 4974 1016 5019 et
1059 4980 1220 5035 quem
1252 4982 1558 5025 sermonem
1601 4972 2022 5044 loquemini,-is

445 5060 585 5129 apud
632 5073 730 5115 vos
771 5072 878 5114 non
920 5057 1259 5127 permanebit
1294 5077 1310 5127 ;
1367 5061 1494 5130 quia
1537 5064 1681 5121 Deus
1726 5068 2010 5125 nobiscum

444 5161 529 5206 est
556 5151 622 5206 ⁸⁸.
664 5171 683 5204 ι

516 5244 603 5298 ﬂ.
636 5244 743 5300 Sed
774 5259 923 5310 ecce,
962 5245 1016 5301 hi
1049 5245 1258 5313 dicunt,
1286 5247 1573 5319 Apostolus
1602 5262 1792 5321 aperte
1834 5255 2008 5321 ipsum

446 5333 717 5389 hominem
751 5335 1062 5390 conﬁtetur.
1111 5334 1362 5408 Namque
1393 5339 1458 5394 ad
1491 5339 1837 5398 Timotheum
1867 5346 2008 5400 scri-

442 5428 577 5481 bens
609 5425 688 5480 sic
716 5425 792 5480 ait
816 5440 830 5477 :
866 5442 885 5476 ι
926 5424 1096 5482 llomo
1123 5427 1376 5486 Christus
1401 5429 1560 5489 Iesus
1583 5433 1651 5493 “.
1692 5453 1714 5488 ο
1748 5435 1862 5493 Ηοο
1886 5438 2013 5493 dum

507 5607 551 5684 eo
587 5605 726 5659 psnl.
756 5606 966 5684 vr_t,_l"5.
1017 5607 1117 5684 __‘_‘
1142 5608 1262 5684 _lsa.
1289 5627 1422 5676 χιιι,
1470 5615 1554 5684 14,
1590 5618 1676 5675 15.

443 5679 486 5711 η
516 5677 613 5733 ha.
649 5691 763 5739 Vm,
790 5675 938 5731 310,
1015 5675 1058 5706 “
1091 5677 1107 5730 Ι
1142 5679 1279 5733 Tim.
1316 5699 1376 5749 ιι,

1791 5622 1835 5654 ’⁸³
1865 5619 2005 5678 Psal.
2042 5638 2226 5691 χχιιι,
2254 5625 2342 5693 55,
2379 5626 2466 5682 36.

2127 4526 2291 4580 ὅπλον
2347 4524 2605 4597 ἀνίκητον
2646 4524 2885 4597 ἔχοντες,
2943 4527 3002 4580 ἑν
3050 4522 3200 4594 αὐτῷ
3250 4519 3586 4593 καυχώμεθα
3616 4521 3712 4573 διὰ

2128 4618 2332 4682 παντὸς
2354 4659 2368 4685 ,
2411 4617 2662 4688 λέγοντες
2709 4618 2781 4673 τὰ
2833 4617 2928 4672 τοῦ
2962 4617 3242 4689 προφήτου
3298 4616 3555 4688 ῥήματα,
3609 4616 3711 4667 ml

2127 4710 2394 4781 γελῶντες
2455 4709 2565 4763 τῶν
2623 4710 2882 4763 ἐναντίων
2934 4708 3034 4780 τὴν
3118 4707 3432 4761 εὐτέλειανο
3488 4725 3509 4758 ι
3562 4704 3709 4760 Μεθ’

2126 4802 2285 4874 ἡμῶν
2308 4805 2338 4856 ὁ
2365 4802 2532 4865 Θεός⁸
2564 4800 2758 4871 γνῶτε,
2799 4800 2950 4871 ἔθνη,
2996 4798 3090 4853 ml
3122 4797 3380 4870 ἡττᾶσθε,
3423 4796 3710 4866 ίσχυκότες

2126 4895 2398 4966 ἡττᾶσθε·
2434 4892 2531 4948 ἐὰν
2552 4893 2671 4963 ’γὰρ
2715 4892 2876 4947 πάλιν
2918 4890 3206 4962 ἰσχύσητε,
3250 4888 3415 4944 πάλιν
3461 4886 3713 4959 ήττηθή-

2131 4986 2322 5040 σεσθεο
2378 4984 2473 5040 ml
2539 4984 2634 5038 ἐὰν
2670 4983 3059 5055 βουλεύσησθε,
3121 4980 3314 5052 βουλὴν
3356 4976 3708 5033 διασκεδάσει

2127 5078 2364 5149 Κύριος·
2391 5078 2485 5132 ml
2519 5078 2675 5147 λόγον
2708 5077 2767 5130 ὃν
2794 5078 2888 5131 ἐὰν
2918 5076 3214 5147 λαλήσητε,
3254 5074 3316 5127 οὐ
3359 5073 3436 5144 μὴ
3466 5071 3714 5142 ὲμμείνῃ

2128 5169 2187 5222 ὲν
2222 5170 2350 5242 ύμῖν
2371 5187 2385 5201 ·
2414 5170 2497 5222 ὅτι
2530 5169 2647 5240 μεθ’
2682 5169 2842 5239 ήμῶν
2868 5167 3073 5240 Κύριος
3098 5170 3126 5221 ὁ
3153 5165 3308 5229 Θεός.
3348 5182 3368 5216 ι

2204 5261 2288 5332 ιβ’.
2338 5261 2477 5315 Ἀλλ’
2503 5261 2633 5326 ἰδοὺ,
2668 5261 2856 5331 φασὶν,
2888 5263 2917 5315 ὁ
2955 5258 3275 5323 Ἀπόστολος
3320 5253 3574 5327 φανερῶς
3603 5252 3711 5307 αὐ-

2128 5351 2219 5406 τὸν
2246 5353 2529 5425 ἄνθρωπον
2560 5351 2935 5424 ὡμολόγησεν.
2963 5349 3213 5422 Τιμοθέῳ
3240 5348 3351 5420 γὰρ
3371 5344 3712 5400 ἐπιστέλλων

2127 5440 2269 5497 οὕτω
2294 5444 2477 5518 φησίν·
2521 5463 2541 5497 ι
2566 5443 2889 5515 Ἀνθρωπος
2929 5442 3165 5514 Χριστὸς
3208 5437 3440 5512 Ἰησοῦς.
3478 5455 3498 5490 ι
3530 5435 3716 5490 Τοῦτο

2575 5626 2622 5660 ⁸³
2646 5626 2793 5684 Psal.
2819 5641 3011 5695 vam,
3045 5624 3140 5682 29.
3248 5623 3296 5656 “
3323 5623 3427 5679 lsa.
3460 5634 3573 5681 m,
3612 5617 3714 5675 ιο.
