4002 6192
272 316 392 374 259
458 296 476 310 ‘
1406 309 1599 379 QUOD
1639 312 1699 369 B.
1739 310 1959 367 MABIA
2001 309 2110 367 sn~
2147 309 2467 367 DEIPARA.
3456 317 3564 375 s70

276 435 335 487 δὲ
385 429 670 500 λέγοντες,
702 426 811 480 τῶν
857 425 1267 497 ἁκεραιοτέρων
1297 425 1548 479 δοκοῦσιν
1593 427 1882 498 ταράττειν

1992 425 2157 492 aiunt,
2193 425 2591 496 simpliciorum
2624 428 2878 484 Videntur
2904 437 3143 485 mentem
3181 431 3426 486 turbare.
3458 432 3563 488 Sed

277 524 377 578 τὸν
422 522 551 576 νοῦν
572 537 586 552 ⁸
618 521 670 573 εί
717 518 826 590 γάρ
854 535 939 583 τις
973 518 1213 581 συνετῶς
1255 517 1335 589 τῷ
1383 518 1730 589 ἀποστολικῷ
1764 521 1887 572 ἐπι-

1992 518 2136 572 enim
2172 517 2216 572 si
2247 518 2370 588 quis
2403 517 2629 574 cordate
2670 520 3028 589 apostolicum
3078 522 3280 578 dictum
3316 526 3565 579 conside-

268 614 484 669 ’σάλλει
530 611 701 684 ῥητῷ,
777 613 843 665 ὲκ
892 610 1085 663 τούτου
1139 609 1376 680 μάλιστα
1430 609 1522 663 τοῦ
1573 609 1740 681 ῥητοῦ
1789 610 1887 681 τῆς

1992 618 2096 675 ret,
2130 610 2181 665 vi
2212 610 2374 680 hujus
2393 612 2632 667 maxime
2660 611 2812 677 dicti,
2850 613 3312 684 irreligiositatem
3346 616 3560 672 illorum

283 705 558 769 ἀσεϐείας
616 702 799 756 αὐτῶν
846 700 1312 772 καταψηφίσεται.
1376 700 1540 753 Ἀλλὰ
1594 701 1668 770 μὴ
1716 699 1888 764 οὕτως

288 794 818 869 ἀκρωτηριάζωμεν
866 788 1000 863 τῆν’
1018 792 1194 857 λέξιν,
1231 792 1347 845 ἀλλ’
1389 792 1569 860 ὀλίγον
1622 789 1735 844 τῶν
1786 790 1887 860 ἔμ-

289 887 540 961 προσθεν
559 882 1012 956 ἐπιμνησθέντες,
1040 882 1206 955 ὀρθὴν
1234 882 1334 952 τῆς
1361 880 1672 952 οἰκονομίας
1698 880 1886 935 ὲντεῦο

288 982 394 1034 θεν
423 979 526 1049 τὴν
553 975 845 1049 ὁμολογίαν
878 976 1072 1046 νοῆσαι
1103 973 1473 1046 δυνησόμεθα.
1506 974 1570 1027 Τί
1600 969 1693 1027 οὖν
1722 989 1888 1043 φησιν

290 1073 323 1123 ὁ
352 1069 627 1139 μακάριος
648 1064 860 1128 Παῦλος
881 1082 895 1132 ;
932 1083 951 1115 ι
977 1058 1072 1129 Εἷς
1092 1063 1246 1129 Θεὸς,
1271 1084 1290 1115 ι
1319 1064 1484 1135 φησὶν
1505 1064 1747 1135 περὶτοῦ
1776 1064 1888 1137 Πα-

295 1164 457 1235 τρόςο
488 1162 583 1216 καὶ
613 1161 720 1232 εἴη’
740 1160 871 1232 περὶ
894 1159 990 1212 τοῦ
1015 1158 1170 1212 Υξοῦ’
1194 1177 1217 1209 ι
1241 1153 1337 1223 Εἷς
1365 1160 1462 1212 καὶ
1487 1158 1730 1229 Μεσίτης
1750 1158 1886 1212 Θεοῦ

294 1255 398 1307 καὶ
423 1251 752 1323 ἀνθρώπιον.
780 1270 798 1302 ι
828 1249 891 1303 Ei
922 1249 1054 1320 γὰρ,
1084 1249 1271 1319 φησιν,
1304 1250 1399 1302 καὶ
1429 1250 1649 1317 γέγονεν
1679 1248 1889 1320 ἄνθρω-

293 1361 423 1407 πος,
454 1343 571 1397 ἀλλ’
599 1343 662 1396 οῦ
695 1340 786 1395 διὰ
831 1340 991 1395 τοῦτο
1028 1340 1124 1393 δύο
1157 1340 1322 1393 αὐτὸν
1376 1339 1706 1394 ὑποπτεύειν
1737 1340 1887 1411 ὀφεί-

293 1436 498 1507 λομενο
534 1433 728 1505 ὥσπερ
766 1432 877 1505 γὰρ
916 1431 1052 1495 Θεὸς
1105 1426 1174 1503 ἦν
1219 1433 1328 1504 πρὸ
1357 1432 1460 1502 τῆς
1506 1431 1809 1503 ἐπιδημίας
1856 1433 1886 1486 ό

295 1525 495 1593 Λόγος,
524 1522 670 1577 οὕτω
705 1522 803 1577 καὶ
834 1522 1123 1593 γενόμενος
1151 1521 1456 1594 ἄνθρωπος,
1486 1524 1582 1576 καὶ
1631 1522 1884 1593 μεσιτεύ-

298 1628 399 1675 σας
421 1611 517 1664 καὶ
542 1613 608 1681 τῇ
630 1609 923 1680 ἀνθρώπου
956 1609 1141 1680 φύσει,
1173 1605 1254 1671 εἷς
1277 1610 1598 1665 πάλινὲστίν
1616 1625 1630 1641 ·
1662 1610 1753 1665 διὰ
1778 1612 1886 1680 γὰρ

294 1701 456 1756 τοῦτο
478 1700 725 1773 Μεσίτην
750 1700 916 1755 αὐτὸν
940 1701 1129 1773 εἴρηκε
1162 1698 1299 1753 Θεοῦ
1334 1701 1428 1753 καὶ
1454 1698 1779 1772 ἀνθρώπων,
1808 1699 1884 1764 ὡς

1992 703 2294 759 damnabit.
2331 703 2587 759 Profecto
2629 704 2773 760 haud
2806 706 2921 760 haec
2952 707 3108 762 nobis
3150 707 3352 764 locutio
3398 709 3566 763 veluti

1992 793 2180 848 mutila
2213 793 2529 864 accipienda
2560 795 2641 850 sic
2665 805 2771 859 est,
2806 795 2901 850 sed
2929 795 3088 865 paulo
3118 804 3265 852 retro
3293 798 3565 852 dictorum

1991 886 2059 940 ab
2088 885 2352 956 Apostoio
2388 901 2689 952 memores,
2745 895 2950 943 rectam
2994 886 3121 941 inde
3168 882 3566 944 inearnatidnis

1988 975 2392 1032 confessionem
2421 976 2721 1046 intelligere
2752 975 2959 1030 licebit.
2998 974 3136 1041 Quid
3164 990 3292 1047 ergo
3335 975 3410 1029 ait
3440 977 3559 1030 bea-

1989 1076 2076 1120 tus
2109 1064 2351 1120 Paulus?
2388 1084 2406 1117 t
2432 1063 2589 1121 Unus
2618 1066 2782 1131 Deus,
2821 1085 2840 1118 ι
2875 1066 3055 1135 inquit
3085 1066 3150 1121 de
3190 1065 3392 1133 Patre;
3426 1074 3565 1120 esto.

1990 1154 2065 1211 De
2084 1154 2222 1209 Filio
2256 1173 2268 1207 :
2306 1173 2324 1206 ι
2354 1154 2504 1211 Unus
2529 1164 2582 1210 et
2615 1157 2885 1211 Mediator
2914 1155 3008 1210 Dei
3033 1165 3087 1211 et
3118 1154 3398 1210 hominum
3429 1155 3499 1210 "’.
3546 1176 3563 1207 ι

1992 1244 2108 1299 Etsi
2152 1244 2318 1308 enim,
2370 1244 2569 1309 inquit,
2621 1244 2799 1299 factus
2844 1252 2929 1300 est
2964 1244 3168 1310 homo,
3232 1261 3338 1300 non
3390 1253 3569 1300 tamen

1990 1335 2199 1391 idcirco
2241 1338 2379 1391 duos
2427 1336 2602 1407 ipsum
2661 1336 2931 1405 suspicari
3000 1337 3279 1394 debemus.
3327 1337 3573 1406 Namque

1989 1428 2067 1482 uti
2095 1436 2212 1483 erat
2248 1436 2374 1481 ante
2406 1442 2567 1482 suum
2600 1428 2889 1484 adventum
2925 1428 3163 1484 Verbum
3200 1429 3343 1486 Deus
3366 1470 3382 1496 ,
3410 1431 3489 1486 sic
3518 1441 3570 1485 et

1989 1521 2154 1576 homo
2184 1519 2380 1584 factus,
2406 1530 2462 1575 et
2493 1521 2744 1575 humanae
2772 1530 2980 1576 naturae
3006 1521 3397 1590 interveniens,
3430 1539 3571 1577 unus

1988 1616 2166 1670 adhuc
2191 1624 2299 1671 est.
2332 1615 2457 1671 Ideo
2489 1615 2844 1671 Mediatorcm
2882 1615 3061 1684 ipsum
3084 1616 3177 1670 Dei
3210 1624 3264 1671 et
3292 1618 3569 1673 hominum

1988 1708 2145 1773 dixit,
2200 1709 2324 1776 quia
2366 1724 2434 1763 ex
2486 1718 2717 1778 utraque
2768 1708 3073 1764 substantia
3120 1724 3256 1763 unus
3288 1718 3389 1764 est.
3429 1706 3563 1762 Nam

294 1794 358 1859 ἐξ
386 1793 717 1865 ἀμφοτέρων
744 1792 855 1847 τῶν
900 1791 1103 1845 οὐσιῶν
1148 1791 1244 1845 ἕνα
1277 1791 1437 1844 ὄνταο
1469 1792 1532 1844 τὸ
1581 1791 1690 1864 γάρ
1730 1808 1887 1846 τινων

1996 1800 2138 1868 quod
2168 1800 2311 1854 inter
2343 1798 2525 1867 aliqua
2575 1799 2821 1855 medians
2863 1809 2946 1855 est
2974 1839 2990 1865 ,
3040 1807 3326 1868 utramque
3362 1807 3568 1868 partem

300 1883 585 1953 μεσιτεῦον
638 1882 973 1954 ἀμφοτέρων
1020 1880 1202 1953 ἔχεται
1243 1881 1483 1945 πάντως.
1522 1883 1678 1936 Ἔστι
1705 1883 1884 1936 τοίνυν

295 1977 537 2048 Μεσίτης
559 1975 720 2039 Θεοῦ,
747 1975 837 2029 διὰ
864 1976 929 2028 τὸ
964 1975 1066 2044 τῆς
1094 1976 1265 2045 αὐτῆς
1294 1975 1481 2040 οὐσίας
1511 1977 1777 2047 ὑπάρχειν
1811 1976 1888 2047 τῷ

302 2067 511 2138 Πατρί·
544 2066 659 2121 ἐστι
689 2066 746 2120 δὲ
775 2066 943 2121 πάλιν
964 2067 1059 2120 καὶ
1084 2065 1391 2137 ἀνθρώπων
1412 2067 1677 2138 Μεσίτης,
1706 2068 1797 2122 διὰ
1827 2068 1888 2121 τὸ

305 2158 405 2209 v.1".
432 2161 531 2229 τῆς
576 2157 917 2227 ἀνθρωπείας
963 2158 1365 2228 μετεσχηκέναι
1408 2157 1625 2226 φύσεως
1666 2156 1887 2221 τελείως

314 2248 488 2319 χωρὶς
518 2247 781 2318 ἁμαρτίας
807 2250 903 2319 (1).
924 2249 1247 2321 ’Ἄνθρωπον
1265 2246 1358 2304 οῦν
1389 2249 1554 2304 αὐτὸν
1583 2250 1712 2304 ὅταν
1736 2249 1887 2319 λέγει

319 2338 565 2410 Χριστὸν
600 2338 818 2407 Ἰησοῦν,
864 2340 939 2412 μὴ
972 2340 1065 2394 διὰ
1111 2342 1269 2395 τοῦτο
1320 2340 1884 2406 σκανδαλιζέσθιοισαν,

308 2429 439 2487 ἀλλ’
489 2430 839 2484 ἐννοείτωσαν
868 2433 1018 2487 αὐτὸν
1061 2432 1159 2486 καὶ
1201 2433 1406 2505 Κύριον
1438 2433 1533 2487 καὶ
1585 2434 1717 2487 Θεὸν
1770 2435 1879 2487 ὀνο-

301 2520 633 2593 μαζόμενον
655 2519 799 2592 μετὰ
838 2521 927 2574 τοῦ
968 2523 1055 2575 καὶ
1076 2523 1315 2594 Χριστὸν
1354 2522 1519 2577 πάλιν
1568 2522 1748 2593 λέγειν
1790 2524 1886 2577 καὶ

310 2611 561 2681 Ἰησοῦν·
616 2611 966 2666 ἀκουέτωσαν
1019 2613 1125 2685 γὰρ
1191 2613 1356 2668 αὐτοῦ
1406 2614 1501 2681 τοῦ
1559 2616 1884 2669 Ἀποστόλου

291 2703 459 2757 τοῦτο
488 2704 750 2777 φανερῶς
776 2705 918 2758 οὕτω
944 2705 1307 2776 κηρύττοντος
1325 2722 1337 2735 ·
1375 2724 1394 2759 ι
1432 2707 1882 2779 Προσδεχόμενοι,

294 2800 449 2867 φησὶ,
473 2796 580 2865 τὴν
609 2797 893 2866 μακαρίαν
926 2796 1143 2861 ἐλπίδα,
1177 2799 1273 2850 καὶ
1303 2798 1628 2867 ἐπιφάνειαν
1660 2800 1759 2870 τῆς
1798 2801 1880 2855 δό-

295 2886 391 2958 ξης
411 2886 511 2940 τοῦ
537 2886 782 2957 μεγάλου
802 2886 938 2940 Θεοῦ
964 2887 1061 2941 καὶ
1090 2887 1340 2958 Σωτῆρος
1364 2889 1521 2959 ἡμῶν
1558 2888 1733 2960 Ἰησοῦ
1759 2890 1888 2962 xm.

298 2978 451 3044 στοῦ,
475 2978 538 3042 ὃς
577 2979 785 3035 ἔδωκεν
818 2979 1013 3036 ἑαυτὸν
1041 2977 1185 3051 ὑπὲρ
1221 2979 1399 3050 ἡμῶν.
1435 2999 1454 3032 ι

384 3076 458 3139 γ’.
515 3070 679 3141 Ὁρᾷς
706 3071 856 3133 ὅπως
880 3072 1000 3124 ἐκεῖ
1030 3070 1130 3140 μὲν
1167 3069 1454 3143 ἄνθρωπον
1498 3072 1733 3143 Χριστὸν
1776 3073 1883 3144 Ἰηο

299 3159 429 3216 σοῦν
458 3160 612 3229 λέγει
648 3159 739 3213 τὸν
772 3160 913 3232 ὑπὲρ
965 3160 1187 3215 πάντων
1236 3162 1430 3217 ἑαυτὸν
1474 3162 1765 3229 δεδωκότα,
1801 3166 1886 3218 ὲν-

297 3251 477 3307 ταῦθα
524 3251 583 3304 δὲ
637 3252 816 3322 μέγαν
866 3251 1002 3306 Θεὸν
1048 3252 1284 3324 Χριστὸν
1328 3253 1557 3324 Ἰησοῦν,
1600 3255 1693 3308 τὸν
1725 3256 1886 3310 δόντα

300 3346 465 3399 πάλιν
497 3345 695 3399 ἑαυτὸν
730 3345 875 3417 ὑπὲρ
913 3344 1104 3417 mstiti;
1144 3346 1319 3418 Διπλῆ
1348 3347 1458 3420 γὰρ
1490 3348 1724 3404 ἐνταῦθα
1767 3350 1886 3403 κατ’

298 3438 504 3503 αὐτῶν,
544 3438 750 3510 μᾶλλον
782 3439 924 3509 ὑπὲρ
956 3438 1158 3503 αὐτῶν,
1208 3440 1259 3492 εί
1309 3438 1544 3495 ἐθέλοιεν
1579 3442 1884 3511 μεταγινώ-

302 3548 475 3595 σκειν,
504 3530 733 3600 γέγονεν
762 3533 799 3602 ἡ
829 3530 1126 3598 ἀπόδειξις,
1158 3530 1250 3585 διὰ
1291 3532 1352 3584 τὸ
1401 3531 1583 3601 λέγειν
1631 3536 1724 3587 καὶ
1754 3534 1887 3588 Θεὸν

299 3623 394 3677 καὶ
423 3621 635 3694 Κύριον
677 3619 907 3692 Ἰησοῦν,
937 3619 996 3673 ὃν
1017 3622 1198 3674 ἐκεῖσε
1231 3621 1521 3692 ἄνθρωπον
1543 3622 1759 3694 εἴρηκε,
1789 3626 1887 3678 καὶ

297 3716 391 3770 διὰ
412 3714 511 3769 τοῦ
545 3717 605 3769 ὲν
652 3712 986 3786 ἀμφοτέροις
1023 3713 1218 3767 ἑαυτὸν
1252 3713 1394 3784 ὑπὲρ
1427 3713 1585 3785 ἡμῶν
1616 3714 1888 3769 δεδωκότα

302 3808 618 3879 σημαίνειν.
669 3826 688 3859 ι
728 3807 1051 3878 ’Ἄνθρωπος
1094 3806 1226 3877 γὰρ,
1276 3806 1464 3875 φησιν,
1505 3807 1743 3878 Χριστὸς
1784 3808 1888 3877 Ἰη-

302 3900 454 3967 σοῦς,
492 3903 523 3954 ὁ
548 3900 677 3963 δοὺς
704 3899 894 3952 ἑαυτὸν
926 3898 1069 3970 ὑπὲρ
1098 3897 1321 3952 πάντων
1348 3899 1689 3971 ἀντίλυτρον.
1730 3919 1749 3953 ι
1775 3900 1885 3954 Καὶ

301 3993 502 4047 πάλιν⁸
541 4011 561 4043 ι
598 3991 1026 4063 Προσδεχόμενοι
1061 3991 1162 4062 τὴν
1213 3990 1490 4062 μακαρίαν
1526 3990 1740 4056 ἐλπίδα,
1792 4008 1896 4048 κε’.

299 4086 401 4156 τὴν
448 4085 775 4154 ἐπιφάνειαν
804 4083 906 4153 τῆς
957 4082 1117 4154 δόξης
1148 4081 1244 4135 τοῦ
1317 4082 1555 4154 μεγάλου
1603 4083 1738 4137 Θεοῦ
1794 4087 1889 4139 καὶ

301 4177 565 4248 Σωτῆρος
593 4176 753 4248 ἡμῶν
810 4174 984 4246 Ἰησοῦ
1035 4174 1295 4247 Χριστοῦ,
1346 4175 1404 4239 ὃς
1449 4174 1651 4231 ἔδωκεν
1696 4176 1888 4230 ἑαυτὸν

299 4271 446 4342 ὑπὲρ
476 4270 661 4341 ήμῶν,
686 4269 775 4323 ἵνα
809 4268 1158 4340 λυτρώσηται
1188 4268 1335 4340 ἡμᾶς
1364 4266 1474 4321 ἀπὸ
1505 4267 1687 4339 πάσης
1708 4269 1888 4339 ἁμαρ-

299 4363 445 4427 τίας,
479 4363 578 4416 καὶ
622 4361 896 4435 καθαρίσῃ
929 4361 1106 4431 ἑαυτῷ
1147 4360 1277 4415 λαὸν
1306 4358 1619 4430 περιούσιον
1658 4360 1758 4433 (2),
1791 4362 1887 4432 ςη.

1991 1890 2299 1959 participat.
2337 1888 2530 1963 1M9
2560 1888 2657 1945 Est
2684 1904 2815 1960 ergo
2858 1889 2953 1945 Dei
2983 1890 3268 1953 Mediator,
3305 1898 3572 1958 quatenus

1990 1981 2235 2051 ejusdem
2265 1994 2326 2034 ac
2365 1980 2524 2035 Pater
2553 1980 2881 2037 substantia:
2917 1992 2999 2037 est
3036 1998 3049 2035 :
3100 1990 3186 2037 est
3237 1979 3367 2034 item
3399 1979 3570 2034 homi-

1991 2088 2117 2127 num
2175 2088 2392 2143 quoque
2418 2074 2691 2128 Mediator
2716 2113 2732 2137 ,
2773 2084 3040 2143 quatenus
3065 2076 3356 2129 humanam
3406 2071 3570 2128 etiam

1989 2174 2237 2233 naturam
2266 2166 2509 2235 perfecte
2558 2165 2852 2236 participat
2895 2167 3105 2235 absque
3136 2171 3385 2236 peccato.
3434 2162 3568 2218 Cum

1988 2268 2120 2323 ergo
2169 2255 2466 2327 Apostolus
2516 2257 2793 2313 hominem
2844 2258 2976 2314 dicit
3030 2258 3308 2314 Christum
3345 2254 3569 2315 Jesum.

1990 2358 2223 2403 caveant
2276 2363 2346 2403 ne
2402 2358 2690 2418 propterea
2746 2350 3063 2405 scandalum
3110 2349 3428 2418 patiantur,
3476 2347 3568 2400 sed

1994 2446 2249 2506 reputent
2278 2439 2568 2507 ipsummet
2601 2447 2656 2493 et
2697 2439 2864 2493 Deum
2890 2448 2944 2493 et
2974 2438 3256 2492 Dominum
3286 2437 3565 2508 appellari.

1989 2528 2263 2598 simulque
2302 2529 2468 2585 etiam
2496 2529 2776 2584 Christum
2803 2528 3102 2597 Jesumque
3154 2530 3283 2585 dici.
3335 2530 3570 2585 Αιιιιίιιιιι

1987 2620 2132 2675 enim
2156 2618 2406 2675 eumdem
2439 2618 2759 2688 Apostolum
2790 2619 2897 2674 hoc
2920 2630 3113 2691 aperte
3138 2621 3524 2690 praedicantem
3555 2638 3567 2671 :

1994 2731 2012 2762 ‹
2052 2709 2674 2781 Exspectantes,inquit,
2709 2709 2924 2765 beatam
2950 2724 3125 2779 spem,
3174 2717 3228 2764 et
3255 2708 3574 2764 manifesta-

1988 2804 2190 2858 tionem
2217 2802 2406 2874 gloriae
2436 2803 2617 2872 magni
2664 2802 2760 2857 Dei
2798 2811 2854 2857 et
2878 2800 3188 2858 Servatoris
3229 2803 3403 2857 nostri
3446 2802 3571 2858 Jesu

1988 2892 2216 2957 Christi,
2251 2892 2346 2963 qui
2377 2892 2527 2949 dedit
2554 2893 2914 2964 semetipsum
2942 2909 3039 2964 pro
3071 2894 3228 2949 nobis
3269 2894 3336 2946 ⁸⁸.
3373 2913 3391 2945 ι

2064 3069 2152 3124 15.
2201 3068 2388 3125 Viden’
2421 3069 2695 3138 quomodo
2729 3069 2840 3126 illic
2869 3071 3085 3142 quidem
3117 3073 3388 3128 heminem
3415 3073 3573 3128 Chri-

1989 3171 2135 3218 stum
2157 3158 2344 3219 Jesum
2375 3162 2507 3217 dicit
2539 3176 2660 3216 eum
2692 3162 2785 3233 qui
2804 3176 2901 3233 pro
2924 3164 3179 3220 omnibus
3206 3166 3441 3235 seipsum
3464 3175 3575 3220 tra-

1987 3254 2155 3320 didit,
2187 3253 2277 3308 hic
2318 3265 2501 3308 autem
2542 3266 2802 3323 magnum
2839 3253 3008 3310 Deum
3052 3255 3325 3311 Christum
3361 3255 3570 3321 Jesum,

1986 3347 2080 3417 qui
2119 3346 2355 3415 seipsum
2388 3345 2519 3400 item
2555 3361 2654 3416 pro
2704 3346 2861 3401 nobis
2906 3346 3158 3402 dedidit?
3194 3347 3398 3417 Duplex
3427 3351 3570 3404 enim

1988 3438 2118 3495 hinc
2165 3445 2354 3493 contra
2409 3437 2576 3507 ipsos,
2619 3437 2730 3494 imo
2778 3439 2957 3508 potius
3005 3454 3103 3509 pro
3145 3439 3302 3509 ipsis,
3349 3440 3395 3495 si
3441 3441 3575 3494 resi-

1989 3530 2207 3600 piscere
2231 3528 2422 3593 velint,
2454 3528 2514 3583 fit
2553 3530 2972 3599 demonstratio,
3001 3531 3128 3586 dum
3162 3531 3293 3587 dicit
3325 3540 3379 3586 et
3408 3533 3571 3587 Deum

1990 3630 2042 3675 et
2071 3620 2360 3676 Dominum
2388 3619 2599 3686 Iesum,
2644 3635 2807 3691 quem
2853 3621 2964 3676 illic
2998 3622 3273 3678 hominem
3323 3621 3571 3686 dixerat,

1990 3712 2227 3784 dumque
2256 3712 2519 3768 ambobus
2549 3713 2601 3767 in
2634 3714 2770 3769 locis
2814 3712 2992 3784 ipsum
3028 3730 3126 3785 pro
3175 3714 3335 3770 nobis
3381 3725 3575 3785 sponte

1989 3818 2050 3858 se
2084 3806 2375 3860 tradidisse
2404 3805 2696 3875 signiﬁcat.
2732 3824 2751 3856 ι
2780 3803 2955 3861 llomo
2979 3808 3148 3872 enim,
3183 3806 3383 3875 inquit,
3414 3808 3574 3862 Chri-

1990 3906 2107 3949 stus
2137 3893 2315 3961 Jesus,
2348 3896 2443 3965 qui
2473 3897 2621 3951 dedit
2653 3897 2893 3966 seipsum
2928 3912 3028 3967 pro
3076 3900 3330 3953 omnibus
3362 3902 3573 3953 redem-

1988 3989 2229 4058 ptionem
2263 3989 2328 4042 “.
2368 4006 2387 4039 ι
2424 3987 2746 4058 Rursusque
2790 4004 2803 4041 :
2843 4007 2861 4039 ι
2923 3988 3313 4057 Exspectantes
3355 3990 3569 4044 beatam

1990 4095 2166 4150 spem,
2188 4090 2246 4135 et
2276 4079 2771 4135 manifestationem
2798 4079 2987 4150 gloria:
3017 4079 3198 4149 magni
3225 4078 3321 4134 Dei
3362 4088 3417 4135 et
3446 4079 3571 4135 Ser-

1989 4173 2198 4228 vatoris
2244 4172 2416 4228 nostri
2453 4170 2581 4228 Jesu
2625 4171 2863 4236 Christi,
2901 4171 2994 4242 qui
3023 4172 3172 4227 dedit
3215 4172 3570 4243 semetipsum

1989 4281 2088 4336 pro
2109 4264 2283 4330 nobis,
2320 4273 2379 4319 ut
2435 4266 2584 4320 omni
2619 4278 2720 4320 nos
2752 4274 2975 4334 peccato
3023 4264 3355 4332 redimeret,
3409 4282 3571 4320 muu.

1992 4360 2251 4427 daretque
2291 4356 2394 4413 sibi
2448 4356 2704 4426 populum
2762 4355 3137 4424 peculiarem,
3196 4356 3564 4412 atmulatorem

299 4454 482 4526 λωτὴν
510 4453 695 4508 καλῶν
730 4453 928 4525 ἔργων.
968 4472 986 4504 ι
1019 4453 1078 4506 Εἰ
1101 4452 1157 4506 δὲ
1184 4452 1472 4524 ἄνθρωπος
1509 4455 1627 4507 κατ’
1648 4454 1887 4518 ἐκείνους

1993 4449 2259 4504 bonorum
2295 4449 2608 4519 operum".
2644 4467 2663 4501 ι
2687 4448 2840 4515 Quod
2864 4450 2909 4504 si
2938 4450 3156 4504 nonnisi
3197 4449 3358 4505 homo
3397 4459 3479 4505 est
3518 4452 3570 4503 iu

305 4548 469 4617 μόνον
500 4544 740 4615 Χριστὸς
802 4542 1029 4615 Ἰησοῦς,
1061 4544 1088 4595 ὁ
1128 4542 1252 4605 δοὺς
1284 4542 1477 4597 ἑαυτὸν
1520 4542 1660 4615 ὑπὲρ
1706 4543 1885 4614 ἡμῶν,

302 4640 401 4693 καὶ
429 4636 931 4709 περιποιησάμενος
966 4635 1114 4704 ἡμᾶς
1152 4632 1331 4704 ἑαυτῴ
1372 4633 1501 4687 λαὸν
1550 4634 1885 4706 περιούσιον,

304 4724 583 4796 ἀνθρώπῳ
629 4724 738 4795 ἄρα
779 4721 1117 4794 λατρεύομεν
1149 4722 1549 4794 παραπλησίως
1592 4726 1706 4788 τοῖς
1738 4723 1911 4777 ἔθνε-“

304 4834 415 4883 σιν,
447 4817 540 4870 καὶ
559 4820 624 4888 τῇ
654 4817 829 4870 κτίσει
859 4815 1045 4869 λοιπὸν
1074 4814 1173 4885 τὴν
1205 4818 1540 4887 Δεσποτικὴν
1571 4816 1889 4871 αὐθεντείαν

303 4909 690 4976 ἀποδιδόαμεν.
741 4907 882 4961 Ἀλλ’
938 4908 1038 4962 οὐκ
1083 4908 1230 4962 ἔστιν
1274 4906 1478 4973 οὕτως,
1533 4907 1607 4979 μὴ
1656 4907 1886 4975 γένοιτο,

304 4998 448 5051 ἀλλὰ
504 4997 733 5069 [Κύριον
776 4997 871 5051 καὶ
926 4996 1058 5051 Θεὸν
1105 4994 1547 5066 ὲπιγινώσκομεν
1613 4995 1703 5048 τὸν
1753 4995 1888 5067 Χρι-

306 5087 470 5141 στόνο
513 5087 705 5157 γέγονε
757 5085 856 5158 μὲν
910 5084 1019 5155 γὰρ
1060 5084 1345 5155 ἄνθρωπος
1405 5084 1472 5137 δι’
1523 5084 1671 5154 ἡμᾶς
1715 5085 1744 5136 ό
1787 5081 1883 5134 τοῦ

1995 4554 2180 4594 eorum
2205 4540 2474 4596 sententia
2505 4538 2965 4605 ChrismsJesus,‘
2993 4541 3087 4610 qui
3117 4541 3340 4596 tradidit
3360 4553 3566 4596 semct-

1996 4631 2168 4701 ipsum
2196 4647 2293 4703 pro
2322 4633 2597 4696 omnibus,
2636 4632 2850 4702 sibique
2879 4646 2979 4688 nos
3010 4632 3140 4686 fecit
3172 4631 3430 4702 populum
3472 4648 3568 4700 pe-

1997 4721 2278 4790 culiarem,
2331 4722 2542 4777 homini
2570 4723 2777 4795 utique,
2824 4737 2930 4777 non
2963 4738 3123 4778 secus
3147 4733 3311 4792 atque
3340 4723 3567 4783 ethnici,

2000 4812 2203 4867 cultum
2246 4813 2588 4881 exhibemus,
2624 4824 2679 4868 et
2729 4822 2993 4868 creatura:
3039 4812 3295 4880 deinceps
3321 4810 3565 4865 Domini-

2001 4917 2121 4957 cam
2153 4903 2474 4975 dignitatem
2522 4904 2894 4959 attrihuimus.
2932 4902 3319 4958 Verumtamen
3358 4918 3464 4957 non
3500 4903 3573 4956 ita

1997 5009 2056 5050 se
2082 5009 2167 5050 res
2199 4995 2383 5060 habet,
2414 4995 2589 5051 absit!
2639 4996 2735 5051 sed
2772 4994 3086 5067 [Dominum
3110 5011 3174 5051 ac
3204 4996 3370 5050 Deum
3402 4984 3572 5065 agno-

1995 5083 2197 5140 scimus
2227 5083 2526 5139 Christum.
2563 5083 2814 5139 Profecto
2852 5084 3052 5139 factum
3105 5092 3187 5139 est
3213 5093 3438 5155 propter
3474 5101 3575 5141 nos

386 5262 628 5319 "ITim.
666 5279 727 5328 ιι,
761 5263 815 5317 5.
894 5260 937 5293 ⁸⁸
966 5258 1073 5315 Tit.
1111 5275 1172 5323 ιι,
1207 5259 1290 5312 15.
1369 5260 1412 5291 θ’
1448 5257 1465 5309 1
1499 5257 1641 5312 Tim.
1679 5272 1738 5322 ιι,
1766 5256 1818 5310 5.

1992 5256 2292 5325 Γίι.11,15,
2336 5260 2423 5313 14.

383 5448 460 5518 (t)
499 5443 973 5518 llem__pul_chram
1001 5451 1057 5497 et
1098 5441 1454 5514 theologicam
1501 5437 1746 5513 vocabuli
1776 5455 1886 5494 me-

301 5514 491 5572 diator
521 5515 935 5585 explicationem
961 5514 974 5566 ι

382 5566 473 5661 ὅ).
500 5566 1183 5661 [ἱξξίούσιονρεςιιιὶαηιιι
1230 5583 1558 5661 interpretor
1598 5594 1721 5637 cum
1759 5566 1915 5661 μηθ’

308 5649 670 5727 Ιίἱὲιιὸιιγιίιο,
710 5649 875 5724 cujus
911 5653 1332 5727 disputationem
1354 5649 1442 5727 fde
1472 5651 1574 5727 hoc
1622 5649 1886 5727 vocabulo

312 5733 477 5790 refert
501 5720 569 5785 ex
613 5720 789 5799 ipsius
822 5720 1229 5783 commentariis
1277 5722 1611 5780 Sabaterius.
1642 5720 1885 5776 Caetero-

1995 5442 2087 5510 qui
2111 5442 2469 5513 abundantem
2510 5441 2938 5513 interpretantur
2961 5440 3301 5513 etymologiae
3343 5443 3449 5498 vim
3482 5459 3571 5499 se-

1995 5456 2087 5510 qm
2111 5456 2469 5496 abundantem
2510 5456 2938 5510 interpretantur
2961 5456 3301 5565 etxmomgtaa
3343 5459 3449 5498 tum
3482 5459 3571 5499 se-

1994 5522 2223 5580 quentes
2264 5512 2503 5575 Lucifer,
2536 5512 2889 5581 Augustinus,
2923 5521 2976 5566 et
3056 5514 3406 5568 mbrosiaster
3452 5515 3573 5567 loco

1994 5583 2271 5650 praedicto.
2299 5581 2508 5650 Vulgati
2543 5581 2704 5636 lectio
2749 5583 3119 5651 acceptabilem
3167 5584 3257 5637 xix
3291 5583 3513 5638 dissidet
3538 5600 3569 5638 a

1995 5652 2309 5724 Symmachi
2339 5666 2521 5722 sensu,
2557 5667 2721 5724 quem
2749 5652 2892 5707 idem
2919 5652 3279 5724 Hieronymus
3311 5652 3501 5708 refert.
