4002 6192
431 336 533 388 κη

1465 335 1521 390 s.
1562 311 1833 391 cYntLu
1872 335 2339 392 ALEXANDRINI
2380 335 2698 395 ARCHIEP.

3626 354 3756 409 27?.

435 453 597 506 homo
624 449 714 501 Dei
751 445 1011 514 Verbum,
1044 446 1293 503 humana:
1328 458 1533 505 natura:
1569 455 2005 519 communicans,

2125 454 2246 507 Βεοῦ
2297 454 2466 521 Λόγος
2492 494 2505 517 ,
2561 455 2844 526 μετασχὼν,
2886 458 2984 526 τῆς
3039 460 3409 531 ἀνθρωπείας
3476 463 3758 532 φύσεως,

438 549 732 608 natumque
778 546 883 603 est,
914 537 984 592 ob
1020 554 1176 593 suam
1220 538 1547 596 ineli‘abilem
1595 556 1722 613 erga
1761 544 2010 599 homines

435 630 785 695 cbaritatem,
815 643 935 683 cum
961 643 1025 683 ea
1053 636 1248 684 natura
1272 644 1337 685 ex
1377 642 1563 687 sancta
1610 643 1666 688 et
1700 634 2008 704 nuptiarum

433 732 659 789 experte
688 718 946 791 Virgine:
976 720 1069 776 sed
1104 728 1283 776 tamen
1317 721 1397 778 sic
1424 723 1590 779 etiam
1632 724 1771 780 Deus
1817 737 2007 795 suapte

435 820 630 868 natura
661 821 801 879 erat,
834 818 890 866 et
932 809 1032 867 Dei
1074 813 1261 869 Filius.
1318 813 1466 870 lianc
1496 815 1661 886 igitur
1695 818 1764 873 ob
1790 833 2008 874 causam

433 917 490 962 et
520 908 683 962 homo
733 916 981 970 vocatur,
1040 912 1094 960 et
1138 905 1301 960 simul
1363 918 1595 962 vocatur
1654 909 1836 977 Deus,
1887 925 2008 964 cum

436 999 505 1054 sit
537 1012 681 1053 unus
734 997 986 1067 idemque
1022 996 1122 1052 sub
1174 1005 1406 1067 utraque
1449 998 1807 1068 appellatione
1853 1001 2009 1056 Chri-

435 1088 601 1161 stus.]

508 1180 594 1234 ll.
631 1179 784 1246 Quod
820 1181 962 1235 enim
987 1179 1129 1235 haud
1153 1179 1450 1244 hominem,
1470 1190 1525 1235 ut
1558 1180 1645 1235 isti
1676 1180 2007 1247 fabulantur,

433 1269 634 1325 Paulus
659 1271 938 1327 Christum
970 1271 1372 1341 prmdicaverit,
1404 1272 1528 1326 audi
1570 1271 1625 1326 in
1656 1272 1892 1341 Epistola
1943 1272 2010 1328 ad

433 1359 744 1415 Corinthios
773 1359 1041 1414 dicentem
1071 1376 1083 1413 :
1118 1378 1135 1411 ι
1160 1358 1274 1414 Νοη
1295 1361 1437 1413 enim
1476 1360 1837 1430 nosmetipsos
1874 1377 2011 1431 pra:—

435 1453 701 1515 dicamus,
731 1453 825 1505 sed
848 1451 1035 1505 Jesum
1062 1451 1341 1506 Christum
1365 1451 1673 1515 Dominum,
1703 1467 1802 1506 nos
1826 1462 2009 1508 autem

435 1560 621 1602 servos
650 1554 862 1600 vestros
891 1554 1108 1614 prapter
1132 1543 1314 1600 Jesum
1342 1545 1409 1596 τί.
1440 1563 1457 1595 ι
1485 1542 1677 1598 Viden’
1700 1546 2012 1615 apostolicae

435 1634 723 1690 sententia:
744 1633 1022 1688 deﬁnitam
1056 1632 1371 1687 notionem?
1392 1630 1575 1688 Jesum
1596 1632 1897 1700 Christum,
1912 1633 2008 1699 ait,

438 1727 724 1782 Dominum
750 1768 764 1793 ,
804 1733 1018 1779 nosmet
1050 1734 1231 1780 autem
1269 1737 1458 1780 servos
1496 1723 1877 1793 praedicamus.
1927 1723 2008 1776 Ad

2116 546 2210 598 καὶ
2277 545 2598 615 γεγέννηται
2663 546 2751 600 διὰ
2805 548 3243 620 φιλανθρωπίαν,
3286 554 3521 624 ἄφατον
3594 562 3763 626 μετὰ

2112 634 2317 705 ταύτης
2354 637 2418 687 ὲκ
2460 635 2561 705 τῆς
2591 637 2748 704 ἁγίας
2789 640 2883 691 καὶ
2929 641 3322 712 άπειρογάμου
3380 647 3711 716 Παρθένου
3735 668 3754 683 ο

2110 725 2228 779 ἀλλ’
2273 721 2342 797 ἦν
2384 728 2478 780 καὶ¹
2518 724 2659 780 οὕτω
2700 729 2841 782 κατὰ
2886 729 3049 798 φύσιν
3090 732 3228 797 Θεὸς
3268 735 3371 788 καὶ
3426 738 3538 791 τοῦ
3598 741 3760 796 Θεοῦ

2111 816 2271 879 Υἱόςο
2300 796 2409 870 διὰ
2457 815 2660 887 ταύτην
2703 796 3015 891 τοιγαροῦν.
3040 822 3142 892 τὴν
3202 796 3397 878 αἰτίαν
3462 830 3761 887 καλεῖται

2111 909 2203 961 καὶ
2237 906 2541 977 ἄνθρωπος,
2567 909 2809 962 καλεῖται
2835 910 2893 963 δὲ
2921 911 3015 964 καί⁵
3047 912 3203 978 Θεὸς,
3236 909 3323 979 εἷς
3354 919 3460 970 καὶ
3499 922 3533 973 ὁ
3566 925 3761 989 αὐτὸς

2112 1000 2369 1070 ὑπάρχων
2398 1001 2455 1053 ὲν
2490 1001 2723 1072 ἑκατέρᾳ
2756 1003 3102 1075 προσηγορίᾳ
3135 1007 3565 1085 Χριστός(ι).]

2187 1172 2267 1226 ιδ’.
2309 1172 2430 1225 Ὀτι
2461 1173 2568 1242 γὰρ
2596 1172 2695 1225 οὑκ
2723 1172 3031 1244 ἄνθρωπον,
3063 1175 3141 1239 ὡς
3172 1171 3328 1232 οὗτοι
3372 1183 3755 1256 μυθολογοῦ-

2114 1278 2218 1323 σιν,
2253 1264 2282 1314 ὁ
2317 1261 2528 1325 Παῦλος
2558 1264 2823 1333 ἐκήρυττε
2868 1265 2960 1318 τὸν
3000 1267 3261 1336 Χριστὸν,
3297 1271 3478 1326 ἄκουε
3520 1277 3751 1350 Κοριν-

2113 1353 2248 1416 θὶοις
2281 1353 2683 1418 ἐπιστέλλοντος
2716 1355 2881 1408 αὑτοῦ
2930 1358 3026 1409 καὶ
3074 1358 3369 1427 λέγοντος·
3411 1384 3432 1417 ‹
3493 1370 3581 1421 Οὑ
3632 1373 3753 1446 γάρ

2113 1442 2341 1504 ἑαυτοὺς
2368 1441 2739 1512 κηρύσσομεν,
2788 1443 2924 1498 ἀλλὰ
2964 1446 3175 1517 Ἰησοῦν
3202 1451 3453 1522 Χριστὸν
3487 1441 3748 1531 Κύριον,

2111 1533 2336 1625 ἑαυτοὺς
2363 1532 2420 1585 δὲ
2467 1530 2687 1625 δούλους
2725 1534 2880 1604 ὑμῶν
2923 1535 3013 1589 διὰ
3057 1537 3295 1607 Ἰησοῦν.
3337 1561 3358 1594 ι
3413 1530 3605 1620 Ὁρᾷς
3642 1554 3752 1625 τῆς

2112 1622 2480 1692 ἀποστολικῆς
2520 1623 2743 1694 γνώμης
2804 1625 2898 1679 τὸν
2950 1627 3114 1698 ὃρον;
3181 1630 3400 1701 Ἰησοῦν
3454 1622 3750 1713 Χριστὸν,

2113 1716 2300 1785 φησὶν,
2338 1714 2571 1786 Κύριονζ
2602 1717 2854 1806 ’ἑαυτοὺς
2920 1718 2978 1771 δὲ
3029 1718 3254 1786 δούλους
3321 1729 3743 1806 κηρύσσομεν,

436 1819 710 1872 Romanos
741 1816 869 1870 item
905 1814 1146 1870 scribens
1168 1815 1245 1869 ait
1271 1829 1283 1863 :
1320 1832 1341 1866 ι
1376 1814 1458 1869 Ex
1481 1815 1678 1884 quibus
1708 1814 2003 1870 secundum

2125 1784 2436 1895 Ῥωμαίοις⁷
2459 1806 2516 1859 δὲ
2566 1804 2727 1860 πάλιν
2756 1809 3090 1864 ἐπιστέλλων
3123 1784 3269 1867 οὕτω
3304 1784 3519 1889 911ng.
3568 1784 3751 1895 «Γίέέ

436 1921 656 1962 carnem
676 1904 958 1969 Christus,
985 1904 1078 1974 qui
1118 1912 1207 1958 est
1230 1918 1395 1974 super
1429 1903 1611 1958 omnia
1665 1904 1805 1958 Deus
1842 1902 2007 1958 bene-

414 1999 614 2051 'dictus
640 1996 698 2049 in
726 1993 945 2050 stecula.
981 1992 1153 2047 Amen
1176 1993 1246 2046 ".
1287 2011 1307 2045 ι
1353 1992 1507 2059 Quod
1541 1991 1587 2047 si
1616 1992 1694 2045 uti
1733 1991 2006 2046 heminem

435 2087 714 2144 Christum
738 2085 1119 2155 reputavisset,
1144 2084 1440 2139 dicendum
1475 2085 1544 2138 ab
1567 2099 1633 2139 eo
1664 2083 1843 2138 fuerat
1884 2101 1901 2113 -
1928 2082 2007 2137 Ex

439 2183 636 2251 quibus
686 2179 983 2235 secundum
1013 2192 1234 2233 carnem
1277 2176 1553 2240 Christus,
1602 2177 1654 2229 in
1697 2191 1803 2244 quo
1850 2189 2014 2245 super

438 2274 622 2330 omnia
670 2273 833 2327 Deus.
869 2270 1022 2326 Nunc
1058 2285 1186 2325 vero
1216 2284 1323 2324 non
1372 2269 1446 2323 ita
1492 2268 1653 2333 dixit,
1711 2269 1806 2323 sed
1846 2269 2010 2324 Deum

440 2378 603 2432 super
622 2358 1096 2417 omniaCbristum
1126 2373 1318 2428 magna
1351 2372 1484 2412 voce
1509 2357 1828 2412 declaravit.
1854 2355 2015 2429 [Illud

441 2454 666 2524 insuper
703 2451 1136 2513 consideremus,
1172 2449 1317 2518 quod
1357 2447 1462 2502 nisi
1497 2448 1664 2502 Deum
1693 2463 1801 2501 una
1828 2456 1884 2501 et
1910 2448 2009 2502 ho-

442 2547 642 2601 minem
683 2549 990 2613 reputasset
1040 2539 1321 2595 Christum
1377 2539 1532 2594 divus
1579 2538 1875 2607 Apostolus
1910 2554 2015 2594 non

441 2639 671 2695 dixisset
695 2655 715 2688 ι
749 2635 1046 2691 secundum
1076 2648 1317 2688 carnem.
1354 2649 1375 2682 ι
1406 2631 1519 2686 Hoc
1544 2632 1688 2686 enim
1727 2631 2019 2687 manifeste

443 2733 511 2786 de
532 2745 598 2786 eo
629 2729 720 2799 qui
749 2742 857 2781 non
880 2724 1055 2780 solum
1082 2733 1167 2778 est
1190 2723 1378 2787 homo,
1411 2724 1507 2777 sed
1533 2722 1599 2776 de
1623 2735 1688 2776 eo
1714 2722 1804 2790 qui
1836 2730 1891 2776 et
1915 2722 2018 2777 alia

443 2820 678 2890 quadam
702 2814 1023 2870 substantia:
1058 2812 1270 2866 ratione
1297 2811 1567 2876 subsistit,
1598 2812 1830 2878 dicitur,
1862 2813 2020 2868 sicuti

445 2924 638 2979 reapse
667 2905 915 2961 addidit:
939 2921 958 2956 ι
996 2903 1088 2973 qui
1118 2911 1201 2958 est
1226 2890 1389 2971 super
1410 2903 1589 2957 omnia
1609 2901 1804 2958 Deus.»
1837 2902 2024 2973 Dupli-

445 3015 564 3056 cem
589 2997 801 3052 scilicet
835 2994 939 3049 hoc
966 2994 1086 3049 loco
1133 2992 1216 3046 de-
1246 2991 1542 3048 Servatore
1580 3002 1770 3048 nostro
1799 2994 2024 3063 protulit

445 3090 863 3152 confessionem,
895 3094 945 3140 et
975 3084 1104 3154 quid
1125 3084 1195 3138 sit
1224 3084 1523 3137 secundum
1551 3100 1775 3140 carnem
1793 3086 2020 3139 demon-
2047 3124 2089 3179 Ο

445 3196 651 3246 strans,
682 3190 737 3236 et
760 3177 922 3234 simul
952 3175 1121 3230 Deum
1157 3171 1505 3244 praedicans]
1532 3171 1669 3227 Nam
1704 3189 1798 3229 rex
1839 3184 2016 3230 terre-

448 3291 572 3338 nus,
604 3275 650 3328 si
682 3270 826 3324 forte
874 3266 1168 3336 aiiquando
1228 3264 1280 3318 in
1315 3264 1555 3318 consulis
1598 3264 1767 3334 ﬁgura
1801 3266 2020 3333 prodire

449 3365 599 3426 velit,
627 3376 735 3416 non
769 3359 973 3414 idcirco
1003 3371 1096 3410 rex
1122 3370 1243 3410 esse
1271 3353 1506 3417 desinit,
1554 3369 1732 3424 neque
1776 3357 2016 3425 priorem

449 3454 768 3523 dignitatem
801 3447 1021 3510 amittit,
1060 3445 1155 3500 scd
1200 3460 1339 3501 unus
1368 3446 1619 3515 idemque
1670 3454 1776 3511 est,
1823 3454 2021 3517 praeter

452 3544 658 3613 regiam
708 3537 1049 3594 consularem
1081 3551 1299 3606 quoque
1330 3535 1647 3605 dignitatem
1680 3538 1887 3595 habens
1918 3558 1932 3595 :
1966 3548 2022 3595 et

449 3637 495 3690 si
526 3631 792 3703 quispiam
830 3628 976 3683 hunc
1003 3626 1196 3701 1w
1231 3642 1412 3699 regem
1454 3629 1717 3694 nominet,
1758 3631 1909 3685 novit
1947 3632 2021 3687 si-

450 3725 563 3782 mul
597 3722 844 3779 eumdem
901 3734 1023 3777 esse
1069 3721 1160 3790 qui
1208 3719 1451 3775 consulis
1508 3720 1693 3775 habitu
1737 3735 2017 3779 ornatur:

449 3818 800 3885 vicissimque
833 3812 878 3869 si
926 3812 1203 3869 consulem
1253 3812 1427 3881 ipsum
1468 3812 1883 3881 appellaverit:
1912 3831 2020 3871 non

452 3910 669 3981 ignorat
723 3907 869 3962 hunc
922 3901 1173 3959 eumdem
1211 3915 1332 3958 esse
1384 3916 1586 3974 regem.
1624 3903 1717 3960 Sic
1762 3903 2022 3963 Dominus
2068 3930 2071 3933 λ

453 4011 637 4058 noster
664 3998 828 4057 Jesus
858 3997 1114 4054 Christus
1137 4003 1256 4050 erat
1287 3994 1505 4065 quidem
1534 3994 1631 4051 Dei
1661 3998 2023 4064 sempiternus

452 4096 639 4163 Filius,
692 4093 837 4150 Deus
907 4106 1068 4148 verus
1116 4087 1425 4155 exsistens;
1500 4085 1775 4159 assuinpta
1839 4099 2021 4145 autem

452 4190 739 4260 postremis
760 4185 1090 4257 temporibus
1106 4184 1269 4239 etiam
1292 4182 1655 4247 humanitate,
1673 4197 1811 4237 unus
1849 4184 2022 4241 idem-

452 4295 557 4350 qne
589 4291 694 4350 est,
719 4280 835 4336 sive
866 4278 1030 4346 Deus,
1079 4278 1195 4333 sive
1235 4278 1420 4343 homo,
1463 4275 1579 4331 sive
1629 4274 1790 4331 Jesus
1834 4276 2022 4347 appel-

454 4372 615 4427 letur.

2108 1889 2184 1950 ὧν
2214 1899 2242 1950 ὁ
2272 1896 2502 1967 Χριστὸς
2529 1896 2589 1950 τὸ
2637 1898 2779 1951 κατὰ
2814 1900 3015 1971 σάρκα,
3048 1904 3076 1955 ό
3107 1902 3182 1957 ὢν
3211 1907 3307 1960 ἐπὶ
3337 1911 3579 1969 πάντων
3601 1889 3750 1986 Θεὸς

2112 1985 2407 2079 εὐλογητὸς
2445 1987 2527 2048 είς
2565 1987 2694 2079 τοὺς
2739 1988 2945 2052 αἱῶῡας
2968 2006 2981 2021 ⁸
3019 1992 3189 2063 ἀμήν·
3232 2015 3251 2047 ’
3292 1998 3356 2051 ΕΞ
3393 2001 3454 2055 δὲ
3510 1985 3750 2079 ἆνθΡωὲ

2112 2092 2212 2173 πον
2242 2074 2507 2173 ἠπίστατο
2534 2075 2626 2173 τὸν
2652 2079 2908 2173 Χριστὸν,
2936 2080 3043 2173 ἔδει
3072 2083 3279 2173 λέγειν,
3311 2089 3401 2158 Ἐξ
3414 2088 3497 2147 ὦν
3531 2098 3565 2149 ό
3596 2074 3747 2173 Ξέρξ-

2114 2165 2236 2228 στὸς
2265 2164 2326 2218 τὸ
2362 2166 2501 2219 κατὰ
2534 2167 2734 2237 σάρκα,
2773 2169 2831 2221 ὲν
2870 2162 2915 2236 ᾧ
2942 2172 2971 2223 ό
3003 2172 3098 2225 ὲπί
3130 2176 3351 2232 πάντων
3389 2180 3538 2249 Θεός
3563 2202 3579 2216 ⁸
3636 2162 3746 2246 νῦν

2112 2256 2171 2309 δὲ
2203 2255 2362 2309 τοῦτο
2412 2256 2510 2327 μὲν
2540 2258 2640 2311 οὑκ
2689 2259 2899 2331 εἴρηκε,
2955 2262 3089 2316 Θεὸν
3120 2264 3178 2318 δὲ
3222 2268 3314 2321 τὸν
3346 2271 3608 2344 Χριστὸν
3638 2283 3746 2337 ἐπὶ

2117 2348 2337 2401 πάντων
2381 2347 2783 2418 μεγαλοφὼνως
2817 2352 3122 2425 ἀπέφηνεν.
3183 2356 3282 2430 [Οὐ
3318 2363 3429 2434 μὴν
3463 2367 3552 2433 δὲ,
3589 2372 3745 2429 ἀλλά

2117 2457 2180 2507 γε
2220 2440 2439 2493 κάκεῖνο
2480 2440 2923 2515 διασκεψώμεθα,
2969 2446 3046 2510 ὡς
3090 2449 3140 2501 εί
3186 2452 3264 2523 μὴ
3296 2453 3432 2508 Θεὸν
3470 2459 3601 2528 ἅμα
3636 2471 3746 2521 καὶ

2120 2529 2404 2601 ἄνθρωπον
2462 2530 2734 2602 ἠπίστατο
2796 2534 2888 2586 τὸν
2945 2536 3183 2605 Χριστὸν
3245 2544 3275 2595 ό
3346 2544 3493 2611 θεῖος
3560 2555 3746 2613 Ἀπά.

2123 2620 2331 2723 στολάςΣ
2355 2622 2457 2723 οὐκ
2487 2620 2570 2723 ’ἂν
2602 2621 2786 2723 ἔλεγεν
2814 2624 3066 2723 τὸ-κατά
3113 2629 3344 2723 ονάρκα·
3391 2640 3564 2696 τοῦτο
3612 2650 3743 2723 γὰρ

2122 2711 2369 2781 φανερῶς
2415 2712 2510 2765 ἐπὶ
2563 2712 2657 2765 τοῦ
2709 2713 2785 2786 μὴ
2837 2716 2998 2785 μόνον
3044 2719 3373 2794 ἀνθρώπου,
3428 2732 3579 2788 ἀλλὰ
3627 2711 3740 2795 καὶ

2124 2802 2245 2904 καθ’
2287 2803 2472 2877 ἕτερόν
2520 2820 2574 2856 τι
2610 2804 2708 2876 τὴν
2752 2807 2938 2861 οὐσίαν
2992 2809 3147 2876 ὄντος
3200 2814 3459 2884 λέγεται’
3525 2825 3739 2904 ὥσπερ

2123 2891 2216 2993 aqu
2268 2896 2363 2993 gat
2408 2896 2707 2993 ξπήγαγεν,
2739 2901 2773 2951 ό
3046 2904 3292 2960 πάντων
3321 2913 3488 2979 Θεός’
3522 2891 3737 2993 διπλῆν

2124 2987 2233 3082 γάρ
2282 2987 2518 3082 ἐνταῦθα
2568 2989 2668 3055 τὴν
2724 2992 2975 3062 περὶτοῦ
3018 2995 3274 3069 Σωτῆρος
3315 3004 3476 3074 ἡμῶν
3526 2987 3737 3082 ὁμολο-

2124 3079 2660 3173 γίανᾹπαραδέδωκε,
2718 3083 2812 3135 καὶ
2858 3083 2921 3136 τὸ
2976 3087 3119 3141 κατὰ
3164 3091 3347 3162 σάρκα
3398 3079 3729 3173 ἐπιδείξας,

2125 3166 2218 3220 καὶ
2247 3167 2379 3221 Θεὸν
2410 3168 2757 3241 ἀνακηρύξας
2794 3172 2919 3246 (2).]
2956 3176 3165 3248 Ὀνπερ
3194 3183 3303 3252 γάρ
3328 3188 3537 3257 τρόπον
3568 3166 3732 3254 avg-'5';

2125 3259 2228 3356 γῆς
2262 3259 2533 3356 βασιλεὺς,
2574 3264 2627 3316 εἴ
2671 3281 2799 3317 ποτε
2844 3267 2903 3318 ὲν
2957 3268 3167 3322 ὑπάτου
3220 3279 3467 3347 σχήματι
3518 3288 3729 3356 προελ-

2126 3353 2237 3407 θεῖν
2267 3353 2575 3428 βουληθείη,
2621 3358 2683 3411 οὑ
2711 3358 2798 3412 διὰ
2824 3359 2982 3414 τοῦτο
3008 3363 3103 3416 τοῦ
3154 3361 3291 3419 εἶναι
3319 3353 3584 3440 βασιλεὺς
3623 3382 3732 3434 πέ-

2128 3462 2353 3510 παυται,
2380 3446 2505 3501 οὑτε
2546 3448 2653 3519 μὴν
2689 3450 2787 3519 τὴν
2813 3453 3086 3524 προτέραν
3117 3456 3442 3515 αὑθεντείαν
3491 3467 3730 3524 ἀπώλε-

2129 3553 2242 3636 σεν,
2273 3534 2503 3636 exuat;
2526 3540 2620 3593 καὶ
2702 3542 2863 3636 αὑτὸς
2891 3544 3128 3616 ὑπάρχει
3168 3549 3307 3619 πρὸς
3344 3556 3413 3625 τῇ
3464 3555 3734 3636 βασιλείᾳ

2128 3629 2223 3722 καὶ
2248 3629 2309 3681 τὸ
2347 3629 2448 3722 τῇς
2481 3631 2746 3696 ὑπατείας
2774 3633 2913 3704 ἔχων
2932 3651 2947 3666 ’
2980 3636 3084 3690 κᾶν
3114 3639 3168 3691 εἴ
3195 3657 3278 3704 τις
3321 3644 3585 3715 ὀνομάσαι
3619 3629 3730 3722 pa;

2131 3721 2302 3787 σιλέα,
2354 3717 2494 3777 οἶδεν
2535 3724 2611 3787 ὡς
2658 3725 2818 3790 αὑτός
2861 3729 3008 3780 ἐστιν
3051 3731 3080 3782 ὁ
3130 3732 3312 3785 καὶτὸ
3352 3735 3450 3788 τοῦ
3502 3717 3732 3799 ὑπάτου

2131 3817 2316 3889 σχῆμα
2348 3815 2836 3888 περιθαλλόμενοςυ
2877 3817 2971 3870 καὶ
3002 3819 3161 3873 πάλιν
3190 3838 3247 3875 τε
3287 3827 3336 3875 εί
3379 3824 3596 3883 ὕπατον
3629 3832 3735 3887 τὸν

2130 3909 2291 3963 αὑτὸν
2318 3908 2594 3979 όνομάσοι,
2625 3907 2714 3961 τὸν
2752 3908 2913 3961 αὑτὸν
2940 3904 3081 3963 οἶδεν
3126 3914 3221 3965 καὶ
3267 3913 3499 3982 βασιλέα
3536 3920 3737 3992 ὑπέρ..

2131 4018 2294 4071 χοντα
2352 4000 2428 4072 (ὅ)
2454 4019 2466 4031 ⁸
2486 3999 2660 4063 οὕτως
2691 4002 2720 4053 ό
2745 4000 2946 4071 Κύριος
2979 4003 3137 4072 ἡμῶν
3176 4005 3384 4075 Ἰησοῦς
3416 4010 3445 4061 ὁ
3476 4011 3733 4081 Χριστδς

2128 4086 2197 4162 ἦν
2239 4090 2337 4161 μὲν
2368 4088 2456 4144 ἀεὶ
2480 4090 2573 4143 τοῦ
2600 4088 2737 4143 Θεοῦ
2777 4089 2924 4154 Υἱὸς,
2954 4089 3087 4153 Θεὸς
3127 4092 3390 4163 ὑπάρχων
3431 4079 3727 4167 άληϐς-ὼξ,

2131 4184 2454 4256 προσλαϐὼν
2481 4182 2539 4236 δὲ
2577 4185 2636 4236 ἐν
2680 4183 2924 4254 ὑστέροις
2949 4184 3161 4255 χρόνοις
3201 4187 3296 4239 καὶ
3337 4188 3398 4241 τὸ
3430 4191 3731 4262 ἀνθρώπι-

2131 4295 2243 4343 νον,
2288 4270 2368 4339 εἷς
2416 4276 2512 4329 καὶ
2550 4276 2580 4328 ό
2626 4275 2789 4337 αὑτὸς
2835 4274 3089 4345 ὑπάρχει,
3133 4276 3236 4330 κᾶν
3275 4277 3410 4343 Θεὸς
3458 4283 3730 4356 λέγηται,

2131 4372 2236 4424 κάν
2262 4369 2568 4439 ἄνθρωπος,
2600 4365 2702 4420 κᾶν
2742 4367 2967 4438 Ἰησοῦς.

528 4467 613 4521 lii.
646 4465 775 4533 Quae
809 4480 929 4519 cum
966 4465 1037 4518 ita
1073 4477 1132 4518 se
1156 4463 1412 4529 habeant,
1469 4462 1649 4533 agesis
1686 4463 2020 4518 Dominicum

2205 4467 2285 4514 ιε’.
2327 4458 2545 4512 Τούτων
2572 4458 2629 4511 δὲ
2661 4458 2835 4522 οὑτως
2863 4460 3117 4530 ἐχόντων,
3146 4461 3278 4532 φέρε
3327 4463 3425 4516 καὶ
3466 4466 3570 4536 τὴν
3603 4470 3735 4522 Κυ-

453 4572 668 4627 quoque
690 4556 907 4611 eti‘atum
940 4557 993 4609 in
1034 4556 1269 4610 medium
1296 4556 1678 4623 producamus,
1714 4555 1870 4625 cujus
1890 4572 2020 4625 pra:-

2137 4551 2331 4627 ριακὴν
2361 4552 2440 4615 εἰς
2487 4551 2650 4620 μέσον
2683 4552 2867 4622 φωνὴν
2900 4552 3225 4623 ἀγάγωμεν,
3253 4555 3340 4622 ἐφ’
3372 4557 3441 4626 ἦν
3473 4560 3735 4627 μάλιστα

452 4650 612 4717 cipue
668 4663 832 4703 causa
887 4648 1146 4703 audacius
1200 4646 1357 4703 nobis
1425 4648 1631 4702 instant
1690 4648 2023 4714 adversarii;

2130 4645 2226 4698 καὶ
2257 4642 2591 4715 θρασύτερον
2622 4645 2757 4714 ἡμῖν
2783 4642 3096 4712 ἐφίστανται
3126 4645 3394 4712 λέγοντες,
3426 4648 3506 4712 ὡς
3547 4654 3737 4719 αὐτὸς

456 4757 650 4813 nempe
672 4740 814 4810 quod
846 4742 961 4810 ipse
983 4741 1034 4795 iu
1062 4740 1387 4811 evangelicis
1422 4740 1899 4811 praedicationibus
1930 4742 2020 4795 lto-

2128 4741 2187 4793 ὲν
2228 4742 2342 4803 τοῖς
2382 4738 2756 4807 εὑαγγελικοῖς
2801 4737 3149 4808 κηρύγμασιν
3194 4738 3483 4811 ἄνθρωπον
3515 4746 3737 4802 ἑαυτὸν

457 4836 656 4891 minem
680 4849 737 4889 se
758 4833 1042 4889 confesSuts
1068 4836 1140 4889 sit
1179 4835 1410 4889 dicens:
1454 4853 1473 4886 ι
1502 4833 1610 4889 Cur
1648 4848 1733 4888 me
1784 4835 2020 4903 qumritis

2128 4832 2481 4903 ὡμολόγησεν
2501 4829 2714 4899 λέγων·
2756 4847 2776 4879 ι
2813 4828 2879 4881 Τί
2910 4846 2976 4899 με
3008 4829 3221 4899 ζητεῖτε
3249 4833 3598 4900 ἀποκτεῖναι,
3632 4841 3739 4893 ἀν-

453 4929 724 4991 Occidere,
787 4927 1060 4981 hominem
1131 4925 1223 4994 qui
1283 4927 1564 4981 veritatem
1617 4926 1769 4981 vobis
1814 4925 2020 4982 locutus

2131 4926 2348 4996 θρωπον
2373 4925 2433 4988 ὃς
2460 4924 2560 4995 τὴν
2581 4923 2838 4993 ἀλήθειαν
2881 4923 3010 4993 ὑμῖν
3052 4923 3355 4994 λελάληκα;
3393 4945 3412 4977 ι
3443 4928 3507 4980 Εἰ
3534 4929 3597 4982 δέ
3632 4950 3737 4997 τις

456 5037 573 5075 sum
602 5019 683 5073 "2
711 5037 730 5070 ι
755 5018 862 5074 Sed
885 5019 1031 5074 enim
1058 5017 1241 5089 siquis
1272 5017 1517 5073 veritatis
1547 5018 1825 5074 studiosus
1855 5032 2027 5073 evan-

2133 5016 2445 5088 φιλαλήθως
2473 5016 2586 5079 τοῖς
2611 5013 2986 5084 εὑαγγελικοίς
3010 5014 3289 5070 ἐπιϐάλλει
3309 5018 3552 5088 χωρίοις,
3580 5022 3739 5079 ἔνθα.

526 5193 569 5225 ⁷⁸
605 5192 648 5246 ll
685 5193 814 5249 Cor.
855 5211 930 5263 tv,
962 5195 1017 5251 5.
1091 5195 1137 5227 "
1178 5192 1337 5247 Boni.
1367 5208 1443 5258 Ix,
1477 5193 1528 5249 5.
1608 5193 1654 5225 ⁷³
1686 5190 1842 5247 Joan.
1877 5206 1996 5254 vm.
2028 5190 2119 5246 40.

526 5370 604 5439 (Ι)
631 5369 916 5425 Recitatur
957 5371 1045 5426 hic
1072 5379 1277 5425 tractus
1323 5369 1640 5439 nominatim
1673 5384 1738 5424 ex
1768 5370 1870 5424 hoc
1912 5366 2022 5438 Cy-

457 5438 563 5510 rilli
588 5438 839 5510 sermone
861 5458 889 5492 a
912 5440 1217 5510 Justiniano
1247 5442 1375 5510 imp.
1397 5440 1451 5493 in
1471 5438 1726 5496 Tractatu
1741 5441 1806 5494 ad
1834 5454 2024 5510 mona-

456 5509 589 5562 chus
613 5507 1009 5581 Alexandrinos
1048 5507 1474 5581 Menophysitas,
1500 5526 1658 5580 quem
1702 5524 1805 5581 nos
1849 5509 2023 5563 edidi-

456 5592 576 5632 mus
608 5578 807 5650 Script.
835 5591 931 5632 vet.
967 5591 1008 5633 t.
1046 5579 1156 5642 γη,
1189 5578 1344 5650 cujus
1366 5583 1494 5650 iride
1520 5578 1580 5650 'p.
1607 5582 1735 5636 506.
1769 5579 2023 5636 Feiiciter

455 5661 586 5702 vero
614 5647 771 5721 nobis
817 5650 1065 5721 contigit,
1098 5661 1165 5721 ut
1209 5648 1396 5721 Cyrilli
1434 5647 1610 5721 simul
1654 5667 1809 5721 opus,
1844 5652 2019 5718 deque

453 5730 523 5773 eo
565 5718 741 5789 regale
790 5731 856 5772 ac
903 5718 1265 5772 certissimum
1309 5718 1604 5776 Iustiniani
1651 5718 2016 5777 testimonium

2124 5367 2516 5423 inveniremus.

2195 5437 2271 5509 (2)
2301 5437 2480 5509 Hune
2507 5450 2722 5507 quoque
2762 5431 2952 5509 Cyrilli
2995 5443 3227 5509 tractum
3279 5436 3493 5509 recitat,
3531 5447 3588 5491 et
3611 5453 3755 5499 suo

2121 5502 2436 5562 testimonio
2457 5502 2588 5563 facit
2610 5502 2982 5562 a‘utheu'ticum
3002 5505 3344 5560 Justiniauus
3368 5505 3485 5559 loco
3510 5509 3753 5572 citato.

2197 5576 2273 5648 (5)
2300 5580 2438 5646 Apte
2482 5578 2658 5648 utitur
2703 5578 2806 5632 hac
2849 5576 3203 5648 similitudine
3240 5574 3501 5648 Cyrillus,
3551 5578 3763 5648 cujus

2120 5646 2280 5773 fugite
2308 5647 2875 5774 τᾶᾀειιοιίωρθηιοι-εε
2896 5646 3263 5710 consulatum,
3295 5661 3418 5701 cum
3458 5647 3542 5703 eis
3571 5646 3761 5707 libo.

2159 5734 2187 5772 a
2217 5755 2233 5774 .
2281 5731 2311 5771 ι
2355 5733 2369 5771 ι
2412 5732 2480 5772 an
2514 5757 2530 5772 .

2159 5725 2233 5783 at,
2281 5725 2530 5774 adibant.
