4002 6192
323 235 431 291 2ῗῖ

1450 239 1640 307 QUOD
1679 241 1738 298 Β.
1785 242 1997 299 MARIA
2043 247 2150 301 SIT
2191 247 2508 306 DEIPARA.

3497 255 3601 311 ’274

320 354 496 408 τοῦτο
518 353 816 424 λελάληκεν
841 355 870 408 6
893 354 1106 426 Σωτὴρ,
1141 357 1346 428 σφόδρα
1373 361 1801 429 ,καταγνώσεται
1828 363 1926 432 τῆς

2034 367 2231 436 gelicos
2259 369 2426 423 adibit
2478 368 2644 434 locos,
2701 369 2786 426 hic
2839 370 2930 426 ubi
2980 370 3238 427 Servator
3272 371 3344 426 ita
3394 371 3606 428 locutus

322 445 673 513 κακοτέχνου
714 442 942 513 γνώμης
984 444 1188 511 αὐτῶν,
1221 447 1312 498 καὶ
1362 447 1806 518 φιλεγκλήμονας
1846 450 1924 502 δι·-

323 536 512 596 καίως
557 534 892 586 ἀποκαλέσει
943 535 1039 587 καὶ
1103 537 1478 603 συκοφάνταςο
1531 538 1770 591 τοσαῦτα
1815 539 1924 609 γὰρ

326 627 634 694 λελάληκεν
662 626 768 696 πρὸ
793 625 1001 694 ταύτης
1028 625 1130 695 τῆς
1154 627 1370 692 λέξεως,
1397 627 1527 681 Θεὸν
1564 629 1757 683 ἑαυτὸν
1785 631 1925 683 ἀπο-

328 719 548 785 φαίνων
607 719 701 770 xai.
741 718 884 771 ,Θεοῦ
936 718 1083 783 Υἱὸν,
1130 719 1206 782 ὡς
1250 720 1341 772 καὶ
1385 721 1580 784 αὐτοὺς
1631 721 1752 779 τότε
1800 723 1926 786 τοὺς

342 810 668 876 Ἰουδαίους,
724 809 958 879 ἐπείπερ
1017 809 1357 878 ἐτύφλωττον
1419 814 1518 882 τῆς
1576 811 1816 876 διανοίας
1863 813 1926 867 τὸ

332 905 513 972 ὄμμα,
543 903 634 955 διὰ
662 902 823 955 τοῦτο
855 902 1092 972 μάλιστα
1130 901 1415 971 βούλεσθαι
1449 904 1610 957 αὐτὸν
1641 907 1882 974 ἀναιρεῖν
1908 944 1922 958 .

338 994 458 1046 Καὶ
484 995 665 1047 πάντα
706 995 892 1046 ἐκεῖνα
940 996 1120 1065 σιωπῇ
1144 994 1548 1064 παραδιδόντες,
1597 996 1799 1067 ταύτην
1828 998 1926 1067 ἀρ-

336 1087 574 1150 πάζουσι
601 1087 700 1154 τὴν
729 1086 895 1150 λέξιν,
926 1087 1111 1156 ὅμοιόν
1141 1104 1190 1140 τι
1215 1086 1495 1152 ποιοῦντες
1523 1091 1636 1150 τοῖς
1665 1089 1784 1142 τότε
1827 1091 1927 1143 Φα-

343 1179 576 1248 ρισαίοις
595 1194 608 1206 ·
639 1179 883 1230 κάκεῖνοι
916 1178 1025 1247 γὰρ
1053 1176 1356 1231 διδάσκοντι
1381 1178 1460 1247 τῷ
1491 1179 1702 1248 Σωτῆρι
1754 1195 1925 1249 προσ-

341 1271 554 1339 έμενον,
586 1271 647 1323 ού
683 1269 958 1323 πιστεύειν
989 1269 1264 1332 ἐθέλοντες
1291 1271 1384 1323 καὶ
1403 1270 1767 1337 διδάσκεσθαι,
1791 1272 1925 1326 ἀλλὰ

341 1360 608 1429 θηρεῦσαί
639 1379 694 1412 τι
725 1362 791 1413 ἐκ
834 1360 928 1412 τοῦ
976 1360 1245 1429 στόματος
1274 1359 1438 1413 αὐτοῦ
1485 1360 1818 1431 βουλόμενοι,
1851 1362 1928 1425 ὡς

339 1455 368 1504 ὁ
395 1451 795 1522 εύαγγελιστὴς
843 1453 1081 1520 ἱστορεῖ·
1133 1449 1324 1522 ὥσπερ
1370 1450 1466 1504 οὖν
1504 1453 1598 1504 καὶ
1643 1441 1789 1506 οὗτοι
1831 1453 1926 1506 νῦν

337 1541 832 1611 ἀναγινώσκουσιν,
865 1538 1140 1609 μᾶλλονδὲ
1179 1537 1632 1610 περιεργάζονται
1655 1539 1751 1604 τὰς
1779 1539 1929 1602 θείας

339 1637 378 1687 Γ
383 1636 580 1704 ραφὰς,
613 1635 702 1686 ἵνα
743 1651 796 1684 τι
832 1633 1164 1700 κατηγορεῖν
1209 1630 1443 1701 εὖρωσιν
1469 1629 1562 1683 τοῦ
1605 1630 1705 1702 τὴν
1749 1631 1928 1702 ψυχὴν

337 1728 480 1798 ὑπὲρ
526 1727 710 1780 αὐτῶν
752 1723 1087 1785 τεθεικότος.

409 1910 508 1968 ις’.
524 1903 658 1955 Τίδέ
676 1903 733 1954 ἐν
750 1903 860 1966 τοῖς
879 1901 984 1970 πρὸ
999 1899 1201 1969 ταύτης
1216 1901 1313 1969 τῆς
1333 1901 1517 1971 φωνῆς
1534 1902 1738 1970 ἔλεγεν,
1759 1921 1930 1958 κατα-

340 1997 626 2065 νοήσωμεν
645 2012 690 2046 ⁸(
712 1995 770 2047 ’0
787 1995 981 2064 Πατήρ
1005 2011 1128 2064 μου,
1154 1995 1339 2064 φησὶν,
1357 1993 1460 2055 ἕως
1475 1995 1599 2064 ἄρτι
1618 1995 1928 2066 ἐργάζεται,

349 2085 844 2155 κὰγὼέργαζομαι.
873 2104 892 2136 ι
921 2085 1034 2136 Καὶ
1060 2084 1279 2154 Πατέρα
1307 2084 1437 2137 ἴδιον
1465 2084 1650 2153 ἔλεγεν
1668 2086 1759 2140 τὸν
1775 2087 1926 2156 Θεὸν,

355 2178 475 2229 ἴσον
500 2178 686 2230 ἐαυτὸν
711 2177 868 2230 ποιῶν
888 2176 967 2247 τῷ
989 2175 1130 2246 Θεῷ,
1153 2175 1222 2229 τὰ
1246 2176 1385 2229 αὐτὰ
1417 2175 1496 2247 τῷ
1537 2179 1713 2247 Πατρὶ
1760 2196 1932 2250 παρα-

363 2270 614 2339 πλησίως
643 2269 1055 2340 δημιουργοῦντα
1073 2304 1090 2323 .
1128 2287 1147 2320 ι
1194 2269 1260 2321 Ἀ
1286 2268 1394 2340 γὰρ
1422 2269 1488 2322 ἂν
1533 2269 1740 2333 ἐκεῖνος
1763 2274 1928 2336 ποιεῖ,

358 2362 540 2415 ταῦτα
574 2363 670 2413 καὶ
715 2363 884 2424 ὸΐὶδς
925 2361 1123 2432 ὁμοίως
1163 2365 1326 2414 ποιεῖ.
1367 2380 1386 2412 ι
1445 2362 1574 2426 Καὶ,
1618 2381 1636 2414 ι
1672 2363 1791 2416 Ὀτι
1831 2363 1930 2433 τὴν

349 2453 546 2520 κρίσιν
592 2452 748 2522 αὐτῷ
791 2454 964 2506 πᾶσαν
1007 2454 1233 2506 δέδωκεν
1276 2454 1304 2506 6
1346 2451 1556 2525 Πατὴρ,
1593 2455 1678 2508 ἵνα
1730 2455 1931 2520 πάντες

339 2543 552 2613 τιμῶσι
580 2544 678 2594 τὸν
718 2544 864 2608 Υξὸν,
901 2545 1070 2603 καθὼς
1105 2545 1308 2615 τιμῶσι
1345 2546 1436 2598 τὸν
1468 2547 1706 2616 Πατέρα.
1745 2566 1764 2598 ι
1795 2548 1926 2614 Καὶ,

341 2653 363 2685 ι
405 2635 672 2703 Ἔρχεται
705 2633 844 2703 ὥρα,
879 2635 970 2686 καὶ
1008 2633 1099 2688 νύν
1131 2637 1303 2699 ἐστιν,
1332 2637 1420 2689 ὅτε
1451 2637 1501 2689 oi
1541 2639 1726 2707 νεκροὶ
1763 2638 1928 2691 ἀκού-

339 2741 523 2778 σουσιν
552 2728 655 2794 τῆς
685 2727 871 2796 φωνῆς
911 2726 1005 2779 τοῦ
1053 2727 1182 2780 Υἱοῦ
1231 2728 1330 2781 τοῦ
1375 2729 1699 2800 ἀνθρώπου·
1737 2731 1831 2782 καὶ
1878 2732 1928 2783 οἱ

338 2815 675 2880 ἀκούσαντες
715 2818 996 2888 ζήσουσιν.
1038 2835 1056 2867 ι
1095 2815 1226 2870 Εἶτα
1273 2820 1360 2872 ἴνα
1410 2819 1484 2889 μὴ
1535 2819 1604 2871 τὰ
1650 2818 1926 2891 θεοπρεπῆ

339 2909 512 2962 ταῦτα
539 2908 830 2988 ἀκούοντες
860 2909 1321 2972 σκανδαλίζωνται
1367 2911 1455 2963 διὰ
1479 2911 1577 2982 τὴν
1619 2910 1821 2981 σάρκα,
1847 2911 1929 2964 ὅτι

341 3001 630 3072 ἄνθρωπος
659 3001 938 3071 ὁρώμενος
977 3001 1206 3054 τοιαῦτα
1229 3001 1548 3070 ἐφθέγγετο,
1579 3000 1706 3071 ἑξῆς
1729 3000 1928 3065 ἐπάγει

344 3096 466 3163 μετ’
489 3093 662 3160 ὀλίγα,
693 3093 786 3146 καί
818 3109 1004 3163 φησιν,
1033 3095 1115 3147 ὅτι
1145 3093 1272 3156 Υἱὸς
1300 3093 1590 3166 ἀνθρώπου
1617 3093 1764 3147 ἐστίν
1785 3131 1800 3146 .
1837 3093 1929 3163 Μὴ
1957 3081 1998 3138 C

343 3186 656 3254 θαυμάζετε
685 3187 865 3249 τοῦτο,
893 3187 990 3240 καὶ
1016 3185 1127 3257 γάρ
1161 3186 1256 3239 καὶ
1281 3185 1486 3257 ταύτης
1508 3187 1606 3256 τῆς
1633 3187 1932 3257 εἰρημένης

344 3277 552 3346 φωνῆς,
597 3277 679 3328 ὅτι
705 3277 755 3327 οἱ
784 3277 1122 3339 ἀκούσαντες
1144 3277 1418 3348 ζήσουσιν·
1449 3294 1468 3327 ι
1506 3278 1766 3346 Ἔρχεται
1789 3275 1928 3346 ὥρα,

345 3366 434 3418 ὅτε
463 3367 557 3418 καὶ
587 3369 788 3429 πάντες
817 3368 867 3420 οἱ
910 3369 968 3420 ἐν
1001 3370 1112 3430 τοῖς
1148 3367 1432 3438 μνημείοις
1459 3367 1802 3431 ἀκούσονται,
1837 3368 1932 3422 καὶ

349 3457 714 3527 πορεύσονται
738 3461 788 3511 oi
835 3459 903 3512 τὰ
949 3459 1128 3527 ἀγαθὰ
1158 3461 1482 3530 ποιήσαντες
1528 3460 1608 3524 είς
1637 3460 1930 3514 ἀνάστασιν

348 3551 515 3621 ζωῆς,
548 3554 597 3604 οἱ
626 3552 686 3606 δέ
728 3553 797 3605 τὰ
823 3552 1004 3622 φαῦλα
1040 3553 1346 3624 πράξαντες
1371 3555 1450 3618 εἰς
1476 3553 1772 3608 ἀνάστασιν
1812 3554 1933 3626 κρί-

348 3657 510 3705 σεως·
545 3663 562 3694 ι
591 3644 652 3695 τὸ
677 3643 776 3713 μὲν
797 3645 916 3715 ’γὰρ
952 3644 1214 3717 πρότερον
1267 3646 1577 3718 εἰρημένον,
1609 3647 1691 3700 ὅτι
1722 3665 1740 3697 ι
1773 3647 1924 3718 ἔρχευ

346 3753 440 3790 ται
467 3734 608 3807 ὥρα,
637 3736 735 3788 καὶ
773 3736 868 3790 νῦν
913 3739 1095 3790 ἐστιν·
1135 3757 1152 3789 ι
1192 3738 1285 3791 καὶ
1326 3738 1419 3803 τὸ,
1459 3757 1477 3789 ι
1516 3739 1566 3792 ol
1603 3737 1933 3803 ἀκούσαντες

350 3827 634 3899 ζήσονται,
669 3847 688 3879 ι
723 3829 852 3899 περὶ
895 3829 1003 3882 τῶν
1046 3830 1188 3884 κατὰ
1231 3829 1323 3885 τὸν
1351 3830 1542 3902 καιρὸν
1569 3833 1778 3885 ἐκεῖνον
1804 3833 1934 3886 ἀναο

354 3922 604 3974 στάντων
642 3921 854 3994 νεκρῶν
875 3921 1160 3992 εἰρῆσθαι⁸
1202 3922 1350 3989 τὸδὲ,
1383 3941 1402 3974 ι
1433 3923 1634 3986 πάντες
1654 3923 1703 3976 οἱ
1737 3925 1795 3976 ἐν
1822 3924 1932 3982 τοῖς

350 4014 664 4085 μνημείοις,
703 4033 724 4067 ι
755 4015 856 4086 τὴν
873 4015 1242 4087 ἀναστάσιμον
1266 4017 1360 4087 τῆς
1383 4016 1594 4081 ἐνδόξου
1631 4016 1933 4089 παρουσίας

347 4106 516 4158 αὐτοῦ
564 4107 855 4178 σημαίνειν
897 4109 1131 4178 ἡμέραν.
1176 4109 1283 4161 Καὶ
1333 4108 1451 4178 μετ’
1497 4108 1653 4177 ὀλίγα
1679 4109 1737 4162 δέ
1770 4109 1932 4163 πάλιν

347 4200 557 4267 φησίν⁶
612 4218 633 4250 ι
698 4200 839 4268 Ἐγώ
881 4203 996 4272 εἰμι
1038 4203 1067 4254 6
1113 4202 1276 4273 ἄρτος
1319 4202 1418 4272 τῆς
1471 4202 1635 4274 ζωῆς.
1690 4221 1709 4255 ι
1772 4203 1933 4258 Ἀλλὰ

344 4291 523 4345 ταῦτα
588 4293 795 4356 πάντα,
851 4292 1039 4363 ὥσπερ
1086 4295 1187 4348 οὐκ
1240 4293 1564 4359 ἀκούοντες,
1623 4295 1824 4365 μᾶλλον
1874 4296 1930 4349 δὲ

2026 469 2128 524 est,
2158 475 2483 530 magnopere
2510 461 2788 518 damnabit
2810 463 3138 518 malitiosam
3165 465 3603 520 adversariorum

2025 553 2350 607 sententiam
2386 567 2589 623 eosque
2615 554 2955 609 cavillatores
2986 571 3049 611 ac
3081 557 3446 627 syeOphantas
3479 555 3605 625 jure

2027 645 2328 713 meritoque
2356 645 2681 714 appellabit:
2717 646 2843 699 talia
2869 646 3012 700 enim
3035 662 3097 700 ac
3134 656 3278 701 tanta
3307 656 3434 701 ante
3455 649 3596 702 hanc

2026 737 2314 792 dictionem
2341 736 2587 792 elocutus
2622 736 2823 800 fuerat,
2853 736 3016 790 Deum
3054 752 3110 792 se
3131 737 3508 792 demonstrans
3551 747 3606 791 ct

2027 828 2120 883 Dei
2153 828 2367 892 Filium,
2405 837 2462 882 ut
2495 829 2593 898 ipsi
2631 828 2771 883 illius
2801 830 3061 898 temporis
3108 827 3298 892 Judaei,
3347 829 3602 898 quoniam

2027 922 2223 975 mentis
2256 921 2470 975 oculum
2496 921 3129 989 excmcatumgercbant,
3187 921 3257 975 ob
3295 935 3356 974 ea
3387 921 3602 990 eloquia

2028 1010 2264 1065 maxime
2290 1009 2487 1062 vellent
2519 1010 2668 1063 illum
2724 1009 2992 1063 occidere.
3047 1008 3138 1062 lsti
3183 1022 3347 1078 porro
3400 1009 3601 1079 egregii

2027 1101 2318 1156 adversarii
2345 1109 2537 1156 cuncta
2575 1100 2660 1154 illa
2689 1099 2905 1154 silentio
2926 1107 3251 1169 prementes,
3277 1100 3416 1152 hanc
3437 1113 3595 1152 uuam

2029 1191 2128 1245 sibi
2167 1192 2382 1261 rapiunt
2411 1192 2724 1257 dictionem,
2763 1193 2905 1246 haud
2959 1191 3114 1246 aliter
3167 1206 3226 1246 se
3285 1205 3445 1259 quam
3472 1193 3602 1245 olim

2027 1283 2284 1338 Pharisaei
2322 1294 2605 1354 gerentes:
2640 1299 2874 1353 namque
2911 1295 2966 1338 et
3000 1285 3052 1338 hi
3082 1283 3296 1339 docenti
3329 1283 3609 1338 Servatori

2031 1375 2410 1438 attendebant,
2445 1389 2550 1427 non
2578 1375 2703 1444 quia
2737 1375 2958 1429 credere
3011 1382 3104 1427 aut
3132 1374 3347 1428 edoceri
3385 1375 3602 1439 vellent,

2030 1468 2127 1543 sed
2153 1468 2278 1536 quia
2312 1477 2528 1535 captare
2553 1466 2757 1536 aliquid
2774 1482 2837 1520 ex
2865 1467 2980 1533 ejus
3001 1480 3096 1520 ore
3122 1467 3371 1532 avebant,
3404 1474 3606 1519 utnar—

2030 1557 2459 1630 ratcvangelista
2489 1557 2559 1611 ⁷⁸.
2585 1557 2673 1612 Sic
2701 1558 2968 1627 igituristi
3001 1571 3218 1626 quoque
3246 1571 3388 1611 nunc
3421 1555 3610 1626 legunt.

2031 1650 2114 1704 vel
2142 1652 2321 1720 potius
2345 1651 2560 1706 curiose
2595 1651 2857 1720 indagant
2909 1650 3121 1703 divinas
3151 1648 3482 1717 Scripturas,
3550 1656 3610 1701 ut

2033 1759 2222 1798 ansam
2258 1743 2490 1813 aliquam
2516 1743 2802 1797 accusandi
2831 1741 2981 1796 illum
3025 1742 3306 1796 inveniant
3336 1740 3602 1809 quisnam

2029 1852 2131 1907 pro
2160 1836 2294 1906 ipsis
2329 1836 2564 1889 animam
2597 1836 2795 1903 posuit.

2103 1929 2191 1986 16.
2235 1927 2501 1993 Quidnam
2553 1943 2680 1981 vero
2738 1934 2861 1981 ante
2905 1926 3218 1996 prmdietam
3278 1924 3607 1978 locutionem

2033 2020 2253 2084 dixerit,
2283 2020 2660 2074 observemus.
2703 2038 2721 2069 ‹
2752 2017 2914 2074 Pater
2981 2033 3152 2084 meus,
3194 2016 3391 2086 inquit,
3439 2029 3608 2083 usque

2032 2114 2210 2169 adhuc
2237 2122 2512 2183 operatur,
2539 2121 2709 2183 etego
2730 2127 2948 2183 operor.
2977 2130 2994 2163 ι
3028 2111 3239 2165 Patrem
3260 2125 3417 2165 suum
3440 2108 3605 2161 Deum

2035 2205 2186 2270 dicit,
2217 2217 2402 2274 parem
2433 2219 2491 2258 se
2519 2202 2723 2258 faciens
2751 2203 2878 2268 Deo,
2907 2203 3095 2256 eadem
3133 2216 3253 2271 quae
3300 2198 3464 2253 Pater
3491 2198 3605 2267 pari

2031 2297 2190 2354 modo
2220 2306 2518 2352 creantem.
2545 2294 2680 2349 Nam
2703 2313 2721 2346 ι
2749 2294 2876 2361 Quae
2897 2295 2985 2350 ille
3008 2292 3358 2359 facit,eadcm
3373 2290 3608 2344 ctFilius

2032 2389 2290 2444 similiter
2316 2386 2536 2442 facit".
2567 2408 2584 2438 ι
2621 2386 2844 2454 Insuper
2871 2403 2884 2439 :
2913 2403 2931 2436 ι
2975 2384 3128 2450 Quod
3161 2380 3606 2451 omnejudicium

2032 2481 2133 2548 ipsi
2164 2480 2327 2534 Pater
2360 2477 2716 2542 commiserit,
2744 2485 2801 2528 ut
2855 2490 3047 2530 omnes
3100 2473 3462 2529 honoriﬁcent
3512 2470 3606 2524 Fi-

2033 2573 2185 2636 lium,
2220 2571 2376 2624 sicuti
2406 2569 2621 2623 Patrem
2657 2565 3016 2621 honoriﬁcam
3043 2565 3109 2618 ⁷⁸.
3144 2583 3162 2616 ι
3189 2563 3320 2618 Item
3358 2579 3371 2615 :
3403 2581 3422 2614 ι
3454 2563 3604 2630 Quod

2031 2665 2180 2718 venit
2201 2664 2354 2728 hora,
2375 2670 2428 2717 et
2455 2676 2594 2714 nunc
2618 2667 2720 2721 est,
2744 2673 2866 2712 cum
2923 2657 3121 2711 mortui
3170 2656 3392 2710 audient
3420 2669 3605 2709 vocem

2033 2754 2153 2808 Filii
2187 2753 2454 2816 hominis;
2491 2759 2544 2805 et
2567 2751 2656 2819 qui
2691 2748 2982 2812 audierint,
3017 2748 3198 2802 vivent
3235 2748 3304 2801 ⁷⁷.
3337 2765 3354 2797 ι
3382 2746 3607 2812 Deinde,

2032 2861 2102 2900 ne
2133 2846 2248 2898 haec
2302 2843 2411 2898 Deo
2467 2852 2675 2896 tantum
2733 2841 2896 2910 digna
2949 2841 3252 2905 audientes,
3285 2845 3609 2909 paterentur

2033 2936 2345 2993 scandalum
2371 2943 2592 3004 propter
2619 2933 2737 3002 ejus
2791 2947 3033 2995 carnem,
3081 2933 3206 3000 quia
3265 2931 3319 2985 in
3373 2931 3605 2984 humana

2035 3028 2207 3082 forma
2236 3026 2362 3080 talia
2394 3027 2622 3089 diceret,
2649 3024 2808 3095 paulo
2839 3033 2961 3092 post
3011 3022 3238 3086 addidit,
3284 3021 3494 3081 dicens,
3547 3032 3608 3072 se

2033 3119 2230 3176 Filium
2263 3117 2498 3173 hominis
2527 3131 2647 3171 esse
2673 3117 2737 3169 ⁷⁸.
2767 3114 2956 3183 Neque
2987 3111 3293 3175 miremini,
3327 3109 3469 3178 quod
3514 3108 3605 3176 qui

2033 3210 2175 3265 hanc
2209 3222 2398 3264 vocem
2423 3207 2717 3273 audierint,
2754 3206 2945 3260 victuri
2991 3204 3139 3258 sint:
3173 3220 3191 3254 ι
3253 3200 3415 3255 Venit
3473 3200 3604 3254 hora

2033 3315 2154 3356 cum
2185 3313 2374 3356 omnes
2402 3298 2494 3367 qui
2525 3298 2578 3353 in
2601 3297 2965 3352 monumentis
2995 3294 3204 3364 jaceut,
3257 3292 3481 3347 audient
3507 3309 3520 3345 :
3555 3298 3610 3344 et

2032 3388 2329 3460 procedent
2387 3388 2480 3458 qui
2514 3387 2652 3442 bona
2685 3387 2934 3442 iecerunt
2963 3387 3015 3438 iu
3043 3383 3498 3439 resurrectionem
3534 3379 3609 3434 vi-

2035 3490 2180 3547 taa,et
2203 3481 2293 3551 qui
2325 3479 2465 3535 mala
2483 3488 2711 3550 egerunt
2732 3480 2783 3534 in
2811 3477 3266 3535 resurrectionem
3287 3473 3602 3544 judicii'h

2031 3571 2168 3627 Nam
2198 3572 2349 3643 prius
2384 3572 2610 3636 dictum,
2629 3588 2648 3622 ι
2673 3571 2815 3640 quod
2843 3570 2990 3624 venit
3020 3569 3174 3634 hora,
3195 3577 3247 3624 et
3274 3581 3416 3621 nunc
3433 3575 3516 3620 est
3541 3582 3554 3630 ;
3585 3582 3605 3616 ι

2031 3675 2086 3722 et
2109 3666 2279 3722 illud:
2340 3683 2360 3717 ι
2403 3665 2494 3734 qui
2524 3664 2796 3720 audierint
2829 3664 3029 3725 vivent,
3069 3682 3088 3715 ι
3127 3663 3192 3717 de
3245 3660 3350 3714 illis
3379 3659 3469 3729 qui
3521 3657 3610 3711 illo

2035 3765 2277 3826 tempore
2317 3762 2738 3811 resurrexerunt
2761 3753 2990 3809 mortuis
3016 3753 3218 3807 dictum
3250 3750 3369 3804 fuit.
3430 3747 3609 3802 Verba

2033 3857 2215 3902 autem
2250 3862 2265 3899 :
2307 3864 2326 3898 ι
2362 3860 2552 3900 omnes
2574 3844 2666 3914 qui
2694 3845 2748 3897 in
2769 3843 3132 3898 monumentis
3155 3842 3362 3911 jacent,
3406 3860 3424 3892 ι
3464 3841 3608 3894 diem

2033 3937 2303 4006 generalis
2329 3934 2750 3990 resurrectionis
2808 3942 2861 3987 et
2884 3933 3134 4003 gloriosa:
3155 3932 3355 3988 ChriSti
3393 3931 3608 4000 appari-

2036 4028 2196 4083 tionis
2217 4026 2546 4096 signiiicant.
2577 4025 2644 4079 Et
2669 4023 2828 4093 paulo
2862 4031 2980 4092 post
3010 4037 3200 4076 rursus
3235 4020 3404 4075 dicit:
3450 4039 3468 4072 ι
3493 4019 3604 4088 Ego

2033 4131 2152 4173 sum
2179 4116 2331 4186 panis
2354 4117 2478 4169 vitae
2501 4113 2572 4168 ⁸ο.
2614 4133 2633 4167 ›
2661 4113 3050 4168 Verumtamen
3098 4111 3226 4166 haec-
3245 4109 3448 4175 omuia,
3510 4123 3606 4164 ceu

2034 4226 2140 4265 non
2171 4209 2469 4273 audientes,
2504 4206 2587 4261 vel
2632 4206 2810 4276 potius
2840 4205 3201 4260 voluntariam
3269 4203 3606 4257 surdidatem

2035 4303 2372 4372 proiitcutes,
2412 4299 2786 4352 transmittunt
2810 4314 2824 4363 ;
2856 4295 2996 4350 hanc
3024 4310 3184 4349 unam
3210 4309 3340 4350 vero
3363 4293 3607 4349 voculaui

345 4384 1316 4456 ἐθελοκωφοῦντες,παραπέμπονται
1337 4403 1350 4416 ο
1375 4385 1579 4457 ταύτην
1604 4385 1662 4439 δὲ
1704 4387 1802 4458 τὴν
1830 4404 1930 4456 cpe)-

2035 4411 2154 4464 quaz
2173 4393 2248 4448 ait
2274 4410 2287 4447 :
2329 4412 2346 4444 ι
2373 4391 2527 4446 Nune
2560 4400 2740 4446 autem
2766 4390 3008 4461 qumritis
3035 4404 3120 4443 me
3151 4387 3479 4453 interficere,
3511 4389 3609 4442 ho-

344 4480 446 4547 νὴν
474 4478 578 4548 τὴν
600 4477 884 4546 λέγουσαν,
933 4496 951 4527 ι
1006 4479 1120 4532 Νῦν
1159 4479 1215 4531 δὲ
1255 4478 1472 4548 ζητεῖτέ
1500 4496 1566 4548 με
1588 4480 1926 4545 ἀποκτεῖναι,

345 4568 640 4639 ἄνθρωπον
677 4570 737 4633 ὃς
775 4570 871 4642 τὴν
917 4570 1174 4642 ἀλήθειαν
1221 4571 1348 4641 ὑμῖν
1393 4571 1687 4642 λελάληκα,
1719 4592 1737 4624 ι
1783 4589 1930 4642 περι-

346 4658 609 4729 φέρουσιν
653 4659 789 4732 πρὸς
832 4659 894 4712 τὸ
937 4660 1047 4713 τῶν
1089 4661 1493 4731 ἀκεραιοτέρων
1548 4662 1930 4733 διαταράττειν

347 4751 440 4803 τὸν
467 4751 618 4809 νοῦν,
667 4753 864 4823 Ἐχρῆν
891 4752 951 4805 δὲ
978 4753 1196 4817 αὐτοὺς,
1227 4753 1386 4826 εἴπερ
1409 4751 1548 4826 ἦσαν
1573 4755 1743 4824 ὀρθοὶ,
1772 4753 1930 4809 τοῦτο

348 4841 681 4909 λογίζεσθαι,
715 4844 797 4896 ὅτι
836 4861 942 4915 περ
971 4846 1001 4897 6
1027 4844 1095 4898 τὰ
1131 4849 1504 4918 προειρημένα
1537 4847 1798 4918 λαλήσας,
1840 4847 1930 4900 αύ-

345 4935 440 4996 τὺς
471 4935 568 4987 καὶ
587 4934 795 5006 ταύτην
819 4937 1010 5007 εἴρηκε
1036 4937 1133 5008 τὴν
1161 4939 1364 5009 φωνὴν,
1392 4941 1486 4993 καὶ
1518 4941 1593 5011 μὴ
1618 4939 1704 4992 διὰ
1728 4939 1931 5010 ταύτην

347 5024 456 5077 τῶν
483 5024 756 5079 τοσούτων
791 5027 980 5099 ὥσπερ
1011 5028 1532 5100 ἐπιλανθανομένους
1580 5031 1924 5094 σκανδαλίζεο

350 5116 507 5169 σθαι⁶
541 5120 784 5172 κάκεῖνοι
809 5120 920 5191 γὰρ
961 5120 1246 5192 ἄνθρωπον
1266 5123 1518 5195 ὁρῶντες,
1557 5124 1650 5177 καὶ
1681 5125 1779 5187 τὰς
1817 5124 1934 5178 θεο-

347 5211 581 5278 πρεπεῖς
603 5209 786 5278 φωνὰς
817 5212 1036 5266 ἀκούειν
1057 5215 1156 5268 οὐκ
1176 5217 1510 5286 ἀνεχόμενοι,
1541 5217 1744 5286 ελεγον·
1782 5235 1800 5269 ι
1819 5218 1932 5288 Οὐχ

345 5291 508 5361 οὗτός
533 5301 681 5353 ἐστιν
706 5303 735 5354 6
775 5303 893 5367 υίὸς
929 5303 1148 5374 Ἰωσὴφ,
1185 5299 1247 5359 οὗ
1273 5309 1432 5377 ἡμεῖς
1458 5308 1678 5378 οἴδαμεν
1702 5310 1794 5362 τὸν
1823 5326 1931 5362 πα-

342 5392 522 5462 τέρας
553 5412 571 5444 ι
606 5394 718 5446 Καὶ
741 5394 900 5448 πάλιν
938 5395 1088 5466 αύτῴ
1120 5397 1430 5468 προσῄεσαν
1453 5399 1699 5468 λέγοντες
1718 5418 1731 5430 ·
1756 5421 1774 5452 ι
1802 5401 1934 5454 Τίνα

419 5597 470 5628 ’⁸
499 5594 629 5650 an.
675 5611 750 5661 att,
787 5596 877 5650 54.

348 5669 439 5725 55.
525 5667 566 5698 ⁸³
600 5666 735 5721 ibid.
768 5669 854 5723 ιι.

955 5599 1001 5628 ⁷³
1025 5597 1180 5651 Jonn.
1215 5616 1265 5662 v,
1310 5602 1488 5655 l7-l9.

934 5667 1294 5736 ⁸²1υῖιιι.νιιι,
1328 5673 1414 5727 55.

1569 5604 1612 5634 ⁷⁸
1645 5604 1776 5659 Joan
1839 5623 1888 5670 ν,
1925 5605 2013 5659 22.

2037 4489 2236 4541 minem
2271 4485 2361 4555 qui
2393 4486 2672 4538 veritatem
2705 4483 2857 4537 vobis
2887 4483 3100 4538 locutus
3123 4480 3609 4546 διιιηρτρίιόιιιιιΐο-

2038 4586 2166 4633 runt
2192 4575 2256 4630 ad
2290 4574 2683 4646 perturbandas
2707 4573 3094 4643 simpliciorum
3151 4579 3382 4626 mentes.
3440 4570 3612 4638 Opor-

2039 4678 2177 4724 teret
2208 4677 2386 4722 autem
2421 4667 2562 4731 illos,
2615 4666 2659 4720 si
2717 4666 2848 4719 recti
2915 4671 3119 4726 essent,
3173 4663 3274 4718 hoc
3332 4673 3608 4730 reputare,

2037 4777 2236 4832 nempe
2266 4761 2358 4830 qui
2386 4760 2665 4830 superiora
2691 4759 2923 4824 dixerat,
2954 4756 3202 4812 eumdem
3266 4756 3406 4808 hanc
3447 4753 3608 4807 etiam

2038 4852 2332 4922 protulisse
2360 4850 2640 4915 voculam;
2672 4847 3034 4918 neque—hujus
3057 4860 3240 4907 causa,
3263 4852 3338 4896 tot
3364 4841 3453 4895 illa
3494 4851 3609 4894 tan-

2040 4955 2200 5014 taque
2231 4944 2447 5007 oblitos,
2483 4937 2861 4996 scandalizari.
2890 4935 3022 4990 Nam
3048 4943 3100 4989 ct
3129 4932 3298 4987 Iudici
3335 4931 3608 4985 hominem

2036 5035 2306 5099 videntes,
2335 5043 2384 5089 et
2420 5033 2528 5088 beo
2551 5032 2743 5101 dignas
2765 5025 3065 5083 locutiones
3087 5023 3274 5077 audire
3299 5036 3402 5075 non
3429 5021 3610 5074 feren-

2041 5137 2140 5193 tes,
2169 5128 2382 5183 dicebar
2403 5138 2462 5184 t:
2496 5143 2513 5176 ι
2544 5123 2734 5179 Nonne
2761 5121 2845 5174 hic
2873 5126 2958 5174 est
2985 5115 3205 5184 Joscphi
3254 5113 3416 5178 (ilius,
3459 5114 3610 5182 cujus

2041 5235 2140 5274 nos
2169 5229 2376 5290 patrem
2413 5225 2750 5282 matremque
2775 5211 3023 5265 novimus
3055 5207 3140 5261 ‘l?
3173 5225 3192 5258 ι
3224 5205 3514 5275 Denuoque
3545 5207 3610 5259 ad

2038 5326 2160 5367 eum
2223 5313 2568 5365 accesserunt
2620 5305 2912 5360 dicentes:
2971 5319 2990 5352 ι
3023 5298 3193 5365 Quem
3240 5299 3470 5368 teipsum
3526 5298 3610 5350 ia-

2040 5403 2218 5458 cis”?
2243 5421 2264 5454 ›
2294 5404 2361 5457 Ει
2386 5414 2576 5456 rursus
2605 5415 2619 5452 :
2655 5416 2674 5450 ι
2729 5393 3129 5465 Quinquaginta
3155 5407 3326 5449 annos
3374 5395 3610 5448 nondum

2092 5604 2132 5637 ⁷⁷
2161 5607 2290 5661 ibid.
2327 5605 2416 5660 25.

2499 5603 2696 5660 "ibid.
2731 5603 2796 5658 27
2874 5605 2916 5636 τ’
2949 5604 3079 5660 ibid.
3114 5602 3202 5659 29.
3283 5601 3335 5634 ’θ’
3357 5600 3511 5657 ὅσση.
3542 5615 3610 5667 vt,
