4002 6192
409 261 515 315 275

1435 261 1492 315 s.
1533 259 1809 316 cvntLLt
1848 255 2315 313 ALEXANDBINI
2358 233 2678 311 ARClTlt-ZP.

3564 248 3674 303 216

411 390 470 429 es
503 383 678 439 natus,
695 381 750 427 et
779 368 1141 428 Abrahamum
1172 373 1472 443 cognovisti
1500 374 1591 427 '3?
1626 394 1645 427 ι
1681 373 1826 429 Sane
1849 387 1985 442 opus

2103 372 2315 426 ςεαυτὸν
2368 373 2579 434 ποιεῖςς
2629 387 2648 421 ι
2705 365 2814 419 Καὶ
2854 362 3047 418 πάλιν·
3103 381 3122 413 ι
3178 362 3521 432 Πεντήκοντα
3574 363 3675 434 ἔτη

407 471 554 516 esset.
585 462 857 531 pnedictis
918 463 1286 532 acquiescere,
1343 478 1518 533 neque
1567 465 1799 520 ulterius
1834 464 1988 533 quid-

413 569 577 616 quam
604 555 905 623 requirere.
966 555 1100 609 Nam
1126 555 1217 625 qui
1253 565 1402 611 recto
1435 557 1719 612 ratiocinio
1759 557 1836 612 uti
1870 566 1986 611 stu.

417 646 548 697 dent
571 643 623 696 in
653 643 960 698 divinarum
1001 644 1402 714 Scripturarum
1435 645 1669 710 acroasi,
1715 645 1855 700 bona
1885 645 1989 700 fide

409 735 610 800 dicent,
643 736 772 790 nihil
793 751 1117 806 repugnare,
1155 737 1319 791 Deum
1375 735 1557 808 1555
1604 735 1763 790 simul
1799 745 1854 790 et
1893 736 1989 790 ho-

411 827 634 893 minem,
664 842 786 882 cum
813 827 1152 897 loquebatur,
1182 829 1344 883 modo
1371 843 1430 883 se
1458 827 1646 893 Deum,
1680 828 1841 882 modo
1892 828 1986 882 lio-

415 918 610 973 minem
634 932 694 973 se
727 919 1059 984 nominasse,
1091 920 1222 989 quin
1261 928 1384 974 utra
1421 933 1487 973 ex
1535 920 1620 975 his
1662 918 1986 990 appellatio-

414 1011 570 1065 nibus
598 1010 825 1064 alteram
854 1011 1114 1066 destruat.

484 1189 573 1242 l7.
605 1187 748 1243 Sane
764 1199 817 1244 et
849 1189 1068 1245 aliunde
1096 1204 1323 1246 cernere
1346 1188 1494 1254 licet,
1529 1189 1807 1245 Christum
1842 1189 1990 1245 haud

413 1280 484 1334 ita
511 1281 918 1353 intelligendum
967 1297 1094 1337 esse
1130 1283 1514 1346 hominem,ut
1558 1283 1786 1338 istorum
1809 1281 1992 1351 opinio

415 1373 535 1426 fcrt.
561 1370 853 1442 Postquam
875 1371 1045 1428 Judai
1081 1373 1290 1428 facinus
1320 1372 1448 1427 illud
1470 1371 1857 1442 patrarunt,de
1885 1385 1992 1440 quo

413 1464 662 1520 cumillis
697 1481 836 1520 nunc
861 1465 1124 1521 Dominus
1179 1466 1508 1534 expostulat,
1567 1464 1992 1529 salutarem,in-

411 1569 595 1623 quam,
616 1556 943 1623 passionem,
960 1556 1003 1610 si
1023 1567 1276 1625 tanquam
1306 1555 1540 1610 hominis
1555 1555 1826 1610 occisores
1842 1555 1992 1607 dam-

414 1645 526 1698 nati
558 1645 808 1711 fuissent,
841 1656 970 1701 tunc
1005 1646 1146 1700 haud
1176 1662 1338 1701 sensu
1384 1661 1603 1702 cassum
1656 1645 1796 1699 foret
1848 1644 1988 1712 quod

2100 463 2254 517 οὔπω
2279 464 2446 534 ἔχεις,
2482 461 2578 515 καὶ
2640 456 2888 527 ’Δϐραάμ
2917 454 3242 523 γινώσκειςς
3295 473 3314 505 ι
3360 453 3469 506 Καὶ
3505 453 3676 524 ἐχρῆν

2095 556 2194 624 μὲν
2243 557 2356 617 τοῖς
2403 553 2504 622 ἥδη
2540 547 2959 622 προειρημένοις
2993 545 3306 616 ἀρκεῖσθαι,
3357 543 3454 596 καὶ
3509 544 3679 614 μηδὲν

2093 646 2253 699 πλέον
2291 643 2570 713 ἐπιζητεῖν
2588 658 2604 674 ο
2633 641 2686 694 οί
2713 639 2822 709 γὰρ
2851 635 3108 706 λογισμὸν
3135 634 3291 704 ὀρθὸν
3328 633 3474 704 ἐχειν
3509 651 3675 687 σπου-

2091 735 2344 801 δάζοντες
2374 736 2503 804 περὶ
2535 733 2634 801 τὴν
2660 730 2770 784 τῶν
2807 729 2969 782 θείων
2995 725 3229 798 Γραφῶν
3266 726 3552 796 ἀκρόασιν,
3582 727 3679 778 εὑ-

2091 825 2387 896 γνωμόνως
2413 823 2678 889 λέξουσιν,
2719 820 2795 883 ὡς
2827 818 2981 874 οὐδὲν
3017 818 3217 871 ἄτοπον
3251 816 3338 886 εἴη
3379 815 3512 868 Θεὸν
3537 815 3680 886 ὁμοῦ

2092 917 2186 970 καὶ
2217 915 2502 988 ἄνθρωπον
2535 914 2683 980 ὅντα,
2731 913 2819 965 ὅτε
2857 909 3173 980 λελάληκεν,
3207 907 3339 960 ποτὲ
3387 910 3486 978 μὲν
3518 906 3680 973 Θεὸν,

2094 1009 2224 1062 ποτὲ
2262 1009 2320 1062 δὲ
2367 1007 2652 1079 ἄνθρωπον
2684 1002 3069 1076 ὀνομάζεσθαι,
3109 999 3363 1070 οὐδαμῶς
3406 999 3685 1071 ἑκατέρας

2093 1101 2464 1172 προσηγορίας
2489 1100 2590 1170 τὴν
2621 1100 2813 1170 ἑτέραν
2841 1095 3164 1165 ἀθετούσης.

2166 1193 2255 1256 ιζ’.
2304 1190 2523 1262 Ἐπειδὴ
2555 1190 2612 1243 δὲ
2643 1189 2817 1242 ἔνεστι
2850 1188 2946 1240 καί⁵
2977 1186 3242 1256 ἑτέρωθεν
3270 1183 3429 1238 τοῦτο
3452 1183 3682 1254 θεωρεῖ-

2094 1285 2250 1349 σθαι,
2285 1285 2361 1348 ὡς
2391 1284 2492 1338 οὐκ
2523 1283 2812 1355 ἄνθρωπος
2859 1280 3102 1334 νοεῖσθαι
3144 1279 3232 1333 διὰ
3267 1277 3426 1332 τοῦτο
3469 1278 3680 1347 ὀφείλει

2093 1375 2233 1430 κατά
2260 1375 2358 1446 τὴν
2392 1374 2597 1427 τούτων
2647 1373 2940 1426 ὑπόνοιαν·
2999 1368 3136 1441 μετά
3182 1369 3244 1422 τὸ
3293 1367 3497 1438 πρᾶξαι
3551 1369 3684 1430 τοὺς

2106 1466 2389 1529 Ἰουδαίους
2421 1465 2602 1532 τοῦτο,
2635 1466 2770 1535 ὅπερ
2813 1461 3045 1518 ἐνταῦθα
3086 1461 3285 1524 αὐτοὺς
3334 1459 3614 1530 ἐμέμφετο
3652 1461 3684 1512 ὁ

2094 1560 2320 1632 Κύριος,
2356 1559 2501 1627 λέγω
2536 1557 2602 1629 δὴ
2632 1557 2694 1611 τὸ
2731 1559 2998 1629 σωτήριον
3030 1554 3219 1620 πάθος,
3261 1555 3310 1606 εί
3342 1554 3452 1624 ἀρα
3480 1553 3556 1616 ὡς
3589 1553 3686 1607 ἀν-

2095 1650 2310 1722 θρωπον
2355 1650 2775 1712 ἀποκτείναντες
2810 1647 3239 1716 κατεκρίθησαν,
3287 1645 3409 1697 τότε
3455 1643 3566 1715 γὰρ
3612 1645 3685 1698 ἀν

412 1737 480 1792 ab
513 1737 619 1792 illis
650 1738 949 1792 dicebatur.
973 1737 1076 1793 Sed
1104 1752 1228 1792 cum
1265 1738 1685 1807 tanquamllege
1712 1750 1776 1790 ac
1808 1734 1990 1790 Domi-

2103 1720 2345 1811 δυνηθείη
2381 1739 2538 1807 λόγον
2565 1739 2709 1810 ἔχειν
2747 1740 2807 1792 τὸ
2851 1739 2940 1791 ὑπ’
2972 1737 3152 1791 αὐτῶν
3179 1735 3501 1805 λεγόμενον’
3536 1738 3585 1788 εί
3623 1737 3685 1788 δὲ

419 1845 488 1883 no
508 1829 688 1885 occiso
722 1829 960 1883 damnati
997 1829 1218 1894 fuerint,
1248 1829 1588 1899 exploratum
1639 1827 1698 1882 fit
1726 1826 1990 1882 adversa-

414 1918 524 1978 rios
552 1927 766 1972 nostros
789 1919 1010 1972 stultam
1037 1919 1138 1973 sibi
1167 1921 1479 1989 opinionem
1511 1933 1749 1985 creasse,
1778 1932 1901 1972 cum
1928 1917 1991 1970 il-

414 2009 523 2063 lum
553 2010 868 2064 existimant
893 2025 1099 2064 merum
1134 2025 1254 2065 esse
1281 2012 1574 2075 hominem,
1624 2010 1835 2064 etiamsi
1862 2010 1992 2064 Ver-

413 2103 539 2154 bum
573 2101 624 2154 in
658 2100 774 2169 ipso
801 2100 1046 2156 habitare
1068 2101 1269 2155 dicant.
1289 2100 1449 2156 Certe
1482 2101 1675 2156 beatus
1699 2099 1900 2153 Paulus
1924 2099 1992 2153 de

413 2191 860 2260 crucifigentibus
883 2193 1129 2262 loquens,
1159 2191 1373 2247 Domini
1425 2193 1698 2247 occisores
1746 2191 1866 2246 illos
1913 2205 1993 2245 re-

415 2291 734 2348 praesentat,
763 2283 849 2338 bis
872 2286 1050 2339 verbis
1085 2292 1276 2338 utens:
1300 2303 1319 2335 ι
1345 2281 1478 2337 Nam
1510 2284 1555 2337 si
1585 2283 1990 2353 cognovissent,

417 2389 694 2442 nunquam
735 2376 1021 2430 Dominum
1075 2376 1261 2445 gloria:
1320 2375 1811 2429 crucifixissent“.
1870 2393 1889 2426 ι
1929 2374 1994 2428 Et

417 2467 530 2530 ipse
556 2481 773 2536 quoque
811 2467 1070 2522 Dominus
1097 2468 1148 2520 in
1176 2467 1346 2521 vinem
1372 2467 1624 2536 parabola
1651 2466 1725 2518 ait
1757 2475 1995 2536 patrem-

418 2557 650 2611 familias
695 2558 911 2613 misisse
969 2572 1159 2613 servos
1209 2573 1336 2612 suos
1385 2557 1450 2611 ad
1497 2556 1783 2628 agricolas.
1837 2557 1904 2611 At
1939 2557 1992 2610 hi

427 2669 444 2699 ι
476 2648 640 2703 alium
673 2650 888 2718 quidem
921 2651 1302 2714 verberarnnt,
1324 2650 1522 2718 inquit,
1573 2649 1738 2702 alium
1783 2649 1996 2704 occide-

418 2749 568 2803 runt,
600 2742 765 2795 alium
790 2741 1054 2812 lapidibus
1080 2743 1400 2807 obruerunt,
1441 2759 1456 2793 I
1484 2739 1734 2809 agricola:
1761 2739 1992 2793 scilicet.

420 2831 700 2888 Postremo
734 2832 947 2888 misisse
971 2833 1102 2887 dicit
1126 2832 1316 2896 filium,
1349 2846 1456 2901 quo
1489 2832 1606 2884 viso
1633 2829 1883 2900 agricola:
1908 2830 1994 2882 in-

422 2932 503 2975 tra
530 2937 589 2976 se
619 2922 906 2978 dixerunt:
943 2942 961 2975 ι
999 2923 1097 2978 Hic
1126 2932 1210 2978 est
1239 2925 1432 2986 hmres,
1461 2924 1657 2986 venite,
1682 2922 1995 2979 occidatnus

419 3026 567 3076 eum,
610 3012 834 3082 ejusque
867 3015 1235 3069 hereditatem
1268 3029 1598 3083 occupemus
1635 3032 1647 3066 :
1699 3024 1861 3082 atque
1919 3013 1992 3067 ita

420 3118 546 3157 eum
609 3107 1059 3173 comprehensum
1121 3115 1174 3160 et
1242 3106 1396 3159 vinea
1445 3106 1678 3174 ejectum
1707 3107 1998 3160 intereme-

420 3195 634 3249 runt".
665 3213 683 3246 ι
720 3195 777 3251 Si
795 3212 926 3264 ergo
943 3198 1232 3267 Apostolus
1254 3199 1472 3268 quidem
1502 3199 1686 3268 gloria:
1709 3197 1996 3252 Dominum

420 3286 711 3341 conﬁtetur
739 3301 861 3342 eum
881 3289 972 3358 qui
1003 3290 1294 3345 crucifixus
1323 3291 1464 3354 fuit;
1499 3290 1614 3360 ipse
1645 3301 1821 3345 autem
1868 3290 2000 3344 Ser-

422 3390 581 3436 vator
612 3382 906 3452 prophetas
935 3384 1153 3454 quidem
1187 3397 1472 3438 servorum
1506 3385 1792 3437 missorum
1823 3381 1998 3434 nomi-

424 3486 495 3524 ne
517 3471 764 3527 denotari
794 3474 984 3537 docet,
1015 3477 1367 3542 semetipsum
1400 3489 1530 3529 vero
1564 3475 1759 3528 Filium
1789 3471 2001 3527 Domini

428 3577 706 3619 servorum
733 3565 968 3632 illorum;
1004 3569 1126 3635 quis
1149 3569 1254 3630 iam
1273 3569 1504 3624 ulterius
1528 3567 1671 3622 ausit
1698 3568 1880 3622 dicere
1902 3568 2000 3620 ho-

430 3656 628 3710 minem
663 3657 810 3712 illum
842 3659 1008 3716 fuisse
1033 3660 1123 3730 qui
1158 3663 1355 3728 aiebat,
1391 3681 1409 3714 ι
1437 3660 1590 3715 Nunc
1626 3674 1713 3716 me
1759 3659 2002 3729 quaeritis

428 3750 700 3818 occidere,
735 3770 754 3802 ι
789 3761 843 3806 et
866 3766 972 3806 non
1002 3755 1181 3822 potius
1210 3754 1565 3809 humanatum
1593 3751 1801 3806 Deum?
1855 3749 2003 3804 Prm-

429 3843 621 3898 sertim
668 3844 794 3914 quia
831 3845 939 3901 Deo
977 3845 1135 3917 digna
1163 3861 1350 3917 opera,
1410 3845 1509 3899 sub
1559 3843 1794 3898 hominis
1848 3843 2004 3898 titulo

425 3937 742 4005 praedicata,
799 3937 1283 3992 audieteventura.
1323 3958 1342 3990 ι
1376 3935 1536 3992 Venit
1561 3937 1704 3990 enim
1751 3937 1904 4002 hora,
1949 3943 2005 3991 et

429 4039 576 4079 nunc
611 4035 714 4094 est,
737 4042 857 4081 cum
889 4028 1330 4083 mortuiandient
1355 4042 1541 4084 vocem
1575 4027 1698 4082 Filii
1731 4027 2002 4094 hominis;

427 4119 485 4165 et
510 4115 600 4181 qui
633 4104 1124 4180 audierint,v'ivent
1145 4116 1225 4181 3‘;
1265 4135 1284 4168 ι
1325 4127 1380 4173 et
1407 4133 1420 4169 :
1460 4134 1478 4168 ι
1501 4117 1637 4172 Cum
1661 4117 1890 4180 venerit,
1919 4117 2003 4170 in-

429 4203 568 4269 quit,
601 4203 772 4259 Filius
817 4206 1122 4261 hominisin
1156 4221 1380 4276 regnum
1406 4223 1580 4271 suum,
1605 4216 1660 4261 et
1689 4221 1878 4261 omnes
1909 4221 2006 4260 an-

427 4293 528 4362 geli
556 4294 673 4362 ejus
697 4311 818 4350 cum
845 4312 931 4362 eo,
963 4307 1091 4353 tunc
1117 4299 1331 4354 sedebit
1359 4300 1409 4352 in
1436 4300 1630 4353 throno
1656 4299 1841 4366 gloria:
1872 4313 2002 4363 sum,

425 4384 625 4452 justam
650 4387 716 4442 de
738 4389 989 4445 omnibus
1007 4391 1324 4445 sententiam
1351 4389 1588 4445 ferens”
1611 4405 1626 4454 ;
1647 4409 1665 4442 ι
1694 4400 1768 4454 et,
1797 4409 1815 4441 ι
1837 4389 2005 4446 Nemo

431 4477 674 4531 ascendit
699 4479 751 4532 in
776 4479 998 4544 cmlum,
1029 4480 1131 4535 nisi
1163 4481 1255 4550 qui
1283 4481 1348 4536 de
1399 4480 1536 4535 cmlo
1593 4481 1873 4537 descendit
1913 4481 2003 4536 Fi-

430 4566 534 4620 lius
565 4567 798 4624 hominis
825 4568 892 4622 ⁸⁸.
931 4587 949 4619 ι

500 4832 788 4888 18.Αιι‹1ἰη’
813 4831 1095 4888 manifeste
1113 4834 1279 4889 Deum
1313 4835 1546 4891 Verbum
1563 4837 1796 4894 hominis
1817 4841 2002 4908 appel-

429 4926 653 4993 latione,
710 4937 931 4998 propter
977 4944 1129 4984 suam
1184 4946 1304 4986 cum
1384 4947 1546 4987 carne
1595 4935 1999 5004 adunattonem,

430 5016 956 5071 nominatutn?Nam
989 5019 1112 5088 quis
1167 5019 1306 5075 alius
1354 5021 1420 5076 de
1462 5021 1606 5078 coelo
1657 5023 2004 5082 descendisse

431 5109 696 5176 putandus
729 5111 848 5165 est?
875 5109 991 5165 Noli
1026 5112 1207 5182 itaque
1245 5113 1446 5168 diutius
1513 5115 1826 5170 scandalum
1868 5117 2001 5185 pati,

429 5216 551 5254 cum
578 5200 622 5254 is
669 5203 784 5256 ait:
822 5221 840 5254 ι
875 5202 1028 5258 Nunc
1060 5219 1146 5259 me
1171 5205 1412 5273 quaaritis
1441 5207 1708 5272 occidere,
1732 5208 2004 5264 hominem

429 5289 518 5355 qui
549 5292 829 5348 veritatem
860 5296 1012 5350 vobis
1045 5297 1152 5350 dixi
1179 5298 1245 5351 ⁸⁹ε
1285 5316 1304 5350 ι
1347 5299 1438 5353 sed
1472 5299 1859 5354 incarnationis
1887 5318 2004 5373 my-

429 5383 656 5438 sterium
687 5395 965 5454 reputans,
995 5388 1083 5456 pie
1120 5391 1321 5446 dictum
1347 5393 1590 5447 admitte.
1623 5391 1870 5462 Namque
1915 5394 2001 5448 his

501 5590 544 5620 ⁸³
572 5587 726 5661 ειῖδτπέο
765 5604 883 5652 Vl”.
917 5589 1054 5661 57.”
1083 5591 1128 5622 θλ
1156 5593 1173 5645 l
1198 5592 1317 5648 Cor.
1354 5611 1412 5660 ιι,
1448 5596 1498 5650 8.
1576 5597 1620 5628 ⁸⁸
1661 5596 1846 5652 Matth.
1899 5613 2011 5658 XXI,
2043 5597 2130 5650 Si.
2208 5597 2252 5628 "
2282 5595 2433 5651 Jnan.
2473 5611 2525 5661 v,
2564 5593 2652 5648 9.3.

436 5660 518 5714 15.
599 5660 640 5691 ’τ’
676 5658 829 5713 Joan.
859 5676 968 5722 vin,
1001 5659 1086 5711 40.

2093 1833 2170 1896 ὡς
2197 1831 2340 1885 κατά
2363 1831 2633 1884 Δεσπότου
2650 1831 2744 1883 καὶ
2759 1830 2964 1899 Κυρίου
2986 1827 3358 1898 τολμήσαντες
3388 1825 3684 1880 κατεδικάο

2095 1924 2322 1995 σθησαν,
2355 1923 2512 1994 δῆλον
2561 1923 2638 1985 ὡς
2674 1922 2910 1991 ματαίαν
2959 1921 3213 1973 ὑπόνοιαν
3250 1920 3463 1982 ἑαυτοῖς
3504 1919 3683 1972 ἐπλάι

2095 2034 2278 2082 σαντο,
2310 2017 2597 2087 ἄνθρωπον
2634 2015 2956 2084 νομίσαντες
3005 2008 3166 2076 εἶναι,
3201 2011 3303 2066 κᾶν
3333 2013 3564 2064 ἐνοικεῖν
3599 2012 3684 2074 είς

2093 2109 2256 2164 αὐτὸν
2279 2108 2368 2161 τὸν
2397 2108 2569 2176 Λόγον
2599 2107 2852 2174 λέγωσιν.
2897 2104 2957 2158 '0
2985 2104 3083 2174 μὲν
3111 2099 3204 2157 οὖν
3236 2103 3503 2173 μακάριος
3535 2100 3688 2155 Παῦ-

2092 2201 2183 2264 λος
2207 2200 2335 2270 περὶ
2366 2198 2478 2251 τῶν
2503 2197 2933 2270 παυρωσάντων
2961 2194 3364 2265 διαλεγόμενος,
3399 2193 3686 2264 κυριοκτό-

2093 2307 2217 2354 νους
2276 2289 2474 2352 αὐτοὺς
2536 2287 2786 2357 ἐναργῶς
2846 2285 3196 2356 παρίστησιν,
3227 2285 3419 2346 αὑταῖς
3473 2283 3690 2348 λέξεσιν

2094 2381 2323 2452 γράφων
2361 2380 2534 2443 οὕτως
2554 2395 2569 2410 ο
2613 2397 2632 2429 ι
2678 2379 2741 2430 EE
2779 2376 2888 2447 γὰρ
2920 2379 3186 2444 ἔγνωσαν,
3217 2375 3316 2427 οὐκ
3351 2374 3417 2428 ἂν
3440 2374 3532 2426 τὸν
3563 2375 3686 2427 Κύ-

2099 2489 2212 2543 ριον
2243 2473 2344 2542 τῆς
2379 2471 2536 2540 δόξης
2581 2467 2951 2539 ἐσταύρωσαν.
2999 2486 3019 2519 ι
3055 2467 3164 2520 Καὶ
3200 2465 3362 2529 αὐτὸς
3387 2465 3444 2519 δέ
3472 2465 3688 2535 Κύριος

2096 2568 2151 2617 έν
2183 2566 2250 2635 τῇ
2294 2563 2388 2616 τοῦ
2423 2561 2743 2632 ἀμπελῶνος
2781 2559 3063 2631 παραϐολῇ
3101 2557 3495 2612 ἀπεσταλκέναι
3543 2559 3690 2627 φησὶ

2093 2656 2186 2709 τὸν
2210 2654 2599 2723 οἰκοδεσπότην
2621 2654 2746 2716 τοὺς
2774 2651 2996 2713 δούλους
3018 2650 3182 2703 αὐτοῦ
3204 2649 3338 2720 πρὸς
3359 2649 3481 2711 τοὺς
3505 2665 3691 2720 γεωρ-

2095 2750 2225 2818 γούς
2249 2768 2261 2780 ·
2299 2769 2316 2800 ι
2342 2750 2434 2802 καὶ
2453 2750 2512 2801 ὃν
2541 2748 2640 2818 μὲν
2671 2749 2903 2816 ἔδειραν,
2933 2748 3117 2815 φησιν,
3152 2744 3211 2798 ὃν
3244 2744 3302 2796 δὲ
3333 2743 3688 2806 ἀπέκτειναν,

2095 2842 2154 2895 δν
2202 2840 2602 2908 ἐλιθοϐόλησαν,
2638 2858 2656 2888 ι
2681 2839 2730 2890 οἱ
2753 2837 2990 2908 γεωργοὶ
3040 2835 3320 2906 δηλονότιο
3371 2833 3596 2904 ὕστερον
3627 2833 3690 2887 δὲ

2095 2929 2499 2985 ἀπεσταλκέναι
2551 2929 2714 2998 φησὶν
2755 2927 2916 2981 αὑτὸν
2957 2926 3047 2980 τὸν
3093 2925 3230 2992 υἱὸν,
3276 2924 3335 2978 ὃν
3365 2925 3415 2978 οἱ
3449 2925 3690 2995 γεωργοὶ

2099 3022 2423 3092 θεασάμενοι
2458 3015 2612 3074 εἷπον
2662 3019 2798 3088 πρὸς
2845 3018 3072 3081 ἑαυτούς
3098 3033 3112 3049 ο
3169 3035 3188 3068 ι
3244 3008 3414 3080 Οὗτός
3462 3018 3606 3069 ἐστιν
3658 3016 3693 3067 ό

2101 3113 2454 3183 κληρονόμος,
2475 3110 2648 3173 δεῦτε,
2687 3109 3100 3179 ἀποκτείνωμεν
3129 3107 3312 3174 αὑτὸν,
3343 3107 3438 3160 καὶ
3468 3107 3688 3176 σχῶμεν

2101 3202 2266 3258 αὐτοῦ
2292 3202 2390 3272 τὴν
2417 3199 2815 3272 κληρονομίαν·
2842 3199 2937 3252 καὶ
2965 3198 3221 3261 λαϐόντες
3246 3199 3410 3252 αὐτὸν
3433 3197 3690 3264 ἐξέϐαλον

2102 3295 2206 3358 ἔξω
2247 3294 2342 3347 τοῦ
2387 3292 2732 3363 ἀμπελῶνος,
2767 3293 2862 3344 καὶ
2903 3291 3252 3344 ἀπέκτειναν.
3298 3308 3316 3341 ι
3356 3291 3417 3342 El
3450 3289 3627 3343 τοίνυν
3659 3289 3690 3340 ὁ

2107 3387 2209 3458 μὲν
2239 3385 2561 3446 Ἀπόστολος
2577 3383 2784 3454 Κύριον
2821 3383 2919 3452 τῆς
2950 3381 3110 3451 δόξης
3153 3382 3245 3434 τὸν
3275 3379 3692 3449 ἐσταυρωμένον

2103 3477 2372 3548 ὁμολογεῖ,
2405 3475 2567 3539 αὐτὸς
2595 3475 2652 3527 δέ
2681 3475 2708 3526 ὁ
2740 3473 2930 3545 Σωτὴρ
2964 3473 3090 3536 τοὺς
3131 3472 3232 3542 μὲν
3263 3473 3546 3542 προφήτας
3566 3469 3692 3524 δού-
3727 3460 3732 3464 ”

2102 3569 2228 3632 λους
2261 3567 2706 3636 ἀπεσταλμένους
2738 3565 3001 3630 διδάσκει,
3035 3565 3228 3618 ἑαυτὸν
3271 3564 3326 3616 δὲ
3355 3563 3449 3616 τοῦ
3482 3563 3693 3616 Asand-

2103 3675 2198 3711 του
2218 3657 2326 3711 τῶν
2353 3656 2554 3710 δούλων
2586 3655 2736 3722 Υίὸν,
2767 3656 2850 3717 τίς
2879 3656 2959 3707 ἑτι
2985 3655 3248 3724 τολμήσει
3272 3653 3454 3721 λέγειν
3487 3653 3560 3715 ὡς
3589 3653 3693 3706 ἇν-

2105 3749 2324 3821 θρωπος
2353 3745 2421 3819 ἦν
2461 3749 2490 3800 ὁ
2539 3747 2734 3816 λέγων,
2771 3766 2789 3797 ι
2825 3746 2941 3798 Νῦν
2977 3746 3034 3799 δὲ
3062 3744 3277 3816 ζητεῖτέ
3315 3761 3383 3814 με
3423 3745 3692 3797 ἀποκτεῖ-

2104 3857 2213 3906 ναι,
2253 3860 2272 3894 ι
2310 3841 2404 3894 καὶ
2439 3839 2559 3910 ούχὶ
2613 3838 2814 3908 μᾶλλον
2863 3838 2998 3901 Θεὸς
3044 3834 3518 3907 ἐνηνθρωπηκώς;
3573 3835 3694 3888 Καὶ

2110 3933 2324 4006 μάλισθ’
2355 3933 2485 3986 ὅταν
2533 3931 2627 3985 καὶ
2659 3931 2729 3985 τά
2767 3928 3050 4000 θεοπρεπῆ
3104 3928 3241 4000 ἔργα
3281 3925 3351 3999 ’τῇ
3396 3925 3691 3997 ἀνθρώπου

2107 4026 2450 4100 προσηγορίᾳ.
2503 4024 2774 4095 λεγόμενα
2827 4021 3004 4095 ἀκούῃ
3067 4020 3331 4088 μέλλοντα
3393 4017 3646 4087 γίνεσθαι
3674 4034 3689 4048 ο

2113 4138 2132 4170 ι
2181 4120 2441 4190 Ἔρχεται
2473 4116 2582 4187 γὰρ
2611 4115 2751 4186 ὥρα,
2784 4113 2880 4168 καὶ
2928 4112 3022 4166 νῦν
3069 4111 3241 4178 ἐστιν,
3286 4111 3374 4165 ὅτε
3416 4111 3465 4164 οἱ
3504 4109 3695 4179 νεκροὶ

2105 4210 2427 4266 ἀκούσουσιν
2454 4210 2550 4279 τῆς
2587 4207 2774 4277 φωνῆς
2804 4205 2897 4259 τοῦ
2928 4205 3060 4260 Υἱοῦ
3094 4204 3189 4258 τοῦ
3223 4201 3509 4274 ἀνθρώπου
3531 4217 3544 4231 °
3592 4201 3694 4253 καὶ

2105 4303 2155 4355 οἱ
2186 4300 2518 4361 ἀκούσαντες
2555 4299 2799 4368 ζήσουσι.
2843 4316 2864 4350 ι
2889 4297 3018 4363 Καὶ,
3054 4314 3073 4348 t
3113 4297 3283 4350 Ὅταν
3318 4293 3470 4366 ἔλθη,
3500 4292 3691 4363 φησὶν,

2106 4397 2135 4448 ό
2176 4394 2310 4458 -Υίὸς
2349 4391 2444 4446 τοῦ
2491 4389 2780 4462 ἀνθρώπου
2825 4389 2885 4442 ἐν
2932 4391 3000 4460 τῇ
3057 4386 3304 4459 βασιλείᾳ
3355 4385 3550 4448 αὐτοῦ,
3595 4383 3694 4436 καὶ

2109 4485 2309 4547 πάντες
2327 4485 2374 4536 οἱ
2396 4481 2618 4550 ἄγγελοι
2648 4481 2766 4550 μετ’
2787 4478 2976 4542 αὐτοῦ,
2999 4479 3120 4532 τότε
3142 4478 3356 4532 καθίσει
3378 4475 3470 4529 ἐπὶ
3497 4474 3694 4545 θρόνου

2111 4576 2267 4646 δόξης
2299 4573 2486 4638 αὑτοῦ,
2514 4572 2614 4642 τὴν
2637 4570 2854 4624 δικαίαν
2887 4570 3091 4624 ἀπασιν
3117 4569 3394 4639 ἐπιφέρων
3420 4566 3623 4638 κρίσιν.
3668 4584 3688 4618 ι

2113 4667 2245 4731 Καὶ,
2287 4683 2306 4716 ι
2346 4664 2536 4728 θύδεὶς
2574 4661 2914 4733 ἀναϐέϐηκεν
2945 4663 3026 4725 είς
3062 4661 3154 4714 τὸν
3187 4659 3435 4732 οὐρανὸν,
3463 4659 3510 4710 εί
3542 4657 3621 4728 μὴ
3664 4659 3695 4712 ὁ

2113 4761 2178 4812 ἐκ
2215 4757 2310 4811 τοῦ
2341 4755 2570 4828 ούρανοῦ
2601 4754 2866 4819 καταϐὰς,
2899 4757 2926 4807 δ
2956 4752 3082 4816 Υἱὸς
3112 4751 3204 4806 τοῦ
3234 4748 3542 4822 ἀνθρώπου.
3595 4767 3616 4800 ι

2183 4855 2270 4919 ιη’.
2326 4845 2566 4908 Ἀκούεις
2597 4844 2847 4912 φανερῶς
2890 4844 2982 4896 τὸν
3008 4842 3141 4895 Θεὸν
3169 4841 3341 4910 Λόγον
3369 4841 3436 4911 τῇ
3482 4837 3695 4908 ἀνθροῦ⁴

2111 4957 2211 4994 που
2239 4937 2580 5010 προσηγορίᾳ
2606 4934 2694 4989 διά
2718 4934 2814 5006 τὴν
2842 4934 2978 5004 πρὸς
3004 4932 3101 5004 τὴν
3129 4933 3308 5003 σάρκα
3337 4932 3528 4984 ἕνωσιν
3566 4929 3692 4983 ὀνο-

2114 5032 2444 5103 μαζόμενονς
2491 5029 2586 5092 Τίς
2622 5028 2731 5099 γὰρ
2775 5027 2842 5080 ἀν
2873 5025 2958 5094 εἴη
2991 5025 3178 5094 ἕτερος
3207 5025 3273 5076 ἐκ
3315 5022 3406 5076 τοῦ
3455 5019 3691 5090 ούρανοῦ

2113 5122 2355 5184 καταϐάς
2376 5139 2390 5186 ;
2410 5119 2624 5190 Μηκέτι
2653 5115 2745 5171 οὖν
2777 5115 3292 5180 σκανδαλίζου,ὂταν
3322 5113 3498 5182 λέγει’
3529 5131 3546 5162 ι
3574 5110 3693 5164 Νῦν

2111 5214 2169 5266 δὲ
2200 5213 2411 5283 ζητεῖτέ
2446 5229 2512 5282 με
2548 5212 2888 5273 ἀποκτεῖναι,
2914 5208 3201 5278 ἄνθρωπον
3225 5205 3284 5269 ὃς
3313 5205 3410 5276 τὴν
3435 5203 3690 5275 ἀλήθειαν

2114 5305 2243 5374 ὑμῖν
2298 5305 2603 5374 λελάληκα⁶
2640 5320 2658 5352 ι
2707 5301 2821 5354 ἀλλ’
2861 5298 3058 5352 ἐννοῶν
3093 5297 3190 5370 τὴν
3232 5294 3565 5366 οἰκονομίαν,
3604 5294 3693 5346 εύ-

2113 5395 2284 5459 σεϐῶς
2348 5395 2503 5464 δέχου
2561 5394 2623 5446 τὸ
2670 5392 2994 5461 λεγόμενονο
3057 5392 3121 5442 ἑκ
3176 5386 3383 5441 τούτων
3426 5385 3534 5455 γὰρ
3589 5383 3692 5452 τῆς

2731 5592 2772 5621 ⁸⁷
2803 5587 3139 5652 Μ;ιιιιι.ιιιν,
3169 5583 3257 5641 51.
3337 5584 3382 5615 ⁸⁸
3408 5580 3563 5638 Joan.
3603 5594 3686 5645 tn,
