3966 6194
278 243 358 301 m
1341 243 1531 310 QUOD
1571 244 1629 299 ιι.
1670 244 1886 300 Μιιιιιιι
1929 244 2036 301 SIT
2078 247 2397 303 DEIPARA.
3091 285 3094 289 η
3321 240 3324 242 ⁷
3392 251 3498 312 278

278 362 489 436 ἒνὼσιως
513 362 749 433 μάλιστα
783 362 817 434 ἡ
847 361 1124 435 οἰκονομία
1149 363 1424 421 δείκνυται
1442 385 1459 401 ’
1493 368 1587 423 καὶ
1616 367 1697 423 ὅτι
1721 369 1823 423 κᾶν

1934 370 2109 426 verbis
2158 370 2375 426 unionis
2394 370 2743 442 potissimum
2773 372 3109 444 dispensatio
3138 384 3498 431 monstratur:

277 453 520 523 ἄνθρωπος
547 452 899 524 ὀνομάζηται,
933 454 995 507 οὐ
1033 454 1159 527 δίχα
1202 457 1302 527 τῆς
1334 458 1586 530 θεότητος
1614 461 1819 528 ὀφείλει

1934 471 1977 517 at
2011 462 2173 531 quod,
2195 463 2409 518 etiamsi
2451 463 2611 519 homo
2650 464 2970 534 appelletur,
2996 480 3103 521 non
3161 476 3343 520 tamen
3372 466 3500 522 abs-

279 552 558 607 καθ’ἑαυτὸν
573 553 957 623 ὀνομάζεσθαι.
981 556 1081 620 Τίς
1108 554 1219 627 γὰρ
1238 555 1500 626 τολμήσει
1520 553 1703 622 λέγειν
1729 552 1823 607 ἀν·-

1934 562 2026 617 que
2049 548 2332 604 divinitate
2378 565 2621 606 seorsum
2680 566 2779 621 per
2815 566 2872 608 se
2910 554 3072 610 homo
3135 565 3500 625 nuncupatur.

281 647 476 716 θρωπον.
504 644 594 699 καὶ
619 645 796 701 ταῦτα
807 649 1127 717 ὲνεργήσειν
1145 647 1213 701 τά
1228 647 1632 720 προειρημένα;
1675 645 1823 713 λέγω

1934 641 2053 708 Quis
2091 642 2237 697 enim
2276 643 2420 698 ausit
2445 643 2626 700 dicere
2657 644 2949 713 hominem,
2988 661 3079 716 qui
3105 647 3283 715 qualia
3338 661 3501 717 supra

279 734 329 805 δὴ
349 733 492 806 τὴνὲξ
502 736 735 807 ούρανοῦ
754 737 1055 808 μέλλουσαν
1065 737 1288 791 ἔσεσθαι
1305 737 1612 809 παρουσίαν
1632 736 1820 804 αὐτοῦ,

1934 734 2063 788 dicta
2094 744 2220 788 sunt
2248 733 2543 790 cil‘ectnrus
2573 735 2691 790 sit?
2730 733 2972 791 futurum
2996 736 3248 793 videlicet
3269 738 3337 793 de
3365 739 3505 793 coelo

282 827 356 879 καὶ
382 827 469 897 τὴν
505 828 630 898 περὶ
660 827 882 882 πάντων
912 829 1127 884 δικαίαν
1150 829 1363 900 κρίσιν’
1384 828 1476 882 τοῦ
1501 827 1821 901 ίεροψάλτου

1934 826 2210 880 adventum
2240 825 2375 894 ejus,
2404 826 2725 898 iustumque
2778 828 2843 884 de
2878 829 3130 885 omnibus
3189 830 3500 886 faciendum

286 918 652 988 μάλισταΔασὶδ
672 918 889 991 ᾅδοντος
907 937 919 949 ·
955 938 974 972 ι
998 921 1089 973 Σοὶ
1105 920 1304 991 πρέπει
1339 919 1529 990 ὕμνος,
1543 921 1570 972 ὁ
1592 918 1747 983 Θεὸς,
1762 921 1822 972 ὲν

1943 916 2202 972 udicium.
2237 917 2375 972 Cum
2426 921 2725 990 praesertim
2787 935 2946 976 sacer
3006 920 3288 991 psahnista
3335 920 3502 976 David

285 1009 412 1077 Σιὼν,
437 1011 524 1064 καὶ
546 1010 632 1063 σοὶ
678 1010 1076 1082 ἀποδοθήσεται
1104 1011 1242 1082 εὐχὴ
1268 1012 1327 1065 ὲν
1377 1010 1751 1083 Ἰερουσαλήμ.
1796 1028 1816 1062 r

1934 1020 2129 1063 canat:
2199 1026 2218 1061 ι
2277 1009 2353 1065 Te
2378 1011 2535 1066 decet
2570 1012 2827 1083 hymnus,
2893 1014 3053 1081 Deus,
3082 1014 3135 1068 in
3197 1012 3402 1077 Sione;
3451 1022 3507 1075 et

286 1102 574 1157 Είσάκουσον
614 1103 927 1175 προσευχῆς
948 1119 963 1135 ·
984 1103 1167 1174 «Πρὸς
1200 1103 1261 1157 σὲ
1304 1103 1455 1157 πᾶσα
1492 1103 1629 1174 σὰρξ
1644 1102 1818 1171 ἥξει.»

1934 1100 2019 1155 libi
2048 1098 2308 1155 oﬂ‘eretur
2339 1102 2515 1157 oratio
2538 1103 2593 1157 in
2619 1102 2916 1159 Jerusalem
2944 1104 3013 1159 ".
3052 1124 3070 1158 ι
3130 1105 3268 1159 Audi
3303 1106 3508 1160 oratio-

1922 1209 2093 1249 nem:
2134 1213 2153 1247 ι
2192 1194 2272 1249 Ad
2322 1203 2374 1249 te
2432 1196 2610 1251 omnis
2662 1211 2793 1251 caro
2842 1198 3111 1253 veniet".
3146 1217 3164 1251 ι
3201 1198 3339 1265 Quid
3364 1199 3507 1253 enim

1924 1285 2029 1340 hoc
2060 1284 2204 1340 aliud
2220 1295 2324 1349 est,
2361 1300 2523 1356 quam
2558 1285 2701 1356 qnnd
2732 1285 2935 1341 Filium
2970 1286 3207 1343 hominis
3242 1288 3509 1343 facturum

1924 1389 2047 1431 esse
2069 1376 2393 1432 didicimus?
2427 1395 2444 1429 ι
2501 1377 2654 1433 Tunc
2718 1378 2885 1447 enim,
2940 1379 3136 1448 inquit,
3190 1379 3399 1434 sedebit
3456 1378 3509 1433 in

1926 1467 2122 1521 throno
2153 1466 2335 1536 gloriae
2366 1483 2502 1534 suae,
2535 1478 2590 1523 et
2620 1468 3108 1539 congregabuntur
3157 1484 3341 1524 coram
3394 1469 3512 1536 ipso

1925 1570 2116 1612 omnes
2146 1567 2334 1628 gentes
2363 1558 2429 1613 θ’.
2470 1577 2487 1611 ι
2513 1558 2728 1624 Viden’,
2754 1560 3026 1630 quomodo
3051 1576 3173 1616 cum
3208 1560 3373 1615 David
3403 1559 3512 1614 Deo

1926 1646 2173 1702 dixerit:
2225 1667 2243 1699 ι
2276 1647 2355 1701 Ad
2387 1659 2436 1704 te
2468 1650 2646 1705 omnis
2699 1665 2828 1704 caro
2886 1651 3085 1717 veniet,
3145 1669 3165 1702 ι
3227 1666 3339 1704 rem
3374 1650 3513 1702 hanc

290 1194 340 1248 Τί
359 1195 450 1265 γὰρ
469 1194 651 1265 ἕτερόν
681 1195 831 1249 ἐστιν
862 1194 1043 1261 τοῦτο,
1074 1194 1190 1249 ἀλλ’
1223 1195 1256 1266 ἢ
1287 1196 1426 1267 ὅπερ
1450 1195 1542 1249 τὸν
1571 1194 1698 1248 Υίόν
1727 1194 1822 1248 τοῦ

290 1284 528 1356 ἀνθρώπου
559 1287 810 1358 ποιήσειν
843 1288 1277 1359 μεμαθήκαμεν;
1315 1306 1334 1339 ε
1376 1286 1509 1339 Τότε
1548 1286 1679 1358 γὰρ»
1721 1304 1825 1358 φη⁴

294 1375 376 1440 σὶν,
411 1376 606 1431 καθίσει
642 1376 738 1430 ἐπὶ
772 1376 963 1449 θρόνου
989 1376 1149 1449 δόξης
1191 1377 1379 1442 αὐτοῦ,
1418 1377 1515 1431 καὶ
1550 1377 1825 1447 συναχθή-

297 1483 439 1521 σονται
469 1467 776 1539 ἔμπροσθεν
828 1468 993 1522 αὐτοῦ
1033 1470 1212 1523 πάντα
1257 1468 1327 1523 τὰ
1368 1468 1535 1539 ἔθνη..
1580 1488 1599 1521 ι
1661 1468 1826 1540 Ὁρᾷς

295 1558 412 1622 ὅπως
432 1557 513 1613 τοῦ
539 1559 705 1614 Δασὶδ
737 1560 813 1625 ὡς
860 1560 997 1632 πρὸς
1040 1560 1174 1614 Θεὸν
1201 1561 1473 1629 λέγοντος,
1511 1579 1531 1613 ι
1574 1560 1717 1632 Πρὸς
1764 1562 1825 1614 σὲ

299 1651 416 1704 πᾶσα
436 1650 561 1721 σὲιρξ
582 1650 728 1723 ἦξεί,
770 1672 788 1704 ι
825 1654 905 1717 είς
942 1654 1032 1717 τὸν
1071 1653 1200 1707 Υίὸν
1232 1652 1325 1708 τοῦ
1352 1653 1640 1724 ἀνθρώπου
1666 1653 1825 1707 τοῦτο

301 1717 583 1814 πληροῦσθαι
607 1717 805 1815 μέλλον
833 1745 1237 1811 ἀποδέδεικται;
1266 1745 1398 1808 Θεὸς
1420 1717 1512 1798 οῦν
1542 1746 1692 1799 ἐστιν
1717 1745 1825 1816 ἀρα

1934 1736 1983 1791 in
2014 1735 2149 1791 Filio
2175 1717 2407 1792 hominis
2453 1739 2659 1793 esitum
2703 1739 3015 1794 habituram
3078 1740 3510 1793 demonstratum

302 1834 671 1905 ἑνανθρωπήσας
699 1838 729 1889 ὁ
757 1835 824 1889 ἐκ
862 1836 1081 1906 Μαρίας
1104 1834 1339 1906 τεχθεὶς,
1368 1835 1479 1889 τῶν
1505 1834 1666 1889 θείων
1693 1836 1827 1905 ἡμῖν

307 1923 491 1994 Γραφῶν
514 1924 660 1978 τοῦτο
695 1925 788 1979 διὰ
819 1926 1030 1979 πολλῶν
1071 1927 1400 1992 ἀποδείξεων
1438 1926 1686 1999 ἐναργῶς
1728 1928 1828 1997 ὲμ-

312 2017 573 2089 ςέιινουσῶν.
609 2018 874 2082 Θεοτόκος
910 2017 967 2071 δὲ
1010 2019 1227 2082 πάντως
1263 2019 1358 2073 καὶ
1401 2018 1539 2089 αῦτη
1576 2020 1608 2090 ἡ
1640 2018 1829 2072 καλλι-

321 2107 547 2176 πάρθενος,
574 2110 669 2164 κᾶν
707 2101 858 2162 οῦτοι
896 2108 971 2181 μὴ
1021 2108 1348 2179 βούλωνται·
1381 2112 1429 2163 εί
1463 2112 1574 2181 γὰρ
1617 2108 1830 2181 ἀνθρω-

328 2213 408 2259 πος
428 2194 596 2268 ἧνόἒξ
630 2201 801 2272 αὐτῆς
845 2200 1127 2271 προελθὼν
1165 2199 1373 2268 Ἰησοῦς
1421 2199 1677 2272 Χριστὸς,
1714 2200 1831 2264 πῶς

332 2290 358 2342 ό
390 2289 555 2354 Παῦλος
587 2294 836 2357 Γαλάταις
884 2293 1217 2347 ἐπιστέλλων
1251 2293 1488 2364 ἔγραφε·
1530 2312 1548 2344 ι
1610 2292 1827 2356 Παῦλος

327 2380 592 2448 ἀπόστολος,
629 2385 719 2437 οὒκ
760 2387 854 2439 ἀπ’
888 2383 1217 2456 ἀνθρώπων,
1250 2383 1370 2438 οὐδὲ
1402 2385 1468 2439 δι’
1513 2383 1826 2456 ἀνθρώπου,

319 2469 437 2524 ἀλλὰ
458 2471 533 2525 διὰ
567 2474 721 2545 Ἰησοῦ
747 2475 1015 2546 Χριστοῦ;
1054 2494 1071 2527 ι
1105 2475 1275 2547 Δῆλον
1302 2474 1379 2537 ὡς
1410 2475 1510 2529 οὐκ
1543 2474 1831 2546 ἅνθρωπος

311 2563 464 2632 μόνον,
499 2565 617 2618 ἀλλά
652 2567 777 2631 Θεὸς
822 2566 1263 2639 ὲνηνθρωπηκώς
1301 2566 1471 2623 ἐστιν.
1518 2567 1610 2638 Μὴ
1652 2567 1830 2620 τοίνυν

307 2653 787 2719 σπιδαλιζέσθωσαν
857 2656 951 2709 ἐπὶ
1012 2659 1135 2720 ταῖς
1193 2656 1472 2721 τοιαύταις
1530 2659 1738 2725 φωναῖς
1780 2658 1830 2710 οἱ

298 2744 583 2812 ἀπαίδευτοι,
627 2746 766 2801 ἀλλά
802 2747 1243 2803 διδασκέσθωσαν
1288 2748 1385 2801 τοῦ
1434 2747 1579 2802 θείου
1623 2765 1830 2819 μυστη-

300 2835 392 2905 ρίου
412 2836 499 2907 τὴν
522 2838 857 2910 οἰκονομίαν,
888 2839 983 2892 καὶ
1022 2838 1502 2910 προσκυνείτωσαν
1528 2838 1714 2892 λοιπὸν
1738 2838 1829 2890 τὸν

293 2926 490 2997 Χριστὸν
538 2930 676 3000 μετὰ
733 2929 841 2982 τῶν
887 2930 1137 2999 ἀγγέλων
1186 2931 1283 2983 καὶ
1340 2928 1514 2983 αὐτοί.
1581 2945 1602 2980 ι
1662 2929 1828 2983 Ὅταν

294 3021 398 3089 γὰρ,
422 3021 589 3091 φησιν,
623 3021 903 3094 είσαγάγῃ
929 3021 1021 3075 τὸν
1041 3021 1394 3092 Πρωτότοκον
1429 3022 1511 3083 εἰς
1529 3020 1629 3094 τὴν
1657 3020 1829 3073 οἰκου-

1931 1827 2039 1882 sit?
2064 1827 2199 1884 Dens
2224 1836 2307 1883 cst
2336 1829 2499 1899 igitur
2525 1829 2852 1885 humanatus
2880 1845 3040 1898 quem
3076 1828 3242 1883 Maria
3279 1828 3510 1897 peperit,

1930 1919 2128 1973 divinis
2158 1921 2312 1975 nobis
2357 1921 2657 1990 Scripturis
2710 1937 2823 1976 rem
2886 1924 3025 1977 hanc
3067 1929 3510 1991 argumentorum

1930 2010 2280 2066 multitudine
2300 2012 2581 2067 evidenter
2605 2013 3039 2070 ostendentibus.
3068 2013 3299 2082 Deipara
3330 2021 3510 2067 autem

1931 2104 2150 2157 omnino
2168 2112 2252 2158 est
2282 2103 2396 2171 ipsa
2427 2118 2641 2173 quoque
2671 2104 2888 2176 egregia
2928 2103 3115 2175 Virgo,
3152 2104 3507 2174 quantumvis

1932 2193 2021 2247 isti
2052 2194 2244 2248 nolint.
2276 2193 2410 2249 Nam
2428 2195 2472 2250 si
2517 2195 2678 2251 homo
2704 2196 2894 2252 fuisset
2922 2196 3013 2266 qui
3044 2211 3110 2252 ex
3163 2196 3278 2266 ipsa
3317 2195 3516 2265 prodiit

1930 2283 2085 2340 Iesus
2118 2282 2390 2352 Christus,
2420 2285 2691 2354 quomodo
2726 2285 2924 2342 Paulus
2951 2288 3003 2341 in
3038 2286 3277 2359 Epistola
3311 2286 3378 2341 ad
3405 2284 3514 2340 Ga-

1933 2376 2068 2434 latas
2102 2379 2457 2448 scripsisset:
2492 2397 2509 2431 ι
2542 2379 2743 2434 Paulus
2779 2380 3074 2449 apostolus,
3098 2395 3207 2435 non
3241 2380 3307 2435 ab
3331 2377 3514 2433 homi-

1932 2472 2113 2537 nibus,
2140 2486 2314 2542 neque
2334 2488 2431 2541 per
2483 2474 2783 2538 hominem,
2839 2474 2933 2529 sed
2996 2488 3094 2543 per
3139 2471 3323 2528 Iesum
3355 2471 3515 2528 Chri-

1933 2572 2074 2619 stum
2096 2564 2179 2618 ”?
2214 2582 2234 2617 ι
2267 2563 2430 2619 Plane
2452 2574 2731 2632 patetnon
2761 2580 2884 2620 esse
2941 2564 3221 2620 hominem
3276 2573 3512 2619 tantum-
3589 2584 3597 2591 ο

1933 2660 2111 2724 modo,
2135 2658 2227 2715 sed
2256 2660 2419 2714 Deum
2449 2660 2826 2715 humanatum.
2889 2658 2967 2714 Ne
3012 2671 3143 2727 ergo
3188 2654 3510 2710 hisvocibus

1932 2749 2362 2805 scandalizentur
2397 2751 2733 2817 indocti,sed
2765 2750 2929 2805 divini
2969 2748 3209 2821 mystcrii
3233 2747 3517 2816 dispensa-

1934 2841 2135 2896 tionem
2166 2842 2400 2907 discant,
2432 2843 2767 2910 adurentqne
2836 2843 3092 2909 deinceps
3129 2838 3405 2895 Christum
3460 2847 3515 2893 et

1933 2931 2034 3001 ipsi
2064 2946 2185 2985 cum
2229 2931 2452 3002 angelis.
2492 2930 2695 3004 ιω)
2731 2950 2750 2983 α
2796 2931 2928 2986 Cum
2974 2930 3141 2995 enim,
3184 2930 3380 2999 inquit,
3438 2929 3515 2981 in-

1933 3022 2167 3078 troducit
2208 3020 2633 3093 Primogenitum
2668 3022 2717 3076 in
2755 3021 3036 3085 mundum,
3098 3020 3273 3075 dicit:
3310 3019 3377 3074 Et
3427 3017 3517 3073 ad-

294 3110 459 3182 μένην,
498 3113 678 3184 λέγει·
724 3115 834 3167 Καὶ
863 3113 1401 3185 προσκυνησάτωσαν
1434 3113 1583 3184 αύτῷ
1629 3114 1829 3177 πάντες

1934 3124 2091 3172 orent
2116 3131 2239 3170 eum
2263 3115 2440 3185 angeli
2469 3114 2563 3170 Dei
2578 3114 2648 3181 “;
2684 3134 2702 3167 ι
2729 3123 2784 3170 et
2814 3129 2859 3168 τι
2881 3113 2937 3168 In
2971 3113 3192 3169 nomine
3208 3111 3333 3167 Jesu
3353 3126 3515 3167 omne

289 3203 471 3272 ἄγγελοι
484 3207 613 3262 Θεοῦ
630 3224 646 3239 ο
676 3226 696 3260 ι
724 3209 838 3273 καὶ,
859 3227 877 3258 ι
903 3208 988 3260 Ἐν
999 3206 1077 3277 τῷ
1088 3206 1379 3279 ὀνόματιδὲ
1394 3206 1571 3278 Ἰησοῦ
1592 3205 1831 3277 Χριστοῦ

290 3297 374 3348 πᾶν
398 3302 513 3366 γόνυ
540 3300 756 3371 κάμψει
787 3299 1129 3370 ἐπουρανίων
1173 3298 1270 3351 καὶ
1315 3298 1571 3367 ἐπιγείων
1599 3298 1695 3352 καὶ
1735 3315 1834 3352 κα-

286 3385 562 3456 ταχθονίων
608 3392 710 3443 καὶ
759 3391 915 3443 πᾶσα
944 3390 1167 3459 γλῶσσα
1213 3390 1695 3462 ἐξομολογήσεται,
1749 3391 1831 3445 ὅτι

286 3475 456 3549 Κύριος
495 3482 708 3552 Ἰησοῦς
753 3482 991 3551 Χριστὸς
1033 3484 1112 3547 είς
1145 3481 1305 3550 δόξαν
1351 3481 1487 3536 Θεοῦ
1532 3482 1766 3555 Πατρός.
1807 3502 1826 3537 ι

283 3567 757 3640 Μνημοπυέτωσαν
791 3573 1030 3645 Χριστὸν
1075 3574 1280 3644 Ἰησοῦν
1306 3574 1512 3645 Κύριον
1542 3574 1833 3644 ὁμολογού-

288 3675 437 3729 μενον,
479 3666 573 3718 καὶ
618 3663 704 3736 μὴ
732 3663 1191 3735 ταραττέσθωσαν
1232 3666 1364 3720 ὅταν
1409 3664 1699 3737 ἄνθρωπον
1744 3664 1834 3720 διὰ

282 3750 358 3822 τὴν
391 3756 698 3828 οἰκονομίαν
741 3755 1031 3811 ἀκούωσιν.

337 3842 409 3899 ιθ”.
445 3848 600 3903 Οὕτω
634 3847 936 3903 νοείτωσαν
964 3849 1060 3902 καὶ
1100 3847 1169 3902 τὰ
1196 3848 1287 3903 διά
1312 3844 1439 3903 τινα
1478 3849 1669 3920 χρείαν
1695 3848 1729 3921 ἢ
1758 3850 1833 3903 οῖ-

278 3940 500 4010 κονομίαν
522 3943 659 4014 περὶ
681 3941 851 3995 αὐτοῦ
877 3940 1145 4013 είρημένα
1162 3957 1178 3974 ·
1202 3938 1315 3995 οἷόν
1339 3943 1487 3995 ἐστιν
1516 3942 1612 3995 καὶ
1636 3940 1696 3995 τὸ
1727 3940 1833 3995 ὑπὸ

277 4028 451 4101 Πέτρου
497 4036 595 4090 τοῦ
650 4033 956 4090 ἀποστόλου
1006 4033 1335 4105 λεγόμενον·
1370 4051 1391 4085 r
1438 4032 1647 4104 Ἰησοῦν
1696 4032 1825 4105 γὰρ,

274 4125 432 4193 φησιν,
453 4127 544 4181 τὸν
566 4125 906 4199 Ναζωραῖον
926 4125 1097 4196 ἀνδρα
1116 4124 1573 4196 ἀποδεδειγμένον
1602 4123 1710 4178 ἀπὸ
1734 4124 1830 4178 τοῦ

275 4213 382 4267 Θεοῦ
408 4221 482 4283 είς
509 4219 691 4291 ὑμᾶς,
729 4236 750 4271 ι
784 4218 921 4290 πρὸς
959 4217 1250 4282 Ἰουδαίους
1274 4217 1657 4288 διαλεγόμενος
1679 4220 1707 4271 ό
1730 4215 1833 4270 Πέ-

269 4321 402 4375 τρος·
430 4312 536 4382 χρὴ
564 4312 688 4383 γὰρ
712 4309 804 4364 τὸν
828 4311 943 4373 τοῖς
977 4308 1141 4374 θείοις
1173 4309 1369 4378 Λόγοις
1408 4309 1827 4379 ἐντυγχάνοντα,

269 4401 347 4453 καὶ
382 4402 446 4457 τὰ
473 4405 757 4476 πρόσωπα
786 4401 1038 4472 θεωρεῖν,
1083 4402 1180 4456 καὶ
1221 4401 1315 4455 τὸν
1358 4402 1572 4472 χρόνον,
1605 4401 1699 4454 καὶ
1740 4399 1828 4453 διὰ

1934 3219 2071 3275 genu
2103 3202 2351 3259 ﬂectatur
2399 3203 2729 3268 caelestium,
2783 3203 3123 3259 terrestrium
3160 3212 3215 3257 et
3271 3201 3515 3259 inferno-

1933 3310 2095 3350 rum:
2129 3296 2376 3351 etomnis
2399 3295 2580 3365 lingua
2608 3296 2930 3351 confiteatur
2986 3295 3272 3350 Dominum
3329 3293 3512 3349 Jesum

1931 3387 2209 3442 Christum
2246 3388 2299 3442 in
2322 3387 2488 3457 gloria
2519 3401 2640 3443 esse
2684 3387 2781 3444 Dei
2813 3386 2988 3441 Patris
3013 3386 3085 3442 “.
3118 3403 3139 3439 ι
3168 3384 3515 3441 Meminerint

1933 3478 2206 3534 Christum
2246 3477 2425 3534 Jesum
2456 3478 2745 3534 communi
2774 3492 3037 3534 consensu
3097 3476 3382 3532 Dominum
3432 3476 3516 3531 di-

1934 3579 2103 3637 ctum,
2142 3586 2320 3641 neque
2358 3571 2775 3635 conturbentur,
2815 3586 2939 3627 cum
2974 3583 3098 3625 eum
3132 3568 3402 3623 hominem
3431 3581 3515 3623 se-

1935 3663 2170 3718 cundum
2198 3661 2661 3734 diSpcnsationem
2696 3671 2948 3717 vocatum
2980 3659 3227 3715 audiunt.

2008 3838 2095 3894 l9.
2125 3837 2218 3893 Sic
2270 3848 2324 3895 et
2379 3841 2497 3895 aliae
2528 3838 2827 3894 locutiones
2858 3836 3221 3908 intelligenda:
3245 3844 3372 3891 sunt
3412 3849 3513 3903 pro

1937 3932 2013 3986 rei
2051 3942 2191 3986 natae
2225 3947 2322 3987 usu
2352 3941 2407 3985 et
2446 3930 2854 4000 dispensatione
2908 3930 3087 3993 dictae,
3132 3928 3293 3983 veluti
3348 3928 3513 3981 etiam

1936 4023 2083 4079 Petri
2111 4024 2239 4078 illud
2266 4021 2496 4092 apostoli
2526 4019 2744 4075 effatum
2767 4028 2887 4075 est:
2917 4036 2936 4071 ι
2958 4017 3142 4072 Jesum
3173 4016 3319 4071 enim
3339 4014 3515 4070 Naza-

1934 4131 2126 4171 rentnn
2183 4115 2361 4169 virum
2405 4113 2759 4181 approbatum
2803 4127 2832 4165 a
2898 4111 3007 4164 Deo
3051 4108 3192 4163 inter
3225 4122 3341 4174 vos,
3384 4125 3404 4159 ι
3438 4108 3514 4161 ait

1936 4206 2149 4261 Jndreos
2180 4205 2458 4273 alloquens
2481 4201 2675 4257 Petrus
2713 4203 2782 4256 ".
2809 4201 3034 4272 Oportet
3054 4198 3199 4253 enim
3223 4199 3292 4253 ah
3314 4214 3399 4263 eo,
3419 4199 3511 4268 qui

1936 4299 2136 4356 divinis
2166 4298 2388 4353 Litteris
2418 4298 2609 4365 utitur,
2635 4305 2689 4351 et
2708 4310 2967 4366 personas
2995 4293 3252 4361 spectari,
3275 4301 3332 4348 et
3383 4303 3514 4347 tem-

1938 4408 2058 4461 pus,
2088 4399 2142 4446 et
2168 4404 2328 4461 quam
2359 4390 2429 4444 ob
2454 4404 2676 4445 causam
2709 4387 2940 4457 quodvis
2968 4386 3208 4451 dicatur,
3243 4385 3502 4455 reputari.

268 4494 402 4548 ποίαν
428 4467 616 4551 αἰτίαν
644 4496 885 4549 ἕκαστον
902 4467 1157 4565 εἴρηται,
1178 4467 1493 4561 λογίζεσθαι
1514 4510 1526 4523 ι
1551 4491 1696 4545 οὕτω
1722 4490 1829 4563 γὰρ

1939 4486 2032 4541 Sic
2055 4485 2200 4540 enim
2223 4482 2454 4553 singulis
2482 4481 2641 4536 dictis
2658 4480 3068 4535 convenientem
3097 4478 3512 4533 accommodare

269 4581 452 4655 ἑκάστῳ
485 4585 644 4657 ρητῷ
675 4583 780 4654 τὴν
802 4581 1122 4652 πρέπουσαν
1153 4581 1467 4653 ἐφαρμόσαι
1491 4580 1725 4653 θεωρίαν
1750 4597 1836 4645 τις

266 4675 319 4745 τῇ
346 4676 428 4730 τοῦ
475 4678 808 4748 Πνεύματος
839 4674 1158 4745 δυνήσεται·
1182 4673 1388 4744 χάριτι.
1438 4673 1591 4726 Ἐπεὶ
1612 4666 1706 4726 οῦν
1738 4672 1836 4725 καὶ

265 4766 396 4821 τοῦτο
431 4770 494 4823 τὸ
547 4767 727 4841 ῥητὸν
776 4766 975 4819 ἐκεῖνοι
1023 4764 1163 4835 πρὸς
1206 4764 1464 4818 σύστασιν
1512 4766 1613 4836 τῆς
1655 4761 1836 4817 αὐτῶν

262 4856 553 4927 δυσσεϐείας
568 4858 1007 4933 προϐάλλονται,
1031 4857 1265 4929 εἴδωμεν
1280 4857 1337 4910 τί
1363 4857 1561 4929 δήποτε
1577 4858 1607 4909 ὁ
1629 4856 1837 4928 Πέτρος

263 4952 596 5024 οἰκονομῆσαι
636 4950 988 5023 βουλόμενος.
1010 4948 1156 5002 οὕτω
1181 4948 1478 5020 λελάληκεν
1497 4964 1511 4977 °
1548 4948 1749 5019 μᾶλλον
1773 4947 1831 5001 δὲ

264 5042 400 5097 αὖτὸν
437 5043 902 5118 ὲπερωτήσωμεν
931 5042 1032 5113 τὴν
1062 5040 1244 5096 αἰτίαν
1275 5039 1529 5110 ἀγγεῖλαι
1560 5041 1714 5111 ἡμῖν,
1759 5040 1829 5094 δι’

268 5133 318 5201 ἣν
348 5136 483 5190 οὕτω
523 5137 721 5208 λέγειν
753 5133 1005 5207 προήχθη
1025 5152 1040 5166 ·
1069 5134 1122 5187 τί
1154 5133 1283 5205 φὴς,
1312 5125 1365 5186 ὦ
1390 5132 1665 5203 μακάριε;
1703 5133 1831 5186 Ἀν-

264 5220 458 5287 Θρωτρν
488 5226 796 5299 κηρύττεις
821 5226 915 5280 τὸν
940 5224 1197 5297 Χριστὸν,
1226 5223 1321 5277 καί⁸
1345 5222 1520 5294 τούτῳ
1548 5222 1830 5277 πιστεύειν

260 5312 389 5383 td;
429 5316 791 5381 ἀναπείθεις,
839 5316 930 5371 ἵνα
965 5315 1226 5386 κτίσματι
1251 5313 1538 5387 λατρεύειν
1575 5313 1827 5385 διδάξῃς;

262 5403 356 5459 Καὶ
384 5408 493 5478 μὴν
518 5409 720 5479 ἕτερος
748 5405 1045 5471 ἀπόστολος
1085 5406 1361 5479 μέμφεται
1390 5406 1518 5470 τοὺς
1547 5407 1614 5476 τῇ
1655 5405 1829 5459 κτίσει

1938 4590 2157 4631 sensum
2192 4574 2455 4644 quispiam
2492 4587 2613 4626 cum
2643 4570 2880 4638 Spiritus
2919 4569 3097 4639 gratia
3127 4568 3349 4637 poterit.
3374 4567 3509 4633 Quia

1939 4668 2105 4739 igitur
2135 4668 2274 4723 hanc
2302 4678 2519 4736 quoque
2548 4663 2876 4719 locutionem
2908 4661 2984 4715 illi
3017 4660 3085 4715 ad
3116 4657 3511 4726 suaeirreligio-

1937 4760 2114 4816 sitatis
2136 4757 2603 4815 conﬁrmationem
2632 4754 2918 4823 objiciunt,
2944 4753 3225 4808 videamus
3253 4748 3510 4818 quidnam

1939 4853 2135 4909 Petrus
2158 4852 2312 4921 juxta
2342 4847 2764 4920 dispensationis
2806 4845 3021 4916 regulas
3054 4840 3360 4914 signiﬁcare
3413 4853 3511 4893 vo-

1938 4944 2076 5008 lens,
2108 4944 2179 4997 ita
2213 4942 2427 4997 loc‘utus
2453 4940 2545 4996 sit.
2592 4938 2704 4993 lmo
2742 4951 2871 4991 vero
2898 4936 2970 4991 ab
2993 4948 3059 4989 eo
3100 4943 3409 4999 quaeramus
3450 4934 3512 4982 ut

1937 5050 2039 5090 nos
2062 5035 2271 5099 doceat,
2291 5047 2536 5103 qutenam
2569 5043 2691 5084 eum
2712 5042 2873 5084 causa
2915 5026 2981 5079 ad
3008 5024 3061 5080 id
3114 5021 3313 5077 dictum
3340 5020 3511 5090 impu-

1934 5124 2079 5181 lerit.
2106 5124 2244 5192 Quid
2273 5124 2378 5191 ais,
2410 5139 2443 5178 ο
2470 5120 2669 5178 beate?
2704 5118 2986 5173 Hominem
3047 5112 3308 5184 pradicas
3350 5111 3512 5166 Chri-

1934 5227 2101 5284 stum,
2134 5227 2295 5289 atqne
2322 5226 2380 5269 ut
2409 5215 2534 5271 huic
2562 5216 2845 5268 credamus
2869 5208 3088 5273 suades,
3115 5214 3176 5261 ut
3201 5214 3507 5261 creaturam

1933 5312 2163 5367 adorare
2190 5325 2287 5365 nos
2317 5306 2550 5363 doceas?
2571 5304 2732 5374 Atqui
2763 5302 2899 5356 alius
2939 5297 3233 5370 Apostolus
3258 5296 3509 5365 increpat

1932 5417 2048 5469 eos,
2077 5402 2167 5473 qui
2191 5409 2453 5456 creatura:
2485 5394 2687 5453 cultum
2708 5392 2895 5451 volunt
2913 5391 3174 5449 exhibere
3188 5389 3257 5447 ".
3282 5386 3514 5444 Praeter-

319 5616 362 5648 ”
388 5613 534 5670 Psal.
563 5628 716 5677 un,
738 5613 792 5668 2.
868 5614 911 5646 "
944 5611 1071 5668 ibid.
1104 5612 1159 5666 3.
1201 5612 1246 5646 "
1279 5611 1468 5667 Matth.
1498 5624 1624 5675 xxv,
1658 5610 1744 5680 ⁸51,
1773 5611 1829 5667 5Ξ

1938 5610 1983 5644 ’³
2020 5605 2191 5665 Galat.
2224 5622 2261 5672 ι,
2290 5607 2339 5660 1.
2416 5604 2460 5636 ’⁵
2484 5602 2645 5660 llebr.
2677 5616 2717 5670 ι,
2742 5601 2795 5658 6.
2872 5601 2918 5633 "
2942 5597 3173 5668 Philipp.
3196 5609 3256 5661 ιι,
3292 5592 3377 5657 10,
3424 5589 3517 5645 Η.

262 5686 439 5743 "Att.
495 5704 556 5753 ιι,
594 5685 696 5739 2‘2.
769 5685 811 5718 ’⁷
839 5683 995 5739 Rom.
1037 5683 1173 5751 1,Ξὸ
1203 5700 1218 5751 ;
1254 5684 1375 5739 Act.
1402 5697 1513 5751 xxv,
1538 5680 1623 5736 Η.
