4002 6192
408 315 511 374 279

1400 317 1457 372 s.
1502 317 1772 373 cviuLLI
1813 299 2284 381 ALEX’ANomm
2325 327 2644 384 AltClllEP.

3556 332 3667 387 280

409 453 471 491 ea
528 437 795 505 Quomodo
827 436 942 506 ipse
967 451 994 490 a
1015 435 1232 493 Christo
1267 438 1652 508 interrogatus,
1678 455 1967 508 quemnam

2083 445 2366 518 λατρεύειν
2396 450 2676 514 ἐθέλοντας
2701 492 2712 502 .
2739 447 2874 505 Εἶτα
2899 453 3012 516 πῶς
3036 453 3512 526 αύτὸςὲρωτηθεὶς
3534 455 3668 526 παρ’

406 529 749 583 existimares
777 542 896 583 esse
926 526 1118 583 Filium
1146 530 1399 595 hominis,
1435 533 1760 601 respondisti
1795 552 1810 589 :
1853 553 1870 584 ι
1898 535 1976 589 Tu

405 634 464 674 es
495 617 660 672 Filius
675 619 764 672 Dei
795 619 1049 674 viventis?
1074 640 1093 672 ι
1139 622 1400 690 siquidem
1424 638 1488 678 ea
1525 633 1651 678 tunc
1685 625 1978 696 interroga-

407 709 480 761 tio
510 709 574 761 iis
610 709 698 774 qui
735 710 997 765 nonsatis
1025 712 1445 780 dispensationis
1469 717 1786 787 mysterium
1820 734 1979 773 nove-

405 807 547 861 rant,
598 797 824 852 fortasse
896 799 1128 868 aliquam
1199 801 1506 870 hujusmodi
1587 807 1974 874 cogitationem

403 888 626 954 injicere
649 899 885 957 poterat,
918 907 1108 960 nempe
1145 901 1203 946 ut
1241 909 1362 947 eum
1399 895 1673 949 hominem
1707 912 1829 952 esse
1877 915 1976 952 ex-

401 984 705 1038 istimarent
735 1002 748 1037 :
780 1003 798 1036 ι
838 985 1136 1052 Quemnam
1168 988 1332 1053 enim,
1371 989 1464 1051 ait,
1499 991 1741 1046 homines
1791 992 1976 1050 dicunt

399 1091 516 1129 esse
540 1076 731 1132 Filium
761 1078 996 1133 hominis
1019 1080 1106 1132 ⁸⁸⁸2
1134 1099 1151 1130 ›
1191 1080 1340 1135 Tunc
1373 1080 1535 1150 igitur
1591 1097 1714 1138 cum
1761 1085 1975 1142 audires

399 1168 572 1234 ipsum
603 1182 721 1222 esse
756 1169 948 1223 Filium
974 1171 1233 1234 hominis,
1263 1170 1356 1225 Dei
1382 1171 1578 1225 Filium
1608 1187 1729 1227 esse
1756 1187 1973 1242 respon-

397 1258 558 1325 disti;
606 1274 745 1313 nunc
783 1275 934 1322 vero,
972 1271 1093 1330 post
1147 1270 1225 1315 tot
1259 1261 1488 1317 aliorum
1537 1263 1968 1318 visammiracu-

397 1351 566 1401 lorum
601 1351 916 1418 potentiam,
951 1361 1230 1420 postquam
1292 1353 1463 1408 beata:
1503 1351 1742 1421 ejusdem
1793 1370 1968 1410 resur-

396 1442 653 1495 rectionis
670 1451 724 1497 et
753 1443 804 1496 in
837 1443 1033 1498 cmlum
1068 1423 1272 1500 reditus
1302 1447 1454 1500 testis
1491 1446 1663 1512 fuisti,
1693 1447 1966 1503 hominem

396 1534 571 1602 ipsum
613 1535 784 1588 dicis?

463 1625 554 1678 9.0.
592 1623 703 1680 Nec
738 1628 1023 1696 quisquam
1057 1629 1354 1695 existimet,
1379 1633 1683 1694 tuueetiam
1713 1641 1966 1702 tanquam

394 1717 459 1769 de
488 1719 702 1772 homine
720 1721 959 1788 potuisse
990 1721 1053 1774 tle
1080 1723 1170 1778 illo
1199 1722 1402 1786 dicere,
1455 1743 1473 1774 ι
1509 1724 1589 1779 Tu
1616 1740 1676 1780 es
1716 1724 1965 1781 Christus

2085 537 2274 604 αὐτοῦ,
2311 540 2433 594 τίνα
2474 541 2726 612 ἐνόμιζες
2760 539 2901 596 εἶναι
2935 544 3026 597 τὸν
3061 545 3188 598 Υίὸν
3221 544 3317 598 τοῦ
3350 544 3661 616 ἀνθρώπου,

2079 631 2407 703 ἀπεκρίθης,
2439 651 2458 684 ‹
2494 634 2565 686 Σὺ
2597 630 2650 688 εἷ
2671 635 3086 700 ὁΥίὸςτοῦΘεοῦ
3107 636 3203 690 τοῦ
3223 635 3456 701 ζῶντοςς
3492 658 3511 689 ι
3537 639 3662 690 καί·

2079 736 2157 773 τοι
2189 721 2311 774 τότε
2345 726 2377 794 ἡ
2411 723 2602 788 πεῦσις
2627 727 2740 789 τοῖς
2771 725 2846 796 μὴ
2897 727 3101 798 σφόδρα
3135 727 3300 779 εἰδόσι
3329 727 3428 796 τῆς
3457 728 3663 780 οἰκονο-

2081 811 2211 880 μίας
2237 814 2298 866 τὸ
2341 815 2660 886 μυστήριον,
2718 818 2856 886 τάχα
2886 817 2978 870 καί
3007 833 3126 870 τινα
3159 815 3418 886 τοιαύτην
3449 815 3661 868 ἔννοιαν

2078 903 2324 970 ἐμποιεῖν
2358 903 2613 973 ἠδύνατο,
2647 904 2791 972 λέγω
2820 905 2884 976 δὴ
2909 906 2970 958 τὸ
2993 905 3280 976 ἄνθρωπον
3311 905 3474 958 αὑτὸν
3505 906 3662 974 νομίσ

2079 1009 2200 1048 σαι⁶
2233 1014 2251 1046 ι
2283 994 2418 1050 Τίνα
2444 997 2573 1067 γὰρ,
2602 997 2808 1064 ἔλεγεν,
2839 999 2886 1049 οἰ
2920 997 3200 1066 ἄνθρωποι
3233 997 3486 1064 λέγουσιν
3515 991 3661 1051 εἶναι

2073 1087 2164 1142 τὸν
2201 1088 2328 1141 Υίὸν
2359 1087 2452 1142 τοῦ
2500 1087 2825 1159 ἀνθρώπους
2862 1108 2880 1141 ι
2925 1090 3035 1141 Καὶ
3079 1089 3200 1141 τότε
3251 1089 3350 1157 μὲν
3393 1089 3524 1142 Υἱὸν
3555 1090 3658 1142 ἁν-

2075 1176 2291 1246 Ορώπου
2320 1177 2533 1232 ἀκούων
2561 1179 2744 1241 αὐτὸν,
2778 1180 2868 1232 τὸν
2894 1179 3018 1232 Υίὸν
3041 1178 3134 1231 τοῦ
3165 1178 3300 1232 Θεοῦ
3330 1179 3493 1231 αὑτὸν
3515 1177 3657 1232 εἶναι

2073 1267 2288 1334 ἔλεγες⁸
2327 1268 2419 1321 νῦν
2444 1269 2500 1322 δὲ
2529 1270 2666 1340 μετὰ
2696 1270 2755 1322 τὸ
2789 1270 2962 1324 ἄλλων
3007 1269 3214 1322 πολλῶν
3256 1269 3498 1339 σημείων
3527 1269 3657 1323 θεὰο

2077 1359 2270 1412 σασθαι
2298 1360 2525 1432 δύναμιν
2551 1402 2565 1426 ,
2622 1362 2760 1431 μετὰ
2809 1361 2869 1414 τὸ
2909 1363 3004 1414 καὶ
3034 1363 3131 1431 τῆς
3181 1361 3455 1430 μακαρίας
3484 1363 3650 1415 αὐτοῦ

2071 1451 2420 1515 ἀναστάσεως
2443 1493 2458 1516 ,
2495 1453 2585 1506 καὶ
2616 1453 2714 1522 τῆς
2759 1454 2839 1515 εἰς
2877 1453 3103 1521 οὐρανὸν
3143 1451 3330 1504 ἀνόδου
3377 1453 3434 1504 ἐν
3483 1452 3654 1522 πείρᾳ⁸

2070 1543 2344 1610 γενέσθαι,
2376 1544 2664 1615 ἄνθρωπον
2689 1544 2850 1596 αὐτὸν
2877 1539 3016 1596 εἶναι
3043 1543 3247 1611 λέγεις;

2141 1641 2211 1685 κ’.
2252 1631 2362 1684 Καὶ
2396 1634 2469 1704 μή
2501 1650 2584 1696 τις
2611 1633 2809 1686 οἰέσθω
2840 1633 3100 1686 δύνασθαι
3133 1634 3228 1686 καὶ
3249 1633 3368 1685 τότε
3399 1631 3475 1695 ὡς
3519 1633 3652 1702 περὶ

2069 1723 2356 1795 ἀνθρώπου
2390 1723 2570 1792 λέγειν
2597 1724 2761 1776 αὐτὸν
2788 1723 2869 1789 τὸ,
2913 1742 2930 1774 ι
2963 1724 3034 1777 Σὺ
3067 1719 3118 1776 εί
3141 1726 3168 1776 6
3198 1723 3431 1794 Χριστὸς
3458 1723 3485 1775 6
3519 1723 3651 1786 Υἱὸς

393 1810 486 1877 qui
519 1822 578 1862 es
615 1809 787 1864 Filius
821 1812 912 1864 Dei
958 1813 1212 1881 viventis,
1254 1835 1272 1865 ι
1322 1816 1757 1886 quandoquidem
1793 1819 1964 1873 sancti

2074 1813 2163 1867 τοῦ
2194 1813 2328 1866 Θεοῦ
2361 1813 2454 1866 τοῦ
2486 1813 2686 1877 ζῶντος
2714 1855 2726 1879 ,
2761 1834 2778 1865 ι
2815 1815 2890 1878 ὡς
2920 1814 3015 1867 καὶ
3046 1813 3153 1868 τῶν
3181 1815 3348 1882 ἁγίων
3377 1832 3652 1884 χρηματι-

393 1918 609 1972 quoque
633 1904 879 1958 homines
906 1903 998 1957 filii
1030 1905 1120 1960 Dei
1147 1915 1290 1960 sunt.
1317 1906 1434 1961 Non
1457 1908 1602 1962 enim
1653 1908 1972 1977 simpliciter

394 1996 549 2058 dixit,
579 1994 656 2048 Tu
679 2009 737 2049 es
761 1994 929 2049 Filius
962 1995 1084 2059 Dei;
1114 1997 1229 2064 sed,
1267 2017 1284 2050 ι
1329 1997 1406 2051 Tu
1437 2015 1519 2063 es,
1543 2000 1633 2068 qui
1662 1999 1831 2056 Filius
1876 1999 1970 2054 Dei

397 2102 476 2142 es.
512 2106 532 2138 ι
575 2086 818 2156 Namque
855 2087 1068 2142 articuli
1099 2087 1318 2159 (Graeci)
1363 2089 1592 2159 adjeclio
1644 2105 1809 2144 unum
1873 2091 1968 2146 de-

395 2187 664 2235 monstrat
689 2181 1024 2249 unicumque
1047 2194 1231 2234 verum
1272 2180 1467 2235 Filium
1504 2181 1844 2238 confessione
1876 2181 1970 2237 Pe-

392 2274 459 2325 tri
493 2272 754 2327 denotari.
815 2271 950 2327 lluic
986 2273 1200 2326 demum
1261 2273 1546 2343 objectioni
1609 2274 1722 2343 ipse
1780 2273 1969 2330 beatus

391 2363 584 2418 Petrus
618 2363 700 2418 his
721 2363 830 2417 fere
861 2365 1038 2419 verbis
1071 2366 1200 2419 mihi
1248 2365 1458 2419 videtur
1492 2380 1781 2421 occurrere
1826 2383 1838 2418 :
1890 2365 1968 2418 Ne

393 2470 480 2510 me
516 2457 590 2510 ita
627 2457 860 2511 locutum
890 2457 1112 2524 putetis,
1165 2456 1320 2526 quasi
1360 2471 1499 2512 unus
1557 2457 1622 2510 de
1689 2457 1840 2512 vobis
1896 2455 1969 2511 sit

393 2550 558 2605 homo
582 2549 850 2604 Christus.
881 2549 1034 2603 flaud
1083 2549 1134 2603 id
1187 2549 1437 2618 equidem
1505 2548 1648 2611 dico,
1705 2548 1800 2604 sed
1851 2562 1965 2602 rem

391 2641 586 2695 miram
637 2652 691 2696 et
736 2641 1064 2710 insperatam
1125 2641 1387 2710 prudente
1462 2655 1714 2696 sermone
1764 2640 1964 2695 revelo.

390 2731 651 2798 Quaznam
684 2747 811 2787 vero
831 2734 942 2788 limc
974 2735 1089 2789 est?
1116 2731 1351 2803 Spiritus
1414 2733 1804 2789 descendentis
1856 2734 1967 2788 fra-

391 2839 522 2893 gore
540 2824 748 2889 audito,
773 2823 1084 2880 Iudaeorum
1133 2825 1362 2894 populus
1397 2825 1463 2879 ad
1500 2841 1600 2880 nos
1627 2826 1866 2881 accurrit
1894 2828 1963 2880 θ’.

391 2916 533 2986 Ergo
595 2917 845 2972 idoneum
900 2918 1147 2986 piscandi
1200 2917 1447 2972 homines
1503 2928 1714 2988 tempus
1750 2927 1962 2984 nactus,

392 3023 570 3079 neque
604 3017 779 3064 tamen
804 3009 993 3064 valens
1045 3008 1329 3064 manifesto
1372 3010 1685 3078 directoque
1716 3025 1967 3065 sermone

389 3100 663 3156 Christum
692 3101 857 3156 Deum
886 3103 1204 3171 praedicare,
1261 3101 1384 3169 quia
1445 3100 1517 3153 illi
1549 3100 1758 3155 scilicet
1806 3100 1965 3168 paulo

390 3203 516 3245 ante
543 3193 687 3246 hunc
709 3193 1114 3256 crucifixerant,
1174 3190 1572 3258 molestumque
1633 3191 1740 3246 illis
1778 3191 1964 3262 hujus-

391 3285 532 3338 modi
581 3284 851 3352 negotium
909 3283 1217 3346 accidisset,
1279 3281 1414 3349 celo,
1459 3282 1653 3352 inquit,
1699 3283 1966 3339 sermonis

391 3375 633 3440 hamum,
667 3374 828 3429 sicuti
865 3373 922 3426 fit
950 3371 1162 3440 objecta
1185 3372 1422 3442 piscibus
1456 3387 1606 3442 esca,
1639 3373 1742 3430 sub
1772 3376 1964 3429 horum

390 3466 680 3519 verborum
722 3463 1043 3527 humilitate,
1063 3474 1118 3518 et
1143 3462 1325 3518 Jesum
1352 3461 1697 3518 Nazarenum
1740 3465 1966 3520 nomino

389 3567 552 3626 atque
595 3555 938 3621 crucifixum,
974 3565 1026 3610 et
1055 3557 1198 3625 quod
1237 3557 1378 3612 Deus
1424 3556 1598 3624 ipsum
1648 3571 1680 3611 e
1737 3558 1966 3612 mortuis

389 3647 751 3713 suscitaverit;
776 3655 938 3716 atque
967 3647 1038 3700 ita
1070 3662 1177 3701 non
1206 3647 1324 3702 sine
1357 3647 1622 3702 velamine
1655 3647 1843 3718 iugero
1867 3663 1966 3704 nec

389 3743 506 3797 sine
531 3751 648 3796 arte
676 3743 908 3812 quadam
947 3740 1303 3810 theologicam
1342 3739 1486 3795 illius
1551 3740 1822 3794 notitiam.
1874 3739 1966 3794 Et-

389 3835 535 3890 enim
562 3833 779 3890 Davidis
818 3833 981 3888 verba
1017 3833 1070 3887 in
1105 3842 1342 3887 mentem
1375 3833 1508 3902 ipsis
1557 3847 1774 3897 revoco,
1827 3847 1967 3902 quo-

390 3926 535 3979 niam
561 3925 659 3980 viri
692 3923 835 3979 illius
865 3924 1042 3993 potius
1095 3923 1314 3978 oracula
1357 3923 1475 3978 siue
1533 3923 1843 3992 suspicione
1877 3926 1966 3978 ad-

390 4017 708 4082 mittebant;
772 4031 975 4086 perque
1037 4029 1099 4069 ea
1165 4030 1289 4070 mox
1373 4015 1556 4072 omnia
1624 4014 1718 4069 Dei
1777 4015 1962 4069 virtuti

390 4109 650 4173 attribuo,
684 4119 741 4162 ut
771 4109 850 4163 sic
891 4108 1149 4176 paulatim
1183 4105 1397 4162 Judazos
1444 4105 1640 4160 faciam
1670 4105 1963 4160 salutarem

389 4201 686 4254 doctrinam
726 4201 1004 4274 recipere:
1037 4215 1144 4269 quo
1171 4198 1334 4262 facto,
1365 4199 1539 4267 iisque
1587 4199 1654 4251 ad
1702 4213 1964 4267 compun-

389 4291 624 4346 ctiouem
661 4291 959 4355 conversis,
984 4290 1318 4345 manifestius
1342 4291 1534 4344 deinde
1580 4288 1748 4342 Deum
1784 4289 1963 4358 ipsum

389 4383 705 4436 demonstro
761 4396 858 4450 per
909 4379 1069 4447 hujus
1117 4379 1371 4448 baptismi
1446 4379 1500 4433 in
1578 4379 1696 4448 ejus
1747 4382 1965 4436 nomine

2073 1904 2272 1968 ζόντων
2301 1903 2434 1958 υἱῶν
2455 1905 2610 1957 Θεοῦ⁸
2637 1905 2698 1958 ού
2720 1905 2828 1976 γὰρ
2856 1903 3041 1967 ἁπλῶς
3067 1900 3248 1967 εἶπεν,
3269 1905 3340 1956 Συ
3365 1904 3491 1966 Υἰὸς
3511 1903 3650 1958 Θεοῦ

2072 1992 2141 2061 εἷ,
2167 1996 2323 2062 ἀλλὰ,
2345 2017 2361 2047 ι
2381 1997 2453 2051 Σὺ
2467 1991 2517 2050 εἷ
2543 1999 2570 2050 6
2593 1997 2722 2060 Υἱὸς
2755 1995 2848 2050 τοῦ
2880 1995 3034 2049 Θεοῦ
3069 2016 3088 2047 ›
3115 1998 3148 2066 ἡ
3181 1997 3289 2066 γὰρ
3318 1995 3411 2049 τοῦ
3443 1995 3648 2068 ἄρθρου

2071 2089 2354 2161 προσθήκη
2393 2089 2470 2160 Ι)
2505 2089 2742 2143 δείκνυσι
2774 2089 2866 2142 τὸν
2891 2087 2989 2142 ἕνα
3038 2089 3131 2142 καὶ
3173 2088 3332 2158 μόνον
3393 2089 3649 2158 ἀληθινὸν

2052 2181 2199 2251 ,Υίὸν
2231 2182 2565 2252 ὁμολογῆσαι
2592 2182 2683 2235 τὸν
2711 2182 2936 2252 Πέτρον.
2973 2181 3118 2253 Πρὸς
3157 2180 3329 2233 ταῦτα
3377 2179 3433 2232 δὲ
3472 2179 3649 2232 τοιού-

2069 2290 2184 2337 τοις
2227 2274 2512 2344 μονονουχὶ
2545 2273 2707 2336 αὐτὸς
2733 2275 2760 2326 ὁ
2795 2273 3064 2343 μακάριος
3097 2273 3302 2343 Πέτρος
3334 2272 3649 2341 ἀπήντησεν

2067 2365 2134 2418 ἂν
2174 2367 2444 2436 ῥήμασιν·
2477 2366 2569 2437 Μὴ
2614 2365 2776 2419 τοῦτο
2821 2365 3082 2436 νομίσητέ
3121 2382 3185 2435 με
3220 2365 3530 2435 εἰρηκέναι,
3562 2365 3648 2416 ὅτι

2069 2473 2176 2526 περ
2222 2457 2507 2528 ἄνθρωπος
2552 2456 2672 2510 καθ’
2703 2458 2849 2528 ἡμᾶς
2882 2451 2962 2520 εἷς
3000 2458 3146 2510 ἐστιν
3201 2458 3229 2508 6
3273 2457 3504 2527 Χριστός
3528 2473 3541 2487 ο
3581 2457 3646 2508 οὐ

2068 2547 2223 2600 τοῦτό
2259 2549 2407 2601 ἐστιν
2434 2549 2462 2602 ὅ
2495 2565 2638 2618 φημι
2658 2565 2673 2580 ⁸
2709 2549 2939 2618 πρᾶγμα
2967 2548 3022 2601 δέ
3050 2566 3102 2600 τι
3131 2549 3397 2618 οἰκονομῶ
3428 2548 3647 2618 θαυμα-

2071 2640 2216 2703 στὸν,
2244 2641 2338 2693 καὶ
2367 2638 2702 2711 παράδοξον·
2733 2641 2828 2716 καὶ
2860 2643 3011 2692 ποῖον
3040 2640 3198 2692 τοῦτό
3226 2643 3373 2705 seu;
3400 2642 3479 2710 Τῇ
3505 2639 3650 2693 καθ-

2067 2731 2174 2803 όδῳ
2200 2731 2293 2786 τοῦ
2329 2733 2468 2786 Πνεύ
2480 2751 2647 2804 ματος
2678 2732 3037 2804 περιηχηθείς
3059 2733 3169 2786 τῶν
3211 2733 3478 2786 Ἰουδαίων
3497 2735 3525 2784 6
3555 2732 3652 2802 δῆ-

2072 2839 2200 2892 μος,
2262 2823 2598 2893 συνέδραμεν
2663 2823 2801 2894 πρὸς
2849 2825 3024 2894 ἡμᾶς·
3086 2822 3260 2894 εὑρὼν
3311 2820 3405 2877 οὖν
3456 2822 3650 2893 καιρὸν

2069 2915 2255 2978 ἁλείας
2300 2914 2603 2984 ἀνθρώπων
2640 2910 2778 2968 εἰναι
2824 2916 2978 2980 τότε,
3029 2912 3145 2970 εἶτα
3174 2915 3430 2984 φανερῶς
3464 2916 3651 2978 αὐτοῖς

2068 3006 2163 3058 καὶ
2187 3006 2281 3058 ἀπ’
2309 3004 2524 3069 εὐθείας
2551 3007 2612 3058 ού
2644 3005 2942 3076 δυνάμενος
2972 3007 3063 3060 τὸν
3089 3007 3325 3078 Χριστὸν
3353 3007 3424 3059 85
3437 3025 3487 3059 δν
3515 3008 3649 3059 ἀνα-

2069 3096 2388 3167 κηρύττειν,
2422 3097 2656 3168 ὲπείπερ
2699 3097 2860 3151 αὑτὸν
2889 3099 2996 3169 πρὸ
3028 3097 3207 3166 ὀλίγου
3233 3097 3650 3168 σταυρώσαντες

2067 3184 2229 3258 ἦσαν,
2248 3189 2343 3242 καὶ
2369 3187 2508 3260 βαρὺ
2530 3190 2714 3254 αὐτοῖς
2734 3190 2821 3244 διὰ
2847 3189 3006 3243 τοῦτο
3026 3191 3086 3244 τὸ
3113 3193 3346 3262 πρᾶγμα
3373 3190 3649 3260 ἐφαίνετο,

2070 3279 2299 3350 κρύπτω
2328 3280 2394 3333 τὸ
2423 3281 2719 3354 ἄγκιστρον
2748 3281 2841 3336 τοῦ
2875 3281 3034 3350 λόγου
3053 3322 3068 3346 ,
3115 3282 3368 3353 καθάπερ
3417 3284 3508 3335 ἐπὶ
3539 3280 3653 3336 των

2070 3371 2270 3442 ἰχθύων
2313 3375 2380 3443 τῇ
2425 3375 2636 3444 τροφῇ,
2671 3375 2785 3437 τοῖς
2820 3374 3241 3444 ταπεινωτέροις
3283 3373 3494 3438 τούτοις
3545 3375 3648 3444 ρή-

2072 3481 2241 3536 μασι,
2293 3463 2388 3518 καὶ
2439 3465 2531 3516 τὸν
2584 3463 2788 3534 Ἰησοῦν
2836 3464 3159 3536 Ναζωραῖον
3217 3464 3496 3535 ὀνομάζω,
3551 3466 3652 3518 καὶ

2067 3554 2508 3626 ἐσταυρωμένον,
2545 3556 2640 3608 καὶ
2672 3557 2753 3610 ὅτι
2782 3558 2810 3609 6
2838 3557 2970 3619 Θεὸς
3002 3558 3225 3627 ἡγειρεν
3263 3557 3426 3610 αὑτὸν
3456 3557 3522 3608 ὲκ
3561 3574 3654 3608 νει

2069 3647 2239 3718 κρῶν,
2296 3647 2392 3700 καὶ
2441 3646 2584 3700 οὓτω
2645 3649 3076 3719 κεκαλυμμένως
3121 3649 3361 3718 εἰσφέρω
3410 3649 3505 3701 καὶ
3550 3647 3655 3717 τὴν

2069 3738 2346 3808 θεολογίαν
2398 3737 2602 3803 αὑτοῦ,
2644 3739 2738 3792 καὶ
2783 3739 2988 3810 ταύτην
3037 3741 3178 3810 μετά
3223 3757 3366 3802 τινος
3418 3739 3651 3809 τέχνης·

2066 3831 2196 3894 τοὺς
2233 3831 2340 3903 γὰρ
2367 3831 2532 3884 Δαδίδ
2581 3831 2782 3894 αὐτοὺς
2827 3832 3232 3901 ὑπομιμνήσκω
3259 3830 3472 3900 λόγους,
3505 3830 3658 3884 ἐπεί-

2069 3941 2175 3995 περ
2214 3926 2282 3977 τὰ
2321 3923 2534 3977 ἐκείνου
2570 3922 2769 3994 μᾶλλον
2799 3924 3125 3986 ἀνυπόπτως
3155 3923 3419 3994 ἐδέχοντο,
3448 3922 3542 3976 καὶ
3580 3923 3653 3976 δι’

2070 4016 2296 4069 ἐκείνων
2342 4015 2505 4070 πάλιν
2553 4018 2619 4087 τῇ
2666 4014 2762 4068 τοῦ
2809 4013 2944 4068 Θεοῦ
2989 4014 3217 4085 δυνάμει
3261 4015 3321 4068 τὸ
3373 4016 3480 4069 πᾶν
3525 4015 3656 4068 ἀνα·

2067 4107 2296 4179 τίθημι,
2331 4109 2419 4161 ἵνα
2447 4108 2589 4161 οὕτω
2627 4108 2767 4162 κατὰ
2800 4106 2994 4178 μικρὸν
3021 4108 3218 4171 αὐτοὺς
3251 4107 3655 4174 καταδέξασθαι

2070 4200 2280 4268 ποιήσω
2303 4197 2363 4250 τὸ
2394 4198 2663 4267 σωτήριον
2694 4198 2986 4268 κήρυγμα·
3012 4191 3073 4250 οὗ
3103 4197 3167 4268 δὴ
3201 4199 3518 4268 γενομένου,
3553 4197 3656 4249 καὶ

2068 4290 2147 4351 εἰς
2190 4288 2483 4352 κατὰνυξιν
2539 4288 2804 4342 ἐλθόντων
2852 4289 3051 4355 αὐτῶν,
3108 4289 3490 4359 φανερώτερον
3529 4305 3653 4351 πως

2070 4381 2235 4434 αὐτὸν
2263 4379 2450 4432 λοιπὸν
2477 4379 2608 4432 Θεὸν
2644 4380 2898 4447 ἐπιδείξω
2923 4381 3008 4435 διὰ
3031 4384 3128 4452 τῆς
3153 4381 3248 4434 τοῦ
3279 4380 3658 4451 βαπτίσματος

390 4470 702 4526 conferendi
739 4464 1114 4536 indictionein,
1135 4473 1332 4526 docens
1359 4470 1519 4525 simul
1545 4471 1597 4526 vi
1647 4471 1807 4542 hujus
1843 4473 1957 4529 fieri

2074 4473 2257 4528 τούτου
2280 4473 2361 4536 εἰς
2383 4473 2444 4526 τὸ
2461 4473 2634 4544 ὄνομα
2646 4475 2812 4528 αὐτοῦ
2844 4476 3221 4547 προστάξεως,
3248 4475 3443 4545 ἄφεσιν
3468 4476 3657 4546 ἁμαρ-

391 4575 732 4634 peccatorum
753 4563 1153 4620 remissionem.

461 4653 551 4712 2|.
579 4653 746 4709 Porro
775 4653 1146 4709 animadverte
1174 4655 1523 4724 apostolicam
1594 4657 1958 4726 prudentiam.

395 4764 415 4798 ι
456 4743 640 4801 Jesum
672 4745 804 4801 dicit
841 4743 1395 4809 Nazarenum,virum
1421 4747 1777 4816 approbatum
1804 4766 1831 4804 a
1854 4751 1962 4805 Deo

391 4837 535 4892 inter
562 4850 658 4891 vos
687 4837 981 4892 virtutibus
1019 4846 1068 4892 et
1104 4837 1296 4910 14y:
1312 4839 1572 4908 prodigiis
1605 4849 1768 4910 atque
1793 4843 1964 4913 signis

391 4944 513 4997 quae
551 4943 648 4997 per
677 4943 798 4983 eum
827 4926 953 4983 fecit
985 4927 1127 4984 Deus
1155 4930 1208 4982 in
1239 4930 1416 4985 medio
1473 4931 1638 4986 vestri
1666 4932 1704 4986 ί.
1738 4951 1756 4983 ι
1810 4933 1876 4987 Et
1932 4949 1961 4987 a

391 5017 502 5074 Deo
537 5021 890 5090 approbatum
913 5020 1065 5086 dicit,
1092 5032 1145 5076 et
1181 5022 1347 5076 Deum
1382 5022 1494 5076 haec
1519 5037 1615 5091 per
1641 5023 1790 5078 illum
1818 5028 1962 5096 egis-

389 5125 473 5176 se,
509 5123 566 5165 ut
607 5112 767 5169 Patre
799 5114 1078 5169 nominato
1107 5115 1459 5183 persuaderet
1491 5115 1596 5170 illis
1648 5131 1756 5185 quo
1785 5117 1962 5186 ipsum

390 5213 606 5268 quoque
651 5200 832 5256 Jesum
863 5213 1026 5272 atque
1081 5201 1198 5271 ejus
1238 5217 1401 5273 opera
1438 5203 1810 5270 admitterent,
1865 5221 1963 5262 ceu

391 5289 504 5352 illo,
535 5291 586 5344 id
613 5301 696 5346 est
715 5291 891 5357 Patre,
917 5294 1235 5364 haacagente
1252 5307 1346 5363 per
1366 5293 1595 5348 Filium:
1621 5313 1638 5344 ι
1661 5293 1791 5361 Quae
1811 5295 1961 5360 fecit,

390 5380 488 5444 ait,
518 5395 614 5451 per
649 5382 823 5451 ipsum
858 5385 1018 5440 Deus.
1051 5406 1070 5439 ι
1099 5386 1298 5442 Deinde
1335 5397 1633 5442 memorata
1669 5401 1852 5451 cruce,
1882 5402 1965 5441 re.

463 5562 508 5596 ⁸⁸
537 5561 724 5616 Matth.
762 5577 872 5626 va,
910 5564 996 5618 15.
1071 5565 1115 5597 ’³
1141 5565 1259 5621 Act.
1293 5583 1350 5633 ll,
1384 5567 1416 5620 6
1445 5582 1595 5637 seqq.
1677 5568 1690 5598 ¹
1719 5566 1846 5623 ibid.
1874 5567 1964 5622 2'2.

2072 4566 2201 4620 τιῶν
2251 4566 2432 4629 αὐτοῖς
2476 4565 2668 4620 τούτου
2703 4567 3023 4639 χαρίζεσθαι
3069 4569 3369 4639 δυναμένου
3409 4566 3654 4633 διδάξας.

2141 4657 2246 4712 κα’.
2289 4660 2396 4713 Καὶ
2421 4661 2522 4732 ὅρα
2551 4660 2764 4714 σύνεσιν
2795 4661 3160 4732 ἀποστολικήν
3183 4677 3194 4690 ·
3234 4679 3254 4712 ι
3291 4658 3521 4731 Ἰησοῦν,
3553 4676 3660 4727 (pq-

2073 4753 2180 4816 ctv,
2207 4750 2296 4804 τὸν
2341 4752 2682 4824 Ναζωραῖον,
2715 4753 2883 4825 ἄνδρα
2922 4753 3377 4823 ἀποδεδειγμένον
3406 4752 3514 4806 ἀπὸ
3551 4750 3655 4804 τοῦ

2071 4843 2207 4896 Θεοῦ
2233 4843 2311 4905 εἰς
2342 4844 2488 4914 ὑμᾶς
2512 4844 2773 4915 δυνάμεσι
2802 4844 2896 4898 καὶ
2920 4843 3110 4916 τέρασι
3145 4844 3240 4896 καὶ
3276 4842 3546 4912 σημείοις,
3569 4834 3656 4904 οἷς

2073 4935 2328 5006 ἐποίησεν
2356 4936 2422 4988 δι’
2449 4935 2618 4990 αὑτοῦ
2649 4939 2677 4989 6
2704 4937 2836 5000 Θεὸς
2863 4937 2922 4990 ὲν
2957 4936 3107 5008 μέσῳ
3141 4935 3318 5006 ὑμῶν.
3357 4953 3375 4985 ι
3405 4932 3515 4986 Καὶ
3540 4931 3655 4985 ἀπὸ

2071 5030 2207 5083 Θεοῦ
2261 5031 2708 5102 ἀποδεδειγμένον
2741 5031 2907 5100 λέγει,
2941 5031 3034 5084 καὶ
3082 5030 3174 5084 τὸν
3213 5029 3345 5084 Θεὸν
3372 5026 3545 5081 ταῦτα
3585 5025 3655 5078 δι’

2073 5122 2238 5176 αὑτοῦ
2267 5124 2638 5194 ἐνεργήσαντα
2663 5164 2677 5187 ,
2707 5124 2796 5177 ἵνα
2821 5125 2886 5194 τῇ
2929 5121 3022 5176 τοῦ
3052 5121 3264 5194 Πατρὸς
3308 5119 3659 5190 προσηγορίᾳ

2075 5212 2240 5282 πείσῃ
2259 5214 2478 5279 αὐτοὺς,
2502 5214 2597 5267 καὶ
2614 5215 2775 5268 αὑτὸν
2789 5213 2879 5267 τὸν
2895 5212 3102 5284 Ἰησοῦν
3123 5213 3216 5265 καί⁸
3237 5211 3306 5267 τὸ.
3329 5211 3466 5282 ἔργα
3483 5209 3655 5263 αὐτοῦ

2074 5304 2488 5368 καταδέξασθαι,
2521 5305 2597 5368 ὡς
2625 5307 2834 5360 ἐκείνου
2861 5306 2928 5358 δι’
2959 5304 3124 5359 αὑτοῦ
3149 5303 3320 5357 ταῦτα
3349 5301 3652 5362 ποιοῦντος,

2073 5393 2214 5461 λέγω
2243 5395 2306 5466 δὴ
2337 5395 2429 5450 τοῦ
2466 5398 2707 5468 Πατρός⁹
2747 5418 2763 5449 ι
2794 5391 2888 5462 Οἷς
2910 5396 3162 5466 ἐποίησεν
3198 5395 3323 5464 γὰρ,
3358 5392 3545 5463 φησὶν,
3587 5388 3657 5443 δι’

463 5727 540 5797 (i)
578 5725 724 5782 Hauc
769 5725 1176 5796 signiticalivam
1232 5728 1337 5780 vim
1378 5727 1532 5783 habet
1592 5727 1693 5784 hoc
1748 5729 1864 5784 loco
1904 5727 2127 5788 Cnemis
2161 5727 2413 5782 articulus
