4002 6192
282 327 388 382 281

1404 324 1591 393 QUOD
1626 328 1684 382 Β.
1728 330 1943 386 MARIA
1989 332 2094 386 Sl'l‘
2139 333 2461 388 DEIPARA.

3448 320 3554 376 982

283 439 466 494 αὖτοῦ
502 441 533 492 ό
565 439 715 502 Θεός.
744 457 762 491 ι
797 435 932 493 Εἶτα
967 437 1061 492 τοῦ
1091 439 1324 511 σταυροῦ
1354 443 1754 512 μνημονεύσας,
1788 442 1883 496 καὶ

2009 448 2382 502 .urrcctioncm
2414 460 2628 516 quoque
2661 445 2712 498 iu
2762 445 2996 497 medium
3048 441 3288 502 adducit,
3331 448 3378 493 ct
3416 445 3555 491 hanc

286 533 396 602 τὴν
432 531 736 584 ἀνάστασιν
785 529 1068 601 εἰσφέρει,
1104 529 1201 584 καὶ
1243 528 1444 601 ταύτην
1493 533 1567 596 ὡς
1602 533 1755 602 παρά
1792 532 1885 586 τοῦ

291 621 521 692 Πατρὸς
571 621 732 674 πάλιν
779 621 1194 692 γεγενημένην,
1236 622 1324 674 ἵνα
1357 622 1445 675 διὰ
1489 623 1678 676 τούτου
1727 623 1887 678 πάλιν

292 713 396 766 καὶ
435 710 605 781 αὐτὴν
643 711 843 772 αὐτοὺς
891 710 1290 776 καταδέξασθαι
1320 713 1547 784 ποιήσῃ·
1587 714 1681 767 καὶ
1704 713 1888 767 λοιπὸν

295 804 496 873 ὥσπερ
523 801 956 872 κεκαλυμμένως
992 801 1174 864 αὐτοῖς
1203 802 1298 854 καὶ
1335 802 1435 872 τὴν
1462 802 1743 872 θεολογίαν
1773 805 1886 857 εἰσ-

297 898 368 964 φέ
379 913 487 967 ρει·
519 895 760 966 εἰρηκὼς
790 893 920 964 γάρ,
945 912 962 943 ι
981 894 1076 945 Ὃν
1095 893 1123 945 6
1145 893 1274 957 Θεὸς
1290 894 1586 964 ἀνέστησεν
1604 895 1768 960 λύσας
1791 896 1889 960 τὰς

297 989 503 1051 ὠδῖνας
524 988 616 1040 τοῦ
639 987 925 1046 θανάτου,ι
949 984 1165 1052 ἐπάγει·
1205 1003 1222 1036 t
1249 985 1385 1039 Καθ’
1406 987 1488 1040 ὃτι
1508 987 1607 1039 ούκ
1636 981 1704 1057 ἦν
1729 987 1888 1041 δυνα-

301 1081 398 1133 τὸν
429 1078 752 1148 κρατεῖσθαι
784 1077 946 1131 αὐτὸν
983 1077 1073 1129 ὑπ’
1099 1076 1286 1130 αύτοῦ.
1328 1096 1346 1130 ι
1374 1077 1572 1132 Οὐκέτι
1603 1077 1787 1132 λοιπὸν
1816 1080 1890 1143 ὡς

307 1171 443 1242 περὶ
466 1169 753 1241 ἀνθρώπου
770 1167 927 1221 τοῦτο
947 1186 959 1198 ·
975 1169 1023 1220 εί
1040 1167 1146 1238 γὰρ
1165 1167 1260 1222 ἀνθ
1272 1186 1450 1238 ρωπος
1468 1165 1554 1239 ἦν,
1574 1171 1788 1232 πάντως
1809 1171 1890 1224 ὅτι

308 1264 404 1316 καὶ
430 1259 748 1332 κρατεῖσθαι
777 1258 1009 1329 ἠδύνατο
1030 1258 1134 1311 ὑπὸ
1165 1259 1256 1311 τοῦ
1287 1259 1518 1313 θανάτου
1535 1277 1548 1290 ·
1573 1260 1709 1314 ἀλλὰ
1733 1261 1893 1314 τοῦτο

310 1353 550 1423 εἰρηκὼς
577 1390 592 1415 ,
627 1349 966 1418 καταφεύγει
1011 1350 1221 1419 ταχέως
1267 1351 1361 1403 ἐπὶ
1399 1349 1500 1421 τὴν
1546 1351 1892 1422 προφητικὴν

314 1442 642 1513 μαρτυρίαν,
669 1439 758 1492 ἵνα
790 1439 990 1510 μηκέτι
1015 1437 1092 1500 ὡς
1114 1439 1245 1507 παρ’
1279 1438 1465 1503 αὑτοῦ,
1489 1439 1623 1492 ἀλλά
1642 1439 1718 1504 ὡς
1743 1441 1893 1512 παρά

309 1534 404 1586 τοῦ
438 1533 726 1604 προφήτου
761 1529 964 1600 μᾶλλον
1011 1529 1324 1594 ἀκούοντες,
1357 1530 1765 1602 προθυμότερον
1805 1532 1892 1584 δέ-

314 1626 508 1690 ξωνται
543 1623 605 1675 τὸ
630 1622 958 1692 λεγόμενον·
997 1618 1092 1672 καί
1128 1636 1294 1688 φησιν
1314 1634 1327 1647 ·
1363 1639 1380 1669 ι
1409 1618 1574 1672 Δαὸὶδ
1603 1620 1712 1690 γὰρ
1744 1620 1893 1688 λέγει

310 1719 389 1780 εἰς
406 1715 569 1768 αὐτόν
587 1730 600 1743 ο
624 1709 1024 1783 Προεωρώμην
1048 1709 1141 1762 τὸν
1174 1707 1378 1778 Κύριον
1407 1709 1633 1763 ἐνώπιόν
1667 1729 1768 1781 μου
1805 1711 1893 1766 διὰ

1991 536 2115 590 item
2150 546 2400 607 tanquam
2435 553 2462 590 a
2506 535 2665 588 Patre
2701 533 2984 598 circ-ctam;
3026 543 3084 585 ut
3134 529 3557 584 resurrectionis

1991 643 2154 683 causa
2182 645 2394 684 erucem
2431 643 2642 697 quoque
2672 628 2738 680 ab
2763 627 2827 679 iis
2857 625 3064 677 admitti
3109 631 3344 677 curaret.
3405 619 3558 672 Dein-

1991 729 2116 784 ceps
2141 715 2420 770 veroclam
2447 715 2612 769 veluti
2665 714 2834 784 ipsius
2893 711 3249 779 theologicam
3307 708 3556 762 notitiam

1989 807 2252 864 insinuat.
2289 806 2422 862 Nam
2453 823 2575 861 cum
2603 807 2848 869 dixisset,
2869 824 2885 855 ι
2919 804 3084 870 Quem
3114 802 3254 854 Deus
3277 799 3560 853 suscitavit

1988 899 2179 954 solutis
2213 899 2404 954 mortis
2431 899 2730 960 doloribus,
2761 917 2778 949 ι
2819 897 2996 958 addit,
3020 913 3036 944 ‹
3070 893 3205 958 Quia
3231 889 3562 959 impossibile

1989 1001 2108 1044 erat
2142 992 2284 1046 hunc
2311 991 2379 1044 ab
2409 991 2496 1044 illa
2528 991 2699 1044 teneri
2731 993 2773 1046 ¹.
2811 1008 2827 1040 ι
2866 987 3002 1041 Ecce
3025 985 3165 1039 haud
3214 984 3325 1052 jam
3363 981 3562 1033 diutius

1992 1093 2248 1151 tanquam
2280 1081 2347 1137 de
2371 1081 2590 1136 homine
2617 1079 2854 1148 loquitur
2889 1097 2901 1132 :
2933 1092 3052 1130 nam
3085 1075 3129 1129 si
3163 1075 3322 1128 homo
3352 1071 3562 1130 fuisset,

1991 1186 2212 1240 prorsus
2277 1188 2304 1226 a
2340 1182 2512 1227 morte
2560 1172 2780 1226 retineri
2842 1177 3050 1239 poterat
3081 1185 3093 1219 :
3127 1166 3244 1230 sed,
3274 1166 3374 1218 hoc
3398 1162 3564 1226 dicto,

1992 1262 2230 1332 confugit
2259 1263 2442 1317 statim
2469 1263 2534 1316 ad
2555 1261 2922 1331 propheticum
2961 1257 3351 1319 testimonium,
3384 1253 3565 1320 utjam

1993 1371 2096 1408 non
2161 1355 2228 1407 ab
2288 1355 2424 1422 ipso,
2454 1357 2547 1407 sed
2616 1367 2645 1406 a
2714 1352 2977 1420 propheta
3052 1349 3228 1418 potius
3264 1345 3564 1409 audientes,

1992 1446 2292 1516 promptius
2319 1445 2462 1499 dicta
2506 1445 2836 1512 exciperent.
2870 1443 3096 1511 aitque:
3135 1459 3152 1490 ι
3206 1437 3373 1490 David
3425 1436 3566 1488 enim

1993 1536 2122 1590 dicit
2169 1539 2234 1590 de
2270 1550 2364 1590 eo;
2394 1535 2750 1589 Providebam
2786 1535 3067 1589 Dominum
3100 1546 3279 1584 coram
3312 1543 3394 1582 tne
3423 1541 3566 1582 sem-

1993 1644 2088 1698 per
2106 1627 2146 1690 ⁸,
2188 1645 2204 1678 ι
2238 1637 2291 1681 et
2315 1627 2539 1696 reliqua.
2565 1626 2953 1680 Animadverte
2975 1633 3174 1692 quanto
3198 1620 3426 1674 artiﬁcio
3452 1632 3564 1670 ser-

1995 1733 2208 1772 monem
2233 1718 2298 1772 de
2326 1719 2550 1772 Domino
2577 1719 2715 1786 apud
2753 1733 2847 1772 eos
2889 1715 3035 1769 facit.
3073 1713 3294 1773 Deinde,
3333 1709 3572 1763 testimo-

311 1807 506 1869 παντός
527 1823 541 1836 ·
580 1823 598 1855 ι
624 1804 720 1857 καὶ
749 1803 816 1856 τὰ
837 1801 988 1870 ἑξῆς.
1008 1801 1150 1872 Ὅρα
1180 1799 1299 1869 μεθ’
1331 1800 1462 1871 ὅσης
1483 1801 1681 1872 τέχνης
1711 1804 1894 1868 αὐτοῖς

2009 1810 2086 1863 uio
2136 1809 2409 1874 absoluto,
2470 1825 2658 1864 rursus
2697 1810 2908 1862 illorum
2959 1804 3314 1874 cogitationes
3364 1813 3573 1861 ccutpc-

310 1899 405 1967 τὴν
444 1892 811 1965 Κυριολογίαν
866 1892 1196 1962 είσήγαγεν·
1274 1886 1392 1944 εἶτα
1440 1891 1536 1962 τὴν
1583 1895 1892 1965 μαρτυρίαν

312 1983 628 2054 πληρώσας,
659 1981 821 2036 πάλιν
861 1980 1044 2033 αὐτῶν
1079 1979 1267 2050 ῶσπερ
1306 1980 1396 2032 τὸν
1430 1979 1688 2050 λογισμὸν
1724 1999 1892 2036 κατα-

323 2075 576 2138 στέλλων,
613 2073 912 2143 ἐπειδήπερ
969 2069 1346 2141 φανερώτερον
1397 2071 1557 2124 αὑτὸν
1605 2072 1893 2142 ὲθεολόγει,

325 2166 422 2218 ἒ.πὶ
447 2164 547 2234 τὴν
577 2163 668 2216 τοῦ
699 2164 907 2233 Πατρὸς
938 2162 1101 2215 πάλιν
1141 2162 1470 2232 κατατρέχει
1505 2166 1896 2235 προσηγορίαν,

333 2257 432 2310 καί
483 2273 669 2324 φησιν’
702 2274 719 2306 ι
762 2253 1045 2323 Ἀσφαλῶς
1096 2249 1188 2306 οὖν
1226 2255 1541 2321 γινωσκέτω
1590 2258 1696 2319 πᾶς
1748 2252 1897 2322 οἶκος

347 2347 591 2418 Ἰσραὴλ,
621 2350 700 2400 ὅτι
726 2350 817 2400 καὶ
834 2347 1034 2416 Κύριον
1060 2347 1155 2400 καὶ
1190 2347 1423 2417 Χριστὸν
1457 2346 1484 2398 6
1509 2347 1639 2411 Θεὸς
1671 2348 1895 2418 ἐποίησε

327 2438 527 2492 τοῦτον
577 2439 672 2490 τὸν
728 2437 938 2508 Ἰησοῦν,
979 2438 1034 2491 δν
1081 2438 1240 2507 ὑμεῖς
1286 2437 1691 2508 ἐσταυρώσατε·
1732 2459 1750 2491 ι
1805 2441 1896 2494 καὶ

320 2531 678 2600 αἰτησάντων
710 2530 894 2582 αὐτῶν
915 2529 1086 2584 λοιπὸν
1112 2529 1360 2591 ἐκείνων,
1395 2529 1448 2580 τί
1481 2529 1705 2600 ποιῆσαι
1735 2530 1899 2599 ὤφει-

313 2622 429 2686 λον,
475 2622 849 2692 βαπτισθῆναι
882 2622 1056 2685 αύτοῖς
1082 2619 1417 2691 προσέταξεν
1451 2621 1541 2672 ἐπὶ
1568 2621 1646 2692 τῷ
1676 2622 1898 2692 ὀνόματι

314 2714 504 2779 αὑτοῦ,
541 2715 637 2766 καὶ
679 2716 876 2782 ἄφεσιν
910 2712 1193 2784 ἁμαρτιῶν
1226 2712 1312 2765 διὰ
1350 2711 1541 2765 τούτου
1567 2712 1896 2782 λαμϐάνειν·

1999 1917 2177 1966 scens,
2203 1902 2328 1971 quia
2367 1902 2639 1972 apertiore
2674 1900 2940 1968 theologia
2966 1900 3027 1951 de
3055 1896 3178 1950 Jesu
3209 1893 3418 1946 loeutus
3465 1890 3574 1942 fue-

1998 2000 2102 2054 rat,
2137 1994 2202 2044 ad
2228 1991 2444 2046 Patrem
2473 1993 2648 2044 denuo
2682 1992 2936 2042 translert
2993 1997 3318 2046 sermonem,
3345 1979 3523 2046 aitque
3555 1993 3568 2029 :

2005 2103 2023 2136 ι
2061 2084 2221 2140 Certo
2253 2083 2418 2155 igitur
2447 2083 2584 2137 sciat
2607 2082 2856 2135 universa
2885 2079 3100 2133 lsraelis
3157 2076 3347 2130 domus
3368 2111 3383 2135 ,
3433 2069 3572 2138 quod

2001 2185 2054 2230 et
2083 2175 2367 2231 Dominum
2393 2187 2448 2229 et
2477 2175 2752 2231 Christum
2807 2173 2944 2228 Deus
2990 2168 3183 2225 fecerit
3225 2167 3366 2219 hunc
3417 2176 3582 2230 quem

2005 2283 2105 2324 vos
2129 2268 2480 2323 crucilixistis
2515 2267 2702 2322 Jcsum
2732 2270 2776 2322 ⁸.
2819 2286 2836 2318 ι
2867 2265 2978 2318 Illis
2998 2277 3128 2316 vero
3158 2267 3341 2329 postea
3393 2268 3580 2321 rogau-

2004 2361 2152 2414 tibus
2175 2361 2300 2430 quid
2331 2361 2475 2416 factu
2522 2377 2658 2431 Opus
2697 2369 2841 2413 csset
2861 2399 2874 2421 ,
2901 2353 3167 2425 baptizari
3189 2366 3283 2406 eos
3338 2345 3497 2415 jussil
3526 2343 3576 2394 ἱιι

2005 2449 2222 2503 nomine
2251 2450 2414 2514 illitts,
2440 2460 2488 2502 et
2510 2459 2851 2518 peccatorum
2879 2446 3250 2498 remissionem
3305 2452 3399 2503 per
3424 2449 3579 2486 eun:-

2005 2538 2127 2593 dent
2156 2540 2438 2609 recipere;
2467 2539 2786 2593 remissione
2821 2534 3065 2588 videlicet
3106 2537 3447 2600 peccatorum
3481 2537 3581 2575 att-

2007 2631 2314 2686 ctoritatem
2327 2633 2406 2688 eis
2425 2628 2938 2694 Christisuadens';
2962 2625 3140 2680 verbis
3160 2632 3362 2682 autem,
3391 2635 3410 2668 ι
3438 2616 3582 2669 Deus

2016 2718 2168 2786 fecit,
2197 2739 2216 2772 ι
2263 2721 2477 2776 illorum
2503 2720 2991 2776 contradictionem
3021 2713 3335 2769 excludens.

311 2809 377 2877 τῇ
410 2806 520 2858 τῶν
552 2805 842 2876 ἁμαρτιῶν
870 2806 1066 2874 ἀφέσει
1105 2803 1203 2876 τὴν
1256 2804 1550 2875 κυριότητα
1585 2805 1784 2867 αὐτοὺς
1829 2806 2080 2879 ἐννοῆσαι
2108 2812 2309 2867 ποιῶν·
2339 2813 2428 2868 διὰ
2477 2813 2535 2866 δὲ
2569 2811 2664 2865 τοῦ
2699 2812 2900 2880 λέγειν,
2925 2832 2942 2863 ι
2983 2810 3042 2864 Ὀ
3069 2807 3202 2870 Θεὸς
3235 2802 3513 2872 ἐποίησεν,
3558 2816 3580 2852 ι

313 2897 414 2967 τὴν
441 2897 665 2949 ἐκείνων
703 2896 1016 2950 ἀποκλείων
1046 2894 1468 2964 ἐναντιολογίαν.

388 2988 498 3058 κβ’.
545 2989 669 3040 Ὀτι
717 2988 828 3058 γάρ
877 2988 1193 3058 πρόσφατον
1230 2989 1364 3058 ἡμῖν
1411 2986 1619 3059 Κύριον
1655 2989 1684 3041 6
1724 2987 1913 3059 Πατὴρ

2091 2990 2182 3044 22.
2219 2988 2372 3056 Quod
2420 2997 2602 3043 autem
2655 2985 2795 3042 haud
2848 3001 3042 3040 novum
3092 2984 3379 3038 Dominum
3431 2981 3587 3038 nobis

317 3081 422 3134 οὐκ
457 3081 733 3148 εποίησεν,
760 3080 954 3134 ούδένα
987 3075 1140 3149 οἶμαι
1185 3079 1294 3132 τῶν
1325 3079 1731 3150 εύφρονούντων
1785 3081 1905 3133 ἀντ-

2013 3082 2177 3137 Pater
2199 3081 2459 3144 effecerit,
2491 3079 2763 3133 neminem
2794 3091 2923 3131 sana
2965 3081 3144 3128 mente
3175 3072 3457 3142 praeditum
3489 3087 3585 3125 ne-

320 3189 347 3223 ε
356 3174 494 3240 ρείν·
522 3173 614 3222 καὶ
637 3169 745 3240 γὰρ
768 3170 890 3240 οὐχ,
909 3169 986 3232 ὦς
1009 3186 1153 3232 τινες
1169 3169 1411 3238 ἀνοήτως
1434 3169 1514 3230 είς
1535 3167 1632 3238 τὴν
1652 3167 1747 3220 τοῦ
1773 3166 1906 3220 Υίοῦ

321 3260 559 3329 θεότητα
591 3261 652 3312 τὸ
687 3259 851 3331 ῥητὸν
880 3259 1340 3330 ὲκλαμϐάνουσιν,
1370 3256 1546 3321 οὕτως
1572 3257 1814 3328 εἴρηκεν·
1847 3257 1906 3310 ού

321 3351 437 3422 γὰρ
488 3351 617 3420 περὶ
666 3352 765 3418 τῆς
801 3349 1086 3420 ὑπάρξεως
1118 3348 1284 3403 αὑτοῦ
1319 3348 1519 3410 σκοπὸς
1557 3343 1624 3418 ἦν
1657 3347 1735 3418 τῷ
1772 3347 1910 3400 ἀπο-

325 3444 500 3513 στόλῳ
530 3441 920 3510 διαλέγεσθαι,
978 3441 1113 3494 ἀλλά
1144 3442 1273 3512 περὶ
1315 3440 1418 3511 τῆς
1467 3439 1606 3510 μετὰ
1642 3439 1740 3511 τὴν
1778 3439 1912 3493 ἀνά-

328 3549 518 3584 στασιν
545 3530 726 3602 δόξης.
749 3532 823 3584 Τὸ
849 3528 966 3598 οὖν,
995 3550 1012 3582 ι
1041 3532 1246 3602 Κύριον
1272 3531 1434 3584 αὐτὸν
1456 3531 1762 3601 ἐποίησεν.»
1791 3529 1912 3585 ἀντὶ

328 3624 447 3688 τοῦ,
463 3625 778 3694 κυριότητα
805 3623 900 3675 καὶ
917 3621 1155 3694 Χριστοῦ
1182 3621 1339 3687 δόξαν
1366 3621 1518 3689 αὑτῷ
1541 3621 1790 3674 δέδωκεν·
1815 3620 1913 3690 ούχ

332 3718 420 3770 ὃτι
456 3713 614 3778 δόξαν
650 3713 946 3784 ἐπίκτητον
975 3712 1166 3766 ἐλαϐεν
1195 3714 1224 3765 6
1254 3712 1401 3776 Υἱὸς,
1435 3711 1550 3764 ἀλλ’
1577 3713 1804 3776 ἐκείνοις
1827 3712 1914 3766 διὰ

327 3808 434 3876 τὴν
481 3806 891 3876 προειρημένην
938 3805 1250 3876 οἰκονομίαν
1293 3786 1466 3867 οὕτως
1514 3803 1914 3874 διαλεγόμενος,

329 3895 420 3947 ὅτι
445 3895 605 3949 Οῦτω
652 3893 929 3946 πιστεύειν
973 3895 1054 3956 είς
1086 3893 1248 3946 αὑτὸν
1286 3892 1552 3961 ὀφείλετε,
1589 3894 1664 3956 ὡς
1694 3893 1916 3964 Χριστῷ

333 3987 432 4042 καὶ
461 3988 653 4058 Κυρίῳ
671 3987 1008 4058 προσιόντες.
1043 3987 1166 4040 ὐτι
1198 3985 1305 4056 γὰρ
1336 3985 1437 4039 οὐκ
1472 3985 1758 4056 ἄνθρωπος
1792 3985 1915 4039 καθ’

332 4081 486 4150 ἡμᾶς
520 4078 916 4147 γεγεννημένος
964 4078 1128 4149 χωρὶς
1178 4077 1277 4148 τῆς
1321 4077 1415 4131 τοῦ
1447 4078 1624 4146 Λόγου
1672 4075 1918 4140 ὲνώσεως

348 4172 562 4242 Ἰησοῦς
586 4175 614 4224 6
639 4171 979 4243 Ναζωραῖος.
1002 4173 1030 4224 6
1059 4171 1118 4223 τὸ
1145 4170 1275 4224 ῐδιον
1304 4171 1444 4240 ὑπὲρ
1474 4170 1632 4242 ἡμῶν
1656 4164 1794 4241 αἷμα
1823 4171 1918 4224 ὲκ-

333 4265 557 4334 χεῖσθαι
591 4263 1044 4334 καταδεξάμενος,
1071 4265 1235 4318 ἄκουε
1268 4265 1458 4334 σαφῶς
1489 4266 1584 4318 τοῦ
1619 4266 1918 4320 ἀποστόλου

337 4358 561 4411 Παύλου
612 4361 724 4420 τοῖς
779 4357 1041 4424 Ἐφεσίων
1074 4357 1416 4420 διδασκάλοις
1465 4357 1623 4411 τοῦτο
1669 4358 1921 4430 φανερῶς

2011 3184 2259 3244 gaturum
2289 3181 2444 3243 puto.
2473 3168 2591 3226 Non
2623 3170 2790 3232 enim,
2819 3177 2878 3221 ιιι
2907 3165 3123 3234 quidam
3163 3163 3481 3230 insipienter
3506 3162 3587 3214 di-

2011 3275 2156 3321 ctum
2186 3267 2290 3322 hoc
2319 3266 2386 3320 de
2413 3263 2534 3318 Filii
2573 3261 2865 3316 divinitate
2895 3255 3223 3326 intelligunt,
3268 3253 3341 3306 ita
3375 3252 3587 3304 locutus

2011 3367 2096 3416 est
2113 3379 2123 3414 :
2147 3373 2320 3428 neque
2337 3357 2406 3412 de
2429 3355 2548 3409 Filii
2578 3351 2898 3409 exsistentia
2925 3349 3067 3417 loqui
3092 3344 3379 3416 Apostolus
3396 3340 3591 3414 1M1

2013 3451 2117 3512 sibi
2145 3449 2453 3520 proposuit,
2480 3447 2574 3502 sed
2599 3447 2662 3500 de
2694 3443 2810 3513 ejus
2839 3448 2961 3509 post
2991 3437 3444 3492 resurrectionem
3474 3436 3590 3503 glo-

2014 3542 2116 3596 ria.
2149 3542 2289 3610 Ergo
2321 3540 2506 3604 verba,
2543 3554 2561 3588 ι
2587 3535 2870 3590 Dominum
2912 3545 3034 3586 eum
3081 3528 3228 3592 fecit,
3269 3545 3288 3579 ι
3339 3526 3593 3580 dicuntur

2013 3645 2150 3701 pro,
2184 3621 2835 3700 Dominatumetﬁhristi
2885 3618 3111 3690 gloriam
3161 3616 3260 3684 ipsi
3305 3611 3590 3666 attribuit:

2019 3739 2128 3778 non
2159 3723 2299 3792 quod
2353 3719 2672 3788 acquisitam
2716 3713 2941 3784 gloriam
2970 3710 3141 3764 Filius
3170 3706 3462 3775 acceperit,
3498 3701 3592 3756 sed

2017 3813 2220 3869 Judaeis
2248 3811 2545 3868 secundum
2582 3807 2900 3877 praedictam
2934 3799 3394 3870 dispensationem
3420 3795 3491 3846 ita
3519 3792 3596 3843 lo-

2019 3905 2227 3974 quitur,
2265 3903 2391 3972 quia
2427 3901 2507 3956 sie
2541 3901 2768 3954 credere
2801 3893 3168 3974 ei‘deltereut,
3205 3897 3262 3939 ut
3292 3883 3496 3937 Christi
3531 3897 3596 3932 ac

2021 3997 2238 4052 Domini
2276 3994 2386 4063 jam
2421 3992 2552 4046 factt
2611 3975 2863 4044 asseclm.’
2906 3983 3056 4049 Quod
3100 3978 3243 4036 enim
3293 3991 3396 4029 non
3435 3975 3595 4026 homo

2023 4101 2171 4142 more
2203 4061 2388 4140 nostro
2419 4082 2650 4152 genitus,
2699 4079 2820 4132 sine
2847 4073 3010 4130 Verbi
3047 4071 3266 4132 unione,
3301 4065 3457 4120 Jesus
3487 4061 3595 4115 Na-

2023 4193 2256 4234 zarenus
2309 4176 2400 4237 sit,
2443 4173 2534 4244 qui
2571 4188 2668 4242 pro
2708 4169 2868 4225 nobis
2921 4164 3243 4233 sanguinem
3279 4173 3434 4212 suum
3465 4154 3595 4244 iuno

2023 4270 2156 4324 dere
2184 4281 2292 4322 non
2329 4242 2622 4327 recusavit,
2656 4259 2780 4314 audi
2813 4254 3098 4312 manifeste
3127 4247 3430 4318 apostolum
3463 4242 3599 4296 Pau-

2027 4361 2137 4414 lum
2176 4372 2360 4413 coram
2401 4353 2754 4423 Ephesiorum
2794 4345 3069 4417 magistris
3112 4342 3286 4412 palam
3319 4337 3597 4391 aﬂirmam

335 4449 751 4511 καθιστῶντος·
790 4467 807 4498 t
844 4423 1149 4517 Προσέχετε
1181 4449 1309 4516 γὰρ,
1352 4447 1515 4518 φησὶ,
1570 4423 1785 4513 ἑαυτοῖς
1810 4423 1905 4503 *καλ

2030 4460 2172 4504 tem:
2209 4467 2228 4500 ι
2260 4446 2566 4508 Attendite,
2607 4442 2800 4512 inquit,
2845 4437 2998 4492 vobis
3056 4441 3110 4490 et
3142 4432 3395 4485 universo
3427 4423 3593 4495 gregi,

337 4542 507 4593 παντὶ
536 4539 612 4610 τῷ
652 4539 906 4609 ποιμνίῳ,
935 4539 993 4592 ὲν
1031 4532 1074 4606 ᾧ
1115 4540 1259 4608 ὑμᾶς
1290 4539 1350 4590 τὸ
1399 4539 1624 4610 Πνεῦμα
1660 4541 1721 4593 τὸ
1760 4542 1919 4610 ἅγιον

338 4630 495 4685 ἔθετο
548 4631 880 4693 ἐπισκόπους
909 4670 924 4692 ,
957 4630 1269 4700 ποιμαίνειν
1303 4629 1400 4700 τὴν
1455 4630 1784 4700 Ἐκκλησίαν
1823 4631 1918 4685 τοῦ

338 4721 502 4783 Θεοῦ,
533 4723 600 4791 ἢν
634 4723 1062 4791 περιεποιήσατο
1089 4720 1179 4773 διὰ
1210 4719 1304 4772 τοῦ
1334 4721 1564 4789 αἵματος
1590 4721 1682 4774 τοῦ
1713 4721 1868 4775 ἰδίου.
1899 4741 1916 4772 ι

352 4813 603 4877 Ἀκούεις
620 4812 752 4866 Θεὸν
769 4811 1018 4883 φανερῶς
1035 4811 1138 4865 ὑπὸ
1156 4812 1250 4866 τοῦ
1277 4803 1600 4865 Ἀποστόλου
1629 4812 1718 4866 τὸν
1740 4816 1926 4866 ἐσταυο

343 4907 594 4979 ρωμένον
634 4905 1072 4976 κηρυττόμενον;
1122 4906 1438 4976 Ποιμαίνειν
1487 4905 1596 4977 γάρ
1634 4923 1798 4976 φησιν
1823 4905 1924 4976 τὴν

354 5000 688 5070 Ἐκκλησίαν
715 4999 810 5051 τοῦ
845 4997 1003 5062 Θεοῦ,
1040 4998 1106 5068 ἢν
1133 4999 1561 5069 περιεποιήσατο
1586 4998 1673 5051 διὰ
1700 4995 1796 5050 τοῦ
1837 4995 1920 5050 αἴ-

345 5108 519 5160 ματος
568 5091 662 5142 τοῦ
688 5091 842 5143 ίδίουο
881 5089 980 5158 οὐχ
1009 5090 1089 5142 ὅτι
1114 5093 1181 5160 τῇ
1202 5089 1360 5158 φύσει
1385 5092 1483 5160 τῆς
1514 5089 1764 5158 θεότητος
1785 5087 1921 5141 ἐπα-

344 5199 498 5250 σχεν,
525 5180 642 5233 ἀλλ’
668 5181 749 5234 ὅτι
785 5178 855 5231 τὰ
899 5178 999 5248 τῆς
1042 5179 1243 5249 σαρκὸς
1273 5177 1436 5232 αὑτοῦ
1465 5178 1612 5248 πάθη
1645 5180 1725 5242 είς
1761 5176 1922 5230 αὑτὸν

341 5273 704 5344 ἀναφέρεται,
725 5272 815 5324 διὰ
841 5271 904 5324 τὸ
935 5273 1008 5341 μὴ
1040 5269 1328 5340 ἀνθρώπου
1360 5271 1504 5335 τινὸς
1534 5266 1671 5325 εἶναι
1696 5270 1921 5340 ταύτην,

340 5368 460 5419 ἀλλ’
494 5365 663 5420 αὑτοῦ
697 5365 792 5418 τοῦ
837 5364 1007 5432 Λόγου
1046 5363 1182 5416 ίδίαν
1211 5364 1410 5434 σάρκα.
1447 5363 1510 5416 Et
1557 5363 1739 5415 τοίνυν
1787 5361 1924 5414 Θεοῦ

337 5454 484 5529 αἷμα
507 5459 568 5511 τὸ
598 5453 738 5528 αἷμα
765 5456 1004 5523 λέγεται,
1033 5455 1191 5524 δῆλον
1217 5457 1290 5521 ῶς
1316 5457 1448 5520 Θεὸς
1475 5451 1542 5527 ἦν
1570 5455 1748 5526 σάρκα
1770 5472 1926 5526 περι·

341 5555 621 5623 κείμενος.

873 5726 890 5754 ³
921 5726 1049 5782 ibid.
1081 5726 1170 5780 ‘25.

414 5735 432 5761 ’
461 5732 656 5794 Att.tt,
695 5728 786 5781 2i.
873 5726 890 5754 ³
921 5726 1049 5782 ibid.
1081 5726 1170 5780 ‘25.
1249 5727 1266 5757 "
1293 5725 1420 5782 ibid.
1462 5725 1548 5780 56.

1677 5724 1803 5781 ibid.
1841 5724 1927 5788 37,
1966 5722 2052 5777 53.

2027 4541 2080 4595 in
2113 4555 2220 4610 quo
2249 4554 2346 4593 vos
2368 4536 2606 4606 Spiritus
2633 4541 2862 4588 sanctus
2893 4526 3073 4600 posuit
3095 4525 3377 4593 episcopos
3410 4528 3598 4584 regere

2029 4609 2329 4687 Ecclesium
2376 4628 2494 4692 Dei,
2529 4641 2689 4696 quam
2736 4620 3034 4692 acquisivit
3069 4616 3334 4686 sanguine
3369 4627 3466 4665 suo
3497 4609 3538 4661 °.
3576 4625 3596 4658 ι

2031 4721 2227 4778 Audin”
2244 4723 2412 4776 Deum
2436 4717 2724 4776 manifeste
2741 4715 2808 4769 ab
2834 4709 3093 4783 Apostolo
3122 4705 3438 4760 crucifixum
3469 4715 3605 4768 prte-

2032 4815 2246 4871 dicari?
2281 4813 2490 4883 Regere
2523 4811 2668 4864 enim
2705 4806 2925 4862 mandat
2959 4800 3262 4857 Ecclesiatn
3299 4795 3414 4855 Dei,
3442 4807 3599 4860 quam

2033 4905 2324 4976 acquisivit
2349 4900 2612 4972 sanguine
2645 4914 2767 4962 suo,
2805 4911 2914 4951 non
2941 4893 3083 4963 quod
3119 4891 3170 4943 in
3209 4898 3397 4942 natura
3429 4883 3602 4935 deita-

2033 4974 2202 5054 tis_sit
2229 5009 2450 5066 passus,
2481 4992 2576 5047 sed
2617 4990 2745 5060 quia
2781 4987 2966 5044 carnis
3000 4981 3282 5053 passiones
3313 4975 3376 5028 ad
3425 4974 3600 5040 ipsum

2032 5063 2366 5155 referuntur,
2404 5095 2691 5158 propterea
2724 5079 2864 5151 quod
2912 5092 3016 5131 non
3049 5069 3285 5127 hominis
3325 5063 3603 5131 cujusdam

2031 5185 2147 5240 hac
2169 5183 2240 5238 sit
2268 5197 2419 5245 caro,
2455 5177 2548 5235 sed
2578 5176 2749 5246 ipsius
2774 5170 2935 5226 Verbi
2963 5164 3202 5236 propria.
3242 5159 3298 5214 Si
3327 5173 3455 5226 ergo
3477 5172 3604 5209 san-

2035 5277 2155 5346 guis
2199 5274 2295 5330 Dei
2341 5274 2536 5330 dicitur
2577 5267 2823 5336 sanguis,
2863 5263 3028 5316 Deum
3073 5257 3222 5312 illum
3283 5253 3472 5317 fuisse,
3515 5247 3606 5320 qui

2035 5370 2136 5424 sibi
2173 5382 2391 5424 carnem
2429 5363 2621 5426 induit,
2654 5357 2996 5428 exploratum
3033 5362 3139 5430 est.

2135 5717 2287 5774 'Act.
2320 5731 2414 5784 xx,
2449 5718 2536 5774 ‘18.
